  <div class='ocr_page' id='page_1' title='image "/cluster/home/n/w/nwhite01/storage/ocr_20150623/24/nnc1.0046978259/313.png"; bbox 0 0 3858 6214; ppageno 0'>
   <div class='ocr_carea' id='block_1_1' title="bbox 498 313 3740 384">
    <p class='ocr_par' dir='ltr' id='par_1_1' title="bbox 498 313 3740 384">
     <span class='ocr_line' id='line_1_1' title="bbox 498 313 3740 384; baseline -0.004 -3"><span class='ocrx_word' id='word_1_1' title='bbox 498 325 599 381; x_wconf 75' lang='grc'><strong>571</strong></span> <span class='ocrx_word' id='word_1_2' title='bbox 1121 381 1123 384; x_wconf 8' lang='grc' dir='ltr'><strong>γ</strong></span> <span class='ocrx_word' id='word_1_3' title='bbox 1193 315 1464 375; x_wconf 82' lang='lat' dir='ltr'><strong>EUSEBII</strong></span> <span class='ocrx_word' id='word_1_4' title='bbox 1503 316 1987 373; x_wconf 69' lang='lat' dir='ltr'><strong>C/ESARIENSIS</strong></span> <span class='ocrx_word' id='word_1_5' title='bbox 2022 317 2174 374; x_wconf 85' lang='lat' dir='ltr'><strong>OPP.</strong></span> <span class='ocrx_word' id='word_1_6' title='bbox 2217 319 2396 374; x_wconf 73' lang='lat' dir='ltr'><strong>PARS</strong></span> <span class='ocrx_word' id='word_1_7' title='bbox 2431 318 2518 374; x_wconf 88' lang='lat' dir='ltr'><strong>Ill.</strong></span> <span class='ocrx_word' id='word_1_8' title='bbox 2555 349 2624 359; x_wconf 92' lang='lat'>——</span> <span class='ocrx_word' id='word_1_9' title='bbox 2662 315 3071 372; x_wconf 80' lang='lat' dir='ltr'><strong>EXEGE’I‘ICA.</strong></span> <span class='ocrx_word' id='word_1_10' title='bbox 3637 313 3740 369; x_wconf 75' lang='lat'><strong>572</strong></span> 
     </span>
    </p>
   </div>
   <div class='ocr_carea' id='block_1_2' title="bbox 493 427 2066 505">
    <p class='ocr_par' dir='ltr' id='par_1_2' title="bbox 493 429 2066 501">
     <span class='ocr_line' id='line_1_2' title="bbox 493 429 2066 501; baseline -0.004 -6"><span class='ocrx_word' id='word_1_11' title='bbox 493 437 664 495; x_wconf 79' lang='lat' dir='ltr'><strong>divini</strong></span> <span class='ocrx_word' id='word_1_12' title='bbox 691 433 998 491; x_wconf 86' lang='lat' dir='ltr'><strong>Servatoris</strong></span> <span class='ocrx_word' id='word_1_13' title='bbox 1023 431 1517 488; x_wconf 78' lang='lat' dir='ltr'><strong>manifestationem</strong></span> <span class='ocrx_word' id='word_1_14' title='bbox 1539 431 1882 487; x_wconf 79' lang='lat' dir='ltr'><strong>exstiterunt.</strong></span> <span class='ocrx_word' id='word_1_15' title='bbox 1900 429 2066 501; x_wconf 80' lang='lat' dir='ltr'><strong>Atque</strong></span> 
     </span>
    </p>
   </div>
   <div class='ocr_carea' id='block_1_3' title="bbox 2176 427 3741 505">
    <p class='ocr_par' dir='ltr' id='par_1_3' title="bbox 2176 427 3741 505">
     <span class='ocr_line' id='line_1_3' title="bbox 2176 427 3741 505; baseline -0.003 -19"><span class='ocrx_word' id='word_1_16' title='bbox 2176 434 2302 497; x_wconf 79' lang='grc' dir='ltr'>τοὺς</span> <span class='ocrx_word' id='word_1_17' title='bbox 2341 434 2469 505; x_wconf 72' lang='grc' dir='ltr'>περὶ</span> <span class='ocrx_word' id='word_1_18' title='bbox 2498 433 2596 503; x_wconf 70' lang='grc' dir='ltr'>τὴν</span> <span class='ocrx_word' id='word_1_19' title='bbox 2624 433 2812 503; x_wconf 81' lang='grc' dir='ltr'><strong>τρίτην</strong></span> <span class='ocrx_word' id='word_1_20' title='bbox 2845 432 2975 494; x_wconf 82' lang='grc' dir='ltr'>τοὺς</span> <span class='ocrx_word' id='word_1_21' title='bbox 3013 431 3154 500; x_wconf 72' lang='grc' dir='ltr'>ἀμφὶ</span> <span class='ocrx_word' id='word_1_22' title='bbox 3187 428 3276 481; x_wconf 75' lang='grc' dir='ltr'><strong>τὸν</strong></span> <span class='ocrx_word' id='word_1_23' title='bbox 3313 427 3590 499; x_wconf 77' lang='grc' dir='ltr'>’Δϐραὰμο</span> <span class='ocrx_word' id='word_1_24' title='bbox 3618 430 3741 492; x_wconf 74' lang='grc' dir='ltr'>τοὺς</span> 
     </span>
    </p>
   </div>
   <div class='ocr_carea' id='block_1_4' title="bbox 499 519 2066 598">
    <p class='ocr_par' dir='ltr' id='par_1_4' title="bbox 499 523 2066 596">
     <span class='ocr_line' id='line_1_4' title="bbox 499 523 2066 596; baseline -0.004 -12"><span class='ocrx_word' id='word_1_25' title='bbox 499 531 602 585; x_wconf 90' lang='lat' dir='ltr'><strong>bos</strong></span> <span class='ocrx_word' id='word_1_26' title='bbox 629 542 820 583; x_wconf 89' lang='lat' dir='ltr'><strong>omnes</strong></span> <span class='ocrx_word' id='word_1_27' title='bbox 848 527 1041 596; x_wconf 87' lang='lat' dir='ltr'><strong>dig-nos</strong></span> <span class='ocrx_word' id='word_1_28' title='bbox 1061 540 1183 579; x_wconf 90' lang='lat' dir='ltr'><strong>esse</strong></span> <span class='ocrx_word' id='word_1_29' title='bbox 1212 525 1424 578; x_wconf 88' lang='lat' dir='ltr'><strong>habitos</strong></span> <span class='ocrx_word' id='word_1_30' title='bbox 1450 523 1593 576; x_wconf 89' lang='lat' dir='ltr'><strong>dicet</strong></span> <span class='ocrx_word' id='word_1_31' title='bbox 1623 537 1726 575; x_wconf 92' lang='lat' dir='ltr'><strong>una</strong></span> <span class='ocrx_word' id='word_1_32' title='bbox 1773 524 2066 593; x_wconf 81' lang='lat' dir='ltr'><strong>eademque</strong></span> 
     </span>
    </p>
   </div>
   <div class='ocr_carea' id='block_1_5' title="bbox 2176 519 3742 598">
    <p class='ocr_par' dir='ltr' id='par_1_5' title="bbox 2176 519 3742 598">
     <span class='ocr_line' id='line_1_5' title="bbox 2176 519 3742 598; baseline -0.006 -18"><span class='ocrx_word' id='word_1_33' title='bbox 2176 527 2225 580; x_wconf 85' lang='grc' dir='ltr'>δὲ</span> <span class='ocrx_word' id='word_1_34' title='bbox 2261 527 2388 598; x_wconf 78' lang='grc' dir='ltr'>περὶ</span> <span class='ocrx_word' id='word_1_35' title='bbox 2410 526 2505 597; x_wconf 84' lang='grc' dir='ltr'>τὴν</span> <span class='ocrx_word' id='word_1_36' title='bbox 2529 526 2696 596; x_wconf 72' lang='grc' dir='ltr'>ἕκτην</span> <span class='ocrx_word' id='word_1_37' title='bbox 2711 526 2835 587; x_wconf 73' lang='grc' dir='ltr'>τοὺς</span> <span class='ocrx_word' id='word_1_38' title='bbox 2867 522 3010 592; x_wconf 71' lang='grc' dir='ltr'>ἀμφὶ</span> <span class='ocrx_word' id='word_1_39' title='bbox 3042 520 3130 573; x_wconf 79' lang='grc' dir='ltr'><strong>τὸν</strong></span> <span class='ocrx_word' id='word_1_40' title='bbox 3157 521 3392 573; x_wconf 83' lang='grc' dir='ltr'>Μωῦσέα</span> <span class='ocrx_word' id='word_1_41' title='bbox 3415 520 3509 572; x_wconf 74' lang='grc' dir='ltr'><strong>καὶ</strong></span> <span class='ocrx_word' id='word_1_42' title='bbox 3539 519 3742 590; x_wconf 86' lang='grc' dir='ltr'>Ἰησοῦν</span> 
     </span>
    </p>
   </div>
   <div class='ocr_carea' id='block_1_6' title="bbox 497 610 2066 688">
    <p class='ocr_par' dir='ltr' id='par_1_6' title="bbox 497 613 2063 685">
     <span class='ocr_line' id='line_1_6' title="bbox 497 613 2063 685; baseline -0.002 -13"><span class='ocrx_word' id='word_1_43' title='bbox 497 619 768 682; x_wconf 82' lang='lat' dir='ltr'><strong>mercede,</strong></span> <span class='ocrx_word' id='word_1_44' title='bbox 801 616 1025 671; x_wconf 89' lang='lat' dir='ltr'><strong>denario</strong></span> <span class='ocrx_word' id='word_1_45' title='bbox 1069 613 1394 685; x_wconf 76' lang='lat' dir='ltr'><strong>signiﬁcata,</strong></span> <span class='ocrx_word' id='word_1_46' title='bbox 1443 613 1537 681; x_wconf 90' lang='lat' dir='ltr'><strong>qui</strong></span> <span class='ocrx_word' id='word_1_47' title='bbox 1593 613 1646 666; x_wconf 94' lang='lat' dir='ltr'><strong>in</strong></span> <span class='ocrx_word' id='word_1_48' title='bbox 1700 614 1793 668; x_wconf 88' lang='lat' dir='ltr'><strong>Dei</strong></span> <span class='ocrx_word' id='word_1_49' title='bbox 1839 629 2063 684; x_wconf 78' lang='lat' dir='ltr'><strong>regnum</strong></span> 
     </span>
    </p>
   </div>
   <div class='ocr_carea' id='block_1_7' title="bbox 2176 610 3743 688">
    <p class='ocr_par' dir='ltr' id='par_1_7' title="bbox 2176 610 3743 688">
     <span class='ocr_line' id='line_1_7' title="bbox 2176 610 3743 688; baseline -0.006 -18"><span class='ocrx_word' id='word_1_50' title='bbox 2176 617 2265 670; x_wconf 79' lang='grc' dir='ltr'>καὶ</span> <span class='ocrx_word' id='word_1_51' title='bbox 2303 617 2528 688; x_wconf 87' lang='grc' dir='ltr'>κριτάς·</span> <span class='ocrx_word' id='word_1_52' title='bbox 2574 617 2700 678; x_wconf 75' lang='grc' dir='ltr'>τοὺς</span> <span class='ocrx_word' id='word_1_53' title='bbox 2743 614 2800 666; x_wconf 85' lang='grc' dir='ltr'><strong>δέ</strong></span> <span class='ocrx_word' id='word_1_54' title='bbox 2832 613 2959 683; x_wconf 82' lang='grc' dir='ltr'>περὶ</span> <span class='ocrx_word' id='word_1_55' title='bbox 2990 612 3087 682; x_wconf 82' lang='grc' dir='ltr'><strong>τὴν</strong></span> <span class='ocrx_word' id='word_1_56' title='bbox 3116 611 3340 679; x_wconf 88' lang='grc' dir='ltr'>ἐννάτην</span> <span class='ocrx_word' id='word_1_57' title='bbox 3371 610 3494 673; x_wconf 80' lang='grc' dir='ltr'>τοὺς</span> <span class='ocrx_word' id='word_1_58' title='bbox 3534 612 3592 662; x_wconf 86' lang='grc' dir='ltr'><strong>ἐν</strong></span> <span class='ocrx_word' id='word_1_59' title='bbox 3631 614 3743 672; x_wconf 84' lang='grc' dir='ltr'>τοῖς</span> 
     </span>
    </p>
   </div>
   <div class='ocr_carea' id='block_1_8' title="bbox 499 703 2066 780">
    <p class='ocr_par' dir='ltr' id='par_1_8' title="bbox 499 709 868 764">
     <span class='ocr_line' id='line_1_8' title="bbox 499 709 868 764; baseline 0.003 -1"><span class='ocrx_word' id='word_1_60' title='bbox 499 709 868 764; x_wconf 66' lang='lat' dir='ltr'><strong>deferebatur.</strong></span> 
     </span>
    </p>
   </div>
   <div class='ocr_carea' id='block_1_9' title="bbox 2176 703 3746 780">
    <p class='ocr_par' dir='ltr' id='par_1_9' title="bbox 2176 703 3746 780">
     <span class='ocr_line' id='line_1_9' title="bbox 2176 703 3746 780; baseline -0.006 -18"><span class='ocrx_word' id='word_1_61' title='bbox 2176 709 2384 780; x_wconf 81' lang='grc' dir='ltr'><strong>χρόνοις</strong></span> <span class='ocrx_word' id='word_1_62' title='bbox 2413 708 2521 762; x_wconf 91' lang='grc' dir='ltr'><strong>τῶν</strong></span> <span class='ocrx_word' id='word_1_63' title='bbox 2554 707 2847 778; x_wconf 76' lang='grc' dir='ltr'><strong>προφητῶν</strong></span> <span class='ocrx_word' id='word_1_64' title='bbox 2869 724 2882 735; x_wconf 86' lang='grc'><strong>·</strong></span> <span class='ocrx_word' id='word_1_65' title='bbox 2911 708 3035 768; x_wconf 78' lang='grc' dir='ltr'>τοὺς</span> <span class='ocrx_word' id='word_1_66' title='bbox 3063 705 3119 756; x_wconf 83' lang='grc' dir='ltr'>δὲ</span> <span class='ocrx_word' id='word_1_67' title='bbox 3156 705 3284 774; x_wconf 71' lang='grc' dir='ltr'>περὶ</span> <span class='ocrx_word' id='word_1_68' title='bbox 3311 703 3406 774; x_wconf 82' lang='grc' dir='ltr'><strong>τὴν</strong></span> <span class='ocrx_word' id='word_1_69' title='bbox 3433 703 3746 773; x_wconf 77' lang='grc' dir='ltr'><strong>ἑνδεκάτην,</strong></span> 
     </span>
    </p>
   </div>
   <div class='ocr_carea' id='block_1_10' title="bbox 499 798 3749 876">
    <p class='ocr_par' dir='ltr' id='par_1_10' title="bbox 499 798 3749 876">
     <span class='ocr_line' id='line_1_10' title="bbox 499 798 3749 876; baseline -0.001 -20"><span class='ocrx_word' id='word_1_70' title='bbox 499 804 624 866; x_wconf 78' lang='grc' dir='ltr'>τοὺς</span> <span class='ocrx_word' id='word_1_71' title='bbox 654 802 790 873; x_wconf 88' lang='grc' dir='ltr'><strong>μετά</strong></span> <span class='ocrx_word' id='word_1_72' title='bbox 827 803 926 872; x_wconf 84' lang='grc' dir='ltr'><strong>τὴν</strong></span> <span class='ocrx_word' id='word_1_73' title='bbox 963 803 1227 874; x_wconf 87' lang='grc' dir='ltr'>σωτήριον</span> <span class='ocrx_word' id='word_1_74' title='bbox 1261 799 1576 868; x_wconf 85' lang='grc' dir='ltr'>θεοφάνειαν</span> <span class='ocrx_word' id='word_1_75' title='bbox 1597 816 1609 828; x_wconf 70' lang='grc'><strong>⁸</strong></span> <span class='ocrx_word' id='word_1_76' title='bbox 1647 798 1740 862; x_wconf 81' lang='grc' dir='ltr'><strong>οὒς</strong></span> <span class='ocrx_word' id='word_1_77' title='bbox 1769 800 1833 871; x_wconf 79' lang='grc' dir='ltr'>δὴ</span> <span class='ocrx_word' id='word_1_78' title='bbox 1866 800 2072 864; x_wconf 83' lang='grc' dir='ltr'>πάντας</span> <span class='ocrx_word' id='word_1_79' title='bbox 2101 804 2602 876; x_wconf 82' lang='grc' dir='ltr'>καταξιωθήσεσθαι</span> <span class='ocrx_word' id='word_1_80' title='bbox 2635 805 2750 868; x_wconf 82' lang='grc' dir='ltr'>ἐνὸς</span> <span class='ocrx_word' id='word_1_81' title='bbox 2777 803 2871 856; x_wconf 76' lang='grc' dir='ltr'><strong>καὶ</strong></span> <span class='ocrx_word' id='word_1_82' title='bbox 2902 801 2996 854; x_wconf 88' lang='grc' dir='ltr'><strong>τοῦ</strong></span> <span class='ocrx_word' id='word_1_83' title='bbox 3035 800 3197 855; x_wconf 83' lang='grc' dir='ltr'>αὑτοῦ</span> <span class='ocrx_word' id='word_1_84' title='bbox 3246 799 3436 870; x_wconf 88' lang='grc' dir='ltr'>μισθοῦ</span> <span class='ocrx_word' id='word_1_85' title='bbox 3459 799 3552 852; x_wconf 91' lang='grc' dir='ltr'><strong>τοῦ</strong></span> <span class='ocrx_word' id='word_1_86' title='bbox 3607 800 3749 853; x_wconf 83' lang='grc' dir='ltr'><strong>κατά</strong></span> 
     </span>
    </p>
   </div>
   <div class='ocr_carea' id='block_1_11' title="bbox 499 894 2582 970">
    <p class='ocr_par' dir='ltr' id='par_1_11' title="bbox 499 894 2582 970">
     <span class='ocr_line' id='line_1_11' title="bbox 499 894 2582 970; baseline 0.001 -19"><span class='ocrx_word' id='word_1_87' title='bbox 499 898 560 951; x_wconf 80' lang='grc' dir='ltr'>τὸ</span> <span class='ocrx_word' id='word_1_88' title='bbox 584 898 832 970; x_wconf 84' lang='grc' dir='ltr'><strong>δηνάριον</strong></span> <span class='ocrx_word' id='word_1_89' title='bbox 862 897 1250 968; x_wconf 85' lang='grc' dir='ltr'>δεδηλωμένου,</span> <span class='ocrx_word' id='word_1_90' title='bbox 1277 897 1412 966; x_wconf 78' lang='grc' dir='ltr'>ὅπερ</span> <span class='ocrx_word' id='word_1_91' title='bbox 1441 896 1520 958; x_wconf 90' lang='grc' dir='ltr'>εἰς</span> <span class='ocrx_word' id='word_1_92' title='bbox 1557 895 1654 965; x_wconf 82' lang='grc' dir='ltr'>τὴν</span> <span class='ocrx_word' id='word_1_93' title='bbox 1687 894 1777 947; x_wconf 88' lang='grc' dir='ltr'><strong>τοῦ</strong></span> <span class='ocrx_word' id='word_1_94' title='bbox 1809 895 1943 948; x_wconf 90' lang='grc' dir='ltr'>Θεοῦ</span> <span class='ocrx_word' id='word_1_95' title='bbox 1973 896 2246 966; x_wconf 86' lang='grc' dir='ltr'>βασιλείαν</span> <span class='ocrx_word' id='word_1_96' title='bbox 2273 901 2582 970; x_wconf 77' lang='grc' dir='ltr'>ἀνεφέρετο.</span> 
     </span>
    </p>
   </div>
   <div class='ocr_carea' id='block_1_12' title="bbox 2182 989 3751 1065">
    <p class='ocr_par' dir='ltr' id='par_1_12' title="bbox 2182 989 3751 1065">
     <span class='ocr_line' id='line_1_12' title="bbox 2182 989 3751 1065; baseline -0.004 -16"><span class='ocrx_word' id='word_1_97' title='bbox 2182 997 2264 1049; x_wconf 87' lang='grc' dir='ltr'><strong>Οὑ</strong></span> <span class='ocrx_word' id='word_1_98' title='bbox 2287 995 2373 1065; x_wconf 81' lang='grc' dir='ltr'>μή</span> <span class='ocrx_word' id='word_1_99' title='bbox 2397 1014 2472 1063; x_wconf 80' lang='grc' dir='ltr'><strong>με</strong></span> <span class='ocrx_word' id='word_1_100' title='bbox 2495 995 2663 1062; x_wconf 77' lang='grc' dir='ltr'>ἴδητε</span> <span class='ocrx_word' id='word_1_101' title='bbox 2699 995 2809 1060; x_wconf 79' lang='grc' dir='ltr'>ἕως</span> <span class='ocrx_word' id='word_1_102' title='bbox 2839 993 2917 1047; x_wconf 78' lang='grc' dir='ltr'><strong>ἂν</strong></span> <span class='ocrx_word' id='word_1_103' title='bbox 2942 992 3021 1065; x_wconf 10' lang='grc' dir='ltr'><strong>ἦξε</strong></span> <span class='ocrx_word' id='word_1_104' title='bbox 3027 1010 3062 1059; x_wconf 82' lang='grc' dir='ltr'>ῃ</span> <span class='ocrx_word' id='word_1_105' title='bbox 3085 990 3188 1065; x_wconf 66' lang='grc' dir='ltr'>ὅτε</span> <span class='ocrx_word' id='word_1_106' title='bbox 3210 989 3444 1065; x_wconf 43' lang='lat' dir='ltr'><strong>efren}?</strong></span> <span class='ocrx_word' id='word_1_107' title='bbox 3466 992 3751 1065; x_wconf 63' lang='lat'><strong>£61071]-</strong></span> 
     </span>
    </p>
   </div>
   <div class='ocr_carea' id='block_1_13' title="bbox 2347 1061 3567 1135">
    <p class='ocr_par' dir='ltr' id='par_1_13' title="bbox 2347 1061 3567 1135">
     <span class='ocr_line' id='line_1_13' title="bbox 2347 1061 3567 1135; baseline -0.007 -16"><span class='ocrx_word' id='word_1_108' title='bbox 2347 1061 2530 1135; x_wconf 68' lang='grc' dir='ltr'>μένος</span> <span class='ocrx_word' id='word_1_109' title='bbox 2557 1069 2589 1119; x_wconf 85' lang='grc' dir='ltr'><strong>ό</strong></span> <span class='ocrx_word' id='word_1_110' title='bbox 2617 1066 2938 1134; x_wconf 79' lang='grc' dir='ltr'>ἐρχόμενος</span> <span class='ocrx_word' id='word_1_111' title='bbox 2967 1063 3035 1115; x_wconf 82' lang='grc' dir='ltr'>ἐν</span> <span class='ocrx_word' id='word_1_112' title='bbox 3063 1062 3304 1128; x_wconf 79' lang='grc' dir='ltr'>ὀνόματι</span> <span class='ocrx_word' id='word_1_113' title='bbox 3331 1061 3567 1128; x_wconf 77' lang='grc' dir='ltr'><strong>Κυρίου.</strong></span> 
     </span>
    </p>
   </div>
   <div class='ocr_carea' id='block_1_14' title="bbox 569 1150 2066 1242">
    <p class='ocr_par' dir='ltr' id='par_1_14' title="bbox 569 1150 2066 1242">
     <span class='ocr_line' id='line_1_14' title="bbox 569 1150 2066 1242; baseline -0.001 -15"><span class='ocrx_word' id='word_1_114' title='bbox 569 1172 772 1242; x_wconf 85' lang='lat' dir='ltr'><strong>Nempe</strong></span> <span class='ocrx_word' id='word_1_115' title='bbox 811 1150 973 1226; x_wconf 88' lang='lat' dir='ltr'><strong>iidem</strong></span> <span class='ocrx_word' id='word_1_116' title='bbox 1019 1173 1295 1234; x_wconf 88' lang='lat' dir='ltr'><strong>homines,</strong></span> <span class='ocrx_word' id='word_1_117' title='bbox 1339 1171 1660 1238; x_wconf 85' lang='lat' dir='ltr'><strong>quibuscum</strong></span> <span class='ocrx_word' id='word_1_118' title='bbox 1723 1171 2066 1238; x_wconf 63' lang='lat' dir='ltr'><strong>praesentibus</strong></span> 
     </span>
    </p>
   </div>
   <div class='ocr_carea' id='block_1_15' title="bbox 2176 1150 3754 1242">
    <p class='ocr_par' dir='ltr' id='par_1_15' title="bbox 2246 1150 3754 1227">
     <span class='ocr_line' id='line_1_15' title="bbox 2246 1150 3754 1227; baseline -0.007 -16"><span class='ocrx_word' id='word_1_119' title='bbox 2246 1159 2408 1211; x_wconf 70' lang='grc' dir='ltr'>Αὐτοὶ</span> <span class='ocrx_word' id='word_1_120' title='bbox 2437 1158 2546 1227; x_wconf 81' lang='grc' dir='ltr'>γὰρ</span> <span class='ocrx_word' id='word_1_121' title='bbox 2579 1159 2806 1220; x_wconf 85' lang='grc' dir='ltr'>ἐκεῖνοι,</span> <span class='ocrx_word' id='word_1_122' title='bbox 2847 1151 2928 1219; x_wconf 78' lang='grc' dir='ltr'><strong>οἷς</strong></span> <span class='ocrx_word' id='word_1_123' title='bbox 2957 1155 3075 1206; x_wconf 89' lang='grc' dir='ltr'>τότε</span> <span class='ocrx_word' id='word_1_124' title='bbox 3102 1153 3295 1224; x_wconf 87' lang='grc' dir='ltr'>παρὼν</span> <span class='ocrx_word' id='word_1_125' title='bbox 3324 1151 3555 1221; x_wconf 80' lang='grc' dir='ltr'>παροῦσι</span> <span class='ocrx_word' id='word_1_126' title='bbox 3588 1150 3754 1204; x_wconf 86' lang='grc' dir='ltr'>διελέ-</span> 
     </span>
    </p>
   </div>
   <div class='ocr_carea' id='block_1_16' title="bbox 498 1241 2066 1332">
    <p class='ocr_par' dir='ltr' id='par_1_16' title="bbox 498 1260 2066 1332">
     <span class='ocr_line' id='line_1_16' title="bbox 498 1260 2066 1332; baseline 0.001 -17"><span class='ocrx_word' id='word_1_127' title='bbox 498 1279 735 1332; x_wconf 69' lang='lat' dir='ltr'><strong>praasens</strong></span> <span class='ocrx_word' id='word_1_128' title='bbox 768 1263 880 1332; x_wconf 89' lang='lat' dir='ltr'><strong>ipse</strong></span> <span class='ocrx_word' id='word_1_129' title='bbox 912 1262 1254 1330; x_wconf 77' lang='lat' dir='ltr'><strong>loquebatur,</strong></span> <span class='ocrx_word' id='word_1_130' title='bbox 1287 1260 1469 1315; x_wconf 89' lang='lat' dir='ltr'><strong>statim</strong></span> <span class='ocrx_word' id='word_1_131' title='bbox 1501 1273 1562 1312; x_wconf 90' lang='lat' dir='ltr'><strong>ac</strong></span> <span class='ocrx_word' id='word_1_132' title='bbox 1591 1275 1712 1313; x_wconf 91' lang='lat' dir='ltr'><strong>eum</strong></span> <span class='ocrx_word' id='word_1_133' title='bbox 1744 1261 1923 1315; x_wconf 88' lang='lat' dir='ltr'><strong>divina</strong></span> <span class='ocrx_word' id='word_1_134' title='bbox 1948 1278 2066 1316; x_wconf 89' lang='lat' dir='ltr'><strong>cum</strong></span> 
     </span>
    </p>
   </div>
   <div class='ocr_carea' id='block_1_17' title="bbox 2176 1241 3757 1332">
    <p class='ocr_par' dir='ltr' id='par_1_17' title="bbox 2176 1241 3757 1319">
     <span class='ocr_line' id='line_1_17' title="bbox 2176 1241 3757 1319; baseline -0.007 -16"><span class='ocrx_word' id='word_1_135' title='bbox 2176 1268 2326 1319; x_wconf 75' lang='grc' dir='ltr'>γετο,</span> <span class='ocrx_word' id='word_1_136' title='bbox 2351 1249 2612 1319; x_wconf 87' lang='grc' dir='ltr'>θεώμενοι</span> <span class='ocrx_word' id='word_1_137' title='bbox 2641 1248 2800 1302; x_wconf 84' lang='grc' dir='ltr'>αὐτὸν</span> <span class='ocrx_word' id='word_1_138' title='bbox 2829 1247 2967 1318; x_wconf 87' lang='grc' dir='ltr'><strong>μετά</strong></span> <span class='ocrx_word' id='word_1_139' title='bbox 2991 1247 3089 1316; x_wconf 80' lang='grc' dir='ltr'><strong>τῆς</strong></span> <span class='ocrx_word' id='word_1_140' title='bbox 3116 1245 3298 1298; x_wconf 93' lang='grc' dir='ltr'>ἐνθέου</span> <span class='ocrx_word' id='word_1_141' title='bbox 3327 1241 3502 1312; x_wconf 79' lang='grc' dir='ltr'>δόξης,</span> <span class='ocrx_word' id='word_1_142' title='bbox 3533 1241 3630 1295; x_wconf 60' lang='grc' dir='ltr'><strong>καί⁵</strong></span> <span class='ocrx_word' id='word_1_143' title='bbox 3657 1242 3757 1293; x_wconf 76' lang='grc' dir='ltr'><strong>σὺν</strong></span> 
     </span>
    </p>
   </div>
   <div class='ocr_carea' id='block_1_18' title="bbox 501 1331 2066 1421">
    <p class='ocr_par' dir='ltr' id='par_1_18' title="bbox 501 1349 2066 1421">
     <span class='ocr_line' id='line_1_18' title="bbox 501 1349 2066 1421; baseline 0.001 -17"><span class='ocrx_word' id='word_1_144' title='bbox 501 1353 674 1421; x_wconf 84' lang='lat' dir='ltr'><strong>gloria</strong></span> <span class='ocrx_word' id='word_1_145' title='bbox 732 1362 892 1419; x_wconf 85' lang='lat' dir='ltr'><strong>alque</strong></span> <span class='ocrx_word' id='word_1_146' title='bbox 951 1350 1266 1420; x_wconf 85' lang='lat' dir='ltr'><strong>angelorum</strong></span> <span class='ocrx_word' id='word_1_147' title='bbox 1324 1349 1582 1402; x_wconf 86' lang='lat' dir='ltr'><strong>comitatu</strong></span> <span class='ocrx_word' id='word_1_148' title='bbox 1641 1349 1946 1404; x_wconf 77' lang='lat' dir='ltr'><strong>venientem</strong></span> <span class='ocrx_word' id='word_1_149' title='bbox 2004 1352 2066 1406; x_wconf 88' lang='lat' dir='ltr'><strong>de</strong></span> 
     </span>
    </p>
   </div>
   <div class='ocr_carea' id='block_1_19' title="bbox 2176 1331 3758 1421">
    <p class='ocr_par' dir='ltr' id='par_1_19' title="bbox 2180 1331 3758 1411">
     <span class='ocr_line' id='line_1_19' title="bbox 2180 1331 3758 1411; baseline -0.008 -17"><span class='ocrx_word' id='word_1_150' title='bbox 2180 1341 2425 1409; x_wconf 85' lang='grc' dir='ltr'>ἀγγέλων</span> <span class='ocrx_word' id='word_1_151' title='bbox 2462 1339 2756 1411; x_wconf 75' lang='grc' dir='ltr'>δορυφορίᾳ</span> <span class='ocrx_word' id='word_1_152' title='bbox 2781 1338 3072 1410; x_wconf 80' lang='grc' dir='ltr'>ἐρχόμενον</span> <span class='ocrx_word' id='word_1_153' title='bbox 3093 1335 3150 1401; x_wconf 84' lang='grc' dir='ltr'><strong>ἐξ</strong></span> <span class='ocrx_word' id='word_1_154' title='bbox 3177 1334 3437 1406; x_wconf 80' lang='grc' dir='ltr'>οὐρανῶν,</span> <span class='ocrx_word' id='word_1_155' title='bbox 3471 1331 3758 1402; x_wconf 81' lang='grc' dir='ltr'>ὁμολογεῖν</span> 
     </span>
    </p>
   </div>
   <div class='ocr_carea' id='block_1_20' title="bbox 497 1423 2066 1512">
    <p class='ocr_par' dir='ltr' id='par_1_20' title="bbox 497 1441 2066 1512">
     <span class='ocr_line' id='line_1_20' title="bbox 497 1441 2066 1512; baseline -0.001 -14"><span class='ocrx_word' id='word_1_156' title='bbox 497 1445 636 1498; x_wconf 78' lang='lat' dir='ltr'><strong>ctelo</strong></span> <span class='ocrx_word' id='word_1_157' title='bbox 670 1444 926 1506; x_wconf 77' lang='lat' dir='ltr'><strong>viderint,</strong></span> <span class='ocrx_word' id='word_1_158' title='bbox 965 1451 1226 1512; x_wconf 81' lang='lat' dir='ltr'><strong>cogentur</strong></span> <span class='ocrx_word' id='word_1_159' title='bbox 1289 1457 1410 1496; x_wconf 91' lang='lat' dir='ltr'><strong>eum</strong></span> <span class='ocrx_word' id='word_1_160' title='bbox 1457 1441 1701 1493; x_wconf 84' lang='lat' dir='ltr'><strong>conﬁteri</strong></span> <span class='ocrx_word' id='word_1_161' title='bbox 1731 1441 2066 1496; x_wconf 86' lang='lat' dir='ltr'><strong>benedictum</strong></span> 
     </span>
    </p>
   </div>
   <div class='ocr_carea' id='block_1_21' title="bbox 2176 1423 3758 1512">
    <p class='ocr_par' dir='ltr' id='par_1_21' title="bbox 2180 1423 3758 1502">
     <span class='ocr_line' id='line_1_21' title="bbox 2180 1423 3758 1502; baseline -0.007 -18"><span class='ocrx_word' id='word_1_162' title='bbox 2180 1430 2683 1502; x_wconf 80' lang='grc' dir='ltr'>ἀναγκασθήσονται</span> <span class='ocrx_word' id='word_1_163' title='bbox 2731 1429 2891 1482; x_wconf 80' lang='grc' dir='ltr'>αὑτὸν</span> <span class='ocrx_word' id='word_1_164' title='bbox 2935 1423 3073 1480; x_wconf 76' lang='grc' dir='ltr'>εἶναι</span> <span class='ocrx_word' id='word_1_165' title='bbox 3112 1426 3202 1478; x_wconf 85' lang='grc' dir='ltr'><strong>τὸν</strong></span> <span class='ocrx_word' id='word_1_166' title='bbox 3248 1423 3614 1494; x_wconf 76' lang='grc' dir='ltr'>εὐλογημένον</span> <span class='ocrx_word' id='word_1_167' title='bbox 3668 1423 3758 1474; x_wconf 72' lang='grc' dir='ltr'><strong>τὸν</strong></span> 
     </span>
    </p>
   </div>
   <div class='ocr_carea' id='block_1_22' title="bbox 498 1511 2066 1602">
    <p class='ocr_par' dir='ltr' id='par_1_22' title="bbox 498 1533 1667 1602">
     <span class='ocr_line' id='line_1_22' title="bbox 498 1533 1667 1602; baseline 0.003 -14"><span class='ocrx_word' id='word_1_168' title='bbox 498 1536 588 1602; x_wconf 90' lang='lat' dir='ltr'><strong>qui</strong></span> <span class='ocrx_word' id='word_1_169' title='bbox 619 1535 760 1589; x_wconf 82' lang='lat' dir='ltr'><strong>venit</strong></span> <span class='ocrx_word' id='word_1_170' title='bbox 791 1536 844 1589; x_wconf 92' lang='lat' dir='ltr'><strong>in</strong></span> <span class='ocrx_word' id='word_1_171' title='bbox 869 1537 1086 1589; x_wconf 89' lang='lat' dir='ltr'><strong>nomine</strong></span> <span class='ocrx_word' id='word_1_172' title='bbox 1123 1533 1329 1586; x_wconf 91' lang='lat' dir='ltr'><strong>Domini</strong></span> <span class='ocrx_word' id='word_1_173' title='bbox 1362 1533 1537 1591; x_wconf 84' lang='lat' dir='ltr'><strong>Patris</strong></span> <span class='ocrx_word' id='word_1_174' title='bbox 1565 1538 1667 1591; x_wconf 87' lang='lat' dir='ltr'><strong>sui.</strong></span> 
     </span>
    </p>
   </div>
   <div class='ocr_carea' id='block_1_23' title="bbox 2176 1511 3647 1602">
    <p class='ocr_par' dir='ltr' id='par_1_23' title="bbox 2180 1511 3647 1594">
     <span class='ocr_line' id='line_1_23' title="bbox 2180 1511 3647 1594; baseline -0.007 -19"><span class='ocrx_word' id='word_1_175' title='bbox 2180 1522 2471 1594; x_wconf 80' lang='grc' dir='ltr'>ἐρχόμενον</span> <span class='ocrx_word' id='word_1_176' title='bbox 2497 1523 2554 1573; x_wconf 93' lang='grc' dir='ltr'><strong>ἐν</strong></span> <span class='ocrx_word' id='word_1_177' title='bbox 2588 1519 2809 1590; x_wconf 78' lang='grc' dir='ltr'>ὀνόματι</span> <span class='ocrx_word' id='word_1_178' title='bbox 2834 1517 3037 1588; x_wconf 80' lang='grc' dir='ltr'>Κυρίου</span> <span class='ocrx_word' id='word_1_179' title='bbox 3070 1515 3162 1568; x_wconf 91' lang='grc' dir='ltr'><strong>τοῦ</strong></span> <span class='ocrx_word' id='word_1_180' title='bbox 3195 1513 3386 1568; x_wconf 87' lang='grc' dir='ltr'>ἐαυτοῦ</span> <span class='ocrx_word' id='word_1_181' title='bbox 3412 1511 3647 1583; x_wconf 82' lang='grc' dir='ltr'><strong>Πατρός.</strong></span> 
     </span>
    </p>
   </div>
   <div class='ocr_carea' id='block_1_24' title="bbox 499 1606 2066 1698">
    <p class='ocr_par' dir='ltr' id='par_1_24' title="bbox 499 1625 2066 1698">
     <span class='ocr_line' id='line_1_24' title="bbox 499 1625 2066 1698; baseline -0.003 -15"><span class='ocrx_word' id='word_1_182' title='bbox 499 1630 542 1660; x_wconf 75' lang='grc'><strong>³³</strong></span> <span class='ocrx_word' id='word_1_183' title='bbox 579 1630 752 1683; x_wconf 85' lang='lat' dir='ltr'><strong>Homo</strong></span> <span class='ocrx_word' id='word_1_184' title='bbox 786 1627 1001 1697; x_wconf 84' lang='lat' dir='ltr'><strong>quidam</strong></span> <span class='ocrx_word' id='word_1_185' title='bbox 1049 1625 1172 1693; x_wconf 81' lang='lat' dir='ltr'><strong>fecit</strong></span> <span class='ocrx_word' id='word_1_186' title='bbox 1215 1639 1414 1698; x_wconf 63' lang='lat' dir='ltr'><strong>caenam</strong></span> <span class='ocrx_word' id='word_1_187' title='bbox 1462 1629 1744 1698; x_wconf 68' lang='lat' dir='ltr'><strong>magnam,</strong></span> <span class='ocrx_word' id='word_1_188' title='bbox 1789 1635 1838 1681; x_wconf 88' lang='lat' dir='ltr'><strong>et</strong></span> <span class='ocrx_word' id='word_1_189' title='bbox 1872 1627 2066 1681; x_wconf 82' lang='lat' dir='ltr'><strong>vocavit</strong></span> 
     </span>
    </p>
   </div>
   <div class='ocr_carea' id='block_1_25' title="bbox 2176 1606 3324 1698">
    <p class='ocr_par' dir='ltr' id='par_1_25' title="bbox 2182 1606 3324 1698">
     <span class='ocr_line' id='line_1_25' title="bbox 2182 1606 3324 1698; baseline -0.009 -30"><span class='ocrx_word' id='word_1_190' title='bbox 2182 1615 2240 1668; x_wconf 77' lang='grc' dir='ltr'>Ἀ</span> <span class='ocrx_word' id='word_1_191' title='bbox 2248 1614 2480 1682; x_wconf 69' lang='grc' dir='ltr'>νθρωπό</span> <span class='ocrx_word' id='word_1_192' title='bbox 2485 1633 2512 1678; x_wconf 83' lang='grc' dir='ltr'><strong>ς</strong></span> <span class='ocrx_word' id='word_1_193' title='bbox 2534 1630 2624 1677; x_wconf 82' lang='grc' dir='ltr'><strong>τις</strong></span> <span class='ocrx_word' id='word_1_194' title='bbox 2637 1608 3148 1698; x_wconf 47' lang='grc' dir='ltr'>ἐποίησαῖδεςῖπγιρῖς</span> <span class='ocrx_word' id='word_1_195' title='bbox 3173 1606 3324 1676; x_wconf 68' lang='grc' dir='ltr'>μέγα</span> 
     </span>
    </p>
   </div>
   <div class='ocr_carea' id='block_1_26' title="bbox 1174 1678 2066 1764">
    <p class='ocr_par' dir='ltr' id='par_1_26' title="bbox 1174 1678 2062 1748">
     <span class='ocr_line' id='line_1_26' title="bbox 1174 1678 2062 1748; baseline 0 -2"><span class='ocrx_word' id='word_1_196' title='bbox 1174 1695 1391 1748; x_wconf 83' lang='lat' dir='ltr'><strong>multos.</strong></span> <span class='ocrx_word' id='word_1_197' title='bbox 1793 1678 1830 1681; x_wconf 33' lang='grc' dir='ltr'><strong>Γ</strong></span> 
     </span>
    </p>
   </div>
   <div class='ocr_carea' id='block_1_27' title="bbox 2176 1678 3172 1764">
    <p class='ocr_par' dir='ltr' id='par_1_27' title="bbox 2315 1678 3172 1747">
     <span class='ocr_line' id='line_1_27' title="bbox 2315 1678 3172 1747; baseline -0.007 -12"><span class='ocrx_word' id='word_1_198' title='bbox 2315 1678 2327 1682; x_wconf 58' lang='grc'><em>”</em></span> <span class='ocrx_word' id='word_1_199' title='bbox 2738 1680 3006 1743; x_wconf 70' lang='grc' dir='ltr'>πολλοὺς</span> <span class='ocrx_word' id='word_1_200' title='bbox 3039 1678 3172 1747; x_wconf 69' lang='grc'><strong>(6-4).</strong></span> 
     </span>
    </p>
   </div>
   <div class='ocr_carea' id='block_1_28' title="bbox 504 1010 2082 1079">
    <p class='ocr_par' dir='ltr' id='par_1_28' title="bbox 504 1010 2082 1079">
     <span class='ocr_line' id='line_1_28' title="bbox 504 1010 2082 1079; baseline 0 -12"><span class='ocrx_word' id='word_1_201' title='bbox 504 1015 548 1046; x_wconf 84' lang='grc'><strong>¹⁰</strong></span> <span class='ocrx_word' id='word_1_202' title='bbox 590 1010 712 1067; x_wconf 88' lang='lat' dir='ltr'><strong>Non</strong></span> <span class='ocrx_word' id='word_1_203' title='bbox 746 1029 826 1066; x_wconf 87' lang='lat' dir='ltr'><strong>me</strong></span> <span class='ocrx_word' id='word_1_204' title='bbox 857 1013 1120 1074; x_wconf 81' lang='lat' dir='ltr'><strong>videbitis,</strong></span> <span class='ocrx_word' id='word_1_205' title='bbox 1149 1012 1313 1064; x_wconf 71' lang='lat' dir='ltr'><strong>donec</strong></span> <span class='ocrx_word' id='word_1_206' title='bbox 1342 1011 1512 1063; x_wconf 84' lang='lat' dir='ltr'><strong>ueniat</strong></span> <span class='ocrx_word' id='word_1_207' title='bbox 1547 1025 1662 1079; x_wconf 81' lang='lat' dir='ltr'><strong>cum</strong></span> <span class='ocrx_word' id='word_1_208' title='bbox 1685 1011 1890 1079; x_wconf 77' lang='lat' dir='ltr'><strong>dicetis,</strong></span> <span class='ocrx_word' id='word_1_209' title='bbox 1913 1011 2082 1067; x_wconf 84' lang='lat' dir='ltr'><strong>Bene-</strong></span> 
     </span>
    </p>
   </div>
   <div class='ocr_carea' id='block_1_29' title="bbox 743 1078 1822 1152">
    <p class='ocr_par' dir='ltr' id='par_1_29' title="bbox 743 1078 1822 1152">
     <span class='ocr_line' id='line_1_29' title="bbox 743 1078 1822 1152; baseline -0.001 -17"><span class='ocrx_word' id='word_1_210' title='bbox 743 1084 913 1135; x_wconf 82' lang='lat' dir='ltr'><strong>dictus</strong></span> <span class='ocrx_word' id='word_1_211' title='bbox 939 1084 1028 1152; x_wconf 87' lang='lat' dir='ltr'><strong>qui</strong></span> <span class='ocrx_word' id='word_1_212' title='bbox 1068 1082 1204 1135; x_wconf 81' lang='lat' dir='ltr'><strong>venit</strong></span> <span class='ocrx_word' id='word_1_213' title='bbox 1247 1081 1302 1133; x_wconf 88' lang='lat' dir='ltr'><strong>in</strong></span> <span class='ocrx_word' id='word_1_214' title='bbox 1346 1081 1551 1132; x_wconf 82' lang='lat' dir='ltr'><strong>nomine</strong></span> <span class='ocrx_word' id='word_1_215' title='bbox 1583 1078 1822 1134; x_wconf 78' lang='lat' dir='ltr'><strong>Domini.</strong></span> 
     </span>
    </p>
   </div>
   <div class='ocr_carea' id='block_1_30' title="bbox 3331 1602 3762 1671">
    <p class='ocr_par' dir='ltr' id='par_1_30' title="bbox 3331 1602 3762 1671">
     <span class='ocr_line' id='line_1_30' title="bbox 3331 1602 3762 1671; baseline -0.016 -12"><span class='ocrx_word' id='word_1_216' title='bbox 3331 1647 3345 1671; x_wconf 91' lang='lat'><strong>,</strong></span> <span class='ocrx_word' id='word_1_217' title='bbox 3368 1605 3464 1658; x_wconf 76' lang='grc' dir='ltr'>καὶ</span> <span class='ocrx_word' id='word_1_218' title='bbox 3494 1602 3762 1657; x_wconf 63' lang='grc' dir='ltr'>ἐκάλεσε</span> 
     </span>
    </p>
   </div>
   <div class='ocr_carea' id='block_1_31' title="bbox 568 1782 2069 1855">
    <p class='ocr_par' dir='ltr' id='par_1_31' title="bbox 568 1782 2069 1855">
     <span class='ocr_line' id='line_1_31' title="bbox 568 1782 2069 1855; baseline -0.001 -16"><span class='ocrx_word' id='word_1_219' title='bbox 568 1785 789 1839; x_wconf 85' lang='lat' dir='ltr'><strong>Diversa</strong></span> <span class='ocrx_word' id='word_1_220' title='bbox 824 1795 908 1839; x_wconf 91' lang='lat' dir='ltr'><strong>est</strong></span> <span class='ocrx_word' id='word_1_221' title='bbox 937 1785 1051 1838; x_wconf 65' lang='lat' dir='ltr'><strong>haec</strong></span> <span class='ocrx_word' id='word_1_222' title='bbox 1083 1782 1336 1852; x_wconf 84' lang='lat' dir='ltr'><strong>parabola</strong></span> <span class='ocrx_word' id='word_1_223' title='bbox 1367 1785 1434 1838; x_wconf 93' lang='lat' dir='ltr'><strong>ab</strong></span> <span class='ocrx_word' id='word_1_224' title='bbox 1473 1801 1535 1841; x_wconf 87' lang='lat' dir='ltr'><strong>ea</strong></span> <span class='ocrx_word' id='word_1_225' title='bbox 1569 1802 1730 1855; x_wconf 88' lang='lat' dir='ltr'><strong>quam</strong></span> <span class='ocrx_word' id='word_1_226' title='bbox 1781 1786 2069 1839; x_wconf 68' lang='lat' dir='ltr'><strong>Matthazus</strong></span> 
     </span>
    </p>
   </div>
   <div class='ocr_carea' id='block_1_32' title="bbox 496 1875 2070 1948">
    <p class='ocr_par' dir='ltr' id='par_1_32' title="bbox 496 1875 2070 1948">
     <span class='ocr_line' id='line_1_32' title="bbox 496 1875 2070 1948; baseline -0.003 -14"><span class='ocrx_word' id='word_1_227' title='bbox 496 1878 686 1934; x_wconf 76' lang='lat' dir='ltr'><strong>scribit</strong></span> <span class='ocrx_word' id='word_1_228' title='bbox 725 1879 789 1932; x_wconf 82' lang='lat'><strong>&quot;.</strong></span> <span class='ocrx_word' id='word_1_229' title='bbox 824 1877 898 1931; x_wconf 88' lang='lat' dir='ltr'><strong>lbi</strong></span> <span class='ocrx_word' id='word_1_230' title='bbox 937 1875 1082 1930; x_wconf 90' lang='lat' dir='ltr'><strong>enim</strong></span> <span class='ocrx_word' id='word_1_231' title='bbox 1139 1890 1254 1938; x_wconf 81' lang='lat' dir='ltr'><strong>rex,</strong></span> <span class='ocrx_word' id='word_1_232' title='bbox 1307 1877 1612 1946; x_wconf 66' lang='lat' dir='ltr'><strong>nuptimqtte</strong></span> <span class='ocrx_word' id='word_1_233' title='bbox 1659 1879 1750 1931; x_wconf 81' lang='lat' dir='ltr'><strong>lilii</strong></span> <span class='ocrx_word' id='word_1_234' title='bbox 1803 1877 1961 1948; x_wconf 80' lang='lat' dir='ltr'><strong>regii,</strong></span> <span class='ocrx_word' id='word_1_235' title='bbox 2015 1887 2070 1930; x_wconf 90' lang='lat' dir='ltr'><strong>et</strong></span> 
     </span>
    </p>
   </div>
   <div class='ocr_carea' id='block_1_33' title="bbox 498 1967 2066 2035">
    <p class='ocr_par' dir='ltr' id='par_1_33' title="bbox 498 1967 2066 2035">
     <span class='ocr_line' id='line_1_33' title="bbox 498 1967 2066 2035; baseline -0.002 -13"><span class='ocrx_word' id='word_1_236' title='bbox 498 1978 784 2024; x_wconf 84' lang='lat' dir='ltr'><strong>vocatores</strong></span> <span class='ocrx_word' id='word_1_237' title='bbox 827 1967 982 2020; x_wconf 89' lang='lat' dir='ltr'><strong>multi</strong></span> <span class='ocrx_word' id='word_1_238' title='bbox 1026 1975 1170 2031; x_wconf 82' lang='lat' dir='ltr'><strong>sunt,</strong></span> <span class='ocrx_word' id='word_1_239' title='bbox 1206 1975 1260 2018; x_wconf 89' lang='lat' dir='ltr'><strong>et</strong></span> <span class='ocrx_word' id='word_1_240' title='bbox 1292 1969 1466 2020; x_wconf 87' lang='lat' dir='ltr'><strong>vocati</strong></span> <span class='ocrx_word' id='word_1_241' title='bbox 1501 1984 1603 2022; x_wconf 92' lang='lat' dir='ltr'><strong>non</strong></span> <span class='ocrx_word' id='word_1_242' title='bbox 1636 1969 1881 2032; x_wconf 91' lang='lat' dir='ltr'><strong>iverunt,</strong></span> <span class='ocrx_word' id='word_1_243' title='bbox 1937 1969 2066 2035; x_wconf 91' lang='lat' dir='ltr'><strong>quin</strong></span> 
     </span>
    </p>
   </div>
   <div class='ocr_carea' id='block_1_34' title="bbox 498 2056 2068 2124">
    <p class='ocr_par' dir='ltr' id='par_1_34' title="bbox 498 2056 2068 2124">
     <span class='ocr_line' id='line_1_34' title="bbox 498 2056 2068 2124; baseline -0.003 -10"><span class='ocrx_word' id='word_1_244' title='bbox 498 2060 610 2114; x_wconf 88' lang='lat' dir='ltr'><strong>imo</strong></span> <span class='ocrx_word' id='word_1_245' title='bbox 637 2073 825 2114; x_wconf 87' lang='lat' dir='ltr'><strong>servos</strong></span> <span class='ocrx_word' id='word_1_246' title='bbox 852 2057 1191 2112; x_wconf 91' lang='lat' dir='ltr'><strong>contumeliis</strong></span> <span class='ocrx_word' id='word_1_247' title='bbox 1217 2056 1440 2112; x_wconf 77' lang='lat' dir='ltr'><strong>affectos</strong></span> <span class='ocrx_word' id='word_1_248' title='bbox 1465 2059 1802 2124; x_wconf 90' lang='lat' dir='ltr'><strong>occiderunt,</strong></span> <span class='ocrx_word' id='word_1_249' title='bbox 1838 2065 1892 2112; x_wconf 91' lang='lat' dir='ltr'><strong>et</strong></span> <span class='ocrx_word' id='word_1_250' title='bbox 1915 2073 2068 2111; x_wconf 77' lang='lat' dir='ltr'><strong>exer-</strong></span> 
     </span>
    </p>
   </div>
   <div class='ocr_carea' id='block_1_35' title="bbox 496 2150 2074 2213">
    <p class='ocr_par' dir='ltr' id='par_1_35' title="bbox 496 2150 2074 2213">
     <span class='ocr_line' id='line_1_35' title="bbox 496 2150 2074 2213; baseline -0.003 -7"><span class='ocrx_word' id='word_1_251' title='bbox 496 2152 640 2207; x_wconf 83' lang='lat' dir='ltr'><strong>citus</strong></span> <span class='ocrx_word' id='word_1_252' title='bbox 693 2160 1066 2206; x_wconf 89' lang='lat' dir='ltr'><strong>commovetur</strong></span> <span class='ocrx_word' id='word_1_253' title='bbox 1120 2151 1173 2204; x_wconf 93' lang='lat' dir='ltr'><strong>in</strong></span> <span class='ocrx_word' id='word_1_254' title='bbox 1222 2166 1504 2208; x_wconf 89' lang='lat' dir='ltr'><strong>servorum</strong></span> <span class='ocrx_word' id='word_1_255' title='bbox 1563 2150 1968 2213; x_wconf 81' lang='lat' dir='ltr'><strong>interfectores,</strong></span> <span class='ocrx_word' id='word_1_256' title='bbox 2017 2160 2074 2202; x_wconf 91' lang='lat' dir='ltr'><strong>et</strong></span> 
     </span>
    </p>
   </div>
   <div class='ocr_carea' id='block_1_36' title="bbox 496 2241 2070 2313">
    <p class='ocr_par' dir='ltr' id='par_1_36' title="bbox 496 2241 2070 2313">
     <span class='ocr_line' id='line_1_36' title="bbox 496 2241 2070 2313; baseline 0 -18"><span class='ocrx_word' id='word_1_257' title='bbox 496 2243 720 2313; x_wconf 86' lang='lat' dir='ltr'><strong>quidam</strong></span> <span class='ocrx_word' id='word_1_258' title='bbox 783 2243 852 2297; x_wconf 93' lang='lat' dir='ltr'><strong>ob</strong></span> <span class='ocrx_word' id='word_1_259' title='bbox 913 2253 1113 2298; x_wconf 83' lang='lat' dir='ltr'><strong>vestem</strong></span> <span class='ocrx_word' id='word_1_260' title='bbox 1182 2245 1456 2299; x_wconf 87' lang='lat' dir='ltr'><strong>sordidam</strong></span> <span class='ocrx_word' id='word_1_261' title='bbox 1527 2241 1753 2310; x_wconf 87' lang='lat' dir='ltr'><strong>nuptiali</strong></span> <span class='ocrx_word' id='word_1_262' title='bbox 1822 2242 2070 2296; x_wconf 73' lang='lat' dir='ltr'><strong>convivio</strong></span> 
     </span>
    </p>
   </div>
   <div class='ocr_carea' id='block_1_37' title="bbox 498 2333 2072 2403">
    <p class='ocr_par' dir='ltr' id='par_1_37' title="bbox 498 2333 2072 2403">
     <span class='ocr_line' id='line_1_37' title="bbox 498 2333 2072 2403; baseline -0.001 -15"><span class='ocrx_word' id='word_1_263' title='bbox 498 2333 810 2403; x_wconf 79' lang='lat' dir='ltr'><strong>expellitur.</strong></span> <span class='ocrx_word' id='word_1_264' title='bbox 846 2333 944 2387; x_wconf 83' lang='lat' dir='ltr'><strong>Hic</strong></span> <span class='ocrx_word' id='word_1_265' title='bbox 982 2345 1163 2390; x_wconf 86' lang='lat' dir='ltr'><strong>autem</strong></span> <span class='ocrx_word' id='word_1_266' title='bbox 1208 2352 1348 2392; x_wconf 91' lang='lat' dir='ltr'><strong>unus</strong></span> <span class='ocrx_word' id='word_1_267' title='bbox 1381 2336 1540 2389; x_wconf 86' lang='lat' dir='ltr'><strong>homo</strong></span> <span class='ocrx_word' id='word_1_268' title='bbox 1565 2334 1924 2388; x_wconf 88' lang='lat' dir='ltr'><strong>introducitur</strong></span> <span class='ocrx_word' id='word_1_269' title='bbox 1955 2374 1970 2398; x_wconf 94' lang='lat'><strong>,</strong></span> <span class='ocrx_word' id='word_1_270' title='bbox 2017 2342 2072 2386; x_wconf 91' lang='lat' dir='ltr'><strong>et</strong></span> 
     </span>
    </p>
   </div>
   <div class='ocr_carea' id='block_1_38' title="bbox 499 2424 2071 2494">
    <p class='ocr_par' dir='ltr' id='par_1_38' title="bbox 499 2424 2071 2494">
     <span class='ocr_line' id='line_1_38' title="bbox 499 2424 2071 2494; baseline -0.004 -12"><span class='ocrx_word' id='word_1_271' title='bbox 499 2440 654 2482; x_wconf 69' lang='lat' dir='ltr'><strong>caena</strong></span> <span class='ocrx_word' id='word_1_272' title='bbox 684 2425 915 2490; x_wconf 89' lang='lat' dir='ltr'><strong>privata,</strong></span> <span class='ocrx_word' id='word_1_273' title='bbox 957 2435 1012 2480; x_wconf 91' lang='lat' dir='ltr'><strong>et</strong></span> <span class='ocrx_word' id='word_1_274' title='bbox 1054 2443 1191 2482; x_wconf 90' lang='lat' dir='ltr'><strong>unus</strong></span> <span class='ocrx_word' id='word_1_275' title='bbox 1217 2439 1442 2483; x_wconf 89' lang='lat' dir='ltr'><strong>vocator</strong></span> <span class='ocrx_word' id='word_1_276' title='bbox 1477 2428 1731 2494; x_wconf 86' lang='lat' dir='ltr'><strong>mittitur,</strong></span> <span class='ocrx_word' id='word_1_277' title='bbox 1787 2437 1842 2481; x_wconf 90' lang='lat' dir='ltr'><strong>et</strong></span> <span class='ocrx_word' id='word_1_278' title='bbox 1898 2424 2071 2480; x_wconf 87' lang='lat' dir='ltr'><strong>vocati</strong></span> 
     </span>
    </p>
   </div>
   <div class='ocr_carea' id='block_1_39' title="bbox 499 2517 2072 2588">
    <p class='ocr_par' dir='ltr' id='par_1_39' title="bbox 499 2517 2072 2588">
     <span class='ocr_line' id='line_1_39' title="bbox 499 2517 2072 2588; baseline 0.001 -17"><span class='ocrx_word' id='word_1_279' title='bbox 499 2517 862 2586; x_wconf 84' lang='lat' dir='ltr'><strong>deprecantur</strong></span> <span class='ocrx_word' id='word_1_280' title='bbox 893 2519 1263 2573; x_wconf 89' lang='lat' dir='ltr'><strong>tantummodo</strong></span> <span class='ocrx_word' id='word_1_281' title='bbox 1295 2519 1659 2581; x_wconf 85' lang='lat' dir='ltr'><strong>vocationem,</strong></span> <span class='ocrx_word' id='word_1_282' title='bbox 1686 2517 2072 2588; x_wconf 86' lang='lat' dir='ltr'><strong>occupationes</strong></span> 
     </span>
    </p>
   </div>
   <div class='ocr_carea' id='block_1_40' title="bbox 497 2609 2062 2680">
    <p class='ocr_par' dir='ltr' id='par_1_40' title="bbox 497 2609 2062 2680">
     <span class='ocr_line' id='line_1_40' title="bbox 497 2609 2062 2680; baseline -0.001 -18"><span class='ocrx_word' id='word_1_283' title='bbox 497 2623 627 2663; x_wconf 88' lang='lat' dir='ltr'><strong>suas</strong></span> <span class='ocrx_word' id='word_1_284' title='bbox 657 2609 1072 2676; x_wconf 63' lang='lat' dir='ltr'><strong>praetendentes.</strong></span> <span class='ocrx_word' id='word_1_285' title='bbox 1109 2611 1371 2680; x_wconf 86' lang='lat' dir='ltr'><strong>Quodque</strong></span> <span class='ocrx_word' id='word_1_286' title='bbox 1415 2612 1550 2664; x_wconf 88' lang='lat' dir='ltr'><strong>adeo</strong></span> <span class='ocrx_word' id='word_1_287' title='bbox 1590 2611 1917 2679; x_wconf 62' lang='lat' dir='ltr'><strong>praecipuum</strong></span> <span class='ocrx_word' id='word_1_288' title='bbox 1957 2617 2062 2674; x_wconf 88' lang='lat' dir='ltr'><strong>est,</strong></span> 
     </span>
    </p>
   </div>
   <div class='ocr_carea' id='block_1_41' title="bbox 499 2695 2072 2769">
    <p class='ocr_par' dir='ltr' id='par_1_41' title="bbox 499 2695 2072 2769">
     <span class='ocr_line' id='line_1_41' title="bbox 499 2695 2072 2769; baseline 0.001 -19"><span class='ocrx_word' id='word_1_289' title='bbox 499 2695 589 2750; x_wconf 86' lang='lat' dir='ltr'><strong>illa</strong></span> <span class='ocrx_word' id='word_1_290' title='bbox 615 2698 664 2750; x_wconf 93' lang='lat' dir='ltr'><strong>in</strong></span> <span class='ocrx_word' id='word_1_291' title='bbox 695 2697 891 2766; x_wconf 89' lang='lat' dir='ltr'><strong>templo</strong></span> <span class='ocrx_word' id='word_1_292' title='bbox 913 2699 1053 2752; x_wconf 91' lang='lat' dir='ltr'><strong>dicta</strong></span> <span class='ocrx_word' id='word_1_293' title='bbox 1088 2698 1190 2752; x_wconf 84' lang='lat' dir='ltr'><strong>fuit</strong></span> <span class='ocrx_word' id='word_1_294' title='bbox 1213 2701 1354 2768; x_wconf 88' lang='lat' dir='ltr'><strong>apud</strong></span> <span class='ocrx_word' id='word_1_295' title='bbox 1391 2699 1677 2769; x_wconf 83' lang='lat' dir='ltr'><strong>pontiﬁces</strong></span> <span class='ocrx_word' id='word_1_296' title='bbox 1721 2697 2072 2766; x_wconf 87' lang='lat' dir='ltr'><strong>senioresque</strong></span> 
     </span>
    </p>
   </div>
   <div class='ocr_carea' id='block_1_42' title="bbox 499 2787 2073 2858">
    <p class='ocr_par' dir='ltr' id='par_1_42' title="bbox 499 2787 2073 2858">
     <span class='ocr_line' id='line_1_42' title="bbox 499 2787 2073 2858; baseline 0.002 -19"><span class='ocrx_word' id='word_1_297' title='bbox 499 2787 702 2856; x_wconf 86' lang='lat' dir='ltr'><strong>populi,</strong></span> <span class='ocrx_word' id='word_1_298' title='bbox 759 2788 873 2842; x_wconf 65' lang='lat' dir='ltr'><strong>haec</strong></span> <span class='ocrx_word' id='word_1_299' title='bbox 921 2788 972 2842; x_wconf 92' lang='lat' dir='ltr'><strong>in</strong></span> <span class='ocrx_word' id='word_1_300' title='bbox 1016 2789 1238 2843; x_wconf 75' lang='lat' dir='ltr'><strong>Galilzea</strong></span> <span class='ocrx_word' id='word_1_301' title='bbox 1277 2791 1423 2843; x_wconf 92' lang='lat' dir='ltr'><strong>domi</strong></span> <span class='ocrx_word' id='word_1_302' title='bbox 1470 2791 1750 2858; x_wconf 80' lang='lat' dir='ltr'><strong>cujusdam</strong></span> <span class='ocrx_word' id='word_1_303' title='bbox 1810 2789 2073 2856; x_wconf 91' lang='lat' dir='ltr'><strong>principis</strong></span> 
     </span>
    </p>
   </div>
   <div class='ocr_carea' id='block_1_43' title="bbox 500 2879 2069 2949">
    <p class='ocr_par' dir='ltr' id='par_1_43' title="bbox 500 2879 2069 2949">
     <span class='ocr_line' id='line_1_43' title="bbox 500 2879 2069 2949; baseline -0.002 -16"><span class='ocrx_word' id='word_1_304' title='bbox 500 2879 779 2936; x_wconf 67' lang='lat' dir='ltr'><strong>Pharisaei.</strong></span> <span class='ocrx_word' id='word_1_305' title='bbox 829 2881 892 2934; x_wconf 87' lang='lat' dir='ltr'><strong>Et</strong></span> <span class='ocrx_word' id='word_1_306' title='bbox 944 2882 1160 2949; x_wconf 87' lang='lat' dir='ltr'><strong>quidem</strong></span> <span class='ocrx_word' id='word_1_307' title='bbox 1209 2897 1349 2935; x_wconf 92' lang='lat' dir='ltr'><strong>unus</strong></span> <span class='ocrx_word' id='word_1_308' title='bbox 1399 2881 1851 2936; x_wconf 86' lang='lat' dir='ltr'><strong>discumbentium</strong></span> <span class='ocrx_word' id='word_1_309' title='bbox 1900 2879 2069 2941; x_wconf 89' lang='lat' dir='ltr'><strong>audit,</strong></span> 
     </span>
    </p>
   </div>
   <div class='ocr_carea' id='block_1_44' title="bbox 500 2970 2069 3041">
    <p class='ocr_par' dir='ltr' id='par_1_44' title="bbox 500 2970 2069 3041">
     <span class='ocr_line' id='line_1_44' title="bbox 500 2970 2069 3041; baseline -0.004 -15"><span class='ocrx_word' id='word_1_310' title='bbox 500 2971 696 3026; x_wconf 87' lang='lat' dir='ltr'><strong>Beatus</strong></span> <span class='ocrx_word' id='word_1_311' title='bbox 730 2970 831 3024; x_wconf 87' lang='lat' dir='ltr'><strong>eris</strong></span> <span class='ocrx_word' id='word_1_312' title='bbox 876 2972 1002 3039; x_wconf 86' lang='lat' dir='ltr'><strong>quia</strong></span> <span class='ocrx_word' id='word_1_313' title='bbox 1050 2988 1151 3024; x_wconf 86' lang='lat' dir='ltr'><strong>non</strong></span> <span class='ocrx_word' id='word_1_314' title='bbox 1193 2971 1384 3024; x_wconf 79' lang='lat' dir='ltr'><strong>habent</strong></span> <span class='ocrx_word' id='word_1_315' title='bbox 1430 2972 1568 3041; x_wconf 81' lang='lat' dir='ltr'><strong>quod</strong></span> <span class='ocrx_word' id='word_1_316' title='bbox 1609 2971 1702 3023; x_wconf 84' lang='lat' dir='ltr'><strong>tibi</strong></span> <span class='ocrx_word' id='word_1_317' title='bbox 1748 2970 2069 3029; x_wconf 83' lang='lat' dir='ltr'><strong>retribuam;</strong></span> 
     </span>
    </p>
   </div>
   <div class='ocr_carea' id='block_1_45' title="bbox 2257 1762 3761 1844">
    <p class='ocr_par' dir='ltr' id='par_1_45' title="bbox 2257 1762 3761 1844">
     <span class='ocr_line' id='line_1_45' title="bbox 2257 1762 3761 1844; baseline -0.009 -17"><span class='ocrx_word' id='word_1_318' title='bbox 2257 1775 2535 1844; x_wconf 81' lang='grc' dir='ltr'>Ἀλλοτρία</span> <span class='ocrx_word' id='word_1_319' title='bbox 2583 1775 2719 1844; x_wconf 81' lang='grc' dir='ltr'>αῦτη</span> <span class='ocrx_word' id='word_1_320' title='bbox 2767 1775 2800 1842; x_wconf 79' lang='grc' dir='ltr'>ἡ</span> <span class='ocrx_word' id='word_1_321' title='bbox 2847 1769 3130 1841; x_wconf 84' lang='grc' dir='ltr'>παραϐολὴ</span> <span class='ocrx_word' id='word_1_322' title='bbox 3174 1767 3310 1838; x_wconf 72' lang='grc' dir='ltr'>πρὸς</span> <span class='ocrx_word' id='word_1_323' title='bbox 3340 1765 3438 1837; x_wconf 80' lang='grc' dir='ltr'>τὴν</span> <span class='ocrx_word' id='word_1_324' title='bbox 3475 1763 3633 1835; x_wconf 85' lang='grc' dir='ltr'><strong>παρά</strong></span> <span class='ocrx_word' id='word_1_325' title='bbox 3681 1762 3761 1830; x_wconf 81' lang='grc' dir='ltr'>τῷ</span> 
     </span>
    </p>
   </div>
   <div class='ocr_carea' id='block_1_46' title="bbox 2171 1852 3759 1934">
    <p class='ocr_par' dir='ltr' id='par_1_46' title="bbox 2171 1852 3759 1934">
     <span class='ocr_line' id='line_1_46' title="bbox 2171 1852 3759 1934; baseline -0.008 -18"><span class='ocrx_word' id='word_1_326' title='bbox 2171 1865 2456 1934; x_wconf 82' lang='grc' dir='ltr'>Ματθαίῳ.</span> <span class='ocrx_word' id='word_1_327' title='bbox 2511 1865 2657 1916; x_wconf 84' lang='grc' dir='ltr'>Ἐκεῖ</span> <span class='ocrx_word' id='word_1_328' title='bbox 2695 1862 2793 1932; x_wconf 83' lang='grc' dir='ltr'><strong>μὲν</strong></span> <span class='ocrx_word' id='word_1_329' title='bbox 2831 1859 2938 1931; x_wconf 75' lang='grc' dir='ltr'><strong>γὰρ</strong></span> <span class='ocrx_word' id='word_1_330' title='bbox 2976 1857 3249 1928; x_wconf 80' lang='grc' dir='ltr'>βασιλεὺς,</span> <span class='ocrx_word' id='word_1_331' title='bbox 3301 1857 3396 1908; x_wconf 73' lang='grc' dir='ltr'><strong>καὶ</strong></span> <span class='ocrx_word' id='word_1_332' title='bbox 3430 1855 3600 1923; x_wconf 88' lang='grc' dir='ltr'>γάμοι</span> <span class='ocrx_word' id='word_1_333' title='bbox 3636 1852 3759 1905; x_wconf 80' lang='grc' dir='ltr'>υἱοῦ</span> 
     </span>
    </p>
   </div>
   <div class='ocr_carea' id='block_1_47' title="bbox 2173 1944 3758 2024">
    <p class='ocr_par' dir='ltr' id='par_1_47' title="bbox 2173 1944 3758 2024">
     <span class='ocr_line' id='line_1_47' title="bbox 2173 1944 3758 2024; baseline -0.007 -18"><span class='ocrx_word' id='word_1_334' title='bbox 2173 1953 2455 2024; x_wconf 85' lang='grc' dir='ltr'>βασιλέως.</span> <span class='ocrx_word' id='word_1_335' title='bbox 2478 1954 2571 2006; x_wconf 74' lang='grc' dir='ltr'><strong>καὶ</strong></span> <span class='ocrx_word' id='word_1_336' title='bbox 2591 1952 2854 2022; x_wconf 82' lang='grc' dir='ltr'>κλήτορες</span> <span class='ocrx_word' id='word_1_337' title='bbox 2885 1947 3090 2010; x_wconf 71' lang='grc' dir='ltr'>πολλοὶ,</span> <span class='ocrx_word' id='word_1_338' title='bbox 3122 1945 3215 1999; x_wconf 75' lang='grc' dir='ltr'><strong>καὶ</strong></span> <span class='ocrx_word' id='word_1_339' title='bbox 3241 1947 3290 1997; x_wconf 78' lang='grc' dir='ltr'>οἱ</span> <span class='ocrx_word' id='word_1_340' title='bbox 3329 1944 3624 2015; x_wconf 88' lang='grc' dir='ltr'>κληθέντες</span> <span class='ocrx_word' id='word_1_341' title='bbox 3656 1945 3758 1996; x_wconf 74' lang='grc' dir='ltr'>οὐκ</span> 
     </span>
    </p>
   </div>
   <div class='ocr_carea' id='block_1_48' title="bbox 2169 2035 3751 2114">
    <p class='ocr_par' dir='ltr' id='par_1_48' title="bbox 2169 2035 3751 2114">
     <span class='ocr_line' id='line_1_48' title="bbox 2169 2035 3751 2114; baseline -0.008 -16"><span class='ocrx_word' id='word_1_342' title='bbox 2169 2043 2429 2114; x_wconf 80' lang='grc' dir='ltr'>ἀπῆλθον,</span> <span class='ocrx_word' id='word_1_343' title='bbox 2459 2042 2591 2096; x_wconf 85' lang='grc' dir='ltr'><strong>ἀλλά</strong></span> <span class='ocrx_word' id='word_1_344' title='bbox 2615 2043 2707 2094; x_wconf 70' lang='grc' dir='ltr'><strong>καὶ</strong></span> <span class='ocrx_word' id='word_1_345' title='bbox 2737 2041 2862 2102; x_wconf 78' lang='grc' dir='ltr'>τοὺς</span> <span class='ocrx_word' id='word_1_346' title='bbox 2882 2039 3101 2105; x_wconf 84' lang='grc' dir='ltr'>δούλους</span> <span class='ocrx_word' id='word_1_347' title='bbox 3125 2036 3353 2107; x_wconf 85' lang='grc' dir='ltr'>ῦϐρισαν</span> <span class='ocrx_word' id='word_1_348' title='bbox 3378 2035 3470 2088; x_wconf 73' lang='grc' dir='ltr'><strong>καὶ</strong></span> <span class='ocrx_word' id='word_1_349' title='bbox 3498 2035 3751 2087; x_wconf 80' lang='grc' dir='ltr'>ἀπέκτει-</span> 
     </span>
    </p>
   </div>
   <div class='ocr_carea' id='block_1_49' title="bbox 2170 2127 3760 2204">
    <p class='ocr_par' dir='ltr' id='par_1_49' title="bbox 2170 2127 3760 2204">
     <span class='ocr_line' id='line_1_49' title="bbox 2170 2127 3760 2204; baseline -0.008 -14"><span class='ocrx_word' id='word_1_350' title='bbox 2170 2154 2288 2198; x_wconf 90' lang='grc' dir='ltr'>ναν,</span> <span class='ocrx_word' id='word_1_351' title='bbox 2315 2139 2408 2188; x_wconf 75' lang='grc' dir='ltr'><strong>καὶ</strong></span> <span class='ocrx_word' id='word_1_352' title='bbox 2435 2134 2750 2204; x_wconf 83' lang='grc' dir='ltr'>στράτευμα</span> <span class='ocrx_word' id='word_1_353' title='bbox 2775 2131 3088 2202; x_wconf 82' lang='grc' dir='ltr'>κινούμενον</span> <span class='ocrx_word' id='word_1_354' title='bbox 3109 2128 3247 2182; x_wconf 81' lang='grc' dir='ltr'>κατὰ</span> <span class='ocrx_word' id='word_1_355' title='bbox 3263 2127 3371 2182; x_wconf 86' lang='grc' dir='ltr'><strong>τῶν</strong></span> <span class='ocrx_word' id='word_1_356' title='bbox 3397 2127 3760 2198; x_wconf 79' lang='grc' dir='ltr'>ἀνῃρηκότων</span> 
     </span>
    </p>
   </div>
   <div class='ocr_carea' id='block_1_50' title="bbox 2170 2213 3759 2290">
    <p class='ocr_par' dir='ltr' id='par_1_50' title="bbox 2170 2213 3759 2290">
     <span class='ocr_line' id='line_1_50' title="bbox 2170 2213 3759 2290; baseline -0.009 -12"><span class='ocrx_word' id='word_1_357' title='bbox 2170 2227 2295 2288; x_wconf 83' lang='grc' dir='ltr'>τοὺς</span> <span class='ocrx_word' id='word_1_358' title='bbox 2325 2223 2563 2288; x_wconf 85' lang='grc' dir='ltr'>δούλους,</span> <span class='ocrx_word' id='word_1_359' title='bbox 2599 2223 2692 2276; x_wconf 70' lang='grc' dir='ltr'><strong>καὶ</strong></span> <span class='ocrx_word' id='word_1_360' title='bbox 2720 2223 2748 2274; x_wconf 97' lang='lat'><strong>6</strong></span> <span class='ocrx_word' id='word_1_361' title='bbox 2779 2221 2867 2274; x_wconf 79' lang='grc' dir='ltr'>διὰ</span> <span class='ocrx_word' id='word_1_362' title='bbox 2895 2221 2993 2290; x_wconf 85' lang='grc' dir='ltr'><strong>τὴν</strong></span> <span class='ocrx_word' id='word_1_363' title='bbox 3031 2215 3280 2289; x_wconf 77' lang='grc' dir='ltr'>ῥυπαρὰν</span> <span class='ocrx_word' id='word_1_364' title='bbox 3328 2214 3527 2284; x_wconf 77' lang='grc' dir='ltr'>ἐσθῆτα</span> <span class='ocrx_word' id='word_1_365' title='bbox 3555 2213 3759 2266; x_wconf 83' lang='grc' dir='ltr'>ἐκϐαλ-</span> 
     </span>
    </p>
   </div>
   <div class='ocr_carea' id='block_1_51' title="bbox 2171 2303 3761 2386">
    <p class='ocr_par' dir='ltr' id='par_1_51' title="bbox 2171 2303 3761 2386">
     <span class='ocr_line' id='line_1_51' title="bbox 2171 2303 3761 2386; baseline -0.009 -18"><span class='ocrx_word' id='word_1_366' title='bbox 2171 2317 2394 2386; x_wconf 81' lang='grc' dir='ltr'>λόμενος</span> <span class='ocrx_word' id='word_1_367' title='bbox 2415 2313 2508 2366; x_wconf 87' lang='grc' dir='ltr'><strong>τοῦ</strong></span> <span class='ocrx_word' id='word_1_368' title='bbox 2540 2312 2739 2382; x_wconf 77' lang='grc' dir='ltr'>γάμου’</span> <span class='ocrx_word' id='word_1_369' title='bbox 2765 2305 2867 2363; x_wconf 81' lang='grc' dir='ltr'>ὦδε</span> <span class='ocrx_word' id='word_1_370' title='bbox 2887 2310 2944 2364; x_wconf 84' lang='grc' dir='ltr'><strong>δέ</strong></span> <span class='ocrx_word' id='word_1_371' title='bbox 2971 2308 3252 2380; x_wconf 78' lang='grc' dir='ltr'>ἅνθρωπος</span> <span class='ocrx_word' id='word_1_372' title='bbox 3273 2305 3548 2373; x_wconf 77' lang='grc' dir='ltr'>εἰσάγεται</span> <span class='ocrx_word' id='word_1_373' title='bbox 3575 2303 3761 2371; x_wconf 74' lang='grc' dir='ltr'>ψιλὸς,</span> 
     </span>
    </p>
   </div>
   <div class='ocr_carea' id='block_1_52' title="bbox 2172 2397 3761 2470">
    <p class='ocr_par' dir='ltr' id='par_1_52' title="bbox 2172 2397 3761 2470">
     <span class='ocr_line' id='line_1_52' title="bbox 2172 2397 3761 2470; baseline -0.009 -9"><span class='ocrx_word' id='word_1_374' title='bbox 2172 2409 2266 2461; x_wconf 60' lang='grc' dir='ltr'><strong>κα)⁸</strong></span> <span class='ocrx_word' id='word_1_375' title='bbox 2291 2408 2506 2460; x_wconf 85' lang='grc' dir='ltr'>δεῖπνον</span> <span class='ocrx_word' id='word_1_376' title='bbox 2529 2404 2732 2467; x_wconf 82' lang='grc' dir='ltr'>ἁπλῶς,</span> <span class='ocrx_word' id='word_1_377' title='bbox 2761 2404 2854 2456; x_wconf 72' lang='grc' dir='ltr'><strong>καὶ</strong></span> <span class='ocrx_word' id='word_1_378' title='bbox 2878 2397 2955 2466; x_wconf 75' lang='grc' dir='ltr'>εἷς</span> <span class='ocrx_word' id='word_1_379' title='bbox 2986 2401 3077 2454; x_wconf 72' lang='grc' dir='ltr'><strong>ἐπὶ</strong></span> <span class='ocrx_word' id='word_1_380' title='bbox 3101 2400 3199 2470; x_wconf 82' lang='grc' dir='ltr'><strong>τὴν</strong></span> <span class='ocrx_word' id='word_1_381' title='bbox 3232 2399 3422 2468; x_wconf 79' lang='grc' dir='ltr'>κλῆσιν</span> <span class='ocrx_word' id='word_1_382' title='bbox 3473 2397 3761 2466; x_wconf 82' lang='grc' dir='ltr'>ἐκπέμπε-</span> 
     </span>
    </p>
   </div>
   <div class='ocr_carea' id='block_1_53' title="bbox 2171 2487 3762 2565">
    <p class='ocr_par' dir='ltr' id='par_1_53' title="bbox 2171 2487 3762 2565">
     <span class='ocr_line' id='line_1_53' title="bbox 2171 2487 3762 2565; baseline -0.008 -13"><span class='ocrx_word' id='word_1_383' title='bbox 2171 2516 2280 2564; x_wconf 85' lang='grc' dir='ltr'>ται,</span> <span class='ocrx_word' id='word_1_384' title='bbox 2319 2498 2411 2551; x_wconf 71' lang='grc' dir='ltr'><strong>καὶ</strong></span> <span class='ocrx_word' id='word_1_385' title='bbox 2453 2497 2502 2550; x_wconf 84' lang='grc' dir='ltr'>οἱ</span> <span class='ocrx_word' id='word_1_386' title='bbox 2549 2495 2840 2565; x_wconf 89' lang='grc' dir='ltr'>κληθέντες</span> <span class='ocrx_word' id='word_1_387' title='bbox 2885 2491 3276 2564; x_wconf 80' lang='grc' dir='ltr'>παραιτοῦνται</span> <span class='ocrx_word' id='word_1_388' title='bbox 3307 2491 3464 2561; x_wconf 79' lang='grc' dir='ltr'>μόνον</span> <span class='ocrx_word' id='word_1_389' title='bbox 3499 2489 3602 2560; x_wconf 79' lang='grc' dir='ltr'>τὴν</span> <span class='ocrx_word' id='word_1_390' title='bbox 3629 2487 3762 2558; x_wconf 79' lang='grc' dir='ltr'>κλῆ-</span> 
     </span>
    </p>
   </div>
   <div class='ocr_carea' id='block_1_54' title="bbox 2175 2581 3758 2658">
    <p class='ocr_par' dir='ltr' id='par_1_54' title="bbox 2175 2581 3758 2658">
     <span class='ocr_line' id='line_1_54' title="bbox 2175 2581 3758 2658; baseline -0.006 -16"><span class='ocrx_word' id='word_1_391' title='bbox 2175 2607 2280 2653; x_wconf 88' lang='grc' dir='ltr'>σιν,</span> <span class='ocrx_word' id='word_1_392' title='bbox 2315 2588 2570 2658; x_wconf 78' lang='grc' dir='ltr'>ἀσχολίαν</span> <span class='ocrx_word' id='word_1_393' title='bbox 2599 2585 2988 2656; x_wconf 63' lang='grc' dir='ltr'>σκηπτόμενοιι</span> <span class='ocrx_word' id='word_1_394' title='bbox 3011 2584 3084 2636; x_wconf 76' lang='grc' dir='ltr'>Τὸ</span> <span class='ocrx_word' id='word_1_395' title='bbox 3109 2582 3165 2635; x_wconf 86' lang='grc' dir='ltr'><strong>δέ</strong></span> <span class='ocrx_word' id='word_1_396' title='bbox 3198 2581 3758 2653; x_wconf 79' lang='grc' dir='ltr'>κεφαλαιωδέστερον,</span> 
     </span>
    </p>
   </div>
   <div class='ocr_carea' id='block_1_55' title="bbox 2172 2674 3760 2751">
    <p class='ocr_par' dir='ltr' id='par_1_55' title="bbox 2172 2674 3760 2751">
     <span class='ocr_line' id='line_1_55' title="bbox 2172 2674 3760 2751; baseline -0.006 -17"><span class='ocrx_word' id='word_1_397' title='bbox 2172 2683 2254 2735; x_wconf 84' lang='grc' dir='ltr'>ὅτι</span> <span class='ocrx_word' id='word_1_398' title='bbox 2277 2681 2460 2751; x_wconf 85' lang='grc' dir='ltr'>ἐκείνη</span> <span class='ocrx_word' id='word_1_399' title='bbox 2491 2679 2588 2750; x_wconf 84' lang='grc' dir='ltr'>μὲν</span> <span class='ocrx_word' id='word_1_400' title='bbox 2619 2681 2675 2730; x_wconf 88' lang='grc' dir='ltr'><strong>ἐν</strong></span> <span class='ocrx_word' id='word_1_401' title='bbox 2703 2676 2782 2746; x_wconf 80' lang='grc' dir='ltr'>τῷ</span> <span class='ocrx_word' id='word_1_402' title='bbox 2816 2675 2946 2747; x_wconf 82' lang='grc' dir='ltr'>ἱερῷ</span> <span class='ocrx_word' id='word_1_403' title='bbox 2975 2675 3197 2728; x_wconf 81' lang='grc' dir='ltr'>λέλεκτο</span> <span class='ocrx_word' id='word_1_404' title='bbox 3239 2675 3376 2745; x_wconf 81' lang='grc' dir='ltr'>πρὸς</span> <span class='ocrx_word' id='word_1_405' title='bbox 3404 2675 3534 2736; x_wconf 78' lang='grc' dir='ltr'>τοὺς</span> <span class='ocrx_word' id='word_1_406' title='bbox 3566 2674 3760 2743; x_wconf 81' lang='grc' dir='ltr'>ἀρχιε-</span> 
     </span>
    </p>
   </div>
   <div class='ocr_carea' id='block_1_56' title="bbox 2175 2763 3759 2843">
    <p class='ocr_par' dir='ltr' id='par_1_56' title="bbox 2175 2763 3759 2843">
     <span class='ocr_line' id='line_1_56' title="bbox 2175 2763 3759 2843; baseline -0.006 -19"><span class='ocrx_word' id='word_1_407' title='bbox 2175 2774 2286 2843; x_wconf 86' lang='grc' dir='ltr'>ρεῖς</span> <span class='ocrx_word' id='word_1_408' title='bbox 2327 2771 2420 2822; x_wconf 70' lang='grc' dir='ltr'><strong>καὶ</strong></span> <span class='ocrx_word' id='word_1_409' title='bbox 2453 2767 2854 2840; x_wconf 84' lang='grc' dir='ltr'>πρεσϐυτέρους</span> <span class='ocrx_word' id='word_1_410' title='bbox 2892 2765 2986 2818; x_wconf 91' lang='grc' dir='ltr'><strong>τοῦ</strong></span> <span class='ocrx_word' id='word_1_411' title='bbox 3015 2765 3168 2831; x_wconf 87' lang='grc' dir='ltr'>λαοῦ,</span> <span class='ocrx_word' id='word_1_412' title='bbox 3220 2764 3358 2834; x_wconf 78' lang='grc' dir='ltr'>αῦτη</span> <span class='ocrx_word' id='word_1_413' title='bbox 3410 2763 3454 2816; x_wconf 82' lang='grc' dir='ltr'>δ’</span> <span class='ocrx_word' id='word_1_414' title='bbox 3504 2763 3603 2816; x_wconf 73' lang='grc' dir='ltr'><strong>ἐπὶ</strong></span> <span class='ocrx_word' id='word_1_415' title='bbox 3656 2763 3759 2832; x_wconf 74' lang='grc' dir='ltr'>τῆς</span> 
     </span>
    </p>
   </div>
   <div class='ocr_carea' id='block_1_57' title="bbox 2171 2854 3760 2930">
    <p class='ocr_par' dir='ltr' id='par_1_57' title="bbox 2171 2854 3760 2930">
     <span class='ocr_line' id='line_1_57' title="bbox 2171 2854 3760 2930; baseline -0.006 -15"><span class='ocrx_word' id='word_1_416' title='bbox 2171 2862 2456 2925; x_wconf 86' lang='grc' dir='ltr'>Γαλιλαίας</span> <span class='ocrx_word' id='word_1_417' title='bbox 2483 2863 2540 2914; x_wconf 87' lang='grc' dir='ltr'><strong>ἐν</strong></span> <span class='ocrx_word' id='word_1_418' title='bbox 2559 2859 2704 2930; x_wconf 78' lang='grc' dir='ltr'>οἰκίᾳ</span> <span class='ocrx_word' id='word_1_419' title='bbox 2721 2858 2865 2921; x_wconf 78' lang='grc' dir='ltr'>τινὸς</span> <span class='ocrx_word' id='word_1_420' title='bbox 2892 2857 3150 2928; x_wconf 82' lang='grc' dir='ltr'>ἄρχοντος</span> <span class='ocrx_word' id='word_1_421' title='bbox 3173 2855 3464 2927; x_wconf 82' lang='grc' dir='ltr'>Φαρισαίου</span> <span class='ocrx_word' id='word_1_422' title='bbox 3481 2873 3493 2884; x_wconf 91' lang='grc'><strong>·</strong></span> <span class='ocrx_word' id='word_1_423' title='bbox 3512 2854 3626 2906; x_wconf 88' lang='grc' dir='ltr'><strong>τῶν</strong></span> <span class='ocrx_word' id='word_1_424' title='bbox 3651 2854 3760 2924; x_wconf 75' lang='grc' dir='ltr'>γὰρ</span> 
     </span>
    </p>
   </div>
   <div class='ocr_carea' id='block_1_58' title="bbox 2175 2943 3760 3020">
    <p class='ocr_par' dir='ltr' id='par_1_58' title="bbox 2175 2943 3760 3020">
     <span class='ocr_line' id='line_1_58' title="bbox 2175 2943 3760 3020; baseline -0.005 -16"><span class='ocrx_word' id='word_1_425' title='bbox 2175 2949 2646 3020; x_wconf 84' lang='grc' dir='ltr'>συνανακειμένων</span> <span class='ocrx_word' id='word_1_426' title='bbox 2668 2965 2753 3010; x_wconf 91' lang='grc' dir='ltr'><strong>τις</strong></span> <span class='ocrx_word' id='word_1_427' title='bbox 2779 2946 3017 3008; x_wconf 87' lang='grc' dir='ltr'>ἀκούσας</span> <span class='ocrx_word' id='word_1_428' title='bbox 3047 2945 3126 3008; x_wconf 85' lang='grc' dir='ltr'><strong>τὸ,</strong></span> <span class='ocrx_word' id='word_1_429' title='bbox 3154 2943 3456 3013; x_wconf 79' lang='grc' dir='ltr'>Μακάριος</span> <span class='ocrx_word' id='word_1_430' title='bbox 3492 2944 3636 3014; x_wconf 79' lang='grc' dir='ltr'>ἔσῃ,</span> <span class='ocrx_word' id='word_1_431' title='bbox 3670 2943 3760 2996; x_wconf 80' lang='grc' dir='ltr'>ὅτι</span> 
     </span>
    </p>
   </div>
   <div class='ocr_carea' id='block_1_59' title="bbox 505 3038 2066 3132">
    <p class='ocr_par' dir='ltr' id='par_1_59' title="bbox 505 3059 2066 3132">
     <span class='ocr_line' id='line_1_59' title="bbox 505 3059 2066 3132; baseline -0.001 -18"><span class='ocrx_word' id='word_1_432' title='bbox 505 3062 814 3116; x_wconf 83' lang='lat' dir='ltr'><strong>retribuetur</strong></span> <span class='ocrx_word' id='word_1_433' title='bbox 850 3062 990 3115; x_wconf 91' lang='lat' dir='ltr'><strong>enim</strong></span> <span class='ocrx_word' id='word_1_434' title='bbox 1037 3063 1130 3114; x_wconf 84' lang='lat' dir='ltr'><strong>tibi</strong></span> <span class='ocrx_word' id='word_1_435' title='bbox 1171 3063 1225 3116; x_wconf 85' lang='lat' dir='ltr'><strong>in</strong></span> <span class='ocrx_word' id='word_1_436' title='bbox 1267 3063 1537 3132; x_wconf 85' lang='lat' dir='ltr'><strong>justorum</strong></span> <span class='ocrx_word' id='word_1_437' title='bbox 1582 3063 1960 3115; x_wconf 86' lang='lat' dir='ltr'><strong>resurrectione</strong></span> <span class='ocrx_word' id='word_1_438' title='bbox 2005 3059 2066 3113; x_wconf 80' lang='lat'><strong>“.</strong></span> 
     </span>
    </p>
   </div>
   <div class='ocr_carea' id='block_1_60' title="bbox 2176 3038 3762 3132">
    <p class='ocr_par' dir='ltr' id='par_1_60' title="bbox 2176 3038 3762 3112">
     <span class='ocr_line' id='line_1_60' title="bbox 2176 3038 3762 3112; baseline -0.003 -14"><span class='ocrx_word' id='word_1_439' title='bbox 2176 3047 2287 3099; x_wconf 76' lang='grc' dir='ltr'>οὐκ</span> <span class='ocrx_word' id='word_1_440' title='bbox 2320 3045 2572 3112; x_wconf 80' lang='grc' dir='ltr'>ἔχουσιν</span> <span class='ocrx_word' id='word_1_441' title='bbox 2610 3040 3055 3096; x_wconf 76' lang='grc' dir='ltr'>ἀνταποδοῦναί</span> <span class='ocrx_word' id='word_1_442' title='bbox 3089 3055 3189 3094; x_wconf 88' lang='grc' dir='ltr'><strong>σοι</strong></span> <span class='ocrx_word' id='word_1_443' title='bbox 3217 3057 3230 3069; x_wconf 73' lang='grc' dir='ltr'><strong>ο</strong></span> <span class='ocrx_word' id='word_1_444' title='bbox 3273 3038 3762 3106; x_wconf 71' lang='grc' dir='ltr'>ἀνταποδοθήσε-</span> 
     </span>
    </p>
   </div>
   <div class='ocr_carea' id='block_1_61' title="bbox 503 3129 2066 3218">
    <p class='ocr_par' dir='ltr' id='par_1_61' title="bbox 503 3129 2066 3218">
     <span class='ocr_line' id='line_1_61' title="bbox 503 3129 2066 3218; baseline -0.003 -11"><span class='ocrx_word' id='word_1_445' title='bbox 503 3150 675 3207; x_wconf 86' lang='lat' dir='ltr'><strong>Porro</strong></span> <span class='ocrx_word' id='word_1_446' title='bbox 743 3153 1068 3206; x_wconf 87' lang='lat' dir='ltr'><strong>resurrectio</strong></span> <span class='ocrx_word' id='word_1_447' title='bbox 1133 3129 1279 3206; x_wconf 82' lang='lat' dir='ltr'><strong>idem</strong></span> <span class='ocrx_word' id='word_1_448' title='bbox 1336 3167 1456 3206; x_wconf 88' lang='lat' dir='ltr'><strong>esse</strong></span> <span class='ocrx_word' id='word_1_449' title='bbox 1522 3150 1838 3218; x_wconf 86' lang='lat' dir='ltr'><strong>intelligitur</strong></span> <span class='ocrx_word' id='word_1_450' title='bbox 1910 3157 2066 3215; x_wconf 88' lang='lat' dir='ltr'><strong>atque</strong></span> 
     </span>
    </p>
   </div>
   <div class='ocr_carea' id='block_1_62' title="bbox 2176 3129 3759 3218">
    <p class='ocr_par' dir='ltr' id='par_1_62' title="bbox 2177 3129 3759 3204">
     <span class='ocr_line' id='line_1_62' title="bbox 2177 3129 3759 3204; baseline -0.004 -16"><span class='ocrx_word' id='word_1_451' title='bbox 2177 3153 2273 3188; x_wconf 82' lang='grc' dir='ltr'><strong>ται</strong></span> <span class='ocrx_word' id='word_1_452' title='bbox 2302 3132 2414 3204; x_wconf 68' lang='grc' dir='ltr'><strong>γάρ</strong></span> <span class='ocrx_word' id='word_1_453' title='bbox 2455 3149 2554 3187; x_wconf 81' lang='grc' dir='ltr'><strong>σοι</strong></span> <span class='ocrx_word' id='word_1_454' title='bbox 2597 3133 2667 3186; x_wconf 74' lang='grc' dir='ltr'>ἐν</span> <span class='ocrx_word' id='word_1_455' title='bbox 2707 3132 2783 3201; x_wconf 77' lang='grc' dir='ltr'>τῇ</span> <span class='ocrx_word' id='word_1_456' title='bbox 2810 3130 3141 3186; x_wconf 75' lang='grc' dir='ltr'>ἀναστάσει</span> <span class='ocrx_word' id='word_1_457' title='bbox 3188 3129 3306 3183; x_wconf 79' lang='grc' dir='ltr'>τῶν</span> <span class='ocrx_word' id='word_1_458' title='bbox 3334 3129 3583 3184; x_wconf 79' lang='grc' dir='ltr'>δικαίων</span> <span class='ocrx_word' id='word_1_459' title='bbox 3606 3147 3620 3159; x_wconf 90' lang='grc'>·</span> <span class='ocrx_word' id='word_1_460' title='bbox 3658 3131 3759 3199; x_wconf 80' lang='grc' dir='ltr'>τῆς</span> 
     </span>
    </p>
   </div>
   <div class='ocr_carea' id='block_1_63' title="bbox 501 3221 2066 3314">
    <p class='ocr_par' dir='ltr' id='par_1_63' title="bbox 501 3239 2066 3314">
     <span class='ocr_line' id='line_1_63' title="bbox 501 3239 2066 3314; baseline -0.004 -15"><span class='ocrx_word' id='word_1_461' title='bbox 501 3257 724 3312; x_wconf 68' lang='lat' dir='ltr'><strong>regnum</strong></span> <span class='ocrx_word' id='word_1_462' title='bbox 759 3243 872 3297; x_wconf 92' lang='lat' dir='ltr'><strong>Dei.</strong></span> <span class='ocrx_word' id='word_1_463' title='bbox 916 3242 1034 3298; x_wconf 87' lang='lat' dir='ltr'><strong>Jam</strong></span> <span class='ocrx_word' id='word_1_464' title='bbox 1067 3248 1202 3300; x_wconf 85' lang='lat' dir='ltr'><strong>vero‘</strong></span> <span class='ocrx_word' id='word_1_465' title='bbox 1242 3246 1288 3300; x_wconf 91' lang='lat' dir='ltr'><strong>ei</strong></span> <span class='ocrx_word' id='word_1_466' title='bbox 1333 3247 1423 3314; x_wconf 90' lang='lat' dir='ltr'><strong>qui</strong></span> <span class='ocrx_word' id='word_1_467' title='bbox 1473 3245 1708 3311; x_wconf 81' lang='lat' dir='ltr'><strong>dixerat,</strong></span> <span class='ocrx_word' id='word_1_468' title='bbox 1742 3239 1937 3294; x_wconf 79' lang='lat' dir='ltr'><strong>Beatus</strong></span> <span class='ocrx_word' id='word_1_469' title='bbox 1983 3241 2066 3309; x_wconf 82' lang='lat' dir='ltr'><strong>qui</strong></span> 
     </span>
    </p>
   </div>
   <div class='ocr_carea' id='block_1_64' title="bbox 2176 3221 3761 3314">
    <p class='ocr_par' dir='ltr' id='par_1_64' title="bbox 2176 3221 3761 3293">
     <span class='ocr_line' id='line_1_64' title="bbox 2176 3221 3761 3293; baseline -0.003 -15"><span class='ocrx_word' id='word_1_470' title='bbox 2176 3223 2524 3286; x_wconf 79' lang='grc' dir='ltr'>ἀναστάσεως</span> <span class='ocrx_word' id='word_1_471' title='bbox 2552 3225 2644 3276; x_wconf 72' lang='grc' dir='ltr'><strong>καὶ</strong></span> <span class='ocrx_word' id='word_1_472' title='bbox 2668 3223 2767 3292; x_wconf 81' lang='grc' dir='ltr'>τῆς</span> <span class='ocrx_word' id='word_1_473' title='bbox 2794 3221 3065 3292; x_wconf 84' lang='grc' dir='ltr'>βασιλείας</span> <span class='ocrx_word' id='word_1_474' title='bbox 3088 3221 3176 3276; x_wconf 89' lang='grc' dir='ltr'><strong>τοῦ</strong></span> <span class='ocrx_word' id='word_1_475' title='bbox 3209 3221 3342 3274; x_wconf 88' lang='grc' dir='ltr'>Θεοῦ</span> <span class='ocrx_word' id='word_1_476' title='bbox 3380 3223 3509 3292; x_wconf 82' lang='grc' dir='ltr'>μιᾶς</span> <span class='ocrx_word' id='word_1_477' title='bbox 3535 3222 3635 3275; x_wconf 73' lang='grc' dir='ltr'><strong>καὶ</strong></span> <span class='ocrx_word' id='word_1_478' title='bbox 3663 3224 3761 3293; x_wconf 76' lang='grc' dir='ltr'>τῆς</span> 
     </span>
    </p>
   </div>
   <div class='ocr_carea' id='block_1_65' title="bbox 497 3311 2066 3405">
    <p class='ocr_par' dir='ltr' id='par_1_65' title="bbox 497 3311 2066 3405">
     <span class='ocr_line' id='line_1_65' title="bbox 497 3311 2066 3405; baseline -0.004 -17"><span class='ocrx_word' id='word_1_479' title='bbox 497 3311 687 3402; x_wconf 49' lang='lat' dir='ltr'><strong>penem</strong></span> <span class='ocrx_word' id='word_1_480' title='bbox 716 3339 945 3388; x_wconf 81' lang='lat' dir='ltr'><strong>comedet</strong></span> <span class='ocrx_word' id='word_1_481' title='bbox 994 3336 1049 3388; x_wconf 92' lang='lat' dir='ltr'><strong>in</strong></span> <span class='ocrx_word' id='word_1_482' title='bbox 1092 3351 1248 3405; x_wconf 88' lang='lat' dir='ltr'><strong>regno</strong></span> <span class='ocrx_word' id='word_1_483' title='bbox 1281 3311 1377 3389; x_wconf 82' lang='lat' dir='ltr'><strong>Dei</strong></span> <span class='ocrx_word' id='word_1_484' title='bbox 1403 3335 1490 3404; x_wconf 50' lang='lat'><strong>“,1</strong></span> <span class='ocrx_word' id='word_1_485' title='bbox 1519 3335 1768 3404; x_wconf 86' lang='lat' dir='ltr'><strong>quisnam</strong></span> <span class='ocrx_word' id='word_1_486' title='bbox 1801 3340 1946 3386; x_wconf 89' lang='lat' dir='ltr'><strong>esset</strong></span> <span class='ocrx_word' id='word_1_487' title='bbox 1983 3331 2066 3383; x_wconf 89' lang='lat' dir='ltr'><strong>hic</strong></span> 
     </span>
    </p>
   </div>
   <div class='ocr_carea' id='block_1_66' title="bbox 2176 3311 3761 3405">
    <p class='ocr_par' dir='ltr' id='par_1_66' title="bbox 2177 3311 3761 3388">
     <span class='ocr_line' id='line_1_66' title="bbox 2177 3311 3761 3388; baseline -0.003 -15"><span class='ocrx_word' id='word_1_488' title='bbox 2177 3319 2348 3388; x_wconf 82' lang='grc' dir='ltr'>αὐτῆς</span> <span class='ocrx_word' id='word_1_489' title='bbox 2370 3317 2683 3388; x_wconf 82' lang='grc' dir='ltr'>νοουμένης.</span> <span class='ocrx_word' id='word_1_490' title='bbox 2721 3316 2863 3387; x_wconf 78' lang='grc' dir='ltr'>Πρὸς</span> <span class='ocrx_word' id='word_1_491' title='bbox 2884 3311 2976 3369; x_wconf 83' lang='grc' dir='ltr'><strong>οὖν</strong></span> <span class='ocrx_word' id='word_1_492' title='bbox 3009 3315 3099 3368; x_wconf 76' lang='grc' dir='ltr'><strong>τὸν</strong></span> <span class='ocrx_word' id='word_1_493' title='bbox 3135 3315 3411 3386; x_wconf 84' lang='grc' dir='ltr'>εἰρηκότα,</span> <span class='ocrx_word' id='word_1_494' title='bbox 3447 3314 3761 3384; x_wconf 79' lang='grc' dir='ltr'>Μακάριος</span> 
     </span>
    </p>
   </div>
   <div class='ocr_carea' id='block_1_67' title="bbox 499 3422 2067 3494">
    <p class='ocr_par' dir='ltr' id='par_1_67' title="bbox 499 3422 2067 3494">
     <span class='ocr_line' id='line_1_67' title="bbox 499 3422 2067 3494; baseline -0.004 -16"><span class='ocrx_word' id='word_1_495' title='bbox 499 3423 690 3478; x_wconf 83' lang='lat' dir='ltr'><strong>beatus</strong></span> <span class='ocrx_word' id='word_1_496' title='bbox 727 3424 1022 3479; x_wconf 89' lang='lat' dir='ltr'><strong>declaravit</strong></span> <span class='ocrx_word' id='word_1_497' title='bbox 1071 3424 1331 3480; x_wconf 90' lang='lat' dir='ltr'><strong>Servator</strong></span> <span class='ocrx_word' id='word_1_498' title='bbox 1376 3440 1470 3494; x_wconf 91' lang='lat' dir='ltr'><strong>per</strong></span> <span class='ocrx_word' id='word_1_499' title='bbox 1519 3422 1830 3494; x_wconf 87' lang='lat' dir='ltr'><strong>parabolam</strong></span> <span class='ocrx_word' id='word_1_500' title='bbox 1864 3422 2067 3482; x_wconf 71' lang='lat' dir='ltr'><strong>dicens,</strong></span> 
     </span>
    </p>
   </div>
   <div class='ocr_carea' id='block_1_68' title="bbox 503 3514 2073 3588">
    <p class='ocr_par' dir='ltr' id='par_1_68' title="bbox 503 3514 2073 3588">
     <span class='ocr_line' id='line_1_68' title="bbox 503 3514 2073 3588; baseline -0.002 -19"><span class='ocrx_word' id='word_1_501' title='bbox 503 3514 677 3569; x_wconf 76' lang='lat' dir='ltr'><strong>Homo</strong></span> <span class='ocrx_word' id='word_1_502' title='bbox 733 3519 948 3588; x_wconf 85' lang='lat' dir='ltr'><strong>quidam</strong></span> <span class='ocrx_word' id='word_1_503' title='bbox 983 3534 1182 3572; x_wconf 74' lang='lat' dir='ltr'><strong>coenam</strong></span> <span class='ocrx_word' id='word_1_504' title='bbox 1235 3532 1477 3588; x_wconf 76' lang='lat' dir='ltr'><strong>magnam</strong></span> <span class='ocrx_word' id='word_1_505' title='bbox 1548 3517 1712 3586; x_wconf 76' lang='lat' dir='ltr'><strong>fecit;</strong></span> <span class='ocrx_word' id='word_1_506' title='bbox 1765 3528 1951 3568; x_wconf 87' lang='lat' dir='ltr'><strong>rursus</strong></span> <span class='ocrx_word' id='word_1_507' title='bbox 2015 3525 2073 3566; x_wconf 88' lang='lat' dir='ltr'><strong>se</strong></span> 
     </span>
    </p>
   </div>
   <div class='ocr_carea' id='block_1_69' title="bbox 502 3605 1643 3675">
    <p class='ocr_par' dir='ltr' id='par_1_69' title="bbox 502 3605 1643 3675">
     <span class='ocr_line' id='line_1_69' title="bbox 502 3605 1643 3675; baseline -0.001 -16"><span class='ocrx_word' id='word_1_508' title='bbox 502 3605 678 3675; x_wconf 77' lang='lat' dir='ltr'><strong>ipsum</strong></span> <span class='ocrx_word' id='word_1_509' title='bbox 715 3609 802 3664; x_wconf 88' lang='lat' dir='ltr'><strong>bis</strong></span> <span class='ocrx_word' id='word_1_510' title='bbox 828 3608 1005 3662; x_wconf 87' lang='lat' dir='ltr'><strong>verbis</strong></span> <span class='ocrx_word' id='word_1_511' title='bbox 1027 3607 1299 3662; x_wconf 89' lang='lat' dir='ltr'><strong>hominem</strong></span> <span class='ocrx_word' id='word_1_512' title='bbox 1343 3607 1643 3661; x_wconf 87' lang='lat' dir='ltr'><strong>nominans.</strong></span> 
     </span>
    </p>
   </div>
   <div class='ocr_carea' id='block_1_70' title="bbox 2176 3405 3757 3477">
    <p class='ocr_par' dir='ltr' id='par_1_70' title="bbox 2176 3405 3757 3477">
     <span class='ocr_line' id='line_1_70' title="bbox 2176 3405 3757 3477; baseline -0.002 -15"><span class='ocrx_word' id='word_1_513' title='bbox 2176 3407 2346 3473; x_wconf 81' lang='grc' dir='ltr'>ὅστις</span> <span class='ocrx_word' id='word_1_514' title='bbox 2377 3407 2634 3477; x_wconf 67' lang='grc' dir='ltr'>φάγηται</span> <span class='ocrx_word' id='word_1_515' title='bbox 2665 3407 2848 3474; x_wconf 79' lang='grc' dir='ltr'>ἄρτον</span> <span class='ocrx_word' id='word_1_516' title='bbox 2879 3407 2948 3460; x_wconf 83' lang='grc' dir='ltr'><strong>ἐν</strong></span> <span class='ocrx_word' id='word_1_517' title='bbox 2985 3405 3059 3475; x_wconf 80' lang='grc' dir='ltr'>τῇ</span> <span class='ocrx_word' id='word_1_518' title='bbox 3089 3405 3376 3472; x_wconf 75' lang='grc' dir='ltr'>,βασιλείᾳ</span> <span class='ocrx_word' id='word_1_519' title='bbox 3413 3405 3520 3459; x_wconf 85' lang='grc' dir='ltr'><strong>τοῦ</strong></span> <span class='ocrx_word' id='word_1_520' title='bbox 3568 3406 3757 3467; x_wconf 78' lang='grc' dir='ltr'>Θεοῦ,</span> 
     </span>
    </p>
   </div>
   <div class='ocr_carea' id='block_1_71' title="bbox 2172 3489 3761 3566">
    <p class='ocr_par' dir='ltr' id='par_1_71' title="bbox 2172 3489 3761 3566">
     <span class='ocr_line' id='line_1_71' title="bbox 2172 3489 3761 3566; baseline -0.004 -14"><span class='ocrx_word' id='word_1_521' title='bbox 2172 3498 2259 3562; x_wconf 85' lang='grc' dir='ltr'><strong>τίς</strong></span> <span class='ocrx_word' id='word_1_522' title='bbox 2285 3497 2350 3550; x_wconf 83' lang='grc' dir='ltr'>ἂν</span> <span class='ocrx_word' id='word_1_523' title='bbox 2388 3497 2595 3566; x_wconf 87' lang='grc' dir='ltr'>γένοιτο</span> <span class='ocrx_word' id='word_1_524' title='bbox 2627 3489 2779 3558; x_wconf 75' lang='grc' dir='ltr'>οὗτος</span> <span class='ocrx_word' id='word_1_525' title='bbox 2808 3496 2836 3547; x_wconf 78' lang='grc' dir='ltr'>ὁ</span> <span class='ocrx_word' id='word_1_526' title='bbox 2878 3495 3144 3566; x_wconf 86' lang='grc' dir='ltr'>μακάριος</span> <span class='ocrx_word' id='word_1_527' title='bbox 3181 3493 3267 3546; x_wconf 79' lang='grc' dir='ltr'>διὰ</span> <span class='ocrx_word' id='word_1_528' title='bbox 3303 3493 3403 3564; x_wconf 80' lang='grc' dir='ltr'>τῆς</span> <span class='ocrx_word' id='word_1_529' title='bbox 3438 3493 3761 3564; x_wconf 82' lang='grc' dir='ltr'>παραϐολῆς</span> 
     </span>
    </p>
   </div>
   <div class='ocr_carea' id='block_1_72' title="bbox 2175 3585 3760 3659">
    <p class='ocr_par' dir='ltr' id='par_1_72' title="bbox 2175 3585 3760 3659">
     <span class='ocr_line' id='line_1_72' title="bbox 2175 3585 3760 3659; baseline -0.004 -15"><span class='ocrx_word' id='word_1_530' title='bbox 2175 3593 2204 3644; x_wconf 88' lang='grc' dir='ltr'>ὁ</span> <span class='ocrx_word' id='word_1_531' title='bbox 2232 3587 2424 3659; x_wconf 76' lang='grc' dir='ltr'>Σωτὴρ</span> <span class='ocrx_word' id='word_1_532' title='bbox 2461 3587 2762 3658; x_wconf 85' lang='grc' dir='ltr'>παρίστησι</span> <span class='ocrx_word' id='word_1_533' title='bbox 2790 3585 2986 3655; x_wconf 84' lang='grc' dir='ltr'>λέγων,</span> <span class='ocrx_word' id='word_1_534' title='bbox 3015 3586 3346 3655; x_wconf 78' lang='grc' dir='ltr'>Ἄνθρωπός</span> <span class='ocrx_word' id='word_1_535' title='bbox 3375 3603 3464 3651; x_wconf 86' lang='grc' dir='ltr'><strong>τις</strong></span> <span class='ocrx_word' id='word_1_536' title='bbox 3501 3585 3760 3654; x_wconf 75' lang='grc' dir='ltr'>ἐποίησε</span> 
     </span>
    </p>
   </div>
   <div class='ocr_carea' id='block_1_73' title="bbox 496 3681 2576 3771">
    <p class='ocr_par' dir='ltr' id='par_1_73' title="bbox 496 3681 2576 3771">
     <span class='ocr_line' id='line_1_73' title="bbox 496 3681 2576 3771; baseline -0.004 -18"><span class='ocrx_word' id='word_1_537' title='bbox 496 3698 748 3771; x_wconf 75' lang='grc' dir='ltr'>ρεῖπνον</span> <span class='ocrx_word' id='word_1_538' title='bbox 784 3699 964 3770; x_wconf 70' lang='grc' dir='ltr'>μέγα·</span> <span class='ocrx_word' id='word_1_539' title='bbox 1000 3699 1158 3754; x_wconf 87' lang='grc' dir='ltr'>πάλιν</span> <span class='ocrx_word' id='word_1_540' title='bbox 1199 3699 1358 3762; x_wconf 79' lang='grc' dir='ltr'>αὐτὸς</span> <span class='ocrx_word' id='word_1_541' title='bbox 1390 3698 1580 3753; x_wconf 77' lang='grc' dir='ltr'>ἑαυτὸν</span> <span class='ocrx_word' id='word_1_542' title='bbox 1629 3699 1688 3752; x_wconf 83' lang='grc' dir='ltr'><strong>ἐν</strong></span> <span class='ocrx_word' id='word_1_543' title='bbox 1725 3697 1935 3758; x_wconf 82' lang='grc' dir='ltr'>τούτοις</span> <span class='ocrx_word' id='word_1_544' title='bbox 1969 3692 2248 3762; x_wconf 76' lang='grc' dir='ltr'>ἄνθρωπον</span> <span class='ocrx_word' id='word_1_545' title='bbox 2278 3681 2576 3752; x_wconf 76' lang='grc' dir='ltr'>ὀνομάζωνο</span> 
     </span>
    </p>
   </div>
   <div class='ocr_carea' id='block_1_74' title="bbox 573 3793 2060 3866">
    <p class='ocr_par' dir='ltr' id='par_1_74' title="bbox 573 3793 2060 3866">
     <span class='ocr_line' id='line_1_74' title="bbox 573 3793 2060 3866; baseline -0.006 -12"><span class='ocrx_word' id='word_1_546' title='bbox 573 3797 645 3854; x_wconf 85' lang='lat' dir='ltr'><strong>Ut</strong></span> <span class='ocrx_word' id='word_1_547' title='bbox 696 3807 875 3853; x_wconf 86' lang='lat' dir='ltr'><strong>autem</strong></span> <span class='ocrx_word' id='word_1_548' title='bbox 926 3813 1122 3866; x_wconf 90' lang='lat' dir='ltr'><strong>magna</strong></span> <span class='ocrx_word' id='word_1_549' title='bbox 1165 3812 1319 3851; x_wconf 65' lang='lat' dir='ltr'><strong>caena</strong></span> <span class='ocrx_word' id='word_1_550' title='bbox 1345 3810 1589 3864; x_wconf 76' lang='lat' dir='ltr'><strong>quamam</strong></span> <span class='ocrx_word' id='word_1_551' title='bbox 1641 3795 1714 3849; x_wconf 89' lang='lat' dir='ltr'><strong>sit</strong></span> <span class='ocrx_word' id='word_1_552' title='bbox 1764 3793 2060 3861; x_wconf 85' lang='lat' dir='ltr'><strong>intelligas,</strong></span> 
     </span>
    </p>
   </div>
   <div class='ocr_carea' id='block_1_75' title="bbox 501 3883 2071 3952">
    <p class='ocr_par' dir='ltr' id='par_1_75' title="bbox 501 3883 2071 3952">
     <span class='ocr_line' id='line_1_75' title="bbox 501 3883 2071 3952; baseline -0.002 -14"><span class='ocrx_word' id='word_1_553' title='bbox 501 3883 721 3938; x_wconf 91' lang='lat' dir='ltr'><strong>interim</strong></span> <span class='ocrx_word' id='word_1_554' title='bbox 765 3883 980 3952; x_wconf 91' lang='lat' dir='ltr'><strong>quidem</strong></span> <span class='ocrx_word' id='word_1_555' title='bbox 1018 3894 1202 3950; x_wconf 88' lang='lat' dir='ltr'><strong>specta</strong></span> <span class='ocrx_word' id='word_1_556' title='bbox 1245 3885 1351 3938; x_wconf 90' lang='lat' dir='ltr'><strong>hoc</strong></span> <span class='ocrx_word' id='word_1_557' title='bbox 1387 3885 1440 3937; x_wconf 93' lang='lat' dir='ltr'><strong>in</strong></span> <span class='ocrx_word' id='word_1_558' title='bbox 1467 3885 1597 3938; x_wconf 91' lang='lat' dir='ltr'><strong>orbe</strong></span> <span class='ocrx_word' id='word_1_559' title='bbox 1621 3883 1872 3939; x_wconf 88' lang='lat' dir='ltr'><strong>universo</strong></span> <span class='ocrx_word' id='word_1_560' title='bbox 1910 3883 2071 3952; x_wconf 86' lang='lat' dir='ltr'><strong>spiri-</strong></span> 
     </span>
    </p>
   </div>
   <div class='ocr_carea' id='block_1_76' title="bbox 503 3971 2065 4043">
    <p class='ocr_par' dir='ltr' id='par_1_76' title="bbox 503 3971 2065 4043">
     <span class='ocr_line' id='line_1_76' title="bbox 503 3971 2065 4043; baseline 0.001 -19"><span class='ocrx_word' id='word_1_561' title='bbox 503 3971 609 4025; x_wconf 87' lang='lat' dir='ltr'><strong>tale</strong></span> <span class='ocrx_word' id='word_1_562' title='bbox 651 3972 955 4026; x_wconf 89' lang='lat' dir='ltr'><strong>convivium</strong></span> <span class='ocrx_word' id='word_1_563' title='bbox 997 3988 1275 4027; x_wconf 86' lang='lat' dir='ltr'><strong>sacrorum</strong></span> <span class='ocrx_word' id='word_1_564' title='bbox 1328 3973 1738 4043; x_wconf 83' lang='lat' dir='ltr'><strong>divinorumque</strong></span> <span class='ocrx_word' id='word_1_565' title='bbox 1788 3974 2065 4038; x_wconf 89' lang='lat' dir='ltr'><strong>ciborum,</strong></span> 
     </span>
    </p>
   </div>
   <div class='ocr_carea' id='block_1_77' title="bbox 2251 3788 3760 3860">
    <p class='ocr_par' dir='ltr' id='par_1_77' title="bbox 2251 3788 3760 3860">
     <span class='ocr_line' id='line_1_77' title="bbox 2251 3788 3760 3860; baseline -0.003 -13"><span class='ocrx_word' id='word_1_566' title='bbox 2251 3793 2407 3860; x_wconf 88' lang='grc' dir='ltr'>Μέγα</span> <span class='ocrx_word' id='word_1_567' title='bbox 2439 3791 2494 3844; x_wconf 88' lang='grc' dir='ltr'><strong>δέ</strong></span> <span class='ocrx_word' id='word_1_568' title='bbox 2528 3788 2691 3842; x_wconf 80' lang='grc' dir='ltr'>αὑτοῦ</span> <span class='ocrx_word' id='word_1_569' title='bbox 2720 3788 2933 3842; x_wconf 85' lang='grc' dir='ltr'>δεῖπνον</span> <span class='ocrx_word' id='word_1_570' title='bbox 2965 3789 3199 3860; x_wconf 79' lang='grc' dir='ltr'>νοήσεις,</span> <span class='ocrx_word' id='word_1_571' title='bbox 3229 3790 3367 3852; x_wconf 89' lang='grc' dir='ltr'>τέως</span> <span class='ocrx_word' id='word_1_572' title='bbox 3403 3789 3502 3859; x_wconf 81' lang='grc' dir='ltr'><strong>μὲν</strong></span> <span class='ocrx_word' id='word_1_573' title='bbox 3540 3788 3760 3843; x_wconf 84' lang='grc' dir='ltr'>ἀπιδὼν</span> 
     </span>
    </p>
   </div>
   <div class='ocr_carea' id='block_1_78' title="bbox 2172 3881 3760 3952">
    <p class='ocr_par' dir='ltr' id='par_1_78' title="bbox 2172 3881 3760 3952">
     <span class='ocr_line' id='line_1_78' title="bbox 2172 3881 3760 3952; baseline -0.003 -13"><span class='ocrx_word' id='word_1_574' title='bbox 2172 3888 2251 3949; x_wconf 81' lang='grc' dir='ltr'><strong>είς</strong></span> <span class='ocrx_word' id='word_1_575' title='bbox 2280 3885 2340 3937; x_wconf 78' lang='grc' dir='ltr'><strong>τὸ</strong></span> <span class='ocrx_word' id='word_1_576' title='bbox 2379 3881 2500 3936; x_wconf 84' lang='grc' dir='ltr'>καθ’</span> <span class='ocrx_word' id='word_1_577' title='bbox 2531 3881 2659 3950; x_wconf 85' lang='grc' dir='ltr'>ὅλης</span> <span class='ocrx_word' id='word_1_578' title='bbox 2692 3881 2792 3950; x_wconf 79' lang='grc' dir='ltr'><strong>τῆς</strong></span> <span class='ocrx_word' id='word_1_579' title='bbox 2832 3881 3157 3951; x_wconf 78' lang='grc' dir='ltr'>οἰκουμένης</span> <span class='ocrx_word' id='word_1_580' title='bbox 3195 3881 3409 3949; x_wconf 74' lang='grc' dir='ltr'>λογικὸν</span> <span class='ocrx_word' id='word_1_581' title='bbox 3449 3883 3760 3952; x_wconf 82' lang='grc' dir='ltr'>συμπόσιον</span> 
     </span>
    </p>
   </div>
   <div class='ocr_carea' id='block_1_79' title="bbox 2169 3972 3761 4048">
    <p class='ocr_par' dir='ltr' id='par_1_79' title="bbox 2169 3972 3761 4048">
     <span class='ocr_line' id='line_1_79' title="bbox 2169 3972 3761 4048; baseline -0.006 -17"><span class='ocrx_word' id='word_1_582' title='bbox 2169 3977 2276 4031; x_wconf 90' lang='grc' dir='ltr'><strong>τῶν</strong></span> <span class='ocrx_word' id='word_1_583' title='bbox 2316 3975 2475 4048; x_wconf 78' lang='grc' dir='ltr'>ἱερῶν</span> <span class='ocrx_word' id='word_1_584' title='bbox 2521 3975 2616 4028; x_wconf 77' lang='grc' dir='ltr'><strong>καὶ</strong></span> <span class='ocrx_word' id='word_1_585' title='bbox 2643 3973 2801 4027; x_wconf 83' lang='grc' dir='ltr'>θείων</span> <span class='ocrx_word' id='word_1_586' title='bbox 2825 3972 3038 4044; x_wconf 83' lang='grc' dir='ltr'>τροφῶν</span> <span class='ocrx_word' id='word_1_587' title='bbox 3070 3972 3178 4026; x_wconf 91' lang='grc' dir='ltr'><strong>τῶν</strong></span> <span class='ocrx_word' id='word_1_588' title='bbox 3207 3972 3484 4044; x_wconf 78' lang='grc' dir='ltr'>πανταχοῦ</span> <span class='ocrx_word' id='word_1_589' title='bbox 3523 3974 3636 4044; x_wconf 81' lang='grc' dir='ltr'>γῆς</span> <span class='ocrx_word' id='word_1_590' title='bbox 3669 3976 3761 4029; x_wconf 70' lang='grc' dir='ltr'>διὰ</span> 
     </span>
    </p>
   </div>
   <div class='ocr_carea' id='block_1_80' title="bbox 499 4063 2066 4135">
    <p class='ocr_par' dir='ltr' id='par_1_80' title="bbox 499 4063 2066 4135">
     <span class='ocr_line' id='line_1_80' title="bbox 499 4063 2066 4135; baseline 0.002 -19"><span class='ocrx_word' id='word_1_591' title='bbox 499 4064 644 4132; x_wconf 91' lang='lat' dir='ltr'><strong>quod</strong></span> <span class='ocrx_word' id='word_1_592' title='bbox 695 4063 909 4132; x_wconf 86' lang='lat' dir='ltr'><strong>ubique-</strong></span> <span class='ocrx_word' id='word_1_593' title='bbox 963 4074 1227 4120; x_wconf 88' lang='lat' dir='ltr'><strong>terrarum</strong></span> <span class='ocrx_word' id='word_1_594' title='bbox 1305 4081 1402 4134; x_wconf 92' lang='lat' dir='ltr'><strong>per</strong></span> <span class='ocrx_word' id='word_1_595' title='bbox 1455 4065 1711 4119; x_wconf 84' lang='lat' dir='ltr'><strong>divinitus</strong></span> <span class='ocrx_word' id='word_1_596' title='bbox 1779 4064 2066 4135; x_wconf 75' lang='lat' dir='ltr'><strong>inspiratus</strong></span> 
     </span>
    </p>
   </div>
   <div class='ocr_carea' id='block_1_81' title="bbox 2176 4063 3761 4135">
    <p class='ocr_par' dir='ltr' id='par_1_81' title="bbox 2176 4063 3761 4134">
     <span class='ocr_line' id='line_1_81' title="bbox 2176 4063 3761 4134; baseline -0.003 -12"><span class='ocrx_word' id='word_1_597' title='bbox 2176 4069 2276 4122; x_wconf 90' lang='grc' dir='ltr'><strong>τῶν</strong></span> <span class='ocrx_word' id='word_1_598' title='bbox 2324 4065 2693 4121; x_wconf 82' lang='grc' dir='ltr'>θεοπνεύστων</span> <span class='ocrx_word' id='word_1_599' title='bbox 2735 4063 3179 4134; x_wconf 85' lang='grc' dir='ltr'>ἀναγνωσμάτων</span> <span class='ocrx_word' id='word_1_600' title='bbox 3227 4065 3362 4116; x_wconf 82' lang='grc' dir='ltr'>πᾶσι</span> <span class='ocrx_word' id='word_1_601' title='bbox 3413 4067 3526 4126; x_wconf 87' lang='grc' dir='ltr'>τοῖς</span> <span class='ocrx_word' id='word_1_602' title='bbox 3571 4065 3761 4118; x_wconf 73' lang='grc' dir='ltr'>ἔθνεσι</span> 
     </span>
    </p>
   </div>
   <div class='ocr_carea' id='block_1_82' title="bbox 501 4152 2066 4229">
    <p class='ocr_par' dir='ltr' id='par_1_82' title="bbox 501 4152 2064 4224">
     <span class='ocr_line' id='line_1_82' title="bbox 501 4152 2064 4224; baseline 0.001 -18"><span class='ocrx_word' id='word_1_603' title='bbox 501 4152 812 4221; x_wconf 80' lang='lat' dir='ltr'><strong>Scripturas</strong></span> <span class='ocrx_word' id='word_1_604' title='bbox 848 4155 1062 4210; x_wconf 90' lang='lat' dir='ltr'><strong>cunctis</strong></span> <span class='ocrx_word' id='word_1_605' title='bbox 1103 4154 1314 4224; x_wconf 88' lang='lat' dir='ltr'><strong>populis</strong></span> <span class='ocrx_word' id='word_1_606' title='bbox 1342 4156 1650 4211; x_wconf 78' lang='lat' dir='ltr'><strong>exhibetur.</strong></span> <span class='ocrx_word' id='word_1_607' title='bbox 1699 4157 1838 4212; x_wconf 82' lang='lat' dir='ltr'><strong>Hinc</strong></span> <span class='ocrx_word' id='word_1_608' title='bbox 1884 4166 2064 4209; x_wconf 89' lang='lat' dir='ltr'><strong>autem</strong></span> 
     </span>
    </p>
   </div>
   <div class='ocr_carea' id='block_1_83' title="bbox 2176 4152 3761 4229">
    <p class='ocr_par' dir='ltr' id='par_1_83' title="bbox 2176 4153 3761 4229">
     <span class='ocr_line' id='line_1_83' title="bbox 2176 4153 3761 4229; baseline -0.002 -15"><span class='ocrx_word' id='word_1_609' title='bbox 2176 4156 2618 4229; x_wconf 83' lang='grc' dir='ltr'>παραδεδομένων</span> <span class='ocrx_word' id='word_1_610' title='bbox 2637 4173 2650 4186; x_wconf 77' lang='grc' dir='ltr'><strong>ο</strong></span> <span class='ocrx_word' id='word_1_611' title='bbox 2681 4154 2930 4209; x_wconf 89' lang='grc' dir='ltr'>ἐντεῦθεν</span> <span class='ocrx_word' id='word_1_612' title='bbox 2961 4155 3016 4208; x_wconf 90' lang='grc' dir='ltr'><strong>δέ</strong></span> <span class='ocrx_word' id='word_1_613' title='bbox 3057 4154 3266 4225; x_wconf 86' lang='grc' dir='ltr'>μετάϐα</span> <span class='ocrx_word' id='word_1_614' title='bbox 3297 4157 3362 4224; x_wconf 80' lang='grc' dir='ltr'>τῇ</span> <span class='ocrx_word' id='word_1_615' title='bbox 3409 4153 3625 4225; x_wconf 76' lang='grc' dir='ltr'>διανοίᾳ</span> <span class='ocrx_word' id='word_1_616' title='bbox 3665 4157 3761 4211; x_wconf 78' lang='grc' dir='ltr'>ἐπὶ</span> 
     </span>
    </p>
   </div>
   <div class='ocr_carea' id='block_1_84' title="bbox 502 4245 2066 4325">
    <p class='ocr_par' dir='ltr' id='par_1_84' title="bbox 502 4245 2062 4315">
     <span class='ocr_line' id='line_1_84' title="bbox 502 4245 2062 4315; baseline -0.001 -17"><span class='ocrx_word' id='word_1_617' title='bbox 502 4253 738 4300; x_wconf 89' lang='lat' dir='ltr'><strong>mentem</strong></span> <span class='ocrx_word' id='word_1_618' title='bbox 771 4245 1002 4300; x_wconf 78' lang='lat' dir='ltr'><strong>transfer</strong></span> <span class='ocrx_word' id='word_1_619' title='bbox 1031 4248 1095 4300; x_wconf 89' lang='lat' dir='ltr'><strong>ad</strong></span> <span class='ocrx_word' id='word_1_620' title='bbox 1125 4255 1496 4315; x_wconf 82' lang='lat' dir='ltr'><strong>exspectatum</strong></span> <span class='ocrx_word' id='word_1_621' title='bbox 1521 4248 1779 4302; x_wconf 70' lang='lat' dir='ltr'><strong>emlorum</strong></span> <span class='ocrx_word' id='word_1_622' title='bbox 1813 4261 2062 4315; x_wconf 80' lang='lat' dir='ltr'><strong>regnum,</strong></span> 
     </span>
    </p>
   </div>
   <div class='ocr_carea' id='block_1_85' title="bbox 2176 4245 3760 4325">
    <p class='ocr_par' dir='ltr' id='par_1_85' title="bbox 2176 4245 3760 4325">
     <span class='ocr_line' id='line_1_85' title="bbox 2176 4245 3760 4325; baseline -0.002 -22"><span class='ocrx_word' id='word_1_623' title='bbox 2176 4254 2274 4325; x_wconf 73' lang='grc' dir='ltr'>τὴν</span> <span class='ocrx_word' id='word_1_624' title='bbox 2299 4247 2748 4321; x_wconf 73' lang='grc' dir='ltr'>προσδοκωμένην</span> <span class='ocrx_word' id='word_1_625' title='bbox 2778 4245 2888 4299; x_wconf 92' lang='grc' dir='ltr'><strong>τῶν</strong></span> <span class='ocrx_word' id='word_1_626' title='bbox 2925 4247 3168 4317; x_wconf 79' lang='grc' dir='ltr'>οὐρανῶν</span> <span class='ocrx_word' id='word_1_627' title='bbox 3195 4245 3470 4316; x_wconf 85' lang='grc' dir='ltr'>βασιλείαν</span> <span class='ocrx_word' id='word_1_628' title='bbox 3494 4265 3508 4278; x_wconf 77' lang='grc' dir='ltr'><strong><em>ο</em></strong></span> <span class='ocrx_word' id='word_1_629' title='bbox 3540 4249 3646 4300; x_wconf 73' lang='grc' dir='ltr'>καὶ</span> <span class='ocrx_word' id='word_1_630' title='bbox 3679 4251 3760 4312; x_wconf 79' lang='grc' dir='ltr'><strong>εἰς</strong></span> 
     </span>
    </p>
   </div>
   <div class='ocr_carea' id='block_1_86' title="bbox 503 4336 2066 4412">
    <p class='ocr_par' dir='ltr' id='par_1_86' title="bbox 503 4336 2064 4412">
     <span class='ocr_line' id='line_1_86' title="bbox 503 4336 2064 4412; baseline -0.001 -24"><span class='ocrx_word' id='word_1_631' title='bbox 503 4346 666 4405; x_wconf 87' lang='lat' dir='ltr'><strong>atque</strong></span> <span class='ocrx_word' id='word_1_632' title='bbox 694 4347 885 4406; x_wconf 86' lang='lat' dir='ltr'><strong>reputa</strong></span> <span class='ocrx_word' id='word_1_633' title='bbox 909 4350 1122 4390; x_wconf 78' lang='lat' dir='ltr'><strong>ccenam</strong></span> <span class='ocrx_word' id='word_1_634' title='bbox 1165 4336 1309 4390; x_wconf 88' lang='lat' dir='ltr'><strong>illam</strong></span> <span class='ocrx_word' id='word_1_635' title='bbox 1360 4351 1489 4391; x_wconf 90' lang='lat' dir='ltr'><strong>vere</strong></span> <span class='ocrx_word' id='word_1_636' title='bbox 1537 4353 1831 4412; x_wconf 88' lang='lat' dir='ltr'><strong>magnam,_</strong></span> <span class='ocrx_word' id='word_1_637' title='bbox 1865 4337 1917 4389; x_wconf 91' lang='lat' dir='ltr'><strong>in</strong></span> <span class='ocrx_word' id='word_1_638' title='bbox 1960 4349 2064 4403; x_wconf 89' lang='lat' dir='ltr'><strong>qua</strong></span> 
     </span>
    </p>
   </div>
   <div class='ocr_carea' id='block_1_87' title="bbox 2176 4336 3759 4412">
    <p class='ocr_par' dir='ltr' id='par_1_87' title="bbox 2176 4336 3759 4408">
     <span class='ocr_line' id='line_1_87' title="bbox 2176 4336 3759 4408; baseline -0.003 -12"><span class='ocrx_word' id='word_1_639' title='bbox 2176 4343 2377 4397; x_wconf 69' lang='grc' dir='ltr'>ἔννοιαν</span> <span class='ocrx_word' id='word_1_640' title='bbox 2401 4339 2519 4392; x_wconf 87' lang='grc' dir='ltr'>ἐλθὲ</span> <span class='ocrx_word' id='word_1_641' title='bbox 2550 4338 2640 4390; x_wconf 89' lang='grc' dir='ltr'><strong>τοῦ</strong></span> <span class='ocrx_word' id='word_1_642' title='bbox 2671 4338 2792 4390; x_wconf 84' lang='grc' dir='ltr'>τότε</span> <span class='ocrx_word' id='word_1_643' title='bbox 2822 4338 3055 4408; x_wconf 86' lang='grc' dir='ltr'>μεγάλου</span> <span class='ocrx_word' id='word_1_644' title='bbox 3085 4337 3160 4400; x_wconf 86' lang='grc' dir='ltr'>ὼς</span> <span class='ocrx_word' id='word_1_645' title='bbox 3182 4336 3396 4408; x_wconf 87' lang='grc' dir='ltr'>ἀληθῶς</span> <span class='ocrx_word' id='word_1_646' title='bbox 3425 4337 3673 4403; x_wconf 86' lang='grc' dir='ltr'>δείπνου,</span> <span class='ocrx_word' id='word_1_647' title='bbox 3700 4342 3759 4392; x_wconf 85' lang='grc' dir='ltr'><strong>ἐν</strong></span> 
     </span>
    </p>
   </div>
   <div class='ocr_carea' id='block_1_88' title="bbox 499 4427 2066 4502">
    <p class='ocr_par' dir='ltr' id='par_1_88' title="bbox 499 4428 2065 4497">
     <span class='ocr_line' id='line_1_88' title="bbox 499 4428 2065 4497; baseline -0.001 -14"><span class='ocrx_word' id='word_1_648' title='bbox 499 4443 624 4484; x_wconf 88' lang='lat' dir='ltr'><strong>cum</strong></span> <span class='ocrx_word' id='word_1_649' title='bbox 655 4429 883 4497; x_wconf 85' lang='lat' dir='ltr'><strong>angelis,</strong></span> <span class='ocrx_word' id='word_1_650' title='bbox 917 4428 1224 4497; x_wconf 88' lang='lat' dir='ltr'><strong>divinisque</strong></span> <span class='ocrx_word' id='word_1_651' title='bbox 1265 4429 1522 4483; x_wconf 63' lang='lat' dir='ltr'><strong>caelorum</strong></span> <span class='ocrx_word' id='word_1_652' title='bbox 1560 4430 1850 4484; x_wconf 83' lang='lat' dir='ltr'><strong>virtutibus</strong></span> <span class='ocrx_word' id='word_1_653' title='bbox 1895 4428 2065 4481; x_wconf 70' lang='lat' dir='ltr'><strong>beata:</strong></span> 
     </span>
    </p>
   </div>
   <div class='ocr_carea' id='block_1_89' title="bbox 2176 4427 3758 4502">
    <p class='ocr_par' dir='ltr' id='par_1_89' title="bbox 2176 4427 3758 4502">
     <span class='ocr_line' id='line_1_89' title="bbox 2176 4427 3758 4502; baseline -0.001 -16"><span class='ocrx_word' id='word_1_654' title='bbox 2176 4427 2214 4500; x_wconf 79' lang='grc' dir='ltr'>ᾧ</span> <span class='ocrx_word' id='word_1_655' title='bbox 2248 4430 2750 4489; x_wconf 86' lang='grc' dir='ltr'>συναναπαύσονται</span> <span class='ocrx_word' id='word_1_656' title='bbox 2795 4428 3048 4497; x_wconf 87' lang='grc' dir='ltr'>ἀγγέλοις</span> <span class='ocrx_word' id='word_1_657' title='bbox 3080 4431 3173 4482; x_wconf 78' lang='grc' dir='ltr'><strong>καὶ</strong></span> <span class='ocrx_word' id='word_1_658' title='bbox 3206 4433 3326 4492; x_wconf 85' lang='grc' dir='ltr'>ταῖς</span> <span class='ocrx_word' id='word_1_659' title='bbox 3371 4431 3490 4482; x_wconf 83' lang='grc' dir='ltr'>κατ’</span> <span class='ocrx_word' id='word_1_660' title='bbox 3515 4431 3758 4502; x_wconf 85' lang='grc' dir='ltr'>οὐρανὸν</span> 
     </span>
    </p>
   </div>
   <div class='ocr_carea' id='block_1_90' title="bbox 498 4515 2066 4594">
    <p class='ocr_par' dir='ltr' id='par_1_90' title="bbox 498 4521 2062 4592">
     <span class='ocr_line' id='line_1_90' title="bbox 498 4521 2062 4592; baseline 0 -18"><span class='ocrx_word' id='word_1_661' title='bbox 498 4521 696 4574; x_wconf 76' lang='lat' dir='ltr'><strong>animae</strong></span> <span class='ocrx_word' id='word_1_662' title='bbox 727 4522 1092 4590; x_wconf 88' lang='lat' dir='ltr'><strong>requiescent,</strong></span> <span class='ocrx_word' id='word_1_663' title='bbox 1123 4521 1544 4592; x_wconf 85' lang='lat' dir='ltr'><strong>angelorumque</strong></span> <span class='ocrx_word' id='word_1_664' title='bbox 1565 4535 1700 4590; x_wconf 90' lang='lat' dir='ltr'><strong>pane</strong></span> <span class='ocrx_word' id='word_1_665' title='bbox 1719 4523 2023 4574; x_wconf 89' lang='lat' dir='ltr'><strong>nutrientur</strong></span> <span class='ocrx_word' id='word_1_666' title='bbox 2047 4537 2062 4574; x_wconf 85' lang='lat'><strong>:</strong></span> 
     </span>
    </p>
   </div>
   <div class='ocr_carea' id='block_1_91' title="bbox 2176 4515 3758 4594">
    <p class='ocr_par' dir='ltr' id='par_1_91' title="bbox 2176 4515 3758 4594">
     <span class='ocr_line' id='line_1_91' title="bbox 2176 4515 3758 4594; baseline 0 -18"><span class='ocrx_word' id='word_1_667' title='bbox 2176 4522 2351 4586; x_wconf 80' lang='grc' dir='ltr'>θείαις</span> <span class='ocrx_word' id='word_1_668' title='bbox 2383 4523 2677 4591; x_wconf 76' lang='grc' dir='ltr'>δυνάμεσιν</span> <span class='ocrx_word' id='word_1_669' title='bbox 2705 4521 2760 4572; x_wconf 86' lang='grc' dir='ltr'>αἱ</span> <span class='ocrx_word' id='word_1_670' title='bbox 2797 4520 2906 4573; x_wconf 89' lang='grc' dir='ltr'><strong>τῶν</strong></span> <span class='ocrx_word' id='word_1_671' title='bbox 2932 4521 3217 4592; x_wconf 88' lang='grc' dir='ltr'>μακαρίων</span> <span class='ocrx_word' id='word_1_672' title='bbox 3241 4522 3428 4592; x_wconf 72' lang='grc' dir='ltr'>ψυχαὶ,</span> <span class='ocrx_word' id='word_1_673' title='bbox 3463 4523 3522 4574; x_wconf 86' lang='grc' dir='ltr'><strong>ἐν</strong></span> <span class='ocrx_word' id='word_1_674' title='bbox 3551 4515 3602 4589; x_wconf 80' lang='grc' dir='ltr'><strong>ᾧ</strong></span> <span class='ocrx_word' id='word_1_675' title='bbox 3623 4540 3758 4594; x_wconf 85' lang='grc' dir='ltr'>τρα-</span> 
     </span>
    </p>
   </div>
   <div class='ocr_carea' id='block_1_92' title="bbox 500 4611 2066 4684">
    <p class='ocr_par' dir='ltr' id='par_1_92' title="bbox 500 4613 2066 4681">
     <span class='ocr_line' id='line_1_92' title="bbox 500 4613 2066 4681; baseline 0.003 -18"><span class='ocrx_word' id='word_1_676' title='bbox 500 4625 607 4680; x_wconf 88' lang='lat' dir='ltr'><strong>quo</strong></span> <span class='ocrx_word' id='word_1_677' title='bbox 623 4626 755 4666; x_wconf 86' lang='lat' dir='ltr'><strong>sane</strong></span> <span class='ocrx_word' id='word_1_678' title='bbox 784 4623 1024 4680; x_wconf 88' lang='lat' dir='ltr'><strong>tempore</strong></span> <span class='ocrx_word' id='word_1_679' title='bbox 1049 4613 1248 4667; x_wconf 90' lang='lat' dir='ltr'><strong>dictum</strong></span> <span class='ocrx_word' id='word_1_680' title='bbox 1273 4613 1400 4666; x_wconf 90' lang='lat' dir='ltr'><strong>illud</strong></span> <span class='ocrx_word' id='word_1_681' title='bbox 1430 4614 1657 4667; x_wconf 87' lang='lat' dir='ltr'><strong>lirmiter</strong></span> <span class='ocrx_word' id='word_1_682' title='bbox 1684 4613 2066 4681; x_wconf 86' lang='lat' dir='ltr'><strong>splendideque</strong></span> 
     </span>
    </p>
   </div>
   <div class='ocr_carea' id='block_1_93' title="bbox 2176 4611 3755 4684">
    <p class='ocr_par' dir='ltr' id='par_1_93' title="bbox 2176 4611 3755 4684">
     <span class='ocr_line' id='line_1_93' title="bbox 2176 4611 3755 4684; baseline 0.002 -19"><span class='ocrx_word' id='word_1_683' title='bbox 2176 4615 2430 4684; x_wconf 85' lang='grc' dir='ltr'>φήσονται</span> <span class='ocrx_word' id='word_1_684' title='bbox 2468 4611 2546 4682; x_wconf 79' lang='grc' dir='ltr'><strong>τῷ</strong></span> <span class='ocrx_word' id='word_1_685' title='bbox 2579 4611 2687 4665; x_wconf 89' lang='grc' dir='ltr'><strong>τῶν</strong></span> <span class='ocrx_word' id='word_1_686' title='bbox 2725 4611 2968 4680; x_wconf 81' lang='grc' dir='ltr'>ἀγγέλων</span> <span class='ocrx_word' id='word_1_687' title='bbox 2999 4613 3178 4684; x_wconf 73' lang='grc' dir='ltr'><strong>ἄρτῳ⁸</strong></span> <span class='ocrx_word' id='word_1_688' title='bbox 3215 4611 3597 4684; x_wconf 81' lang='grc' dir='ltr'>πληρουμένου</span> <span class='ocrx_word' id='word_1_689' title='bbox 3653 4633 3755 4668; x_wconf 83' lang='grc' dir='ltr'>κυ-</span> 
     </span>
    </p>
   </div>
   <div class='ocr_carea' id='block_1_94' title="bbox 493 4700 2066 4776">
    <p class='ocr_par' dir='ltr' id='par_1_94' title="bbox 493 4700 2060 4772">
     <span class='ocr_line' id='line_1_94' title="bbox 493 4700 2060 4772; baseline 0.001 -15"><span class='ocrx_word' id='word_1_690' title='bbox 493 4702 875 4772; x_wconf 81' lang='lat' dir='ltr'><strong>complebitur,</strong></span> <span class='ocrx_word' id='word_1_691' title='bbox 912 4700 1111 4756; x_wconf 87' lang='lat' dir='ltr'><strong>Panem</strong></span> <span class='ocrx_word' id='word_1_692' title='bbox 1139 4704 1444 4772; x_wconf 88' lang='lat' dir='ltr'><strong>angelorum</strong></span> <span class='ocrx_word' id='word_1_693' title='bbox 1465 4704 1800 4756; x_wconf 84' lang='lat' dir='ltr'><strong>manducavit</strong></span> <span class='ocrx_word' id='word_1_694' title='bbox 1821 4704 1973 4756; x_wconf 85' lang='lat' dir='ltr'><strong>homo</strong></span> <span class='ocrx_word' id='word_1_695' title='bbox 1996 4703 2060 4760; x_wconf 80' lang='lat'><strong>&quot;’.</strong></span> 
     </span>
    </p>
   </div>
   <div class='ocr_carea' id='block_1_95' title="bbox 2176 4700 3749 4776">
    <p class='ocr_par' dir='ltr' id='par_1_95' title="bbox 2176 4703 3749 4776">
     <span class='ocr_line' id='line_1_95' title="bbox 2176 4703 3749 4776; baseline 0.003 -20"><span class='ocrx_word' id='word_1_696' title='bbox 2176 4705 2305 4776; x_wconf 88' lang='grc' dir='ltr'>ρίως</span> <span class='ocrx_word' id='word_1_697' title='bbox 2350 4705 2470 4757; x_wconf 72' lang='grc' dir='ltr'>τότε</span> <span class='ocrx_word' id='word_1_698' title='bbox 2539 4705 2634 4758; x_wconf 73' lang='grc' dir='ltr'>καὶ</span> <span class='ocrx_word' id='word_1_699' title='bbox 2697 4703 3014 4774; x_wconf 88' lang='grc' dir='ltr'>θεοπρεπῶς</span> <span class='ocrx_word' id='word_1_700' title='bbox 3055 4703 3147 4758; x_wconf 92' lang='grc' dir='ltr'><strong>τοῦ</strong></span> <span class='ocrx_word' id='word_1_701' title='bbox 3201 4705 3498 4773; x_wconf 86' lang='grc' dir='ltr'>φάσκοντος</span> <span class='ocrx_word' id='word_1_702' title='bbox 3548 4705 3749 4774; x_wconf 81' lang='grc' dir='ltr'>λόγου·</span> 
     </span>
    </p>
   </div>
   <div class='ocr_carea' id='block_1_96' title="bbox 499 4789 2062 4860">
    <p class='ocr_par' dir='ltr' id='par_1_96' title="bbox 499 4789 2062 4860">
     <span class='ocr_line' id='line_1_96' title="bbox 499 4789 2062 4860; baseline 0.002 -15"><span class='ocrx_word' id='word_1_703' title='bbox 499 4789 682 4859; x_wconf 86' lang='lat' dir='ltr'><strong>Neque</strong></span> <span class='ocrx_word' id='word_1_704' title='bbox 707 4791 848 4845; x_wconf 92' lang='lat' dir='ltr'><strong>enim</strong></span> <span class='ocrx_word' id='word_1_705' title='bbox 881 4791 1157 4860; x_wconf 80' lang='lat' dir='ltr'><strong>multiplex</strong></span> <span class='ocrx_word' id='word_1_706' title='bbox 1188 4793 1291 4846; x_wconf 90' lang='lat' dir='ltr'><strong>erit</strong></span> <span class='ocrx_word' id='word_1_707' title='bbox 1331 4791 1419 4845; x_wconf 91' lang='lat' dir='ltr'><strong>ille</strong></span> <span class='ocrx_word' id='word_1_708' title='bbox 1450 4793 1635 4858; x_wconf 90' lang='lat' dir='ltr'><strong>cibus,</strong></span> <span class='ocrx_word' id='word_1_709' title='bbox 1669 4807 1842 4857; x_wconf 79' lang='lat' dir='ltr'><strong>neque</strong></span> <span class='ocrx_word' id='word_1_710' title='bbox 1875 4792 2062 4848; x_wconf 89' lang='lat' dir='ltr'><strong>condi-</strong></span> 
     </span>
    </p>
   </div>
   <div class='ocr_carea' id='block_1_97' title="bbox 499 4880 2060 4951">
    <p class='ocr_par' dir='ltr' id='par_1_97' title="bbox 499 4880 2060 4951">
     <span class='ocr_line' id='line_1_97' title="bbox 499 4880 2060 4951; baseline 0 -17"><span class='ocrx_word' id='word_1_711' title='bbox 499 4883 639 4936; x_wconf 87' lang='lat' dir='ltr'><strong>turis</strong></span> <span class='ocrx_word' id='word_1_712' title='bbox 664 4892 755 4934; x_wconf 93' lang='lat' dir='ltr'><strong>aut</strong></span> <span class='ocrx_word' id='word_1_713' title='bbox 784 4881 1024 4936; x_wconf 86' lang='lat' dir='ltr'><strong>obsoniis</strong></span> <span class='ocrx_word' id='word_1_714' title='bbox 1051 4882 1230 4951; x_wconf 80' lang='lat' dir='ltr'><strong>egebit</strong></span> <span class='ocrx_word' id='word_1_715' title='bbox 1255 4898 1270 4946; x_wconf 91' lang='lat'><strong>;</strong></span> <span class='ocrx_word' id='word_1_716' title='bbox 1305 4882 1397 4934; x_wconf 90' lang='lat' dir='ltr'><strong>sed</strong></span> <span class='ocrx_word' id='word_1_717' title='bbox 1439 4895 1542 4934; x_wconf 91' lang='lat' dir='ltr'><strong>uno</strong></span> <span class='ocrx_word' id='word_1_718' title='bbox 1567 4895 1703 4948; x_wconf 90' lang='lat' dir='ltr'><strong>pane</strong></span> <span class='ocrx_word' id='word_1_719' title='bbox 1737 4880 2060 4934; x_wconf 89' lang='lat' dir='ltr'><strong>immortali-</strong></span> 
     </span>
    </p>
   </div>
   <div class='ocr_carea' id='block_1_98' title="bbox 494 4973 2055 5042">
    <p class='ocr_par' dir='ltr' id='par_1_98' title="bbox 494 4973 2055 5042">
     <span class='ocr_line' id='line_1_98' title="bbox 494 4973 2055 5042; baseline -0.001 -16"><span class='ocrx_word' id='word_1_720' title='bbox 494 4973 624 5028; x_wconf 83' lang='lat' dir='ltr'><strong>tatis</strong></span> <span class='ocrx_word' id='word_1_721' title='bbox 674 4983 853 5028; x_wconf 84' lang='lat' dir='ltr'><strong>satore</strong></span> <span class='ocrx_word' id='word_1_722' title='bbox 894 4974 1122 5042; x_wconf 77' lang='lat' dir='ltr'><strong>vitzeque</strong></span> <span class='ocrx_word' id='word_1_723' title='bbox 1170 4983 1384 5027; x_wconf 63' lang='grc' dir='ltr'>αξιοι-ηαδ</span> <span class='ocrx_word' id='word_1_724' title='bbox 1438 4973 1625 5026; x_wconf 90' lang='lat' dir='ltr'><strong>datore</strong></span> <span class='ocrx_word' id='word_1_725' title='bbox 1661 4974 1963 5026; x_wconf 89' lang='lat' dir='ltr'><strong>nutrientur</strong></span> <span class='ocrx_word' id='word_1_726' title='bbox 1999 4973 2055 5038; x_wconf 93' lang='lat' dir='ltr'><strong>ii,</strong></span> 
     </span>
    </p>
   </div>
   <div class='ocr_carea' id='block_1_99' title="bbox 492 5061 2057 5135">
    <p class='ocr_par' dir='ltr' id='par_1_99' title="bbox 492 5061 2057 5135">
     <span class='ocr_line' id='line_1_99' title="bbox 492 5061 2057 5135; baseline 0.002 -19"><span class='ocrx_word' id='word_1_727' title='bbox 492 5061 563 5116; x_wconf 87' lang='lat' dir='ltr'><strong>de</strong></span> <span class='ocrx_word' id='word_1_728' title='bbox 610 5062 805 5132; x_wconf 89' lang='lat' dir='ltr'><strong>quibus</strong></span> <span class='ocrx_word' id='word_1_729' title='bbox 845 5063 1105 5119; x_wconf 88' lang='lat' dir='ltr'><strong>Servator</strong></span> <span class='ocrx_word' id='word_1_730' title='bbox 1155 5064 1412 5134; x_wconf 90' lang='lat' dir='ltr'><strong>loquitur,</strong></span> <span class='ocrx_word' id='word_1_731' title='bbox 1456 5065 1654 5134; x_wconf 93' lang='lat' dir='ltr'><strong>quique</strong></span> <span class='ocrx_word' id='word_1_732' title='bbox 1704 5065 1758 5118; x_wconf 89' lang='lat' dir='ltr'><strong>in</strong></span> <span class='ocrx_word' id='word_1_733' title='bbox 1805 5065 2057 5135; x_wconf 64' lang='lat' dir='ltr'><strong>praesenti</strong></span> 
     </span>
    </p>
   </div>
   <div class='ocr_carea' id='block_1_100' title="bbox 494 5153 2057 5225">
    <p class='ocr_par' dir='ltr' id='par_1_100' title="bbox 494 5153 2057 5225">
     <span class='ocr_line' id='line_1_100' title="bbox 494 5153 2057 5225; baseline 0.003 -20"><span class='ocrx_word' id='word_1_734' title='bbox 494 5153 602 5206; x_wconf 89' lang='lat' dir='ltr'><strong>vita</strong></span> <span class='ocrx_word' id='word_1_735' title='bbox 633 5153 751 5209; x_wconf 84' lang='lat' dir='ltr'><strong>aliis</strong></span> <span class='ocrx_word' id='word_1_736' title='bbox 781 5153 1030 5210; x_wconf 86' lang='lat' dir='ltr'><strong>alimenta</strong></span> <span class='ocrx_word' id='word_1_737' title='bbox 1076 5156 1425 5225; x_wconf 65' lang='lat' dir='ltr'><strong>praebuerint.</strong></span> <span class='ocrx_word' id='word_1_738' title='bbox 1461 5155 1625 5211; x_wconf 85' lang='lat' dir='ltr'><strong>Panis</strong></span> <span class='ocrx_word' id='word_1_739' title='bbox 1673 5171 1804 5211; x_wconf 90' lang='lat' dir='ltr'><strong>vero</strong></span> <span class='ocrx_word' id='word_1_740' title='bbox 1843 5171 2057 5210; x_wconf 88' lang='lat' dir='ltr'><strong>rursum</strong></span> 
     </span>
    </p>
   </div>
   <div class='ocr_carea' id='block_1_101' title="bbox 2173 4793 3752 4868">
    <p class='ocr_par' dir='ltr' id='par_1_101' title="bbox 2173 4793 3752 4868">
     <span class='ocr_line' id='line_1_101' title="bbox 2173 4793 3752 4868; baseline 0.003 -20"><span class='ocrx_word' id='word_1_741' title='bbox 2173 4797 2378 4863; x_wconf 79' lang='grc' dir='ltr'>Ἄρτον</span> <span class='ocrx_word' id='word_1_742' title='bbox 2425 4793 2695 4864; x_wconf 68' lang='grc' dir='ltr'>ἀγγέλων</span> <span class='ocrx_word' id='word_1_743' title='bbox 2741 4793 2964 4864; x_wconf 75' lang='grc' dir='ltr'>ἔφαγεν</span> <span class='ocrx_word' id='word_1_744' title='bbox 3012 4795 3343 4863; x_wconf 80' lang='grc' dir='ltr'>ἅνθρωπος.</span> <span class='ocrx_word' id='word_1_745' title='bbox 3384 4797 3458 4848; x_wconf 83' lang='grc' dir='ltr'>Ού</span> <span class='ocrx_word' id='word_1_746' title='bbox 3494 4796 3614 4868; x_wconf 76' lang='grc' dir='ltr'>γὰρ</span> <span class='ocrx_word' id='word_1_747' title='bbox 3653 4816 3752 4852; x_wconf 82' lang='grc' dir='ltr'>πο-</span> 
     </span>
    </p>
   </div>
   <div class='ocr_carea' id='block_1_102' title="bbox 2167 4885 3752 4958">
    <p class='ocr_par' dir='ltr' id='par_1_102' title="bbox 2167 4885 3752 4958">
     <span class='ocr_line' id='line_1_102' title="bbox 2167 4885 3752 4958; baseline 0.005 -21"><span class='ocrx_word' id='word_1_748' title='bbox 2167 4885 2379 4956; x_wconf 83' lang='grc' dir='ltr'>λυειδὴς</span> <span class='ocrx_word' id='word_1_749' title='bbox 2432 4886 2583 4939; x_wconf 79' lang='grc' dir='ltr'>ἔσται</span> <span class='ocrx_word' id='word_1_750' title='bbox 2630 4888 2663 4957; x_wconf 83' lang='grc' dir='ltr'>ἡ</span> <span class='ocrx_word' id='word_1_751' title='bbox 2713 4888 2833 4940; x_wconf 86' lang='grc' dir='ltr'>τότε</span> <span class='ocrx_word' id='word_1_752' title='bbox 2879 4885 3074 4958; x_wconf 78' lang='grc' dir='ltr'>τροφὴ,</span> <span class='ocrx_word' id='word_1_753' title='bbox 3122 4885 3244 4939; x_wconf 78' lang='grc' dir='ltr'>οὔτε</span> <span class='ocrx_word' id='word_1_754' title='bbox 3275 4887 3588 4958; x_wconf 77' lang='grc' dir='ltr'>ἡδύσματος</span> <span class='ocrx_word' id='word_1_755' title='bbox 3626 4891 3752 4944; x_wconf 77' lang='grc' dir='ltr'>οὔτε</span> 
     </span>
    </p>
   </div>
   <div class='ocr_carea' id='block_1_103' title="bbox 2165 4973 3754 5050">
    <p class='ocr_par' dir='ltr' id='par_1_103' title="bbox 2165 4973 3754 5050">
     <span class='ocr_line' id='line_1_103' title="bbox 2165 4973 3754 5050; baseline 0.004 -22"><span class='ocrx_word' id='word_1_756' title='bbox 2165 4973 2309 5044; x_wconf 77' lang='grc' dir='ltr'>ὕψων</span> <span class='ocrx_word' id='word_1_757' title='bbox 2341 4975 2588 5046; x_wconf 85' lang='grc' dir='ltr'>δεομένη,</span> <span class='ocrx_word' id='word_1_758' title='bbox 2620 4975 2766 5046; x_wconf 83' lang='grc' dir='ltr'>ἄρτῳ</span> <span class='ocrx_word' id='word_1_759' title='bbox 2797 4976 2854 5028; x_wconf 83' lang='grc' dir='ltr'>δὲ</span> <span class='ocrx_word' id='word_1_760' title='bbox 2895 4976 3041 5046; x_wconf 85' lang='grc' dir='ltr'>μόνῳ</span> <span class='ocrx_word' id='word_1_761' title='bbox 3065 4976 3439 5046; x_wconf 80' lang='grc' dir='ltr'>ἁθανατοποιῷ</span> <span class='ocrx_word' id='word_1_762' title='bbox 3474 4979 3568 5031; x_wconf 71' lang='grc' dir='ltr'><strong>καὶ</strong></span> <span class='ocrx_word' id='word_1_763' title='bbox 3604 4979 3754 5050; x_wconf 74' lang='grc' dir='ltr'>ζωῆς</span> 
     </span>
    </p>
   </div>
   <div class='ocr_carea' id='block_1_104' title="bbox 2165 5065 3751 5138">
    <p class='ocr_par' dir='ltr' id='par_1_104' title="bbox 2165 5065 3751 5138">
     <span class='ocr_line' id='line_1_104' title="bbox 2165 5065 3751 5138; baseline 0.003 -19"><span class='ocrx_word' id='word_1_764' title='bbox 2165 5065 2381 5119; x_wconf 83' lang='grc' dir='ltr'>αἰωνίου</span> <span class='ocrx_word' id='word_1_765' title='bbox 2404 5066 2718 5138; x_wconf 80' lang='grc' dir='ltr'>παρεκτικῷ</span> <span class='ocrx_word' id='word_1_766' title='bbox 2741 5069 3106 5138; x_wconf 81' lang='grc' dir='ltr'>τραφήσονται</span> <span class='ocrx_word' id='word_1_767' title='bbox 3127 5070 3175 5120; x_wconf 80' lang='grc' dir='ltr'>οἱ</span> <span class='ocrx_word' id='word_1_768' title='bbox 3199 5068 3336 5121; x_wconf 72' lang='grc' dir='ltr'>κατὰ</span> <span class='ocrx_word' id='word_1_769' title='bbox 3356 5068 3446 5120; x_wconf 83' lang='grc' dir='ltr'><strong>τὸν</strong></span> <span class='ocrx_word' id='word_1_770' title='bbox 3466 5070 3751 5124; x_wconf 74' lang='grc' dir='ltr'>ἐνεστῶτα</span> 
     </span>
    </p>
   </div>
   <div class='ocr_carea' id='block_1_105' title="bbox 2166 5143 3749 5233">
    <p class='ocr_par' dir='ltr' id='par_1_105' title="bbox 2166 5143 3749 5233">
     <span class='ocr_line' id='line_1_105' title="bbox 2166 5143 3749 5233; baseline 0.006 -25"><span class='ocrx_word' id='word_1_771' title='bbox 2166 5143 2278 5228; x_wconf 85' lang='grc' dir='ltr'>βίον</span> <span class='ocrx_word' id='word_1_772' title='bbox 2305 5156 2618 5230; x_wconf 67' lang='grc' dir='ltr'>θρέψαντες,</span> <span class='ocrx_word' id='word_1_773' title='bbox 2655 5157 2750 5222; x_wconf 79' lang='grc' dir='ltr'><strong>οὓς</strong></span> <span class='ocrx_word' id='word_1_774' title='bbox 2775 5160 3057 5229; x_wconf 77' lang='grc' dir='ltr'>ὠνόμασεν</span> <span class='ocrx_word' id='word_1_775' title='bbox 3080 5161 3108 5212; x_wconf 91' lang='lat'><strong>6</strong></span> <span class='ocrx_word' id='word_1_776' title='bbox 3133 5161 3345 5232; x_wconf 77' lang='grc' dir='ltr'>Σωτήρ.</span> <span class='ocrx_word' id='word_1_777' title='bbox 3395 5161 3452 5214; x_wconf 78' lang='grc' dir='ltr'>Ὀ</span> <span class='ocrx_word' id='word_1_778' title='bbox 3485 5161 3542 5214; x_wconf 81' lang='grc' dir='ltr'>δὲ</span> <span class='ocrx_word' id='word_1_779' title='bbox 3578 5164 3749 5233; x_wconf 71' lang='grc' dir='ltr'>ἄρτος</span> 
     </span>
    </p>
   </div>
   <div class='ocr_carea' id='block_1_106' title="bbox 2165 5248 3748 5323">
    <p class='ocr_par' dir='ltr' id='par_1_106' title="bbox 2165 5248 3748 5323">
     <span class='ocr_line' id='line_1_106' title="bbox 2165 5248 3748 5323; baseline 0.003 -23"><span class='ocrx_word' id='word_1_780' title='bbox 2165 5248 2329 5302; x_wconf 88' lang='grc' dir='ltr'>πάλιν</span> <span class='ocrx_word' id='word_1_781' title='bbox 2353 5249 2437 5321; x_wconf 81' lang='grc' dir='ltr'><strong>εῐη</strong></span> <span class='ocrx_word' id='word_1_782' title='bbox 2476 5253 2504 5303; x_wconf 87' lang='grc' dir='ltr'><strong>ό</strong></span> <span class='ocrx_word' id='word_1_783' title='bbox 2542 5250 2730 5320; x_wconf 76' lang='grc' dir='ltr'>ψυχῶν</span> <span class='ocrx_word' id='word_1_784' title='bbox 2760 5252 2854 5304; x_wconf 74' lang='grc' dir='ltr'><strong>καὶ</strong></span> <span class='ocrx_word' id='word_1_785' title='bbox 2893 5252 3136 5320; x_wconf 80' lang='grc' dir='ltr'>ἀγγέλων</span> <span class='ocrx_word' id='word_1_786' title='bbox 3165 5253 3256 5304; x_wconf 75' lang='grc' dir='ltr'><strong>καὶ</strong></span> <span class='ocrx_word' id='word_1_787' title='bbox 3284 5251 3392 5304; x_wconf 89' lang='grc' dir='ltr'><strong>τῶν</strong></span> <span class='ocrx_word' id='word_1_788' title='bbox 3424 5252 3545 5305; x_wconf 77' lang='grc' dir='ltr'>κατ’</span> <span class='ocrx_word' id='word_1_789' title='bbox 3575 5253 3748 5323; x_wconf 77' lang='grc' dir='ltr'>οὐρα-</span> 
     </span>
    </p>
   </div>
   <div class='ocr_carea' id='block_1_107' title="bbox 2165 5340 3748 5413">
    <p class='ocr_par' dir='ltr' id='par_1_107' title="bbox 2165 5340 3748 5413">
     <span class='ocr_line' id='line_1_107' title="bbox 2165 5340 3748 5413; baseline 0.003 -20"><span class='ocrx_word' id='word_1_790' title='bbox 2165 5340 2256 5394; x_wconf 83' lang='grc' dir='ltr'><strong>νὸν</strong></span> <span class='ocrx_word' id='word_1_791' title='bbox 2297 5340 2529 5410; x_wconf 88' lang='grc' dir='ltr'>λογικῶν</span> <span class='ocrx_word' id='word_1_792' title='bbox 2561 5343 2824 5413; x_wconf 88' lang='grc' dir='ltr'>τρόφιμος</span> <span class='ocrx_word' id='word_1_793' title='bbox 2855 5342 3010 5411; x_wconf 87' lang='grc' dir='ltr'>λόγος</span> <span class='ocrx_word' id='word_1_794' title='bbox 3031 5359 3046 5374; x_wconf 74' lang='grc' dir='ltr'><strong>ο</strong></span> <span class='ocrx_word' id='word_1_795' title='bbox 3082 5342 3240 5396; x_wconf 91' lang='grc' dir='ltr'>τοῦτο</span> <span class='ocrx_word' id='word_1_796' title='bbox 3283 5342 3414 5411; x_wconf 87' lang='grc' dir='ltr'>γοῦν</span> <span class='ocrx_word' id='word_1_797' title='bbox 3442 5343 3611 5408; x_wconf 80' lang='grc' dir='ltr'>αὐτὸς</span> <span class='ocrx_word' id='word_1_798' title='bbox 3637 5343 3748 5397; x_wconf 78' lang='grc' dir='ltr'>ὲδίο</span> 
     </span>
    </p>
   </div>
   <div class='ocr_carea' id='block_1_108' title="bbox 492 5242 2059 5318">
    <p class='ocr_par' dir='ltr' id='par_1_108' title="bbox 492 5242 2059 5318">
     <span class='ocr_line' id='line_1_108' title="bbox 492 5242 2059 5318; baseline 0.004 -21"><span class='ocrx_word' id='word_1_799' title='bbox 492 5242 838 5314; x_wconf 87' lang='lat' dir='ltr'><strong>intelligitur,</strong></span> <span class='ocrx_word' id='word_1_800' title='bbox 870 5247 960 5316; x_wconf 90' lang='lat' dir='ltr'><strong>qui</strong></span> <span class='ocrx_word' id='word_1_801' title='bbox 993 5256 1046 5302; x_wconf 91' lang='lat' dir='ltr'><strong>et</strong></span> <span class='ocrx_word' id='word_1_802' title='bbox 1081 5248 1289 5303; x_wconf 91' lang='lat' dir='ltr'><strong>animas</strong></span> <span class='ocrx_word' id='word_1_803' title='bbox 1320 5258 1375 5302; x_wconf 88' lang='lat' dir='ltr'><strong>et</strong></span> <span class='ocrx_word' id='word_1_804' title='bbox 1404 5249 1626 5318; x_wconf 88' lang='lat' dir='ltr'><strong>angelos</strong></span> <span class='ocrx_word' id='word_1_805' title='bbox 1659 5259 1715 5304; x_wconf 91' lang='lat' dir='ltr'><strong>et</strong></span> <span class='ocrx_word' id='word_1_806' title='bbox 1763 5247 2059 5304; x_wconf 91' lang='lat' dir='ltr'><strong>rationales</strong></span> 
     </span>
    </p>
   </div>
   <div class='ocr_carea' id='block_1_109' title="bbox 490 5335 2053 5412">
    <p class='ocr_par' dir='ltr' id='par_1_109' title="bbox 490 5335 2053 5412">
     <span class='ocr_line' id='line_1_109' title="bbox 490 5335 2053 5412; baseline 0.004 -24"><span class='ocrx_word' id='word_1_807' title='bbox 490 5348 612 5404; x_wconf 74' lang='lat' dir='ltr'><strong>quae</strong></span> <span class='ocrx_word' id='word_1_808' title='bbox 633 5335 686 5390; x_wconf 92' lang='lat' dir='ltr'><strong>in</strong></span> <span class='ocrx_word' id='word_1_809' title='bbox 719 5336 854 5392; x_wconf 76' lang='lat' dir='ltr'><strong>ctelo</strong></span> <span class='ocrx_word' id='word_1_810' title='bbox 894 5350 1022 5394; x_wconf 91' lang='lat' dir='ltr'><strong>sunt</strong></span> <span class='ocrx_word' id='word_1_811' title='bbox 1059 5348 1266 5394; x_wconf 88' lang='lat' dir='ltr'><strong>mentes</strong></span> <span class='ocrx_word' id='word_1_812' title='bbox 1299 5339 1411 5394; x_wconf 88' lang='lat' dir='ltr'><strong>alit.</strong></span> <span class='ocrx_word' id='word_1_813' title='bbox 1450 5341 1504 5394; x_wconf 91' lang='lat' dir='ltr'><strong>ld</strong></span> <span class='ocrx_word' id='word_1_814' title='bbox 1531 5341 1676 5410; x_wconf 84' lang='lat' dir='ltr'><strong>quod</strong></span> <span class='ocrx_word' id='word_1_815' title='bbox 1719 5340 1835 5412; x_wconf 87' lang='lat' dir='ltr'><strong>ipse</strong></span> <span class='ocrx_word' id='word_1_816' title='bbox 1870 5339 2053 5395; x_wconf 90' lang='lat' dir='ltr'><strong>docuit</strong></span> 
     </span>
    </p>
   </div>
   <div class='ocr_carea' id='block_1_110' title="bbox 564 5494 2066 5582">
    <p class='ocr_par' dir='ltr' id='par_1_110' title="bbox 564 5494 2066 5567">
     <span class='ocr_line' id='line_1_110' title="bbox 564 5494 2066 5567; baseline 0.005 -18"><span class='ocrx_word' id='word_1_817' title='bbox 564 5495 610 5527; x_wconf 80' lang='lat'>“</span> <span class='ocrx_word' id='word_1_818' title='bbox 639 5494 774 5565; x_wconf 86' lang='lat' dir='ltr'><strong>Cap.</strong></span> <span class='ocrx_word' id='word_1_819' title='bbox 808 5513 930 5562; x_wconf 80' lang='lat' dir='ltr'><strong>xm,</strong></span> <span class='ocrx_word' id='word_1_820' title='bbox 965 5498 1055 5553; x_wconf 78' lang='lat'><strong>35.</strong></span> <span class='ocrx_word' id='word_1_821' title='bbox 1131 5500 1172 5532; x_wconf 81' lang='lat'>“</span> <span class='ocrx_word' id='word_1_822' title='bbox 1209 5499 1339 5557; x_wconf 86' lang='lat' dir='ltr'><strong>Luc.</strong></span> <span class='ocrx_word' id='word_1_823' title='bbox 1365 5517 1480 5567; x_wconf 78' lang='lat' dir='ltr'><strong>xrv,</strong></span> <span class='ocrx_word' id='word_1_824' title='bbox 1516 5500 1601 5555; x_wconf 78' lang='grc'><strong>16.</strong></span> <span class='ocrx_word' id='word_1_825' title='bbox 1677 5501 1720 5532; x_wconf 78' lang='grc'><strong>¹²</strong></span> <span class='ocrx_word' id='word_1_826' title='bbox 1747 5499 1938 5555; x_wconf 85' lang='lat' dir='ltr'><strong>Matth.</strong></span> <span class='ocrx_word' id='word_1_827' title='bbox 1961 5516 2066 5557; x_wconf 70' lang='grc' dir='ltr'>χιιι</span> 
     </span>
    </p>
   </div>
   <div class='ocr_carea' id='block_1_111' title="bbox 2176 5494 3740 5582">
    <p class='ocr_par' dir='ltr' id='par_1_111' title="bbox 2244 5501 3740 5582">
     <span class='ocr_line' id='line_1_111' title="bbox 2244 5501 3740 5582; baseline -0.001 -24"><span class='ocrx_word' id='word_1_828' title='bbox 2244 5502 2287 5533; x_wconf 90' lang='grc'><strong>¹³</strong></span> <span class='ocrx_word' id='word_1_829' title='bbox 2322 5503 2455 5559; x_wconf 88' lang='lat' dir='ltr'><strong>Luc.</strong></span> <span class='ocrx_word' id='word_1_830' title='bbox 2484 5518 2596 5572; x_wconf 72' lang='lat' dir='ltr'><strong>11v,</strong></span> <span class='ocrx_word' id='word_1_831' title='bbox 2635 5503 2720 5559; x_wconf 76' lang='lat' dir='ltr'><strong>H.</strong></span> <span class='ocrx_word' id='word_1_832' title='bbox 2801 5502 2844 5533; x_wconf 78' lang='lat'>“</span> <span class='ocrx_word' id='word_1_833' title='bbox 2873 5501 2996 5582; x_wconf 55' lang='lat' dir='ltr'><strong>ibid:</strong></span> <span class='ocrx_word' id='word_1_834' title='bbox 3024 5501 3109 5555; x_wconf 79' lang='grc'><strong>15.</strong></span> <span class='ocrx_word' id='word_1_835' title='bbox 3187 5501 3386 5556; x_wconf 75' lang='lat' dir='ltr'><strong>u‘Psal.</strong></span> <span class='ocrx_word' id='word_1_836' title='bbox 3410 5515 3624 5568; x_wconf 65' lang='lat' dir='ltr'><strong>eum,</strong></span> <span class='ocrx_word' id='word_1_837' title='bbox 3646 5501 3740 5563; x_wconf 73' lang='grc'><strong>25.</strong></span> 
     </span>
    </p>
   </div>
   <div class='ocr_carea' id='block_1_112' title="bbox 533 5590 3741 5697">
    <p class='ocr_par' dir='ltr' id='par_1_112' title="bbox 533 5590 3741 5697">
     <span class='ocr_line' id='line_1_112' title="bbox 533 5590 3741 5697; baseline -0.001 -18"><span class='ocrx_word' id='word_1_838' title='bbox 533 5610 677 5697; x_wconf 64' lang='grc' dir='ltr'><strong>ε(6⁸)</strong></span> <span class='ocrx_word' id='word_1_839' title='bbox 705 5611 949 5697; x_wconf 53' lang='grc' dir='ltr'>ϐουγενῆ</span> <span class='ocrx_word' id='word_1_840' title='bbox 995 5615 1413 5697; x_wconf 57' lang='lat' dir='ltr'><strong>liafc_par3btila</strong></span> <span class='ocrx_word' id='word_1_841' title='bbox 1462 5617 1721 5697; x_wconf 72' lang='lat' dir='ltr'><strong>scribitur</strong></span> <span class='ocrx_word' id='word_1_842' title='bbox 1761 5617 2028 5697; x_wconf 68' lang='lat' dir='ltr'><strong>c_tiarn_in</strong></span> <span class='ocrx_word' id='word_1_843' title='bbox 2057 5619 2272 5678; x_wconf 84' lang='lat' dir='ltr'><strong>Eusebii</strong></span> <span class='ocrx_word' id='word_1_844' title='bbox 2306 5620 2658 5692; x_wconf 79' lang='lat' dir='ltr'><strong>Theophania,</strong></span> <span class='ocrx_word' id='word_1_845' title='bbox 2711 5621 2805 5678; x_wconf 91' lang='lat' dir='ltr'><strong>lib.</strong></span> <span class='ocrx_word' id='word_1_846' title='bbox 2844 5636 2915 5688; x_wconf 82' lang='grc' dir='ltr'><strong>ιν,</strong></span> <span class='ocrx_word' id='word_1_847' title='bbox 2976 5590 3062 5687; x_wconf 66' lang='grc' dir='ltr'><strong>ίϐ,</strong></span> <span class='ocrx_word' id='word_1_848' title='bbox 3131 5621 3225 5678; x_wconf 87' lang='lat' dir='ltr'><strong>sed</strong></span> <span class='ocrx_word' id='word_1_849' title='bbox 3253 5630 3451 5694; x_wconf 66' lang='lat' dir='ltr'><strong>tamen</strong></span> <span class='ocrx_word' id='word_1_850' title='bbox 3500 5621 3576 5678; x_wconf 87' lang='lat' dir='ltr'><strong>ibi</strong></span> <span class='ocrx_word' id='word_1_851' title='bbox 3641 5596 3741 5694; x_wconf 55' lang='lat' dir='ltr'><strong>Sv-</strong></span> 
     </span>
    </p>
   </div>
   <div class='ocr_carea' id='block_1_113' title="bbox 501 5687 2056 5746">
    <p class='ocr_par' dir='ltr' id='par_1_113' title="bbox 501 5687 2056 5746">
     <span class='ocr_line' id='line_1_113' title="bbox 501 5687 2056 5746; baseline 0.007 -12"><span class='ocrx_word' id='word_1_852' title='bbox 501 5687 680 5739; x_wconf 83' lang='lat' dir='ltr'><strong>riacus</strong></span> <span class='ocrx_word' id='word_1_853' title='bbox 708 5694 996 5740; x_wconf 76' lang='lat' dir='ltr'><strong>contextus</strong></span> <span class='ocrx_word' id='word_1_854' title='bbox 1029 5687 1096 5740; x_wconf 87' lang='lat' dir='ltr'><strong>ab</strong></span> <span class='ocrx_word' id='word_1_855' title='bbox 1121 5687 1222 5743; x_wconf 89' lang='lat' dir='ltr'><strong>hoc</strong></span> <span class='ocrx_word' id='word_1_856' title='bbox 1244 5687 1430 5744; x_wconf 67' lang='lat' dir='ltr'><strong>Graeco</strong></span> <span class='ocrx_word' id='word_1_857' title='bbox 1457 5696 1640 5746; x_wconf 86' lang='lat' dir='ltr'><strong>nostro</strong></span> <span class='ocrx_word' id='word_1_858' title='bbox 1671 5687 1832 5744; x_wconf 84' lang='lat' dir='ltr'><strong>nimis</strong></span> <span class='ocrx_word' id='word_1_859' title='bbox 1860 5687 2056 5745; x_wconf 80' lang='lat' dir='ltr'><strong>differt.</strong></span> 
     </span>
    </p>
   </div>
  </div>
