3858 6214
100 363 209 425 5ῗό

1263 348 1763 441 ΟΟΜΜΕΝΤᾼΒΙᾼ
1801 347 1867 403 ΙΝ
1888 345 2144 403 LUCAM.

3231 326 3339 387 574

100 505 263 570 δαξεν
286 503 455 558 εἰπών
475 521 490 535 ·
529 501 676 572 Ἐγώ
703 502 821 571 ειμι
843 503 876 556 ὁ
904 499 1081 570 ἄρτος
1095 499 1206 568 τῆς
1240 498 1417 567 ζωῆς·
1451 497 1544 551 τοῦ
1568 497 1675 567 γὰρ

1782 493 1982 558 dicens,
2016 490 2125 560 Ego
2159 504 2274 543 sum
2310 485 2605 555 panicii:in
2636 483 2699 536 ".
2744 480 2874 534 Nam
2907 493 3002 549 per
3047 477 3141 532 Dei
3175 445 3342 531 Verbi

101 602 162 654 ὲν
199 599 348 671 ἀρχῇ
389 584 528 669 πρὸς
563 596 693 651 Θεὸν
736 593 872 648 Θεοῦ
914 594 1087 663 Λόγου
1135 592 1433 665 μεταλήψει
1466 594 1614 646 πᾶσα
1640 593 1675 663 ή

100 692 214 745 τῶν
240 691 416 760 ἁγίων
434 688 625 759 λογικὴ
652 686 810 756 φύσις
842 686 1201 751 ζωοποιεῖται.
1231 685 1299 737 Ἀ
1330 683 1395 755 δὴ
1422 682 1567 737 δοκεῖ
1589 700 1678 753 μοι

102 784 170 835 ἐκ
215 781 499 854 προτέρων
548 779 886 850 μαθημάτων
940 775 1365 847 πεπαιδευμένος
1391 777 1421 829 ὁ
1450 792 1680 829 συνανα-

105 874 361 942 κείμενος
401 871 481 942 τῷ
522 869 698 942 Ἰησοῦ
720 870 1030 942 εἰρηκέναι·
1058 867 1361 937 Μακάριος
1382 865 1552 931 ὅστις
1576 863 1680 935 φά-

102 983 281 1035 τηται
317 966 590 1035 ἄρτοννέν
624 964 699 1035 τῇ
713 963 1006 1032 βασιλείᾳ
1034 962 1142 1016 τοῦ
1180 960 1363 1016 Θεοῦ]
1406 960 1540 1015 Οὐδὲ
1570 958 1679 1030 γὰρ

102 1058 214 1111 τῶν
238 1058 511 1128 τυχόντων
532 1074 619 1121 τις
642 1052 709 1128 ἦν
738 1058 767 1110 ὁ
790 1055 993 1126 ταύτην
1030 1054 1186 1124 ἀφεὶς
1208 1052 1307 1124 τὴν
1338 1051 1539 1123 φωνὴν,
1563 1048 1705 1133 ἀλλ’,

102 1149 180 1211 ὡς
203 1143 360 1218 οἶμαι
394 1148 502 1201 τῶν
535 1147 741 1217 σφόδρα
766 1145 1015 1218 μεγάλων
1054 1147 1149 1199 καὶ
1182 1145 1334 1216 παρά
1360 1143 1440 1214 τῷ
1467 1142 1679 1214 Σωτῆρι

102 1241 271 1310 τιμῆς
295 1239 631 1310 ἠξιωμένων.
663 1238 755 1292 Διὸ
781 1239 879 1292 καὶ
923 1236 1360 1292 συνανακλίνεται
1386 1233 1554 1304 αὐτῷ,
1584 1234 1680 1288 καὶ

100 1335 218 1395 τοῖς
255 1330 423 1386 αὐτοῦ
442 1330 621 1399 λόγρις
649 1328 883 1393 συνετῶς
912 1330 1219 1401 προσεῖχεν,
1241 1327 1317 1391 ὡς
1349 1327 1440 1381 καὶ
1464 1325 1561 1396 τὴν
1585 1323 1681 1395 βα-

105 1422 314 1476 σιλείαν
336 1422 445 1483 τῶν
457 1421 699 1492 οὐρανῶν
723 1421 796 1492 μὴ
827 1422 1058 1489 ἀγνοεῖν,
1082 1416 1366 1490 γνωρίζειν
1387 1417 1444 1470 δὲ
1477 1415 1679 1471 καὶτὸν

104 1515 270 1584 ἄρτον
317 1513 420 1584 τῆς
463 1513 608 1583 ζωῆς
646 1512 736 1566 τὸν
776 1511 1066 1583 θρεπτικὸν
1107 1510 1216 1564 τῶν
1263 1510 1363 1580 τῆς
1406 1507 1681 1580 βασιλείας

104 1605 307 1672 ἀξίων·
336 1608 605 1678 τοσαύτην
637 1622 697 1658 τε
743 1605 896 1673 ἄγειν
942 1603 1284 1674 παρρησίαν,
1337 1602 1414 1665 ὡς
1458 1601 1549 1654 ἐπὶ
1585 1599 1679 1653 τοῦ

103 1695 359 1767 Σωτῆρος
382 1696 652 1750 ἀνακινεῖν
671 1695 935 1765 δόγματα,
958 1694 1057 1747 καὶ
1089 1693 1154 1746 δι’
1189 1692 1348 1745 αὐτὸν
1374 1690 1472 1759 τὴν
1503 1690 1680 1743 πᾶσαν

104 1788 386 1860 εἰρηκέναι
436 1787 746 1859 παραϐολὴν
803 1786 1032 1857 Σωτῆρα
1073 1784 1390 1838 διδάσκοντα
1414 1821 1429 1843 ,
1479 1781 1563 1845 τίς
1613 1780 1678 1835 ἂν

105 1881 316 1947 γένοιτο
346 1875 502 1942 οὗτος
532 1881 561 1932 ό
595 1877 809 1949 ἀληθῶς
847 1878 1132 1949 μακάριος,
1161 1875 1219 1940 ὃς
1249 1875 1488 1946 φάγηται
1516 1873 1678 1945 ἄρτον

104 1976 164 2026 ἐν
192 1975 261 2043 τῇ
298 1971 546 2043 βασιλείᾳ
572 1970 668 2025 τοῦ
692 1969 848 2026 Θεοῦ.

172 2063 417 2127 Πολλοὺς
449 2065 545 2136 μὲν
564 2059 657 2116 οὖν
687 2060 987 2133 κεκλῆσθαι
1014 2059 1162 2128 λέγει
1188 2060 1275 2113 διά
1305 2059 1404 2129 τῆς
1439 2055 1679 2129 παραδο-

94 2151 201 2228 ’λῆς
251 2156 349 2209 ἐπὶ
372 2156 436 2210 τὸ
464 2156 610 2225 μέγα
634 2156 868 2216 δεῖπνον,
905 2155 1000 2206 καὶ
1037 2153 1127 2206 τὸν
1157 2153 1215 2205 ὲν
1242 2151 1416 2221 τούτῳ
1446 2149 1679 2220 δεδωρη-

106 2251 268 2321 μὲνον
292 2249 478 2320 ἄρτον,
511 2248 585 2320 μὴ
621 2248 726 2319 μὴν
758 2248 884 2310 τοὺς
911 2246 1119 2308 πάντας
1154 2246 1253 2315 τῆς
1291 2243 1510 2314 χάριτος
1559 2243 1680 2293 ὲπι-

101 2341 393 2411 τυγχάνειν
415 2358 428 2370 ·
462 2338 880 2409 ἀποστερεῖσθαι
916 2335 1026 2407 γὰρ
1065 2334 1235 2404 αὐτῆς
1267 2333 1373 2386 τῶν
1406 2331 1677 2402 κεκλημέ-

101 2449 210 2485 νων
240 2433 368 2495 τούς
403 2432 529 2503 περὶ
561 2431 747 2502 ἕτερον
792 2428 1199 2500 ὴσχολημένους
1218 2444 1232 2457 ·
1268 2426 1540 2497 περισπᾷν
1569 2423 1679 2493 γὰρ

102 2526 195 2578 καὶ
227 2523 489 2592 ἀφέλκειν
531 2523 632 2593 τῆς
674 2522 919 2592 κλήσεως
960 2520 1056 2582 τὰς
1083 2517 1178 2572 τοῦ
1225 2517 1340 2588 βίου
1394 2514 1680 2587 φροντίδας

99 2617 380 2671 διδάσκει·
429 2617 632 2679 ταύτας
680 2615 725 2668 δ’
779 2610 918 2667 εἶναι
961 2612 1280 2683 διαφόρους·
1311 2610 1345 2680 ἢ
1395 2608 1503 2680 γὰρ
1551 2609 1680 2679 περὶ

100 2710 362 2780 χρήματα
404 2707 500 2760 καὶ
528 2706 732 2777 ἀγροὺς
775 2702 1164 2774 ἀσχολούμενοι
1209 2700 1384 2755 ταῦτα
1414 2701 1513 2770 τῆς
1544 2697 1677 2768 κλή-

102 2817 242 2863 σεως
271 2799 754 2869 προτετιμήκασιν,
784 2796 861 2859 ὼς
898 2792 1340 2866 παραιτήσασθαι
1380 2792 1469 2845 διά
1508 2789 1678 2843 ταῦτα

100 2892 202 2961 τὴν
228 2889 443 2960 κλῆσιν,
477 2889 512 2960 ἢ
548 2889 679 2959 περὶ
704 2888 804 2949 τὰς
827 2884 921 2939 τοῦ
955 2884 1071 2955 βίου
1103 2880 1487 2954 πραγματείας
1514 2897 1681 2934 κατα-

101 2982 434 3055 τριϐόμενοι,
460 2981 495 3051 ἢ
529 2977 713 3050 δεσμῷ
734 2976 914 3048 γάμου
949 2977 1043 3029 καὶ
1063 2974 1271 3029 παίδων
1299 2971 1679 3044 ἐμπεπλεγμέ-

102 3089 204 3131 νοι.
239 3071 275 3141 ἡ
295 3086 439 3123 τισιν
467 3068 648 3132 ἄλλοις
669 3068 932 3130 τοιούτοις
958 3063 1359 3136 φροντίσμασιν
1387 3058 1678 3131 ὲνησχολη-

1779 586 1833 641 in
1866 583 2131 653 principio
2160 580 2300 652 apud
2328 581 2493 634 Deum
2522 576 2831 630 exsislentis
2857 570 3337 644 participationem

1778 676 2026 732 universa
2079 682 2392 727 sanctorum
2439 667 2712 723 rationalis
2761 676 2953 720 natura
3000 661 3332 716 viviﬁcatur.

1776 771 1957 836 Atque
2017 765 2133 819 haec
2189 776 2319 817 sane
2379 760 2590 814 videtur
2643 757 2773 812 mihi
2837 770 2868 810 a
2904 752 3339 825 praecedentibus

1779 856 2042 911 doctrinis
2067 854 2291 907 edoctus
2335 850 2494 905 homo
2533 847 2642 912 ille,
2680 848 2771 916 qui
2805 861 2926 900 cum
2956 841 3080 899 Jesu
3106 843 3340 898 discum-

1778 946 1962 1009 bebat,
1999 944 2200 999 dixisse
2231 960 2245 997 :
2276 939 2473 995 Beatus
2490 938 2579 1009 qui
2622 952 2806 1007 panem
2837 935 3066 989 comedet
3099 934 3156 986 in
3184 948 3341 1002 regno

1779 1036 1911 1093 Dei!
1974 1034 2156 1103 Neque
2206 1034 2350 1087 enim
2405 1029 2690 1100 gregarius
2743 1026 2920 1096 quivis
2974 1025 3114 1079 hanc
3161 1021 3343 1076 emisit

1781 1141 1993 1190 vocem,
2023 1125 2114 1180 sed
2139 1134 2196 1177 ut
2225 1123 2458 1177 arbitror
2483 1117 2795 1188 principalis
2838 1115 3033 1184 aliquis
3077 1113 3219 1167 inter
3244 1126 3343 1167 eos

1782 1217 1871 1286 qui
1913 1231 1942 1269 a
1980 1214 2268 1269 Servatore
2320 1208 2568 1265 honorati
2614 1207 2853 1262 fuerant.
2903 1203 3083 1270 Quare
3127 1210 3182 1257 et
3215 1217 3340 1257 cum

1781 1309 1871 1363 illo
1894 1306 2262 1368 recumbebat,
2287 1310 2341 1357 et
2360 1301 2478 1371 ejus
2499 1297 2837 1353 sermonibus
2853 1293 3145 1365 prudenter
3166 1291 3345 1345 admo-

1781 1399 1906 1453 dum
1941 1405 2172 1451 mentem
2229 1392 2574 1454 intendebat,
2603 1397 2662 1442 ut
2689 1387 2798 1454 jam
2844 1400 2942 1438 nec
2987 1398 3207 1453 regnum
3248 1379 3343 1435 Dei

1782 1491 2073 1559 ignoraret,
2127 1485 2237 1540 imo
2276 1494 2332 1539 et
2376 1483 2524 1537 illum
2576 1491 2760 1534 nosset
2814 1479 2934 1532 vitae
2983 1490 3198 1546 panem,
3248 1471 3341 1542 qui

1782 1580 2167 1650 regno‘dignos
2193 1577 2401 1631 nutrit:
2432 1584 2688 1643 tantaque
2719 1571 2912 1625 ﬁducia
2934 1574 3073 1631 erat,
3104 1577 3162 1621 ut
3198 1564 3342 1634 apud

1783 1668 1954 1740 ipsum
1984 1667 2328 1722 Servatorem
2376 1663 2736 1732 dogmaticam
2785 1657 3136 1727 qna-stionem
3193 1669 3345 1709 com-

1784 1760 2011 1815 moverit
2042 1777 2056 1812 :
2088 1774 2256 1829 quare
2277 1767 2329 1812 et
2352 1758 2469 1828 ejus
2508 1754 2676 1825 gratia
2713 1762 2878 1806 tutam
2907 1751 3164 1804 Servator
3189 1745 3346 1803 insti-

1782 1853 1885 1907 tuit
1933 1851 2267 1922 parabolam,
2326 1848 2548 1910 docens,
2598 1845 2845 1917 quisnam
2901 1852 3045 1898 esset
3092 1840 3180 1896 hic
3216 1854 3345 1895 vere

1779 1946 1990 2010 beatus,
2020 1944 2110 2012 qui
2137 1958 2328 2012 panem
2358 1940 2606 1996 comedet
2640 1939 2693 1992 in
2734 1952 2900 2006 regno
2926 1935 3043 1990 Dei.

1850 2034 2045 2090 Multos
2080 2049 2212 2102 ergo
2238 2033 2290 2087 in
2333 2032 2586 2102 parabola
2616 2030 2692 2086 ait
2725 2030 2790 2083 ad
2827 2044 3076 2098 magnam
3129 2040 3342 2082 cmnam

1777 2136 2021 2190 vocatos,
2050 2135 2211 2194 atque
2242 2125 2308 2178 ad
2341 2138 2533 2194 panem
2573 2124 2624 2176 in
2660 2123 2761 2176 hac
2794 2121 3095 2191 appositum
3125 2135 3140 2183 ;
3178 2126 3340 2173 caete-

1780 2217 1929 2287 roqui
1954 2216 2091 2270 haud
2119 2231 2307 2270 omnes
2338 2216 2509 2285 gratia
2550 2214 2783 2283 potitos;
2813 2215 2912 2266 hac
2941 2211 3083 2265 enim
3107 2208 3346 2263 caruisse

1778 2315 1997 2361 vocatos
2055 2304 2192 2368 illos,
2226 2304 2315 2373 qui
2375 2304 2497 2360 aliis
2572 2304 2799 2373 negotiis
2846 2301 3065 2357 distenti
3106 2299 3343 2364 fuerunt,

1780 2399 2085 2453 multifariis
2107 2398 2345 2463 scilicet;
2382 2413 2503 2451 nam
2534 2397 2618 2450 vel
2670 2395 2892 2465 pecunia
2939 2394 3197 2464 agrisque
3247 2407 3344 2448 oc-

1778 2493 1976 2562 cupati,
2006 2490 2275 2546 vocationi
2308 2504 2438 2558 opes
2471 2487 2847 2556 praetulerunt,
2880 2487 2991 2540 imo
3017 2485 3152 2540 adeo
3178 2498 3345 2539 voca-

1782 2584 1980 2640 tionem
2034 2599 2145 2652 pra:
2193 2583 2275 2637 his
2320 2582 2597 2650 deprecati
2638 2591 2796 2647 sunt;
2851 2579 2935 2635 vel
2965 2580 3086 2634 vita:
3115 2578 3347 2648 negotiis

1780 2675 1972 2744 pressi,
2001 2674 2082 2727 vel
2124 2675 2436 2743 nuptiarum
2491 2673 2765 2742 prolisque
2805 2670 3033 2726 vinculis
3080 2669 3342 2739 impediti,

1777 2767 1860 2821 vel
1889 2766 2008 2820 aliis
2037 2766 2269 2834 denique
2300 2765 2350 2819 id
2381 2780 2552 2835 genus
2606 2764 2752 2819 curis
2800 2764 3018 2817 irrctiti.
3063 2764 3237 2831 Atque
3289 2761 3343 2816 in

1779 2857 1881 2911 hos
1910 2856 2014 2910 lata
2047 2855 2331 2911 sententia
2350 2856 2495 2910 hisce
2518 2855 2697 2909 verbis
2724 2865 2809 2909 est
2834 2872 2847 2908 :
2883 2854 3010 2909 Dico
3032 2854 3207 2918 vobis,
3246 2869 3343 2909 ne-

1781 2950 1975 3003 minem
2005 2949 2215 3002 illorum
2254 2949 2519 3013 virorum,
2561 2947 2678 3016 qui,
2720 2962 2840 3001 cum
2871 2946 3047 3001 vocati
3089 2945 3345 3010 fuissent,

1779 3041 1902 3094 vitze
1926 3039 2306 3108 occupationes
2335 3047 2751 3102 excusaverunt,
2778 3052 2986 3092 caenam
3037 3053 3209 3091 meam
3248 3052 3348 3108 gu-

332 3161 491 3215 Ἀλλά
523 3130 654 3232 περί.
682 3159 780 3229 μὲν
802 3130 1015 3211 totistva
1030 3130 1304 3225 ἀπόφασις
1332 3130 1676 3225 ἐξενήνεκται

1782 3141 2066 3187 staturum.
2103 3130 2272 3185 Porro
2304 3130 2436 3185 alios
2475 3146 2538 3186 ea
2564 3130 2819 3186 fruituros
2853 3134 2929 3186 ait
2976 3131 3134 3186 rebus
3161 3130 3350 3200 hujus-

100 3254 370 3323 λέγουσα·
402 3253 559 3321 Λέγω
612 3252 768 3322 ὑμῖν,
806 3250 887 3303 ὅτι
933 3248 1106 3311 οὐδεὶς
1153 3246 1261 3301 τῶν
1298 3245 1504 3317 ἀνδρῶν
1541 3244 1679 3298 ὲκείς

105 3361 215 3399 νων
250 3344 363 3397 τῶν
403 3342 790 3415 κεκλημένων,
830 3343 924 3396 καὶ
961 3340 1050 3395 διὰ
1088 3340 1185 3403 τὰς
1226 3338 1480 3410 βιωτικάς
1522 3339 1683 3408 ἀσχο-

103 3436 226 3502 λίας
277 3436 775 3509 παραιτησαμένων
830 3434 1085 3505 γεύσεταί
1147 3449 1246 3503 μου
1298 3431 1391 3486 τοῦ
1431 3432 1677 3485 δείπνου·

105 3528 329 3599 ἑτέρους
365 3528 424 3582 δὲ
458 3528 572 3582 ἀντ’
601 3526 780 3582 αὐτῶν
822 3525 1222 3580 ἀπολαύσεσθαι
1270 3523 1367 3578 τοῦ
1412 3522 1680 3598 μακαρίου

103 3619 323 3674 δείπνου
353 3619 651 3688 φησὶ,τοὺς
679 3616 754 3689 μὴ
782 3616 1042 3680 τοιούτοις
1072 3616 1183 3668 τισὶ
1205 3613 1679 3686 προσδεδεμένους,

105 3711 357 3782 πτωχούς
377 3727 531 3774 τινας
567 3711 662 3763 καὶ
688 3710 1025 3781 ἀναπήρους.
1056 3708 1297 3762 Τοιούτοι
1321 3707 1377 3760 δὲ
1404 3701 1544 3777 ἦσαν
1576 3706 1681 3760 πά-

106 3805 192 3859 λαι
233 3803 743 3874 είδωλολατροῦντες
780 3805 828 3857 οἱ
862 3802 920 3868 ἐξ
953 3801 1122 3855 ἐθνῶν
1152 3799 1256 3853 ὑπὸ
1288 3798 1557 3870 δαιμόνων
1586 3816 1681 3851 πο-

107 3895 287 3964 νηρῶν
320 3895 420 3958 τάς
463 3893 639 3964 ψυχὰς
677 3891 1040 3963 λελωϐημένοι
1061 3907 1076 3922 ·
1122 3890 1215 3954 οὓς
1271 3888 1575 3952 ἀκολούθως
1611 3892 1679 3961 τῇ

105 3987 413 4059 ἐπαγγελίᾳ
453 3985 883 4059 προσδεξάμενος
933 3987 962 4039 ὁ
1011 3984 1306 4054 ἑστιάτωρ,
1356 3984 1534 4036 πᾶσαν
1578 3981 1679 4051 τὴν

106 4083 261 4136 νόσον
288 4079 400 4134 τῶν
430 4078 618 4151 ψυχῶν
642 4077 840 4141 αὐτῶν,
872 4076 967 4132 καί⁷
998 4075 1266 4147 μαλακίαν
1306 4077 1486 4129 πᾶσαν
1529 4073 1681 4128 ἰασά-

108 4189 291 4243 μενος,
340 4171 532 4225 έπειτα
578 4170 680 4239 τῆς
720 4170 924 4232 οίκείας
973 4168 1156 4231 αὐτοῖς
1204 4164 1501 4239 μεταδώσει
1549 4181 1680 4236 τρα-

106 4263 279 4333 πέζης
301 4278 318 4295 ·
352 4260 480 4314 ὥστ’
515 4262 690 4314 εἰπεῖν
732 4258 961 4323 αὐτούς·
1019 4258 1381 4326 ’Πτοίμασας
1422 4253 1680 4308 ἐνώπιόν

101 4373 220 4423 μου
249 4350 546 4423 τράπεζαν
567 4352 636 4417 ἐξ
669 4353 948 4416 ἐναντίας
973 4349 1090 4404 τῶν
1116 4348 1441 4405 θλιϐόντων
1455 4363 1558 4416 με·
1580 4346 1678 4398 καὶ

104 4447 269 4519 ἄρτον
298 4448 484 4509 αὐτοῖς
515 4445 737 4517 παρέξει
769 4445 863 4499 καὶ
897 4442 1120 4512 λογικὴν
1158 4440 1396 4512 τροφήν·
1429 4436 1676 4492 ἐντεῦθεν

103 4538 205 4608 ήδη
239 4537 471 4608 στερεᾶς
516 4534 766 4608 βρώσεως
815 4533 1126 4605 μεταδιδοὺς
1172 4532 1374 4594 αὐτοῖς,
1419 4530 1514 4583 καὶ
1546 4528 1678 4598 οἴνῳ

102 4627 158 4681 δὲ
184 4627 386 4689 αὐτοὺς
419 4625 676 4697 εὐφρανεῖ
696 4623 895 4695 λογικῷ
916 4641 929 4654 ·
960 4622 1089 4677 ὥστ’
1118 4621 1184 4677 ἂν
1214 4623 1384 4674 εἰπεῖν
1404 4636 1427 4685 Α·
1468 4617 1579 4673 Καὶ
1612 4617 1679 4671 τὸ

104 4716 394 4789 ποτήριόν
410 4732 527 4772 σου
535 4718 842 4786 μεθύσκον
853 4732 930 4785 με
956 4714 1096 4768 ὡσεὶ
1120 4709 1469 4783 κράτιστον]
1496 4707 1679 4762 Ταῦτα

102 4812 156 4865 δὲ
187 4811 373 4867 πάντα
402 4809 674 4880 παρέχει,
723 4810 851 4872 τοὺς
888 4806 1210 4879 ἀρραϐῶνας
1260 4803 1369 4858 τῶν
1414 4802 1679 4874 οὐρανίων

104 4903 326 4971 ἀγαθῶν
349 4900 440 4954 διὰ
471 4899 580 4953 τῶν
609 4899 751 4955 κατὰ
784 4899 875 4952 τὸν
915 4897 1156 4969 παρόντα
1189 4896 1300 4967 βίον
1326 4895 1677 4967 χαρισμάτων

103 4995 285 5058 αὐτοῖς
327 4991 686 5063 δωρούμενος.
738 4990 970 5045 Δυνατδν
1006 4989 1063 5042 δὲ
1089 4989 1182 5042 καὶ
1218 4986 1337 5041 καθ’
1363 4986 1554 5058 ἑτέραν
1587 4986 1680 5038 ἐκ·

102 5086 263 5156 δοχὴν
298 5086 496 5146 εἰπεῖν,
527 5083 610 5136 ὃτι
640 5085 689 5134 oi
720 5079 927 5152 πρῶτοι
958 5081 1058 5151 τῆς
1089 5079 1332 5148 κλήσεως
1358 5076 1674 5147 ἠξιωμένοι,

102 5168 245 5227 οὗτοι
288 5170 335 5224 δ’
370 5166 513 5241 ἦσαν
553 5169 603 5221 ai
640 5171 705 5222 ἐκ
748 5169 850 5238 τῆς
895 5167 1217 5237 περιτομῆς,
1271 5165 1539 5236 προφάσει
1578 5163 1677 5233 τῆς

102 5266 233 5338 περὶ
262 5264 329 5318 τὸ
368 5265 620 5334 κρεῖττον
647 5262 901 5333 ἀσχολίας
941 5261 1040 5332 τὴν
1071 5259 1263 5330 κλῆσιν
1302 5257 1564 5330 ὐϐρισαν·
1600 5256 1677 5321 ὡς

102 5356 209 5429 γὰρ
251 5355 471 5425 ἔχοντες
504 5352 708 5423 ἀγροὺς
744 5351 814 5405 τὰ
858 5353 984 5423 παρ’
1016 5352 1197 5414 αὐτοῖς
1241 5345 1673 5418 ἀναγνώσματα,

102 5448 194 5501 καὶ
225 5447 306 5511 ὡς
346 5446 474 5516 βόας
522 5446 795 5518 ἀροτῆρας
839 5444 1164 5515 κεκτημένοι
1205 5444 1331 5506 τοὺς
1369 5442 1671 5512 προφήτας,

1786 3224 1929 3279 modi
1970 3223 2190 3278 minime
2219 3223 2503 3287 obnoxios,
2536 3239 2730 3294 nempe
2782 3224 3052 3278 tenuiores
3083 3223 3343 3293 quosdam

1782 3330 1836 3373 et
1867 3317 2122 3371 membris
2166 3317 2403 3370 mutilos.
2458 3317 2631 3370 Erant
2684 3324 2861 3369 autem
2900 3314 2951 3368 bi
3006 3313 3173 3368 dediti
3220 3313 3344 3368 olim

1783 3408 1940 3463 idolis
1984 3408 2203 3471 ethnici,
2254 3424 2481 3476 quorum
2551 3407 2762 3461 animas
2814 3405 3028 3459 scelesti
3078 3405 3350 3461 daemones

1783 3515 1941 3555 mane
1991 3499 2383 3554 mulctaverant
2430 3518 2442 3553 :
2483 3515 2617 3570 quos
2646 3500 2878 3553 convivii
2912 3507 3103 3553 auctor
3131 3513 3228 3567 pro
3251 3514 3348 3554 sua

1783 3592 2186 3647 denuntiatione
2249 3601 2543 3660 exceptos,
2612 3591 2756 3645 omni
2818 3592 2983 3647 animi
3039 3594 3229 3647 morbo
3283 3605 3349 3645 ac

1781 3683 2040 3754 languore
2064 3683 2354 3752 expedivit.
2391 3682 2587 3737 Deinde
2611 3697 2740 3737 vero
2774 3698 2972 3737 mensae
3001 3698 3215 3753 quoque
3245 3684 3343 3737 ad-

1782 3776 2006 3842 hibebit,
2036 3774 2120 3829 lita
2175 3784 2233 3829 ut
2277 3774 2351 3828 illi
2401 3774 2607 3829 dicturi
2635 3776 2776 3828 sint:
2816 3772 3030 3829 Param'
3059 3792 3235 3829 coram
3265 3791 3348 3830 me

1781 3882 2012 3920 mensam
2069 3861 2316 3919 adversus
2348 3882 2433 3920 eos
2462 3867 2552 3934 qui
2585 3865 2835 3920 tribulam
2866 3882 2946 3920 me
2985 3866 3049 3920 ⁸⁷.
3089 3864 3224 3920 Tum
3252 3881 3347 3937 pa-

1782 3972 1904 4011 nem
1957 3957 2061 4010 illis
2110 3965 2272 4027 atque
2315 3956 2626 4010 alimoniam
2685 3955 2979 4025 spiritalem
3044 3956 3345 4027 przebebit:

1781 4059 1944 4119 atque
1976 4048 2099 4101 hinc
2149 4048 2320 4101 solido
2359 4046 2471 4116 jam
2506 4047 2628 4101 cibo
2655 4048 2927 4116 impertiat
2957 4062 3071 4116 eos,
3107 4058 3162 4103 et
3187 4047 3348 4105 intel-

1779 4139 1986 4194 lectuali
2026 4138 2357 4193 exbilarabit
2406 4139 2554 4193 vino.
2597 4138 2778 4205 Quare
2834 4140 3049 4194 dicent:
3100 4140 3168 4194 Et
3202 4140 3351 4197 calix

1781 4245 1902 4289 tuus
1950 4236 2211 4288 inebrians
2249 4247 2405 4302 quam
2461 4232 2749 4297 praeclarus
2779 4233 2961 4287 est”!
3014 4234 3190 4305 Atque
3232 4235 3347 4290 haec

1781 4327 1961 4381 omnia
1993 4324 2134 4380 Deus
2164 4325 2492 4393 suppeditat,
2522 4323 2645 4376 dum
2677 4324 2807 4393 ipsis
2837 4324 3139 4379 cmlestium
3176 4325 3348 4379 bono-

1784 4434 1899 4472 rum
1928 4416 2119 4470 arrbas
2145 4415 2197 4468 in
2231 4416 2524 4483 hujusvita:
2553 4414 2866 4469 muneribus
2886 4414 3165 4485 elargitur.
3198 4413 3349 4471 Licet

1710 4512 1755 4570 ι)
1782 4522 1993 4579 quoque
2044 4507 2338 4561 secundum
2393 4505 2551 4559 aliam
2596 4504 3094 4574 interpretationem
3140 4506 3345 4571 dicere,

1787 4601 1989 4670 primos
2039 4598 2317 4654 vocatione
2365 4600 2649 4669 dignanter
2697 4600 2921 4653 donatos
2962 4597 3125 4652 fuisse
3162 4596 3255 4667 qui
3281 4598 3379 4654 de

1785 4690 2191 4746 circumcisione
2217 4699 2412 4755 erant;
2440 4703 2625 4743 verum
2662 4689 2714 4743 hi
2749 4688 2875 4744 dum
2913 4689 3227 4744 melioribus
3255 4705 3347 4745 oc-

1783 4790 2006 4850 cupatos
2030 4796 2087 4835 se
2116 4779 2387 4846 dictitant,
2424 4780 2758 4834 vocationem
2793 4779 3118 4835 contumelia
3152 4779 3343 4836 aﬂ'ece-

1783 4882 1945 4929 runt:
1979 4874 2344 4942 habentesque
2374 4872 2538 4926 veluti
2559 4887 2719 4941 agros
2746 4873 2887 4942 apud
2918 4888 2977 4927 se
3009 4872 3342 4942 Scripturas,

1783 4977 2026 5021 aratores
2077 4966 2240 5021 boves
2289 4966 2598 5036 prophetas,
2638 4964 3019 5035 sapientiaeque
3072 4966 3345 5030 convictu,

1783 5059 1965 5113 uxoris
2002 5058 2193 5125 instar,
2240 5066 2471 5122 utentes,
2513 5057 2877 5127 evangelicam
2912 5055 3143 5126 gratiam
3183 5056 3337 5112 ﬂocci

1782 5149 2046 5207 fecerunt.
2083 5152 2184 5218 Qui
2216 5167 2345 5206 vero
2378 5160 2499 5219 post
2531 5151 2649 5205 illos
2678 5165 2745 5204 ex
2783 5148 3105 5219 alienigenis
3128 5148 3343 5220 populis

1780 5249 1957 5304 vocati
1993 5249 2228 5313 fuerunt,
2261 5257 2440 5302 mente
2471 5255 2627 5301 antea
2663 5244 2811 5300 surdi
2857 5244 3115 5314 caecique,
3140 5244 3336 5298 alacri-

1784 5349 1866 5396 ter
1927 5340 2299 5395 obaudierunt.
2363 5339 2543 5408 Quare
2590 5349 2644 5394 et
2704 5337 3088 5394 beatitudinem
3138 5332 3346 5392 ροηδε-κ

1780 5443 2031 5504 queritur.

101 5539 193 5592 καὶ
227 5537 309 5602 ὡς
346 5537 417 5592 ἀν
451 5536 616 5607 σοφίᾳ
645 5537 750 5590 τινὶ
782 5530 871 5590 οἷα
900 5535 1118 5603 γυναικξ
1151 5531 1521 5604 σύμ-ϐιοῦντες,
1565 5528 1662 5599 τὴν
1711 5523 2068 5596 εὐαγγελικὴν
2102 5524 2449 5596 ἐξηυτέλισαν
2490 5525 2681 5599 χάριν·
2729 5525 2779 5579 οἱ
2821 5523 2879 5579 δὲ
2929 5524 3046 5596 μετ’
3102 5520 3345 5615 ἐκείνους

173 5732 216 5764 ¹⁶
250 5722 410 5794 Iona.
444 5746 518 5800 νι,
542 5731 631 5786 55.
710 5731 750 5763 "
781 5727 1079 5801 Psahxxtt,
1110 5729 1199 5785 5.’
1243 5728 1285 5760 “'
1310 5700 1438 5785 ibid.
