3858 6214
503 300 613 357 575

1182 296 1454 354 EUSEBII
1490 297 1975 354 CAESARIENSIS
2011 297 2163 354 OPP.
2205 295 2390 352 PARS
2425 293 2625 353 Ιιῐεο-
2664 289 3077 347 EXEGETICA.

3655 291 3753 345 576

502 416 570 469 ἐκ
604 411 713 465 τῶν
741 407 1053 478 ἀλλοφύλων
1078 406 1249 461 ἐθνῶν
1288 407 1598 478 κληθέντες,
1648 410 1697 462 oi
1750 410 1878 482 πρὶν
1901 408 2000 473 τὰς
2065 407 2303 472 διανοίας
2358 406 2530 477 κωφοὶ
2565 406 2660 459 καὶ
2699 401 2912 468 τυφλοὶ,
2960 399 3256 473 προθυμως
3291 399 3642 470 ὑπήκουσαν·
3678 400 3752 454 διὸ

506 506 600 559 καὶ
628 500 721 555 τοῦ
751 498 1100 572 μακαρισμοῦ
1129 497 1447 562 τεύξονται.-

580 591 924 648 Existimabit
949 591 1180 645 fortasse
1210 591 1408 659 aliquis
1434 591 1678 647 eamdem
1706 607 1828 648 esse
1851 592 2077 661 parabo-

2256 590 2469 659 Δόξειεν
2504 590 2617 662 (65)
2637 589 2703 644 ἄν
2732 605 2818 653 τις
2858 586 2957 658 τὴν
2976 583 3145 656 αὐτὴν
3183 577 3322 637 εἶναι
3348 582 3665 655 παραϐολὴν
3692 586 3754 654 τῇ

504 686 611 740 iam
643 700 764 756 quae
808 684 947 754 apud
989 683 1318 748 Matthaaum,
1346 684 1398 738 in
1429 698 1538 754 qua
1585 699 1679 739 rex
1708 684 1804 742 lilii
1834 685 1916 741 sui
1943 699 2081 753 nup-

507 776 611 831 tias
662 775 813 842 facit,
861 792 1158 846 servosque
1204 778 1433 834 dimittit
1488 780 1774 835 invitatum
1803 760 2077 839 convivas.

511 869 895 924 Verumtamen
933 871 979 923 is
1001 871 1090 939 qui
1125 886 1226 925 non
1252 870 1622 939 perfunctorio
1652 874 1832 928 studio
1867 873 2077 944 legerit,

508 964 877 1030 deprehendet
904 966 1101 1018 mentis
1140 965 1444 1019 attentione
1475 965 1786 1033 parabolam
1840 965 1981 1019 hanc
2015 966 2081 1019 ab

508 1054 599 1109 illa
634 1071 854 1125 prorsus
890 1055 1125 1111 differre.
1155 1056 1398 1128 Namque
1430 1058 1518 1112 illa
1552 1056 1786 1111 Matthazi
1818 1058 2078 1113 ctelorum

508 1161 633 1203 ante
663 1150 842 1203 omnia
873 1165 1037 1219 regno
1067 1165 1127 1203 ea
1156 1165 1278 1220 quas
1306 1151 1563 1205 dicuntur
1604 1161 1882 1221 comparat
1927 1169 1942 1219 ;
1991 1152 2078 1206 hic

508 1242 642 1297 nihil
673 1241 936 1309 ejusmodi
964 1244 1041 1296 fit.
1074 1242 1187 1298 lllic
1210 1228 1445 1298 convivii
1498 1253 1692 1298 auctor
1727 1244 1929 1313 regiam
1963 1258 2082 1313 per-

507 1350 695 1390 sonam
736 1336 908 1406 gerit;
965 1335 1051 1389 hic
1086 1337 1331 1404 privatus
1374 1337 1537 1391 homo
1572 1336 1958 1390 introducitur.
2006 1334 2079 1389 lbi

508 1428 722 1497 nuptias
753 1428 847 1481 filii
877 1444 967 1482 rex
998 1429 1261 1492 celebrat,
1289 1429 1376 1483 hic
1405 1429 1635 1497 simplex
1675 1444 1828 1484 caena
1862 1440 1966 1483 est.
2000 1427 2079 1483 lbi

509 1519 660 1573 multi
691 1519 960 1591 legatione
994 1522 1312 1592 funguntur,
1347 1521 1437 1575 hic
1467 1537 1607 1575 unus
1653 1530 1878 1575 vocator
1913 1520 2083 1574 mitti-

509 1621 618 1668 tur.
647 1612 719 1667 lbi
751 1614 947 1681 partim
980 1613 1236 1668 socordes
1266 1613 1453 1669 venire
1480 1613 1860 1683 neglexerunt,
1884 1611 2081 1681 partim

506 1706 671 1760 etiam
700 1721 884 1761 servos
910 1705 1255 1760 contumeliis
1283 1705 1920 1762 aﬂ‘ectosinteremerunt
1944 1721 1958 1769 ;
1994 1703 2082 1758 hic

507 1799 668 1853 unice
693 1797 988 1851 obtendunt
1016 1799 1449 1866 occupationem,
1499 1806 1559 1851 ut
1607 1813 1666 1853 se
1713 1797 1889 1851 vocati
1920 1811 2082 1850 excu-

506 1897 651 1942 sent.
687 1888 894 1942 Rursus
929 1887 1000 1942 ibi
1039 1900 1133 1940 rex
1161 1887 1458 1941 exercitum
1489 1897 1792 1943 commovet
1823 1887 2081 1942 adversus

507 1994 787 2034 servorum
819 1994 1037 2033 suorum
1091 1978 1494 2042 interfectores,
1544 1981 1634 2035 hic
1690 1981 1851 2034 homo
1885 1996 2078 2049 quam-

507 2071 589 2125 vis
619 2071 792 2125 iratus
817 2070 1198 2125 recusantibus
1226 2071 1493 2133 invitatis,
1545 2072 1678 2125 nihil
1706 2072 1967 2139 ejusmodi
1998 2071 2080 2124 fa-

504 2162 618 2218 cit:
651 2166 810 2217 servo
847 2172 1024 2215 tamen
1049 2176 1147 2216 suo
1178 2162 1419 2226 mandat,
1449 2172 1505 2217 ut
1531 2177 1795 2231 pauperes
1821 2174 1875 2218 et
1908 2180 2079 2218 mem-

506 2255 621 2310 bris
647 2255 863 2309 mutilos
898 2263 955 2309 et
1002 2269 1176 2309 caseos
1216 2263 1500 2310 convocet.
1548 2255 1619 2308 At
1650 2254 1737 2309 ille
1764 2256 1853 2324 qui
1888 2258 1953 2311 ad
1984 2257 2079 2313 lilii

506 2346 722 2416 nuptias
763 2346 947 2400 invitat
981 2361 1096 2412 rex,
1125 2346 1340 2402 famulis
1373 2346 1620 2417 pluribus
1655 2349 1864 2402 utitur:
1903 2364 2080 2419 neque

507 2450 789 2505 pauperes,
820 2437 1075 2491 membris
1105 2438 1351 2503 mutilos,
1406 2453 1605 2501 οιιξιτοε,
1661 2438 1887 2494 claudos
1922 2445 1989 2496 ad
2019 2457 2080 2496 se

504 2529 688 2599 cogit:
724 2528 865 2583 haud
899 2529 1042 2583 enim
1068 2531 1227 2598 regiis
1259 2531 1462 2596 nuptiis
1499 2530 1634 2583 tales
1672 2530 1942 2587 interesse
1982 2534 2072 2587 in-

503 2620 709 2673 vitatas
749 2620 948 2673 decuit.
1000 2619 1134 2673 Tum
1186 2635 1218 2675 e
1251 2636 1477 2675 numero
1514 2622 1866 2676 convivarum
1891 2638 2080 2693 quem-

505 2708 630 2763 dam
665 2709 882 2778 indigna
910 2710 1112 2779 nuptiis
1139 2719 1291 2765 veste
1337 2709 1583 2763 indutqu
1636 2725 1727 2763 rex
1771 2712 1942 2778 punit.
1980 2713 2081 2766 De-

507 2801 671 2868 nique
695 2802 838 2870 quod
862 2812 947 2857 est
976 2804 1216 2856 omnium
1259 2803 1622 2873 potissimum,
1661 2802 1894 2857 Matthxi
1921 2821 2078 2870 para-

504 2890 628 2946 bola
669 2891 811 2946 intra
865 2892 1121 2961 templum
1171 2894 1315 2947 dicta
1352 2892 1477 2960 fuit,
1515 2908 1699 2947 coram
1730 2895 2077 2965 pontificibus

505 2998 573 3038 ac
602 2983 781 3050 populi
839 2984 1145 3038 senioribus
1197 2985 1563 3040 concionante
1618 2985 1886 3040 Domino:
1920 2986 2077 3042 Luca:

506 3072 763 3140 parabola
793 3074 844 3127 in
875 3072 1094 3128 Galilaea
1123 3073 1266 3128 domi
1304 3073 1585 3139 cujusdam
1644 3075 1904 3144 principis
1934 3075 2077 3130 Pha-

505 3164 648 3216 risaei
696 3164 962 3232 privatam
1018 3178 1231 3217 coenam
1279 3164 1523 3233 exhibet,
1564 3167 1891 3221 convivante
1934 3169 2073 3237 apud

2180 687 2335 758 παρά
2361 684 2440 755 τῷ
2472 683 2758 753 Ματθαίῳ,
2790 682 2850 734 ἐν
2948 675 3197 749 βασιλεύς
3218 677 3335 728 ἐστι
3360 675 3575 745 γάμους
3594 674 3757 727 ποιῶν

2178 775 2258 846 τῷ
2289 774 2391 846 υἱῷ
2416 773 2605 839 αὐτοῦ,
2637 774 2733 827 καὶ
2763 770 2982 833 δούλους
3013 765 3357 822 ἀποστέλλων
3390 765 3618 819 καλέσαι
3636 767 3757 828 τοὺς

2181 867 2573 939 κεκλημένους.
2640 865 2699 918 ’0
2751 863 2809 917 δὲ
2873 863 2947 934 μὴ
3003 860 3295 932 παρέργως
3344 857 3633 928 προσέχων
3696 858 3760 926 τῇ

2181 960 2487 1030 ἀναγνώσει
2521 957 2673 1030 εὖροι
2720 956 2786 1010 ἂν
2814 955 3114 1024 ἐπιστήσας
3140 952 3230 1005 τὸν
3263 950 3388 1004 νοῦν
3417 951 3761 1003 παντάπασιν

2147 1103 2159 1118 ,
2181 1053 2624 1125 ήλλοτριωμένην
2652 1048 2855 1118 ταύτην
2885 1046 3116 1116 ἐκείνης.
3150 1045 3215 1096 Ἦ
3243 1044 3340 1115 μὲν
3367 1042 3479 1113 γάρ
3507 1040 3663 1112 παρά
3690 1040 3764 1141 τῷ

2180 1145 2443 1214 Ματθαίῳ
2482 1142 2694 1214 πρῶτον
2730 1140 2987 1193 ἁπάντων
3013 1140 3079 1208 τῇ
3109 1135 3351 1206 βασιλεία
3377 1134 3489 1187 τῶν
3514 1134 3763 1204 οὐρανῶν

2182 1235 2456 1308 παρέϐαλε
2482 1234 2551 1287 τὰ
2566 1232 2852 1302 λεγόμενα·
2885 1229 3043 1283 τοῦτο
3065 1228 3108 1281 δ’
3141 1226 3374 1280 ἐνταῦθα
3401 1226 3462 1278 οὐ
3490 1223 3764 1277 λέλεκται.

2181 1330 2356 1382 Κάκεῖ
2390 1326 2489 1396 μὲν
2522 1323 2801 1395 ἀφωμοίου
2836 1321 2929 1374 τὸν
2968 1320 3209 1391 κλήτορα
3249 1316 3480 1388 βασιλεῖ,
3527 1314 3769 1368 ἐνταῦθα

2180 1420 2237 1473 δὲ
2280 1418 2433 1489 ψιλὸν
2466 1416 2748 1487 ἄνθρωπον
2786 1413 3030 1481 εἰσάγει·
3076 1412 3235 1464 κάκεῖ
3286 1411 3383 1481 μὲν
3426 1408 3646 1478 γάμους
3695 1406 3770 1476 τῷ

2182 1511 2284 1582 υἱῷ
2317 1512 2345 1564 6
2380 1509 2632 1580 βασιλεὺς
2676 1507 2870 1568 ἐτέλει,
2914 1503 3148 1558 ἐνταῦθα
3182 1502 3239 1556 δὲ
3284 1500 3469 1563 ἁπλῶς
3506 1501 3769 1553 δεῖπνον·

2181 1606 2343 1658 κάκεῖ
2376 1602 2474 1673 μὲν
2507 1600 2691 1654 πολλοὶ
2722 1596 3161 1658 ἀποστέλλονται,
3198 1592 3431 1647 ἐνταῦθα
3464 1591 3521 1644 δὲ
3562 1586 3650 1654 εἷς
3676 1590 3774 1661 μό-
3828 1600 3831 1605 ‘

2181 1710 2268 1757 νος
2306 1693 2400 1745 ἐπὶ
2427 1692 2525 1762 τὴν
2552 1689 2747 1758 κλῆσιν
2770 1687 3115 1757 ἐκπέμπεται
3135 1702 3149 1715 ·
3186 1685 3344 1737 κάκεῖ
3361 1683 3411 1735 οἱ
3437 1682 3538 1753 μὲν
3561 1680 3775 1751 ἀμελὴ-

2184 1800 2373 1846 σαντες
2409 1782 2507 1835 οὐκ
2541 1782 2816 1851 ἀπήντων,
2857 1779 2907 1831 οἱ
2943 1778 3000 1831 δέ
3038 1776 3215 1829 λοιποὶ
3249 1775 3342 1828 καὶ
3379 1775 3507 1836 τοὺς
3546 1771 3774 1834 δούλους

2183 1875 2410 1948 ῦϐρισαν
2434 1874 2528 1928 καὶ
2552 1874 2879 1927 ἀπέκτειναν
2898 1887 2910 1897 ·
2944 1868 3178 1924 ἐνταῦθα
3204 1868 3261 1920 δέ
3306 1867 3463 1937 μόνον
3491 1867 3774 1934 exigu-tow

2182 1989 2271 2025 ται
2304 1969 2578 2039 ἀσχολίαν,
2608 1964 3034 2037 παραιτούμενοι
3070 1960 3172 2031 τὴν
3196 1959 3387 2029 κλῆσιν
3407 1975 3420 1988 ·
3453 1959 3575 2010 ἐκεῖ
3608 1956 3774 2010 πάλιν

2182 2064 2210 2115 6
2253 2062 2505 2132 βασιλεὺς
2550 2059 2868 2131 στράτευμα
2907 2057 3050 2108 κινεῖ
3096 2053 3238 2106 κατά
3269 2051 3377 2104 τῶν
3411 2050 3774 2121 ἀνῃρηκότων

2183 2152 2304 2214 τοὺς
2323 2149 2487 2203 αὑτοῦ
2513 2148 2756 2210 δούλους·
2789 2143 3023 2199 ἐνταῦθα
3041 2143 3097 2196 δὲ
3130 2145 3158 2195 6
3186 2141 3469 2211 ἄνθρωπος
3491 2139 3777 2211 ὀργισθεὶς

2180 2244 2273 2296 ἐπὶ
2298 2245 2362 2313 τῇ
2395 2241 2721 2312 παραιτήσει
2753 2237 2861 2290 τῶν
2883 2236 3259 2306 κεκλημένων,
3281 2234 3432 2287 οὐδὲν
3454 2234 3555 2303 μὲν
3592 2231 3773 2285 τοιοῦο

2180 2353 2270 2389 τον
2308 2338 2473 2395 ποιεῖ,
2519 2332 2598 2403 τῷ
2628 2332 2673 2384 δ’
2698 2328 2892 2384 ἐαυτοῦ
2924 2326 3096 2396 δούλῳ
3147 2326 3475 2398 προστάττει
3517 2325 3778 2395 πτωχοὺς

2182 2428 2276 2481 καὶ
2319 2426 2630 2496 ἀναπήρους
2680 2422 2774 2476 καὶ
2814 2420 3047 2489 τυφλοὺς
3095 2420 3427 2486 εἰσαγαγεῖν.
3480 2419 3538 2470 Ὁ
3579 2417 3641 2470 δὲ
3685 2416 3780 2470 ἐπὶ

2181 2519 2307 2581 τοὺς
2354 2517 2565 2588 γάμους
2609 2513 2704 2567 τοῦ
2748 2511 2863 2565 υἱοῦ
2901 2509 3185 2579 συγκαλῶν
3230 2508 3503 2580 βασιλεὺς,
3561 2507 3780 2571 δούλοις

2182 2612 2420 2665 πλείοσιν
2452 2608 2746 2680 ὑπερέταις
2775 2605 3089 2678 χρώμενος,
3133 2606 3194 2657 οὐ
3226 2603 3479 2673 πτωχοὺς
3511 2603 3615 2656 καὶ
3640 2603 3782 2656 ἀνα-

2182 2708 2411 2777 πήρους,
2442 2702 2554 2756 ἀλλ’
2577 2700 2698 2754 οὐδέ
2722 2699 2956 2767 τυφλοὺς
2982 2697 3078 2750 καὶ
3092 2696 3300 2768 χωλοὺς
3328 2697 3563 2764 εἰσάγει·
3584 2695 3779 2766 ἐπειδὴ

2184 2798 2306 2871 μηδ’
2332 2796 2572 2868 ἔπρεπεν
2606 2792 2889 2863 ἐπικλήσει
2935 2790 3113 2860 γάμου
3161 2788 3440 2859 βασιλικοῦ
3490 2787 3779 2851 τοιούτους

2180 2893 2435 2963 παρεῖναι
2455 2905 2469 2918 ·
2525 2886 2831 2956 κληθέντων
2864 2883 2921 2937 δὲ
2950 2882 3181 2947 πολλῶν,
3226 2883 3318 2935 τὸν
3352 2882 3554 2949 ἀνάξια
3589 2883 3778 2952 γάμου

2179 2980 2526 3050 ἐνδεδυμένον
2568 2979 2597 3030 6
2643 2977 2892 3048 βασιλεὺς
2934 2978 3274 3047 τιμωρεῖται.
3319 2975 3394 3028 Τὸ
3441 2974 3500 3027 δὲ
3545 2974 3778 3028 πάντων

2178 3073 2735 3145 κεφαλαιωδέστατον,
2760 3073 2841 3125 ὃτι
2878 3071 2913 3140 ἡ
2956 3069 3055 3139 μὲν
3088 3069 3240 3141 παρά
3259 3067 3336 3139 τῷ
3367 3067 3639 3139 Ματθαίῳ
3670 3086 3779 3121 πα-

2182 3166 2383 3241 ραϐολὴ
2410 3165 2556 3219 ἔνδον
2578 3167 2635 3217 ἐν
2662 3162 2740 3235 τῷ
2756 3161 2886 3233 ἱερῷ
2908 3160 3152 3225 λέλεκτο,
3178 3161 3314 3232 πρὸς
3329 3161 3457 3223 τοὺς
3474 3159 3782 3233 ἀρχιερέας

503 3266 627 3306 eum
661 3251 971 3309 Servatore.
1008 3254 1146 3324 Ergo
1174 3253 1350 3309 Lucas
1379 3256 1460 3311 sic
1484 3255 1743 3326 praefatur
1774 3259 2074 3326 parabolae:

2182 3258 2275 3312 καὶ
2316 3254 2719 3328 πρεσϐυτέρους
2750 3251 2845 3308 τοῦ
2878 3251 3007 3306 λαοῦ
3047 3250 3427 3321 διαλεγομένου
3458 3249 3557 3303 τοῦ
3591 3250 3783 3319 Σωτῆ-

504 3356 695 3411 nempe
721 3339 901 3397 Jesum
925 3343 980 3397 in
1008 3343 1150 3400 mdes
1172 3345 1449 3415 cujusdam
1470 3361 1511 3401 'e
1539 3345 1834 3403 Pharisaeis
1863 3350 2076 3404 venisse

505 3441 564 3485 ut
620 3433 855 3488 Sabbato
900 3434 1078 3488 cibum
1119 3447 1403 3504 sumeret;
1454 3438 1552 3493 hos
1606 3448 1785 3493 autem
1836 3453 2072 3495 mentem

505 3523 580 3578 illi
617 3524 931 3581 intendisse.
966 3524 1100 3582 Tum
1141 3540 1332 3585 narrat
1379 3532 1662 3602 hydropici
1715 3533 1952 3589 hominis
1979 3550 2077 3589 cu-

504 3616 798 3682 rationem,
826 3625 990 3689 atque
1023 3621 1100 3675 uti
1148 3618 1309 3677 Jesus
1352 3622 1602 3680 docuerit
1648 3629 1938 3697 quominus
1966 3626 2076 3695 pri-

504 3724 622 3764 mos
657 3713 938 3769 accubitus
966 3714 1018 3768 in
1052 3715 1319 3771 conviviis
1348 3716 1642 3782 ambirent,
1703 3734 1880 3788 neque
1930 3717 2076 3772 invi-

503 3808 684 3856 tarent
708 3817 801 3857 eos
830 3820 860 3858 a
888 3805 1087 3875 quibus
1123 3806 1360 3862 vicissim
1414 3807 1678 3863 invitandi
1735 3809 1931 3872 forent,
1982 3809 2075 3864 sed

501 3905 599 3946 eos
624 3896 803 3962 potius
831 3896 921 3964 qui
963 3900 1299 3953 remunerari
1329 3901 1641 3969 nequirent.
1669 3902 1857 3967 Addit,
1886 3916 2076 3970 quein-

505 3985 626 4038 dam
657 4000 688 4040 e
714 3987 1178 4043 discumbentibus
1209 3991 1323 4044 base
1354 3992 1663 4045 audientem
1694 3992 1920 4058 dixisse,
1946 3991 2075 4047 Bea-

502 4087 587 4131 tus
615 4079 704 4148 qui
735 4095 921 4146 panem
948 4083 1178 4135 comedet
1211 4084 1265 4136 in
1295 4099 1451 4151 regno
1487 4082 1583 4136 Dei
1621 4082 1642 4137 .'
1681 4083 1863 4138 Jesum
1891 4093 2072 4141 autem

503 4168 583 4223 sic
604 4183 787 4222 orsum
807 4168 948 4239 loqui
971 4169 1180 4237 :Ilomo
1210 4174 1423 4242 quidam
1447 4175 1569 4242 fecit
1590 4191 1787 4228 cceuam
1804 4192 2071 4244 magnam.

505 4258 681 4329 Atque
710 4259 783 4313 ita
808 4257 984 4315 Lucas
1015 4275 1339 4331 prmsentem
1386 4268 1700 4333 parabolam
1749 4269 1913 4323 tradit
1947 4285 2074 4323 nar-

502 4360 679 4404 ratam
711 4367 740 4405 a
771 4351 1062 4409 Servatore
1092 4355 1142 4409 ei
1166 4356 1253 4425 qui
1282 4356 1514 4422 dixerat,
1542 4357 1739 4413 Beatus
1768 4362 1857 4431 qui
1884 4378 2072 4430 panem

504 4446 738 4499 comedet
777 4447 835 4500 in
867 4463 1027 4515 regno
1063 4448 1177 4502 Dei.
1212 4448 1392 4515 Quare
1420 4453 1640 4507 omnino
1674 4452 1874 4507 fatetur
1890 4454 2072 4508 diver-

504 4550 619 4590 sam
650 4537 936 4593 hauc‘csse
965 4554 993 4593 a
1029 4542 1311 4608 superiore
1356 4541 1689 4610 parabolam.
1739 4543 1843 4598 Sed
1892 4555 2070 4599 tamen

2186 3369 2279 3423 ρος
2301 3368 2315 3382 ·
2341 3352 2375 3422 ἡ
2410 3348 2467 3402 δὲ
2669 3346 2749 3418 τῷ
2776 3347 2961 3416 Λουκᾷ
2987 3345 3079 3398 ἐπὶ
3106 3343 3207 3414 τῆς
3236 3341 3526 3406 Γαλιλαίας
3546 3342 3611 3396 ἐν
3626 3342 3785 3413 οἰκίᾳ

2182 3444 2324 3506 τινὸς
2347 3443 2604 3513 ἄρχοντος
2622 3438 2915 3511 Φαρισαίου
2934 3437 3088 3507 ψιλὸν
3105 3436 3319 3490 δεῖπνον
3344 3435 3783 3500 κατασκευάζει,

2183 3535 2514 3606 ἐστιωμένου
2551 3532 2686 3603 παρ’
2722 3524 2998 3602 αὐτῷλτοῦ
3038 3529 3306 3600 Σωτῆρος.
3338 3527 3613 3599 Προλέγει
3643 3527 3785 3597 γοῦν

2184 3630 2283 3700 τῆς
2319 3626 2688 3700 προκειμένης
2727 3622 3048 3696 παραϐολῆς
3089 3623 3119 3674 6
3166 3622 3385 3685 Λουκᾶς
3425 3618 3639 3675 ταῦτα·
3699 3621 3784 3673 δτι

2183 3718 2428 3791 εἰσῆλθεν
2458 3720 2536 3781 εἰς
2567 3714 2714 3771 οἶκόν
2740 3732 2886 3779 τινος
2900 3712 3193 3786 Φαρισαίου
3219 3710 3535 3781 ἐστιαθῆναι
3562 3712 3626 3765 ἐν
3643 3711 3788 3764 Σαϐ-

2185 3813 2365 3884 ϐάτῳ·
2406 3813 2456 3865 οἱ
2483 3811 2539 3863 δέ
2572 3805 2984 3880 παρετηροῦντο
3016 3805 3199 3858 αὐτόν.
3237 3799 3374 3857 Εἶτα
3413 3801 3673 3866 διελθὼν,
3707 3803 3789 3867 ὡς

2183 3901 2487 3975 ὑδρωπικδν
2503 3899 2854 3971 ἐθεράπευσε,
2872 3898 2967 3950 καὶ
2984 3895 3061 3960 ὡς
3091 3892 3298 3959 ἐδίδαξε
3326 3894 3401 3965 μὴ
3424 3892 3524 3956 τὰς
3555 3910 3793 3964 πρωτοο

2184 3992 2395 4055 κλισίας
2414 3992 2470 4043 ἐν
2487 3992 2597 4053 τοῖς
2611 3989 2846 4051 δείπνοις
2867 3985 3241 4059 μεταδιώκειν,
3272 3982 3407 4055 μηδὲ
3427 3981 3621 4036 καλεῖν
3646 3984 3792 4047 τοὺς

2182 4083 2648 4146 ἁντικαλέσοντας,
2670 4080 2804 4134 ἀλλά
2839 4080 2971 4142 τοὺς
2993 4076 3297 4133 ἀντιδοῦναι
3327 4076 3401 4148 μὴ
3416 4076 3793 4148 δυναμένους,

2191 4174 2464 4245 ἐπιφέρει,
2484 4175 2562 4227 ὅτι
2581 4172 2819 4234 ἀκούσας
2838 4186 2918 4234 τις
2947 4158 3069 4237 τῶνί
3091 4167 3566 4238 συνανακειμένων
3600 4168 3793 4224 ταῦτα

2182 4263 2323 4330 εἷπε,
2340 4264 2637 4332 Μακάριος
2649 4262 2817 4328 ὅστις
2832 4261 3081 4332 φάγεται
3100 4259 3281 4329 ἄρτον
3298 4261 3369 4313 ἐν
3381 4257 3459 4328 τῇ
3478 4260 3794 4327 βασιλείᾳ

2187 4357 2290 4412 τοῦ
2303 4356 2484 4411 Θεοῦ]
2513 4355 2639 4409 Ὃδέ
2667 4350 2816 4406 εἶπεν
2848 4351 3013 4423 αὐτῷ·
3049 4352 3381 4419 Ἄνθρωπός
3405 4368 3496 4417 τις
3516 4352 3793 4421 ἐποίησε

2188 4451 2434 4504 δεῖπνον
2457 4447 2630 4518 μέγα.
2683 4446 2837 4500 Οῦτω
2865 4445 2910 4498 δ’
2945 4448 2973 4499 6
2999 4445 3213 4507 Λουκᾶς
3272 4444 3372 4514 τὴν
3407 4445 3792 4515 προτεθεῖσαν

2183 4540 2492 4615 παραϐολὴν
2507 4537 2810 4610 ἀνέγραψν
2836 4536 3086 4608 εἰρῆσθαι
3106 4536 3211 4591 ὑπὸ
3231 4534 3325 4590 τοῦ
3348 4536 3609 4607 Σωτῆρος
3629 4538 3786 4610 πρὸς

504 4626 631 4696 quia
684 4644 752 4684 ne
808 4629 918 4699 ipsa
950 4633 1164 4702 quidem
1205 4648 1233 4686 a
1268 4636 1527 4689 caelorum
1575 4650 1739 4703 regno
1794 4637 2071 4706 abhorret,

2182 4634 2267 4686 τὸν
2296 4631 2575 4704 εἰρηκότα,
2598 4626 2898 4696 Μακάριος
2926 4627 3097 4693 ὅστις
3111 4625 3357 4695 φάγεται
3377 4626 3566 4693 ἄρτον
3594 4630 3676 4682 ἐν
3702 4628 3788 4698 τῇ

504 4719 574 4774 de
609 4734 718 4792 quo
744 4725 919 4777 onmis
947 4724 1103 4780 nobis
1142 4725 1424 4780 institutus
1453 4741 1632 4780 sermo
1658 4736 1762 4791 est,
1795 4728 2077 4786 videamus

504 4825 669 4879 porro
694 4814 824 4884 quid
864 4816 1174 4886 signiﬁcent
1200 4820 1361 4872 etiam
1397 4832 1460 4871 ea
1498 4833 1616 4886 qua:
1650 4819 1701 4872 iu
1734 4820 1834 4874 hac
1873 4837 2074 4891 propo-

506 4914 730 4959 nuntur.
772 4906 920 4961 Unus
945 4908 1374 4962 recumbentium
1406 4917 1460 4963 et
1490 4910 1902 4967 convivantium
1950 4928 2075 4968 cum

507 4995 800 5052 Servatore
852 4999 902 5052 in
958 4997 1215 5054 Pharisaai
1293 4999 1496 5066 domo,
1563 5003 1904 5057 sermonibus
1958 5004 2076 5074 ejus

507 5099 828 5154 commotus,
864 5090 1076 5145 beatum
1101 5090 1373 5146 exclamat
1408 5091 1555 5146 illum
1607 5093 1722 5147 fore
1754 5094 1846 5163 qui
1878 5095 1943 5147 ad
1978 5111 2075 5166 pa-

573 5227 688 5300 (65)
728 5228 949 5298 Triplex
996 5236 1080 5283 est
1122 5230 1225 5286 loci
1279 5230 1440 5298 hujus
1500 5231 1813 5297 Eusebiani,
1857 5235 2081 5291 mutatis

504 5314 648 5367 sacpe
693 5301 897 5366 verbis,
927 5312 1267 5369 excerptum.
1298 5301 1538 5355 Primum
1567 5303 1617 5354 iu
1651 5304 2081 5369 praecedentibus

508 5368 752 5443 dedimus
798 5385 865 5424 ex
916 5368 1109 5443 catena
1135 5372 1393 5443 anonymi
1439 5368 1677 5425 auctoris
1707 5373 1758 5425 in
1786 5375 1971 5443 codice
2014 5373 2075 5428 Β.

507 5438 749 5491 Alterum
783 5450 868 5494 est
923 5440 1024 5495 hoc
1072 5438 1413 5507 excerptum,
1458 5457 1524 5494 ex
1564 5453 1753 5495 catena
1786 5442 1989 5497 Niceta:
2022 5446 2077 5497 in

507 5508 782 5575 codieeA.
831 5509 1070 5565 Tertium
1099 5520 1180 5564 est
1213 5513 1265 5564 in
1296 5513 1483 5566 codice
1510 5513 1573 5575 E,
1612 5527 1677 5565 ex
1720 5523 1910 5565 catena
1947 5515 2077 5568 item

509 5574 728 5631 Macarii
770 5579 1216 5651 Chrysoeephali,
1274 5584 1365 5648 qui
1415 5598 1535 5636 cum
1562 5574 1764 5635 'Niceta
1800 5585 2071 5651 ροηδε-πη,

510 5656 869 5768 ιιὲἔιιιθηιυεηι
890 5649 1077 5714 initio,
1115 5652 1253 5718 quod
1279 5652 1348 5703 ita
1382 5666 1439 5704 se
1472 5649 2074 5715 ιπηιιριιΠολλοῖςτισιν

597 5713 655 5768 ξε
683 5717 780 5768 τὴν
810 5718 977 5768 αὐτὴν
993 5719 1308 5768 παραϐολῆην
1330 5716 1467 5768 εἶναι
1489 5720 1692 5768 ταύτην
1707 5738 1765 5768 τε
1793 5722 1890 5768 τὴν
1922 5722 2074 5768 uani

597 5713 655 5782 ξε
683 5713 780 5788 τήν
810 5718 977 5790 αὐτὴν
993 5713 1308 5792 παραϐολὴν
1330 5716 1467 5775 εἶναι
1489 5720 1692 5793 ταύτην
1707 5738 1765 5776 τε
1793 5713 1897 5794 τὴν
1922 5722 2076 5797 παρά

2178 4725 2465 4793 βασιλείᾳ
2482 4723 2586 4777 τοῦ
2619 4722 2786 4776 Θεοῦ·
2816 4720 2956 4775 ῶστε
2983 4719 3041 4786 ἐξ
3072 4719 3310 4784 ἅπαντος
3334 4719 3624 4791 ὁμολογεῖν
3663 4724 3794 4777 ἑτέ-

2186 4837 2284 4892 ραν
2333 4814 2470 4871 εἶναι
2504 4815 2706 4885 ταύτην
2746 4814 2895 4886 παρὰ
2943 4815 3042 4886 τὴν
3081 4812 3325 4886 πρώτην.
3379 4813 3533 4866 Ἐπεὶ
3577 4813 3640 4867 δὲ
3669 4816 3783 4867 οὐκ

2180 4911 2435 4983 ἀλλοτρία
2484 4909 2740 4980 τυγχάνει
2773 4908 2883 4962 οὐδ’
2909 4907 3048 4979 αῦτη
3078 4909 3177 4978 τῆς
3215 4905 3494 4976 βασιλείας
3515 4903 3636 4957 τῶν
3689 4908 3792 4960 οὗ-

2185 5004 2393 5077 ρανῶν,
2427 5003 2556 5074 περὶ
2581 4999 2648 5074 ἦς
2679 5003 2810 5073 ἡμῖν
2841 5002 2870 5054 6
2909 5003 3016 5064 πᾶς
3054 5000 3310 5071 ἐνέστηκε
3340 4997 3528 5065 λόγος,
3568 4996 3791 5069 ἴδωμεν

2182 5095 2234 5148 τί
2269 5095 2514 5166 βούλεται
2548 5094 2639 5147 καὶ
2661 5092 2728 5146 τὰ
2749 5090 2838 5146 διὰ
2862 5090 3064 5162 ταύτην
3089 5089 3411 5163 δηλούμενα.
3444 5087 3570 5141 Τῶν
3603 5105 3789 5143 συνα-

2183 5235 2262 5306 τῷ
2287 5236 2490 5306 Δουκᾷ,
2527 5234 2621 5306 καὶ
2649 5232 2751 5304 τὴν
2783 5229 3336 5306 παρά-τῷ-Ματθαίῳ
3370 5229 3498 5306 περῖ
3536 5227 3634 5306 τοῦ
3679 5231 3790 5299 γά.

2188 5298 2288 5376 μου
2330 5298 2823 5376 διαλαμϐάνουσαν,
2866 5298 2972 5355 ’διὰ
2997 5298 3081 5376 ,τὸ
3138 5298 3396 5376 καί-ἐκεῖ
3430 5298 3790 5376 παραίτησιν

2184 5369 2291 5430 τῶν
2331 5369 2682 5446 κεκλημένων
2725 5372 3098 5446 εὑρίσκεσθαι.
3140 5372 3199 5446 Ὀ
3228 5370 3285 5424 δὲ
3316 5371 3393 5441 μὴ
3438 5369 3786 5446 παρέργως,

2182 5457 2289 5500 etc.
2326 5441 2694 5511 Compluribus
2719 5441 2886 5497 visum
2913 5453 3012 5509 est,
3037 5444 3272 5496 eamdem
3304 5456 3418 5494 esse
3450 5441 3787 5511 gerebamus

2183 5527 2295 5568 tum
2350 5507 2467 5582 quas
2514 5514 2654 5581 apud
2684 5512 2884 5567 Lucam
2931 5507 3041 5566 tum
3094 5527 3212 5580 qua:
3249 5513 3390 5582 apud
3446 5507 3786 5582 Matthqu

2190 5580 2440 5638 recitatur
2473 5585 2537 5637 de
2573 5585 2787 5650 nuptiis,
2809 5584 2932 5652 quia
2962 5592 3013 5635 et
3034 5582 3088 5652 in
3118 5583 3217 5634 hac
3247 5581 3416 5633 altera
3449 5580 3775 5652 excusatio:

2194 5671 2309 5708 nem
2336 5648 3026 5719 vocatorum'comperimus.
3071 5649 3442 5707 Verumtamen
3465 5650 3561 5720 qui
3610 5648 3779 5704 haud

2198 5726 2552 5795 perfunctorie
2581 5723 2783 5790 studio,
2805 5731 2910 5779 etc.
