3858 6214
129 279 232 333 577

1301 281 1805 338 COMMENTARIA
1842 279 1912 335 IN
1950 277 2211 337 LUCAM.

3272 283 3379 339 578

123 414 283 451 ante:
292 394 470 468 μένων
493 414 580 461 τις
611 396 689 468 τῷ
709 399 922 472 Σωτῆρι
949 399 1005 451 ἐν
1028 400 1095 470 τῇ
1125 397 1219 452 τοῦ
1243 399 1536 471 Φαρισαίου
1562 398 1699 470 οίκίᾳ

1810 410 1934 450 nem
1957 393 2393 451 manducandum
2435 394 2485 448 in
2536 408 2706 466 regno
2746 394 2840 450 Dei
2883 394 3171 466 dignanter
3213 394 3380 451 fuerit

123 490 223 543 καὶ
267 490 736 560 συνεστιωμένων,
778 492 843 544 ἐκ
884 492 992 544 τῶν
1038 491 1199 544 αὐτοῦ
1241 490 1418 561 λόγων
1447 491 1707 563 κινηθεὶς,

126 580 428 653 μακαρίζει
459 582 550 635 τὸν
585 582 1124 654 καταξιωθησόμενον
1155 587 1347 653 φαγεῖν
1367 584 1529 655 ἄρτον
1558 586 1616 638 ἐν
1643 586 1710 656 τῇ

126 672 383 745 βασιλείᾳ
419 672 515 727 τοῦ
565 673 721 727 Θεοῦ.
759 670 923 745 Οἶμαι
964 675 1007 727 δ’
1049 675 1211 729 αὐτὸν
1245 675 1401 729 τοῦτο
1434 677 1711 748 εἰρηκέναι

124 762 214 817 διὰ
256 762 322 817 τὸ
367 764 640 833 φάναιτὸν
659 765 887 838 Σωτῆρα
919 765 997 836 τῷ
1024 766 1313 837 κεκληκότι
1346 768 1711 823 αὐτόν-Ὅταν

125 859 293 927 ποιῇς
340 856 579 930 ἄριστον,
618 857 690 929 μὴ
719 857 1004 924 πλουσίους
1049 860 1223 926 κάλει,
1261 860 1397 914 ἀλλά
1439 863 1708 932 πτωχοὺς,

127 950 222 1003 καὶ
284 952 553 1021 μακάριος
603 951 721 1023 ἔσῃ.
763 951 908 1023 Πρὸς
958 951 1145 1006 τοῦτον
1195 948 1286 1007 οὖν
1340 970 1536 1025 φησιν’
1582 955 1712 1009 Ἅν-

127 1044 363 1112 θρωπός
399 1060 491 1109 τις
516 1043 766 1114 exornas
785 1044 1032 1098 δεῖπνον
1047 1044 1222 1115 μέγα.
1256 1047 1351 1099 καὶ
1383 1047 1452 1100 τά
1476 1046 1621 1118 ἑξῆς.

263 1133 554 1202 Ἤρξαντο
584 1134 703 1189 ἀπὸ
727 1132 871 1204 μιᾶς
894 1136 1301 1205 παραιτεῖσθαι
1331 1137 1572 1203 πάντες.

215 1222 327 1277 Eni.
367 1223 430 1276 τὸ
456 1224 674 1293 λογικὸν
716 1224 1015 1296 συμπόσιον
1043 1227 1142 1280 οὐκ
1182 1226 1517 1297 ἀπήντησαν,
1552 1227 1710 1299 φιλή-

125 1316 267 1371 δονοι
303 1314 501 1386 μᾶλλον
544 1314 694 1379 ὄντες
740 1315 773 1386 ἢ
815 1316 1071 1386 φιλόθεοι,
1107 1316 1331 1386 καὶτῆς
1369 1315 1501 1387 ὕλης
1533 1317 1563 1387 ἢ
1616 1316 1708 1370 τού

125 1405 287 1460 Θεοῦ·
319 1406 629 1479 φιληδονίας
659 1408 756 1478 μὲν
784 1407 892 1480 γὰρ
923 1407 1118 1478 δεῖγμα
1143 1411 1300 1481 γυνή·
1335 1410 1503 1483 ἀγρὸς
1526 1410 1581 1464 δὲ
1614 1411 1709 1464 καὶ

126 1494 295 1566 ζεύγη
326 1495 428 1567 τῆς
460 1496 951 1568 φιλοχρημοσύνης.
986 1499 1221 1562 Πολλοὺς
1257 1499 1357 1570 μὲν
1390 1496 1481 1553 οὖν
1509 1501 1709 1570 κεκλῆ-

126 1586 251 1640 σθαί
273 1604 407 1656 φησι
436 1588 528 1640 ἐπὶ
541 1588 604 1641 τὸ
631 1589 771 1659 μέγα
800 1589 1010 1643 δεῖπνον
1031 1591 1205 1644 καὶτὸ
1228 1592 1349 1644 καθ’
1373 1592 1502 1663 ὅλης
1522 1593 1618 1663 τῆς
1633 1596 1710 1648 0i-

125 1696 222 1732 κου
230 1678 401 1749 μένης
417 1678 633 1747 λογικὸν
655 1681 952 1751 συμπόσιον
965 1682 1075 1736 τῶν
1098 1682 1258 1754 ίερῶν
1276 1685 1368 1737 καὶ
1386 1683 1542 1737 θείων
1567 1685 1707 1756 Γρα-

1812 486 2096 541 admissus.
2159 483 2297 539 Puto
2351 492 2529 537 autem
2594 484 2693 539 hoc
2748 483 2951 537 dictum
3009 483 3196 550 fuisse,
3250 483 3381 553 quia

1813 583 2073 638 Servator
2101 580 2352 637 invitanti
2372 595 2430 635 se
2454 581 2666 635 dixerat
2693 598 2705 633 :
2734 580 2867 634 Cum
2914 578 3201 649 prandium
3233 578 3379 635 fece-

1812 676 1909 739 ris,
1937 674 2042 730 noli
2071 675 2265 729 divites
2293 686 2512 736 vocare,
2539 671 2634 726 sed
2656 686 2939 741 pauperes,
2971 682 3028 725 ut
3063 673 3254 727 beatus
3277 672 3377 727 sis.

1812 764 1949 821 Huic
1973 778 2104 837 ergo
2133 763 2463 835 respondens
2490 764 2567 817 ait
2603 777 2618 816 :
2672 761 2844 816 Homo
2869 765 3083 833 quidam
3110 763 3234 834 fecit
3266 778 3377 820 ca-

1811 875 1932 912 nam
1966 873 2233 928 magnam,
2263 866 2319 912 et
2342 853 2569 926 reliqua.

2061 1124 2109 1157 "
2146 1123 2424 1193 Cmperunt
2451 1123 2610 1177 simul
2632 1139 2810 1179 omnes
2858 1141 3128 1181 excusare.

1879 1214 1961 1270 Ad
2009 1216 2279 1270 rationale
2306 1216 2614 1270 convivium
2649 1232 2751 1270 non
2788 1228 3073 1284 venerunt,
3108 1218 3233 1286 quia
3281 1233 3376 1273 vo-

1808 1308 2070 1379 luptatum
2119 1309 2296 1377 potius
2324 1318 2486 1377 atque
2512 1310 2751 1363 materias
2777 1324 2937 1378 quam
2978 1310 3070 1364 Dei
3101 1319 3385 1367 amatores

1807 1412 1983 1456 erant.
2018 1401 2153 1455 Nam
2184 1402 2481 1470 voluptatis
2508 1410 2889 1469 argumentum
2916 1416 3053 1456 uxor
3077 1418 3091 1466 ;
3122 1417 3252 1471 ager
3279 1417 3379 1456 au-

1810 1503 1919 1546 tem
1947 1508 2009 1546 ac
2037 1493 2223 1558 boves,
2257 1492 2519 1550 avaritize.
2551 1491 2746 1547 Multos
2790 1494 2971 1563 itaque
2999 1505 3219 1548 vocatos
3244 1494 3380 1550 dicit

1808 1584 1875 1637 ad
1932 1599 2183 1652 magnam
2241 1598 2475 1645 coenam,
2525 1593 2579 1636 et
2628 1584 2888 1638 rationale
2934 1601 3031 1653 per
3061 1587 3375 1641 universum

1806 1672 1991 1726 orbem
2010 1672 2315 1726 convivium
2339 1685 2620 1725 sacrarum
2648 1686 2712 1726 ac
2737 1673 3043 1727 divinarum
3073 1674 3378 1746 Scriptura-

126 1769 263 1837 φῶν,
300 1770 375 1840 μὴ
420 1770 527 1842 μὴν
552 1773 680 1835 τοὺς
705 1772 911 1837 πάντας
934 1775 1034 1844 τῆς
1059 1775 1279 1845 χάριτος
1306 1776 1699 1846 ἐπιτυγχάνειν·

1807 1779 1950 1828 rum,
1993 1779 2101 1817 non
2155 1773 2333 1817 tamen
2378 1776 2564 1817 omnes
2603 1764 2777 1831 gratia
2823 1765 3010 1834 potiri,
3039 1782 3145 1835 qua
3197 1767 3375 1821 vocati

124 1862 548 1933 ἀποστερεῖσθαι
572 1864 683 1937 γὰρ
713 1866 881 1936 αὐτῆς
911 1866 1018 1920 τῶν
1045 1867 1394 1939 κεκλημένων
1425 1869 1549 1931 τοὺς
1579 1867 1706 1939 περὶ

122 1950 289 2022 ἕτερα
315 1954 741 2025 ήσχολημένους.
772 1957 1054 2028 Περισπᾷν
1078 1956 1185 2030 γὰρ
1217 1959 1311 2010 καὶ
1331 1957 1582 2026 ἀφέλκειν
1608 1957 1707 2027 τῆς

122 2041 371 2113 κλήσεως
402 2044 502 2108 τὰς
548 2044 644 2097 τοῦ
689 2045 803 2114 βίου
850 2046 1134 2117 φροντίδας
1177 2046 1451 2100 διδάσκει⁶
1503 2046 1707 2109 ταύτας

120 2135 164 2187 δ’
185 2130 327 2189 εἶναι
347 2135 657 2207 διαφόρους·
679 2138 712 2207 ἢ
738 2135 847 2209 γὰρ
870 2138 1000 2209 περὶ
1017 2139 1086 2191 τὰ
1111 2141 1365 2210 κτήματα
1388 2139 1480 2192 καὶ
1505 2138 1707 2210 ἀγροὺς

121 2225 531 2297 ἀσχολούμενοι,
575 2226 747 2280 ταῦτα
779 2229 877 2299 τῆς
928 2228 1173 2300 κλήσεως
1218 2230 1705 2301 προτετιμήκασιν,

120 2317 196 2380 ὡς
224 2318 670 2389 παραιτήσασθαι
694 2318 964 2390 τολμῆσαι
991 2319 1080 2375 διά
1101 2319 1274 2375 ταῦτα
1302 2320 1401 2392 τὴν
1427 2321 1638 2391 κλῆσιν·
1669 2322 1703 2394 ἢ

120 2409 251 2479 περὶ
296 2409 399 2472 τὰς
428 2409 522 2463 τοῦ
565 2409 678 2481 βίου
724 2412 1108 2483 πραγματείας
1156 2412 1602 2484 κατατριῶμενοι

116 2497 304 2568 δεσμῷ
349 2499 544 2569 γάμων
584 2499 680 2553 καὶ
729 2500 935 2554 παίδων
980 2501 1436 2573 ἐμπεπλεγμένον
1484 2503 1517 2573 ἦ
1566 2519 1705 2557 τισιν

115 2589 302 2653 ἀλλοις
347 2591 611 2655 τοιούτοις
657 2592 1049 2663 φροντίσμασιν
1078 2593 1457 2664 ήσχολημένοι.
1521 2593 1704 2647 Ταῦτα

113 2682 227 2753 γὰρ
260 2682 357 2735 καὶ
384 2682 613 2736 τοιαὶτα
643 2684 870 2752 ἐπάγειν
903 2683 999 2737 καὶ
1043 2684 1348 2755 περιέλκειν
1380 2682 1538 2737 εἴωθε
1579 2685 1705 2749 τοὺς

110 2773 202 2826 διὰ
246 2773 426 2826 ταῦτα
453 2774 552 2844 τὴν
593 2774 752 2844 χάριν
798 2774 1179 2843 παραιτεῖσθαι
1226 2774 1561 2845 τολμῶντας,
1611 2776 1704 2829 καὶ

107 2863 208 2915 τὸν
232 2862 498 2933 κλήτορα,
527 2865 622 2917 καὶ
645 2864 705 2918 τὸ
732 2865 831 2935 τῆς
863 2866 1055 2935 καινῆς
1088 2866 1351 2936 διαθήκης
1381 2866 1701 2936 συμπόσιον,

111 2954 209 3005 καὶ
232 2954 337 3023 τὴν
362 2953 587 3025 λογικὴν
614 2957 837 3027 τροφήν·
867 2948 939 3007 ὧν
965 2957 1220 3010 ἁπάντων
1249 2957 1547 3029 ἐστέρησαν
1578 2958 1703 3011 ἐαυ-

107 3047 262 3108 τοῦς,
295 3045 441 3098 κατά
475 3046 575 3115 μὲν
606 3046 708 3117 τὴν
737 3045 1089 3101 ἀποδοθεῖσαν
1124 3049 1439 3119 ἑρμηνείαν,
1483 3050 1532 3102 οἱ
1564 3066 1698 3121 προ-

1809 1856 2090 1927 privamur
2142 1856 2268 1926 quia
2314 1854 2475 1909 rebus
2516 1853 2638 1908 aliis
2678 1869 2862 1908 curam
2906 1857 3242 1926 impendunt.
3282 1858 3376 1912 Et-

1815 1946 1959 2000 enim
1990 1948 2295 2001 distrahere
2329 1957 2493 2015 atque
2522 1955 2770 2001 avertere
2798 1963 2826 2000 a
2859 1950 3146 2005 vocatione
3174 1949 3375 2004 solliei-

1807 2037 2022 2092 tudines
2081 2038 2264 2092 mundi
2315 2038 2499 2099 docet.
2548 2053 2669 2108 quas
2712 2039 2875 2093 variae
2916 2048 3086 2094 sunt:
3139 2056 3263 2095 nam
3289 2041 3377 2095 vel

1810 2129 2247 2198 possessionibus
2298 2130 2554 2201 agrisque
2602 2130 2817 2191 intenti,
2864 2145 2957 2184 eas
2987 2146 3074 2186 res
3100 2133 3376 2188 vocationi

1806 2220 2157 2285 anteferunt;
2193 2222 2266 2275 ita
2300 2232 2358 2276 ut
2401 2236 2669 2278 excursare
2716 2238 2774 2277 se
2825 2227 3001 2279 vocati
3038 2227 3242 2280 idcirco
3278 2241 3378 2279 au-

1808 2312 1993 2368 deant.
2025 2312 2119 2367 Vel
2155 2316 2281 2370 vita:
2337 2319 2569 2382 negotiis
2599 2327 2925 2381 atteruntur,
2948 2318 3033 2372 vel
3064 2321 3375 2388 nuptiarum

1806 2420 1870 2460 ac
1896 2405 2189 2460 liberorum
2224 2407 2453 2462 vinculis
2493 2410 2862 2479 implicantur,
2898 2411 2980 2465 vel
3032 2411 3156 2465 aliis
3196 2410 3377 2481 hujus-

1808 2496 1951 2549 modi
1983 2496 2132 2550 curis
2173 2497 2340 2551 dediti
2363 2509 2511 2553 sunt.
2539 2499 2663 2554 Haec
2678 2501 2819 2554 enim
2851 2511 2903 2555 et
2933 2501 3035 2555 alia
3068 2500 3374 2569 huiusmodi

1806 2587 2078 2641 abducere
2107 2602 2168 2643 ac
2194 2588 2501 2644 distrahere
2546 2591 2723 2646 solent
2768 2607 2861 2648 eos
2888 2596 2980 2662 qui
3022 2596 3250 2663 gratiam
3282 2610 3373 2649 re-

1812 2678 2063 2748 pudiare,
2088 2691 2509 2750 vocante-mque,
2544 2699 2643 2739 nec
2691 2700 2797 2738 non
2837 2685 2960 2738 novi
2993 2684 3210 2739 fmderis
3242 2700 3373 2739 con-

1804 2769 2029 2834 vivium,
2084 2779 2139 2825 et
2180 2772 2603 2830 intellectualem
2657 2791 2868 2837 escam,
2920 2776 3137 2830 audent.
3166 2777 3377 2843 Quibus

1803 2862 2057 2916 munibus
2089 2873 2259 2917 semet
2289 2867 2637 2930 orhaverunt,
2665 2868 2961 2921 secundum
2992 2868 3130 2921 hanc
3153 2868 3373 2938 quidem

1806 2953 2333 3021 interpretationem,
2370 2957 2406 3010 ii
2441 2957 2530 3026 qui
2563 2958 2775 3012 caelesti
2806 2960 3078 3014 vocationi
3125 2959 3376 3029 jucundi-

1806 3054 1944 3099 tales
1996 3046 2154 3115 hujus
2197 3049 2380 3102 mundi
2421 3050 2792 3119 praetulerunt,
2829 3050 3045 3103 divitias
3087 3050 3370 3114 nimirum,

107 3139 447 3208 τιμήσαντες
475 3113 575 3209 τῆς
611 3113 860 3207 ούρανίου
894 3140 1137 3210 κλήσεως
1154 3113 1408 3211 ’τάνήδέα
1435 3139 1528 3192 τοῦ
1555 3113 1692 3211 παρ-

1807 3137 2020 3205 negotia
2054 3146 2107 3190 et
2164 3140 2412 3208 nuptias;
2471 3156 2700 3207 quorum
2752 3155 2914 3194 causa
2964 3140 3192 3210 gratiam
3225 3155 3375 3195 recu-

107 3228 264 3293 ὀντος
328 3229 466 3299 βίου,
516 3231 745 3284 πλοῦτον
794 3232 996 3303 δηλαδὴ
1041 3233 1136 3285 καὶ
1177 3231 1560 3302 πραγματείας
1607 3232 1699 3285 καὶ

106 3320 316 3391 γάμον,
368 3322 464 3374 καὶ
502 3321 592 3375 διά
636 3321 807 3375 ταῦτα
852 3323 950 3392 τὴν
993 3322 1151 3393 χάριν
1194 3323 1695 3393 παραιτησάμενον

106 3411 255 3464 κατὰ
279 3411 328 3463 δ’
361 3413 553 3483 ἑτέραν
591 3413 816 3484 ἐκδοχὴν
840 3416 889 3466 οί
918 3413 1123 3484 πρῶτοι
1144 3412 1243 3482 τῆς
1269 3413 1513 3483 κλήσεως
1539 3413 1700 3482 ἠξιω-

111 3504 290 3573 μένοι,
326 3497 470 3556 οὗτοι
495 3504 540 3557 δ’
569 3499 708 3575 ἦσαν
731 3506 779 3557 οἱ
809 3506 873 3557 ἐκ
904 3503 1229 3575 περιτομῆς,
1254 3505 1302 3557 οἳ
1334 3504 1398 3575 δή
1432 3505 1697 3574 προφάσει

106 3595 214 3664 τῆς
237 3596 372 3665 περὶ
417 3595 480 3648 τὸ
511 3598 757 3665 κρεῖττον
802 3596 1057 3666 ἀσχολίας
1089 3595 1187 3665 τὴν
1226 3594 1414 3665 κλῆσιν
1447 3594 1694 3666 ὕϐρισαν.

115 3684 208 3746 Ὠς
234 3683 347 3754 γὰρ
387 3682 601 3754 ἔχοντες
644 3686 846 3757 ἀγροὺς
891 3686 960 3739 τὰ
1008 3687 1134 3757 παρ’
1179 3686 1359 3749 αὐτοῖς
1408 3685 1694 3756 ἀμφιλαφῆ

104 3774 536 3845 ἀναγνώσματα,
559 3778 655 3829 καὶ
675 3777 750 3840 ὡς
774 3776 900 3846 βόας
925 3777 1197 3850 ἀροτῆρας
1220 3793 1387 3848 κεκτη
1396 3776 1544 3847 μένοι
1571 3777 1697 3840 τοὺς

104 3867 241 3937 παρ’
275 3866 459 3930 αὐτοῖς
487 3868 791 3939 προφήτας,
822 3868 917 3922 καὶ
952 3867 1027 3929 ὼς
1065 3866 1131 3920 ἂν
1165 3868 1327 3939 σοφίᾳ
1368 3867 1475 3922 τινὶ
1502 3861 1590 3920 οἷα
1629 3866 1694 3939 δή

103 3958 335 4026 γυναικὶ
382 3958 760 4028 συμϐιοῦντες,
806 3960 906 4030 τήν
943 3959 1304 4030 εὐαγγελικὴν
1353 3959 1694 4027 ἐξευτέλισαν

103 4049 289 4121 χάριν.
311 4079 384 4091 -
428 4051 648 4122 Ἐπειδὴ
677 4051 735 4105 δὲ
760 4047 902 4122 ἦσαν
929 4051 1072 4106 οὕτω
1096 4055 1289 4123 παχεῖς
1316 4053 1414 4124 τὴν
1443 4052 1691 4124 καρδίαν,

98 4141 385 4210 ἓξυφαίνει
417 4143 731 4216 παραϐολὴν
754 4144 1119 4216 ἀποχρώντως
1145 4145 1372 4216 ἔχουσαν
1400 4148 1480 4210 είς
1513 4146 1691 4217 παρά-

1800 3237 2010 3281 sarunt.
2059 3226 2367 3282 Secundum
2436 3230 2595 3284 aliam
2667 3247 2800 3284 vero
2845 3231 3369 3300 interpretationem,

1800 3322 2009 3389 priores
2043 3321 2116 3373 illi
2150 3321 2438 3390 dignanter
2456 3322 2651 3384 vocati,
2688 3322 2738 3374 id
2765 3331 2845 3376 est
2875 3321 3107 3388 populus
3130 3322 3371 3375 circum-

1799 3410 1965 3473 cisus,
1997 3412 2087 3479 qui
2139 3411 2383 3467 melioris
2439 3413 2666 3467 instituti
2721 3422 2982 3482 praetextu
3030 3413 3370 3466 vocationem

1798 3512 2143 3570 spreverunt.
2198 3501 2331 3556 Nam
2384 3504 2539 3571 quasi
2593 3518 2755 3573 agros
2817 3504 3087 3557 haberent
3123 3504 3369 3571 copiosas

1797 3610 1925 3649 suas
1949 3593 2282 3662 Scripturas,
2304 3607 2358 3649 et
2391 3596 2551 3649 boum
2576 3596 2845 3648 arantium
2873 3595 3046 3648 instar
3076 3593 3365 3661 prophetas

1797 3700 1942 3746 suos,
1973 3684 2028 3740 et'
2059 3702 2178 3739 cum
2208 3686 2479 3756 sapientia
2527 3701 2625 3741 sua
2660 3686 2826 3741 veluti
2876 3701 3046 3740 uxore
3074 3688 3369 3740 conviven-

1798 3787 1898 3842 tes,
1927 3778 2292 3845 evangelium
2325 3777 2552 3846 gratiam
2583 3777 2939 3847 despueruut.
2968 3808 3039 3818 —
3063 3777 3201 3843 Quia
3237 3792 3366 3831 vero

1803 3877 2086 3937 tantopere
2132 3870 2252 3923 rudi
2295 3869 2458 3924 corde
2503 3878 2682 3933 erant,
2722 3869 2892 3923 nectit
2916 3869 3223 3938 parabolam
3256 3867 3367 3924 ido-

1799 3974 1960 4013 neam
1993 3960 2419 4015 demonstrando
2475 3959 2711 4014 futuram
2745 3961 2884 4027 apud
2931 3960 3076 4029 ipsos
3100 3960 3365 4031 gerenda-

1796 4066 1914 4105 rum
1943 4067 2123 4107 rerum
2148 4052 2436 4107 rationem.
2468 4051 2713 4118 Namque
2754 4053 2819 4107 ad
2855 4052 2944 4105 iila
2969 4053 3133 4107 verba
3179 4053 3363 4107 beatus

1791 4143 1895 4196 cria
1942 4153 2106 4211 atque
2141 4143 2206 4198 ad
2258 4143 2350 4196 illa
2381 4143 2697 4197 retribuetur
2732 4145 2828 4198 tibi
2882 4144 2938 4197 in
2981 4144 3365 4219 resurrectione

95 4232 271 4298 δειξιν
306 4234 406 4303 τῆς
433 4237 518 4288 ἐπ’
549 4237 732 4299 αὐτοῖς
757 4237 1021 4307 ἐσομένης
1041 4237 1352 4307 οἰκονομίας
1378 4254 1391 4267 ο
1425 4237 1561 4310 πρὸς
1582 4238 1692 4309 γὰρ

1807 4233 2069 4297 iustorum,
2112 4234 2407 4304 respiciens
2436 4236 2681 4301 conviva,
2720 4236 2945 4305 [beatum
2978 4235 3216 4305 appellat
3238 4239 3367 4289 eum‘

94 4325 164 4379 τὺ
188 4325 484 4395 μακάριος
504 4330 619 4396 ἔσῃ
648 4328 991 4392 ἀποόλέπων,
1038 4329 1134 4382 καὶ
1178 4329 1312 4399 πρὸς
1341 4328 1403 4381 τὸ
1433 4330 1690 4382 ἀνταπο-

1807 4325 1880 4392 tui
1920 4325 1973 4378 in
2005 4340 2166 4396 regno
2193 4326 2387 4395 dignus
2418 4328 2686 4382 eritvesci
2732 4341 2891 4396 pane.
2933 4325 3102 4382 Porro
3160 4326 3250 4382 hic
3286 4326 3364 4381 in-

93 4416 430 4484 δοθήσεταί
453 4434 553 4473 σοι
593 4421 664 4473 ἐν
695 4419 769 4489 τῇ
805 4420 1140 4474 ἀναστάσει
1186 4420 1304 4474 τῶν
1343 4420 1608 4482 δικαίων,
1658 4423 1686 4474 ὀ

1807 4415 2054 4484 χειιὶεἰιιιτ
2089 4416 2179 4483 qui
2211 4417 2420 4471 dandus
2443 4417 2545 4471 erit
2577 4418 2957 4472 remunerandi
3001 4433 3163 4473 causa
3207 4417 3363 4471 beni—
3438 4466 3447 4483 ,

95 4477 558 4581 Marsipst
585 4477 874 4583 μακαρίζει
895 4512 986 4564 τὸν
1014 4510 1275 4580 μέλλοντα
1300 4477 1684 4576 καταξιοῦσθαι

1807 4508 2049 4575 gnitatem
2082 4510 2409 4579 pauperibus
2455 4510 2750 4564 exhibitam
2787 4529 2804 4576 ;
2840 4513 3041 4581 quique
3082 4512 3135 4565 in
3184 4526 3359 4566 resur-

92 4601 195 4655 τοῦ
228 4604 289 4654 ἐν
314 4605 381 4674 τῇ
414 4602 657 4675 βασιλείᾳ
706 4606 891 4676 ἄρτου.
941 4600 1107 4667 Οὗτος
1145 4603 1199 4657 δὲ
1242 4600 1309 4675 ἦν
1338 4605 1367 4656 ὁ
1399 4604 1517 4657 κατ’
1566 4604 1690 4656 ἀντ-

1807 4601 2028 4654 'ectione
2059 4600 2328 4670 justorum
2372 4601 2749 4655 retrihnemlus
2769 4609 2852 4656 est
2878 4603 3035 4656 beato
3062 4602 3137 4656 illi
3163 4618 3178 4656 :
3232 4617 3356 4655 nam

92 4691 358 4745 ctth
391 4694 490 4762 τῆς
523 4696 601 4757 εἰς
629 4694 754 4757 τοὺς
781 4695 1027 4765 πτωχοὺς
1072 4692 1499 4764 φιλανθρωπίας,
1534 4693 1590 4743 ἐν
1618 4695 1682 4763 τῇ

1807 4693 2117 4746 'esurrectio
2167 4693 2305 4747 idem
2349 4707 2469 4747 esse
2523 4691 2840 4759 intelligitur
2878 4709 2943 4747 ac
2988 4708 3207 4762 regnum
3238 4694 3352 4749 Dei.

91 4782 394 4836 ἀναστάσει
418 4784 528 4836 τῶν
554 4783 775 4838 δικαίων
809 4784 1272 4854 ἀποδοθησόμενος
1318 4783 1397 4852 τῷ
1447 4799 1687 4854 μακαρι-

1807 4784 1997 4837 )ἰεοιιιὶ
2028 4800 2175 4855 ergo,
2213 4785 2408 4839 Beatus
2447 4789 2536 4859 qui
2573 4787 2852 4840 mandarat
2881 4802 3067 4847 panem
3100 4786 3152 4839 in
3197 4802 3356 4854 regno

91 4873 337 4944 ζομὲνῳ,
361 4873 463 4943 τῆς
495 4875 840 4939 ἀναστάσεως
868 4877 961 4929 καὶ
988 4877 1088 4946 τῆς
1115 4874 1208 4928 τοῦ
1234 4873 1370 4926 Θεοῦ
1404 4872 1675 4943 βασιλείας

1807 4871 1905 4935 “lci,
1957 4877 2264 4942 parabolam
2314 4880 2537 4949 exponit
2568 4880 2828 4933 Servatur
2862 4879 3068 4932 docens
3103 4878 3355 4946 quisnam

92 4966 231 5036 μιᾶς
275 4965 372 5018 καὶ
397 4965 496 5034 τῆς
529 4964 698 5034 αὐτῆς
729 4965 1039 5035 νοουμένης.
1074 4964 1217 5035 Πρὸς
1264 4960 1357 5016 οὖν
1389 4963 1480 5016 τὸν
1525 4966 1677 5034 εἰρη-

1807 4963 1856 5016 .it
1886 4964 1977 5019 ille
2004 4968 2217 5023 beatus.

88 5057 253 5119 κύτει,
278 5055 576 5125 Μακάριος
605 5056 768 5122 ὅστις
804 5057 1048 5125 φάγεται
1080 5055 1263 5124 ἄρτον
1303 5055 1374 5108 ἐν
1409 5053 1484 5124 τῇ
1514 5055 1803 5122 ,ϐασιλείᾳ
1841 5058 1948 5112 τοῦ
1973 5061 2142 5125 Θεοῦ,
2193 5062 2277 5125 τίς
2307 5062 2373 5117 ἂν
2402 5063 2612 5132 γένοιτο
2662 5052 2817 5126 οὗτος
2853 5064 2883 5116 ὁ
2932 5061 3220 5134 μακάριος,
3263 5051 3354 5117 διὰ

84 5148 197 5217 τῆς
224 5147 542 5217 παραϐολῆς
565 5149 594 5200 ὁ
625 5148 812 5219 Σωτὴρ
846 5148 1192 5219 παρίστησιν.

174 5240 398 5310 Ἐπειδὴ
449 5241 628 5293 τοίνυν
671 5241 976 5312 ἐκλήθησαν
1032 5239 1216 5293 πολλοὶ
1263 5242 1344 5302 είς
1380 5240 1440 5293 τὸ
1473 5237 1673 5293 θπάντα

83 5334 290 5403 ἓτοιμα
318 5332 483 5404 φέρον
523 5332 731 5386 δεῖπνον
763 5333 896 5403 (τῆς
921 5333 1029 5403 γὰρ
1059 5332 1332 5403 βασιλείας
1354 5331 1520 5408 ἀξίως
1541 5333 1570 5385 ὁ
1596 5334 1676 5385 0i-

83 5425 428 5495 κοὸεσπότης
454 5425 516 5477 τὸ
546 5424 785 5478 τοιοῦτον
818 5427 963 5477 ποιεῖ
988 5424 1259 5496 δεῖπνον),
1289 5425 1673 5495 παρῃτήσαντο

1812 5438 1990 5478 uanam
2020 5424 2327 5494 huiusmodi
2361 5425 2538 5491 facit),
2568 5426 2659 5479 sed
2691 5426 2927 5497 gratiam
2964 5426 3350 5494 repudiarunt,

81 5517 141 5572 δὲ
168 5517 273 5590 τήν
299 5517 481 5589 χάριν,
512 5517 639 5588 περὶ
664 5518 762 5589 μὲν
781 5516 987 5572 τούτων
1016 5516 1289 5586 ἀπόφασις
1325 5516 1674 5588 ἐξενήνεκται

1807 5515 1847 5575 le
1872 5515 1957 5571 his
1985 5514 2093 5571 lata
2123 5516 2392 5572 sententia
2445 5516 2549 5573 fuit
2596 5516 2860 5574 dicendo:
2890 5513 3174 5572 Neminem
3204 5516 3356 5572 viro-

1849 5239 2115 5308 Quouiam
2159 5241 2342 5310 itaque
2392 5242 2564 5293 vocati
2607 5251 2736 5296 sunt
2781 5242 2934 5296 multi
2983 5242 3049 5295 ad
3100 5250 3349 5311 paratam

1780 5346 1992 5387 cmuam
2049 5333 2195 5401 (nam
2232 5349 2330 5400 pro
2356 5335 2618 5401 dignitate
2651 5333 2802 5401 regni
2838 5333 2920 5387 sui
2959 5330 3353 5400 paterfamilias

159 5722 204 5753 "
235 5720 371 5777 Luc.
404 5734 517 5786 xw,
550 5718 634 5775 18.
