3858 6214
487 218 593 275 579
1177 213 1450 271 EUSEBII
1486 209 1962 270 CIESARIENSIS
1995 209 2150 267 OPP.
2190 207 2372 264 PARS
2408 207 2499 265 Ill.
2539 241 2607 250 —
2644 207 3055 266 EXEGETICA.
3642 207 3753 264 580

491 354 609 394 rum
638 338 854 393 illorum
882 335 972 406 qui
999 334 1176 391 vocati
1208 335 1380 400 fuere,
1413 342 1468 389 et
1499 335 1569 390 ob
1591 350 1655 388 su
1669 349 1727 389 as
1753 332 2014 388 mundana

2247 330 2465 402 φήσασα
2514 330 2631 383 ὅτιο
2676 328 2866 393 Οὐδεὶς
2916 328 3028 382 τῶν
3081 328 3294 401 ἀνδρῶν
3345 329 3573 385 ἐκείνων
3633 329 3747 383 τῶν

486 429 872 501 occupationes
925 440 1265 493 recusavere,
1317 441 1529 481 arenam
1585 440 1761 480 meam
1809 433 2009 495 gustat:

2223 422 2531 494 κλημένων,
2572 422 2666 476 καὶ
2701 422 2788 476 διὰ
2826 422 2923 487 τάς
2974 421 3232 492 βιωικάς
3282 421 3538 494 ἀσχολίας
3594 441 3746 494 παρ-

486 539 650 580 rum:
685 522 822 577 alios
840 530 1056 585 autem,
1096 521 1290 574 horum
1332 519 1470 583 loco,
1519 519 1643 573 vita;
1696 518 1932 588 negotiis
1959 532 2008 570 m

2225 515 2559 586 τησαμένων,
2617 514 3038 585 γεύσεταίειμου
3085 514 3179 568 τοῦ
3226 514 3477 569 δείπνουο
3508 515 3748 585 ἑτέρως

483 617 630 671 nime
653 615 966 685 implicitos,
991 613 1184 683 dignos
1217 610 1464 665 habitum
1497 611 1562 663 iri
1584 611 1661 663 ait
1681 610 1835 665 beata
1866 623 2006 664 cum:

2238 606 2357 660 ἀντὶ
2400 606 2603 660 τούτων
2638 608 2766 670 τοὺς
2804 606 2879 676 μὴ
2910 605 3449 678 περιπεπλεγμένους
3483 608 3619 671 ταῖς
3646 606 3747 661 τοῦ

483 719 676 774 nempe
707 719 968 775 pauperes
998 701 1259 771 quosdam
1290 709 1345 755 et
1376 714 1547 754 caecos
1582 709 1635 753 et
1675 699 1911 763 mutilos,
1958 714 2006 766 qi

2223 717 2267 752 ιυ
2308 698 2698 771 πραγματίαις,
2730 697 3230 770 καταξιωθήσεσθαί
3257 716 3389 769 φησι
3419 697 3513 752 τοῦ
3544 716 3746 769 pam-

481 795 753 851 vocationi
805 810 909 849 non
962 794 1278 847 restiterunt
1317 806 1332 854 ;
1377 790 1505 860 quia
1552 804 1726 859 neque
1771 792 1999 844 emebau

2226 809 2272 844 )U
2298 791 2534 857 δείπνου,
2569 790 2817 862 πτωχούς
2854 808 3005 855 τινας
3028 791 3123 845 καὶ
3144 791 3377 859 τυφλοὺς
3399 790 3497 844 καὶ
3519 791 3749 859 ἀναπήο

483 902 660 959 neque
703 887 1035 949 vendebant,
1083 898 1261 949 neque
1306 882 1509 951 nuptiis
1555 896 1777 952 operam
1824 882 1999 936 daban

2220 900 2301 948 υς,
2345 884 2471 948 τοὺς
2504 883 2768 955 μηδαμῶς
2804 883 3320 956 παραιτησαμένους
3365 883 3465 954 τῆν
3508 882 3743 952 κλῆσιν,

483 992 658 1049 neque
715 978 823 1034 alio
870 977 1112 1047 quolibet
1173 974 1393 1045 negotio
1440 974 1907 1037 distrahebantur,
1955 988 2006 1029 se

2225 976 2318 1030 ιτδ
2345 978 2484 1047 μήτε
2510 976 2821 1048 ἀγοράζειν,
2860 977 2994 1048 μήτε
3014 976 3366 1048 πιπράσκειν,
3397 975 3534 1046 μήτε
3565 976 3748 1045 γάμῳ

480 1078 735 1140 prompte
779 1068 1138 1139 expediteque
1209 1065 1442 1136 gratiam
1489 1064 1845 1118 admiserunt.
1903 1062 2003 1132 Qut

2223 1068 2452 1132 ολάζειν,
2486 1067 2611 1139 μήθ’
2640 1069 2729 1137 ὐφ’
2768 1068 2971 1139 ἑτέρων
3011 1066 3174 1120 τινῶν
3210 1065 3471 1120 τοιούτων
3507 1064 3746 1137 περιέλ-

482 1160 764 1226 invitator,
796 1158 973 1227 primo
1003 1157 1220 1227 quidem
1252 1154 1554 1208 incolumes
1582 1152 1769 1217 faciet,
1793 1154 1916 1223 quia
1968 1153 2005 1207 fa

2224 1159 2359 1226 σθαι,
2393 1160 2686 1232 προθύμως
2714 1160 2770 1214 δὲ
2806 1160 2900 1214 καὶ
2938 1158 3170 1230 ἑτοίμως
3200 1158 3605 1230 καταδέχεσθαι
3638 1160 3747 1229 τὴν

479 1253 583 1308 cile
611 1266 825 1307 omnem
848 1251 1092 1305 morbum
1107 1260 1269 1318 atque
1295 1249 1606 1318 languorem
1637 1256 1814 1302 sanat.
1849 1246 2002 1300 Deinc

2225 1266 2328 1322 ριν⁸
2358 1248 2452 1313 οὓς
2482 1250 2511 1302 6
2544 1249 2777 1311 καλέσας
2804 1248 3020 1320 πρῶτον
3045 1248 3145 1319 μὲν
3170 1248 3340 1318 ὑγιεῖς
3366 1250 3745 1319 καταστήσει,

477 1356 586 1401 etc.
628 1345 760 1412 ρυω
803 1344 985 1399 omnia
1037 1342 1138 1397 sibi
1190 1340 1590 1395 interdixerunt
1620 1346 1936 1393 recusantes
1973 1336 2000 1390 il

2225 1346 2259 1407 Lg
2291 1360 2351 1396 τε
2379 1342 2454 1396 ὢν
2485 1341 2682 1414 ῥᾳδίως
2714 1343 2894 1395 πᾶσαν
2925 1342 3079 1395 νόσον
3108 1341 3204 1395 καὶ
3232 1342 3412 1396 πᾶσαν
3450 1341 3748 1412 μαλακίαν

477 1435 718 1493 Iudaicae
755 1451 1039 1507 synagoga-
1083 1435 1354 1505 principes
1402 1451 1418 1500 ;
1460 1446 1691 1502 quorum
1740 1429 1861 1485 loco
1900 1428 2000 1498 plel

2301 1434 2491 1488 τεύεινο
2528 1433 2737 1500 ἔπειτα,
2776 1445 2883 1488 etc.
2920 1432 3128 1503 (utcol.
3151 1432 3303 1499 575).
3334 1426 3433 1484 Ὧν
3469 1431 3749 1485 ἀπάντιινν

480 1531 752 1602 morigera
782 1529 903 1597 fuit,
931 1545 1051 1598 quas
1075 1529 1130 1581 in
1172 1526 1368 1596 plateis
1391 1526 1564 1590 urbis,
1589 1537 1782 1591 nempe
1812 1522 1866 1576 in
1891 1521 2003 1595 lega

2301 1543 2448 1597 ιησαν
2477 1526 2701 1588 ἑαυτοὺς
2728 1526 2777 1577 οἱ
2805 1523 3293 1595 παραιτησάμενοι,
3316 1524 3415 1594 τῆς
3456 1522 3748 1576 Ἰουδαίων

482 1623 692 1693 politia,
725 1622 958 1675 vivebat.
996 1651 1065 1660 ——-
1085 1620 1338 1675 Fortasse
1390 1626 1567 1672 autem
1594 1616 1682 1670 his
1709 1612 2005 1668 hominibus

2221 1617 2473 1687 ναγωγῆς
2500 1619 2549 1669 οἱ
2581 1616 2857 1687 ἄρχοντεςο
2896 1616 3014 1685 μεθ’
3048 1617 3142 1681 οὒς
3175 1617 3209 1687 ἡ
3238 1615 3446 1686 πληθὺς
3479 1618 3744 1688 ὑπήκου-

479 1679 726 1771 ethnicos
765 1715 1024 1770 denotare
1052 1713 1287 1779 volabat,
1310 1712 1399 1782 qui
1441 1711 1506 1765 ad
1534 1707 1651 1780 ejus
1679 1705 2002 1776 magisterio:

2224 1729 2264 1775 ν,
2424 1679 2706 1772 πλατείαις
2740 1679 2946 1772 πόλεως
2981 1709 3047 1778 τῇ
3083 1679 3225 1761 κατά
3269 1679 3433 1777 νόμον
3478 1679 3747 1779 πολιτείᾳ.

477 1821 633 1864 erant
663 1806 961 1862 accessuri.
995 1804 1059 1859 Hi
1094 1814 1252 1859 antea
1286 1802 1585 1859 idololatra:
1609 1813 1788 1866 erant,
1817 1814 2000 1869 quorm

2219 1818 2320 1857 »σα.
2348 1833 2415 1841 -
2438 1801 2591 1871 Τάχα
2612 1800 2668 1853 δὲ
2689 1798 2780 1852 διὰ
2804 1799 3007 1852 τούτων
3034 1800 3161 1861 τοὺς
3180 1797 3241 1863 ἐξ
3265 1797 3435 1851 ἐθνῶν
3455 1800 3742 1870 ᾐνίττετο,

477 1900 689 1954 animas
711 1898 835 1953 mali
852 1898 1123 1952 daemones
1145 1897 1476 1949 vitiaverant
1494 1911 1508 1959 ;
1524 1907 1662 1963 quos
1682 1898 2000 1946 consentant

2222 1920 2226 1942 ›
2267 1893 2450 1947 ,αὐτοῦ
2505 1893 2649 1963 λόγῳ
2699 1890 2979 1963 προσιέναι
3030 1890 3339 1960 μέλλοντας.
3393 1889 3653 1945 Τοιοῦτοι
3686 1892 3745 1945 δὲ

477 1990 781 2048 imitationi
800 2005 909 2044 sua:
923 1989 1225 2058 suscipiens
1238 1988 1577 2049 couvivator,
1592 1984 1819 2055 primum
1831 1982 2000 2053 quidet

2219 1986 2396 2058 ἦρχον
2424 1987 2472 2038 οἱ
2492 1986 2622 2057 πρὶν
2649 1983 3032 2055 εἰδωλολάτραι
3054 1981 3159 2035 ὑπὸ
3179 1981 3447 2052 δαιμόνων
3474 1985 3742 2056 πονηριῖιν

487 2098 653 2140 sanos
667 2081 1068 2150 incolumesque
1087 2078 1567 2141 eliiciet,c<nlorum
1579 2075 1763 2129 oculos
1777 2087 2010 2127 reserans

2219 2094 2247 2141 ς
2276 2075 2453 2147 ψυχὰς
2492 2074 2879 2146 λελωϐημένον
2927 2072 3362 2136 οὐςηάκολούθως
3385 2076 3450 2144 τῇ
3483 2075 3742 2144 ἐπαγ-γε-

475 2172 646 2231 omini
680 2172 870 2227 morbo
907 2171 1161 2240 omnique
1196 2168 1438 2240 languori
1474 2167 1772 2221 animarum
1811 2164 1990 2234 ipsorn

2219 2188 2239 2241 ι
2268 2169 2665 2241 ὑποδεξάμενος
2690 2170 2719 2221 6
2750 2166 3040 2236 ἑστιάτωρ,
3074 2163 3267 2236 πρῶτα
3300 2164 3398 2236 μὲν
3429 2164 3615 2230 σώους
3644 2169 3742 2221 καὶ

477 2266 726 2331 medens;
757 2264 1157 2321 deindeiisdem
1190 2261 1487 2331 spiritalem
1515 2272 1726 2314 comam
1751 2255 1999 2312 exhibebi

2223 2265 2321 2327 ιεϊς
2363 2262 2822 2331 ἀποκαταστήσει,
2863 2259 3080 2325 ἀνοίξας
3126 2255 3342 2325 τυφλῶν
3386 2255 3738 2329 ὀφθαλμοὺς,

476 2355 643 2413 Primi
675 2357 858 2427 itaque
899 2355 1076 2410 vocati
1115 2361 1244 2408 sunt
1291 2350 1623 2415 circumcisi,
1657 2350 1746 2420 qui
1790 2349 1999 2402 advers:

2217 2354 2331 2407 ἱσάν
2351 2371 2411 2407 τε
2435 2354 2590 2408 νόσον
2609 2355 2703 2407 καί¹
2723 2353 2905 2407 πᾶσαν
2925 2354 3195 2425 μαλακίαν
3210 2354 3318 2409 τῶν
3334 2351 3527 2423 ψυχῶν
3545 2351 3740 2405 αὐτῶν

476 2448 707 2519 gratiam
747 2446 1123 2503 contumeliosi
1165 2445 1404 2499 fuerunt.
1453 2442 1685 2498 Secundi
1732 2440 1998 2511 alienigen

2215 2445 2462 2516 σάμενος·
2491 2445 2681 2497 ἔπειτα
2710 2443 2772 2496 τὸ
2801 2445 3170 2513 πνευματικὸν
3200 2445 3382 2506 αὐτοῖς
3411 2442 3738 2514 παραθήσει

474 2539 706 2606 ethnici,
733 2540 822 2609 qui
871 2548 1029 2592 antea
1060 2551 1201 2592 caeca
1239 2545 1419 2589 mente
1459 2543 1638 2599 erant,
1668 2542 1724 2587 et
1771 2533 1997 2596 mutili“

2214 2540 2384 2591 ῖπνον.
2411 2536 2629 2608 Πρῶτοι
2667 2537 2764 2607 μὲν
2796 2532 2888 2589 οὖν
2916 2534 3222 2607 ἐκλήθησαν
3240 2537 3288 2590 oi
3314 2537 3379 2589 ὲκ
3399 2534 3737 2606 περιτομῆς,

475 2634 673 2697 claudi,
705 2650 771 2690 ac
806 2635 961 2697 muti,
989 2634 1078 2703 qui
1107 2633 1268 2686 etiam
1307 2631 1561 2685 alacriter
1582 2629 1998 2698 obtemperaruu

2231 2631 2326 2685 καὶ
2356 2630 2453 2701 τὴν
2488 2630 2647 2701 χάριν
2675 2628 3033 2702 καθύϐρισανο
3072 2627 3315 2697 δεύτεροι
3339 2627 3397 2680 δὲ
3430 2627 3550 2696 μετ’
3586 2625 3738 2679 ὲκεί-

473 2724 595 2783 Jam
639 2726 693 2781 in
737 2726 928 2797 plateis
971 2734 1271 2788 versantes,
1306 2723 1341 2776 ii
1367 2722 1623 2777 credendi
1668 2727 1797 2775 sunt
1824 2718 1914 2788 qui
1943 2717 1988 2770 la

2301 2726 2346 2777 οἱ
2367 2725 2430 2777 ὲκ
2449 2723 2558 2777 τῶν
2582 2723 2894 2792 ἀλλοφύλων
2916 2722 3106 2783 ἐθνῶν.
3133 2724 3182 2775 οἱ
3209 2720 3338 2792 πρὶν
3363 2719 3463 2783 τὰς
3487 2717 3737 2779 διανοίας

474 2818 797 2889 perditionis
829 2818 912 2871 via
952 2816 1225 2880 incedunt,
1263 2821 1318 2868 et
1353 2814 1471 2868 sine
1503 2812 1755 2867 doctrina
1788 2811 1997 2880 dogmal

2216 2817 2337 2886 φλώ⁹
2377 2818 2471 2870 καὶ
2514 2816 2694 2887 ἀνάπη
2702 2833 2783 2888 ροι
2827 2816 2920 2869 καὶ
2957 2814 3119 2885 χωλοὶ
3151 2813 3247 2892 καὶ
3292 2813 3489 2881 κωφοὶ,
3537 2811 3593 2865 οἳ
3639 2810 3738 2865 καὶ

474 2913 645 2969 busve
670 2911 879 2965 vivunt.
913 2907 1049 2962 Tum
1080 2907 1308 2961 latentes
1338 2906 1389 2959 in
1424 2905 1654 2975 angulis,
1688 2904 1723 2957 ii
1764 2903 1857 2972 qui
1901 2901 1997 2955 mal

2211 2910 2444 2982 ιοθύμως
2490 2910 2825 2981 ὑπήκουσαψ
2881 2903 2988 2962 εἷεν
3026 2908 3069 2962 δ’
3105 2908 3171 2962 ἂν
3214 2910 3272 2961 ὲν
3302 2907 3590 2970 πλατείαις
3632 2904 3734 2975 μὲν

474 3005 604 3059 tiam
638 3002 878 3073 quolibet
904 3009 1161 3070 praetextu
1190 2998 1385 3053 velant.
1424 2996 1862 3066 lieliquidemum
1888 2995 1997 3048 tert‘

2230 3000 2329 3071 τὴν
2356 2998 2664 3070 εὐρύχωρον
2688 2999 2789 3070 τῆς
2818 2998 3090 3062 ἀπωλείας
3119 2998 3237 3052 ὁδὸν
3271 2998 3608 3071 βαδίζοντες,
3637 2996 3734 3051 καὶ

474 3096 594 3151 loco
634 3096 700 3150 de
739 3094 843 3147 viis
876 3093 1218 3161 saepibusque
1261 3090 1473 3153 vocati,
1517 3090 1711 3143 anima:
1758 3086 1811 3141 in
1861 3086 1997 3141 lnfer

2208 3090 2392 3154 οῦντες
2417 3091 2542 3144 ἄνευ
2576 3090 2796 3161 διδαχῆς
2824 3090 2917 3143 καὶ
2948 3089 3264 3160 δογμάτων·
3307 3089 3364 3141 ἐν
3407 3087 3468 3142 δὲ
3502 3087 3731 3157 ῥύμαις.

474 3189 726 3242 detentae.
792 3184 957 3239 Multa
1022 3183 1169 3238 enim
1230 3189 1355 3237 sunt
1397 3181 1644 3235 illarum=
1689 3178 1883 3233 it-inera
1927 3192 1997 3248 qu

2302 3182 2624 3246 »στέλλοντες
2659 3181 2756 3253 τὴν
2803 3183 3003 3235 κακίαν
3041 3182 3131 3253 οἵᾳ
3169 3182 3368 3253 δήποτε
3419 3180 3728 3252 προφάσει⁹
3822 3234 3825 3247 γ

473 3281 604 3336 hinc
664 3278 865 3332 abeunt
919 3276 1115 3346 quibus
1164 3283 1288 3344 post
1359 3272 1603 3343 corporis
1659 3270 1991 3342 depositione

2222 3275 2278 3328 δὲ
2307 3275 2502 3338 λοιποὶ,
2548 3275 2596 3328 οἱ
2633 3274 2692 3341 ἐξ
2724 3276 2967 3346 ἐσχάτων
3000 3275 3108 3329 ἀπὸ
3145 3273 3254 3326 τῶν
3290 3271 3427 3327 ὁδῶν
3453 3274 3555 3327 καὶ
3586 3289 3731 3345 φρα-

475 3371 790 3441 prtedicavit
836 3366 1115 3423 Servator.
1146 3365 1450 3422 Clementer
1497 3379 1626 3419 vero
1654 3363 1720 3419 iis
1749 3364 1914 3419 etiam
1952 3379 1998 3417 ιι‹

2209 3367 2307 3423 ιῶν
2348 3367 2669 3438 καλούμενοι
2713 3368 2907 3439 τρίτοι,
2940 3367 2998 3421 αἱ
3043 3367 3100 3419 ἐν
3133 3365 3258 3438 ᾅδου
3295 3365 3488 3436 ψυχαί·
3535 3365 3732 3418 πολλαὶ

476 3458 784 3514 cessitatem
813 3458 1064 3526 imponit,
1089 3456 1179 3526 qui
1212 3455 1445 3510 nondum
1490 3469 1586 3510 sua
1624 3453 1901 3508 voluntate
1940 3468 1999 3507 ml

2207 3478 2258 3532 ιρ
2296 3461 2405 3514 ὁδοὶ⁸
2449 3462 2559 3515 τῶν
2593 3459 2914 3525 ἐξελθόντων
2956 3460 3047 3515 τὸν
3080 3457 3194 3531 βίον
3227 3458 3434 3514 τοῦτονσ
3469 3454 3564 3523 αἷς
3598 3460 3730 3531 ἐκή-

474 3560 693 3606 ventur.
722 3548 874 3605 Talis
908 3558 989 3605 est
1012 3564 1166 3604 cmna
1196 3563 1317 3617 quae
1353 3548 1440 3602 hic
1467 3547 1708 3601 invitatis
1732 3555 1917 3616 parata
1942 3560 1997 3601 es

2211 3552 2277 3619 ’ξε
2310 3551 2448 3623 μετά
2478 3553 2577 3623 τὴν
2608 3551 2868 3606 ἀπόθεσιν
2894 3550 2990 3605 τοῦ
3028 3550 3277 3622 σώματος
3306 3553 3336 3605 6
3375 3551 3573 3624 Σωτήρ
3592 3567 3607 3581 ·
3646 3566 3734 3619 φι-

475 3641 638 3699 Tales
665 3643 826 3699 etiam
866 3643 1066 3706 vocati,
1095 3656 1327 3711 quorum
1377 3640 1467 3694 alii
1497 3639 1998 3703 contumaces,‘idel

2203 3644 2486 3718 ινθρώπως
2520 3645 2565 3698 δ’
2607 3645 2854 3716 ἀνάγκην
2886 3645 3151 3721 προσάγει
3178 3647 3293 3708 τοῖς
3322 3643 3509 3697 οὐκέτι
3537 3642 3726 3709 αὐτεξ-

475 3750 581 3807 que
604 3736 812 3808 jejuni;
843 3736 930 3789 alii
963 3734 1237 3805 morigeri,
1269 3733 1498 3801 ideoque
1545 3732 1788 3787 admissi.
1814 3731 1892 3785 Tu
1919 3746 1998 3786 vel

2208 3739 2373 3802 ισίοις.
2408 3738 2658 3794 Τοιοῦτον
2693 3739 2790 3810 μὲν
2819 3738 2883 3810 δὴ
2929 3739 2987 3792 τὸ
3023 3737 3257 3801 δεῖπνον,
3299 3737 3437 3807 ὅπερ
3492 3734 3731 3790 ἐνταῦθα

475 3827 605 3884 mihi
632 3830 757 3883 hinc
783 3837 1016 3882 mentem
1048 3827 1298 3890 transfer,
1317 3837 1427 3881 etc.
1458 3824 1607 3879 Beati
1635 3840 1763 3894 ergo
1783 3825 1873 3894 qui
1905 3841 1998 3879 nui

2210 3834 2260 3895 ῖς
2287 3831 2601 3902 δαιτυμόσιν
2631 3833 2976 3903 ἡτοίμασται·
3004 3831 3099 3885 καὶ
3127 3829 3357 3885 τοιοῦτοί
3382 3847 3531 3894 τινες
3548 3830 3601 3882 οἱ
3631 3846 3733 3882 κα·-

476 3922 727 3977 esuriunt
773 3929 828 3975 et
859 3920 1048 3974 sitiunt
1087 3917 1375 3986 justitiam,
1405 3918 1530 3987 quia
1561 3926 1686 3972 tunc
1721 3919 1999 3972 saturabui

2208 3922 2417 3993 ύμενοι,
2442 3924 2488 3976 οἱ
2519 3924 2616 3994 μὲν
2644 3923 2910 3987 ἀπειθεῖς,
2939 3924 3034 3977 καὶ
3061 3923 3147 3976 διά
3179 3922 3337 3976 τοῦτο
3361 3922 3731 3992 ἀπομένοντες

478 4022 588 4078 tur,
618 4026 771 4066 caena
806 4008 952 4080 regia
997 4009 1300 4079 epulantes,
1326 4018 1381 4063 et
1414 4009 1540 4063 vitae
1585 4022 1776 4077 panem
1823 4010 1995 4078 partic

2207 4031 2401 4080 τευστοι
2426 4030 2439 4045 ·
2476 4017 2524 4068 οἱ
2560 4015 2617 4067 δὲ
2652 4015 2947 4080 εὐπειθεῖς,
2978 4016 3073 4069 καὶ
3101 4014 3189 4069 διὰ
3216 4015 3374 4069 τοῦτο
3404 4015 3730 4087 προλαμϐα-

476 4113 690 4169 pantes,
738 4103 971 4171 novique
1014 4100 1201 4155 calicis
1269 4100 1530 4155 laetitiam.
1574 4099 1815 4166 Quarum
1866 4116 1999 4156 rerul

2203 4124 2381 4179 ιμενοι.
2416 4108 2487 4161 Σὺ
2525 4108 2583 4161 δέ
2618 4124 2708 4178 μοι
2738 4106 2984 4162 ἐντεῦθεν
3015 4107 3224 4177 μετάϐα
3263 4110 3332 4179 τῇ
3357 4106 3592 4180 διανοίᾳ,
3621 4115 3726 4162 etc.

476 4195 719 4269 symbols
769 4203 895 4248 ante
951 4194 1258 4263 passionem
1299 4208 1565 4262 peragens
1594 4190 1889 4247 Servator:
1923 4191 1999 4247 Νι

2213 4198 2351 4255 tcol.
2368 4197 2517 4269 572).
2536 4199 2812 4270 Μακάριοι
2843 4198 2973 4268 γοῦν
2992 4200 3055 4252 ὀἱ
3082 4197 3177 4252 νῦν
3207 4199 3500 4264 πεινῶντες
3528 4199 3628 4253 καὶ
3651 4197 3730 4251 δι-

478 4288 672 4351 bibam,
701 4285 894 4355 inquit,
929 4283 1118 4337 amodo
1149 4299 1215 4339 ea:
1240 4284 1338 4337 hoc
1362 4285 1619 4353 genimine
1656 4285 1778 4339 vitis
1803 4301 1965 4355 usque
1991 4287 2001 4338 ι

2207 4288 2357 4353 ὒντες
2375 4290 2474 4361 τὴν
2493 4291 2856 4362 δικαιοσύνην,
2874 4293 2956 4346 δτι
2978 4292 3097 4346 τότε
3124 4289 3613 4364 χορτασθήσονται,
3635 4288 3730 4343 τοῦ

475 4380 615 4434 diem
645 4352 819 4443 illum,
850 4393 960 4464 quo
981 4374 1116 4430 illud
1149 4352 1412 4431 vobiscum
1440 4392 1626 4430 novum
1675 4377 1847 4431 bibam
1877 4352 1933 4431 in
1965 4394 1998 4431 ri

2212 4352 2363 4434 ίπνου
2391 4352 2483 4434 τοῦ
2516 4352 2805 4452 βασιλικοῦ¹
2827 4352 3223 4455 ἐμφορούμενόι
3256 4382 3349 4436 καὶ
3377 4352 3731 4455 μεταλαμϐά-

476 4486 578 4544 σιιο
607 4467 788 4523 Patris
820 4469 921 4523 mei
945 4469 1014 4523 ⁸⁸.
1040 4468 1203 4524 Plena
1232 4479 1313 4525 est
1341 4472 1601 4524 bonarum
1627 4485 1809 4525 rerum
1837 4486 1999 4526 mens:

2204 4490 2330 4538 »ντες
2358 4473 2451 4526 τοῦ
2490 4474 2656 4547 ἄρτου
2689 4476 2787 4545 τῆς
2817 4475 2981 4547 ζωῆς,
3012 4476 3105 4529 καὶ
3130 4475 3231 4544 τῆς
3267 4473 3614 4546 εὐφροσύνης
3635 4473 3727 4528 τοῦ

477 4580 583 4635 qua
616 4574 906 4619 vescentur
942 4564 977 4617 ii
1013 4564 1332 4632 quibuscum
1373 4563 1550 4617 [trdus
1592 4563 1879 4634 disposuit,
1925 4580 2000 4634 prt

2204 4566 2336 4619 ιινοῦ
2371 4567 2650 4639 ποτηρίου.
2683 4560 2784 4621 Ὧν
2811 4567 2880 4621 τὰ
2915 4566 3160 4638 σύμϐολα
3192 4566 3456 4621 ἐπιτελῶν
3487 4566 3600 4639 πρὸ
3634 4565 3727 4618 τοῦ

477 4665 660 4728 pterea
697 4657 838 4727 quod
868 4670 1050 4711 secum
1095 4656 1148 4711 in
1202 4655 1588 4715 tentationibus
1626 4656 1994 4724 permanserint

2204 4659 2349 4724 ῑιθους
2380 4662 2409 4714 6
2447 4661 2656 4732 Σωτὴρ,
2704 4661 2786 4715 Οὐ
2833 4659 2920 4730 μὴ
2973 4661 3107 4722 πίω,
3155 4659 3283 4731 ἔφη,
3329 4659 3435 4713 ἀπ’
3479 4659 3615 4729 ἄρτι
3660 4658 3727 4711 ἐκ

476 4756 538 4802 ιιι
578 4750 905 4818 manducent
946 4764 1009 4803 ac
1047 4749 1236 4804 bibant
1276 4749 1329 4802 in
1364 4762 1550 4802 mensa
1596 4747 1734 4817 ejus,
1769 4762 1908 4818 pane
1933 4763 1999 4804 co

2203 4753 2362 4806 ›ὐτου
2382 4751 2489 4805 τοῦ
2511 4752 2883 4822 γεννήματος
2895 4751 3008 4821 τῆς
3027 4751 3299 4822 ἀμπέλου
3318 4751 3429 4817 ἕως
3449 4750 3562 4821 τῆς
3586 4748 3726 4819 ἠμέ-

413 4839 421 4849 ’
475 4838 597 4897 lesti
649 4841 950 4895 animarum
982 4847 1292 4894 sanctarum
1337 4841 1603 4893 nutritore
1639 4840 1793 4908 pasti,
1835 4840 1936 4894 vim

2201 4866 2254 4914 ις
2290 4847 2548 4913 ἐκείνης,
2583 4844 2731 4900 ὅταν
2777 4846 2924 4900 αὐτὸ
2955 4846 3107 4899 πίνω
3143 4845 3272 4914 μεθ’
3309 4844 3479 4914 ὑμῶν
3515 4844 3724 4898 καινὸν

475 4932 775 5006 quelnovi
846 4932 1131 5002 geniutinis
1197 4946 1340 4987 veras
1409 4931 1535 4987 vitis
1603 4932 1992 5003 participantes

2201 4960 2215 4973 ·
2238 4939 2313 5008 τῇ
2345 4940 2634 5007 ,βασιλείᾳ
2656 4939 2764 4993 τοῦ
2799 4937 3030 5006 Πατρός
3060 4936 3227 5006 ἐμοῦ
3263 4936 3478 5010 πλήρης
3506 4936 3724 5006 ἀγαθῶν

478 5041 640 5098 quam
673 5024 789 5096 ipse
813 5025 1053 5079 omnium
1095 5024 1235 5079 Deus
1269 5039 1332 5079 ac
1363 5034 1517 5094 pater
1541 5025 1813 5090 excoleris,
1843 5042 2001 5081 novul

2196 5034 2412 5103 ράπεζα,
2445 5028 2512 5104 ἧς
2542 5030 2944 5104 μεταλήψονται
2971 5023 3052 5093 οἷς
3075 5028 3173 5100 τὴν
3206 5029 3477 5101 διαθήκην
3501 5027 3719 5083 διέθετο.

475 5133 542 5172 ex
571 5118 684 5187 ipsa
715 5116 946 5170 fructum
982 5117 1164 5185 dignis
1198 5117 1526 5185 propinabit.

2194 5125 2235 5178 ,ἀ
2261 5124 2322 5176 τὸ
2364 5123 2728 5195 μεμενηκέναι
2766 5123 2881 5194 μετ’
2916 5119 3082 5174 αὐτοῦ
3115 5123 3173 5174 ὲν
3205 5123 3318 5184 τοῖς
3368 5121 3717 5194 πειρασμοῖς,

476 5211 545 5268 ἶν’
575 5211 795 5266 ὲσθίωσι
825 5210 919 5265 καὶ
968 5210 1192 5263 πίνωσιν
1239 5209 1332 5262 ἐπὶ
1369 5210 1471 5279 τῆς
1514 5210 1790 5281 τραπέζης
1839 5213 2024 5282 αὐτοῦ,
2082 5218 2231 5290 ἄρτῳ
2280 5216 2378 5286 μὲν
2418 5217 2653 5287 οὐρανίῳ
2681 5214 2869 5286 ψυχῶν
2900 5202 3070 5285 ἁγίων
3130 5213 3407 5285 θρεπτικῷ
3452 5218 3723 5285 τραφησό-

480 5322 654 5378 μενοι,
691 5304 837 5358 οἴνου
871 5302 929 5357 δὲ
969 5301 1065 5355 τοῦ
1111 5301 1298 5355 καινοῦ
1326 5303 1664 5373 γεννήματος
1692 5304 1789 5374 τῆς
1817 5305 2074 5378 ἀληθινῆς
2103 5306 2353 5389 ἀμπέλου
2395 5305 2850 5379 μεταληψόμενοι,
2889 5306 2957 5377 ἢν
2990 5305 3151 5369 αὐτὸς
3176 5307 3205 5357 6
3236 5303 3346 5358 τῶν
3403 5303 3542 5357 ὅλων
3593 5300 3722 5364 Θεὸς

476 5401 572 5454 καὶ
593 5398 787 5470 Πατὴρ
809 5395 1067 5469 γεωργῶν
1097 5395 1156 5450 τὸ
1180 5397 1363 5450 καινὸν
1380 5396 1438 5463 ἐξ
1466 5398 1636 5467 αὐτῆς
1655 5399 1898 5471 γέννημα
1922 5405 2035 5469 τοῖς
2059 5404 2180 5457 τότε
2206 5401 2374 5469 ἀξίοις
2401 5403 2644 5476 παρέξει.

478 5478 483 5483 ’
617 5492 658 5524 ³⁸
688 5490 843 5555 Quod
869 5489 916 5542 si
950 5490 1074 5542 inte
1104 5491 1392 5557 peccauerit
1421 5491 1586 5558 frater
1617 5500 1762 5545 ntus.

2323 5495 2466 5549 Ἐὰν
2496 5495 2565 5548 δὲ
2596 5493 2826 5564 ἁμάρτῃ
2856 5495 2944 5560 εις
2970 5492 3045 5547 σὲ
3077 5496 3109 5548 ὁ
3137 5492 3399 5562 ἀδελφός
3427 5507 3565 5547 σου.

545 5580 649 5638 llic
673 5580 790 5636 vult
817 5595 933 5647 eos,
970 5582 1062 5650 qui
1112 5581 1326 5651 injuriis
1370 5580 1604 5637 lacessiti
1643 5583 1881 5653 fuerunt,
1910 5599 2040 5658 erga

2232 5586 2495 5642 Ἐνταῦθα
2539 5587 2664 5650 τοὺς
2692 5588 2749 5641 ἐν
2796 5588 3048 5659 προκοπῇ
3082 5584 3409 5659 γενομένους
3440 5597 3719 5658 συγχωρη-

549 5678 597 5710 “
633 5676 828 5733 Matth.
854 5692 1008 5745 ιινι,
1046 5675 1137 5731 9.9.
1236 5677 1280 5707 ¹¹
1308 5675 1439 5732 Luc.
1478 5693 1610 5745 xvu,
1635 5678 1688 5733 5.
