3858 6214
127 228 229 285 581

1318 226 1659 284 COMMENT
1672 227 1837 284 ABIA
1876 228 1942 284 IN
1981 230 2240 287 LUCAM.

3308 235 3417 299 ἃδε

128 344 318 409 tutati):
353 339 497 398 εἶναι
530 343 645 407 τοῖς
673 344 929 398 πταίουσι
962 344 1234 415 βούλεται,
1266 343 1591 416 θεραπεύων
1624 345 1725 400 δει-

1833 344 2131 402 oil'eusores
2169 361 2301 403 suos
2329 348 2717 418 indulgentiam
2753 363 3076 420 expromere
3110 360 3416 422 :sanatque

128 440 229 512 νὴν
255 438 414 494 νόσον
438 439 497 491 ἐν
522 438 708 501 αὐτοῖς
736 436 996 501 πολλάκις
1038 436 1413 508 ἐμφυομένην,
1442 437 1724 490 ἐκκόπτων

126 531 230 602 τὴν
279 531 422 586 κατά
457 529 569 584 τῶν
596 529 899 582 πταιόντων
930 529 1232 600 ἀποτομήν.
1280 528 1725 599 Κατεπαίρεσθαι

129 622 266 694 γοῦν
297 620 594 692 εἰώθαμεν,
628 619 703 683 ὡς
736 621 874 691 μήτε
915 618 1294 690 παρακλήσεις
1328 618 1436 672 τῶν
1476 621 1727 691 ἡμαρτη-

128 718 330 779 κότων,
358 715 498 786 μήτε
520 713 627 767 τῶν
651 713 792 784 ὑπὲρ
813 712 992 766 αὐτῶν
1011 712 1419 784 πρεσϐευόντων
1448 714 1726 784 ἱκετηρίας

131 808 559 883 παραδέχεσθαι·
601 805 738 878 μηδέ
785 806 892 877 μὴν
943 803 1360 872 ὑπολογίζεσθαι
1397 803 1497 856 ὅσα
1528 802 1590 874 δὴ
1632 803 1726 857 καὶ

130 901 289 955 αὐτοὶ
333 901 384 953 οἱ
417 898 694 968 ἄνθρωποι
744 896 1029 959 πταίοντες
1066 892 1395 966 συγγνώμης
1438 894 1536 965 τῆς
1573 893 1725 964 παρά

131 991 227 1047 τοῦ
261 991 499 1064 μεγάλου
538 987 726 1061 κριτοῦ
766 985 1020 1058 δεόμεθα.
1062 986 1300 1048 Εἰκότως
1329 981 1423 1038 οὖν
1468 984 1618 1055 παρὰ
1647 981 1725 1055 τῷ

133 1084 399 1154 Ματθαίῳ
439 1082 534 1137 καὶ
558 1084 625 1153 τῇ
657 1078 941 1152 παραϐολῇ
974 1079 1263 1151 κέχρηται,
1291 1081 1349 1131 ἐν
1448 1077 1724 1148 ὀφειλέται

130 1179 466 1248 εἰσάγονται,
516 1176 546 1227 ὁ
599 1173 696 1244 μὲν
744 1172 915 1244 μυρία
958 1171 1196 1225 τάλαντα
1243 1170 1494 1239 ὀφείλων,
1542 1169 1579 1224 ἀ
1631 1167 1726 1222 καὶ

133 1269 338 1342 ἀφείθη
364 1268 513 1339 αὐτῷ
549 1265 931 1338 προσπεσόντι·
966 1266 995 1318 ὁ
1037 1263 1094 1317 δὲ
1124 1263 1316 1317 ἑκατὸν
1345 1262 1595 1336 δηνάρια,
1639 1261 1739 1331 ἐφ)Δ

130 1358 214 1429 οἷς
248 1362 589 1430 ἀπεπνίγετο
620 1359 770 1432 παρὰ
797 1357 893 1412 τοῦ
926 1356 1222 1425 ἀφεθέντος
1247 1355 1316 1408 τὰ
1348 1354 1521 1407 πολλά
1545 1356 1727 1408 ἐκεῖνα

130 1455 394 1509 τάλαντα.
419 1452 499 1506 Δι’
525 1448 595 1525 ἧς
621 1451 884 1515 διδάσκει,
917 1450 1000 1502 ὅτι
1049 1448 1123 1519 μὴ
1160 1447 1336 1511 ἄλλως
1360 1449 1542 1518 τυχεῖν
1571 1446 1724 1500 δυνα-

130 1543 226 1598 τόν
253 1545 375 1596 ἐστι
398 1542 501 1612 τῆς
528 1540 822 1612 βασιλείας,
853 1539 955 1594 κᾶν
981 1537 1152 1592 πολλά
1172 1554 1254 1601 τις
1280 1535 1623 1608 κατορθώσῃ,
1651 1535 1726 1608 μὴ

131 1637 227 1692 τὸν
263 1636 470 1706 ἀγαθὸν
493 1635 626 1689 Θεὸν
661 1633 1041 1706 μιμησάμενος
1071 1630 1212 1685 κατά
1236 1629 1295 1683 τὸ
1325 1630 1724 1701 ἀμνησίκακον·

1834 437 2008 491 dirum
2062 436 2308 491 morbum
2355 452 2730 504 saepenumero
2782 438 2991 495 illorum
3027 441 3223 498 animis
3261 443 3415 500 inna-

1830 537 2095 593 scentem,
2124 536 2287 597 atque
2312 529 2494 582 odium
2523 544 2629 597 quo
2645 530 2747 584 sibi
2779 531 3052 588 maleﬁcos
3081 549 3418 606 prosequun-

1830 630 1918 674 tur
1950 632 2181 679 resecat.
2234 623 2443 693 Quippe
2486 626 2621 678 adeo
2678 624 2996 679 eXacerbari
3053 625 3311 692 solemus,
3357 643 3416 687 ut

1828 730 2007 782 neque
2051 718 2395 784 peccantium
2448 718 2880 783 obtestationes,
2922 732 3097 787 neque
3143 719 3418 789 supplices

1829 805 2256 860 intercessorum
2308 823 2499 875 preces
2544 809 2913 871 admittamns,
2972 824 3148 877 neque
3202 822 3419 881 repute-

1829 912 1953 952 mus
2000 910 2205 962 quanta
2259 908 2312 952 et
2364 915 2463 955 nos
2512 902 2763 954 humana:
2821 900 3154 956 conditionis
3196 913 3417 971 peccata

1828 990 2037 1058 ignosci
2080 991 2239 1045 nobis
2276 1006 2304 1044 a
2340 1007 2536 1061 magno
2557 992 2741 1059 judice
2772 1006 3049 1063 egeamus.
3082 994 3223 1063 Apte
3256 993 3421 1065 igitur

1827 1081 1966 1150 apud
1993 1081 2298 1136 Mattbaeum
2321 1085 2367 1116 “
2395 1085 2654 1152 parabola
2696 1083 2958 1139 Servatur
3012 1085 3203 1148 utitur,
3236 1086 3288 1139 in
3311 1100 3416 1154 qua

1829 1175 2110 1230 debitores
2134 1176 2563 1233 introducuntur
2592 1195 2824 1249 quorum
2859 1177 3000 1232 alter
3026 1178 3212 1233 decem
3244 1177 3418 1233 millia
3533 1226 3537 1233 .

1829 1266 2156 1322 talentorum
2202 1269 2453 1335 debebat,
2499 1285 2621 1338 quae
2675 1269 2777 1340 ipsi
2829 1270 3059 1339 supplici
3112 1270 3418 1325 condonata

1829 1355 2014 1423 fuere;
2052 1362 2188 1412 alter
2219 1372 2397 1413 autem
2423 1370 2641 1414 centum
2690 1361 2963 1425 denarjos,
2989 1376 3219 1429 quorum
3253 1375 3416 1417 causa

1829 1447 2200 1503 suﬂocabatur
2245 1452 2312 1503 ab
2347 1465 2433 1514 eo,
2477 1451 2563 1504 cui
2598 1460 2780 1504 tantus
2817 1451 2906 1505 ille
2948 1451 3274 1507 talentorum
3315 1471 3418 1507 nn-

1835 1555 2019 1594 merus
2065 1542 2328 1596 remissus
2368 1540 2565 1596 fuerat.
2596 1546 2710 1609 Qua
2754 1542 3013 1610 parabola
3062 1544 3241 1608 docet,
3274 1545 3418 1600 baud

1836 1631 2008 1687 licere
2059 1648 2287 1702 regnum
2341 1634 2592 1703 adipisci,
2645 1649 2957 1703 quanquam
3008 1635 3209 1705 alioqui
3250 1637 3417 1691 multa

134 1730 443 1801 ἐπειδήπερ
475 1731 509 1800 ή
548 1727 813 1799 βασιλεία,
840 1725 1018 1798 κρίσει
1060 1726 1185 1788 τοὺς
1216 1721 1398 1787 ἀξίους
1430 1722 1725 1794 παραδεχο-

1835 1734 1980 1778 recte
2001 1722 2202 1792 aliquis
2235 1724 2444 1789 fecerit,
2483 1725 2585 1778 nisi
2625 1724 2718 1780 Dei
2751 1726 3047 1780 bonitatem
3092 1726 3416 1796 injuriarum

137 1822 299 1895 μένη,
327 1823 457 1886 τοὺς
489 1820 564 1893 μὴ
607 1818 1053 1892 συγχωρητικοὺς
1095 1816 1189 1883 καὶ
1233 1815 1325 1868 τὸν
1372 1812 1575 1883 ἀγαθὸν
1618 1812 1729 1866 τῶν

132 1916 272 1969 ὅλων
318 1913 513 1987 κριτὴν
544 1913 688 1967 κατά
730 1911 889 1965 τοῦτο
917 1908 1288 1981 μιμουμένους
1329 1907 1389 1960 ού
1436 1903 1731 1977 παραδέχε-

135 2026 246 2063 ται.
275 2008 358 2062 Οὐ
384 2006 496 2078 γὰρ
518 2004 585 2060 ἂν
617 2004 730 2076 ἔχει
756 2021 842 2067 τις
868 2004 1042 2056 εἰπεῖν
1069 1998 1308 2054 τοσαῦτά
1329 2015 1451 2052 τινα
1476 1996 1730 2068 πεπλημ-

142 2101 442 2173 μεληκέναι
473 2101 555 2162 είς
580 2098 792 2161 ἑαυτὸν,
816 2098 918 2150 ὅσα
943 2112 1050 2167 περ
1095 2094 1255 2157 αὐτὸς
1276 2092 1368 2146 τὸν
1393 2090 1572 2144 πάντα
1598 2088 1727 2160 χρό-

137 2211 226 2249 νον
244 2194 347 2265 τῆς
365 2192 532 2247 αὐτοῦ
553 2191 697 2264 ζωῆς
711 2190 865 2262 παρὰ
885 2190 947 2243 τὸ
970 2188 1216 2260 βούλημα
1235 2185 1329 2239 τοῦ
1352 2182 1488 2238 Θεοῦ
1516 2182 1727 2255 πράξας

142 2266 426 2357 ἀφειλέτης
449 2284 586 2338 ἐστι·
614 2282 747 2337 ποτέ
773 2283 871 2354 μὲν
895 2280 1007 2352 γὰρ
1026 2278 1118 2334 διὰ
1135 2277 1228 2332 τοῦ
1251 2276 1411 2346 λόγου
1435 2275 1724 2346 πταίομεν,

136 2378 268 2433 ποτὲ
300 2378 362 2432 δὲ
399 2377 467 2430 δι’
499 2374 740 2447 αἰσχρῶν
773 2375 869 2429 κα)⁸
912 2371 1166 2444 πονηρῶν
1200 2366 1634 2440 ἐπιθυμημάτων
1668 2383 1727 2420 τε

135 2474 232 2526 καὶ
281 2469 560 2543 πράξεων.
607 2468 757 2540 Πλὴν
798 2468 948 2538 ὅμως
998 2463 1240 2520 τοσαῦτα
1271 2462 1578 2524 πταίοντες,
1626 2459 1728 2512 οὐκ

133 2560 586 2632 ἀπογινώσκομεν
610 2559 709 2623 τὰς
732 2557 885 2629 παρά
912 2556 991 2628 τῷ
1019 2556 1139 2628 Θεῷ
1163 2554 1403 2617 ἐλπίδας,
1430 2552 1519 2606 διὰ
1542 2552 1604 2605 τὸ
1641 2568 1729 2620 φι-

133 2649 458 2722 λάνθρωπον
485 2650 581 2703 καὶ
603 2646 926 2713 ἀνεξίκακον
947 2643 1301 2716 ἐλεημονικόν
1323 2659 1382 2695 τε
1405 2642 1498 2695 καὶ
1526 2656 1728 2711 συγχω-

136 2740 366 2811 ρητικὺν
397 2738 493 2793 τοῦ
527 2737 684 2792 Θεοῦ.
731 2737 941 2791 Οὐκοῦν
979 2736 1170 2790 ἕπεται
1213 2733 1293 2803 τῷ
1338 2731 1487 2801 αὐτῷ
1521 2730 1722 2801 μέτρῳ,

136 2830 230 2885 καὶ
260 2832 414 2903 ἡμᾶς
456 2834 674 2904 μετρεῖν
706 2832 821 2893 τοῖς
852 2831 933 2891 εἰς
963 2828 1115 2899 ἡμᾶς
1159 2824 1555 2896 ἁμαρτάνουσι·
1591 2822 1726 2892 μηδὲ

135 2922 281 2979 κατά
325 2922 419 2977 τὸν
460 2922 668 2994 Πέτρον
700 2919 1169 2992 ἀκριϐολογεῖσθαι
1207 2920 1274 2988 τῇ
1322 2913 1722 2986 φιλανθρωπίᾳ,

133 3012 229 3068 καὶ
274 3010 474 3084 μέχρις
506 3010 732 3082 ἑϐδόμου
764 3007 997 3081 ἀριθμοῦ
1034 3009 1144 3071 τοῖς
1174 3008 1254 3069 είς
1299 3005 1446 3076 ἡμᾶς
1471 3007 1724 3075 ήμαρτη-

1833 1817 2113 1873 oblivione
2154 1818 2423 1872 imitetur.
2458 1817 2592 1871 Nam
2647 1822 2869 1888 regnum
2905 1819 3048 1888 quod
3087 1819 3303 1875 nonnisi
3335 1819 3419 1890 ju—

1833 1910 1975 1964 dicio
2021 1911 2278 1979 probatos
2328 1911 2545 1980 recipit,
2581 1910 2775 1964 alienis
2820 1926 2850 1964 a
2899 1912 3192 1966 clementia
3240 1928 3419 1983 neque

1831 2001 2072 2055 omnium
2096 2001 2340 2069 iudicem
2380 2002 2481 2058 bac
2515 2003 2714 2057 virtute
2745 2002 3086 2057 imitantibus
3131 2003 3415 2075 haudqua-

1830 2107 1989 2160 quam
2034 2104 2202 2163 patet.
2245 2094 2431 2163 Neque
2474 2095 2620 2148 enim
2663 2095 2974 2162 quempiam
3021 2103 3170 2149 tanta
3214 2095 3267 2149 in
3310 2111 3413 2151 nos

1829 2198 2084 2253 peccasse
2111 2182 2528 2247 aﬂirmabimus,
2559 2195 2761 2253 quanta
2793 2196 3002 2239 nosmet
3023 2201 3120 2256 per
3146 2187 3416 2242 universae

1830 2276 1954 2331 vita:
2000 2287 2213 2346 tempus
2256 2278 2521 2332 adversus
2556 2277 2649 2331 Dei
2678 2277 3013 2333 voluntatem
3043 2280 3405 2346 patravintus,

1830 2368 2062 2438 ideoque
2101 2369 2376 2424 debitores
2437 2370 2734 2425 evasimus.
2793 2369 2926 2424 Nam
2954 2370 3118 2425 modo
3165 2385 3418 2427 sermone

1827 2459 2172 2524 ol‘etidimus,
2202 2460 2362 2515 modo
2404 2463 2650 2531 turpibus
2682 2462 3001 2530 vitiosisque
3030 2462 3416 2530 cupiditatibus

1827 2561 1991 2623 atque
2028 2553 2256 2607 actibus.
2295 2551 2661 2609 Nihilominus
2705 2554 2797 2623 qui
2850 2563 2999 2608 tanta
3025 2553 3413 2623 delinquimus,

1830 2644 2076 2699 ﬁduciam
2123 2644 2370 2714 placandi
2424 2644 2515 2699 Dei
2564 2660 2671 2699 non
2701 2644 3028 2710 omittimus,
3057 2660 3215 2713 quem
3251 2644 3414 2700 bene-

1827 2737 2006 2790 volum
2051 2735 2391 2796 hominibus.
2439 2737 2738 2804 patientem
2772 2752 2836 2791 ac
2884 2737 3290 2792 misericordem
3320 2752 3414 2793 ve-

1827 2828 2039 2896 niaeque
2092 2843 2321 2895 pronum
2370 2829 2592 2883 scimus.
2649 2828 3089 2883 Consentaneum
3125 2838 3210 2884 est
3246 2829 3414 2899 igitur

1828 2928 1887 2970 ut
1914 2924 2099 2972 eadem
2144 2935 2402 2974 mensura
2455 2921 2541 2985 iis,
2568 2935 2800 2988 quorum
2841 2919 3063 2976 offensa:
3102 2922 3156 2974 in
3190 2936 3289 2976 nos
3320 2935 3416 2977 ex-

1828 3009 2104 3071 stiterunt,
2151 3008 2453 3080 largiamur
2484 3028 2495 3063 :
2524 3026 2722 3080 neque,
2753 3021 2811 3065 ut
2840 3012 2967 3066 olim
3002 3011 3197 3067 Petrus
3213 3013 3284 3078 ”,
3316 3012 3415 3066 mi-

132 3104 256 3157 κόσι
286 3104 590 3174 συγχωρεῖν
609 3118 623 3131 ·
663 3100 805 3155 κατὰ
836 3100 893 3153 δὲ
924 3099 1017 3153 τὸν
1046 3096 1304 3169 συμπαθῆ
1338 3095 1434 3149 καὶ
1460 3094 1725 3166 ἐλεήμονα

1832 3109 1956 3152 nttta
1997 3099 2371 3155 benevolentia
2416 3102 2608 3166 simus,
2652 3117 2829 3172 neque
2859 3101 3176 3170 iniuriarum
3218 3103 3415 3158 remis-

131 3192 371 3265 Σωτῆρα
402 3191 680 3265 μέχριτοῦ
716 3189 1180 3262 ἑϐδομηκοντάκις
1221 3187 1383 3243 ἐπτά·
1420 3188 1481 3239 οὐ
1512 3187 1729 3251 πάντως

133 3285 205 3341 τὰ
215 3285 460 3340 τοσαῦτα
473 3301 541 3339 πε
550 3281 805 3358 ριεργαζο
812 3283 1004 3355 μένους
1021 3283 1415 3355 ἁμαρτήματα,
1434 3280 1526 3333 καὶ
1541 3279 1689 3333 ὥσπε
1696 3296 1730 3350 ρ

131 3377 463 3451 ἀναγραφὴν
482 3376 662 3431 αὐτῶν
695 3376 1051 3448 ποιουμένους
1080 3373 1202 3428 καθ’
1219 3368 1467 3444 ’ἑκάστην
1493 3372 1727 3444 ἡμέραν,

130 3471 201 3524 ἐκ
228 3470 289 3523 δὲ
330 3470 521 3523 τούτου
562 3469 624 3522 τὸ
662 3468 1045 3540 άπεριόριστον
1077 3466 1523 3538 διδασκομένους.
1554 3464 1730 3517 Πυθο-

135 3562 304 3632 μένου
330 3560 440 3633 γὰρ
462 3560 557 3613 τοῦ
582 3560 791 3632 Πέτρου
816 3560 909 3612 ἐπὶ
932 3558 1118 3621 πόσοις
1140 3559 1252 3621 τοῖς
1273 3558 1352 3620 εἰς
1380 3557 1527 3628 ήμᾶς
1551 3556 1731 3627 ἀμαρ-

134 3651 457 3723 τανομένοις
501 3652 803 3723 συγχωρεῖν
862 3649 991 3712 δέοι,
1038 3647 1133 3701 καὶ
1171 3646 1404 3719 ἀριθμὸν
1448 3645 1729 3718 ὁρίσαντος

134 3745 228 3801 τὸν
271 3745 379 3811 ἕως
419 3744 671 3809 ἑπτάκις,
705 3746 734 3798 ό
766 3743 958 3814 Σωτὴρ
998 3741 1088 3795 τὸν
1130 3740 1235 3804 ἕως
1269 3738 1730 3811 ἑϐδομηκοντάκις

133 3840 279 3897 ἐτιτά
306 3840 593 3910 εἰσήγαγε,
627 3836 747 3892 καθ’
775 3836 833 3890 ὃν
855 3836 934 3889 621
958 3834 1054 3888 καὶ
1079 3834 1230 3905 ἡμᾶς
1253 3832 1493 3901 ἀφιέναι,
1522 3831 1729 3895 είδότας

134 3932 232 3985 καὶ
258 3929 682 4001 πεπεισμένους,
709 3927 785 3992 ὡς
816 3927 967 3980 ἔσται
997 3925 1190 3995 καιρὸς
1219 3924 1341 3979 καθ’
1371 3924 1429 3977 ὃν
1459 3922 1727 3994 συναρθή-

134 4039 295 4077 σεται
333 4022 470 4094 πρὸς
519 4023 666 4092 ἡμᾶς
699 4021 856 4088 λόγος
891 4018 997 4072 ὑπὸ
1029 4018 1126 4071 τοῦ
1182 4017 1397 4071 πάντων
1436 4013 1637 4086 ’κριτοῦ
1668 4030 1728 4066 τε

131 4115 233 4169 καὶ
263 4112 552 4184 βασιλέως,
580 4112 800 4166 ἐπειδάν
829 4113 878 4165 οί
908 4099 1503 4181 πάντεξπαραστῶμεν
1533 4104 1610 4176 τῷ
1640 4104 1731 4177 βή-

136 4222 272 4279 ματι
296 4204 487 4270 αὐτοῦ,
515 4206 603 4258 ὅτε
629 4198 675 4273 ᾧ
706 4205 890 4277 μέτρῳ
920 4202 1249 4277 μετροῦμεν,
1274 4198 1731 4271 ἀντιμετρηθήσε-

129 4315 228 4353 ται
255 4298 410 4369 ἡμῖν.
459 4297 517 4350 '0
566 4296 664 4369 μὲν
704 4296 811 4369 γάρ
849 4296 1023 4368 μέγας
1064 4294 1319 4366 βασιλεὺς
1346 4292 1596 4347 ἐντεῦθεν
1625 4291 1725 4363 ήδη

130 4392 309 4446 πᾶσιν
326 4392 462 4462 ἡμῖν
485 4392 597 4454 τοῖς
617 4387 1038 4461 χρεωφειλέταις
1064 4384 1275 4440 πολλῶν
1295 4384 1569 4439 ταλάντων
1588 4382 1727 4436 κατὰ

1831 3191 2037 3245 sionem
2076 3194 2393 3262 septenario
2436 3208 2663 3249 numero
2709 3205 3083 3261 coarctemus;
3136 3195 3246 3249 imo
3285 3209 3415 3249 vero

1831 3284 2139 3353 septuagies
2190 3287 2393 3353 septies
2440 3301 2563 3340 cum
2621 3285 2891 3341 clemente
2964 3287 3417 3357 misericordique

1833 3373 2124 3429 Servatore
2195 3390 2507 3445 parcamus.
2584 3377 2762 3444 Quare
2828 3376 3064 3455 offensas
3122 3394 3190 3433 ne
3223 3378 3414 3432 sedulo

1830 3466 2173 3531 veutilemus,
2210 3484 2384 3537 neque
2430 3470 2622 3523 barum
2665 3469 2826 3523 veluti
2873 3470 3326 3524 commentarium
3358 3471 3410 3524 in

1832 3557 1948 3613 dies
1971 3558 2345 3614 conﬁciamus.
2374 3559 2527 3614 Nunc
2551 3561 2695 3614 enim
2722 3559 3116 3630 indulgentiam
3156 3549 3276 3615 sine
3305 3561 3414 3616 line

1836 3647 2114 3705 docemur.
2159 3650 2372 3704 Etenim
2422 3651 2795 3721 interrogante
2842 3651 3004 3705 Petro
3036 3651 3253 3720 quoties
3281 3666 3414 3721 pec-

1831 3741 2088 3795 eantibus
2131 3744 2394 3796 adversus
2440 3757 2539 3796 nos
2572 3741 2850 3811 indulgere
2887 3752 3192 3811 oporteret,
3222 3759 3411 3797 nume-

1836 3847 2066 3902 rumque
2104 3833 2471 3903 septenarium
2510 3832 2825 3900 deﬁniente,
2858 3832 3119 3888 Servator
3142 3849 3311 3905 usque
3339 3835 3409 3888 ad

1832 3926 2150 3995 septuagies
2196 3927 2397 3995 septies
2446 3927 2699 3996 produxit
2749 3927 2921 3981 venite
2979 3927 3170 3980 dandae
3199 3943 3227 3980 a
3256 3927 3412 3982 nobis

1832 4031 2153 4081 munerum;
2181 4016 2347 4085 probe
2395 4018 2652 4070 nimirum
2695 4020 2955 4083 consciis,
2984 4028 3197 4087 tempus
3241 4017 3413 4074 all'ore

1812 4122 1937 4175 quo
1968 4108 2209 4163 rationes
2228 4110 2508 4163 nobiscum
2532 4120 2803 4177 ponentur
2820 4111 2886 4163 ab
2910 4110 3201 4164 universali
3230 4109 3412 4179 judice

1829 4214 1892 4253 ac
1921 4214 2065 4268 rege,
2095 4216 2217 4255 cum
2253 4217 2443 4256 omnes
2492 4212 2619 4255 ante
2662 4200 2781 4270 ejus
2824 4202 3059 4255 tribunal
3112 4204 3413 4258 constitue.

1832 4307 1973 4349 mur.
1995 4301 2051 4345 et
2081 4308 2186 4361 qua
2235 4308 2492 4346 mensura
2531 4294 2704 4349 mensi
2751 4293 3037 4356 fuerimus,
3091 4299 3413 4352 remetietur

1831 4383 2006 4436 nobis.
2030 4382 2241 4437 Etenim
2271 4399 2415 4440 nunc
2456 4401 2683 4455 magnus
2710 4402 2804 4442 rex
2842 4386 3056 4441 cunctis
3084 4387 3238 4441 nobis
3271 4389 3412 4441 mul-

130 4482 199 4536 τὸ
223 4482 438 4556 πρέπον
457 4480 621 4535 αὑτοῦ
648 4484 716 4552 τῇ
739 4477 1124 4551 φιλανθρωπίᾳ
1146 4477 1206 4530 τὸ
1224 4478 1331 4530 πᾶν
1351 4477 1521 4546 ἀνῆκε
1543 4475 1721 4545 χρέος,

1831 4483 2005 4528 torum
2038 4476 2365 4529 talentorum
2402 4477 2764 4545 debitoribus,
2790 4488 2949 4547 prout
2982 4487 3136 4532 suam
3163 4478 3409 4533 clemen-

130 4572 261 4637 δοὺς
307 4571 505 4642 ἄφεσιν
552 4571 963 4643 ἁμαρτημάτων
1012 4569 1108 4622 καὶ
1158 4564 1445 4636 ἐξαλείψας
1490 4565 1550 4617 τὸ
1600 4562 1721 4617 καθ’

131 4664 298 4737 ήμῶν
321 4664 703 4737 χειρόγραφον·
745 4665 907 4735 ἡμεῖς
938 4661 984 4714 δ’
1022 4661 1117 4714 ἐπὶ
1159 4659 1385 4731 βραχέσι
1416 4655 1722 4727 πταίσμασι

132 4758 262 4822 τοὺς
308 4755 630 4819 συνδούλους
672 4754 1069 4825 ἀποπνίγομεν,
1104 4753 1199 4806 καὶ
1241 4747 1722 4823 παρακαλούμενοι

130 4850 194 4905 οὐ
247 4847 645 4922 συγχωροῦμεν
674 4846 741 4900 τὰ
768 4848 848 4911 είς
895 4847 1044 4917 ἡμᾶς
1087 4842 1446 4914 ἐπταισμένα,
1497 4839 1572 4911 μὴ
1602 4840 1723 4892 ἐπι-

134 4940 467 5015 μετροῦντες
506 4940 577 4994 τά
608 4937 697 4992 ἴσα
734 4933 815 5002 οἷς
848 4936 1000 5010 παρὰ
1041 4934 1174 4990 Θεοῦ
1208 4935 1585 5005 τετυχήκαμεν
1614 4933 1726 4994 τοῖς

133 5032 427 5106 ἡμετέροις
472 5031 731 5095 οἰκέταις.
764 5030 1016 5099 Εὑὶόγως
1058 5023 1151 5082 οὖν
1181 5026 1556 5096 ἀγανάκτησις
1600 5021 1723 5075 καθ’

133 5127 294 5200 ἡμῶν
315 5125 746 5197 ἐξενεχθήσεται·
788 5124 884 5177 καὶ
919 5125 949 5177 ὁ
986 5122 1084 5194 τὴν
1112 5123 1294 5174 πᾶσαν
1330 5119 1459 5189 ἡμῖν
1503 5114 1724 5187 ὀφειλὴν

133 5222 295 5291 ἀφεὶς
322 5220 605 5291 Δεσπότης
643 5218 820 5272 οὐκέτ’
863 5216 1064 5287 ἀφήσει
1110 5215 1261 5284 ἡμῖν·
1297 5209 1412 5264 ἀλλ’
1458 5200 1503 5276 ᾧ
1542 5207 1723 5279 μέτρῳ

135 5315 570 5387 μεμετρήκαμεν
598 5313 699 5365 ἀσυ
710 5308 917 5381 μπαθεῖ
938 5308 1035 5364 καὶ
1066 5305 1274 5361 ἀνελεεῖ
1310 5301 1405 5357 καὶ
1436 5299 1719 5371 ἀποτόμῳ,

132 5407 496 5478 ἐπιμετρήσει
539 5404 689 5475 ἡμῖν·
720 5400 814 5455 καὶ
842 5401 933 5453 τὸν
965 5398 1027 5464 ἐξ
1063 5396 1217 5470 ἡμῶν
1263 5397 1407 5450 κατά
1433 5392 1543 5447 τῶν
1583 5394 1721 5464 ἠμε-

131 5497 308 5570 τέρων
336 5495 640 5552 συνδούλων
662 5495 788 5566 ὅρον
817 5491 940 5547 καθ’
966 5489 1123 5562 ήμῶν
1158 5488 1480 5561 ἐπαρτήσει.
1527 5484 1720 5556 Ἐφεύ-

208 5686 258 5723 ’⁸
274 5685 465 5741 Matth.
499 5701 655 5755 mu,
686 5684 778 5741 24.
854 5684 902 5719 ”
930 5681 1085 5750 ibid.,
1111 5681 1203 5737 Ἡ.

154 5792 185 5839 υ

1822 4566 1952 4621 tiam
1998 4565 2245 4629 decebat,
2286 4566 2529 4620 debitum
2570 4568 2802 4633 remisit,
2843 4569 2978 4621 dans
3023 4567 3263 4636 peccatis
3318 4582 3411 4621 ve-

1825 4658 2015 4722 niam,
2060 4656 2355 4728 delensque
2407 4658 2670 4728 scriptum
2728 4668 2916 4715 contra
2970 4674 3067 4714 nos
3131 4659 3409 4729 chirogra-

1824 4749 1989 4821 phum
2022 4764 2037 4801 :
2065 4764 2163 4803 nos
2194 4761 2375 4805 autem
2410 4751 2556 4805 leves
2594 4754 2663 4807 ob
2690 4751 2880 4820 culpas
2914 4765 3205 4806 conservos
3234 4749 3407 4807 δυσο-

1826 4856 2036 4905 camus,
2060 4850 2226 4911 atque
2260 4842 2530 4896 obsecrati
2576 4844 2800 4898 minime
2832 4844 3160 4897 remittimus
3188 4858 3308 4913 quae
3348 4843 3405 4898 in

1830 4948 1931 4987 nos
1952 4943 2174 5002 peccata
2210 4932 2838 4997 fuerint;_familiarilnts
2877 4934 3079 4989 nostris
3124 4934 3265 4988 haud
3306 4949 3406 5002 pa-

1812 5028 1908 5078 ‘ria
1953 5024 2217 5079 facientes
2248 5025 2337 5089 iis,
2383 5041 2505 5095 quae
2547 5041 2649 5080 nos
2674 5041 2703 5079 a
2736 5025 2853 5082 Deo
2884 5028 3162 5081 consecuti
3194 5042 3402 5082 sumus.

1827 5116 2024 5177 Merito
2065 5117 2249 5184 itaque
2290 5119 2447 5170 nobis
2474 5118 2745 5170 irascetur
2776 5118 2821 5171 is
2846 5120 2936 5186 qui
2967 5132 3129 5171 omne
3160 5117 3401 5172 debitum

1826 5208 1983 5262 nobis
2035 5209 2442 5263 condonaverat
2491 5209 2747 5263 Dominus
2792 5227 2806 5262 :
2849 5223 3023 5277 neque
3070 5208 3184 5278 jam
3247 5207 3407 5262 nobis

1826 5311 2045 5372 parcet;
2111 5303 2201 5356 sed
2243 5317 2347 5371 qua
2405 5318 2661 5357 mensura
2719 5303 2893 5357 mensi
2939 5303 3230 5367 fuerimus,
3269 5303 3404 5360 dura

1827 5393 2096 5461 videlicet,
2126 5394 2560 5448 immisericorde
2590 5402 2644 5449 et
2664 5408 2880 5463 aspera,
2908 5395 3096 5449 eadem
3133 5394 3288 5451 nobis
3318 5411 3404 5450 reo

1826 5486 2063 5553 tribuet;
2085 5484 2390 5569 datamque
2421 5501 2452 5541 a
2484 5484 2640 5542 nobis
2684 5488 2947 5567 adversus
2985 5500 3277 5544 conservos
3305 5502 3406 5543 no-
