3858 6214
362 1202 367 1207 ἴ
455 1208 672 1279 quitur;
711 1208 939 1278 ideoque
967 1209 1131 1264 verba
1166 1207 1255 1262 ilia
1285 1223 1394 1262 non
1422 1207 1823 1278 adjunguntur.

464 264 572 321 583
1138 265 1409 323 EUSEBII
1446 264 1924 324 CESARIENSIS
1953 268 2007 326 0

2156 269 2340 327 PARS
2373 270 2460 326 ill.
2499 301 2569 311 ——
2601 269 3011 327 EXEGETICA.
3614 267 3730 324 581

462 390 607 437 stros
652 381 1001 447 sententiam,
1035 378 1102 436 de
1134 380 1404 434 nobismet
1438 381 1648 450 pariter
1674 382 1837 438 dicet.
1867 381 2005 438 Secu

2146 404 2227 458 ροι
2256 387 2312 441 δέ
2342 405 2426 452 τις
2451 387 2630 458 ἐαυτῷ
2664 386 2885 458 μέθοδον
2907 385 3118 458 ἀγαθῆς
3145 385 3472 456 ἀποφάσεως
3495 385 3598 456 τῆς
3627 373 3729 440 ἐπὶ

461 487 592 528 vero
623 473 752 528 licet
792 473 989 543 cuique
1027 473 1185 527 bona!
1220 473 1502 526 sententiae
1544 486 1713 542 genus
1748 473 1853 528 sibi
1901 490 2003 545 apu

2141 480 2236 534 τοῦ
2275 480 2653 552 δικαιωτηρίου
2687 473 3276 551 ὲξενεχθησομένης,ἐί
3311 478 3600 551 προλαϐὼν
3628 492 3731 547 γε-

461 563 591 619 illud
636 565 871 619 tribunal
914 578 1257 632 comparare,
1309 562 1353 616 si
1389 562 1507 632 ipse
1555 573 1711 617 antea
1764 566 1837 618 sit
1886 564 2007 620 beni

2140 590 2283 627 νοιτο
2313 573 2691 644 φιλάνθρωπος
2736 574 2831 625 καὶ
2871 571 2978 625 τῶν
3013 574 3092 635 είς
3128 572 3291 625 αὐτὸν
3334 571 3732 643 ἁμαρτανομέ-

459 670 619 725 gnos,
659 664 713 709 et
744 657 936 710 alienis
959 664 1151 710 contra
1176 669 1234 708 se
1258 655 1499 724 peccatis
1532 654 1825 724 indulgeat.

2139 683 2246 720 νων
2276 665 2704 737 συγχωρητικός.

636 747 683 781 ’⁸
709 747 776 801 Et
822 749 995 802 dicent
1028 749 1173 801 vobis
1197 765 1216 804 :
1242 747 1377 801 Ecce
1405 749 1512 815 hic,
1546 748 1624 804 vel
1653 764 1768 802 ecce
1798 749 1927 803 illic.

2242 759 2351 811 Kal
2380 757 2627 827 ἐροῦσιν
2652 758 2825 829 ὐμῖνο
2873 757 3015 812 Ἰδοὺ
3049 750 3185 822 ὦδε,
3230 757 3267 825 ἢ
3299 756 3428 810 ιδοὺ
3460 755 3608 811 ἐκεῖ.

530 838 656 895 Haec
688 842 988 895 secundum
1037 838 1348 892 Matthaeum
1398 839 1541 892 dicta
1581 846 1706 893 sunt
1747 839 1813 894 de
1848 838 2007 893 Hiero

2209 845 2392 899 Ταῦτα
2434 846 2573 901 κατά
2616 848 2714 918 μὲν
2762 847 2854 901 τὸν
2892 846 3165 901 Ματθαίον
3207 846 3427 915 ἐλέγετο
3462 847 3594 918 περὶ
3618 846 3728 914 τῆς

457 931 791 1002 solymormn
840 931 1077 985 excidio.
1129 931 1312 997 Quare
1363 930 1473 984 illic
1518 929 2007 984 addebatur:Tun

2137 935 2472 1008 ἐρημώσεως
2534 938 2890 1009 Ἰερουσαλήμ
2922 938 3069 1008 (66)·
3119 937 3201 991 διὸ
3232 938 3327 991 καὶ
3358 938 3721 1009 προσέκειτο·

454 1024 544 1094 qui
576 1023 632 1075 in
680 1020 877 1076 Juda'a
910 1034 1053 1087 sunt,
1080 1022 1291 1091 fugiant
1320 1024 1388 1075 ad
1420 1032 1627 1075 montes
1653 1020 1719 1074 ".
1749 1022 2001 1075 Verumta

2143 1028 2279 1081 Τότε
2307 1031 2359 1081 ol
2385 1028 2455 1080 ἐν
2492 1027 2566 1097 τῇ
2618 1030 2876 1097 Ἰουδαίᾳ
2920 1028 3305 1099 φευγέτωσαν
3331 1032 3420 1094 εις
3460 1030 3534 1083 τὰ
3581 1029 3722 1099 ὅρη-

457 1133 578 1172 men
619 1118 706 1171 hic
739 1118 804 1172 de
831 1116 1158 1170 Antichristi
1197 1114 1535 1186 temporibus
1562 1115 1824 1169 Scrvator
1859 1115 2007 1185 prulo

2135 1118 2367 1172 ἐνταῦθα
2397 1119 2453 1173 δέ
2470 1120 2598 1192 περὶ
2626 1120 2734 1174 τῶν
2767 1123 2973 1193 καιρῶν
3000 1123 3092 1175 τοῦ
3126 1121 3492 1191 Ἀντιχρίστου
3518 1120 3727 1191 προλὲ-

2134 1228 2248 1280 γει’
2283 1210 2363 1264 διὸ
2390 1213 2452 1264 οὗ
2491 1213 2810 1284 πρόσκειται
2843 1214 3017 1268 τοῦτο.

2178 1292 2187 1301 ’
2380 1303 2620 1371 Πρῶτον
2658 1304 2749 1359 δεῖ
2778 1306 2966 1359 αὐτὸν
3002 1304 3203 1359 πολλὰ
3226 1303 3439 1358 παθεῖν

2201 1395 2504 1449 Αίνίττεται
2524 1396 2580 1449 δὲ
2612 1397 2705 1449 κα)⁵
2727 1399 2783 1449 ἐν
2811 1396 3024 1461 τούτοις
3048 1399 3148 1468 τήν
3174 1413 3304 1449 ποτε
3337 1374 3721 1466 γενησομένην

2131 1488 2467 1541 ἀποστασίαν
2504 1487 2707 1541 εἰπών’
2744 1489 2966 1561 Πρῶτον
3000 1488 3057 1541 δὲ
3086 1487 3168 1541 δεῖ
3194 1488 3358 1541 αὑτὸν
3391 1487 3563 1541 πολλὰ
3599 1503 3721 1539 πα-

2131 1579 2243 1631 θεῖν
2276 1579 2369 1632 καὶ
2400 1579 2901 1651 ἀποδοκιμασθῆναι
2946 1580 3054 1633 ἀπὸ
3101 1580 3198 1650 τῆς
3241 1581 3432 1648 γενεᾶς
3475 1578 3715 1649 ταύτης,

595 1301 642 1333 ³⁵
668 1297 907 1353 Primum
938 1309 1141 1369 oportet
1170 1300 1322 1354 illum
1354 1300 1521 1354 multa
1547 1303 1678 1369 pali.

526 1391 621 1447 llis
650 1392 831 1447 verbis
858 1393 1096 1447 l‘uturam
1131 1407 1345 1462 quoque
1380 1393 1673 1462 aliquando
1706 1394 2032 1463 apostasiam

454 1482 636 1538 innuit
661 1483 787 1536 dum
825 1484 903 1537 ait
934 1500 949 1537 :
989 1482 1227 1537 Primum
1267 1491 1481 1553 oportet
1516 1482 1664 1535 illum
1707 1484 1870 1538 multa
1897 1485 2028 1554 pati,

451 1584 508 1627 et
545 1573 825 1644 reprobari
872 1587 902 1626 a
948 1572 1304 1642 generatione
1342 1573 1466 1635 hac,
1495 1587 1688 1641 nempe
1727 1572 2028 1627 hominum.

452 1664 586 1719 Nam
636 1665 910 1735 repulsum
951 1674 1114 1732 atque
1160 1663 1526 1733 improbatum
1573 1664 1641 1718 iri
1677 1662 2007 1735 Evangeliun

2128 1670 2367 1742 δηλονότι
2411 1671 2513 1742 τῆς
2557 1671 2665 1726 τῶν
2700 1671 3030 1744 ἀνθρώπων·
3062 1671 3432 1743 ἀποϐληθῆναι
3469 1670 3579 1741 γὰρ
3612 1670 3719 1722 καὶ

451 1752 591 1824 ejus,
620 1753 984 1823 populumque
1011 1753 1252 1820 ejusdem
1284 1768 1615 1823 magnopere
1657 1751 1910 1808 alnictum
1939 1754 2003 1808 iri

2130 1766 2631 1837 ἀποδοκιμασθῆναι
2680 1765 2772 1819 τὸν
2817 1766 2946 1835 περὶ
2996 1763 3158 1818 αὐτοῦ
3199 1762 3377 1832 λόγον,
3428 1762 3601 1815 πολλά
3646 1777 3715 1813 τε

450 1844 779 1899 vaticinatus
810 1854 925 1911 est;
960 1846 1075 1899 sive
1102 1845 1155 1897 in
1186 1845 1500 1900 consecutis
1531 1845 1728 1900 deinde
1770 1861 2027 1915 persecu-

451 1936 713 2000 tionibus,
740 1937 940 2007 quibus
973 1935 1286 1990 furentibus
1321 1946 1581 1991 sexcenta
1615 1938 1733 2006 ipse
1766 1937 2028 1994 Servator

446 2042 639 2098 passus
662 2037 763 2094 est,
801 2028 1110 2083 maledictis
1138 2029 1421 2084 hominum
1448 2031 1756 2099 appetitus;
1783 2032 1899 2086 sive
1925 2031 2026 2086 Ec-

448 2116 611 2172 clesia
642 2118 760 2187 ejus
789 2127 952 2187 atque
983 2117 1230 2171 doctrina
1278 2132 1405 2171 cum
1453 2119 1829 2187 exagitaretur
1859 2127 2025 2188 atque

446 2217 880 2279 oppugnaretur;
941 2206 1057 2262 sive
1124 2207 1179 2262 in
1238 2207 1480 2263 universi
1536 2210 2022 2279 consummatione,

444 2314 571 2355 cum
600 2297 951 2369 Evangelium
988 2295 1106 2366 ejus
1148 2298 1373 2352 omnino
1411 2299 1829 2369 improbabitur,
1861 2312 2025 2374 atque

444 2403 513 2443 ex
540 2386 818 2442 hominum
847 2397 993 2442 coetu
1021 2388 1502 2442 exterminabitur.

598 2477 644 2512 ³⁷
669 2476 737 2531 Et
758 2478 891 2532 sicut
917 2479 1111 2532 accidit
1155 2476 1365 2532 Noaclu'
1398 2482 1735 2551 temporibus,
1763 2495 1868 2540 etc.

515 2569 607 2625 Sic
637 2569 802 2640 igitur
834 2568 1071 2639 repulso,
1108 2569 1184 2624 uti
1205 2569 1407 2625 dictum
1436 2578 1541 2637 est,
1570 2587 1667 2641 per
1693 2576 2021 2644 apostasiam

443 2677 695 2719 sermone
739 2662 1077 2732 evangelico,
1137 2677 1291 2717 more
1340 2663 1610 2719 malorum
1659 2680 1779 2736 quae
1833 2668 2020 2723 diluvii

443 2764 683 2825 tempore
710 2755 1072 2824 contigerunt,
1097 2754 1299 2823 impiis,
1332 2754 1527 2823 inquit,
1566 2757 1879 2816 hominibus
1908 2761 2023 2815 exi-

444 2848 574 2902 tium
597 2849 961 2917 superveniet.
986 2846 1052 2901 Et
1082 2848 1299 2916 quidem
1336 2848 1478 2901 sicut
1507 2863 1696 2904 omnes
1728 2862 1854 2907 tunc
1890 2868 2019 2922 pero

441 2941 659 3007 ierunt,
699 2941 941 3009 exceptis
986 2940 1252 2994 duntaxat
1277 2943 1368 3011 qui
1401 2958 1525 2997 cum
1552 2942 1774 2998 Noacho
1807 2945 1858 2998 in
1891 2960 2017 3001 arca

441 3034 839 3098 constiterant;
870 3030 944 3085 ita
979 3032 1033 3086 in
1063 3031 1277 3087 Domini
1311 3035 1570 3103 adventu,
1599 3036 1815 3091 scelesti
1841 3037 2018 3091 homi-

2127 1857 2317 1911 παθεῖν
2342 1858 2431 1912 τὸν
2456 1859 2620 1911 αὐτοῦ
2647 1856 2795 1923 λαὸν,
2829 1856 3113 1910 ἐθέσπισεν
3131 1872 3146 1886 ⁸
3175 1856 3285 1909 εἴτε
3332 1857 3391 1908 ἐν
3424 1858 3537 1917 τοῖς
3565 1853 3716 1924 μετὰ

2125 1948 2297 2001 ταῦτα
2326 1947 2606 2019 διωγμοῖς,
2653 1946 2776 2000 καθ’
2806 1944 2899 2010 οὒς
2941 1946 3110 2017 μυρία
3148 1944 3416 1999 πέπονθεν
3447 1944 3610 2007 αὐτός
3644 1960 3710 1994 τε

2128 2038 2610 2110 βλασφημούμενος
2633 2041 2662 2092 6
2688 2038 2876 2111 Σωτὴρ
2905 2037 3058 2110 παρὰ
3079 2040 3193 2102 τοῖς
3222 2035 3549 2109 ἀνθρώποις,
3576 2036 3614 2105 ἧ
3640 2052 3708 2088 τε

2137 2131 2433 2202 Ἐκκλησία
2475 2130 2640 2184 αὑτοῦ
2670 2132 2763 2185 καὶ
2796 2134 2824 2185 6
2849 2129 3005 2199 λόγος
3035 2130 3389 2200 ἐλαυνόμενος
3412 2129 3508 2181 καὶ
3536 2127 3707 2181 πολε·-

2127 2223 2423 2295 μούμενοςο
2457 2223 2567 2277 εἴτε
2599 2223 2737 2295 πρὸς
2781 2223 2858 2294 τῷ
2904 2224 3121 2276 πάντων
3157 2222 3321 2287 τέλει,
3354 2223 3475 2275 καθ’
3504 2222 3534 2274 6
3560 2223 3705 2276 ἀπο-

2122 2314 2581 2386 δοκιμασθήσεται
2606 2314 2837 2386 πάμπαν
2858 2312 3186 2384 ἀποϐληθεὶς
3212 2313 3321 2366 ἀπὸ
3342 2313 3441 2383 τῆς
3470 2312 3580 2367 τῶν
3607 2313 3708 2365 ἀνι

2123 2406 2355 2479 θρώπων
2380 2409 2593 2477 γενεᾶςι
3572 2440 3575 2441 ⁷

2121 2498 2229 2553 Καὶ
2246 2497 2439 2565 καθὼς
2458 2497 2693 2569 ἐγένετο
2712 2515 2782 2552 εν
2800 2498 2929 2563 ταῖς
2946 2496 3193 2567 ἡμέραις
3215 2496 3320 2551 τοῦ
3340 2496 3486 2562 Νῶε,
3505 2513 3561 2549 κ.
3574 2512 3629 2548 τ.
3644 2495 3701 2550 λ.

2192 2590 2352 2644 (libros
2391 2591 2592 2656 τοίνυν,
2639 2591 2714 2653 ὡς
2761 2589 2996 2661 εἴρηται,
3051 2588 3407 2658 ἐκϐληθέντος
3456 2588 3546 2642 διὰ
3599 2589 3707 2658 τὴν

2121 2682 2456 2737 ἀποστασίαν
2489 2682 2583 2736 τοῦ
2637 2683 2798 2751 λόγου
2849 2680 2942 2735 τοῦ
2988 2680 3364 2750 εὐαγγελικοῦ,
3414 2679 3555 2733 κατά
3600 2680 3706 2750 τὴν

2120 2775 2377 2845 ὁμοίωσιν
2419 2773 2526 2827 τῶν
2566 2774 2660 2827 ἐπὶ
2688 2773 2781 2827 τοῦ
2831 2771 3217 2841 κατακλυσμοῦ
3250 2769 3703 2842 συμϐεϐηκότων,

2121 2866 2149 2917 ὁ
2175 2864 2313 2917 κατά
2343 2864 2452 2917 τῶν
2477 2864 2690 2919 ἀσεϐῶν
2715 2864 2934 2936 ὄλεθρος
2964 2865 3334 2935 ἐπιστήσεται,
3360 2863 3513 2933 φησί.
3555 2862 3705 2915 Ἀλλ’

2121 2954 2197 3017 ὡς
2218 2954 2338 3007 τότε
2370 2955 2577 3019 πάντας
2613 2957 2709 3025 μὲν
2738 2954 3037 3018 ἀπώλεσεν,
3072 2956 3133 3008 οὐ
3160 2955 3265 3026 μὴν
3294 2954 3389 3008 καὶ
3414 2956 3541 3018 τοὺς
3577 2971 3708 3007 συν.

2120 3045 2392 3117 ηγμένους
2430 3046 2547 3116 ἅμα
2600 3045 2679 3117 τῷ
2720 3047 2843 3101 Νῶε
2890 3048 2947 3101 ἐν
3006 3049 3074 3118 τῇ
3124 3047 3363 3117 κιϐωτῷ,
3415 3046 3558 3101 οὕτω
3603 3049 3707 3102 καὶ

441 3138 539 3178 stes
580 3138 677 3192 per
709 3122 999 3192 apostasia:
1039 3132 1250 3192 tempus
1292 3125 1510 3180 luxuria
1556 3136 1613 3181 et
1662 3129 2007 3185 ebrietatibus

2126 3139 2215 3191 ἐπὶ
2249 3138 2352 3209 τῆς
2395 3138 2560 3191 αὑτοῦ
2601 3139 2901 3210 παρουσίας
2947 3142 2997 3193 οἱ
3049 3130 3146 3210 μὲν
3180 3139 3397 3204 ἀσεϐεῖς
3427 3139 3569 3194 κατά
3606 3140 3705 3193 τὸν

440 3223 497 3269 et
533 3214 735 3282 nuptiis
767 3220 822 3267 et
858 3216 1068 3268 caeteris
1109 3217 1230 3269 vita:
1258 3216 1626 3285 voluptatibus
1651 3221 1920 3287 occupati,
1954 3235 2007 3276 ea

2126 3225 2306 3298 καιρὸν
2336 3227 2436 3297 τῆς
2473 3228 2807 3293 ἀποστασίας
2846 3233 3078 3301 τρυφαῖς
3117 3229 3210 3283 καὶ
3250 3229 3443 3300 μέθαις
3471 3230 3566 3283 καὶ
3600 3230 3707 3298 γά-

440 3303 652 3358 ratione
681 3303 938 3370 peribunt
964 3319 1070 3372 qua
1101 3303 1176 3358 illi
1214 3304 1420 3361 Noaclii
1444 3318 1606 3363 (etate
1643 3310 1854 3366 diluvio
1885 3312 2007 3367 sub-

2126 3334 2242 3387 μοις
2267 3317 2359 3371 καὶ
2381 3321 2502 3381 ταῖς
2524 3319 2616 3372 τοῦ
2640 3318 2756 3388 βίου
2782 3319 2996 3391 ἡδοναῖς
3022 3320 3473 3393 κατατριϐόμενοι
3494 3321 3704 3392 ὁμοίως

442 3394 627 3450 mersi.
656 3392 734 3447 Ne
767 3394 890 3463 quis
913 3403 1092 3449 autem
1119 3395 1459 3451 existimaret
1486 3398 1585 3452 bos
1623 3414 1837 3470 quoque
1862 3401 2007 3470 aquis

2126 3413 2226 3474 τοῖς
2263 3412 2353 3463 ἐπὶ
2379 3410 2471 3464 τοῦ
2495 3411 2620 3464 Νῶε
2652 3412 3116 3475 κατακλυσθέντες
3141 3410 3486 3467 ἀπολοῦνται.
3524 3414 3703 3484 Ὑπὲρ

438 3489 688 3540 obrutum
727 3484 814 3550 iri,
849 3499 1071 3540 necesse
1104 3485 1206 3541 l'uit
1255 3486 1372 3542 Loti
1433 3490 1741 3560 exemplum
1775 3506 2007 3546 comme-

2126 3502 2171 3556 5ὲ
2202 3504 2297 3557 τοῦ
2333 3505 2407 3575 μή
2437 3522 2558 3558 τινα
2589 3506 2807 3577 νομίσαι
2837 3506 2907 3558 δι’
2934 3505 3124 3570 ὓδατος
3149 3507 3242 3560 καὶ
3272 3506 3496 3570 τούτους
3522 3523 3701 3561 κατα-

438 3594 652 3633 morare
679 3596 693 3645 ;
729 3578 901 3643 Sicut,
934 3579 1132 3648 inquit,
1161 3577 1282 3633 Lati
1311 3590 1540 3650 tempore
1560 3582 1780 3636 edebant
1803 3592 1854 3636 et
1877 3584 2007 3637 bibe-

2126 3594 2534 3666 κλυσθήσεσθαι,
2570 3598 2884 3666 ἀναγκαίως
2912 3597 2990 3667 τῷ
3029 3599 3122 3652 ἐπὶ
3148 3598 3241 3652 τοῦ
3272 3597 3397 3652 Λὼτ
3428 3598 3702 3669 κέχρηται

438 3671 585 3733 bant,
637 3678 691 3723 et
739 3668 993 3740 reliqua:
1028 3665 1200 3723 Porro
1258 3670 1345 3725 die
1396 3687 1501 3741 qua
1554 3669 1718 3727 Lotus
1772 3672 2007 3729 Sodomis

2126 3665 2548 3759 παραδείγματι,
2578 3665 2784 3755 Καθὼς
2806 3665 3063 3757 ἐγένετο,
3093 3689 3287 3757 λέγων,
3311 3689 3381 3742 ἐν
3403 3665 3543 3756 cui;
3560 3665 3704 3758 ἦμέ·

436 3773 673 3829 egressus
709 3767 809 3821 est,
837 3760 970 3829 ignis
1005 3759 1131 3813 caelo
1156 3759 1288 3829 pluit
1321 3771 1638 3833 cunctosque
1661 3764 1861 3818 incolas
1892 3781 2007 3833 per-

2126 3793 2244 3843 οαις
2260 3775 2409 3841 Λὼτ,
2428 3776 2904 3845 ἤσθιον,ἕπινον,
2931 3780 3027 3832 καὶ
3053 3778 3121 3832 τά
3133 3779 3280 3848 ἑξῆς
3301 3773 3384 3851 τῌ
3409 3778 3477 3831 δὲ
3503 3779 3703 3849 ἡμέρᾳ

436 3848 591 3903 didit.
630 3849 978 3921 llujusmodi,
1009 3851 1204 3919 inquit,
1235 3853 1350 3906 dies
1372 3853 1473 3906 erit
1500 3868 1605 3923 qua
1639 3852 1813 3908 Filius
1839 3855 2007 3910 homi-

2126 3865 2335 3935 ἐξῆλθε
2376 3866 2507 3921 Λὼτ
2539 3866 2666 3921 ἀπὸ
2708 3866 2985 3936 Σοδόμων
3008 3852 3211 3937 ἔϐρεξε
3244 3848 3364 3938 πῦρ
3387 3870 3490 3922 ἀπ’

437 3943 518 3996 nis
548 3942 870 3996 revelabitur
890 3942 957 3998 ⁸⁸.
990 3943 1197 4010 Quibus
1225 3946 1407 4000 verbis
1459 3948 1687 4017 mystice
1722 3951 2007 4005 admodum

2126 3954 2226 4009 νοῦ
2261 3956 2358 4010 καὶ
2399 3956 2677 4012 ἀπώλεσε
2723 3957 2974 4026 πάντας.
3021 3959 3184 4014 Κατὰ
3220 3960 3292 4013 τὰ
3325 3960 3477 4013 αὐτὰ
3519 3960 3703 4015 ἔσται

435 4045 500 4084 ac
525 4030 843 4085 terribiliter
873 4032 1050 4098 docet,
1091 4034 1208 4087 fore
1237 4044 1295 4087 ut
1346 4035 1471 4103 igne
1508 4050 1576 4090 ac
1606 4037 1818 4092 sull‘ure
1861 4040 2007 4096 caelis

2126 4042 2153 4119 ᾖ
2192 4049 2384 4118 ήμέρςι
2422 4054 2455 4103 ὀ
2496 4050 2628 4116 Υἱὸς
2669 4050 2776 4107 τοῦ
2816 4050 3131 4121 ἀνθρώπου
3176 4052 3698 4107 ἀποκαλύπτεται·

436 4123 606 4177 misso
633 4123 827 4193 impios
856 4139 1045 4178 omnes
1074 4126 1155 4178 ira
1202 4124 1296 4181 Dei
1336 4127 1628 4196 corripiat.
1652 4130 1863 4185 Idcirco
1907 4132 2007 4185 im-

2126 4142 2320 4214 σφόδρα
2354 4143 2679 4214 ἁπορρήτως
2724 4144 2817 4197 καὶ
2864 4143 3112 4216 φοϐερῶς
3142 4144 3406 4200 διδάσκων
3439 4146 3525 4199 ὃτι
3560 4147 3702 4219 πυρὶ

435 4213 556 4283 pios
585 4212 727 4267 hanc
772 4213 913 4267 diem
957 4216 1149 4269 adesse
1191 4229 1414 4272 orantes
1452 4220 1766 4290 prophetica
1795 4236 1898 4273 vox
1930 4223 2007 4274 in-

2126 4234 2207 4286 ιιαὶ
2245 4212 2374 4304 θείῳ
2403 4212 2513 4288 ἀπ(
2529 4212 2758 4306 οὖρανοῦ
2792 4212 3275 4308 καταπενμπομένῳ
3308 4238 3434 4301 τοὺς
3476 4212 3705 4302 ἀσεϐεῖς

437 4315 625 4374 crepat
695 4305 928 4359 dicens:
963 4302 1057 4360 γω
1100 4308 1522 4365 desiderantibus
1567 4315 1707 4366 diem
1761 4313 2007 4366 Domini!

2126 4325 2321 4389 πάντας
2347 4302 2394 4395 νή
2443 4302 3032 4398 ὀργὴ-μετελεύσεταιν·
3069 4302 3151 4381 διδ
3190 4302 3300 4391 τοῖς
3350 4328 3450 4398 μὲν
3477 4329 3705 4401 ἡμέραν

440 4392 593 4450 Cur?
630 4391 783 4447 Vobis
808 4396 919 4448 lucc
947 4396 1078 4463 dies,
1110 4398 1337 4453 tenebrae
1365 4411 1413 4454 et
1440 4417 1547 4455 non
1575 4400 1691 4466 lux,
1721 4404 1833 4456 dies
1872 4415 2007 4456 tene-

2126 4416 2315 4486 ιαύτην
2347 4391 2636 4487 ιὲτισίτῆκὶαἰ
2668 4417 2983 4488 εὐχομένοις
3029 4417 3282 4472 ἀσεϐέσιν
3308 4391 3704 4490 ή-προξητικὴ

437 4487 652 4543 brarum
676 4496 725 4540 et
754 4486 1022 4557 caliginis,
1043 4490 1153 4545 dies
1187 4493 1507 4546 calamitatis
1540 4502 1590 4547 et
1622 4498 1915 4549 exterminii
1939 4495 2004 4556 ”.

2126 4507 2265 4578 ptavi]
2291 4486 2699 4562 ἐπανατείνεται
2727 4486 2958 4578 λέγουσα
2972 4527 2985 4540 ·
3014 4509 3159 4563 Οὐαὶ
3180 4512 3233 4562 ol
3257 4486 3705 4577 calcandos-m5

437 4578 642 4634 Sedqu
668 4589 849 4633 autem
878 4579 1140 4634 Servator
1172 4583 1261 4636 hic
1289 4598 1502 4653 quoque
1531 4587 1694 4651 cavit,
1720 4586 2007 4655 quominus

2126 4598 2228 4665 τὴν
2255 4598 2484 4668 ἡμέραν
2532 4601 2757 4670 Κυρίου
2772 4601 2793 4653 .'
2834 4602 2962 4657 Ἵνα
3005 4602 3065 4655 τί
3080 4618 3099 4665 ;
3131 4600 3299 4670 Ὑμῖν
3330 4600 3487 4670 αῦτη
3520 4604 3702 4658 ἔσται

435 4673 644 4729 diceret
698 4674 877 4743 ignem
910 4684 966 4728 et
1002 4675 1176 4730 sull'ur
1221 4686 1382 4731 antea
1417 4678 1555 4732 cmlo
1585 4679 1787 4748 pluisse
1821 4681 1873 4733 in
1902 4680 2004 4733 im-

2126 4689 2348 4754 τκότος,
2382 4689 2479 4742 καὶ
2517 4692 2587 4744 οὐ
2619 4689 2765 4759 φῶς,
2795 4691 2987 4761 ἡμέρα
3011 4692 3273 4758 σκότους
3305 4691 3404 4746 καὶ
3433 4690 3694 4763 γνόφου,

436 4766 554 4837 pios
603 4766 969 4821 Sodomorum
1014 4769 1380 4850 cives,.quam
1429 4769 1597 4825 Lotus
1627 4786 1877 4841 egressus
1911 4788 2005 4827 eo-

2126 4780 2298 4851 ᾗμέρα
2333 4783 2735 4851 ταλαιπωρίας
2788 4783 2889 4838 καὶ
2950 4784 3311 4854 ἀφανισμοῦ.
3372 4784 3595 4857 Σφόδρα
3636 4786 3697 4838 δὲ

436 4874 555 4916 rum
583 4870 726 4912 ctetu
755 4872 1125 4927 separaretur.
1160 4858 1251 4915 Sic
1276 4861 1535 4915 diluvium
1575 4878 1747 4933 neque
1780 4865 2007 4918 inunda-

435 4949 536 5016 vit,
591 4966 765 5019 neqne
818 4950 1008 5004 mersit
1053 4951 1337 5006 universos
1373 4953 1520 5007 orbis
1570 4953 1793 5020 incolas,
1823 4957 2006 5023 prius-

437 5058 597 5112 quam
653 5042 902 5099 Noachus
957 5045 1008 5096 in
1059 5059 1240 5098 arcam
1281 5045 1551 5098 introiret.
1584 5045 1663 5099 Ita
1703 5062 1923 5114 prorsus
1953 5047 2003 5100 in

437 5138 623 5193 mundi
665 5138 1133 5193 consummatione
1180 5141 1318 5192 haud
1353 5150 1477 5193 ante
1521 5146 1842 5194 eventurum
1882 5156 2002 5209 per-

436 5233 677 5287 euntium
712 5232 998 5301 impiorum
1031 5231 1291 5284 diluvium
1346 5232 1444 5294 ait,
1476 5247 1636 5300 quam
1690 5232 1739 5284 in
1790 5231 1998 5286 cwlesti

437 5340 564 5379 arca
600 5335 999 5394 congregemur
1041 5323 1336 5378 incolumes
1384 5325 1714 5393 quicumque
1761 5335 1889 5378 tunc
1927 5325 1997 5395 pii

437 5416 684 5472 homines
711 5426 890 5484 erunt,
928 5430 1151 5486 prorsus
1183 5424 1239 5468 ut
1266 5414 1470 5470 Noacbi
1515 5415 1817 5487 exetuplum
1852 5431 2002 5471 reno-

2109 4875 2349 4946 ἀκριϐῶς
2383 4878 2474 4929 καὶ
2501 4875 2735 4929 ἐνταῦθα
2766 4878 3032 4947 ἐτήρησεν
3055 4880 3083 4931 6
3108 4877 3297 4948 Σωτὴρ
3334 4878 3395 4930 οὐ
3426 4878 3699 4950 πρότερον

2109 4963 2168 5016 τὸ
2203 4964 2312 5036 πῦρ
2356 4964 2524 5018 εἰπὼν
2556 4966 2650 5020 ἀπ’
2691 4966 2919 5038 οὐρανοῦ
2967 4968 3062 5021 καὶ
3107 4968 3169 5020 τὸ
3217 4967 3358 5021 θεῖον
3391 4967 3698 5040 κατεληλυ-

2112 5054 2258 5109 θέναι
2292 5057 2381 5109 ἐπὶ
2410 5060 2535 5121 τοὺς
2559 5059 2617 5109 ἐν
2644 5057 2898 5128 Σοδόμοις
2929 5058 3166 5121 ἀσεϐεῖς,
3197 5058 3231 5129 ἢ
3265 5059 3356 5112 τὸν
3387 5058 3515 5111 Λὼτ
3546 5059 3697 5127 ἐξελ-

2109 5142 2239 5207 θεῖν,
2277 5146 2370 5198 καὶ
2407 5146 2741 5216 χωρισθῆναι
2791 5146 2848 5214 ἐξ
2889 5146 3087 5201 αὐτῶν.
3133 5146 3289 5201 Οὕτω
3321 5148 3419 5201 καὶ
3456 5150 3554 5202 ἐπὶ
3595 5149 3693 5204 τοῦ

2107 5236 2487 5307 κατακλυσμοῦ
2521 5238 2580 5290 οὐ
2610 5239 2874 5310 πρότερον
2904 5239 3138 5309 ἐπῆλθεν
3163 5236 3318 5304 οὗτος
3350 5240 3449 5295 καὶ
3479 5243 3693 5307 πάντας

2105 5328 2351 5382 ἀπώλεσε
2379 5332 2503 5394 τοὺς
2535 5332 2675 5384 κατά
2706 5333 2808 5403 γῆν
2835 5331 3140 5395 οἰκοῦντας,
3171 5333 3204 5404 ἦ
3240 5334 3332 5386 τὸν
3360 5332 3487 5386 Νῶε
3518 5334 3693 5387 εἰσελ-

2106 5419 2217 5475 θεῖν
2257 5425 2336 5486 εἰς
2372 5422 2469 5493 τὴν
2513 5422 2764 5476 κιϐωτόν.
2812 5424 2969 5478 Κατά
2995 5422 3064 5477 τὰ
3096 5423 3236 5477 αὐτὰ
3266 5424 3440 5478 τοίνυν
3465 5424 3565 5478 καὶ
3596 5424 3690 5476 ἐπὶ

505 5598 553 5633 ³⁸
574 5599 705 5654 Luc.
737 5617 868 5667 xvu,
892 5599 985 5657 25.
1024 5600 1070 5633 "
1093 5601 1281 5655 Matth.
1311 5616 1458 5665 xxiv,
1479 5594 1572 5656 l6.
1649 5601 1695 5633 ³⁸
1724 5600 2007 5658 Luc.xvn.
2027 5603 2120 5658 25.
2192 5605 2236 5638 ³⁷
2272 5605 2404 5660 ibid.
2441 5603 2531 5685 2Q.
2605 5602 2800 5661 "Luc.
2835 5621 2967 5673 xvn,
2995 5604 3180 5661 98-50.
3258 5606 3303 5638 ”
3323 5606 3492 5660 Amos
3518 5620 3572 5671 v,
3601 5603 3686 5660 l8.

505 5693 617 5767 (66)
649 5694 849 5752 Confer
880 5696 1243 5787 Tlicopltanite
1275 5696 1636 5791 fragmentum
1664 5714 1717 5766 x,
1736 5698 1841 5754 col.
1861 5695 1993 5753 653.

2592 5730 2621 5769 Ι
