3858 6214
126 380 245 440 585

1354 379 1867 448 ΟΟΗΜΕΝΤΑΒΙΔ
1899 391 1969 448 IN
2005 393 2261 451 LUCAM.

3309 407 3415 467 586

124 498 235 570 τῆς
264 494 582 562 συντελείας
606 498 669 553 οὐ
698 492 972 574 πρότερον
992 498 1328 597 ἔσεσθαιιτὸν
1352 498 1709 579 κατακλυσμὸλ

1844 516 2018 567 vetur.
2048 508 2257 576 Quibus
2283 510 2449 569 etiam
2474 519 2757 576 commode
2796 522 3009 579 dicetur
3036 528 3418 597 propheticum

125 591 237 660 τῆς
283 590 564 655 ἀπωλείας
594 591 704 649 τῶν
736 593 950 648 ἀσεϐῶν
983 612 1170 668 φησιν,
1204 590 1240 668 ἢ
1285 598 1619 670 συναχθῆναι
1651 601 1733 664 είς

123 684 237 755 τὴν
278 685 608 757 ἐπουράνιον
656 686 752 741 τοῦ
799 688 937 743 Θεοῦ
973 688 1228 754 κιϐωτὸν,
1271 691 1366 745 καὶ
1398 691 1732 764 διασωθῆναι

121 778 261 842 τοὺς
285 776 408 832 τότε
433 778 901 852 εὑρεθησομένους
920 782 1016 836 τοῦ
1042 782 1179 836 Θεοῦ
1213 783 1556 856 ἀνθρώπους,
1588 786 1732 841 κατά

123 866 191 923 τὸ
222 871 581 944 παράδειγμα
607 871 671 926 τὸ
698 873 793 928 ἐπὶ
839 874 935 928 τοῦ
968 875 1094 929 Νῶε
1115 892 1129 906 ο
1163 872 1246 942 οἷς
1273 878 1366 931 καὶ
1405 877 1730 951 λεχθήσεται

122 961 276 1015 κατά
321 962 515 1035 καιρὸν
563 965 627 1018 τὸ
675 966 1015 1039 προφητικὸν
1063 966 1267 1024 ἐκεῖνο·
1310 968 1539 1037 Βάδιζε,
1576 972 1728 1039 λαός

114 1070 265 1123 μου,
299 1053 546 1110 εἴσελθε
578 1058 669 1122 είς
690 1057 759 1111 τὸ
779 1059 1023 1129 ταμεῖόν
1046 1072 1188 1127 σου,
1222 1061 1319 1116 καὶ
1341 1062 1412 1114 τά
1441 1052 1588 1134 ἑξῆς,
1613 1063 1726 1130 ἕως

118 1139 200 1200 οὗ
251 1144 548 1215 παρέλθοι·
585 1147 628 1215 ἢ
670 1149 818 1220 ὀργὴ
866 1153 1122 1220 Κυρίουο
1156 1151 1349 1225 ὥσπερ
1385 1154 1482 1207 καὶ
1510 1153 1604 1207 ἐπὶ
1631 1154 1726 1209 τοῦ

114 1235 253 1289 Λὼτ
279 1238 558 1310 ἐποίησεν,
593 1242 681 1295 ἵνα
723 1243 797 1314 μὴ
836 1238 886 1296 οἱ
930 1243 1129 1297 δίκαιοι
1175 1244 1583 1299 συναπόλωνται
1614 1246 1731 1310 τοῖς

114 1328 418 1384 ἀσεϐέσιν
451 1331 626 1397 οῦτως
658 1334 751 1387 καὶ⁸
800 1335 893 1388 ἐπὶ
922 1336 1024 1405 τῆς
1067 1336 1381 1401 συντελείας
1409 1335 1502 1391 τοῦ
1530 1337 1729 1404 αἰῶνος

112 1420 178 1473 οὐ
218 1420 492 1494 πρότερον
522 1423 660 1496 αῦτη
696 1420 869 1491 ἔσται,
900 1426 934 1497 ἢ
979 1426 1195 1491 πάντας
1242 1429 1370 1492 τοὺς
1398 1428 1492 1482 ἐπὶ
1518 1429 1623 1501 γῆς
1650 1429 1731 1484 δι-

111 1513 319 1579 καίους
359 1516 455 1570 καὶ
496 1517 772 1583 θεοσεϐεῖς
802 1519 1166 1591 ἀφορισθῆναι
1205 1520 1316 1575 τῶν
1350 1520 1587 1586 ἀσεϐῶν,
1633 1522 1728 1576 καὶ

110 1610 463 1683 συναχθῆναι
500 1614 582 1678 εἰς
629 1613 728 1686 τὴν
778 1616 1100 1688 ἐπουράνιον
1133 1616 1228 1671 τοῦ
1282 1618 1419 1672 Θεοῦ
1483 1618 1754 1674 κιϐωτόν·

1839 600 1971 656 illud
2002 617 2016 654 :
2052 600 2222 667 Vade,
2263 604 2454 674 popule
2472 623 2639 674 meus,
2669 612 2812 666 intra
2829 614 2883 668 in
2907 618 3212 675 Cubiculum
3245 630 3417 691 tuum,

1838 703 1895 750 et
1944 694 2183 765 reliqua;
2236 697 2401 752 donec
2436 708 2669 757 transeat
2726 705 3020 777 indignatio
3074 709 3404 769 Domini":

1836 802 1937 843 ceu
1990 787 2127 845 Loto
2180 791 2400 856 accidit,
2432 808 2501 849 ne
2553 796 2682 852 boni
2734 812 2856 854 cum
2914 800 3176 872 improbis
3229 816 3406 863 morte

1836 880 2179 937 irretlantur.
2221 882 2298 939 lta
2340 886 2528 942 saculi
2570 893 2972 949 consummatio
2996 910 3103 951 non
3136 907 3263 954 ante
3291 914 3420 955 eve-

1838 973 1969 1041 niet,
2002 989 2164 1045 quam
2190 975 2320 1047 justi
2349 987 2618 1050 quotquot
2643 980 2697 1036 in
2728 982 2861 1038 orbe
2889 994 3054 1039 erunt
3081 1000 3146 1043 ac
3176 987 3416 1060 religiosi

1838 1064 1904 1119 ab
1925 1065 2188 1136 improbis
2216 1069 2627 1139 discernantur,
2657 1081 2822 1143 atque
2850 1073 2905 1129 in
2930 1076 3140 1133 calein
3165 1077 3258 1136 Dei
3291 1095 3420 1136 arca

1836 1158 2253 1215 concludantur.
2274 1160 2430 1219 Tune
2455 1163 2601 1219 enim
2626 1167 2846 1224 nemine
2863 1168 2977 1239 jam
3002 1170 3145 1227 inter
3168 1172 3421 1232 homines

1831 1247 1980 1319 justo
2029 1253 2349 1322 superstite,
2405 1255 2500 1311 sed
2563 1256 2883 1330 irreligiosis
2938 1262 3192 1320 omnibus
3250 1274 3418 1337 atque

1836 1342 2084 1399 scelestis
2128 1348 2231 1402 sub
2265 1347 2590 1404 Antichristi
2635 1351 2833 1408 vexillo
2872 1354 3214 1424 degentibus,
3244 1366 3409 1429 atque

1836 1436 2112 1503 apostasia
2155 1444 2268 1490 toto
2307 1437 2441 1494 orbe
2488 1439 2706 1508 diﬂ‘usa,
2734 1442 2816 1498 ira
2850 1443 3069 1500 demum
3106 1446 3202 1504 Dei
3229 1447 3420 1518 plenos

1835 1524 2135 1582 sceleribus
2166 1528 2414 1587 homines
2441 1531 2681 1588 invadet.

1826 1618 1969 1676 οὕτω
2016 1623 2126 1695 γάρ
2186 1626 2383 1699 μηκέτι
2439 1628 2671 1700 μηδενὸς
2720 1631 2931 1687 δικαίου
2994 1635 3056 1690 ὲν
3112 1635 3422 1709 ἀνθρώποις

109 1703 539 1777 εὑρισκομένου,
575 1708 794 1763 πάντων
824 1706 882 1762 δὲ
907 1709 1084 1764 ἀθέων
1109 1710 1322 1765 ἀσεϐῶν
1352 1710 1462 1765 τῶν
1482 1704 1588 1767 ὑπὸ
1615 1712 1711 1767 τοῦ
1761 1714 2129 1788 Ἀντιχρίστου
2157 1720 2476 1789 γεγονότων,
2503 1721 2605 1793 τῆς
2645 1741 2705 1778 τε
2731 1725 3071 1794 ἀποστασίας
3109 1703 3230 1786 καθ;
3293 1703 3423 1806 ὅλης

108 1795 222 1867 τῆς
254 1797 586 1871 οἰκουμένης
631 1802 1006 1874 κρατησάσης,
1052 1805 1086 1876 ἡ
1125 1803 1220 1857 τοῦ
1251 1803 1387 1859 Θεοῦ
1412 1805 1552 1879 ὀργὴ
1592 1807 1721 1872 τοὺς
1758 1808 1976 1875 ἀσεϐεῖς
2018 1811 2422 1881 μετελεύσεται.

239 1889 350 1944 Ἐν
387 1890 592 1963 ἐκείνῃ
630 1893 725 1965 τῇ
744 1894 936 1965 ἡμέρᾳ
966 1895 1035 1963 ὃς
1067 1891 1145 1950 ἂν
1175 1895 1350 1952 ἔσται
1377 1897 1478 1951 ἐπὶ
1506 1897 1614 1954 τοῦ

657 1964 943 2034 δώματος,
977 1984 1032 2020 κ.
1069 1984 1121 2020 τ.
1154 1965 1205 2020 λ.

189 2052 463 2125 Σημαίνει
497 2055 556 2109 δὲ
602 2056 691 2111 διὰ
720 2056 925 2115 τούτων
970 2058 1062 2113 τὸν
1104 2059 1248 2113 κατὰ
1297 2059 1409 2114 τῶν
1452 2060 1723 2116 θεοσεϐῶν

112 2148 624 2220 ἐπενεχθησόμενον
643 2150 884 2222 διωγμὸν
904 2151 1010 2205 ὑπὸ
1032 2151 1128 2205 τοῦ
1150 2151 1267 2205 υἱοῦ
1291 2152 1393 2224 τῆς
1423 2153 1719 2219 ἀπωλείας.

120 2240 383 2314 Ἦμέραν
405 2242 463 2295 δὲ
490 2242 708 2314 ὲκείνην
738 2243 995 2315 ὀνομάζει
1025 2238 1118 2298 τὸν
1148 2244 1339 2317 χρόνον
1373 2244 1467 2298 τὸν
1495 2246 1601 2320 πρὸ
1622 2246 1724 2318 τῆς

114 2334 460 2398 συντελείας,
495 2337 554 2389 ὲν
584 2328 630 2404 ᾧ
655 2352 852 2407 φησιν·
895 2336 960 2390 '0
986 2337 1226 2407 φεύγων
1255 2334 1344 2407 μὴ
1375 2335 1725 2408 ἐπιστρεφέ-

112 2442 219 2491 rw,
270 2426 433 2498 μηδὲ
473 2424 741 2498 μιμητὴς
784 2427 1041 2498 γινέσθω
1082 2427 1197 2498 τῆς
1240 2431 1530 2500 γυναικὸς
1569 2429 1721 2498 Λὼτ,

113 2519 244 2589 ῆτις
276 2518 420 2590 μετὰ
448 2520 512 2573 τὺ
541 2522 733 2590 φυγεῖν
763 2521 859 2575 καὶ¹
883 2519 989 2586 ἔξω
1009 2520 1267 2590 γενέσθαι
1292 2523 1393 2595 τῆς
1414 2523 1723 2595 Σοδομιτῶν

115 2610 334 2683 χώρας,
367 2614 670 2684 στραφεῖσα
702 2613 784 2676 είς
808 2611 877 2666 τὰ
912 2612 1109 2678 ὀπίσω,
1142 2611 1524 2687 ἀπενεκρώθη,
1550 2615 1719 2687 στήλη

120 2704 253 2768 ἁλὸς
304 2705 595 2776 γενομένη.
659 2700 921 2775 Ἀφειδεῖν
974 2705 1084 2779 γὰρ
1132 2706 1256 2760 τότε
1308 2708 1578 2779 προσήκει
1622 2708 1722 2780 οὐχ

117 2796 483 2869 ὑπαρχόντων
515 2796 694 2868 μόνον,
717 2796 856 2851 ἀλλά
877 2798 970 2852 καὶ
1001 2799 1102 2870 τῆς
1136 2798 1346 2853 ἑαυτῶν
1374 2799 1519 2871 ζωῆς
1546 2817 1604 2854 τε
1626 2800 1723 2855 καὶ

114 2888 301 2961 ψυχῆς
340 2887 467 2951 τοὺς
510 2889 569 2941 ὲν
611 2881 767 2961 μέσῳ
793 2890 894 2961 τῆς
932 2890 1271 2955 ἀποστασίας
1301 2890 1721 2962 καταληφθησο-

120 2980 345 3051 μένους,
379 2981 610 3050 μήποτε,
644 2979 997 3053 βουληθέντες
1040 2984 1141 3053 τῆς
1183 2983 1394 3038 ἑαυτῶν
1433 2984 1721 3056 περιποιή-

117 3073 325 3131 σασθαι
356 3073 692 3145 προσκαίρου
724 3072 892 3153 ζωῆς,
926 3074 1022 3127 σὺν
1050 3072 1224 3148 ταύτῃ
1253 3075 1349 3128 καὶ
1375 3072 1476 3146 τὴν
1501 3073 1721 3128 αἰώνιον

115 3162 267 3234 ζωὴν
340 3162 685 3229 ἀπολέσειαν,
753 3164 820 3234 τῇ
873 3163 1182 3236 ἀποστασία
1240 3164 1470 3227 ἑαυτοὺς
1536 3180 1720 3236 παρα-

114 3255 327 3320 δόντες.

120 3347 321 3414 Ταύτῃ
339 3344 417 3414 τῇ
428 3345 603 3401 νυκτὶ
624 3345 867 3400 ἔσονται
883 3344 993 3399 δύο
1012 3344 1111 3399 ἐπὶ
1127 3344 1518 3415 κλίνηςμιᾶς,
1531 3363 1567 3401 κ
1600 3363 1651 3399 τ.
1665 3345 1715 3398 λ.

185 3436 409 3507 Σφόδρα
434 3436 493 3490 δὲ
521 3434 852 3507 θαυμαστῶς
888 3435 981 3490 τὸν
1022 3436 1123 3508 τῆς
1158 3435 1496 3500 ἀποστασίας
1528 3435 1720 3509 καιρὸν

111 3529 215 3583 καὶ
241 3529 347 3601 τὴν
394 3528 655 3600 στέρησιν
695 3526 791 3581 τοῦ
834 3526 1024 3601 νοεροῦ
1066 3527 1283 3598 λογικοῦ
1328 3526 1508 3599 φωτὸς
1546 3527 1722 3582 νύκτα

110 3626 405 3698 ὠνόμασεο
439 3624 635 3688 νυκτὸς
660 3624 770 3696 γὰρ
797 3625 893 3678 καὶ
921 3623 1146 3688 σκότους
1179 3624 1379 3695 χείρων
1405 3625 1441 3695 ἡ
1465 3621 1586 3676 τότε
1611 3622 1720 3677 τῶν

115 3716 431 3791 ἀνθρώπων
461 3716 615 3771 ἔσται
643 3715 978 3780 κατάστασις
1017 3714 1107 3769 διὰ
1135 3715 1235 3786 τὴν
1266 3715 1719 3786 ἐπικρατήσασαν

110 3809 302 3866 αὐτῶν
337 3807 522 3862 ἀνοιάν
547 3824 610 3860 τε
633 3808 729 3860 καὶ
771 3806 1000 3879 πλάνην.
1029 3806 1119 3859 Διό
1152 3821 1308 3878 φησι·
1340 3803 1505 3875 Λέγω
1539 3803 1716 3874 ὑμῖν*

111 3902 233 3954 Δύο
260 3900 515 3954 ἔσονται
543 3896 644 3952 ἐπὶ
671 3897 888 3966 κλίνης
911 3896 1011 3951 καὶ
1040 3895 1149 3951 δύο
1173 3896 1271 3950 ἐπὶ
1292 3893 1595 3966 μυλῶνος,
1629 3888 1719 3960 εἷς

109 3989 736 4062 παραλαμϐανόμενος
765 3988 848 4053 ὠς
878 3987 1195 4057 ἀλλότριος·
1231 3985 1344 4055 τῆς
1378 3984 1583 4056 ὀργῆς,
1614 3983 1716 4039 καὶ

108 4080 215 4151 εἷς’
237 4083 581 4153 ἀφιέμενος,
613 4080 770 4135 ὥστε
811 4078 890 4148 τῇ
933 4078 1082 4150 ὀργῇ
1118 4079 1716 4149 παραδοθησόμενος,

110 4182 146 4233 ό
187 4177 575 4245 θησαυρίσας
598 4171 792 4240 ἑαυτῷ
820 4171 1008 4244 ὀργὴν
1045 4173 1116 4226 ἐν
1151 4168 1342 4242 ἡμέρᾳ
1380 4170 1593 4243 ὀργῆς·
1647 4170 1715 4225 δι’

108 4262 190 4324 ὧν
222 4268 523 4338 παρίστησι
552 4265 645 4329 τὸν
675 4264 956 4337 χωρισμὸν
977 4262 1086 4318 τῶν
1113 4262 1284 4331 ἁγίων
1331 4264 1426 4316 καὶ
1450 4260 1716 4331 θεοφιλῶν

108 4359 311 4433 ψυχῶν
344 4358 438 4411 τὸν
466 4356 574 4411 ἀπὸ
595 4356 703 4409 τῶν
729 4354 965 4410 ἀσεϐῶν.
995 4353 1114 4408 Ἵνα
1148 4353 1258 4426 γὰρ
1290 4353 1364 4425 μὴ
1389 4351 1716 4424 ἀδιακρίτως

108 4450 422 4508 ἐπελθοῦσα
473 4451 508 4523 ὴ
563 4448 701 4522 ὀργὴ
738 4449 834 4503 καὶ
873 4447 983 4502 τῶν
1031 4442 1256 4501 δικαίων
1304 4445 1712 4518 παραλήψεται,

109 4542 410 4617 προλαϐὼν
445 4541 474 4594 ὁ
514 4540 649 4605 Θεὸς
682 4539 870 4612 ὥσπερ
909 4539 1001 4592 τὸν
1047 4537 1173 4592 Λὼτ
1213 4536 1558 4609 προεξήγαγε
1611 4536 1714 4605 τῆς

1963 1898 2007 1933 ³¹
2038 1898 2348 1976 Quicunque
2379 1905 2473 1961 illa
2500 1906 2590 1963 die
2616 1908 2778 1981 fuerit
2802 1912 2856 1967 in
2884 1924 3042 1983 tectu,
3062 1927 3171 1974 etc.

1904 2054 2019 2112 Hoc
2043 2057 2192 2115 dicto
2221 2060 2499 2132 signiﬁcat
2533 2069 2970 2136 persecutionem
3021 2088 3183 2144 quam
3230 2077 3424 2133 adver-

1835 2162 1930 2202 sus
1963 2147 2136 2207 bonos
2171 2154 2474 2211 concitabit
2522 2160 2845 2228 perditionis
2898 2163 3062 2221 filius.
3117 2166 3233 2223 Diei
3284 2184 3417 2227 vero

1832 2238 1977 2296 illius
2002 2243 2224 2299 nomine
2260 2247 2500 2315 appellat
2544 2258 2780 2321 tempus,
2822 2256 2967 2326 quod
2995 2262 3418 2317 consummatio-

1830 2345 1956 2385 nem
2006 2334 2258 2402 proxime
2290 2340 2595 2406 pracedet;
2630 2357 2739 2411 quo
2790 2354 3057 2414 tempore,
3110 2349 3206 2410 ait.
3250 2365 3412 2407 nemo

1832 2424 2112 2494 respiciat,
2141 2444 2321 2498 neque
2350 2431 2471 2486 Loti
2502 2449 2728 2489 uxorem
2762 2436 3028 2506 imitetur,
3051 2456 3174 2512 qua
3205 2442 3258 2497 in
3283 2441 3413 2515 fuga

1831 2527 2116 2589 postquam
2164 2520 2570 2582 Sodomitarum
2622 2527 2760 2583 lines
2795 2543 3127 2601 excesserat,
3166 2549 3290 2591 cum
3326 2552 3416 2593 re-

1830 2611 2045 2680 spicere
2099 2614 2380 2682 voluisset,
2413 2618 2467 2672 in
2510 2629 2741 2676 mortem
2789 2623 3003 2692 incidit,
3061 2633 3241 2683 statua
3280 2628 3414 2686 salis

1830 2702 2046 2760 cll‘ecta.
2099 2704 2363 2779 Prodigos
2395 2712 2542 2767 enim
2581 2722 2710 2770 tuttc
2738 2708 2860 2772 esse
2899 2727 3118 2788 oportet
3171 2735 3279 2776 nou
3331 2723 3413 2780 rei

1828 2792 2119 2853 familiaris
2154 2804 2555 2869 tantummodo,
2584 2820 2772 2862 verum
2808 2809 2969 2864 etiam
3001 2811 3126 2868 vita
3147 2827 3260 2868 sua
3294 2813 3413 2869 ani-

1830 2902 2041 2958 maque
2073 2889 2209 2964 (67),
2248 2907 2343 2948 eos
2372 2895 2464 2963 qui
2522 2895 2575 2950 in
2628 2899 2918 2967 apostasia
2955 2911 3170 2959 atatem
3220 2904 3412 2960 incur-

1830 2994 1985 3051 rent;
2015 2998 2082 3039 ne
2114 2984 2243 3039 dum
2294 2986 2534 3041 animam
2569 3004 2723 3045 suam
2771 3006 3101 3052 conservare
3134 3004 3413 3068 tempora-

1828 3073 1975 3144 lique
2007 3077 2130 3131 vita
2161 3092 2389 3148 parcere
2433 3081 2671 3145 student,
2699 3083 2840 3140 hanc
2871 3086 3035 3142 simul
3065 3097 3120 3143 et
3145 3100 3408 3144 aternam

1827 3167 1999 3221 vitam
2030 3170 2302 3237 amittant,
2335 3171 2462 3227 dum
2504 3188 2566 3230 se
2605 3177 2894 3245 apostasia
2951 3179 3127 3236 victos
3172 3183 3407 3253 permit-

1750 3271 1793 3328 α
1828 3266 1968 3313 ιυηι.

1988 3351 2033 3385 ³⁸
2063 3351 2166 3408 Illa
2196 3364 2345 3410 nocte
2370 3357 2474 3411 duo
2497 3369 2650 3413 erunt
2684 3360 2740 3415 in
2773 3360 2905 3417 lecto
2929 3381 3055 3427 uno,
3095 3374 3204 3422 etc:

1892 3440 2120 3499 lilrilice
2148 3446 2435 3503 admodum
2467 3453 2755 3519 apostasia
2792 3465 3002 3526 tempus
3031 3473 3095 3512 ac
3128 3460 3412 3522 rationalis

1821 3533 2108 3590 orbitatem
2156 3536 2377 3595 luminis
2417 3552 2634 3598 noctem
2689 3547 2999 3616 appellavit.
3042 3550 3214 3608 Nocte
3260 3557 3408 3613 enim

1823 3629 2176 3698 tenebrisque
2200 3631 2472 3688 deteriora
2503 3648 2666 3692 erunt
2695 3647 2822 3694 tunc
2861 3640 3145 3697 hominum
3184 3645 3405 3716 ingenia

1819 3730 2041 3790 propter
2065 3720 2291 3777 oﬂusam
2320 3725 2387 3781 iis
2413 3729 2706 3783 amentiam
2752 3740 2913 3801 atque
2932 3748 3196 3796 errorem.
3214 3737 3407 3806 'Quare

1819 3811 1896 3865 ait
1926 3822 1942 3866 :
1980 3811 2117 3868 Dico
2151 3816 2305 3871 vobis
2335 3831 2348 3868 :
2390 3818 2506 3874 Duo
2531 3830 2691 3876 erunt
2721 3823 2774 3876 in
2809 3823 2969 3891 lecto,
2999 3836 3053 3880 et
3086 3827 3193 3883 duo
3228 3829 3281 3884 in
3317 3831 3406 3901 pi-

1820 3899 2033 3970 strino;
2063 3920 2203 3961 unus
2243 3910 2625 3974 assumendus.
2654 3913 2780 3993 quia
2830 3913 2924 3969 ira
2957 3917 3285 3987 immerens;
3317 3899 3402 3977 al-

1821 4001 1905 4047 ter
1938 3995 2347 4066 relinquendus,
2381 4009 2568 4071 utpote
2606 4004 2790 4060 ultrici
2831 4004 2929 4061 ira
2973 4009 3280 4076 obnoxius,
3314 4014 3409 4085 qui

1820 4084 1923 4140 sibi
1953 4087 2204 4146 videlicet
2224 4091 2362 4147 iram
2392 4093 2784 4153 thesaurizavit
2810 4098 2862 4154 in
2895 4100 3037 4156 diem
3062 4101 3176 4160 ira.
3201 4084 3406 4172 Quam-

1819 4177 2008 4233 obrem
2046 4181 2192 4235 sistit
2229 4194 2544 4240 sanctarum
2586 4187 2806 4261 Deoque
2858 4192 3151 4249 chararum
3192 4198 3405 4253 anima-

1817 4283 1939 4324 rum
1984 4271 2054 4327 ab
2097 4272 2361 4346 improbis
2409 4279 2756 4337 divisionem.
2809 4284 3025 4342 Etenim
3084 4304 3154 4345 ne
3202 4300 3408 4348 temere

1817 4366 2210 4434 superveniens
2246 4368 2379 4424 ultio
2401 4371 2580 4442 justos
2616 4389 2835 4447 quoque
2865 4379 3115 4437 homines
3158 4384 3404 4454 corripe-

1818 4463 1925 4524 ret,
1950 4456 2101 4512 dedit
2135 4471 2349 4517 mature
2373 4478 2591 4534 operam
2624 4467 2767 4523 Deus
2797 4478 2856 4523 ut
2897 4469 3095 4527 Lotum
3133 4468 3403 4531 Sodomo-

1817 4559 1939 4598 rum
1962 4546 2130 4603 exitio
2159 4550 2506 4612 subduceret.
2571 4554 2835 4612 Similiter
2883 4560 3227 4632 impendente
3262 4578 3400 4622 con-

110 4638 370 4708 Σοδόμων
408 4632 812 4705 καταστροφῆς.
871 4631 975 4685 Τὸν
1021 4628 1185 4685 αὐτὸν
1222 4629 1423 4727 τρόπον
1460 4628 1555 4727 καὶ
1604 4627 1709 4727 πρὸ

1829 4641 2223 4706 summatione,
2252 4646 2566 4717 priusquam
2623 4650 2823 4722 impios
2868 4654 3001 4710 ultio
3048 4656 3303 4727 invadat,
3332 4675 3404 4716 ne

108 4731 212 4803 τῆς
238 4727 573 4791 συντελείας,
608 4726 736 4799 πρὶν
766 4723 1013 4779 ἐπελθεῖν
1040 4722 1138 4795 τὴν
1173 4720 1317 4775 κατά
1345 4720 1453 4774 τῶν
1494 4720 1707 4775 ἀσεϐῶν

109 4824 309 4895 ὀργὴν,
327 4822 418 4876 ἵνα
442 4820 517 4892 μὴ
540 4819 637 4873 σὺν
662 4817 740 4890 τῷ
763 4819 953 4890 κόσμῳ
977 4815 1384 4889 κατακριθῶσιν
1410 4815 1461 4867 οἱ
1482 4815 1704 4881 δίκαιοι,

109 4914 396 4987 χωρισμὸς
422 4915 573 4967 ἔσται
600 4911 708 4966 τῶν
732 4910 997 4982 θεοφιλῶν
1021 4909 1228 4981 ψυχῶν,
1258 4907 1505 4979 ἀγγέλων
1534 4907 1707 4972 αὐτάς

107 5005 653 5080 διαχωριζόντωνμαὶ
669 5001 1158 5076 παραληψομένων
1180 4999 1321 5054 ὥστε
1346 5002 1403 5054 ὲν
1424 5001 1521 5072 μιᾷ
1541 5016 1708 5072 στρω·

112 5102 221 5172 μνῇ
248 5099 399 5152 δυοῖν
439 5096 851 5167 κατακειμένων
887 5095 983 5149 ἕνα
1030 5092 1129 5166 μὲν
1159 5090 1249 5147 τὸν
1282 5091 1376 5146 τοῦ
1394 5090 1531 5145 Θεοῦ
1556 5092 1705 5157 ἀξιον

110 5189 663 5263 παραλαμϐάνεσθαι,
700 5188 791 5242 τὸν
816 5188 875 5241 δὲ
910 5187 1099 5258 ἕτερον
1148 5183 1597 5250 καταλείπεσθαι,
1625 5184 1702 5248 ὡς

111 5285 260 5350 ἀξιον
304 5284 405 5355 τῆς
438 5282 559 5335 τότε
593 5280 1047 5353 καταληψομένης
1092 5280 1218 5344 τοὺς
1246 5278 1464 5341 ἀσεϐεῖς
1506 5276 1699 5349 ὀργῆς.

1817 4748 1940 4787 cum
1973 4735 2175 4790 mundo
2205 4736 2338 4806 justi
2368 4740 2719 4810 damnentur,
2747 4743 3040 4802 discrimen
3068 4746 3160 4804 [let
3185 4751 3397 4807 anima-

1814 4837 1934 4876 rum
1973 4823 2079 4880 Deo
2102 4826 2416 4895 chararum,
2456 4833 2666 4903 angelis
2694 4849 2788 4889 eas
2833 4834 3200 4895 dividentibus
3226 4850 3391 4912 atque

1813 4919 2216 4977 assumentibus
2245 4937 2260 4975 :
2300 4923 2375 4978 ita
2406 4934 2465 4980 ut
2496 4941 2527 4980 e
2557 4925 2768 4983 duobus
2810 4928 2863 4982 in
2905 4934 3095 4987 eodem
3128 4933 3269 4990 lecto
3305 4936 3396 5006 ja-

1813 5012 2084 5082 centibus,
2111 5031 2251 5071 unus
2278 5018 2471 5089 dignus
2504 5030 2836 5089 assumatur,
2869 5024 3011 5080 alter
3039 5026 3389 5100 derelinqua-

1817 5113 2148 5176 tur,utpote
2194 5109 2416 5167 ultionis
2462 5129 2584 5183 qua
2632 5126 2760 5172 tunc
2804 5119 2871 5174 de
2920 5118 3103 5190 impiis
3151 5131 3399 5176 sumetur

1813 5202 2050 5253 mer’ens.
2082 5198 2341 5272 Idemque
2366 5206 2577 5261 accidet
2604 5208 2813 5265 duabus
2839 5225 3059 5282 quoque
3082 5211 3134 5266 in
3157 5212 3393 5283 pistrino

1810 5291 2283 5349 commolentibus.
2317 5296 2582 5355 Molentes
2623 5311 2803 5357 autem
2848 5304 2978 5356 dicit
3029 5304 3296 5372 feminas,
3335 5316 3394 5361 ut

111 5378 220 5430 Καὶ
243 5377 339 5429 ἐπὶ
359 5375 468 5428 τῶν
493 5375 583 5444 ὑφ’
608 5373 690 5427 ὲνὶ
714 5373 916 5444 μυλῶνι
942 5371 1277 5444 ἀληθουσῶν,
1293 5371 1337 5463 *ὁ
1361 5370 1523 5434 αὐτὸς
1544 5370 1702 5463 λόγος

1829 5382 2075 5451 .iguilicet
2101 5386 2243 5453 vilis,
2264 5391 2627 5459 pauperrima
2646 5405 2737 5463 atq
2748 5408 2813 5447 ue
2841 5394 3041 5451 infima
3060 5370 3392 5454 conditionis

113 5464 287 5523 ἔσται.
339 5465 675 5539 ’Λληθούσας
719 5465 778 5518 δὲ
822 5465 1071 5537 ὠνόμασε
1115 5463 1215 5528 τάς
1256 5461 1347 5517 τὸν
1381 5462 1573 5536 εὐτελῆ
1606 5465 1701 5517 καὶ⁸

1829 5468 2077 5526 tomines.
2103 5470 2359 5531 Jacentes
2382 5488 2566 5534 autem
2595 5479 2648 5534 in
2677 5461 2834 5538 lectis
2867 5482 3025 5550 dicit,
3057 5500 3159 5555 pro
3189 5485 3391 5543 libera-

188 5652 235 5685 ³⁸
266 5652 373 5707 lsa.
402 5666 558 5717 xm,
581 5647 675 5708 20.
752 5650 795 5681 ³¹
826 5649 961 5706 Luc.
992 5665 1129 5717 xvii,
1167 5632 1258 5705 3|.
1337 5649 1383 5681 “
1427 5648 1563 5707 Luc.
1588 5664 1725 5719 xvn,
1747 5652 1839 5708 '54.

190 5788 441 5879 (θηρίῳ
474 5805 639 5879 θεοειι
688 5791 887 5879 citima
932 5807 1152 5879 queque
1193 5793 1609 5866 suaurodigus
1658 5794 1858 5867 aliquis
1918 5813 2042 5859 esse
2079 5804 2275 5874 possit,
2331 5805 2532 5866 videsis
2571 5808 2712 5879 apud
2746 5807 3037 5865 Eusebium
3086 5807 3138 5864 in
3186 5810 3389 5867 nostris

122 5854 469 5933 ΐΙιὶορΙιᾶηὲω
493 5859 836 5932 fragmentis,
868 5854 971 5919 col'.
1010 5854 1136 5918 671.

429 5956 710 6019 Parma.
757 5956 876 6023 Gtt.
922 5957 1152 6021 XXIV.

2995 5963 3070 6025 19
