3858 6214
443 370 555 436 BS7

1115 365 1381 422 EUSEBII
1419 365 1888 423 CAESARIENSIS
1923 365 2077 424 OPP.
2117 365 2297 423 PARS
2334 365 2424 422 Ill.
2452 364 2535 408 '—-'-
2572 363 2991 425 EXEGETICA.

3601 370 3705 427 588

450 492 520 548 iis
571 501 625 547 et
669 490 825 544 lauta!
873 485 994 543 vita!
1051 487 1397 543 mortalibus.
1456 485 1607 543 Hanc
1648 488 1817 558 ipsam
1874 489 2024 543 locu-

2141 488 2381 560 πενιχρὸν
2407 488 2499 542 καὶ
2524 487 2752 559 ἔσχατον
2781 489 2840 541 ἐν
2864 486 3173 559 ἀνθρώποις
3193 488 3545 555 διαντλούσας
3572 492 3701 563 βίον·

451 581 655 638 tionem
684 580 848 634 habet
879 577 1080 647 Moysis
1108 575 1413 646 Scriptura,
1443 576 1535 632 ubi
1564 577 1765 632 dicitur
1794 590 2022 648 perven-

448 683 573 728 tura
619 669 858 725 vindicta
902 667 1281 723 aanaraonis
1323 668 1687 741 primogenita
1736 684 1909 738 usque
1954 669 2021 723 ad

449 762 739 818 molentem
772 759 1275 829 pinsentemque-in
1309 759 1562 830 pistrino.
1605 759 1843 816 Extremi
1875 760 2021 816 enim

449 853 699 909 humanae
727 850 1057 906 conditionis
1089 850 1327 918 termini,
1354 853 1644 920 opulentus
1667 852 1943 917 videlicet,
1969 861 2024 908 et

448 944 671 1002 humilis
699 953 860 1012 atque
885 940 1156 1011 abjectus,
1192 942 1277 998 bis
1306 943 1488 999 verbis
1530 944 1893 1015 attinguntur.
1931 946 2025 1000 Sic

449 1053 594 1094 nunc
646 1049 859 1107 quoque
915 1034 1048 1089 duos
1087 1034 1144 1089 in
1188 1034 1331 1091 lecto
1381 1050 1493 1091 uno
1517 1037 1839 1091 memoravit
1874 1035 2026 1091 Scri-

448 1141 607 1202 ptura
628 1170 645 1195 ,
676 1136 732 1184 ut
764 1126 1007 1183 liberalis
1037 1127 1161 1181 vitae
1181 1126 1430 1183 homines
1452 1128 1716 1184 innueret
1743 1145 1759 1195 ;
1795 1145 2025 1199 quorum

449 1236 591 1276 unus
636 1226 979 1282 assumetnr,
1026 1217 1117 1287 qui
1142 1218 1259 1283 .Dei
1310 1219 1583 1275 electione
1622 1220 1854 1291 dignus;
1889 1220 2027 1275 alter

450 1311 807 1381 relinquetur,
831 1311 923 1379 qui
956 1323 1131 1381 posnaa
1164 1317 1248 1365 est
1274 1309 1471 1367 amnis.
1515 1309 1785 1367 Similiter
1819 1311 2023 1366 molen-

451 1409 534 1454 tes
561 1400 681 1455 duae
730 1399 1112 1466 intelliguntur
1138 1413 1260 1468 quae
1285 1399 1431 1453 inter
1462 1400 1712 1457 homines
1735 1401 2023 1457 obscuram

449 1500 506 1545 et
560 1504 851 1560 pauperem
903 1491 1069 1544 vitam
1124 1491 1334 1557 agitant
1382 1506 1667 1561 :quarum
1718 1493 1850 1548 item
1905 1508 2026 1564 quae

446 1580 592 1651 iusta
618 1590 725 1649 est,
753 1578 1079 1648 asiumetur,
1108 1580 1280 1637 altera
1308 1581 1663 1652 relinquetur.

450 1844 499 1883 ⁵³
522 1848 718 1904 Dicunt
751 1848 799 1902 ei
814 1864 834 1902 :
856 1847 1108 1918 Ubinam,
1138 1846 1398 1902 Domine?
1416 1847 1528 1918 Qui
1558 1847 1825 1918 respondit
1849 1864 1869 1904 :
1889 1847 1991 1905 Ubi
2048 1826 2101 1889 Β

442 1952 450 1960 ι
545 1920 704 1991 fuerit
737 1934 955 1991 corpus,
993 1917 1124 1971 illuc
1144 1917 1598 1989 congregabantur
1627 1930 1676 1973 et
1700 1919 1916 1989 aquilis.

523 2010 934 2068 Sciscitantibus
978 2009 1254 2079 discipulis
1293 2025 1310 2064 :
1349 2006 1595 2075 Ubinam,
1627 2008 1891 2064 Domine?
1928 2025 2027 2067 vo-

450 2106 798 2174 lentibusque
820 2117 1148 2174 cognoscere
1173 2141 1191 2168 ,
1226 2103 1445 2159 ubinam
1483 2102 1622 2158 alter
1666 2116 1735 2157 ex
1772 2103 1878 2159 illis
1910 2118 2017 2159 non

454 2195 752 2265 assumptis
785 2194 1156 2263 relinquetur:
1194 2190 1336 2259 Ubi,
1365 2193 1571 2262 inquit,
1606 2192 1770 2262 fuerit
1812 2210 2023 2263 corpus,

452 2286 540 2342 vel
578 2286 833 2350 cadaver,
864 2293 924 2339 ut
958 2285 1035 2339 ait
1062 2282 1378 2352 Mattheus,
1400 2282 1531 2338 illuc
1552 2287 2030 2355 =congregabuntur

454 2390 505 2436 et
533 2378 727 2451 aquin
749 2378 796 2410 “
828 2392 847 2433 :
893 2391 962 2433 ex
997 2376 1190 2432 avibus
1239 2376 1427 2431 nescio
1457 2375 1656 2445 quibus
1699 2377 2026 2433 cadaverum

454 2471 746 2528 voracibus
791 2467 1271 2541 principes,\hujus
1320 2466 1505 2524 saeculi
1551 2466 1714 2523 ducta
1749 2481 2029 2540 compara-

455 2567 606 2623 tione
635 2563 950 2637 signiilcans
969 2602 985 2629 ,
1014 2562 1108 2633 qui
1139 2569 1360 2617 sanctos
1391 2560 1486 2616 Dei
1535 2570 1662 2616 tunc
1693 2575 2031 2632 persequen-

457 2671 591 2717 tur:
629 2662 825 2731 quibus
875 2672 984 2714 uno
1042 2658 1097 2713 in
1157 2656 1279 2712 loco
1329 2657 1555 2723 coactis,
1605 2656 1799 2712 eodem
1828 2656 2031 2726 pariter

456 2750 811 2822 eompelletur
836 2750 929 2804 ille
954 2750 1046 2819 qui
1079 2747 1333 2818 indignus
1360 2746 1572 2802 delectu
1593 2754 1699 2801 est.
1726 2746 1824 2802 Est
1849 2755 2030 2802 autem

452 2847 750 2919 iacentium
803 2845 856 2898 in
905 2843 1082 2907 lecto,
1131 2841 1308 2907 alter;
1349 2841 1438 2896 vel
1474 2840 1789 2896 uiolentiam
1814 2879 1832 2906 ,
1874 2854 1976 2894 una
2014 2858 2027 2893 :

457 2938 549 3009 qui
605 2936 769 2991 etiam
815 2934 1099 2988 tradentur
1146 2927 1496 2998 congregatis
1546 2927 1836 2982 adversum
1887 2926 2032 2995 ipsos

448 3006 675 3099 aquilis.
699 3025 925 3096 Aquilas
949 3036 1101 3089 vero,
1137 3020 1637 3091 Hierosolymorum
1682 3033 1900 3090 quoque
1931 3020 2033 3074 ob-

456 3132 705 3176 sessores
728 3114 1075 3186 pmpbeticus
1118 3126 1300 3167 sermo
1346 3109 1673 3181 appellavit;
1712 3109 1878 3165 veluti
1908 3125 2030 3165 cum

457 3207 1052 3265 Nabuchodonosorum
1115 3201 1249 3256 dicit
1302 3201 1558 3269 grandem
1616 3210 1665 3254 et
1718 3216 2030 3270 magnarum

459 3302 669 3356 alarum
691 3296 923 3365 aquilam
946 3294 1014 3348 ³⁸.
1060 3292 1174 3348 Nisi
1228 3291 1369 3347 forte
1417 3291 1525 3345 alio
1578 3306 1739 3347 sensu
1792 3291 2036 3346 vindices

447 3382 794 3459 iultricesque
844 3392 1170 3457 potestates,
1206 3396 1328 3454 quae
1380 3382 1578 3452 impios
1627 3380 1903 3448 invadent,
1952 3380 2039 3436 bis

448 3458 640 3567 ;verbis
664 3458 990 3535 denotamur
1012 3493 1033 3533 ς
1066 3469 1263 3553 quibus
1300 3488 1366 3528 ne
1400 3466 1544 3528 [crte
1585 3473 1893 3537 tradantur,
1922 3486 2039 3526 mo-

447 3562 554 3644 :net
579 3569 772 3627 deinde
798 3566 1056 3624 Servator
1087 3575 1147 3619 ut
1173 3562 1445 3641 precibus
1465 3577 1686 3633 operam
1715 3562 1929 3619 demus.

550 3756 596 3789 ⁸⁸
623 3754 799 3810 Judex
827 3751 1040 3825 quidam
1072 3755 1219 3812 erat,
1249 3745 1342 3817 qui
1368 3744 1537 3799 Deum
1565 3760 1669 3798 non
1709 3744 1945 3799 timebat.

532 3846 696 3902 Addit
726 3844 891 3900 etiam
922 3839 1230 3911 parabolam
1261 3836 1533 3907 dejudice
1570 3837 1892 3906 iniquitatis,
1931 3852 2039 3909 quo

448 3912 751 3995 'conlirmet
777 3936 1045 3991 orandum
1092 3947 1309 4002 semper
1360 3931 1616 4000 nullaque
1657 3932 1872 4001 ignavia
1920 3946 2039 3987 ces-

463 4030 715 4086 sandum.
747 4025 902 4095 Quod
946 4034 1124 4078 autem
1164 4024 1241 4078 ait
1271 4023 1312 4054 ³⁷
1345 4041 1359 4076 :
1387 4021 1522 4076 Num
1569 4021 1737 4077 Filius
1784 4023 2037 4091 hominis,

461 4137 589 4180 cum
642 4119 876 4183 venerit,
940 4116 1099 4171 [idem
1145 4115 1198 4170 in
1248 4118 1385 4172 orbe
1435 4113 1723 4170 inveniet?
1770 4114 2038 4169 defectum

464 4213 595 4271 ﬁdei
635 4213 877 4266 futurum
909 4209 1170 4273 ostendit,
1199 4208 1272 4262 ita
1307 4217 1367 4262 ut
1395 4222 1556 4262 nemo
1582 4206 1754 4261 ﬁdelis
1784 4205 2038 4276 supersit,

464 4313 563 4358 aut
611 4302 702 4357 vix
749 4315 909 4355 rarus
956 4298 1176 4370 aliquis,
1233 4300 1381 4353 circa
1434 4299 1685 4353 secundae
1719 4297 1835 4366 ejus
1866 4298 2043 4350 mani-

463 4392 773 4450 festationis
816 4400 1055 4446 aetatem.
1100 4390 1158 4444 ld
1210 4404 1375 4459 porro
1429 4389 1721 4459 apostati‘ci
1780 4387 2041 4457 temporis

2122 577 2214 629 ἐπὶ
2252 576 2440 647 κλίνης
2463 577 2662 639 δὲτοὺς
2690 575 2782 629 τὸν
2820 576 3103 648 ἐλεύθερον
3129 579 3223 631 καὶ
3240 579 3436 634 άνετον
3455 579 3570 651 βίον
3592 599 3709 651 μετ-

2122 668 2468 739 ερχομένους.
2498 667 2667 720 Τοῦτο
2686 667 2742 720 δὲ
2767 671 3108 739 παραστήσει
3129 671 3162 740 ἡ
3182 670 3461 734 Μωῦσέως
3523 674 3708 745 γραφὴ

2123 758 2181 811 ἐν
2210 754 2244 833 ᾖ
2279 776 2441 830 φησιν
2470 761 2501 812 6
2525 758 2685 827 λόγος
2720 758 2870 829 ἥξειν
2910 760 3009 831 τὴν
3033 760 3202 832 ὀργὴν
3230 761 3339 814 ἀπὸ
3362 765 3713 833 πρωτοτόκου

2123 852 2343 924 Φαραὼ,
2395 854 2490 907 καὶ⁵
2520 852 2626 916 ἕως
2659 853 2756 923 τῆς
2790 852 3113 924 αάληθούσης
3159 854 3256 907 καὶ
3300 855 3611 925 πεσσούσης
3649 859 3714 910 ἐν

2123 944 2202 1014 τῷ
2238 944 2458 1015 μυλῶνι.
2494 944 2576 996 Τὰ
2604 942 2713 1015 γὰρ
2739 943 2884 1015 ἄκρα
2911 944 3019 997 τῶν
3050 944 3170 997 κατ’
3188 944 3530 1017 ἀνθρώπους
3557 946 3711 1016 βίων,

2124 1034 2218 1088 τοῦ
2260 1052 2321 1088 τε
2366 1034 2576 1099 ἐνδόξου
2621 1036 2714 1089 τοῦ
2755 1035 3172 1109 ἀπερῤιμμένου
3208 1037 3303 1089 καὶ
3341 1038 3595 1107 ἐσχάτου,
3622 1038 3717 1093 διὰ

2125 1127 2331 1181 τούτων
2373 1129 2401 1180 6
2431 1126 2587 1196 λόγος
2615 1130 2956 1199 παρέστησεν
2980 1143 2993 1156 ·
3026 1125 3202 1191 οὕτως
3228 1124 3321 1182 οὖν
3351 1130 3447 1181 καὶ
3474 1130 3714 1184 ’ἐνταῦθα

2125 1219 2220 1273 δύο
2262 1218 2354 1271 ἐπὶ
2398 1218 2584 1290 κλίνης
2628 1220 2756 1289 μιᾶς
2801 1219 3086 1289 εἰσήγαγε,
3126 1219 3252 1282 τοὺς
3291 1219 3390 1289 τὴν
3423 1218 3717 1291 ἐλευθέραν

2128 1309 2274 1383 ζωὴν
2309 1309 2592 1381 μετιόντας
2624 1309 2970 1380 αἰνιξάμενος
2988 1325 3003 1339 ’
3039 1311 3068 1361 6
3097 1304 3177 1373 εἷς
3202 1310 3717 1382 παραληφθήσεται,

2127 1404 2156 1455 6
2182 1402 2330 1468 ἄξιος
2350 1401 2455 1471 τῆς
2480 1400 2590 1454 ἀπὸ
2610 1400 2706 1454 ⁴ιτοῦ
2750 1400 2885 1454 Θεοῦ
2916 1400 3175 1469 ἐκλογῆς’
3205 1403 3233 1453 6
3255 1401 3312 1454 δέ
3348 1401 3539 1473 ἕτερος
3582 1404 3723 1473 ἀφε-

2128 1494 2371 1564 θήσεται,
2400 1492 2643 1564 δηλονότι
2679 1495 2708 1545 6
2738 1494 2839 1563 τῆς
2867 1491 3035 1562 ὀργῆς
3057 1494 3256 1556 οἰκεῖος
3276 1509 3289 1522 ’
3320 1492 3587 1558 ὡσαύτως
3624 1494 3722 1547 δύο

2127 1585 2425 1657 ἀλήθουσαι
2461 1579 2569 1637 εἷεν
2602 1582 2667 1637 ἂν
2711 1585 2767 1636 αἱ
2812 1584 2872 1637 ὲν
2900 1581 3208 1655 ἀνθρώποις
3248 1583 3341 1636 τὸν
3381 1584 3576 1656 ἄτιμον
3622 1586 3723 1640 καὶ

2129 1676 2384 1746 πενιχρὸν
2412 1675 2523 1747 βίον
2552 1672 2834 1746 μετιοῦσαι
2851 1690 2865 1705 ·
2894 1667 2971 1729 ὧν
2991 1674 3153 1728 πάλιν
3179 1677 3211 1747 ή
3239 1675 3505 1747 κρείττων
3534 1694 3720 1749 παρα-

2128 1768 2487 1839 ληφθήσεται,
2516 1768 2549 1838 ή
2577 1766 2633 1819 δὲ
2659 1765 2822 1837 ἑτέρα
2847 1765 3204 1837 ἀφεθήσεται.

2128 1856 2639 1934 ιχέγουσινιαύῖῷο
2676 1855 2823 1934 ῌοῇ,
2858 1856 3089 1934 [mpii-2;.
3109 1857 3173 1909 Ὀ
3205 1856 3273 1910 δὲ
3296 1853 3467 1934 εἶπεν
3488 1858 3721 1934 αυτοῖς-ο

2164 1928 2356 1980 Ὅπου
2379 1926 2445 1979 τὸ
2466 1925 2657 1996 σῶμα,
2671 1926 2795 1980 ἐκεῖ
2813 1925 3309 1995 συναχθήσονται
3326 1929 3423 1982 καὶ
3444 1932 3500 1981 οἱ
3515 1928 3700 1982 ἀετοί.

2209 2017 2630 2089 Ἐρωτησάντων
2674 2017 2784 2070 τῶν
2834 2016 3122 2087 μαθητῶν·
3154 2019 3369 2086 Κύριε,
3424 2019 3580 2082 xci};
3630 2019 3726 2072 καὶ

2129 2108 2496 2180 βουληθέντων
2539 2108 2733 2179 μαθεῖν
2779 2107 2886 2161 ποῦ
2935 2108 3432 2182 καταλειφθήσεται
3462 2113 3492 2164 6
3533 2111 3730 2181 ἕτερος

2127 2198 2233 2252 τῶν
2267 2199 2388 2270 (μὴ)
2428 2197 2924 2269 παραληφθέντων·
2978 2198 3192 2263 ’⁸οπου,
3225 2200 3381 2270 φησὶ,
3419 2199 3489 2252 τὸ
3527 2199 3722 2268 σιῖψα,

2127 2291 2162 2362 ἢ
2199 2289 2265 2344 τὸ
2309 2288 2518 2359 πτῶμα
2550 2290 2708 2343 -κατά
2738 2288 3039 2356 Ματθαῖον,
3062 2290 3192 2344 ἐκεῖ
3220 2290 3727 2359 συναχθήσονται

2128 2383 2229 2437 καὶ
2259 2385 2313 2436 οἱ
2343 2383 2505 2436 ἀετοί
2519 2399 2531 2412 ’
2557 2381 2747 2455 ὥσπερ
2767 2382 2991 2447 οἰωνούς
3013 2399 3166 2447 τινας
3188 2382 3575 2459 νεκροϐόρους,
3596 2384 3727 2446 τοὺς

2128 2475 2394 2548 ἄρχοντας
2429 2475 2526 2529 τοῦ
2559 2474 2753 2539 αἰῶνος
2781 2475 2975 2529 τούτου
3015 2473 3385 2546 αἰνιξάμενος,
3426 2476 3556 2539 τοὺς
3602 2476 3727 2529 τότε

2128 2565 2417 2630 διώκοντας
2448 2566 2576 2630 τοὺς
2601 2567 2790 2636 ἁγίους
2812 2566 2906 2621 τοῦ
2921 2560 3055 2621 Θεοῦ
3076 2585 3090 2599 ·
3112 2564 3188 2623 ὧν
3211 2568 3307 2620 ἐπὶ
3335 2568 3397 2620 τὸ
3425 2568 3562 2621 αὐτὸ
3595 2585 3722 2620 συνο

2130 2657 2405 2729 ἀχθέντων
2426 2698 2443 2724 ,
2517 2659 2636 2711 ἐκεῖ
2685 2658 2780 2711 καὶ
2834 2661 2964 2730 παρ’
3015 2660 3199 2722 αὐτοῖς
3247 2657 3650 2729 συναχθήσεται
3694 2659 3729 2713 6

2130 2748 2349 2813 ἀνάξιος
2379 2748 2478 2820 τῆς
2503 2747 2890 2820 παραλήψεως.
2927 2744 3037 2802 Ἦν
3065 2749 3112 2802 δ’
3141 2744 3298 2813 οὗτος
3338 2748 3447 2802 τῶν
3484 2744 3580 2803 ἐπὶ
3614 2749 3727 2803 ad}-

2130 2858 2229 2912 νης
2254 2840 2620 2894 καθευδόντων
2652 2841 2681 2893 6
2708 2840 2922 2911 ἕτερος·
3034 2838 3141 2894 τῶν
3171 2840 3489 2911 ἀληθουσῶν
3515 2844 3550 2914 ἡ
3586 2842 3726 2913 μίαο

2131 2932 2181 2986 οἳ
2210 2934 2305 2987 καὶ
2334 2931 2805 3004 παραδοθήσονται
2829 2932 2944 2995 τοῖς
2966 2929 3379 3001 ἐπισυναχθήσι
3400 2933 3524 2986 κατ’
3545 2928 3728 2986 αὐτῶν

2133 3025 2333 3088 ἀετοῖς.
2377 3024 2595 3086 Ἀετοὺς
2622 3023 2679 3075 δὲ
2705 3022 2801 3075 καὶ
2823 3022 2950 3086 τοὺς
2979 3023 3081 3094 τῆς
3120 3024 3480 3096 Ἰερουσαλὴμ
3507 3026 3728 3095 πολιορο

2135 3115 2307 3187 κητάς
2333 3118 2362 3170 6
2387 3115 2724 3188 προφητικός
2748 3115 2908 3183 λόγος
2930 3115 3211 3187 ὠνόμασεν
3226 3134 3239 3146 ’
3260 3116 3341 3180 ’ὼς
3358 3117 3448 3170 ὅτε
3473 3119 3607 3187 περὶ
3632 3114 3729 3169 τοῦ

2135 3194 2606 3279 Ναϐουχοδονόσορ
2660 3206 2829 3276 λέγει’
2877 3209 2940 3262 '0
2978 3207 3153 3273 ἀετὸς
3196 3211 3229 3262 ὀ
3257 3208 3447 3277 μέγας
3482 3212 3517 3263 ό
3540 3227 3729 3280 μεγα-

2135 3296 2536 3366 λοπτέρυγοςο
2571 3296 2647 3367 μή
2693 3298 2811 3349 ποτ’
2840 3292 2933 3351 οὖν
2976 3296 3099 3350 καθ’
3143 3297 3342 3368 ἑτέραν
3387 3297 3636 3352 διάνοιαν
3668 3299 3733 3354 αἱ

2136 3384 2505 3456 τιμωρητικαὶ
2542 3384 2637 3437 καὶ⁵
2666 3384 2985 3439 κολαστικαὶ
3014 3385 3295 3456 δυνάμεις,
3325 3387 3383 3439 αἱ
3429 3389 3556 3452 τοὺς
3598 3390 3729 3442 ἀσε-

2137 3473 2253 3536 ϐεῖς
2306 3473 2782 3544 μετελευσόμεναι,
2830 3474 2919 3529 διὰ
2966 3474 3076 3528 τῶν
3130 3475 3364 3530 ἐνταῦθα
3414 3475 3733 3549 λεγομένων

2137 3566 2312 3620 ἀετῶν
2344 3565 2693 3638 ἐδηλώθησαν
2711 3580 2725 3597 ⁸
2758 3554 2844 3631 αἷς
2877 3567 2964 3621 ἵνα
2984 3568 3066 3639 μὴ
3099 3558 3520 3640 παραῶθῶμεν,
3550 3569 3680 3640 ἑξῆς
3704 3572 3734 3623 6

2138 3659 2329 3731 Σωτὴρ
2359 3661 2614 3730 παραινεῖ
2637 3659 2821 3730 εὐχαῖς
2854 3660 3168 3730 σχολάζειν.

2279 3751 2493 3820 Κριτής
2526 3768 2617 3817 τις
2646 3746 2726 3821 ἦν
2755 3752 2862 3805 τὸν
2893 3751 3042 3806 Θεὸν
3066 3751 3155 3821 μὴ
3186 3752 3585 3821 φοϐούμενος.

2222 3842 2610 3897 Ἐπισυνάπτει
2648 3841 2778 3911 γοῦν
2822 3843 2919 3897 καὶ
2966 3842 3282 3915 παραϐολὴν
3315 3843 3416 3914 τὴν
3459 3844 3595 3914 περὶ
3635 3843 3734 3897 τοῦ

2139 3935 2327 4009 κριτοῦ
2348 3920 2450 4007 τῆς
2463 3935 2695 4002 ἀδικίας,
2716 3936 2850 4007 πρὸς
2871 3935 2932 3989 τὸ
2946 3935 3059 3989 δεῖν
3079 3936 3308 3989 πάντοτε
3329 3934 3738 4006 προσεύχεσθαι

2139 4028 2235 4081 καὶ
2263 4028 2337 4098 μὴ
2386 4029 2664 4080 ἐκκακεῖν.
2711 4026 2784 4078 Τὸ
2831 4026 2888 4078 δὲ
2920 4028 3116 4080 εἰπεῖν·
3145 4022 3292 4098 τΑρα
3330 4023 3503 4080 ἐλθὼν
3534 4024 3564 4075 ὁ
3603 4023 3736 4086 Υἱὸς

2139 4117 2234 4171 τοῦ
2261 4116 2549 4189 ἀνθρώπου
2578 4117 2800 4188 εὑρήσει
2826 4116 2925 4189 τὴν
2951 4117 3135 4172 πίστιν
3157 4116 3251 4171 ἐπὶ
3271 4117 3369 4187 τῆς
3393 4115 3532 4188 γῆς;
3559 4115 3739 4169 ἐκλει-

2139 4209 2231 4280 ψιν
2259 4209 2409 4281 δηλοῖ
2439 4209 2537 4280 τῆς
2569 4208 2826 4273 πίστεως,
2848 4207 2924 4272 ὡς
2955 4208 3160 4280 μηδένα
3198 4207 3390 4261 πιστὸν
3440 4206 3741 4280 εὑρεθήσε-

2144 4301 2287 4365 σθαι,
2315 4300 2347 4372 ἢ
2381 4301 2450 4353 εἴ·
2461 4317 2565 4353 που
2600 4300 2711 4371 ἄρα
2737 4299 2963 4353 σπάνιόν
2992 4317 3111 4353 τινα
3138 4298 3280 4353 κατά
3303 4295 3395 4352 τὸν
3421 4300 3523 4371 τῆς
3548 4299 3741 4353 δευτέ-

2146 4409 2245 4465 ρας
2277 4390 2441 4445 αὑτοῦ
2477 4392 2794 4460 θεοφανείας
2825 4383 3035 4463 χρόνον.
3054 4392 3228 4463 Ὅπερ
3262 4390 3402 4462 μέγα
3434 4392 3741 4462 τεκμήριον

463 4500 719 4556 magnum
748 4483 960 4553 signum
987 4481 1128 4549 erit,
1154 4496 1277 4536 cum
1307 4494 1434 4534 raro
1462 4486 1716 4534 occurret
1746 4477 1840 4548 qui
1879 4476 2028 4534 ﬁdem

2144 4484 2399 4554 τυγχάνει
2440 4483 2537 4536 τοῦ
2579 4481 2771 4554 καιροῦ
2801 4482 2903 4552 τῆς
2943 4480 3298 4545 ἀποστασῖας,
3349 4483 3407 4534 ἐν
3435 4475 3483 4549 ᾧ
3514 4482 3744 4545 σπάνιος

463 4579 702 4633 retineat
729 4592 743 4630 :
773 4574 886 4630 imo
912 4587 1042 4629 vero
1073 4588 1141 4628 ne
1170 4586 1312 4626 unus
1358 4570 1579 4640 quidem
1634 4568 1869 4624 fortasse
1912 4568 2040 4634 erit,

463 4677 753 4737 propterea
799 4665 944 4734 quod
997 4664 1086 4718 alii
1125 4662 1388 4732 assumpti
1434 4660 1677 4724 fuerint,
1713 4659 1805 4713 alii
1839 4658 2038 4723 relicti,

467 4759 663 4830 aquilis
694 4773 887 4828 nempe
920 4756 1189 4810 tradendi.
1226 4753 1319 4809 Sic
1345 4768 1476 4824 ergo
1524 4752 1697 4808 deleta
1750 4752 1898 4806 inter
1946 4750 2044 4806 ho-

466 4852 645 4907 mines
678 4851 806 4916 lide,
834 4850 950 4920 ipse
984 4848 1364 4918 superveniet,
1419 4855 1637 4902 sanctos
1667 4859 1795 4901 suos
1847 4844 1939 4916 qui
1975 4844 2044 4899 ab

468 4943 651 5015 impiis
674 4942 784 4998 leto
813 4941 977 4997 dediti
1009 4940 1229 5004 fuerint,
1254 4939 1647 4993 vindicaturus.
1673 4935 1833 4993 Brevi
1863 4945 2045 4991 autem

466 5037 731 5093 ultionem
758 5035 1016 5107 patrabit,
1046 5041 1337 5104 propterea
1359 5032 1504 5102 quod
1536 5030 1591 5086 hi
1636 5031 1727 5086 diu
1775 5038 2048 5098 noctuque

468 5132 537 5186 ad
568 5144 691 5185 eum
720 5129 978 5184 clamant.
1004 5125 1073 5180 Et
1100 5125 1317 5195 quidem
1358 5134 1417 5178 ut
1444 5125 1511 5178 ad
1544 5139 1605 5179 se
1645 5122 2044 5191 clamenthdo-

468 5222 584 5276 cuit
610 5234 706 5279 eos
732 5234 830 5291 per
863 5218 1179 5289 parabolam
1209 5215 1277 5270 de
1300 5212 1483 5284 judice
1512 5212 1838 5283 iniquitatis.

469 5398 518 5433 "‘
532 5397 705 5454 Homo
717 5400 929 5470 quidam
950 5396 1140 5470 nobilis
1164 5396 1292 5450 abiit
1335 5396 1390 5448 in
1412 5394 1677 5463 regionem
1704 5392 2047 5470 ionginquam

771 5470 1004 5537 accipere
1033 5469 1130 5522 sibi
1171 5481 1411 5537 regnum,
1452 5475 1500 5519 et
1529 5466 1738 5517 reverti.

543 5560 623 5617 En
647 5575 767 5631 qua:
795 5560 848 5615 in
879 5561 982 5615 hac
1013 5556 1269 5630 parabola
1300 5556 1591 5612 edocemur
1616 5571 1631 5608 :
1667 5553 1907 5609 futurum
1943 5554 2049 5609 sci-

545 5799 592 5833 ⁸³
612 5797 742 5854 Luc.
768 5810 899 5864 xvn,
919 5794 1008 5849 '57.
1083 5793 1128 5827 “
1168 5793 1358 5851 Matth.
1385 5809 1534 5862 xxiv,
1559 5794 1650 5853 28.
1727 5794 1770 5827 ³⁸
1795 5792 1992 5848 Ezecb.
2023 5806 2182 5857 mu,
2206 5791 2261 5845 ὅ.

2146 4574 2299 4628 ἔσται
2322 4576 2351 4628 6
2376 4572 2804 4646 εὐρεθησόμενος
2830 4572 3045 4636 πιστός·
3068 4568 3212 4642 τάχα
3236 4571 3292 4624 δὲ
3314 4570 3437 4625 οὐδέ
3458 4565 3542 4635 εἷς
3564 4571 3741 4635 ἔσται,

2145 4666 2322 4721 διὰτὸ
2370 4667 2496 4731 τοὺς
2545 4666 2646 4736 μὲν
2694 4663 3246 4736 παραληφθήσεσθαι,
3281 4664 3408 4728 τοὺς
3452 4663 3514 4716 δὲ
3565 4681 3743 4719 κατα-

2147 4757 2536 4831 λειφθήσεσθαι
2558 4759 2672 4820 τοῖς
2697 4756 2877 4820 ἀετοῖς
2901 4754 3450 4828 παραδοθησομένους
3466 4770 3480 4784 ·
3514 4753 3662 4810 οῦτω
3686 4770 3743 4808 τε

2148 4849 2209 4916 ἐξ
2243 4848 2545 4921 ἀνθρώπων
2586 4846 2951 4919 ἐκλειπούσης
2990 4845 3093 4917 τῆς
3132 4845 3391 4909 πίστεως,
3425 4846 3596 4910 αὐτὸς
3635 4846 3744 4900 λοι-

2150 4942 2250 4995 πον
2271 4942 2624 5013 ἐπιστήσεται
2647 4939 2747 5011 τὴν
2769 4938 3047 5009 ἐκδίκησιν
3064 4936 3425 5009 ποιησόμενος
3445 4937 3556 4991 τῶν
3573 4938 3745 5007 ἁγίων

2154 5031 2317 5086 αὐτοῦ
2345 5031 2454 5086 τῶν
2497 5029 2601 5085 ὑπὸ
2640 5031 2748 5085 τῶν
2779 5028 2993 5084 ἀσεϐῶν
3033 5027 3415 5101 ἀνῃρημένων.
3462 5030 3555 5083 Ἐν
3591 5031 3743 5101 τάχει

2153 5119 2210 5175 δὲ
2258 5121 2475 5192 ποιήσει
2520 5119 2617 5192 τὴν
2663 5120 2964 5191 ἐκδίκησιν,
2991 5117 3082 5172 διὰ
3118 5118 3181 5171 τὸ
3224 5118 3352 5189 βοᾷν
3396 5118 3536 5191 πρὸς
3578 5119 3743 5172 αὐτὸν

2154 5212 2347 5275 νυκτὸς
2379 5212 2475 5266 καὶ⁵
2507 5212 2719 5283 ἡμέρας
2743 5229 2756 5242 ·
2794 5210 2924 5282 βοᾷν
2965 5211 3021 5264 δὲ
3048 5209 3184 5283 πρὸς
3223 5210 3388 5262 αὐτὸν
3424 5210 3631 5275 ἐδίδαξε
3656 5208 3743 5262 διά

2155 5304 2252 5377 τῆς
2284 5304 2600 5378 παραϐολῆς
2631 5306 2725 5359 τοῦ
2757 5304 2946 5377 κριτοῦ
2974 5305 3075 5375 τῆς
3117 5303 3349 5373 ἀδικίας.

2158 5397 2492 5467 Ἄνθρωπός
2519 5415 2611 5464 τις
2641 5396 2897 5468 εὐγενὴς
2926 5396 3218 5465 ἐπορεύθη
3261 5398 3348 5468 εἰς
3389 5393 3597 5468 χώραν
3630 5411 3741 5465 μα-

2192 5465 2343 5535 κρᾰν
2367 5468 2575 5522 λαϐεῖν
2593 5465 2783 5533 ἐαυτῷ
2798 5468 3146 5533 βασιλείαν,
3178 5466 3277 5519 καὶ
3304 5465 3710 5534 ὑποστρέψαι.

2228 5558 2476 5613 Τοσαῦτα
2527 5558 2617 5614 διὰ
2668 5559 2768 5630 τῆς
2821 5558 3137 5629 παραϐολῆς
3188 5557 3600 5629 διδασκόμεθα,
3647 5557 3741 5629 τὴν

2365 5788 2409 5820 ³⁸
2442 5787 2576 5844 Luc.
2605 5802 2760 5854 xvul,
2781 5787 2837 5844 2.
2918 5787 2960 5819 ³⁷
2985 5785 3113 5842 ibid.
3143 5785 3194 5841 8.
3274 5784 3320 5816 ³³
3337 5783 3472 5838 Luc.
3499 5798 3615 5843 xu.
3648 5779 3737 5839 η.
