3858 6214
159 501 461 570 μέλλουσαν
483 497 648 554 αὐτοῦ
669 499 768 552 καὶ
793 496 1017 568 μηδέπω
1041 493 1318 568 παροῦσαν
1336 493 1609 565 βασιλείαν
1621 488 1752 561 (68),
1783 494 1830 550 Α

159 593 268 649 κᾶν
294 591 558 662 αἰσθητὴν
581 590 786 660 ταύτην
806 589 952 651 τινὲς
977 586 1360 657 ἐφαντάζοντο,
1396 585 1494 656 τὴν
1519 584 1624 638 ἀπὸ
1647 583 1751 652 γῆς

154 687 242 747 εἰς
263 684 491 754 οὐρανὸν
517 682 847 754 μετάστασίν
870 699 930 733 τε
951 681 1044 734 καὶ
1058 676 1346 750 ἀνάληψιν,
1371 677 1467 749 τὴν
1495 675 1755 746 δευτέραν

155 779 259 830 καὶ
300 775 506 838 ἔνδοξον
553 771 718 828 αὐτοῦ
751 773 1093 842 θεοφὰνειαν,
1121 771 1218 843 τὴν
1245 767 1497 841 κριτικὴν
1531 768 1625 820 καὶ
1661 765 1753 819 τοῦ

157 870 284 926 κατ’
317 862 476 930 ἀξίαν
508 865 724 935 ἑκάστῳ
760 864 1152 934 διανεμητικὴν
1199 860 1468 927 ἐξουσίαν,
1512 857 1611 930 τὴν
1647 856 1755 910 τῶν

158 960 383 1015 οἰκείων
405 956 570 1010 αὐτοῦ
597 958 690 1009 καὶ
717 955 924 1008 πιστῶν
953 952 1362 1026 θεραπευόντων
1383 949 1754 1020 εὐδοκίμησιν,

156 1053 262 1125 τὴν
307 1045 416 1104 τῶν
459 1049 532 1119 μὴ
565 1047 824 1101 τοιούτων
854 1047 1220 1114 κατάγνωσιν,
1250 1043 1348 1114 τὴν
1378 1041 1488 1094 τῶν
1524 1038 1757 1093 πολιτῶν

153 1141 260 1199 τοῦ
296 1141 559 1211 βασιλέως
592 1139 712 1193 κατ’
746 1136 909 1190 αὐτοῦ
955 1137 1244 1206 συσκευὴν,
1290 1135 1390 1204 τὴν
1436 1131 1758 1203 μετελευσο-

164 1233 341 1304 μένην
365 1228 564 1294 αὐτοὺς
592 1228 828 1296 ἐπαξίως
852 1223 926 1282 ὧν
955 1227 1186 1298 ἔδρασαν
1224 1225 1379 1295 δίκην
1400 1235 1418 1254 ’·
1452 1220 1624 1276 ταῦτα
1648 1221 1756 1293 γὰρ

159 1324 306 1395 ὁμοῦ
351 1323 528 1377 πάντα
561 1319 650 1375 διὰ
688 1320 796 1373 τῶν
829 1317 1152 1372 ἐκτεθεισῶν
1192 1315 1385 1385 φωνῶν
1411 1314 1618 1384 ἐδήλου.
1646 1312 1759 1364 Καὶ

164 1411 386 1481 πρῶτον
421 1409 521 1479 μὲν
553 1408 838 1480 ἄνθρωπον
872 1407 1033 1470 αὐτὸς
1059 1405 1248 1459 ἑαυτὸν
1277 1402 1523 1474 ὠνόμαζε
1547 1401 1637 1455 διὰ
1659 1401 1772 1472 τὴν

165 1503 313 1556 κατὰ
343 1503 518 1573 σάρκα
543 1501 816 1572 γέννησιν,
846 1499 945 1569 τὴν
971 1497 1116 1551 κατὰ
1157 1497 1438 1568 ἄνθρωπον
1471 1494 1618 1565 αὐτῷ
1661 1510 1760 1546 ῖσυ-

165 1596 378 1647 στᾶσαν
402 1611 415 1622 ·
465 1593 656 1645 ἔπειτα
703 1590 920 1659 εὐγενῆ,
949 1588 1061 1642 ἁλλ’
1111 1587 1264 1640 οὐπω
1299 1586 1520 1656 βασιλέα
1571 1584 1758 1638 ἐαυτὸν

165 1684 376 1748 ἐκάλει,
413 1684 502 1738 διὰ
552 1684 614 1736 τὸ
661 1683 886 1753 μηδέπω
913 1684 980 1752 τῇ
1014 1679 1263 1750 βασιλικῇ
1307 1678 1436 1750 ἀξίᾳ.
1480 1677 1622 1732 κατὰ
1659 1677 1758 1747 τὴν

166 1775 392 1847 πρώτην
430 1773 748 1842 θεοφὰνειαν
786 1769 1109 1841 κεχρῆσθαι.
1144 1768 1258 1837 Τῆς
1285 1767 1330 1820 δ’
1360 1767 1640 1835 εὐγενείας
1664 1766 1760 1817 αὐ-

165 1831 264 1922 τόῦ
295 1831 566 1938 μάρτυρες
594 1865 644 1917 οἱ
668 1862 763 1916 τοῦ
790 1831 981 1930 γένους
1005 1862 1101 1913 καὶ
1123 1831 1225 1929 τῆς
1248 1861 1312 1912 ἐκ
1341 1831 1618 1929 προγόνων
1642 1857 1759 1910 δια-
1788 1831 1833 1887 Β

165 1957 331 2027 δοχῆς
352 1957 450 2027 τὴν
485 1955 725 2026 ἱστορίαν
748 1955 932 2025 γραφῇ
960 1951 1431 2023 παραδεδωκότες
1469 1943 1544 2002 ὧν
1587 1952 1615 2002 6
1659 1948 1757 2019 μέν

164 2065 272 2110 τις,
301 2049 402 2117 τὴν
427 2046 570 2101 κατὰ
611 2044 930 2115 ἀνθρώπους
963 2042 1240 2110 εὐγένειαν
1269 2041 1436 2094 αὐτοῦ
1465 2040 1754 2111 παριστὰς,

164 2138 324 2191 ἔνθεν
343 2139 405 2209 δή
432 2138 596 2190 ποθεν
621 2135 1000 2206 εὐηγγελίζετο
1014 2134 1208 2202 λέγων·
1231 2134 1447 2197 Βίϐλος
1467 2132 1758 2200 γενέσεως

175 2226 390 2296 Ἰησοῦ
434 2225 692 2294 Χριστοῦ
723 2223 857 2278 υἱοῦ
901 2222 1098 2287 Δαϐὶδ,
1162 2220 1296 2274 υἱοῦ
1355 2218 1618 2288 Ἁϐραάμ
1659 2214 1756 2271 εἷθ’

167 2321 304 2390 ἐξῆς
338 2319 550 2380 τούτοις
609 2317 707 2388 τὴν
743 2315 1092 2384 γενεαλογίαν
1131 2313 1196 2366 δι’
1231 2312 1509 2382 ἐπιδήμιον
1551 2310 1760 2382 ἀνδρῶν

165 2412 266 2467 καὶ
298 2410 389 2464 διὰ
433 2407 712 2480 βασιλικοῦ
753 2407 944 2474 γένους
988 2404 1074 2456 ἐπ’
1107 2402 1267 2456 αὐτὸν
1303 2404 1557 2469 κατάγων
1604 2401 1774 2470 ἵστη-’

170 2519 290 2556 σινσ
321 2504 349 2555 6
373 2500 431 2553 δὲ
475 2499 573 2570 τὴν
605 2497 868 2551 ἀνωτάτω
910 2494 1007 2549 καὶ
1047 2493 1153 2564 πρὸ
1191 2492 1407 2546 πάντων
1445 2491 1654 2544 αἰώνων
1695 2493 1760 2544 ἐκ

169 2593 314 2647 Θεοῦ
356 2591 606 2660 γέννησιν
645 2589 809 2642 αὐτοῦ
836 2587 1123 2652 διδάσκων,
1157 2587 1258 2655 τὴν
1297 2583 1510 2656 ἀληθῶς
1538 2583 1760 2654 πρώτην

169 2681 269 2732 καὶ
301 2678 468 2748 μόνην
500 2677 778 2744 εὐγένειαν
809 2674 1095 2745 παρεδίδου
1131 2672 1331 2741 λέγων·
1375 2674 1473 2725 Ἑν
1500 2671 1653 2740 ἀρχῇ
1683 2672 1762 2740 ἦν

170 2774 208 2824 ὁ
242 2771 456 2840 Λόγος,
476 2769 574 2821 καὶ
601 2771 634 2821 ό
651 2768 840 2835 Λόγος
864 2763 942 2836 ἦν
974 2764 1125 2833 πρὸς
1156 2764 1265 2818 τὸν
1295 2764 1460 2828 Θεὸν,
1489 2764 1589 2817 καὶ
1618 2763 1762 2829 Θεὸς

169 2859 253 2932 ἦν
289 2865 323 2915 ό
355 2861 565 2929 Λόγος.
589 2857 794 2912 Πάντα
824 2857 898 2910 δι’
933 2856 1117 2909 αὑτοῦ
1150 2855 1405 2924 ἐγένετο.

259 2952 555 3022 una.ng
576 2943 729 3012 οὗτος
757 2951 785 3001 ὁ
815 2948 920 3019 πρὸ
950 2948 1163 3001 πάντων
1186 2947 1397 3001 αἰώνων
1419 2946 1548 3011 Θεὸς
1567 2949 1758 3016 Λόγος,

172 3047 468 3116 γενόμενος
494 3042 779 3114 ἄνθρωπος
812 3040 1056 3110 εὐγενὴς,
1094 3040 1188 3092 καὶ
1219 3039 1309 3091 τὸν
1338 3038 1434 3092 σὺν
1456 3038 1760 3110 ἀνθρώποις

173 3137 464 3204 διεξελθὼν
525 3135 635 3206 βίον
682 3135 773 3187 τὸν
829 3132 1198 3204 ἐμφερόμενον
1244 3133 1379 3224 ταῖς
1416 3132 1546 3224 περί
1595 3130 1758 3184 αὐτοῦ
1789 3168 1830 3224 c

175 3232 562 3301 εὐαγγελικαῖς
594 3229 854 3300 γραφαῖς,
919 3225 1053 3296 μετὰ
1106 3226 1202 3294 τὴν
1249 3223 1400 3296 παρὰ
1451 3223 1758 3294 ἀνθρώποις

175 3326 432 3395 αὐτάρκη
484 3319 783 3393 διατριϐὴν,
824 3317 1058 3372 ἐπανιὼν
1101 3318 1236 3388 πρὸς
1271 3318 1362 3370 τὸν
1409 3317 1601 3370 ἐαυτοῦ
1642 3319 1755 3372 Πα-

173 3417 337 3487 τέρα,
369 3412 640 3484 ἐπορεύθη
670 3414 748 3474 είς
779 3411 962 3482 χώραν
1005 3409 1220 3480 μακρὰν
1253 3409 1436 3463 λαϐεῖν
1459 3410 1634 3480 ἐαυτῷ
1666 3412 1759 3480 βα-

177 3508 387 3561 σιλείαν
419 3506 511 3558 καὶ
542 3503 900 3574 ὑποστρέψαι.
934 3501 1133 3573 Χώραν
1169 3502 1224 3554 δὲ
1265 3502 1480 3573 μακρὰν
1511 3503 1607 3574 τὴν
1649 3504 1758 3556 ἀπὸ

177 3598 286 3666 γῆς
315 3599 396 3658 εἰς
424 3596 649 3667 οὐρανὸν
671 3595 854 3650 ἄνοδον
886 3593 1070 3663 ἐδήλου
1089 3593 1225 3662 (69)·
1245 3593 1427 3647 λαϐεῖν
1456 3613 1513 3648 τε
1543 3597 1640 3666 τὴν
1663 3596 1758 3666 βα-

182 3691 389 3743 σιλείαν
423 3689 591 3759 αὐτὴν
618 3688 833 3758 ἐκείνην
865 3688 1049 3756 φησὶν,
1083 3686 1150 3756 ἣν
1177 3688 1205 3739 ὁ
1243 3689 1526 3758 προφήτης
1561 3688 1758 3759 Δανιὴλ

179 3784 426 3854 ᾐνίττετο
462 3782 665 3850 λέγων·
702 3781 811 3838 Καὶ
863 3779 992 3833 ἰδοὺ
1029 3779 1162 3844 Υἱὸς
1195 3779 1505 3848 ἀνθρώπου
1534 3779 1632 3832 ἐπὶ
1664 3797 1759 3833 νε-

180 3873 389 3945 φελῶν
423 3876 748 3943 ἐρχόμενος
791 3868 902 3943 ἦν·
946 3871 1047 3925 καὶ
1089 3870 1249 3936 αὺτῷ
1293 3871 1468 3940 ἐδόθη
1512 3872 1551 3939 ἡ
1600 3872 1755 3942 ἀρχὴ

181 3967 284 4020 καὶ
311 3967 350 4032 ἠ
382 3966 543 4035 τιμὴ,
576 3965 674 4019 καὶ
719 3966 757 4032 ἡ
791 3965 1100 4029 βασιλεία.
1140 3960 1213 4017 Εὖ
1255 3964 1312 4016 δέ
1349 3965 1442 4017 καὶ
1469 3965 1529 4016 τὸ
1550 3965 1759 4019 λαϐεῖν

181 4057 400 4130 εἴρηται
423 4075 436 4087 ·
461 4059 680 4120 πάντως
709 4057 816 4129 γὰρ
843 4056 936 4110 τοῦ
969 4055 1181 4126 Πατρὸς
1208 4056 1437 4121 διδόντος
1462 4056 1755 4128 ἐλάμϐανε,

181 4149 327 4204 κατὰ
349 4149 410 4203 τό
439 4164 452 4178 ο
481 4149 730 4218 Αττησαι
773 4149 906 4218 παρ’
935 4149 1102 4218 ἐμοῦ,
1137 4149 1234 4202 καὶ
1275 4147 1444 4202 δώσω
1483 4165 1581 4204 σοι
1611 4152 1756 4218 ἔθνη

181 4242 300 4310 τὴν
320 4243 723 4310 κληρονομίαν
747 4256 883 4295 σου·
911 4240 946 4294 δι
976 4240 1040 4311 δὴ
1070 4240 1292 4308 δοθέντα
1317 4241 1463 4312 αὐτῷ
1492 4244 1642 4314 παρὰ
1664 4242 1756 4296 τοῦ

182 4334 424 4388 Παλαιοῦ
451 4334 558 4388 τῶν
591 4333 811 4406 ἡμερῶν
841 4332 1250 4403 ὑποδεξάμενος,
1287 4329 1441 4397 αὖθις
1476 4333 1755 4405 ἐπανήξει.

181 4427 274 4479 Διό
318 4442 452 4496 φησι
485 4425 669 4479 λαϐεῖν
708 4426 886 4496 ἐαυτῷ
931 4425 1206 4495 βασιλείαν
1249 4427 1342 4479 καὶ
1387 4427 1753 4498 ὑποστρέψαιν

179 4521 277 4574 καὶ
302 4522 452 4582 ὅπως
473 4519 529 4572 δὲ
555 4520 841 4589 ποιήσεται
862 4518 961 4589 τὴν
985 4519 1260 4582 ἐπάνοδον,
1288 4519 1317 4570 6
1343 4519 1484 4581 θεῖος
1499 4519 1757 4572 Ἀπόστο-
1791 4527 1840 4586 D

181 4614 273 4678 λος
314 4613 568 4681 διασαφεῖ
599 4611 800 4679 λέγων’
857 4611 976 4663 Ὅτι
1017 4609 1200 4676 αὐτὸς
1235 4614 1268 4664 ό
1305 4611 1519 4678 Κύριος
1553 4611 1622 4663 ἐν
1664 4627 1758 4663 κε-

179 4708 500 4774 λεύσματι,
522 4705 592 4758 ἐν
613 4702 783 4773 φωνῇ
815 4703 1212 4772 ἀρχαγγέλου,
1245 4703 1342 4756 καὶ
1374 4703 1444 4755 ἐν
1469 4702 1756 4772 σάλπιγγι

183 4799 335 4852 Θεοῦ
361 4796 759 4862 καταϐήσεται
808 4795 926 4849 ἀπὸ
966 4795 1246 4863 οὐρανοῦ.
1293 4795 1357 4847 Ἠ
1386 4795 1440 4847 δὲ
1481 4795 1759 4866 ἀποδημία

182 4892 280 4944 καὶ
318 4891 417 4962 τὴν
463 4889 837 4960 μακροθυμίαν
886 4887 1051 4958 δηλοῖ.
1105 4888 1252 4940 Ἔδει
1294 4887 1350 4939 δέ
1397 4887 1556 4939 αὐτὸν
1596 4887 1762 4954 ἀναγ-

182 4984 358 5046 καίως
419 4984 499 5045 είς
554 4983 653 5053 τὴν
711 4981 1041 5052 δηλωθεῖσαν
1095 4979 1308 5051 μακρὰν
1363 4978 1543 5050 χώραν
1612 4979 1758 5031 στεί-

181 5076 404 5140 λασθαι,
435 5077 596 5129 κάκεῖ
621 5075 808 5147 χρόνον
833 5072 1108 5144 διατρίψαι
1140 5071 1347 5125 πολλῶν
1377 5071 1536 5124 ἕνεκα
1555 5087 1568 5100 ο
1601 5069 1675 5133 ὡς
1696 5069 1762 5123 ἂν

184 5169 243 5221 ἐν
267 5168 346 5239 τῷ
379 5168 580 5239 μεταξὺ
605 5170 652 5221 οἱ
676 5165 838 5221 αὐτοῦ
864 5166 1192 5237 θεράποντες
1231 5165 1324 5234 τῆς
1367 5163 1572 5217 ἑαυτῶν
1598 5165 1764 5234 ἐργα-

187 5261 310 5323 σίας
329 5259 428 5331 τὴν
448 5261 676 5332 δοκιμὴν
709 5259 864 5313 δοῖεν.

258 5492 304 5523 ³⁸
323 5491 516 5546 Matth.
557 5493 674 5558 1,1.
750 5493 794 5524 ⁸ο
823 5491 978 5548 Joan.
1007 5507 1044 5556 ι,
1074 5490 1124 5542 1.

259 5707 368 5779 (68)
419 5706 723 5779 Sequentia_
766 5703 1089 5779 conferenda
1149 5710 1273 5758 sunt
1332 5716 1458 5779 cun_t_
1522 5701 1741 5779 Eusebii

1349 371 1851 435 COMMENTARIA
1885 371 1951 427 IN
1985 369 2244 427 LUCAM.

1204 5490 1245 5520 “
1271 5487 1408 5543 Dan.
1434 5503 1530 5554 vn,
1553 5488 1644 5543 l5.
1719 5489 1762 5520 δ’
1786 5487 1930 5545 Psal.
1957 5503 2016 5554 ιι,
2041 5489 2092 5544 8.

3323 370 3448 434 δεσ

1859 487 1986 543 licet
2013 487 2216 543 Christi
2267 487 2617 558 nondumque
2661 502 2901 558 praesens
2953 503 3200 561 regnum,
3249 507 3426 562 quan-

1857 594 2018 648 quam
2072 578 2128 632 id
2173 579 2427 634 sensibile
2479 579 2720 634 nonnulli
2773 589 2978 636 temere
3021 581 3426 652 opinabantur;

1858 671 2268 728 translationem
2296 687 2326 728 e
2355 681 2499 728 terra
2525 670 2579 725 in
2607 671 2838 738 coelum,
2871 673 2926 729 id
2955 684 3048 742 est
3097 678 3426 746 assumptio-

1857 781 2018 832 nem;
2067 765 2362 821 secundam
2401 766 2517 836 ejus
2562 766 2855 837 gloriosam
2899 767 3426 839 manifestationem;

1852 850 2197 921 iudiciariam
2225 861 2282 908 et
2311 869 2469 909 suum
2497 857 2690 926 cuique
2712 855 2802 924 jus
2833 857 3146 913 reddentem
3184 871 3428 930 potesta-

1858 951 2004 1008 tem;
2035 943 2380 999 familiarium
2407 961 2627 1002 suorum
2647 947 2990 1018 ﬁdeliumque
3019 964 3294 1006 servorum
3316 954 3430 1009 col-

1858 1032 2263 1102 laudationem;
2298 1051 2486 1092 eorum
2513 1040 2607 1109 qui
2662 1054 2823 1096 secus
2875 1055 2934 1096 se
2981 1044 3249 1112 gesserint
3295 1060 3425 1100 con-

1859 1124 2298 1192 damnationem;
2333 1127 2532 1183 civium
2573 1130 2628 1184 in
2660 1144 2841 1201 regem
2882 1147 3040 1186 suum
3064 1134 3429 1203 conspiratio-

1859 1230 1984 1269 nem
2014 1223 2068 1271 et
2100 1217 2426 1285 condignam
2450 1218 2608 1275 factis
2635 1236 2852 1290 poenam
2892 1240 2905 1276 :
2938 1222 3054 1278 haec
3085 1227 3229 1279 enim
3266 1226 3428 1282 simul

1857 1309 2039 1361 omnia
2068 1311 2342 1378 prtedictis
2370 1311 2553 1367 verbis
2581 1313 2940 1382 signiﬁcabat.
2984 1317 3051 1371 Et
3092 1319 3270 1387 primo
3307 1320 3430 1388 qui-

1859 1395 1981 1451 dem
2012 1399 2281 1455 hominem
2313 1415 2371 1456 se
2402 1403 2731 1472 appellavit,
2762 1415 2980 1473 propter
3017 1407 3292 1463 carnalem
3324 1424 3426 1464 na~

1861 1485 2125 1541 tivilatem
2151 1527 2166 1553 ,
2193 1503 2312 1557 quae
2340 1489 2442 1559 ipsi
2476 1500 2536 1545 ut
2570 1492 2775 1548 homini
2815 1495 3058 1565 contigit.
3089 1495 3294 1552 Deinde
3327 1512 3429 1554 no-

1857 1576 2022 1632 bilem
2073 1592 2132 1633 se
2186 1579 2365 1648 dixit,
2414 1597 2520 1636 non
2573 1598 2777 1654 regem,
2824 1587 2948 1654 quia
2991 1587 3138 1656 regia
3186 1589 3426 1644 nondum

1859 1664 2122 1736 dignitate
2182 1669 2238 1723 in
2292 1671 2467 1739 prima
2516 1685 2614 1726 sua
2671 1675 3106 1732 manifestatione
3153 1676 3426 1731 utebatur.

1859 1756 2172 1816 Nobilitatis
2203 1771 2380 1816 autem
2413 1762 2529 1831 ejus
2561 1771 2728 1820 testes
2768 1767 2824 1831 ii,
2856 1768 2947 1837 qui
2981 1783 3147 1838 genus
3181 1769 3326 1824 illius
3361 1785 3428 1824 ac

1860 1850 2058 1903 seriem
2089 1853 2494 1922 progenitorum
2518 1855 2736 1924 scriptis
2765 1858 3044 1914 historicis
3077 1861 3426 1916 commenda-

1856 1950 2082 2008 verunt;
2127 1957 2262 2011 quos
2296 1943 2436 1997 inter
2459 1944 2678 2012 quidam
2716 1947 2842 2002 dum
2898 1950 3189 2006 humanam
3220 1950 3426 2008 Christi

1858 2032 2205 2090 nobilitatem
2254 2037 2508 2102 exhibet,
2555 2039 2634 2094 sic
2675 2040 3022 2110 Evangelium
3077 2059 3235 2102 orsus
3295 2056 3426 2102 est:

1859 2121 2016 2177 Liber
2063 2128 2415 2194 generationis
2467 2115 2596 2184 Jesu
2644 2131 2838 2186 Christi
2876 2135 2974 2202 ﬁlii
3024 2136 3278 2203 Davidis,
3323 2137 3428 2208 ﬁlii

1859 2213 2146 2268 Abrahami
2190 2217 2254 2270 ³³.
2311 2216 2514 2272 Deinde
2543 2223 2854 2293 genealogia
2885 2241 2984 2294 per
3010 2227 3296 2296 populares
3323 2230 3428 2284 ho-

1860 2302 2038 2357 mines
2088 2319 2365 2374 gcnusque
2416 2310 2623 2377 regium
2677 2326 2848 2380 usque
2901 2314 2965 2367 ad
3016 2315 3291 2370 Christum
3334 2319 3430 2374 de-

1861 2395 2018 2447 ducta
2041 2435 2058 2460 ,
2101 2395 2155 2448 in
2191 2395 2291 2450 hoc
2324 2407 2600 2466 postremo
2643 2403 2909 2458 consistit.
2935 2403 3090 2461 Alius
3115 2417 3298 2462 autem
3332 2424 3426 2464 su-

1859 2500 2084 2554 pernam
2111 2487 2228 2556 ejus
2248 2497 2372 2543 ante
2399 2491 2579 2545 omnia
2614 2493 2812 2550 saacula
2842 2511 2907 2550 ex
2947 2498 3052 2550 Deo
3092 2500 3427 2556 nativitatem

1862 2577 2081 2643 docens,
2113 2578 2444 2635 nobilitatem
2487 2582 2626 2649 ejus,
2669 2601 2790 2652 quae
2828 2602 2959 2642 vere
2988 2589 3162 2657 prima
3202 2592 3429 2661 solaque

1860 2676 1964 2730 est,
2008 2669 2230 2722 tradidit
2260 2671 2488 2725 dicens:
2532 2671 2596 2726 In
2621 2675 2878 2744 principio
2920 2688 3031 2730 erat
3077 2676 3334 2745 Verbum,
3377 2691 3428 2734 et

1870 2751 2093 2809 Verbum
2138 2765 2255 2810 erat
2301 2762 2440 2825 apud
2476 2759 2675 2826 Deum,
2720 2773 2774 2818 et
2833 2765 2974 2821 Deus
3017 2782 3132 2823 erat
3176 2767 3424 2825 Verbum.

1866 2843 2055 2900 Omnia
2081 2858 2171 2916 per
2192 2849 2362 2916 ipsum
2390 2849 2535 2917 facta
2566 2865 2684 2907 sunt
2712 2853 2777 2907 ⁸ο.

1930 2937 2100 2993 Porro
2147 2939 2236 2994 hic
2293 2950 2420 2996 ante
2474 2944 2654 2998 omnia
2709 2947 2906 3002 saecula
2969 2950 3111 3006 Deus
3165 2953 3428 3023 Verbum,

1865 3027 2051 3084 factus
2069 3031 2228 3087 homo
2260 3032 2474 3099 nobilis,
2508 3049 2878 3108 peragensque
2918 3041 3056 3097 inter
3087 3045 3333 3101 homines
3361 3048 3426 3102 ιι-
3460 3077 3466 3084 -

1862 3119 1952 3175 lud
1979 3124 2103 3177 vita:
2132 3141 2320 3192 genus,
2352 3129 2495 3196 quod
2529 3130 2583 3182 in
2613 3133 2924 3201 evangelica
2958 3137 3158 3207 scripta
3191 3138 3424 3196 relatum

1863 3222 1967 3273 est,
2001 3224 2282 3284 postquam
2317 3219 2450 3272 satis
2479 3234 2603 3273 cum
2658 3225 2976 3280 mortalibus
3017 3237 3263 3285 versatus
3303 3230 3426 3295 fuit,

1863 3304 1929 3358 ad
1953 3304 2170 3360 Patrem
2201 3323 2354 3364 suum
2388 3313 2623 3378 rediens,
2653 3314 2923 3384 profectus
2955 3329 3036 3373 est
3069 3319 3120 3373 in
3149 3322 3426 3390 regionem

1863 3395 2235 3468 longinquam,
2272 3412 2330 3455 ut
2391 3419 2559 3472 regno
2608 3422 2707 3462 suo
2759 3421 2983 3480 accepto
3038 3422 3426 3468 reverteretur.

1862 3486 1981 3543 Jam
2011 3491 2288 3559 regionem
2323 3496 2670 3566 longinquam
2717 3499 2847 3555 dicit
2882 3516 2981 3571 pro
3029 3504 3203 3558 reditu
3237 3504 3288 3558 in
3319 3519 3432 3559 coa-

1865 3578 1971 3633 hun
2009 3598 2022 3633 :
2061 3598 2282 3652 regnum
2319 3599 2446 3639 vero
2479 3599 2754 3657 acceptum
2788 3591 2918 3645 illud
2949 3593 3130 3662 ipsum
3159 3595 3254 3660 ait,
3285 3596 3432 3664 quod

1863 3673 2126 3741 propheta
2173 3674 2361 3732 Daniel
2411 3678 2670 3735 innuebat
2717 3683 2902 3738 dicens
2947 3700 2963 3738 :
3007 3685 3071 3738 Et
3113 3701 3241 3741 ecce
3261 3685 3432 3743 Filius

1864 3764 2100 3820 hominis
2127 3767 2180 3821 in
2216 3769 2447 3826 nubibus
2476 3773 2832 3840 adventabat;
2875 3774 3084 3845 ipsique
3120 3777 3302 3830 datum
3345 3789 3433 3833 est

1865 3856 2152 3927 imperium
2217 3871 2271 3915 et
2323 3863 2497 3918 honor
2538 3875 2594 3919 et
2648 3882 2870 3937 regnum
2923 3868 2988 3922 δ’.
3054 3869 3220 3924 Recte
3265 3873 3431 3928 etiam

1865 3949 2065 4003 dictum
2095 3961 2177 4006 est
2205 3953 2478 4022 accipere;
2502 3969 2724 4023 prorsus
2759 3958 2902 4011 enim
2930 3974 2959 4012 a
2997 3958 3159 4015 Patre
3191 3961 3243 4014 id
3269 3963 3432 4017 dante

1866 4045 2094 4112 accepit,
2125 4047 2418 4100 secundum
2458 4046 2586 4101 illud
2611 4048 2700 4106 "z
2735 4048 2956 4105 Postula
2998 4063 3030 4106 a
3071 4069 3172 4117 me,
3207 4063 3254 4107 et
3293 4055 3430 4109 dabo

1867 4136 1961 4187 tibi
1986 4147 2158 4204 gentes
2178 4137 2531 4192 hwredilatem
2556 4153 2698 4194 tuam
2722 4157 2741 4195 :
2763 4156 2924 4211 quam
2957 4144 3118 4198 simul
3140 4159 3204 4200 ac
3227 4146 3294 4199 ab
3315 4146 3430 4200 An-

1865 4227 2018 4296 tiquo
2043 4229 2252 4283 dierum
2285 4233 2588 4301 acceperit,
2619 4235 2802 4288 statim
2851 4248 3174 4291 revertetur.
3221 4236 3432 4294 Idcirco

1866 4320 1966 4386 ait,
1997 4323 2063 4376 ad
2097 4325 2471 4395 accipiendum
2503 4327 2606 4381 sibi
2654 4344 2877 4399 regnum
2926 4341 2981 4385 et
3029 4333 3428 4387 revertendum.

1865 4409 2104 4476 Quanam
2140 4425 2321 4470 autem
2362 4417 2572 4472 ratione
2595 4419 2824 4473 reditum
2849 4419 3101 4475 Christus
3129 4421 3319 4488 faciet,
3350 4423 3434 4474 di-

1865 4516 1964 4560 vus
1986 4507 2273 4575 Apostolus
2293 4509 2632 4564 demonstrat
2659 4511 2744 4566 his
2766 4513 2947 4565 verbis
2980 4531 2993 4565 :
3027 4511 3291 4576 Quoniam
3318 4514 3430 4577 ipse

1841 4597 2120 4652 Dominus
2161 4600 2218 4652 in
2255 4601 2440 4670 jussu,
2488 4603 2541 4655 in
2582 4619 2703 4658 voce
2751 4606 3089 4674 archangeli,
3133 4618 3180 4660 et
3217 4607 3272 4660 in
3305 4611 3433 4660 tuba

1867 4691 1964 4746 Dei
2001 4693 2271 4748 descendet
2296 4700 2360 4750 de
2396 4695 2523 4750 caelo
2555 4696 2620 4752 “.
2648 4697 2767 4753 Jam
2789 4697 2875 4754 ille
2901 4701 3080 4754 abitus
3109 4700 3431 4770 patientiam

1862 4799 2077 4854 quoque
2121 4789 2468 4856 exspectandi
2498 4791 2788 4858 signiﬁcat.
2828 4792 2892 4845 Et
2928 4792 3144 4860 quidem
3178 4807 3432 4847 necessa-

1864 4875 2003 4929 rium
2056 4884 2174 4929 erat
2232 4887 2288 4930 ut
2337 4879 2452 4947 ipse
2505 4879 2609 4934 iter
2665 4881 2717 4934 in
2759 4881 3106 4950 longinquam
3153 4883 3427 4952 regionem

1863 4967 2192 5036 susciperet,
2227 4968 2409 5038 ibique
2447 4971 2536 5024 diu
2567 4983 2849 5035 maneret,
2882 4988 3045 5042 quum
3085 4974 3206 5029 aliis
3247 4973 3432 5028 multis

1862 5055 1929 5109 de
1961 5058 2158 5122 causis,
2191 5068 2300 5111 tum
2336 5069 2396 5113 ut
2427 5060 2642 5116 interim
2673 5063 2814 5118 servi
2855 5065 2971 5132 ejus
3006 5064 3282 5119 industria
3319 5071 3430 5118 sitae

1866 5149 2249 5206 documentum
2274 5152 2512 5208 ederent.

2187 5487 2232 5520 ”
2253 5486 2271 5540 ι
2296 5487 2490 5544 Thess.
2545 5487 2740 5559 ινηιὸ.

1859 5716 1970 5755 non
1997 5701 2161 5770 semel
2186 5702 2238 5754 in
2271 5700 2684 5770 Theophaniam,
2711 5701 2794 5756 vel
2824 5701 2939 5754 vice
2967 5713 3117 5755 versa
3137 5741 3152 5764 ,
3188 5699 3429 5755 animad-

197 5769 541 5846 τήὶοριιαηὶὼ
585 5777 726 5845 apud
769 5789 869 5846 nos
910 5776 1216 5846 fragmento
1239 5786 1370 5826 uti.
1417 5771 1484 5825 Et
1525 5773 1739 5846 quidem
1848 5769 2850 5846 ventitcLLeusinsuaj'heophaniw
2876 5772 3388 5846 Anglicaeditione.

194 5841 478 5906 Eusebium
507 5841 703 5916 qua‘in
733 5845 852 5900 aliis
879 5841 1132 5914 operibus
1165 5843 1409 5910 dixerat,
1442 5841 1743 5898 contulisse

1918 5841 2029 5914 (69)
2068 5841 2148 5898 Cf.
2175 5839 2314 5910 apud
2345 5856 2442 5899 nos
2465 5840 2874 5913 Theophauiam,
2911 5839 3011 5898 col.
3042 5841 3166 5906 687,
3205 5841 3298 5896 lin.
3333 5839 3424 5913 48,
