3858 6214
556 469 603 501 ⁸⁸
652 463 858 519 Vocatis
885 470 1056 516 autem
1091 463 1265 517 decem
1289 461 1449 518 servis
1469 460 1600 527 suis,
1641 461 1785 515 dedit
1808 462 1881 517 eis

1038 534 1213 586 decem
1238 548 1406 585 muas.

510 632 614 686 Per
645 631 746 686 hos
783 628 968 696 itaque
1013 624 1107 693 qui
1143 638 1297 678 muas
1334 633 1695 693 acceperunt,
1722 624 2016 696 discipulos

435 738 565 781 suos
599 717 900 782 denotavit,
936 717 1135 788 quibus
1158 713 1401 786 singulas
1442 729 1598 769 muas
1631 717 1854 771 tradens
1876 756 1891 781 ,
1920 731 2017 786 pa-

431 830 658 887 remque
711 822 764 869 et
791 811 1023 868 similem
1072 809 1601 864 administrationem
1646 810 2012 876 committens,

427 905 699 977 negotiari
737 918 830 958 eos
851 899 1038 970 jussit,
1063 900 1235 954 donec
1267 899 1382 970 ipse
1423 900 1492 955 de
1527 898 1820 972 longinqua
1853 915 2014 971 pere-

433 998 741 1071 grinatione
789 994 1011 1050 rediret.
1037 990 1342 1062 Negotiatio
1363 999 1544 1046 autem
1576 991 1717 1046 nulla
1746 991 1850 1047 alia
1872 1002 2010 1060 erat,

433 1093 538 1147 nisi
572 1090 722 1161 regni
755 1087 876 1158 ejus
898 1083 1212 1155 praedicatio
1251 1083 1319 1138 ad
1347 1097 1538 1139 omnes
1569 1083 1817 1140 homines
1862 1100 1892 1138 a
1931 1084 2014 1139 di-

429 1182 652 1253 scipulis
676 1179 789 1235 suis
816 1175 1140 1247 peragenda.
1171 1173 1343 1230 Porro
1369 1189 1532 1228 unmn
1564 1173 1694 1243 quid
1726 1174 1828 1229 hoc
1867 1183 2010 1240 erat,

430 1275 557 1344 quia
587 1286 752 1327 unum
785 1270 1028 1325 omnium
1055 1267 1428 1336 magisterium
1448 1308 1463 1331 ,
1496 1282 1604 1321 una
1648 1266 1782 1324 ﬁdes
1805 1309 1820 1333 ,
1846 1285 2011 1324 unum

426 1367 694 1438 baptisma
718 1403 732 1427 ,
767 1378 873 1418 una
905 1359 1150 1416 doctrina
1193 1360 1259 1414 ".
1309 1359 1601 1429 Propterea
1639 1375 1740 1414 una
1791 1362 2009 1432 quidem

427 1476 578 1525 mna,
601 1460 754 1512 varia
786 1465 966 1510 tamen
1017 1468 1179 1524 opera
1222 1453 1440 1519 evasit,
1486 1454 1783 1524 negotiatio
1825 1454 2008 1525 splen-

425 1555 572 1618 dida,
612 1562 667 1607 et
701 1550 819 1619 ejus
853 1550 930 1603 rei
967 1547 1177 1603 fructus
1204 1547 1379 1602 dives.
1405 1547 1584 1616 Atque
1611 1547 1810 1602 horum
1841 1563 2009 1604 causa

426 1645 778 1714 longinquam
811 1639 1303 1713 peregrinationem
1350 1638 1548 1693 nobilis
1586 1638 1676 1694 ille
1707 1639 1790 1694 vir
1829 1653 2011 1694 susce-

424 1742 524 1811 pit.
577 1737 730 1794 Unde
781 1736 984 1791 dictum
1023 1745 1108 1788 est
1149 1731 1260 1787 eia
1308 1731 1518 1788 Patre:
1566 1731 1701 1788 Sede
1742 1750 1774 1787 a
1807 1733 2008 1788 dextris

1115 338 1385 395 EL'SEBII
1425 337 1902 395 CESARIENSIS
1939 339 1995 397 Ο]

2133 341 2316 398 PARS
2354 343 2443 400 ΙΙΙ.
2473 373 2542 384 -
2580 332 2998 400 EXEGETICA.

2051 466 2099 524 Α
2125 465 2403 529 Καλέσας
2430 462 2500 518 δὲ
2523 463 2669 518 δέκα
2699 463 2961 526 δούλους
2991 452 3230 527 ἑαυτοῦ,
3257 452 3480 516 ἔδωκεν
3502 462 3713 529 αὐτοῖς

3608 348 3713 405 592

2738 533 2884 586 δέκα
2927 532 3107 602 μνᾶς.

2207 627 2333 698 Ἐσή
2344 644 2501 698 μαινε
2531 626 2710 680 τοίνυν
2735 625 2824 680 διὰ
2852 625 2961 678 τῶν
2999 625 3273 679 λαϐόντων
3298 625 3397 690 τὰς
3426 626 3566 696 μνᾶς
3585 627 3712 690 τοὺς

2123 720 2318 773 ἐαυτοῦ
2357 720 2624 792 μαθητὰς,
2650 717 2732 784 οἷς
2759 718 2862 774 ἀνὰ
2909 719 3036 791 μίαν
3069 721 3204 790 μνᾶν
3249 719 3549 792 παραδοὺς.
3589 718 3712 788 ἴσην

2121 830 2180 866 τε
2202 813 2499 884 καὶὸμοίαν
2525 815 2691 868 πᾶσιν
2719 813 3028 885 ἐγχειρίσας
3055 813 3156 886 τὴν
3183 813 3492 884 οἰκονομίαν
3511 851 3527 876 ,
3562 829 3707 883 πρα-

2121 907 2532 978 γματεύσασθαι
2549 905 3006 979 παρεκελεύσατο,
3045 906 3148 969 ἕως
3195 904 3305 977 ('70)
3337 903 3402 958 ἂν
3438 903 3709 974 ἐπανέλθῃ

2121 1001 2220 1071 τῆς
2251 1001 2466 1072 μακρᾶς
2493 1000 2822 1072 ἀποδημίας.
2863 1001 2926 1053 Ἡ
2961 1000 3017 1053 δὲ
3044 997 3395 1071 πραγματεία
3433 996 3532 1050 οὐκ
3569 995 3707 1068 ἄλλη
3743 991 3756 1003 ⁸

2120 1111 2204 1158 τις
2223 1089 2291 1166 ἧν
2313 1093 2447 1148 ἀλλὰ
2470 1091 2531 1148 τὸ
2563 1096 2824 1166 κήρυγμα
2847 1094 2906 1147 τὸ
2934 1093 3061 1163 περὶ
3088 1092 3186 1162 τῆς
3219 1090 3386 1144 αὐτοῦ
3431 1089 3710 1161 βασιλείας

2120 1187 2202 1249 είς
2229 1187 2435 1251 πάντας
2472 1187 2792 1258 ἀνθρώπους
2825 1186 2930 1240 ὑπὸ
2974 1186 3084 1238 τῶν
3118 1184 3297 1238 αὐτῶν
3328 1183 3494 1237 αὑτοῦ
3529 1183 3711 1255 μαθη-

2118 1279 2229 1333 τῶν
2255 1280 2715 1352 κατηγγελμένον.
2753 1280 2892 1333 Ἀλλ’
2923 1279 2979 1332 ἓν
3006 1279 3102 1350 μὲν
3133 1274 3201 1350 ἦν
3233 1275 3414 1343 τοῦτο,
3450 1278 3573 1330 ἐπεὶ
3614 1280 3708 1332 καὶ

2123 1372 2220 1444 μία
2243 1372 2350 1427 τῶν
2386 1374 2600 1428 πάντων
2625 1373 2962 1437 διδασκαλία,
2995 1373 3089 1426 καὶ
3128 1371 3225 1442 μία
3277 1371 3479 1433 πίστις,
3522 1369 3621 1424 καὶ
3650 1370 3706 1423 ἓν

2120 1467 2402 1538 βάπτισμα
2435 1468 2528 1520 καὶ
2547 1469 2575 1521 ό
2600 1467 2760 1532 αὐτὸς
2791 1468 2946 1537 λόγος
2971 1467 3116 1538 (71)·
3152 1465 3232 1518 διὸ
3261 1463 3354 1518 καὶ
3379 1464 3477 1535 μία
3511 1465 3544 1535 ή
3575 1465 3705 1535 μνᾶ,

2117 1559 2374 1632 διάφορος
2401 1560 2457 1614 δὲ
2483 1559 2666 1624 αὐτοῖς
2685 1562 2718 1632 ἠ
2739 1561 2975 1633 ἐργασία
3001 1559 3240 1630 ἐγένετο,
3258 1557 3352 1611 καὶ
3379 1559 3414 1629 ἡ
3445 1574 3709 1628 πραγμα-

2115 1652 2234 1706 τεία
2255 1652 2504 1724 λαμπρὰ,
2545 1653 2574 1705 ὅ
2610 1654 2658 1705 τ’
2689 1653 2784 1706 ἐπὶ
2829 1653 3004 1728 ταύτῃ
3049 1652 3216 1723 πόρος
3260 1650 3533 1715 πλούσιος.
3593 1651 3707 1704 Καὶ

2114 1742 2290 1796 ταῦτα
2312 1741 2411 1813 μὲν
2442 1738 2510 1814 ἧν
2544 1735 2617 1796 ὧν
2656 1742 2820 1797 ἕνεκα
2844 1742 2940 1816 τὴν
2965 1742 3181 1814 μακρὰν
3220 1740 3444 1812 πορείαν
3479 1739 3508 1791 ό
3541 1739 3703 1807 εὖγε-

424 1833 576 1898 meis,
613 1830 775 1883 donec
815 1842 1008 1894 ponam
1038 1825 1276 1878 inimicos
1329 1832 1448 1878 tuos
1484 1823 1770 1880 scabellum
1811 1825 1995 1892 pedum

2105 1835 2202 1907 νὴς
2236 1836 2518 1890 ἐστέλλετο
2561 1837 2869 1910 ἄνθρωπος.
2914 1836 3076 1890 Ὅθεν
3126 1834 3344 1903 ἐλέγετο
3393 1832 3543 1904 αὑτῷ
3599 1833 3706 1886 ὑπὸ

421 1937 632 1980 tuorum
647 1922 714 1977 “.
744 1920 974 1988 Quinam
998 1932 1128 1972 vero
1158 1917 1268 1972 sint
1290 1915 1346 1972 hi
1375 1917 1602 1984 inimici,
1631 1917 1678 1972 si
1711 1918 1834 1987 quis
1857 1917 2004 1972 scire

421 2021 568 2077 avet,
603 2007 878 2080 parabolas
903 2015 1194 2063 contextus
1239 2007 1486 2072 docebit,
1520 2007 1608 2061 ubi
1652 2009 1801 2062 cives
1843 2008 2002 2062 indu-

418 2115 619 2161 cuntur
649 2101 793 2172 regis
817 2115 1037 2165 osores,
1073 2101 1298 2170 ejusque
1345 2099 1632 2169 imperium
1683 2099 1997 2156 detrectan-

417 2210 524 2263 tes,
557 2209 611 2254 et
637 2195 853 2253 eﬂronti
903 2193 1133 2248 audacia
1181 2191 1484 2262 eﬂ‘renique
1540 2207 1638 2248 ore
1701 2194 1995 2251 dicentes:

414 2291 680 2348 Nolumus
722 2288 866 2344 hunc
894 2297 1122 2356 regnare
1155 2297 1318 2353 super
1368 2299 1489 2340 nos.
1549 2283 1654 2341 Sed
1686 2287 1738 2341 hi
1764 2327 1780 2351 ,
1829 2298 2002 2357 quan-

414 2401 576 2456 quam
608 2384 778 2446 cives,
821 2393 1005 2450 regem
1057 2379 1335 2444 abnuunt;
1375 2377 1492 2448 ipse
1543 2390 1725 2435 autem
1769 2396 1801 2436 a
1835 2379 2000 2438 Patre

412 2477 570 2533 audit
604 2498 618 2534 :
647 2475 789 2531 Sede
840 2487 869 2527 a
903 2471 1110 2526 dextris
1127 2470 1283 2534 meis,
1325 2470 1498 2528 donec
1549 2471 1644 2526 tibi
1687 2472 1871 2528 hostes
1909 2487 2000 2542 pe-

411 2568 573 2624 dibus
611 2573 1021 2636 supponantur;
1056 2565 1295 2634 itemque
1330 2580 1346 2618 :
1393 2563 1694 2620 Dominaro'
1718 2566 1776 2620 in
1822 2565 1996 2620 medio

411 2645 749 2715 inﬁnitarum
785 2667 999 2712 tuorum
1021 2657 1090 2711 ⁸⁷.

2107 1925 2204 1979 τοῦ
2254 1926 2465 1998 Πατρός
2499 1944 2512 1956 ·
2544 1926 2742 1982 Κάθου
2791 1927 2860 1980 ἐκ
2906 1925 3119 1990 δεξιῶν
3155 1943 3297 1994 μου,
3345 1923 3457 1988 ἕως
3507 1922 3588 1976 ἂν
3623 1921 3706 1975 θῶ

2106 2018 2251 2084 τοὺς
2297 2020 2550 2089 ἐχθρούς
2595 2035 2712 2074 σου
2757 2018 3093 2073 ὑποπόδιον
3137 2017 3257 2071 τῶν
3299 2015 3503 2070 ποδῶν
3556 2029 3700 2068 σου.

2106 2115 2300 2178 Ποίους
2321 2116 2398 2179 δέ,
2425 2115 2478 2168 εἴ
2506 2133 2590 2179 τις
2629 2115 2852 2169 πύθοιτο
2890 2114 3082 2186 μαθεῖν
3125 2113 3346 2180 ἐθέλων,
3383 2110 3640 2182 ἐχθροὺς,
3672 2107 3703 2160 ό

2106 2205 2195 2259 διὰ
2228 2207 2328 2277 τῆς
2383 2207 2700 2278 παραϐολῆς
2739 2205 2939 2271 διδάξει
2973 2206 3164 2274 λόγος,
3212 2202 3552 2274 συμπολίτας
3591 2202 3703 2254 εἰσ-

2109 2298 2259 2367 άγων
2283 2298 2377 2352 τοῦ
2413 2298 2678 2369 βασιλέως
2711 2298 3000 2370 μισοῦντας
3017 2297 3178 2351 αὑτὸν
3206 2296 3298 2349 καὶ
3327 2292 3706 2366 παραιτουμέ-

2105 2404 2232 2454 νους
2263 2390 2428 2445 αὐτοῦ
2461 2391 2558 2463 τὴν
2597 2391 2792 2462 ἀρχὴν,
2819 2391 2998 2461 γυμνῇ
3021 2407 3079 2442 τε
3109 2390 3176 2460 τῇ
3210 2386 3418 2458 κεφαλῇ
3442 2385 3701 2454 λέγοντας

2104 2485 2198 2538 καὶ
2219 2483 2460 2556 ἀχαλίνῳ
2484 2485 2715 2557 στόματι
2735 2500 2749 2514 ο
2776 2485 2850 2537 Οὐ
2887 2482 3113 2553 θέλομεν
3158 2465 3347 2536 τοῦτον
3391 2478 3698 2551 βασιλεύειν

2102 2576 2190 2645 ἐφ’
2229 2578 2395 2647 ἡμᾶς.
2459 2577 2598 2630 Ἀλλ’
2629 2577 2679 2630 οἱ
2718 2575 2839 2648 μὲν,
2887 2573 3090 2644 καίπερ
3129 2571 3281 2635 ὄντες
3325 2569 3563 2635 πολῖται,
3607 2569 3698 2621 τὸν

2101 2661 2326 2730 βασιλέα
2359 2664 2639 2736 ἠρνοῦντο,
2673 2665 2702 2716 ό
2733 2663 2791 2717 δὲ
2824 2662 2928 2716 ὑπὸ
2957 2661 3053 2716 τοῦ
3089 2661 3300 2732 Πατρός
3344 2659 3552 2713 ἀκούει·
3584 2659 3698 2712 Κάρ

413 2751 508 2805 θου
542 2751 608 2804 ἐκ
645 2747 835 2814 δεξιῶν
878 2765 1000 2818 μου,
1037 2747 1142 2810 ἕως
1191 2748 1255 2801 ἂν
1299 2747 1404 2801 ὑπὸ
1452 2748 1619 2813 πόδας
1675 2749 1904 2803 τεθῶσιν
1950 2750 2001 2804 oi
2038 2751 2224 2824 ἐχθροί
2278 2771 2391 2808 σου·
2430 2758 2545 2808 καί⁶
2575 2755 2980 2824 Κατακυρίευε
3015 2754 3087 2807 ἐν
3114 2753 3283 2822 μέσῳ
3321 2749 3440 2805 τῶν
3461 2747 3696 2819 ἐχθρῶν

410 2861 548 2904 σου.

481 2943 604 2999 Jam
636 2943 763 3013 quia
797 2955 1023 3012 regnum
1059 2939 1176 3009 ejus
1215 2942 1526 2996 abnuerunt
1571 2942 1780 2998 inimici
1820 2943 1992 3014 ipsius

411 3038 582 3101 cives,
617 3035 812 3090 merito
845 3034 929 3088 eis
953 3032 1175 3086 aiebat:
1211 3033 1502 3100 Auferetur
1528 3051 1560 3088 a
1593 3035 1732 3089 vobis
1777 3052 1993 3106 regnum

409 3131 531 3192 Dei.
566 3139 615 3184 et
645 3130 858 3183 dabitur
894 3129 1032 3198 genti
1076 3129 1294 3197 facienti
1346 3129 1550 3186 fructus
1586 3131 1702 3198 ejus
1725 3131 1788 3188 ⁸⁸.
1833 3132 1993 3200 Quae-
2020 3163 2063 3221 C

409 3237 536 3277 nam
567 3234 697 3276 vero
721 3229 867 3276 esset
907 3235 1039 3291 gens
1069 3235 1236 3291 regno
1281 3221 1440 3290 digna
1467 3261 1481 3286 ,
1528 3223 1854 3292 signiﬁcavit
1901 3226 1992 3294 qui

411 3314 552 3368 dixit
595 3329 609 3366 :
648 3311 870 3368 Postulo
909 3331 941 3368 α
964 3330 1080 3378 me,
1120 3324 1168 3367 et
1202 3313 1338 3368 dabo
1365 3316 1460 3368 tibi
1491 3323 1668 3384 gentes
1707 3317 1994 3372 hwreditao

409 3417 512 3459 tem
533 3413 701 3460 tuam.
737 3405 1153 3486 Demonstrabat
1179 3415 1382 3469 autem,
1406 3409 1552 3462 cives
1578 3407 1830 3464 inimicos
1853 3408 1992 3478 ejus,

409 3500 554 3554 haud
583 3498 718 3554 alios
739 3514 860 3553 esse
901 3514 1065 3569 quam
1099 3499 1410 3555 Judteornm
1446 3509 1686 3571 gentem,
1711 3501 1800 3571 qui
1831 3501 1994 3570 primi

409 3604 438 3642 a
473 3589 778 3646 Servatoris
800 3592 973 3661 gratia
1019 3591 1279 3661 praeventi
1317 3592 1596 3646 contraria
1638 3593 1686 3646 ei
1726 3593 1994 3648 retribue-

407 3691 559 3736 runt.
600 3680 725 3737 Ideo
759 3683 825 3736 de
854 3682 989 3752 ipsis
1032 3683 1350 3752 prophetice
1409 3682 1592 3737 aiebat
1625 3699 1638 3735 :
1680 3680 1814 3736 Mala
1857 3682 1991 3736 mihi

406 3775 784 3830 retribuerunt
817 3791 829 3826 :
867 3791 967 3845 pro
1000 3789 1066 3829 eo
1094 3784 1149 3828 ut
1180 3789 1264 3829 me
1289 3774 1603 3845 diligerent,
1634 3774 1992 3830 detrahebant

407 3867 576 3932 mihi,
613 3875 670 3921 et
724 3869 896 3936 gratis
948 3875 1415 3936 Oppugnaverunt,
1465 3865 1759 3935 dolosaque
1808 3864 1992 3934 lingua

407 3967 598 4012 eontra
627 3974 712 4013 me
739 3968 863 4012 sunt
889 3959 1087 4023 locuti,
1117 3969 1172 4014 et
1203 3958 1549 4014 sermonibus
1594 3957 1704 4011 odii
1751 3957 1990 4012 circum-

406 4050 670 4105 dederunt
698 4066 782 4103 me
805 4049 887 4115 ";
948 4066 1142 4119 nempe
1188 4050 1518 4120 blasphemis
1570 4064 1710 4120 quos
1761 4050 1817 4103 in
1863 4064 1988 4104 eum

399 4143 629 4212 jaculari
675 4142 850 4197 solent
877 4144 1239 4210 sermonibus,
1271 4144 1631 4211 imprecantes
1659 4141 1733 4208 ei,
1764 4142 1990 4212 ipsoque

404 4249 570 4304 opere
591 4235 980 4304 propemodum
1005 4234 1245 4290 dicentes
1276 4251 1289 4286 :
1320 4234 1578 4290 Nolumus
1599 4235 1741 4289 hunc
1763 4249 1989 4305 regnare

407 4340 719 4396 supernos.
750 4325 1043 4396 Propterea
1072 4342 1178 4381 non
1209 4340 1376 4396 regno
1425 4335 1632 4381 tantum
1676 4326 1989 4397 spoliabun-

406 4429 531 4484 tur,
568 4436 754 4475 verum
787 4421 953 4474 etiam
996 4419 1234 4474 debitam
1290 4419 1555 4490 impietati
1607 4434 1720 4474 sua:
1767 4433 1988 4489 poenam

2184 2945 2338 2998 Ἐπεὶ
2362 2945 2419 2998 δέ
2455 2944 2670 3017 ἔξαρνοι
2709 2945 2811 3016 τῆς
2841 2944 3118 3016 βασιλείας
3155 2940 3321 2996 αὑτοῦ
3360 2941 3613 3010 ἐγένοντο
3645 2940 3690 2991 οί

2101 3033 2286 3110 ἐχθροὶ
2319 3037 2484 3092 αὐτοῦ
2521 3038 2758 3102 πολῖται,
2792 3037 3018 3101 εἰκότως
3046 3035 3182 3108 πρὸς
3206 3036 3402 3098 αὐτοὺς
3428 3033 3686 3103 ἔφασκεν·

2114 3129 2452 3200 Ἇρθήσεται
2491 3130 2592 3200 ἀφ’
2622 3129 2792 3201 ὑμῶν
2833 3129 2871 3198 ἡ
2912 3129 3204 3195 ,βασιλεία
3236 3128 3342 3182 τοῦ
3380 3127 3553 3190 Θεοῦ,
3592 3124 3692 3179 καὶ

2096 3223 2421 3291 δοθήσεται
2466 3225 2625 3279 ἔθνει
2670 3224 2942 3280 ποιοῦντι
2986 3223 3130 3288 τοὺς
3173 3223 3441 3292 καρποὺς
3475 3221 3685 3291 αὐτῆς.

2096 3317 2255 3371 Ποῖον
2280 3317 2336 3370 δέ
2365 3312 2434 3390 ἦν
2465 3316 2526 3370 τὸ
2557 3316 2709 3380 ἐθνος
2739 3316 2800 3370 τὸ
2832 3316 2934 3386 τῆς
2980 3316 3257 3387 βασιλείας
3293 3315 3464 3382 ἄξιον,
3501 3315 3687 3387 ἐδήλου

2093 3411 2122 3464 ό
2152 3410 2352 3467 εἰπών’
2387 3411 2646 3480 Αἵτησαι
2677 3411 2814 3478 παρ’
2846 3410 3015 3479 ἐμοῦ,
3056 3411 3156 3464 καὶ
3197 3409 3372 3462 δώσω
3400 3424 3503 3463 σοι
3540 3408 3685 3476 ἔθνη

2092 3501 2210 3572 τὴν
2238 3502 2644 3571 κληρονομίαν
2666 3516 2804 3555 σου.
2855 3501 3077 3572 Ἐδὴλου
3105 3501 3161 3555 δὲ
3198 3499 3423 3560 πολίτας
3459 3497 3686 3569 ἐχθροὺς

2094 3590 2258 3646 αὑτοῦ
2280 3593 2378 3662 οὐχ
2400 3591 2621 3664 ἐτέρους
2642 3591 2736 3645 τοῦ
2776 3589 3041 3644 Ἰουδαίων
3081 3590 3285 3653 ἔθνους,
3320 3589 3369 3642 οἳ
3405 3587 3487 3658 δὴ,
3527 3585 3680 3657 πρῶ-

2091 3700 2174 3736 τοι
2207 3682 2306 3752 τῆς
2336 3681 2432 3736 τοῦ
2469 3684 2721 3754 Σωτῆρος
2761 3683 2982 3754 χάριτος
3013 3681 3325 3752 ἠξιωμένοι,
3369 3682 3482 3742 τοῖς
3530 3681 3681 3732 ἐνανο

2091 3774 2226 3838 τίοις
2258 3773 2420 3829 αὑτὸν
2465 3773 2759 3845 ἠμύναντο.
2810 3774 2901 3827 Διὸ
2939 3774 3068 3846 περὶ
3111 3772 3290 3826 αὐτῶν
3333 3768 3685 3840 προφητικῶς

2093 3867 2304 3938 ἔλεγεν·
2351 3866 2851 3923 Ἀνταπεδίδοσάν
2867 3884 2971 3937 μοι
2998 3865 3250 3935 πονηράο
3277 3864 3410 3918 ἀντὶ
3443 3860 3683 3932 ἀγαπᾷν

2085 3979 2185 4031 με,
2219 3959 2613 4016 ἐνδιέϐαλλόν
2634 3977 2732 4030 με,
2763 3959 2862 4014 καὶ
2889 3957 3282 4028 ἐπολέμησαν
3304 3955 3552 4024 δωρεὰν,
3580 3952 3678 4007 καί

2089 4053 2407 4122 ἐλάλησαν
2444 4054 2574 4106 κατ’
2624 4051 2773 4122 ἐμοῦ
2822 4050 3071 4121 γλώσσῃ
3113 4049 3310 4116 δολία,
3353 4047 3678 4117 καὶλόγοις

2085 4147 2310 4216 μίσους
2358 4145 2737 4199 ἐκύκλωσαν·
2789 4143 2856 4196 δι’
2894 4135 2970 4196 ὧν
3016 4139 3417 4214 προϐάλλεσθαι
3453 4137 3676 4192 εἰώθασι

2091 4236 2213 4289 κατ’
2242 4234 2409 4289 αὑτοῦ
2455 4234 2792 4306 βλασφήμων
2821 4231 3018 4302 λόγων,
3055 4229 3443 4301 κατευχόμενοί
3475 4247 3535 4282 τε
3577 4229 3675 4283 αὐ-

2090 4325 2208 4390 τοῦ,
2237 4326 2333 4379 καὶ
2369 4323 2526 4396 μόνον
2559 4325 2660 4380 οὐκ
2688 4324 2872 4387 αὐτοῖς
2910 4321 3160 4392 λέγοντες
3207 4323 3318 4383 τοῖς
3353 4319 3536 4389 ἔργοις
3557 4336 3570 4348 ·
3602 4317 3676 4372 Οὐ

2091 4417 2319 4490 θέλομεν
2343 4415 2532 4471 τοῦτον
2564 4413 2878 4488 βασιλεῦσαι
2905 4415 2989 4484 ἐφ’
3011 4414 3187 4485 qua;
3209 4411 3301 4464 Διὸ
3321 4411 3386 4482 δὴ
3419 4411 3480 4464 οὐ
3515 4410 3678 4482 μόνον

405 4511 666 4566 referent.
718 4511 879 4567 Cives
941 4525 1068 4568 vero
1119 4511 1237 4565 illos
1293 4510 1348 4565 in
1415 4509 1672 4580 parabola
1725 4509 1983 4580 appellat,

2102 4510 2189 4581 τῆς
2213 4509 2489 4581 βασιλείας
2514 4509 2958 4582 στερηθήσονται,
2989 4506 3124 4560 ἀλλὰ
3166 4498 3260 4558 καὶ
3295 4504 3572 4558 πείσονται
3609 4503 3677 4558 τὰ

404 4605 604 4676 quippe
631 4619 698 4660 ex
722 4605 912 4658 eadem
942 4604 1272 4675 cognatione
1307 4601 1570 4658 oriundus
1595 4642 1610 4667 ,
1635 4603 1893 4672 quoniam
1931 4610 1987 4671 et

403 4699 520 4769 ipse
545 4714 612 4753 ex
641 4697 830 4753 iisdem
868 4696 1310 4769 progenitoribus
1332 4710 1505 4766 genus
1526 4695 1760 4751 ducebat
1794 4709 1986 4750 secune

401 4794 529 4850 dum
558 4793 741 4848 carnis
767 4792 1130 4857 nativitatem,
1155 4802 1209 4848 et
1228 4793 1353 4862 quia
1378 4805 1532 4858 mque
1557 4789 1656 4845 sub
1680 4789 1795 4860 lege
1818 4789 1984 4844 vitam

401 4885 656 4957 degebat.
699 4886 878 4954 Atque
923 4887 1035 4939 hare
1079 4885 1237 4954 primi
1285 4883 1402 4953 ejus
1446 4884 1709 4938 adventus
1767 4881 1982 4952 propria

401 4981 570 5041 suum
609 4975 741 5044 Quae
781 4993 902 5032 cum
944 4978 1201 5031 Servator
1249 4977 1322 5030 ita
1382 4975 1697 5038 docuisset,
1731 4973 1982 5042 deinceps

397 5070 636 5125 reditum
683 5085 838 5125 suum
879 5070 1174 5140 gloriosum
1219 5079 1382 5138 atque
1413 5066 1644 5137 regalem
1695 5065 1858 5129 sistit,
1902 5072 1984 5119 te-

399 5173 554 5219 stans
600 5161 717 5217 fore
770 5169 829 5215 ut
875 5163 942 5215 de
991 5160 1245 5215 omnibus
1295 5169 1424 5214 tunc
1461 5157 1666 5226 justum
1718 5156 1981 5228 judicium

399 5264 676 5311 exerceat.
708 5253 843 5309 Nam
879 5254 944 5309 iis
968 5255 1059 5324 qui
1092 5255 1231 5308 bene
1253 5267 1314 5306 ac
1341 5251 1572 5307 ﬁdeliter
1611 5265 1792 5304 mnam
1841 5248 1978 5303 mul-

402 5346 800 5415 tiplicaverint,
841 5362 1140 5417 congruum
1188 5346 1467 5416 praemium
1519 5343 1839 5406 conferens,
1875 5341 1974 5396 do-

399 5440 599 5494 minari
629 5455 814 5496 secum
841 5448 896 5496 et
921 5452 1258 5510 conregnare
1282 5436 1542 5492 concedet
1585 5454 1598 5490 :
1647 5437 1695 5491 ei
1729 5449 1856 5490 vero
1880 5432 1973 5502 qui

398 5543 498 5599 per
525 5533 830 5587 socordiam
870 5539 1034 5602 atque
1071 5529 1343 5598 ignaviam
1379 5528 1708 5584 dominicum
1751 5525 1972 5580 manda-

2085 4605 2340 4677 ἐπίχειρα
2371 4605 2471 4674 τῆς
2497 4602 2678 4656 αὐτῶν
2712 4599 3048 4662 δυσσεϐείας.
3099 4597 3331 4662 Πολίτας
3372 4597 3430 4650 δὲ
3479 4596 3675 4660 αὐτοὺς

2082 4695 2170 4749 διὰ
2204 4697 2304 4766 τῆς
2340 4693 2658 4766 παραϐολῆς
2694 4690 3002 4762 ὠνόμαζεν,
3038 4690 3133 4744 ἅτε
3165 4689 3230 4760 δὴ
3270 4691 3335 4743 ἐκ
3365 4689 3468 4759 τῆς
3504 4689 3674 4759 αὐτῆς

2081 4785 2438 4858 ὁρμωμένους
2461 4783 2610 4854 αὑτῷ
2640 4781 2980 4850 συγγενείαςο
3011 4782 3134 4834 ἐπεὶ
3165 4781 3258 4832 καὶ
3287 4779 3449 4842 αὐτὸς
3478 4781 3544 4832 ἐκ
3569 4779 3673 4831 τῶν

2082 4878 2262 4932 αὐτῶν
2287 4877 2511 4950 ὡρμᾶτο
2539 4875 2900 4947 προπατόρων
2929 4874 3072 4928 κατὰ
3091 4875 3189 4945 τὴν
3215 4872 3480 4944 ἐνσαρκον
3509 4871 3672 4925 αὐτοῦ

2081 4971 2314 5040 γένεσιν,
2348 4970 2439 5022 κα)⁸
2468 4968 2697 5038 ἐπείπερ
2727 4965 2828 5036 τῆς
2855 4966 3088 5037 νομίμου
3119 4965 3318 5036 ὁμοίως
3340 4966 3526 5028 αὐτοῖς
3550 4982 3670 5036 μετα

2078 5061 2165 5134 ῄει
2203 5061 2493 5124 πολιτείας.
2542 5059 2726 5114 Ταῦτα
2775 5059 2872 5130 μὲν
2913 5054 3006 5112 οὖν
3053 5056 3438 5128 παραστατικὰ
3485 5057 3552 5112 ἂν
3586 5058 3666 5128 εἴη

2079 5156 2179 5226 τῆς
2213 5152 2434 5225 πρώτης
2463 5151 2628 5206 αὑτοῦ
2654 5151 2911 5220 ἀφίξεως.
2952 5151 3106 5204 Ἐπεὶ
3132 5148 3188 5201 δὲ
3215 5147 3388 5202 ταῦτα
3421 5148 3449 5201 ό
3473 5148 3665 5220 Σωτὴρ

2084 5246 2272 5300 τοῦτον
2307 5243 2509 5310 ἐδίδαξε
2541 5243 2633 5297 τὸν
2656 5243 2874 5314 τρόπον,
2917 5239 3226 5303 ἀκολούθως
3273 5237 3372 5310 τὴν
3410 5237 3665 5292 ἐπάνοδον

2085 5338 2250 5394 αὐτοῦ
2270 5338 2368 5409 τὴν
2397 5336 2604 5402 ἔνδοξον
2636 5337 2730 5389 καὶ
2759 5335 3045 5407 βασιλικὴν
3091 5333 3352 5404 παρίστη,
3391 5332 3661 5405 μαρτυρό-

2084 5450 2242 5504 μενος
2281 5431 2473 5484 ὁποίαν
2519 5429 2638 5484 τότε
2679 5429 2962 5498 ποιήσεται
3003 5428 3102 5499 τὴν
3145 5427 3289 5481 κατὰ
3329 5425 3552 5479 πάντων
3588 5425 3662 5479 διο

2078 5521 2456 5594 καιοκρισίανο
2489 5524 2601 5585 τοῖς
2637 5522 2734 5592 μὲν
2767 5521 2875 5592 γὰρ
2907 5515 2968 5574 εὗ
3011 5521 3106 5574 καὶ
3147 5518 3354 5583 πιστῶς
3391 5518 3490 5590 τὴν
3530 5518 3665 5589 μνᾶν

467 5690 517 5723 ⁸⁸
543 5689 676 5746 Luc.
704 5706 818 5755 nx,
845 5690 932 5746 15.
1008 5692 1052 5726 ’⁸³
1079 5692 1274 5763 Ephcs.
1304 5707 1377 5759 Iv,
1401 5692 1455 5747 5.
1531 5691 1577 5725 “
1602 5689 1743 5749 Psal.
1767 5707 1876 5758 elx,
1905 5691 1953 5746 l.

2108 5691 2236 5756 ibid.
2263 5691 2320 5747 2.
2399 5692 2443 5722 ⁸⁸
2473 5690 2658 5750 Matth.
2682 5708 2794 5760 XXI,
2819 5691 2914 5746 45.
2988 5691 3032 5724 ⁸³
3055 5689 3196 5746 Psal.
3219 5702 3374 5755 cvm,
3396 5685 3454 5742 2.

469 5813 581 5886 (το)
605 5813 737 5872 Cod.
777 5813 908 5869 ἐστ’.

2153 5811 2264 5884 (7t)
2287 5810 2365 5868 ita
2393 5811 2514 5869 cod.
