  <div class='ocr_page' id='page_1' title='image "/cluster/home/n/w/nwhite01/storage/ocr_20150623/24/nnc1.0046978259/324.png"; bbox 0 0 3858 6214; ppageno 0'>
   <div class='ocr_carea' id='block_1_1' title="bbox 1359 321 2274 401">
    <p class='ocr_par' dir='ltr' id='par_1_1' title="bbox 1359 321 2274 401">
     <span class='ocr_line' id='line_1_1' title="bbox 1359 321 2274 401; baseline 0.008 -7"><span class='ocrx_word' id='word_1_1' title='bbox 1359 325 1968 396; x_wconf 65' lang='grc' dir='ltr'><strong>ΟΟΜΜΕΝΤΑΒΙΑῚΝ</strong></span> <span class='ocrx_word' id='word_1_2' title='bbox 2006 321 2274 401; x_wconf 75' lang='lat' dir='ltr'><strong>LUCAM.’</strong></span> 
     </span>
    </p>
   </div>
   <div class='ocr_carea' id='block_1_2' title="bbox 3333 347 3444 405">
    <p class='ocr_par' dir='ltr' id='par_1_2' title="bbox 3333 347 3444 405">
     <span class='ocr_line' id='line_1_2' title="bbox 3333 347 3444 405; baseline 0.018 -2"><span class='ocrx_word' id='word_1_3' title='bbox 3333 347 3444 405; x_wconf 66' lang='lat'><strong>596</strong></span> 
     </span>
    </p>
   </div>
   <div class='ocr_carea' id='block_1_3' title="bbox 169 455 1744 531">
    <p class='ocr_par' dir='ltr' id='par_1_3' title="bbox 169 455 1744 529">
     <span class='ocr_line' id='line_1_3' title="bbox 169 455 1744 529; baseline -0.001 -19"><span class='ocrx_word' id='word_1_4' title='bbox 169 455 641 513; x_wconf 83' lang='grc' dir='ltr'>πολυπλασιάσασι</span> <span class='ocrx_word' id='word_1_5' title='bbox 674 456 771 527; x_wconf 85' lang='grc' dir='ltr'>τὴν</span> <span class='ocrx_word' id='word_1_6' title='bbox 816 455 1134 529; x_wconf 87' lang='grc' dir='ltr'>πρέπουσαν</span> <span class='ocrx_word' id='word_1_7' title='bbox 1179 455 1465 520; x_wconf 74' lang='grc' dir='ltr'>ἀποδιδοὺς</span> <span class='ocrx_word' id='word_1_8' title='bbox 1496 455 1744 528; x_wconf 79' lang='grc' dir='ltr'>ἀμοιϐὴν</span> 
     </span>
    </p>
   </div>
   <div class='ocr_carea' id='block_1_4' title="bbox 1853 455 3439 531">
    <p class='ocr_par' dir='ltr' id='par_1_4' title="bbox 1867 458 3439 531">
     <span class='ocr_line' id='line_1_4' title="bbox 1867 458 3439 531; baseline 0.003 -18"><span class='ocrx_word' id='word_1_9' title='bbox 1867 465 1979 513; x_wconf 89' lang='lat' dir='ltr'><strong>tum</strong></span> <span class='ocrx_word' id='word_1_10' title='bbox 2009 458 2332 531; x_wconf 79' lang='lat' dir='ltr'><strong>neglexerit,</strong></span> <span class='ocrx_word' id='word_1_11' title='bbox 2374 469 2431 515; x_wconf 91' lang='lat' dir='ltr'><strong>et</strong></span> <span class='ocrx_word' id='word_1_12' title='bbox 2461 459 2620 516; x_wconf 87' lang='lat' dir='ltr'><strong>otiari</strong></span> <span class='ocrx_word' id='word_1_13' title='bbox 2664 459 2959 531; x_wconf 74' lang='lat' dir='ltr'><strong>feriarique</strong></span> <span class='ocrx_word' id='word_1_14' title='bbox 2991 459 3317 530; x_wconf 65' lang='lat' dir='ltr'><strong>praetulerit,</strong></span> <span class='ocrx_word' id='word_1_15' title='bbox 3342 478 3439 517; x_wconf 87' lang='lat' dir='ltr'><strong>ne-</strong></span> 
     </span>
    </p>
   </div>
   <div class='ocr_carea' id='block_1_5' title="bbox 168 547 1754 621">
    <p class='ocr_par' dir='ltr' id='par_1_5' title="bbox 168 547 1754 621">
     <span class='ocr_line' id='line_1_5' title="bbox 168 547 1754 621; baseline 0 -20"><span class='ocrx_word' id='word_1_16' title='bbox 168 548 459 620; x_wconf 79' lang='grc' dir='ltr'>συνάρχειν</span> <span class='ocrx_word' id='word_1_17' title='bbox 504 547 653 620; x_wconf 83' lang='grc' dir='ltr'>αὐτῷ</span> <span class='ocrx_word' id='word_1_18' title='bbox 690 548 783 602; x_wconf 75' lang='grc' dir='ltr'>καὶ</span> <span class='ocrx_word' id='word_1_19' title='bbox 832 548 1253 619; x_wconf 60' lang='grc' dir='ltr'><strong>συμβασιλεύειν</strong></span> <span class='ocrx_word' id='word_1_20' title='bbox 1302 548 1619 621; x_wconf 75' lang='grc' dir='ltr'>ἐπιτρέψει·</span> <span class='ocrx_word' id='word_1_21' title='bbox 1674 548 1754 619; x_wconf 85' lang='grc' dir='ltr'>τῷ</span> 
     </span>
    </p>
   </div>
   <div class='ocr_carea' id='block_1_6' title="bbox 160 639 1758 713">
    <p class='ocr_par' dir='ltr' id='par_1_6' title="bbox 160 639 1758 713">
     <span class='ocr_line' id='line_1_6' title="bbox 160 639 1758 713; baseline -0.001 -16"><span class='ocrx_word' id='word_1_22' title='bbox 160 641 225 696; x_wconf 71' lang='grc' dir='ltr'>δὲ</span> <span class='ocrx_word' id='word_1_23' title='bbox 248 643 371 696; x_wconf 82' lang='grc' dir='ltr'>κατ’</span> <span class='ocrx_word' id='word_1_24' title='bbox 397 643 553 697; x_wconf 73' lang='grc' dir='ltr'>ὄκνον</span> <span class='ocrx_word' id='word_1_25' title='bbox 581 641 678 696; x_wconf 70' lang='grc' dir='ltr'>καὶ</span> <span class='ocrx_word' id='word_1_26' title='bbox 706 639 976 713; x_wconf 77' lang='grc' dir='ltr'>ρᾳθυμίαν</span> <span class='ocrx_word' id='word_1_27' title='bbox 999 640 1297 713; x_wconf 80' lang='grc' dir='ltr'>ἠμεληκότι</span> <span class='ocrx_word' id='word_1_28' title='bbox 1323 641 1424 712; x_wconf 82' lang='grc' dir='ltr'>τῆς</span> <span class='ocrx_word' id='word_1_29' title='bbox 1444 642 1537 694; x_wconf 82' lang='grc' dir='ltr'><strong>τοῦ</strong></span> <span class='ocrx_word' id='word_1_30' title='bbox 1557 643 1758 696; x_wconf 88' lang='grc' dir='ltr'>Δεσπό-</span> 
     </span>
    </p>
   </div>
   <div class='ocr_carea' id='block_1_7' title="bbox 1862 551 3439 622">
    <p class='ocr_par' dir='ltr' id='par_1_7' title="bbox 1862 551 3439 622">
     <span class='ocr_line' id='line_1_7' title="bbox 1862 551 3439 622; baseline 0.005 -19"><span class='ocrx_word' id='word_1_31' title='bbox 1862 564 1969 620; x_wconf 90' lang='lat' dir='ltr'><strong>que</strong></span> <span class='ocrx_word' id='word_1_32' title='bbox 2003 552 2318 622; x_wconf 74' lang='lat' dir='ltr'><strong>negotiandi</strong></span> <span class='ocrx_word' id='word_1_33' title='bbox 2350 551 2593 607; x_wconf 84' lang='lat' dir='ltr'><strong>laborem</strong></span> <span class='ocrx_word' id='word_1_34' title='bbox 2637 551 2880 622; x_wconf 86' lang='lat' dir='ltr'><strong>perferre</strong></span> <span class='ocrx_word' id='word_1_35' title='bbox 2901 553 3156 620; x_wconf 86' lang='lat' dir='ltr'><strong>voluerit,</strong></span> <span class='ocrx_word' id='word_1_36' title='bbox 3181 558 3439 612; x_wconf 85' lang='lat' dir='ltr'><strong>acerbam</strong></span> 
     </span>
    </p>
   </div>
   <div class='ocr_carea' id='block_1_8' title="bbox 1864 643 2367 711">
    <p class='ocr_par' dir='ltr' id='par_1_8' title="bbox 1864 643 2367 711">
     <span class='ocr_line' id='line_1_8' title="bbox 1864 643 2367 711; baseline 0.004 -15"><span class='ocrx_word' id='word_1_37' title='bbox 1864 655 2084 710; x_wconf 75' lang='lat' dir='ltr'><strong>ptenam</strong></span> <span class='ocrx_word' id='word_1_38' title='bbox 2109 643 2367 711; x_wconf 79' lang='lat' dir='ltr'><strong>imponet.</strong></span> 
     </span>
    </p>
   </div>
   <div class='ocr_carea' id='block_1_9' title="bbox 161 731 3439 810">
    <p class='ocr_par' dir='ltr' id='par_1_9' title="bbox 161 731 3439 810">
     <span class='ocr_line' id='line_1_9' title="bbox 161 731 3439 810; baseline 0.002 -24"><span class='ocrx_word' id='word_1_39' title='bbox 161 748 262 788; x_wconf 85' lang='grc' dir='ltr'><strong>του</strong></span> <span class='ocrx_word' id='word_1_40' title='bbox 307 732 784 806; x_wconf 81' lang='grc' dir='ltr'><strong>παρακελεύσεως,</strong></span> <span class='ocrx_word' id='word_1_41' title='bbox 826 731 1025 804; x_wconf 82' lang='grc' dir='ltr'>ἀργίαν</span> <span class='ocrx_word' id='word_1_42' title='bbox 1099 749 1160 785; x_wconf 90' lang='grc' dir='ltr'><strong>τε</strong></span> <span class='ocrx_word' id='word_1_43' title='bbox 1235 734 1329 786; x_wconf 62' lang='grc' dir='ltr'><strong>καὶ⁹</strong></span> <span class='ocrx_word' id='word_1_44' title='bbox 1412 732 1607 805; x_wconf 82' lang='grc' dir='ltr'>σχολὴν</span> <span class='ocrx_word' id='word_1_45' title='bbox 1668 733 2009 805; x_wconf 68' lang='grc' dir='ltr'>ἠγαπηκότι,</span> <span class='ocrx_word' id='word_1_46' title='bbox 2064 735 2201 808; x_wconf 87' lang='grc' dir='ltr'>μηδὲ</span> <span class='ocrx_word' id='word_1_47' title='bbox 2230 736 2564 809; x_wconf 80' lang='grc' dir='ltr'><strong>βουληθέντι</strong></span> <span class='ocrx_word' id='word_1_48' title='bbox 2619 738 2711 792; x_wconf 83' lang='grc' dir='ltr'>τὸν</span> <span class='ocrx_word' id='word_1_49' title='bbox 2766 738 2927 792; x_wconf 83' lang='grc' dir='ltr'>πόνον</span> <span class='ocrx_word' id='word_1_50' title='bbox 2981 739 3269 810; x_wconf 77' lang='grc' dir='ltr'>ὑπομεῖναι</span> <span class='ocrx_word' id='word_1_51' title='bbox 3335 734 3439 810; x_wconf 71' lang='grc' dir='ltr'><strong>τῆς</strong></span> 
     </span>
    </p>
   </div>
   <div class='ocr_carea' id='block_1_10' title="bbox 162 827 1335 900">
    <p class='ocr_par' dir='ltr' id='par_1_10' title="bbox 162 827 1335 900">
     <span class='ocr_line' id='line_1_10' title="bbox 162 827 1335 900; baseline 0.002 -19"><span class='ocrx_word' id='word_1_52' title='bbox 162 828 574 900; x_wconf 78' lang='grc' dir='ltr'>πραγματείας,</span> <span class='ocrx_word' id='word_1_53' title='bbox 605 827 809 897; x_wconf 84' lang='grc' dir='ltr'>πικρὰν</span> <span class='ocrx_word' id='word_1_54' title='bbox 832 828 1134 898; x_wconf 83' lang='grc' dir='ltr'>ἐπαρτήσει</span> <span class='ocrx_word' id='word_1_55' title='bbox 1160 827 1335 899; x_wconf 88' lang='grc' dir='ltr'>δίκην.</span> 
     </span>
    </p>
   </div>
   <div class='ocr_carea' id='block_1_11' title="bbox 276 917 1635 989">
    <p class='ocr_par' dir='ltr' id='par_1_11' title="bbox 276 917 1635 989">
     <span class='ocr_line' id='line_1_11' title="bbox 276 917 1635 989; baseline 0.002 -15"><span class='ocrx_word' id='word_1_56' title='bbox 276 919 425 974; x_wconf 83' lang='grc' dir='ltr'>Ἶσθι</span> <span class='ocrx_word' id='word_1_57' title='bbox 448 917 742 985; x_wconf 78' lang='grc' dir='ltr'>ἐξουσίαν</span> <span class='ocrx_word' id='word_1_58' title='bbox 778 917 937 989; x_wconf 75' lang='grc' dir='ltr'><strong>ἔχων</strong></span> <span class='ocrx_word' id='word_1_59' title='bbox 961 918 1164 974; x_wconf 83' lang='grc' dir='ltr'><strong>ἐπάνω</strong></span> <span class='ocrx_word' id='word_1_60' title='bbox 1199 919 1349 974; x_wconf 81' lang='grc' dir='ltr'>δέκα</span> <span class='ocrx_word' id='word_1_61' title='bbox 1379 922 1635 977; x_wconf 75' lang='grc' dir='ltr'>πόλεων.</span> 
     </span>
    </p>
   </div>
   <div class='ocr_carea' id='block_1_12' title="bbox 233 1002 1761 1092">
    <p class='ocr_par' dir='ltr' id='par_1_12' title="bbox 233 1002 1761 1092">
     <span class='ocr_line' id='line_1_12' title="bbox 233 1002 1761 1092; baseline 0.003 -28"><span class='ocrx_word' id='word_1_62' title='bbox 233 1009 515 1092; x_wconf 79' lang='grc' dir='ltr'>Βασιλεῖαι</span> <span class='ocrx_word' id='word_1_63' title='bbox 536 1009 647 1084; x_wconf 79' lang='grc' dir='ltr'>γὰρ</span> <span class='ocrx_word' id='word_1_64' title='bbox 673 1002 856 1076; x_wconf 76' lang='grc' dir='ltr'>αὗται,</span> <span class='ocrx_word' id='word_1_65' title='bbox 874 1011 1178 1083; x_wconf 82' lang='grc' dir='ltr'>πρέπουσαι</span> <span class='ocrx_word' id='word_1_66' title='bbox 1212 1013 1556 1084; x_wconf 70' lang='grc' dir='ltr'>προαγωγαὶ,</span> <span class='ocrx_word' id='word_1_67' title='bbox 1586 1012 1761 1089; x_wconf 78' lang='grc' dir='ltr'>ἀρχὰς</span> 
     </span>
    </p>
   </div>
   <div class='ocr_carea' id='block_1_13' title="bbox 156 1101 1756 1176">
    <p class='ocr_par' dir='ltr' id='par_1_13' title="bbox 156 1101 1756 1176">
     <span class='ocr_line' id='line_1_13' title="bbox 156 1101 1756 1176; baseline -0.001 -18"><span class='ocrx_word' id='word_1_68' title='bbox 156 1101 469 1175; x_wconf 81' lang='grc' dir='ltr'>ἀνθρώπων</span> <span class='ocrx_word' id='word_1_69' title='bbox 496 1103 592 1157; x_wconf 83' lang='grc' dir='ltr'>καὶ</span> <span class='ocrx_word' id='word_1_70' title='bbox 617 1103 917 1176; x_wconf 81' lang='grc' dir='ltr'>ἡγεμονίας</span> <span class='ocrx_word' id='word_1_71' title='bbox 958 1102 1069 1157; x_wconf 86' lang='grc' dir='ltr'><strong>τῶν</strong></span> <span class='ocrx_word' id='word_1_72' title='bbox 1124 1103 1491 1176; x_wconf 82' lang='grc' dir='ltr'>ἀτελεστέρων</span> <span class='ocrx_word' id='word_1_73' title='bbox 1524 1103 1606 1157; x_wconf 79' lang='grc' dir='ltr'><strong>ἐτι</strong></span> <span class='ocrx_word' id='word_1_74' title='bbox 1652 1103 1756 1172; x_wconf 77' lang='grc' dir='ltr'>ψυ-</span> 
     </span>
    </p>
   </div>
   <div class='ocr_carea' id='block_1_14' title="bbox 156 1195 1757 1269">
    <p class='ocr_par' dir='ltr' id='par_1_14' title="bbox 156 1195 1757 1269">
     <span class='ocr_line' id='line_1_14' title="bbox 156 1195 1757 1269; baseline -0.001 -20"><span class='ocrx_word' id='word_1_75' title='bbox 156 1195 274 1268; x_wconf 85' lang='grc' dir='ltr'>χῶν</span> <span class='ocrx_word' id='word_1_76' title='bbox 302 1198 417 1260; x_wconf 84' lang='grc' dir='ltr'>τοῖς</span> <span class='ocrx_word' id='word_1_77' title='bbox 458 1197 517 1250; x_wconf 80' lang='grc' dir='ltr'><strong>ἐν</strong></span> <span class='ocrx_word' id='word_1_78' title='bbox 544 1196 712 1267; x_wconf 81' lang='grc' dir='ltr'>ὀλίγῳ</span> <span class='ocrx_word' id='word_1_79' title='bbox 743 1196 842 1267; x_wconf 80' lang='grc' dir='ltr'>τὴν</span> <span class='ocrx_word' id='word_1_80' title='bbox 876 1196 1108 1268; x_wconf 79' lang='grc' dir='ltr'>δοκιμὴν</span> <span class='ocrx_word' id='word_1_81' title='bbox 1144 1197 1606 1269; x_wconf 78' lang='grc' dir='ltr'>παρεσχημένοις,</span> <span class='ocrx_word' id='word_1_82' title='bbox 1657 1198 1757 1250; x_wconf 84' lang='grc' dir='ltr'>ἐπ-</span> 
     </span>
    </p>
   </div>
   <div class='ocr_carea' id='block_1_15' title="bbox 116 1277 1750 1360">
    <p class='ocr_par' dir='ltr' id='par_1_15' title="bbox 116 1277 1750 1360">
     <span class='ocr_line' id='line_1_15' title="bbox 116 1277 1750 1360; baseline -0.001 -19"><span class='ocrx_word' id='word_1_83' title='bbox 116 1277 124 1283; x_wconf 71' lang='grc'><em>’</em></span> <span class='ocrx_word' id='word_1_84' title='bbox 154 1286 330 1355; x_wconf 79' lang='grc' dir='ltr'>αξίως</span> <span class='ocrx_word' id='word_1_85' title='bbox 377 1279 451 1341; x_wconf 70' lang='grc' dir='ltr'>ὧν</span> <span class='ocrx_word' id='word_1_86' title='bbox 496 1287 1022 1360; x_wconf 78' lang='grc' dir='ltr'>ἐπραγματεύσαντο</span> <span class='ocrx_word' id='word_1_87' title='bbox 1047 1287 1188 1341; x_wconf 84' lang='grc' dir='ltr'>κατὰ</span> <span class='ocrx_word' id='word_1_88' title='bbox 1222 1287 1316 1342; x_wconf 86' lang='grc' dir='ltr'>τὸν</span> <span class='ocrx_word' id='word_1_89' title='bbox 1361 1287 1576 1359; x_wconf 88' lang='grc' dir='ltr'>πρῶτον</span> <span class='ocrx_word' id='word_1_90' title='bbox 1614 1286 1750 1358; x_wconf 88' lang='grc' dir='ltr'>βίον,</span> 
     </span>
    </p>
   </div>
   <div class='ocr_carea' id='block_1_16' title="bbox 154 1378 1753 1452">
    <p class='ocr_par' dir='ltr' id='par_1_16' title="bbox 154 1378 1753 1452">
     <span class='ocr_line' id='line_1_16' title="bbox 154 1378 1753 1452; baseline -0.001 -18"><span class='ocrx_word' id='word_1_91' title='bbox 154 1378 537 1452; x_wconf 73' lang='grc' dir='ltr'>χαριζόμεναι.</span> <span class='ocrx_word' id='word_1_92' title='bbox 561 1379 770 1444; x_wconf 90' lang='grc' dir='ltr'>Μάθοις</span> <span class='ocrx_word' id='word_1_93' title='bbox 801 1380 846 1433; x_wconf 79' lang='grc' dir='ltr'>δ’</span> <span class='ocrx_word' id='word_1_94' title='bbox 881 1380 950 1435; x_wconf 77' lang='grc' dir='ltr'>ἂν</span> <span class='ocrx_word' id='word_1_95' title='bbox 975 1380 1084 1434; x_wconf 90' lang='grc' dir='ltr'><strong>τῶν</strong></span> <span class='ocrx_word' id='word_1_96' title='bbox 1115 1379 1424 1452; x_wconf 76' lang='grc' dir='ltr'>εἰρημένων</span> <span class='ocrx_word' id='word_1_97' title='bbox 1457 1379 1661 1433; x_wconf 87' lang='grc' dir='ltr'>δούλων</span> <span class='ocrx_word' id='word_1_98' title='bbox 1689 1378 1753 1433; x_wconf 77' lang='grc' dir='ltr'>τὸ</span> 
     </span>
    </p>
   </div>
   <div class='ocr_carea' id='block_1_17' title="bbox 154 1471 1749 1545">
    <p class='ocr_par' dir='ltr' id='par_1_17' title="bbox 154 1471 1749 1545">
     <span class='ocr_line' id='line_1_17' title="bbox 154 1471 1749 1545; baseline -0.001 -19"><span class='ocrx_word' id='word_1_99' title='bbox 154 1475 403 1545; x_wconf 79' lang='grc' dir='ltr'>γνήσιον,</span> <span class='ocrx_word' id='word_1_100' title='bbox 437 1473 534 1528; x_wconf 72' lang='grc' dir='ltr'>καὶ</span> <span class='ocrx_word' id='word_1_101' title='bbox 556 1473 619 1527; x_wconf 84' lang='grc' dir='ltr'>τὸ</span> <span class='ocrx_word' id='word_1_102' title='bbox 650 1473 843 1527; x_wconf 85' lang='grc' dir='ltr'>πιστὸν</span> <span class='ocrx_word' id='word_1_103' title='bbox 879 1474 976 1545; x_wconf 85' lang='grc' dir='ltr'>τῆς</span> <span class='ocrx_word' id='word_1_104' title='bbox 1005 1471 1390 1545; x_wconf 80' lang='grc' dir='ltr'>πραγματείας</span> <span class='ocrx_word' id='word_1_105' title='bbox 1433 1471 1616 1544; x_wconf 74' lang='grc' dir='ltr'>ἔργοις</span> <span class='ocrx_word' id='word_1_106' title='bbox 1648 1471 1749 1524; x_wconf 84' lang='grc' dir='ltr'><strong>αὐ·-</strong></span> 
     </span>
    </p>
   </div>
   <div class='ocr_carea' id='block_1_18' title="bbox 153 1562 1752 1636">
    <p class='ocr_par' dir='ltr' id='par_1_18' title="bbox 153 1562 1752 1636">
     <span class='ocr_line' id='line_1_18' title="bbox 153 1562 1752 1636; baseline 0 -18"><span class='ocrx_word' id='word_1_107' title='bbox 153 1566 273 1628; x_wconf 86' lang='grc' dir='ltr'><strong>τοῖς</strong></span> <span class='ocrx_word' id='word_1_108' title='bbox 303 1563 667 1636; x_wconf 75' lang='grc' dir='ltr'>παραλαϐών·</span> <span class='ocrx_word' id='word_1_109' title='bbox 717 1564 795 1628; x_wconf 84' lang='grc' dir='ltr'>ὡς</span> <span class='ocrx_word' id='word_1_110' title='bbox 831 1567 919 1631; x_wconf 82' lang='grc' dir='ltr'><strong>είς</strong></span> <span class='ocrx_word' id='word_1_111' title='bbox 951 1563 1160 1621; x_wconf 81' lang='grc' dir='ltr'>πᾶσαν</span> <span class='ocrx_word' id='word_1_112' title='bbox 1193 1562 1309 1634; x_wconf 80' lang='grc' dir='ltr'><strong>τὴν</strong></span> <span class='ocrx_word' id='word_1_113' title='bbox 1336 1562 1453 1634; x_wconf 77' lang='grc' dir='ltr'><strong>γῆν</strong></span> <span class='ocrx_word' id='word_1_114' title='bbox 1489 1562 1752 1633; x_wconf 78' lang='grc' dir='ltr'><strong>ἐξῆλθεν</strong></span> 
     </span>
    </p>
   </div>
   <div class='ocr_carea' id='block_1_19' title="bbox 152 1655 1747 1727">
    <p class='ocr_par' dir='ltr' id='par_1_19' title="bbox 152 1655 1747 1727">
     <span class='ocr_line' id='line_1_19' title="bbox 152 1655 1747 1727; baseline 0 -16"><span class='ocrx_word' id='word_1_115' title='bbox 152 1659 190 1711; x_wconf 82' lang='grc' dir='ltr'><em>ὁ</em></span> <span class='ocrx_word' id='word_1_116' title='bbox 218 1658 485 1727; x_wconf 63' lang='grc' dir='ltr'>φθόγγος</span> <span class='ocrx_word' id='word_1_117' title='bbox 506 1656 726 1723; x_wconf 81' lang='grc' dir='ltr'>αὐτῶν,</span> <span class='ocrx_word' id='word_1_118' title='bbox 761 1657 860 1713; x_wconf 81' lang='grc' dir='ltr'>καὶ</span> <span class='ocrx_word' id='word_1_119' title='bbox 889 1660 977 1723; x_wconf 76' lang='grc' dir='ltr'>εἰς</span> <span class='ocrx_word' id='word_1_120' title='bbox 1016 1656 1091 1712; x_wconf 80' lang='grc' dir='ltr'>τὰ</span> <span class='ocrx_word' id='word_1_121' title='bbox 1134 1658 1361 1725; x_wconf 81' lang='grc' dir='ltr'>πέρατα</span> <span class='ocrx_word' id='word_1_122' title='bbox 1399 1655 1513 1726; x_wconf 83' lang='grc' dir='ltr'>τῆς</span> <span class='ocrx_word' id='word_1_123' title='bbox 1549 1659 1747 1712; x_wconf 69' lang='grc' dir='ltr'>οἰκου-</span> 
     </span>
    </p>
   </div>
   <div class='ocr_carea' id='block_1_20' title="bbox 1898 918 3395 989">
    <p class='ocr_par' dir='ltr' id='par_1_20' title="bbox 1898 918 3395 989">
     <span class='ocr_line' id='line_1_20' title="bbox 1898 918 3395 989; baseline 0.002 -16"><span class='ocrx_word' id='word_1_124' title='bbox 1898 921 1943 953; x_wconf 83' lang='grc'><strong>⁸⁰</strong></span> <span class='ocrx_word' id='word_1_125' title='bbox 1984 918 2110 974; x_wconf 79' lang='lat' dir='ltr'><strong>Esto</strong></span> <span class='ocrx_word' id='word_1_126' title='bbox 2154 928 2460 989; x_wconf 83' lang='lat' dir='ltr'><strong>potestatem</strong></span> <span class='ocrx_word' id='word_1_127' title='bbox 2498 919 2694 975; x_wconf 69' lang='lat' dir='ltr'><strong>habent</strong></span> <span class='ocrx_word' id='word_1_128' title='bbox 2729 935 2889 989; x_wconf 72' lang='lat' dir='ltr'><strong>super</strong></span> <span class='ocrx_word' id='word_1_129' title='bbox 2925 920 3101 974; x_wconf 81' lang='lat' dir='ltr'><strong>decem</strong></span> <span class='ocrx_word' id='word_1_130' title='bbox 3140 921 3395 977; x_wconf 75' lang='lat' dir='ltr'><strong>civitates.</strong></span> 
     </span>
    </p>
   </div>
   <div class='ocr_carea' id='block_1_21' title="bbox 1931 1012 3436 1085">
    <p class='ocr_par' dir='ltr' id='par_1_21' title="bbox 1931 1012 3436 1085">
     <span class='ocr_line' id='line_1_21' title="bbox 1931 1012 3436 1085; baseline 0.001 -17"><span class='ocrx_word' id='word_1_131' title='bbox 1931 1014 2114 1085; x_wconf 78' lang='lat' dir='ltr'><strong>Regna</strong></span> <span class='ocrx_word' id='word_1_132' title='bbox 2150 1012 2400 1069; x_wconf 87' lang='lat' dir='ltr'><strong>videlicet</strong></span> <span class='ocrx_word' id='word_1_133' title='bbox 2432 1014 2556 1069; x_wconf 61' lang='lat' dir='ltr'><strong>hare</strong></span> <span class='ocrx_word' id='word_1_134' title='bbox 2585 1023 2734 1078; x_wconf 89' lang='lat' dir='ltr'><strong>sunt,</strong></span> <span class='ocrx_word' id='word_1_135' title='bbox 2768 1014 3093 1083; x_wconf 57' lang='lat' dir='ltr'><strong>decoraque</strong></span> <span class='ocrx_word' id='word_1_136' title='bbox 3129 1018 3436 1083; x_wconf 83' lang='lat' dir='ltr'><strong>provectio-</strong></span> 
     </span>
    </p>
   </div>
   <div class='ocr_carea' id='block_1_22' title="bbox 1855 1106 3435 1176">
    <p class='ocr_par' dir='ltr' id='par_1_22' title="bbox 1855 1106 3435 1176">
     <span class='ocr_line' id='line_1_22' title="bbox 1855 1106 3435 1176; baseline -0.001 -13"><span class='ocrx_word' id='word_1_137' title='bbox 1855 1122 1975 1173; x_wconf 87' lang='lat' dir='ltr'><strong>nes,</strong></span> <span class='ocrx_word' id='word_1_138' title='bbox 2010 1122 2133 1176; x_wconf 72' lang='lat' dir='ltr'><strong>quae</strong></span> <span class='ocrx_word' id='word_1_139' title='bbox 2177 1106 2460 1176; x_wconf 89' lang='lat' dir='ltr'><strong>imperium</strong></span> <span class='ocrx_word' id='word_1_140' title='bbox 2505 1106 2558 1161; x_wconf 91' lang='lat' dir='ltr'><strong>in</strong></span> <span class='ocrx_word' id='word_1_141' title='bbox 2601 1106 2871 1172; x_wconf 81' lang='lat' dir='ltr'><strong>homines,</strong></span> <span class='ocrx_word' id='word_1_142' title='bbox 2898 1116 2953 1162; x_wconf 91' lang='lat' dir='ltr'><strong>et</strong></span> <span class='ocrx_word' id='word_1_143' title='bbox 2987 1106 3435 1176; x_wconf 88' lang='lat' dir='ltr'><strong>imperfectarum</strong></span> 
     </span>
    </p>
   </div>
   <div class='ocr_carea' id='block_1_23' title="bbox 1854 1198 3432 1270">
    <p class='ocr_par' dir='ltr' id='par_1_23' title="bbox 1854 1198 3432 1270">
     <span class='ocr_line' id='line_1_23' title="bbox 1854 1198 3432 1270; baseline 0 -16"><span class='ocrx_word' id='word_1_144' title='bbox 1854 1201 2029 1254; x_wconf 88' lang='lat' dir='ltr'><strong>adhuc</strong></span> <span class='ocrx_word' id='word_1_145' title='bbox 2060 1199 2362 1255; x_wconf 88' lang='lat' dir='ltr'><strong>animarum</strong></span> <span class='ocrx_word' id='word_1_146' title='bbox 2388 1199 2643 1254; x_wconf 85' lang='lat' dir='ltr'><strong>ducatum</strong></span> <span class='ocrx_word' id='word_1_147' title='bbox 2665 1238 2680 1263; x_wconf 93' lang='lat'><strong>,</strong></span> <span class='ocrx_word' id='word_1_148' title='bbox 2716 1198 2784 1254; x_wconf 87' lang='lat' dir='ltr'><strong>iis</strong></span> <span class='ocrx_word' id='word_1_149' title='bbox 2813 1200 2904 1269; x_wconf 89' lang='lat' dir='ltr'><strong>qui</strong></span> <span class='ocrx_word' id='word_1_150' title='bbox 2940 1199 2993 1255; x_wconf 91' lang='lat' dir='ltr'><strong>in</strong></span> <span class='ocrx_word' id='word_1_151' title='bbox 3031 1214 3090 1253; x_wconf 86' lang='lat' dir='ltr'><strong>re</strong></span> <span class='ocrx_word' id='word_1_152' title='bbox 3133 1198 3237 1254; x_wconf 84' lang='lat' dir='ltr'><strong>levi</strong></span> <span class='ocrx_word' id='word_1_153' title='bbox 3267 1213 3432 1270; x_wconf 83' lang='lat' dir='ltr'><strong>expe-</strong></span> 
     </span>
    </p>
   </div>
   <div class='ocr_carea' id='block_1_24' title="bbox 1853 1290 3427 1361">
    <p class='ocr_par' dir='ltr' id='par_1_24' title="bbox 1853 1290 3427 1361">
     <span class='ocr_line' id='line_1_24' title="bbox 1853 1290 3427 1361; baseline -0.001 -15"><span class='ocrx_word' id='word_1_154' title='bbox 1853 1292 2144 1346; x_wconf 88' lang='lat' dir='ltr'><strong>rimentum</strong></span> <span class='ocrx_word' id='word_1_155' title='bbox 2186 1291 2533 1359; x_wconf 61' lang='lat' dir='ltr'><strong>praebuerint,</strong></span> <span class='ocrx_word' id='word_1_156' title='bbox 2568 1306 2665 1361; x_wconf 87' lang='lat' dir='ltr'><strong>pro</strong></span> <span class='ocrx_word' id='word_1_157' title='bbox 2707 1290 3004 1360; x_wconf 79' lang='lat' dir='ltr'><strong>superioris</strong></span> <span class='ocrx_word' id='word_1_158' title='bbox 3036 1290 3158 1345; x_wconf 75' lang='lat' dir='ltr'><strong>vita:</strong></span> <span class='ocrx_word' id='word_1_159' title='bbox 3196 1291 3427 1355; x_wconf 89' lang='lat' dir='ltr'><strong>meritis,</strong></span> 
     </span>
    </p>
   </div>
   <div class='ocr_carea' id='block_1_25' title="bbox 1853 1382 3434 1454">
    <p class='ocr_par' dir='ltr' id='par_1_25' title="bbox 1853 1382 3434 1454">
     <span class='ocr_line' id='line_1_25' title="bbox 1853 1382 3434 1454; baseline -0.001 -16"><span class='ocrx_word' id='word_1_160' title='bbox 1853 1383 2175 1438; x_wconf 85' lang='lat' dir='ltr'><strong>attribuunt.</strong></span> <span class='ocrx_word' id='word_1_161' title='bbox 2248 1382 2555 1454; x_wconf 71' lang='lat' dir='ltr'><strong>Cognosces</strong></span> <span class='ocrx_word' id='word_1_162' title='bbox 2618 1393 2799 1438; x_wconf 86' lang='lat' dir='ltr'><strong>autem</strong></span> <span class='ocrx_word' id='word_1_163' title='bbox 2864 1382 3245 1451; x_wconf 68' lang='lat' dir='ltr'><strong>praedictorum</strong></span> <span class='ocrx_word' id='word_1_164' title='bbox 3313 1396 3434 1437; x_wconf 87' lang='lat' dir='ltr'><strong>ser-</strong></span> 
     </span>
    </p>
   </div>
   <div class='ocr_carea' id='block_1_26' title="bbox 1851 1473 3432 1545">
    <p class='ocr_par' dir='ltr' id='par_1_26' title="bbox 1851 1473 3432 1545">
     <span class='ocr_line' id='line_1_26' title="bbox 1851 1473 3432 1545; baseline 0.001 -19"><span class='ocrx_word' id='word_1_165' title='bbox 1851 1489 2042 1530; x_wconf 83' lang='lat' dir='ltr'><strong>vorum</strong></span> <span class='ocrx_word' id='word_1_166' title='bbox 2094 1473 2450 1545; x_wconf 75' lang='lat' dir='ltr'><strong>probitatem,</strong></span> <span class='ocrx_word' id='word_1_167' title='bbox 2509 1482 2565 1529; x_wconf 90' lang='lat' dir='ltr'><strong>et</strong></span> <span class='ocrx_word' id='word_1_168' title='bbox 2609 1474 2917 1545; x_wconf 76' lang='lat' dir='ltr'><strong>negotiandi</strong></span> <span class='ocrx_word' id='word_1_169' title='bbox 2978 1473 3313 1539; x_wconf 82' lang='lat' dir='ltr'><strong>ﬁdelitatem,</strong></span> <span class='ocrx_word' id='word_1_170' title='bbox 3363 1488 3432 1528; x_wconf 77' lang='lat' dir='ltr'><strong>ex</strong></span> 
     </span>
    </p>
   </div>
   <div class='ocr_carea' id='block_1_27' title="bbox 1851 1564 3499 1640">
    <p class='ocr_par' dir='ltr' id='par_1_27' title="bbox 1851 1564 3499 1640">
     <span class='ocr_line' id='line_1_27' title="bbox 1851 1564 3499 1640; baseline -0.001 -19"><span class='ocrx_word' id='word_1_171' title='bbox 1851 1564 2103 1636; x_wconf 77' lang='lat' dir='ltr'><strong>operibus</strong></span> <span class='ocrx_word' id='word_1_172' title='bbox 2146 1565 2279 1635; x_wconf 89' lang='lat' dir='ltr'><strong>ipsis</strong></span> <span class='ocrx_word' id='word_1_173' title='bbox 2328 1580 2597 1635; x_wconf 86' lang='lat' dir='ltr'><strong>arguens;</strong></span> <span class='ocrx_word' id='word_1_174' title='bbox 2678 1579 2871 1634; x_wconf 89' lang='lat' dir='ltr'><strong>nempe</strong></span> <span class='ocrx_word' id='word_1_175' title='bbox 2930 1564 3072 1633; x_wconf 91' lang='lat' dir='ltr'><strong>quod</strong></span> <span class='ocrx_word' id='word_1_176' title='bbox 3117 1566 3175 1618; x_wconf 81' lang='lat' dir='ltr'><strong>in</strong></span> <span class='ocrx_word' id='word_1_177' title='bbox 3226 1580 3435 1619; x_wconf 80' lang='lat' dir='ltr'><strong>onmem</strong></span> <span class='ocrx_word' id='word_1_178' title='bbox 3490 1627 3499 1640; x_wconf 39' lang='lat'><strong>.</strong></span> 
     </span>
    </p>
   </div>
   <div class='ocr_carea' id='block_1_28' title="bbox 1852 1654 3434 1726">
    <p class='ocr_par' dir='ltr' id='par_1_28' title="bbox 1852 1654 3434 1726">
     <span class='ocr_line' id='line_1_28' title="bbox 1852 1654 3434 1726; baseline 0 -17"><span class='ocrx_word' id='word_1_179' title='bbox 1852 1664 2047 1711; x_wconf 83' lang='lat' dir='ltr'><strong>terram</strong></span> <span class='ocrx_word' id='word_1_180' title='bbox 2091 1658 2219 1710; x_wconf 77' lang='lat' dir='ltr'><strong>exiit</strong></span> <span class='ocrx_word' id='word_1_181' title='bbox 2270 1672 2429 1711; x_wconf 78' lang='lat' dir='ltr'><strong>sonus</strong></span> <span class='ocrx_word' id='word_1_182' title='bbox 2480 1672 2683 1721; x_wconf 84' lang='lat' dir='ltr'><strong>eorum,</strong></span> <span class='ocrx_word' id='word_1_183' title='bbox 2746 1666 2792 1711; x_wconf 84' lang='lat' dir='ltr'><strong>et</strong></span> <span class='ocrx_word' id='word_1_184' title='bbox 2843 1658 2899 1710; x_wconf 85' lang='lat' dir='ltr'><strong>in</strong></span> <span class='ocrx_word' id='word_1_185' title='bbox 2921 1656 3051 1726; x_wconf 80' lang='lat' dir='ltr'><strong>ﬁnes</strong></span> <span class='ocrx_word' id='word_1_186' title='bbox 3081 1664 3237 1711; x_wconf 78' lang='lat' dir='ltr'><strong>terra:</strong></span> <span class='ocrx_word' id='word_1_187' title='bbox 3279 1654 3434 1710; x_wconf 77' lang='lat' dir='ltr'><strong>verba</strong></span> 
     </span>
    </p>
   </div>
   <div class='ocr_carea' id='block_1_29' title="bbox 146 1740 1744 1818">
    <p class='ocr_par' dir='ltr' id='par_1_29' title="bbox 146 1745 1744 1818">
     <span class='ocr_line' id='line_1_29' title="bbox 146 1745 1744 1818; baseline 0.001 -18"><span class='ocrx_word' id='word_1_188' title='bbox 146 1745 351 1816; x_wconf 75' lang='grc' dir='ltr'>μένης</span> <span class='ocrx_word' id='word_1_189' title='bbox 378 1748 454 1801; x_wconf 86' lang='grc' dir='ltr'>τὰ</span> <span class='ocrx_word' id='word_1_190' title='bbox 482 1747 722 1817; x_wconf 78' lang='grc' dir='ltr'>ῥήματα</span> <span class='ocrx_word' id='word_1_191' title='bbox 748 1745 967 1802; x_wconf 79' lang='grc' dir='ltr'>αὐτῶν.</span> <span class='ocrx_word' id='word_1_192' title='bbox 1011 1748 1089 1801; x_wconf 90' lang='grc' dir='ltr'><strong>Δι’</strong></span> <span class='ocrx_word' id='word_1_193' title='bbox 1132 1746 1313 1801; x_wconf 81' lang='grc' dir='ltr'>αὐτῶν</span> <span class='ocrx_word' id='word_1_194' title='bbox 1367 1746 1477 1818; x_wconf 86' lang='grc' dir='ltr'>γὰρ</span> <span class='ocrx_word' id='word_1_195' title='bbox 1527 1745 1744 1802; x_wconf 75' lang='grc' dir='ltr'>ἐκείνων</span> 
     </span>
    </p>
   </div>
   <div class='ocr_carea' id='block_1_30' title="bbox 1853 1740 3429 1818">
    <p class='ocr_par' dir='ltr' id='par_1_30' title="bbox 1853 1747 3429 1817">
     <span class='ocr_line' id='line_1_30' title="bbox 1853 1747 3429 1817; baseline 0.003 -18"><span class='ocrx_word' id='word_1_196' title='bbox 1853 1748 2084 1817; x_wconf 69' lang='lat' dir='ltr'><strong>ipsorum</strong></span> <span class='ocrx_word' id='word_1_197' title='bbox 2118 1749 2185 1802; x_wconf 80' lang='lat'><strong>“.</strong></span> <span class='ocrx_word' id='word_1_198' title='bbox 2256 1747 2362 1803; x_wconf 90' lang='lat' dir='ltr'><strong>Per</strong></span> <span class='ocrx_word' id='word_1_199' title='bbox 2422 1747 2542 1804; x_wconf 89' lang='lat' dir='ltr'><strong>illos</strong></span> <span class='ocrx_word' id='word_1_200' title='bbox 2611 1750 2755 1803; x_wconf 91' lang='lat' dir='ltr'><strong>enim</strong></span> <span class='ocrx_word' id='word_1_201' title='bbox 2811 1749 3121 1803; x_wconf 84' lang='lat' dir='ltr'><strong>Servatoris</strong></span> <span class='ocrx_word' id='word_1_202' title='bbox 3177 1748 3429 1815; x_wconf 85' lang='lat' dir='ltr'><strong>comites,</strong></span> 
     </span>
    </p>
   </div>
   <div class='ocr_carea' id='block_1_31' title="bbox 150 1838 1749 1912">
    <p class='ocr_par' dir='ltr' id='par_1_31' title="bbox 150 1838 1749 1912">
     <span class='ocr_line' id='line_1_31' title="bbox 150 1838 1749 1912; baseline 0.001 -19"><span class='ocrx_word' id='word_1_203' title='bbox 150 1839 266 1893; x_wconf 86' lang='grc' dir='ltr'><strong>τῶν</strong></span> <span class='ocrx_word' id='word_1_204' title='bbox 290 1838 387 1893; x_wconf 83' lang='grc' dir='ltr'>τοῦ</span> <span class='ocrx_word' id='word_1_205' title='bbox 408 1840 663 1910; x_wconf 85' lang='grc' dir='ltr'>Σωτῆρος</span> <span class='ocrx_word' id='word_1_206' title='bbox 697 1839 1012 1911; x_wconf 83' lang='grc' dir='ltr'>γνωρίμων,</span> <span class='ocrx_word' id='word_1_207' title='bbox 1045 1838 1138 1893; x_wconf 76' lang='grc' dir='ltr'><strong>καὶ</strong></span> <span class='ocrx_word' id='word_1_208' title='bbox 1157 1838 1245 1893; x_wconf 84' lang='grc' dir='ltr'>διὰ</span> <span class='ocrx_word' id='word_1_209' title='bbox 1274 1840 1384 1893; x_wconf 88' lang='grc' dir='ltr'><strong>τῶν</strong></span> <span class='ocrx_word' id='word_1_210' title='bbox 1407 1838 1547 1912; x_wconf 85' lang='grc' dir='ltr'>μετὰ</span> <span class='ocrx_word' id='word_1_211' title='bbox 1572 1840 1749 1903; x_wconf 82' lang='grc' dir='ltr'>ταῦτα</span> 
     </span>
    </p>
   </div>
   <div class='ocr_carea' id='block_1_32' title="bbox 147 1932 1749 2009">
    <p class='ocr_par' dir='ltr' id='par_1_32' title="bbox 147 1932 1749 2009">
     <span class='ocr_line' id='line_1_32' title="bbox 147 1932 1749 2009; baseline 0.001 -22"><span class='ocrx_word' id='word_1_212' title='bbox 147 1933 246 1987; x_wconf 76' lang='grc' dir='ltr'><strong>τὸν</strong></span> <span class='ocrx_word' id='word_1_213' title='bbox 269 1934 457 2005; x_wconf 79' lang='grc' dir='ltr'>ὅμοιον</span> <span class='ocrx_word' id='word_1_214' title='bbox 475 1934 706 1998; x_wconf 87' lang='grc' dir='ltr'>ἐκείνοις</span> <span class='ocrx_word' id='word_1_215' title='bbox 733 1933 1172 2009; x_wconf 80' lang='grc' dir='ltr'>ἐπανῃρημένων</span> <span class='ocrx_word' id='word_1_216' title='bbox 1198 1932 1379 2005; x_wconf 82' lang='grc' dir='ltr'>ζῆλον,</span> <span class='ocrx_word' id='word_1_217' title='bbox 1405 1933 1464 1999; x_wconf 80' lang='grc' dir='ltr'>ἐξ</span> <span class='ocrx_word' id='word_1_218' title='bbox 1493 1933 1749 1995; x_wconf 79' lang='grc' dir='ltr'>ἁπάντων</span> 
     </span>
    </p>
   </div>
   <div class='ocr_carea' id='block_1_33' title="bbox 146 2021 1748 2097">
    <p class='ocr_par' dir='ltr' id='par_1_33' title="bbox 146 2021 1748 2097">
     <span class='ocr_line' id='line_1_33' title="bbox 146 2021 1748 2097; baseline -0.001 -20"><span class='ocrx_word' id='word_1_219' title='bbox 146 2023 263 2077; x_wconf 90' lang='grc' dir='ltr'><strong>τῶν</strong></span> <span class='ocrx_word' id='word_1_220' title='bbox 296 2021 468 2079; x_wconf 90' lang='grc' dir='ltr'>ἐθνῶν</span> <span class='ocrx_word' id='word_1_221' title='bbox 493 2024 862 2096; x_wconf 81' lang='grc' dir='ltr'>ἀφορισθεῖσα</span> <span class='ocrx_word' id='word_1_222' title='bbox 882 2023 961 2097; x_wconf 85' lang='grc' dir='ltr'><strong>τῷ</strong></span> <span class='ocrx_word' id='word_1_223' title='bbox 986 2021 1108 2095; x_wconf 87' lang='grc' dir='ltr'><strong>Θεῴ</strong></span> <span class='ocrx_word' id='word_1_224' title='bbox 1156 2024 1472 2097; x_wconf 83' lang='grc' dir='ltr'>Ἐκκλησία,</span> <span class='ocrx_word' id='word_1_225' title='bbox 1494 2026 1551 2078; x_wconf 90' lang='grc' dir='ltr'><strong>ἐν</strong></span> <span class='ocrx_word' id='word_1_226' title='bbox 1583 2024 1748 2095; x_wconf 84' lang='grc' dir='ltr'>ὀλίγῳ</span> 
     </span>
    </p>
   </div>
   <div class='ocr_carea' id='block_1_34' title="bbox 146 2114 1746 2190">
    <p class='ocr_par' dir='ltr' id='par_1_34' title="bbox 146 2114 1746 2190">
     <span class='ocr_line' id='line_1_34' title="bbox 146 2114 1746 2190; baseline -0.001 -20"><span class='ocrx_word' id='word_1_227' title='bbox 146 2116 334 2190; x_wconf 82' lang='grc' dir='ltr'>χρόνῳ</span> <span class='ocrx_word' id='word_1_228' title='bbox 365 2116 468 2190; x_wconf 77' lang='grc' dir='ltr'>τὴν</span> <span class='ocrx_word' id='word_1_229' title='bbox 496 2116 789 2189; x_wconf 83' lang='grc' dir='ltr'>σύμπασαν</span> <span class='ocrx_word' id='word_1_230' title='bbox 811 2116 1138 2190; x_wconf 89' lang='grc' dir='ltr'>οίκουμένην</span> <span class='ocrx_word' id='word_1_231' title='bbox 1171 2116 1435 2189; x_wconf 80' lang='grc' dir='ltr'>ἐπλήρου.</span> <span class='ocrx_word' id='word_1_232' title='bbox 1473 2116 1586 2171; x_wconf 77' lang='grc' dir='ltr'><strong>Καὶ</strong></span> <span class='ocrx_word' id='word_1_233' title='bbox 1623 2114 1746 2170; x_wconf 80' lang='grc' dir='ltr'>καθ’</span> 
     </span>
    </p>
   </div>
   <div class='ocr_carea' id='block_1_35' title="bbox 145 2207 1745 2283">
    <p class='ocr_par' dir='ltr' id='par_1_35' title="bbox 145 2207 1745 2283">
     <span class='ocr_line' id='line_1_35' title="bbox 145 2207 1745 2283; baseline -0.003 -21"><span class='ocrx_word' id='word_1_234' title='bbox 145 2209 343 2283; x_wconf 69' lang='grc' dir='ltr'>ἓτερον</span> <span class='ocrx_word' id='word_1_235' title='bbox 364 2208 425 2263; x_wconf 84' lang='grc' dir='ltr'>δὲ</span> <span class='ocrx_word' id='word_1_236' title='bbox 449 2210 653 2281; x_wconf 83' lang='grc' dir='ltr'>τρόπον</span> <span class='ocrx_word' id='word_1_237' title='bbox 679 2208 778 2281; x_wconf 83' lang='grc' dir='ltr'><strong>τὴν</strong></span> <span class='ocrx_word' id='word_1_238' title='bbox 806 2209 1073 2282; x_wconf 78' lang='grc' dir='ltr'>ἐργασίαν</span> <span class='ocrx_word' id='word_1_239' title='bbox 1099 2211 1414 2282; x_wconf 80' lang='grc' dir='ltr'>ποιήσονται</span> <span class='ocrx_word' id='word_1_240' title='bbox 1444 2210 1491 2261; x_wconf 80' lang='grc' dir='ltr'>οἱ</span> <span class='ocrx_word' id='word_1_241' title='bbox 1520 2207 1612 2262; x_wconf 80' lang='grc' dir='ltr'>τὸν</span> <span class='ocrx_word' id='word_1_242' title='bbox 1639 2225 1745 2261; x_wconf 72' lang='grc' dir='ltr'>σω,-</span> 
     </span>
    </p>
   </div>
   <div class='ocr_carea' id='block_1_36' title="bbox 146 2297 1747 2373">
    <p class='ocr_par' dir='ltr' id='par_1_36' title="bbox 146 2297 1747 2373">
     <span class='ocr_line' id='line_1_36' title="bbox 146 2297 1747 2373; baseline 0 -20"><span class='ocrx_word' id='word_1_243' title='bbox 146 2300 343 2373; x_wconf 86' lang='grc' dir='ltr'>τήριον</span> <span class='ocrx_word' id='word_1_244' title='bbox 367 2299 528 2369; x_wconf 91' lang='grc' dir='ltr'>λόγον</span> <span class='ocrx_word' id='word_1_245' title='bbox 540 2299 633 2354; x_wconf 84' lang='grc' dir='ltr'>τὸν</span> <span class='ocrx_word' id='word_1_246' title='bbox 659 2300 1012 2369; x_wconf 87' lang='grc' dir='ltr'>εὐαγγελικὸν</span> <span class='ocrx_word' id='word_1_247' title='bbox 1036 2300 1438 2362; x_wconf 78' lang='grc' dir='ltr'>πιστευθέντες,</span> <span class='ocrx_word' id='word_1_248' title='bbox 1465 2299 1533 2352; x_wconf 82' lang='grc' dir='ltr'>δι’</span> <span class='ocrx_word' id='word_1_249' title='bbox 1568 2297 1747 2371; x_wconf 77' lang='grc' dir='ltr'>ἔργων</span> 
     </span>
    </p>
   </div>
   <div class='ocr_carea' id='block_1_37' title="bbox 145 2390 1747 2464">
    <p class='ocr_par' dir='ltr' id='par_1_37' title="bbox 145 2390 1747 2464">
     <span class='ocr_line' id='line_1_37' title="bbox 145 2390 1747 2464; baseline -0.001 -18"><span class='ocrx_word' id='word_1_250' title='bbox 145 2391 249 2446; x_wconf 76' lang='grc' dir='ltr'>καὶ</span> <span class='ocrx_word' id='word_1_251' title='bbox 268 2391 546 2463; x_wconf 78' lang='grc' dir='ltr'>πράξεων,</span> <span class='ocrx_word' id='word_1_252' title='bbox 579 2391 694 2463; x_wconf 85' lang='grc' dir='ltr'>βίου</span> <span class='ocrx_word' id='word_1_253' title='bbox 723 2410 784 2445; x_wconf 91' lang='grc' dir='ltr'><strong>τε</strong></span> <span class='ocrx_word' id='word_1_254' title='bbox 814 2392 910 2447; x_wconf 74' lang='grc' dir='ltr'>καὶ</span> <span class='ocrx_word' id='word_1_255' title='bbox 938 2391 1214 2456; x_wconf 84' lang='grc' dir='ltr'>πολιτείας</span> <span class='ocrx_word' id='word_1_256' title='bbox 1248 2390 1612 2464; x_wconf 72' lang='grc' dir='ltr'>θεοπρεποῦς,</span> <span class='ocrx_word' id='word_1_257' title='bbox 1647 2390 1747 2454; x_wconf 80' lang='grc' dir='ltr'><strong>τὰς</strong></span> 
     </span>
    </p>
   </div>
   <div class='ocr_carea' id='block_1_38' title="bbox 142 2474 1748 2556">
    <p class='ocr_par' dir='ltr' id='par_1_38' title="bbox 142 2474 1748 2556">
     <span class='ocr_line' id='line_1_38' title="bbox 142 2474 1748 2556; baseline 0.004 -20"><span class='ocrx_word' id='word_1_258' title='bbox 142 2481 246 2536; x_wconf 81' lang='grc' dir='ltr'>τοῦ</span> <span class='ocrx_word' id='word_1_259' title='bbox 278 2482 442 2551; x_wconf 87' lang='grc' dir='ltr'>λόγου</span> <span class='ocrx_word' id='word_1_260' title='bbox 470 2483 821 2549; x_wconf 85' lang='grc' dir='ltr'>διδασκαλίας</span> <span class='ocrx_word' id='word_1_261' title='bbox 849 2474 1328 2556; x_wconf 45' lang='grc' dir='ltr'>ἀποπληροῦντα(</span> <span class='ocrx_word' id='word_1_262' title='bbox 1350 2478 1450 2538; x_wconf 83' lang='grc' dir='ltr'>Ὧν</span> <span class='ocrx_word' id='word_1_263' title='bbox 1485 2484 1613 2547; x_wconf 79' lang='grc' dir='ltr'>τοὺς</span> <span class='ocrx_word' id='word_1_264' title='bbox 1646 2483 1748 2554; x_wconf 73' lang='grc' dir='ltr'>μὲν</span> 
     </span>
    </p>
   </div>
   <div class='ocr_carea' id='block_1_39' title="bbox 144 2574 1751 2649">
    <p class='ocr_par' dir='ltr' id='par_1_39' title="bbox 144 2574 1751 2649">
     <span class='ocr_line' id='line_1_39' title="bbox 144 2574 1751 2649; baseline 0.002 -22"><span class='ocrx_word' id='word_1_265' title='bbox 144 2574 429 2646; x_wconf 83' lang='grc' dir='ltr'>διαφόρως</span> <span class='ocrx_word' id='word_1_266' title='bbox 456 2576 892 2647; x_wconf 85' lang='grc' dir='ltr'>ἐργασαμένους,</span> <span class='ocrx_word' id='word_1_267' title='bbox 924 2576 1207 2649; x_wconf 84' lang='grc' dir='ltr'>διαφόροις</span> <span class='ocrx_word' id='word_1_268' title='bbox 1227 2579 1416 2648; x_wconf 79' lang='grc' dir='ltr'>τιμαῖς</span> <span class='ocrx_word' id='word_1_269' title='bbox 1454 2576 1751 2647; x_wconf 78' lang='grc' dir='ltr'>ἀμείψεται</span> 
     </span>
    </p>
   </div>
   <div class='ocr_carea' id='block_1_40' title="bbox 144 2667 1749 2742">
    <p class='ocr_par' dir='ltr' id='par_1_40' title="bbox 144 2667 1749 2742">
     <span class='ocr_line' id='line_1_40' title="bbox 144 2667 1749 2742; baseline 0.001 -21"><span class='ocrx_word' id='word_1_270' title='bbox 144 2667 413 2732; x_wconf 81' lang='grc' dir='ltr'>όδίκαιος</span> <span class='ocrx_word' id='word_1_271' title='bbox 455 2669 669 2741; x_wconf 82' lang='grc' dir='ltr'>κριτὴς,</span> <span class='ocrx_word' id='word_1_272' title='bbox 709 2668 1004 2725; x_wconf 85' lang='grc' dir='ltr'>ἀποδώσων</span> <span class='ocrx_word' id='word_1_273' title='bbox 1044 2670 1259 2740; x_wconf 77' lang='grc' dir='ltr'>ἑκάστῳ</span> <span class='ocrx_word' id='word_1_274' title='bbox 1296 2670 1395 2742; x_wconf 83' lang='grc' dir='ltr'>τὴν</span> <span class='ocrx_word' id='word_1_275' title='bbox 1435 2669 1749 2741; x_wconf 82' lang='grc' dir='ltr'>προσήκου-</span> 
     </span>
    </p>
   </div>
   <div class='ocr_carea' id='block_1_41' title="bbox 148 2752 1744 2833">
    <p class='ocr_par' dir='ltr' id='par_1_41' title="bbox 148 2752 1744 2833">
     <span class='ocr_line' id='line_1_41' title="bbox 148 2752 1744 2833; baseline 0.003 -23"><span class='ocrx_word' id='word_1_276' title='bbox 148 2773 253 2812; x_wconf 72' lang='grc' dir='ltr'><strong>σαν</strong></span> <span class='ocrx_word' id='word_1_277' title='bbox 284 2760 346 2812; x_wconf 85' lang='grc' dir='ltr'><strong>ἐν</strong></span> <span class='ocrx_word' id='word_1_278' title='bbox 368 2757 598 2827; x_wconf 83' lang='grc' dir='ltr'>ἀγαθοῖς</span> <span class='ocrx_word' id='word_1_279' title='bbox 623 2759 877 2832; x_wconf 80' lang='grc' dir='ltr'>ἀμοιϐήν·</span> <span class='ocrx_word' id='word_1_280' title='bbox 907 2760 990 2832; x_wconf 76' lang='grc' dir='ltr'>τῷ</span> <span class='ocrx_word' id='word_1_281' title='bbox 1025 2760 1072 2814; x_wconf 89' lang='grc' dir='ltr'>δ’</span> <span class='ocrx_word' id='word_1_282' title='bbox 1109 2759 1447 2833; x_wconf 77' lang='grc' dir='ltr'>ὲγκρύψαντι</span> <span class='ocrx_word' id='word_1_283' title='bbox 1483 2760 1611 2823; x_wconf 83' lang='grc' dir='ltr'>τοὺς</span> <span class='ocrx_word' id='word_1_284' title='bbox 1654 2752 1744 2814; x_wconf 91' lang='grc' dir='ltr'>λό-</span> 
     </span>
    </p>
   </div>
   <div class='ocr_carea' id='block_1_42' title="bbox 145 2848 1746 2921">
    <p class='ocr_par' dir='ltr' id='par_1_42' title="bbox 145 2848 1746 2921">
     <span class='ocr_line' id='line_1_42' title="bbox 145 2848 1746 2921; baseline 0 -20"><span class='ocrx_word' id='word_1_285' title='bbox 145 2865 286 2917; x_wconf 86' lang='grc' dir='ltr'>γους</span> <span class='ocrx_word' id='word_1_286' title='bbox 339 2849 436 2902; x_wconf 74' lang='grc' dir='ltr'>καὶ</span> <span class='ocrx_word' id='word_1_287' title='bbox 480 2848 846 2921; x_wconf 85' lang='grc' dir='ltr'>καταδήσαντι</span> <span class='ocrx_word' id='word_1_288' title='bbox 892 2852 1023 2921; x_wconf 84' lang='grc' dir='ltr'>παρ’</span> <span class='ocrx_word' id='word_1_289' title='bbox 1075 2848 1274 2920; x_wconf 79' lang='grc' dir='ltr'>ἐαυτῷ,</span> <span class='ocrx_word' id='word_1_290' title='bbox 1337 2848 1502 2921; x_wconf 87' lang='grc' dir='ltr'>μηδέν</span> <span class='ocrx_word' id='word_1_291' title='bbox 1532 2866 1592 2902; x_wconf 91' lang='grc' dir='ltr'><strong>τε</strong></span> <span class='ocrx_word' id='word_1_292' title='bbox 1630 2850 1746 2921; x_wconf 78' lang='lat' dir='ltr'><strong>sip-</strong></span> 
     </span>
    </p>
   </div>
   <div class='ocr_carea' id='block_1_43' title="bbox 147 2939 1748 3013">
    <p class='ocr_par' dir='ltr' id='par_1_43' title="bbox 147 2939 1748 3013">
     <span class='ocr_line' id='line_1_43' title="bbox 147 2939 1748 3013; baseline 0.001 -21"><span class='ocrx_word' id='word_1_293' title='bbox 147 2940 417 3011; x_wconf 82' lang='grc' dir='ltr'>γασμὲνῳ</span> <span class='ocrx_word' id='word_1_294' title='bbox 444 2939 666 3012; x_wconf 83' lang='grc' dir='ltr'>πονηρῷ</span> <span class='ocrx_word' id='word_1_295' title='bbox 694 2940 867 3011; x_wconf 85' lang='grc' dir='ltr'>δούλῳ</span> <span class='ocrx_word' id='word_1_296' title='bbox 913 2942 1009 2994; x_wconf 80' lang='grc' dir='ltr'>καὶ</span> <span class='ocrx_word' id='word_1_297' title='bbox 1038 2940 1276 3013; x_wconf 82' lang='grc' dir='ltr'>όκνηρῷ,</span> <span class='ocrx_word' id='word_1_298' title='bbox 1316 2941 1611 3012; x_wconf 85' lang='grc' dir='ltr'>τάπίχειρα</span> <span class='ocrx_word' id='word_1_299' title='bbox 1647 2940 1748 3011; x_wconf 86' lang='grc' dir='ltr'>τῆς</span> 
     </span>
    </p>
   </div>
   <div class='ocr_carea' id='block_1_44' title="bbox 148 3032 1745 3104">
    <p class='ocr_par' dir='ltr' id='par_1_44' title="bbox 148 3032 1745 3104">
     <span class='ocr_line' id='line_1_44' title="bbox 148 3032 1745 3104; baseline -0.001 -19"><span class='ocrx_word' id='word_1_300' title='bbox 148 3033 424 3104; x_wconf 83' lang='grc' dir='ltr'>πονηρίας</span> <span class='ocrx_word' id='word_1_301' title='bbox 445 3032 673 3086; x_wconf 86' lang='grc' dir='ltr'>ἐποίσει.</span> <span class='ocrx_word' id='word_1_302' title='bbox 703 3064 773 3073; x_wconf 90' lang='grc'><strong><em>-</em></strong></span> <span class='ocrx_word' id='word_1_303' title='bbox 804 3033 878 3086; x_wconf 86' lang='grc' dir='ltr'>Τὸ</span> <span class='ocrx_word' id='word_1_304' title='bbox 907 3033 1092 3097; x_wconf 78' lang='grc' dir='ltr'>ἐπάνω</span> <span class='ocrx_word' id='word_1_305' title='bbox 1128 3033 1261 3086; x_wconf 84' lang='grc' dir='ltr'>δέκα</span> <span class='ocrx_word' id='word_1_306' title='bbox 1288 3032 1321 3104; x_wconf 81' lang='grc' dir='ltr'>ἢ</span> <span class='ocrx_word' id='word_1_307' title='bbox 1352 3033 1510 3086; x_wconf 86' lang='grc' dir='ltr'>πέντε</span> <span class='ocrx_word' id='word_1_308' title='bbox 1538 3032 1745 3087; x_wconf 86' lang='grc' dir='ltr'>πόλεων</span> 
     </span>
    </p>
   </div>
   <div class='ocr_carea' id='block_1_45' title="bbox 146 3123 1746 3197">
    <p class='ocr_par' dir='ltr' id='par_1_45' title="bbox 146 3123 1746 3197">
     <span class='ocr_line' id='line_1_45' title="bbox 146 3123 1746 3197; baseline -0.001 -18"><span class='ocrx_word' id='word_1_309' title='bbox 146 3125 334 3196; x_wconf 81' lang='grc' dir='ltr'>ἀρχήν</span> <span class='ocrx_word' id='word_1_310' title='bbox 381 3141 505 3178; x_wconf 86' lang='grc' dir='ltr'>τινα</span> <span class='ocrx_word' id='word_1_311' title='bbox 558 3125 653 3178; x_wconf 69' lang='grc' dir='ltr'>καὶ</span> <span class='ocrx_word' id='word_1_312' title='bbox 698 3123 945 3190; x_wconf 82' lang='grc' dir='ltr'>ἐξουσίαν</span> <span class='ocrx_word' id='word_1_313' title='bbox 1008 3125 1158 3197; x_wconf 89' lang='grc' dir='ltr'><strong>δηλοί</strong></span> <span class='ocrx_word' id='word_1_314' title='bbox 1210 3125 1580 3197; x_wconf 85' lang='grc' dir='ltr'>δοθησομένην</span> <span class='ocrx_word' id='word_1_315' title='bbox 1633 3126 1746 3188; x_wconf 84' lang='grc' dir='ltr'>τοῖς</span> 
     </span>
    </p>
   </div>
   <div class='ocr_carea' id='block_1_46' title="bbox 148 3214 1745 3290">
    <p class='ocr_par' dir='ltr' id='par_1_46' title="bbox 148 3214 1745 3290">
     <span class='ocr_line' id='line_1_46' title="bbox 148 3214 1745 3290; baseline 0.001 -21"><span class='ocrx_word' id='word_1_316' title='bbox 148 3217 332 3285; x_wconf 83' lang='grc' dir='ltr'>ἁγίοις</span> <span class='ocrx_word' id='word_1_317' title='bbox 388 3216 534 3272; x_wconf 84' lang='grc' dir='ltr'><strong>κατά</strong></span> <span class='ocrx_word' id='word_1_318' title='bbox 594 3216 999 3290; x_wconf 74' lang='grc' dir='ltr'>ὑποδεεστέρων</span> <span class='ocrx_word' id='word_1_319' title='bbox 1054 3217 1147 3271; x_wconf 76' lang='grc' dir='ltr'>καὶ</span> <span class='ocrx_word' id='word_1_320' title='bbox 1208 3216 1302 3271; x_wconf 80' lang='grc' dir='ltr'><strong>τοῦ</strong></span> <span class='ocrx_word' id='word_1_321' title='bbox 1372 3214 1745 3271; x_wconf 87' lang='grc' dir='ltr'>διευθύνεσθαι</span> 
     </span>
    </p>
   </div>
   <div class='ocr_carea' id='block_1_47' title="bbox 146 3294 919 3373">
    <p class='ocr_par' dir='ltr' id='par_1_47' title="bbox 146 3294 919 3373">
     <span class='ocr_line' id='line_1_47' title="bbox 146 3294 919 3373; baseline 0.004 -13"><span class='ocrx_word' id='word_1_322' title='bbox 146 3307 344 3373; x_wconf 79' lang='grc' dir='ltr'>ἀξίων.</span> <span class='ocrx_word' id='word_1_323' title='bbox 916 3294 919 3297; x_wconf 14' lang='grc' dir='ltr'>Ἰ</span> 
     </span>
    </p>
   </div>
   <div class='ocr_carea' id='block_1_48' title="bbox 232 3398 1746 3473">
    <p class='ocr_par' dir='ltr' id='par_1_48' title="bbox 232 3398 1746 3473">
     <span class='ocr_line' id='line_1_48' title="bbox 232 3398 1746 3473; baseline 0 -20"><span class='ocrx_word' id='word_1_324' title='bbox 232 3399 398 3454; x_wconf 56' lang='lat' dir='ltr'><strong>ama</strong></span> <span class='ocrx_word' id='word_1_325' title='bbox 428 3399 539 3471; x_wconf 85' lang='grc' dir='ltr'>γὰρ</span> <span class='ocrx_word' id='word_1_326' title='bbox 576 3400 687 3455; x_wconf 91' lang='grc' dir='ltr'><strong>τῶν</strong></span> <span class='ocrx_word' id='word_1_327' title='bbox 730 3401 829 3472; x_wconf 83' lang='grc' dir='ltr'>μὲν</span> <span class='ocrx_word' id='word_1_328' title='bbox 877 3398 1044 3464; x_wconf 76' lang='grc' dir='ltr'>αὐτοῦ</span> <span class='ocrx_word' id='word_1_329' title='bbox 1098 3400 1446 3473; x_wconf 89' lang='grc' dir='ltr'>θεραπόντων</span> <span class='ocrx_word' id='word_1_330' title='bbox 1488 3399 1746 3471; x_wconf 85' lang='grc' dir='ltr'>τοιαύτην</span> 
     </span>
    </p>
   </div>
   <div class='ocr_carea' id='block_1_49' title="bbox 142 3491 1746 3565">
    <p class='ocr_par' dir='ltr' id='par_1_49' title="bbox 142 3491 1746 3565">
     <span class='ocr_line' id='line_1_49' title="bbox 142 3491 1746 3565; baseline 0.002 -18"><span class='ocrx_word' id='word_1_331' title='bbox 142 3493 443 3563; x_wconf 74' lang='grc' dir='ltr'>ποιήσεται</span> <span class='ocrx_word' id='word_1_332' title='bbox 471 3492 568 3565; x_wconf 84' lang='grc' dir='ltr'>τὴν</span> <span class='ocrx_word' id='word_1_333' title='bbox 605 3492 897 3565; x_wconf 69' lang='grc' dir='ltr'>διάκρισινε</span> <span class='ocrx_word' id='word_1_334' title='bbox 933 3491 1043 3544; x_wconf 88' lang='grc' dir='ltr'><strong>τῶν</strong></span> <span class='ocrx_word' id='word_1_335' title='bbox 1077 3492 1134 3545; x_wconf 86' lang='grc' dir='ltr'>δὲ</span> <span class='ocrx_word' id='word_1_336' title='bbox 1166 3491 1241 3564; x_wconf 83' lang='grc' dir='ltr'>μὴ</span> <span class='ocrx_word' id='word_1_337' title='bbox 1276 3493 1376 3563; x_wconf 83' lang='grc' dir='ltr'>τῆς</span> <span class='ocrx_word' id='word_1_338' title='bbox 1407 3492 1578 3563; x_wconf 81' lang='grc' dir='ltr'>αὐτῆς</span> <span class='ocrx_word' id='word_1_339' title='bbox 1622 3492 1746 3550; x_wconf 83' lang='grc' dir='ltr'>δον-</span> 
     </span>
    </p>
   </div>
   <div class='ocr_carea' id='block_1_50' title="bbox 139 3582 1747 3655">
    <p class='ocr_par' dir='ltr' id='par_1_50' title="bbox 139 3582 1747 3655">
     <span class='ocr_line' id='line_1_50' title="bbox 139 3582 1747 3655; baseline -0.001 -18"><span class='ocrx_word' id='word_1_340' title='bbox 139 3583 298 3647; x_wconf 84' lang='grc' dir='ltr'>λείας</span> <span class='ocrx_word' id='word_1_341' title='bbox 324 3582 766 3654; x_wconf 83' lang='grc' dir='ltr'>κατηξιωμένων,</span> <span class='ocrx_word' id='word_1_342' title='bbox 809 3583 980 3647; x_wconf 80' lang='grc' dir='ltr'>ἄλλως</span> <span class='ocrx_word' id='word_1_343' title='bbox 1011 3582 1069 3636; x_wconf 85' lang='grc' dir='ltr'>δὲ</span> <span class='ocrx_word' id='word_1_344' title='bbox 1102 3583 1339 3639; x_wconf 90' lang='grc' dir='ltr'>πολιτῶν</span> <span class='ocrx_word' id='word_1_345' title='bbox 1369 3585 1534 3637; x_wconf 80' lang='grc' dir='ltr'>αὐτοῦ</span> <span class='ocrx_word' id='word_1_346' title='bbox 1572 3601 1747 3655; x_wconf 85' lang='grc' dir='ltr'>γεγε-</span> 
     </span>
    </p>
   </div>
   <div class='ocr_carea' id='block_1_51' title="bbox 142 3674 1751 3749">
    <p class='ocr_par' dir='ltr' id='par_1_51' title="bbox 142 3674 1751 3749">
     <span class='ocr_line' id='line_1_51' title="bbox 142 3674 1751 3749; baseline 0.006 -23"><span class='ocrx_word' id='word_1_347' title='bbox 142 3675 425 3747; x_wconf 78' lang='grc' dir='ltr'>νημένων,</span> <span class='ocrx_word' id='word_1_348' title='bbox 476 3676 535 3729; x_wconf 87' lang='grc' dir='ltr'>ὲν</span> <span class='ocrx_word' id='word_1_349' title='bbox 577 3674 791 3748; x_wconf 85' lang='grc' dir='ltr'>ἐχθρῶν</span> <span class='ocrx_word' id='word_1_350' title='bbox 819 3675 877 3729; x_wconf 84' lang='grc' dir='ltr'><strong>δέ</strong></span> <span class='ocrx_word' id='word_1_351' title='bbox 904 3674 1000 3729; x_wconf 76' lang='grc' dir='ltr'>καὶ</span> <span class='ocrx_word' id='word_1_352' title='bbox 1046 3675 1346 3745; x_wconf 90' lang='grc' dir='ltr'>μισούντων</span> <span class='ocrx_word' id='word_1_353' title='bbox 1388 3674 1550 3729; x_wconf 81' lang='grc' dir='ltr'>αὑτὸν</span> <span class='ocrx_word' id='word_1_354' title='bbox 1591 3675 1751 3749; x_wconf 79' lang='grc' dir='ltr'>χώρᾳ,</span> 
     </span>
    </p>
   </div>
   <div class='ocr_carea' id='block_1_52' title="bbox 141 3752 1744 3841">
    <p class='ocr_par' dir='ltr' id='par_1_52' title="bbox 141 3752 1744 3841">
     <span class='ocr_line' id='line_1_52' title="bbox 141 3752 1744 3841; baseline 0.002 -20"><span class='ocrx_word' id='word_1_355' title='bbox 141 3769 382 3832; x_wconf 73' lang='grc' dir='ltr'>ἑαυτοὺς</span> <span class='ocrx_word' id='word_1_356' title='bbox 415 3768 851 3833; x_wconf 83' lang='grc' dir='ltr'>καταλεξάντων,</span> <span class='ocrx_word' id='word_1_357' title='bbox 895 3769 1191 3841; x_wconf 77' lang='grc' dir='ltr'>πρεσϐείαν</span> <span class='ocrx_word' id='word_1_358' title='bbox 1229 3786 1290 3822; x_wconf 91' lang='grc' dir='ltr'><strong>τε</strong></span> <span class='ocrx_word' id='word_1_359' title='bbox 1325 3752 1744 3824; x_wconf 82' lang='grc' dir='ltr'>ἀπεσταλκότων</span> 
     </span>
    </p>
   </div>
   <div class='ocr_carea' id='block_1_53' title="bbox 144 3858 1743 3934">
    <p class='ocr_par' dir='ltr' id='par_1_53' title="bbox 144 3858 1743 3934">
     <span class='ocr_line' id='line_1_53' title="bbox 144 3858 1743 3934; baseline -0.002 -18"><span class='ocrx_word' id='word_1_360' title='bbox 144 3860 576 3934; x_wconf 76' lang='grc' dir='ltr'>ἀπαρνουμένην</span> <span class='ocrx_word' id='word_1_361' title='bbox 606 3859 772 3913; x_wconf 77' lang='grc' dir='ltr'>αὐτοῦ</span> <span class='ocrx_word' id='word_1_362' title='bbox 801 3859 899 3932; x_wconf 81' lang='grc' dir='ltr'>τὴν</span> <span class='ocrx_word' id='word_1_363' title='bbox 931 3858 1231 3931; x_wconf 83' lang='grc' dir='ltr'>βασιλείαν,</span> <span class='ocrx_word' id='word_1_364' title='bbox 1267 3860 1449 3913; x_wconf 86' lang='grc' dir='ltr'>ὁποῖον</span> <span class='ocrx_word' id='word_1_365' title='bbox 1477 3858 1627 3912; x_wconf 77' lang='grc' dir='ltr'>ἔσται</span> <span class='ocrx_word' id='word_1_366' title='bbox 1651 3860 1743 3913; x_wconf 81' lang='grc' dir='ltr'>τέ·</span> 
     </span>
    </p>
   </div>
   <div class='ocr_carea' id='block_1_54' title="bbox 148 3945 1746 4025">
    <p class='ocr_par' dir='ltr' id='par_1_54' title="bbox 148 3945 1746 4025">
     <span class='ocr_line' id='line_1_54' title="bbox 148 3945 1746 4025; baseline -0.002 -18"><span class='ocrx_word' id='word_1_367' title='bbox 148 3952 268 4017; x_wconf 80' lang='grc' dir='ltr'>λος,</span> <span class='ocrx_word' id='word_1_368' title='bbox 302 3952 545 4025; x_wconf 88' lang='grc' dir='ltr'>παρίστη</span> <span class='ocrx_word' id='word_1_369' title='bbox 580 3951 649 4006; x_wconf 80' lang='grc' dir='ltr'><strong>δι’</strong></span> <span class='ocrx_word' id='word_1_370' title='bbox 681 3945 760 4005; x_wconf 82' lang='grc' dir='ltr'>ὧν</span> <span class='ocrx_word' id='word_1_371' title='bbox 811 3950 1177 4007; x_wconf 77' lang='grc' dir='ltr'>ἐπανελθόντα</span> <span class='ocrx_word' id='word_1_372' title='bbox 1216 3950 1307 4004; x_wconf 85' lang='grc' dir='ltr'>τὸν</span> <span class='ocrx_word' id='word_1_373' title='bbox 1339 3949 1564 4022; x_wconf 84' lang='grc' dir='ltr'>βασιλέα</span> <span class='ocrx_word' id='word_1_374' title='bbox 1604 3950 1746 4013; x_wconf 80' lang='grc' dir='ltr'>κατὰ</span> 
     </span>
    </p>
   </div>
   <div class='ocr_carea' id='block_1_55' title="bbox 142 4042 1744 4119">
    <p class='ocr_par' dir='ltr' id='par_1_55' title="bbox 142 4042 1744 4119">
     <span class='ocr_line' id='line_1_55' title="bbox 142 4042 1744 4119; baseline -0.004 -18"><span class='ocrx_word' id='word_1_375' title='bbox 142 4048 249 4119; x_wconf 78' lang='grc' dir='ltr'>τὴν</span> <span class='ocrx_word' id='word_1_376' title='bbox 279 4045 543 4118; x_wconf 87' lang='grc' dir='ltr'>δευτέραν</span> <span class='ocrx_word' id='word_1_377' title='bbox 578 4045 677 4099; x_wconf 75' lang='grc' dir='ltr'>καὶ</span> <span class='ocrx_word' id='word_1_378' title='bbox 704 4044 985 4116; x_wconf 74' lang='grc' dir='ltr'>βασιλικὴν</span> <span class='ocrx_word' id='word_1_379' title='bbox 1038 4042 1202 4098; x_wconf 81' lang='grc' dir='ltr'>αὐτοῦ</span> <span class='ocrx_word' id='word_1_380' title='bbox 1259 4042 1598 4114; x_wconf 81' lang='grc' dir='ltr'>θεοφάνειαν,</span> <span class='ocrx_word' id='word_1_381' title='bbox 1646 4059 1744 4113; x_wconf 82' lang='grc' dir='ltr'>φο-</span> 
     </span>
    </p>
   </div>
   <div class='ocr_carea' id='block_1_56' title="bbox 142 4131 1743 4211">
    <p class='ocr_par' dir='ltr' id='par_1_56' title="bbox 142 4131 1743 4211">
     <span class='ocr_line' id='line_1_56' title="bbox 142 4131 1743 4211; baseline -0.006 -18"><span class='ocrx_word' id='word_1_382' title='bbox 142 4137 318 4211; x_wconf 73' lang='grc' dir='ltr'>ϐερὰν</span> <span class='ocrx_word' id='word_1_383' title='bbox 362 4137 641 4207; x_wconf 80' lang='grc' dir='ltr'>ἀπόφασιν</span> <span class='ocrx_word' id='word_1_384' title='bbox 682 4135 913 4201; x_wconf 84' lang='grc' dir='ltr'>ἐξοίσειν</span> <span class='ocrx_word' id='word_1_385' title='bbox 960 4134 1082 4189; x_wconf 88' lang='grc' dir='ltr'>κατ’</span> <span class='ocrx_word' id='word_1_386' title='bbox 1114 4132 1293 4189; x_wconf 82' lang='grc' dir='ltr'>αὐτῶν</span> <span class='ocrx_word' id='word_1_387' title='bbox 1333 4131 1599 4205; x_wconf 75' lang='grc' dir='ltr'>προύλεγε</span> <span class='ocrx_word' id='word_1_388' title='bbox 1642 4132 1743 4204; x_wconf 78' lang='grc' dir='ltr'>τὴν</span> 
     </span>
    </p>
   </div>
   <div class='ocr_carea' id='block_1_57' title="bbox 140 4224 1742 4303">
    <p class='ocr_par' dir='ltr' id='par_1_57' title="bbox 140 4224 1742 4303">
     <span class='ocr_line' id='line_1_57' title="bbox 140 4224 1742 4303; baseline -0.006 -18"><span class='ocrx_word' id='word_1_389' title='bbox 140 4232 439 4303; x_wconf 78' lang='grc' dir='ltr'>φήσασαν·</span> <span class='ocrx_word' id='word_1_390' title='bbox 469 4229 618 4302; x_wconf 78' lang='grc' dir='ltr'>Πλὴν</span> <span class='ocrx_word' id='word_1_391' title='bbox 651 4229 780 4293; x_wconf 80' lang='grc' dir='ltr'>τοὺς</span> <span class='ocrx_word' id='word_1_392' title='bbox 817 4226 1046 4300; x_wconf 85' lang='grc' dir='ltr'>ἐχθρούς</span> <span class='ocrx_word' id='word_1_393' title='bbox 1078 4244 1177 4299; x_wconf 89' lang='grc' dir='ltr'><strong>μου</strong></span> <span class='ocrx_word' id='word_1_394' title='bbox 1213 4225 1473 4289; x_wconf 86' lang='grc' dir='ltr'>ἐκείνους,</span> <span class='ocrx_word' id='word_1_395' title='bbox 1512 4224 1639 4287; x_wconf 78' lang='grc' dir='ltr'>τοὺς</span> <span class='ocrx_word' id='word_1_396' title='bbox 1668 4225 1742 4297; x_wconf 83' lang='grc' dir='ltr'>μὴ</span> 
     </span>
    </p>
   </div>
   <div class='ocr_carea' id='block_1_58' title="bbox 143 4306 1741 4394">
    <p class='ocr_par' dir='ltr' id='par_1_58' title="bbox 143 4306 1741 4394">
     <span class='ocr_line' id='line_1_58' title="bbox 143 4306 1741 4394; baseline -0.002 -19"><span class='ocrx_word' id='word_1_397' title='bbox 143 4318 492 4394; x_wconf 79' lang='grc' dir='ltr'>θελήσαντάς</span> <span class='ocrx_word' id='word_1_398' title='bbox 518 4337 585 4391; x_wconf 85' lang='grc' dir='ltr'><strong>με</strong></span> <span class='ocrx_word' id='word_1_399' title='bbox 611 4318 927 4391; x_wconf 81' lang='grc' dir='ltr'>βασιλεῦσαι</span> <span class='ocrx_word' id='word_1_400' title='bbox 967 4319 1054 4371; x_wconf 87' lang='grc' dir='ltr'><strong>ἐπ’</strong></span> <span class='ocrx_word' id='word_1_401' title='bbox 1087 4316 1304 4382; x_wconf 79' lang='grc' dir='ltr'>αὐτοὺς,</span> <span class='ocrx_word' id='word_1_402' title='bbox 1343 4315 1577 4386; x_wconf 85' lang='grc' dir='ltr'>ἀγάγετε</span> <span class='ocrx_word' id='word_1_403' title='bbox 1615 4306 1741 4377; x_wconf 66' lang='grc' dir='ltr'>ὧδε,</span> 
     </span>
    </p>
   </div>
   <div class='ocr_carea' id='block_1_59' title="bbox 141 4405 1277 4481">
    <p class='ocr_par' dir='ltr' id='par_1_59' title="bbox 141 4405 1277 4481">
     <span class='ocr_line' id='line_1_59' title="bbox 141 4405 1277 4481; baseline -0.008 -13"><span class='ocrx_word' id='word_1_404' title='bbox 141 4412 243 4468; x_wconf 70' lang='grc' dir='ltr'><strong>καὶ</strong></span> <span class='ocrx_word' id='word_1_405' title='bbox 267 4410 660 4480; x_wconf 79' lang='grc' dir='ltr'>κατασφάξατε</span> <span class='ocrx_word' id='word_1_406' title='bbox 688 4407 997 4481; x_wconf 75' lang='grc' dir='ltr'>ἔμπροσθέν</span> <span class='ocrx_word' id='word_1_407' title='bbox 1023 4424 1123 4479; x_wconf 88' lang='grc' dir='ltr'><strong>μου</strong></span> <span class='ocrx_word' id='word_1_408' title='bbox 1142 4405 1277 4478; x_wconf 77' lang='grc'>(72).</span> 
     </span>
    </p>
   </div>
   <div class='ocr_carea' id='block_1_60' title="bbox 447 4496 1459 4570">
    <p class='ocr_par' dir='ltr' id='par_1_60' title="bbox 447 4496 1459 4570">
     <span class='ocr_line' id='line_1_60' title="bbox 447 4496 1459 4570; baseline -0.005 -14"><span class='ocrx_word' id='word_1_409' title='bbox 447 4503 544 4556; x_wconf 84' lang='grc' dir='ltr'><strong>Ἐν</strong></span> <span class='ocrx_word' id='word_1_410' title='bbox 571 4502 716 4569; x_wconf 81' lang='grc' dir='ltr'>ποίᾳ</span> <span class='ocrx_word' id='word_1_411' title='bbox 738 4500 994 4570; x_wconf 70' lang='grc' dir='ltr'>ἐξουσίᾳ</span> <span class='ocrx_word' id='word_1_412' title='bbox 1018 4499 1206 4554; x_wconf 81' lang='grc' dir='ltr'>ταῦτα</span> <span class='ocrx_word' id='word_1_413' title='bbox 1230 4496 1420 4562; x_wconf 82' lang='grc' dir='ltr'>ποιεῖς</span> <span class='ocrx_word' id='word_1_414' title='bbox 1440 4512 1459 4559; x_wconf 86' lang='grc'><strong><em>;</em></strong></span> 
     </span>
    </p>
   </div>
   <div class='ocr_carea' id='block_1_61' title="bbox 214 4586 1737 4666">
    <p class='ocr_par' dir='ltr' id='par_1_61' title="bbox 214 4586 1737 4666">
     <span class='ocr_line' id='line_1_61' title="bbox 214 4586 1737 4666; baseline -0.007 -16"><span class='ocrx_word' id='word_1_415' title='bbox 214 4594 394 4660; x_wconf 80' lang='grc' dir='ltr'>Δύτδς</span> <span class='ocrx_word' id='word_1_416' title='bbox 428 4593 529 4666; x_wconf 83' lang='grc' dir='ltr'>μὲν</span> <span class='ocrx_word' id='word_1_417' title='bbox 559 4593 697 4665; x_wconf 71' lang='grc' dir='ltr'>ἔργα</span> <span class='ocrx_word' id='word_1_418' title='bbox 745 4592 935 4664; x_wconf 85' lang='grc' dir='ltr'>θεῖκῆς</span> <span class='ocrx_word' id='word_1_419' title='bbox 976 4591 1260 4663; x_wconf 87' lang='grc' dir='ltr'>δυνάμεως</span> <span class='ocrx_word' id='word_1_420' title='bbox 1315 4586 1601 4653; x_wconf 84' lang='grc' dir='ltr'>ἐπιτελῶν,</span> <span class='ocrx_word' id='word_1_421' title='bbox 1647 4604 1737 4641; x_wconf 87' lang='grc' dir='ltr'>τε-</span> 
     </span>
    </p>
   </div>
   <div class='ocr_carea' id='block_1_62' title="bbox 144 4680 1739 4760">
    <p class='ocr_par' dir='ltr' id='par_1_62' title="bbox 144 4680 1739 4760">
     <span class='ocr_line' id='line_1_62' title="bbox 144 4680 1739 4760; baseline -0.007 -18"><span class='ocrx_word' id='word_1_422' title='bbox 144 4688 377 4760; x_wconf 84' lang='grc' dir='ltr'>ραστίας</span> <span class='ocrx_word' id='word_1_423' title='bbox 422 4688 519 4740; x_wconf 75' lang='grc' dir='ltr'>καὶ</span> <span class='ocrx_word' id='word_1_424' title='bbox 571 4684 909 4758; x_wconf 73' lang='grc' dir='ltr'>παραδόξους</span> <span class='ocrx_word' id='word_1_425' title='bbox 955 4684 1185 4756; x_wconf 84' lang='grc' dir='ltr'>πράξεις</span> <span class='ocrx_word' id='word_1_426' title='bbox 1229 4682 1583 4746; x_wconf 86' lang='grc' dir='ltr'>ἐνεδείκνυτο,</span> <span class='ocrx_word' id='word_1_427' title='bbox 1629 4680 1739 4734; x_wconf 59' lang='lat'><em>€66—</em></span> 
     </span>
    </p>
   </div>
   <div class='ocr_carea' id='block_1_63' title="bbox 142 4774 1737 4849">
    <p class='ocr_par' dir='ltr' id='par_1_63' title="bbox 142 4774 1737 4849">
     <span class='ocr_line' id='line_1_63' title="bbox 142 4774 1737 4849; baseline -0.004 -15"><span class='ocrx_word' id='word_1_428' title='bbox 142 4778 318 4834; x_wconf 85' lang='grc' dir='ltr'>δασκέ</span> <span class='ocrx_word' id='word_1_429' title='bbox 364 4795 427 4832; x_wconf 88' lang='grc' dir='ltr'><strong>τε</strong></span> <span class='ocrx_word' id='word_1_430' title='bbox 474 4778 702 4849; x_wconf 83' lang='grc' dir='ltr'>οὐράνια</span> <span class='ocrx_word' id='word_1_431' title='bbox 753 4777 1073 4849; x_wconf 78' lang='grc' dir='ltr'>μαθήματαο</span> <span class='ocrx_word' id='word_1_432' title='bbox 1133 4777 1184 4830; x_wconf 80' lang='grc' dir='ltr'>οἱ</span> <span class='ocrx_word' id='word_1_433' title='bbox 1232 4776 1279 4829; x_wconf 84' lang='grc' dir='ltr'>δ’</span> <span class='ocrx_word' id='word_1_434' title='bbox 1323 4774 1737 4847; x_wconf 82' lang='grc' dir='ltr'>ἀποθαυμάζειν</span> 
     </span>
    </p>
   </div>
   <div class='ocr_carea' id='block_1_64' title="bbox 143 4869 1749 4944">
    <p class='ocr_par' dir='ltr' id='par_1_64' title="bbox 143 4869 1749 4944">
     <span class='ocr_line' id='line_1_64' title="bbox 143 4869 1749 4944; baseline -0.003 -18"><span class='ocrx_word' id='word_1_435' title='bbox 143 4872 287 4937; x_wconf 87' lang='grc' dir='ltr'>δέον,</span> <span class='ocrx_word' id='word_1_436' title='bbox 323 4871 613 4944; x_wconf 84' lang='grc' dir='ltr'>γνωρίζειν</span> <span class='ocrx_word' id='word_1_437' title='bbox 649 4887 711 4924; x_wconf 90' lang='grc' dir='ltr'><strong>τε</strong></span> <span class='ocrx_word' id='word_1_438' title='bbox 755 4872 821 4925; x_wconf 82' lang='grc' dir='ltr'><strong>ἐκ</strong></span> <span class='ocrx_word' id='word_1_439' title='bbox 848 4870 956 4924; x_wconf 91' lang='grc' dir='ltr'><strong>τῶν</strong></span> <span class='ocrx_word' id='word_1_440' title='bbox 990 4870 1166 4939; x_wconf 87' lang='grc' dir='ltr'>λόγων</span> <span class='ocrx_word' id='word_1_441' title='bbox 1193 4869 1289 4923; x_wconf 76' lang='grc' dir='ltr'>καὶ</span> <span class='ocrx_word' id='word_1_442' title='bbox 1322 4870 1435 4924; x_wconf 90' lang='grc' dir='ltr'><strong>τῶν</strong></span> <span class='ocrx_word' id='word_1_443' title='bbox 1463 4869 1749 4941; x_wconf 67' lang='grc' dir='ltr'>πράξεων,</span> 
     </span>
    </p>
   </div>
   <div class='ocr_carea' id='block_1_65' title="bbox 142 4959 1735 5036">
    <p class='ocr_par' dir='ltr' id='par_1_65' title="bbox 142 4959 1735 5036">
     <span class='ocr_line' id='line_1_65' title="bbox 142 4959 1735 5036; baseline -0.001 -21"><span class='ocrx_word' id='word_1_444' title='bbox 142 4963 222 5026; x_wconf 85' lang='grc' dir='ltr'><strong>ῶς</strong></span> <span class='ocrx_word' id='word_1_445' title='bbox 244 4962 358 5034; x_wconf 80' lang='grc' dir='ltr'><strong>ἀρα</strong></span> <span class='ocrx_word' id='word_1_446' title='bbox 378 4962 541 5026; x_wconf 77' lang='grc' dir='ltr'>αὐτὸς</span> <span class='ocrx_word' id='word_1_447' title='bbox 568 4962 656 5033; x_wconf 79' lang='grc' dir='ltr'><strong>είη</strong></span> <span class='ocrx_word' id='word_1_448' title='bbox 684 4962 714 5014; x_wconf 98' lang='lat'><strong>6</strong></span> <span class='ocrx_word' id='word_1_449' title='bbox 735 4962 968 5036; x_wconf 78' lang='grc' dir='ltr'>Χριστὸς</span> <span class='ocrx_word' id='word_1_450' title='bbox 991 4964 1019 5016; x_wconf 90' lang='lat'><strong>6</strong></span> <span class='ocrx_word' id='word_1_451' title='bbox 1052 4960 1158 5015; x_wconf 81' lang='grc' dir='ltr'><strong>ὑπὸ</strong></span> <span class='ocrx_word' id='word_1_452' title='bbox 1190 4959 1300 5014; x_wconf 91' lang='grc' dir='ltr'><strong>τῶν</strong></span> <span class='ocrx_word' id='word_1_453' title='bbox 1324 4959 1618 5033; x_wconf 83' lang='grc' dir='ltr'>προφητῶν</span> <span class='ocrx_word' id='word_1_454' title='bbox 1641 4976 1735 5013; x_wconf 87' lang='grc' dir='ltr'>κε-</span> 
     </span>
    </p>
   </div>
   <div class='ocr_carea' id='block_1_66' title="bbox 144 5052 1733 5126">
    <p class='ocr_par' dir='ltr' id='par_1_66' title="bbox 144 5052 1733 5126">
     <span class='ocr_line' id='line_1_66' title="bbox 144 5052 1733 5126; baseline -0.001 -18"><span class='ocrx_word' id='word_1_455' title='bbox 144 5053 518 5126; x_wconf 79' lang='grc' dir='ltr'>κηρυγμένος,</span> <span class='ocrx_word' id='word_1_456' title='bbox 555 5054 714 5108; x_wconf 80' lang='grc' dir='ltr'>τοῦτο</span> <span class='ocrx_word' id='word_1_457' title='bbox 747 5053 847 5126; x_wconf 84' lang='grc' dir='ltr'>μὲν</span> <span class='ocrx_word' id='word_1_458' title='bbox 880 5054 981 5107; x_wconf 83' lang='grc' dir='ltr'>οὐκ</span> <span class='ocrx_word' id='word_1_459' title='bbox 1012 5052 1302 5125; x_wconf 76' lang='grc' dir='ltr'>ἔπραττον,</span> <span class='ocrx_word' id='word_1_460' title='bbox 1339 5053 1426 5107; x_wconf 85' lang='grc' dir='ltr'><strong>ἐπ’</strong></span> <span class='ocrx_word' id='word_1_461' title='bbox 1454 5053 1733 5124; x_wconf 78' lang='grc' dir='ltr'>ἀνατροπῇ</span> 
     </span>
    </p>
   </div>
   <div class='ocr_carea' id='block_1_67' title="bbox 146 5140 1738 5217">
    <p class='ocr_par' dir='ltr' id='par_1_67' title="bbox 146 5140 1738 5217">
     <span class='ocr_line' id='line_1_67' title="bbox 146 5140 1738 5217; baseline -0.003 -19"><span class='ocrx_word' id='word_1_462' title='bbox 146 5145 205 5198; x_wconf 78' lang='grc' dir='ltr'>δὲ</span> <span class='ocrx_word' id='word_1_463' title='bbox 235 5143 336 5198; x_wconf 80' lang='grc' dir='ltr'><strong>τοῦ</strong></span> <span class='ocrx_word' id='word_1_464' title='bbox 370 5143 609 5217; x_wconf 82' lang='grc' dir='ltr'>πλήθους</span> <span class='ocrx_word' id='word_1_465' title='bbox 634 5144 955 5208; x_wconf 82' lang='grc' dir='ltr'>ἐπιστάντες</span> <span class='ocrx_word' id='word_1_466' title='bbox 975 5142 1207 5215; x_wconf 86' lang='grc' dir='ltr'>ἀθρόως,</span> <span class='ocrx_word' id='word_1_467' title='bbox 1237 5142 1516 5214; x_wconf 81' lang='grc' dir='ltr'>ἐπετίμων</span> <span class='ocrx_word' id='word_1_468' title='bbox 1538 5140 1738 5195; x_wconf 82' lang='grc' dir='ltr'>πυνθα-</span> 
     </span>
    </p>
   </div>
   <div class='ocr_carea' id='block_1_68' title="bbox 147 5233 1736 5308">
    <p class='ocr_par' dir='ltr' id='par_1_68' title="bbox 147 5233 1736 5308">
     <span class='ocr_line' id='line_1_68' title="bbox 147 5233 1736 5308; baseline -0.002 -19"><span class='ocrx_word' id='word_1_469' title='bbox 147 5237 367 5307; x_wconf 86' lang='grc' dir='ltr'>νόμενοι</span> <span class='ocrx_word' id='word_1_470' title='bbox 392 5236 451 5288; x_wconf 88' lang='grc' dir='ltr'><strong>ἐν</strong></span> <span class='ocrx_word' id='word_1_471' title='bbox 480 5236 612 5307; x_wconf 84' lang='grc' dir='ltr'>ποίᾳ</span> <span class='ocrx_word' id='word_1_472' title='bbox 631 5234 861 5308; x_wconf 29' lang='grc' dir='ltr'>ἐξουσίᾳ,</span> <span class='ocrx_word' id='word_1_473' title='bbox 884 5234 971 5306; x_wconf 75' lang='grc' dir='ltr'><strong>εἴη</strong></span> <span class='ocrx_word' id='word_1_474' title='bbox 1000 5234 1173 5290; x_wconf 84' lang='grc' dir='ltr'>ταῦτα</span> <span class='ocrx_word' id='word_1_475' title='bbox 1200 5234 1391 5300; x_wconf 85' lang='grc' dir='ltr'>ποιῶν,</span> <span class='ocrx_word' id='word_1_476' title='bbox 1420 5234 1539 5287; x_wconf 76' lang='grc' dir='ltr'>’καὶ</span> <span class='ocrx_word' id='word_1_477' title='bbox 1584 5233 1736 5305; x_wconf 87' lang='grc' dir='ltr'><strong>παρά</strong></span> 
     </span>
    </p>
   </div>
   <div class='ocr_carea' id='block_1_69' title="bbox 140 5325 1739 5405">
    <p class='ocr_par' dir='ltr' id='par_1_69' title="bbox 140 5325 1739 5405">
     <span class='ocr_line' id='line_1_69' title="bbox 140 5325 1739 5405; baseline -0.001 -24"><span class='ocrx_word' id='word_1_478' title='bbox 140 5328 290 5405; x_wconf 34' lang='grc' dir='ltr'>,τίνος</span> <span class='ocrx_word' id='word_1_479' title='bbox 309 5327 526 5400; x_wconf 76' lang='grc' dir='ltr'>εἰλήφει</span> <span class='ocrx_word' id='word_1_480' title='bbox 556 5326 655 5400; x_wconf 78' lang='grc' dir='ltr'><strong>τὴν</strong></span> <span class='ocrx_word' id='word_1_481' title='bbox 685 5328 780 5382; x_wconf 80' lang='grc' dir='ltr'><strong>τοῦ</strong></span> <span class='ocrx_word' id='word_1_482' title='bbox 808 5329 878 5383; x_wconf 83' lang='grc' dir='ltr'>τὰ</span> <span class='ocrx_word' id='word_1_483' title='bbox 896 5328 1075 5383; x_wconf 86' lang='grc' dir='ltr'>τοιάδε</span> <span class='ocrx_word' id='word_1_484' title='bbox 1104 5327 1365 5401; x_wconf 86' lang='grc' dir='ltr'>πράττειν</span> <span class='ocrx_word' id='word_1_485' title='bbox 1388 5325 1571 5393; x_wconf 73' lang='grc' dir='ltr'>ἀδεῶς</span> <span class='ocrx_word' id='word_1_486' title='bbox 1587 5326 1739 5393; x_wconf 84' lang='grc' dir='ltr'>ἐξου-</span> 
     </span>
    </p>
   </div>
   <div class='ocr_carea' id='block_1_70' title="bbox 154 5436 293 5473">
    <p class='ocr_par' dir='ltr' id='par_1_70' title="bbox 154 5436 293 5473">
     <span class='ocr_line' id='line_1_70' title="bbox 154 5436 293 5473; baseline 0.007 -1"><span class='ocrx_word' id='word_1_487' title='bbox 154 5436 293 5473; x_wconf 75' lang='grc' dir='ltr'>σιαν.</span> 
     </span>
    </p>
   </div>
   <div class='ocr_carea' id='block_1_71' title="bbox 483 5510 1411 5584">
    <p class='ocr_par' dir='ltr' id='par_1_71' title="bbox 483 5510 1411 5584">
     <span class='ocr_line' id='line_1_71' title="bbox 483 5510 1411 5584; baseline 0.002 -19"><span class='ocrx_word' id='word_1_488' title='bbox 483 5511 788 5582; x_wconf 78' lang='grc' dir='ltr'>Ἐρωτήσω</span> <span class='ocrx_word' id='word_1_489' title='bbox 816 5512 972 5584; x_wconf 81' lang='grc' dir='ltr'>ὑμᾶς</span> <span class='ocrx_word' id='word_1_490' title='bbox 986 5512 1167 5582; x_wconf 72' lang='grc' dir='ltr'>κάγὼ,</span> <span class='ocrx_word' id='word_1_491' title='bbox 1192 5529 1247 5566; x_wconf 88' lang='grc' dir='ltr'><strong>κ.</strong></span> <span class='ocrx_word' id='word_1_492' title='bbox 1275 5528 1328 5565; x_wconf 93' lang='grc' dir='ltr'>τ.</span> <span class='ocrx_word' id='word_1_493' title='bbox 1358 5510 1411 5567; x_wconf 92' lang='grc' dir='ltr'><strong>λ.</strong></span> 
     </span>
    </p>
   </div>
   <div class='ocr_carea' id='block_1_72' title="bbox 233 5601 1728 5677">
    <p class='ocr_par' dir='ltr' id='par_1_72' title="bbox 233 5601 1728 5677">
     <span class='ocr_line' id='line_1_72' title="bbox 233 5601 1728 5677; baseline 0.001 -23"><span class='ocrx_word' id='word_1_494' title='bbox 233 5601 600 5669; x_wconf 81' lang='grc' dir='ltr'>Ἀνεξικάκως</span> <span class='ocrx_word' id='word_1_495' title='bbox 632 5604 727 5669; x_wconf 79' lang='grc' dir='ltr'>καὶ</span> <span class='ocrx_word' id='word_1_496' title='bbox 754 5604 944 5677; x_wconf 84' lang='grc' dir='ltr'>πράως</span> <span class='ocrx_word' id='word_1_497' title='bbox 992 5602 1192 5667; x_wconf 79' lang='grc' dir='ltr'>αὐτοὺς</span> <span class='ocrx_word' id='word_1_498' title='bbox 1220 5601 1511 5674; x_wconf 82' lang='grc' dir='ltr'>δεξάμενος</span> <span class='ocrx_word' id='word_1_499' title='bbox 1547 5603 1576 5655; x_wconf 91' lang='lat'><strong>6</strong></span> <span class='ocrx_word' id='word_1_500' title='bbox 1613 5601 1728 5656; x_wconf 67' lang='grc' dir='ltr'><strong>Κύι-</strong></span> 
     </span>
    </p>
   </div>
   <div class='ocr_carea' id='block_1_73' title="bbox 227 5696 1785 5765">
    <p class='ocr_par' dir='ltr' id='par_1_73' title="bbox 227 5696 1785 5765">
     <span class='ocr_line' id='line_1_73' title="bbox 227 5696 1785 5765; baseline 0.001 -10"><span class='ocrx_word' id='word_1_501' title='bbox 227 5696 275 5732; x_wconf 68' lang='lat'><strong><em>“</em></strong></span> <span class='ocrx_word' id='word_1_502' title='bbox 306 5696 442 5755; x_wconf 82' lang='lat' dir='ltr'><strong>Luc.</strong></span> <span class='ocrx_word' id='word_1_503' title='bbox 468 5713 585 5764; x_wconf 79' lang='lat' dir='ltr'><strong>xu,</strong></span> <span class='ocrx_word' id='word_1_504' title='bbox 614 5698 703 5752; x_wconf 82' lang='grc' dir='ltr'><strong>ΓΙ.</strong></span> <span class='ocrx_word' id='word_1_505' title='bbox 779 5698 824 5733; x_wconf 67' lang='grc'>⁸⁸</span> <span class='ocrx_word' id='word_1_506' title='bbox 860 5698 1004 5755; x_wconf 81' lang='lat' dir='ltr'><strong>Psal.</strong></span> <span class='ocrx_word' id='word_1_507' title='bbox 1031 5712 1191 5765; x_wconf 82' lang='lat' dir='ltr'><strong>xvm,</strong></span> <span class='ocrx_word' id='word_1_508' title='bbox 1231 5699 1284 5755; x_wconf 83' lang='lat'><strong>5.</strong></span> <span class='ocrx_word' id='word_1_509' title='bbox 1360 5699 1405 5731; x_wconf 82' lang='lat'><strong>&quot;</strong></span> <span class='ocrx_word' id='word_1_510' title='bbox 1428 5697 1566 5757; x_wconf 80' lang='lat' dir='ltr'><strong>Luc.</strong></span> <span class='ocrx_word' id='word_1_511' title='bbox 1597 5713 1689 5763; x_wconf 81' lang='lat' dir='ltr'><strong>xx,</strong></span> <span class='ocrx_word' id='word_1_512' title='bbox 1731 5697 1785 5757; x_wconf 74' lang='lat'><strong>‘2.</strong></span> 
     </span>
    </p>
   </div>
   <div class='ocr_carea' id='block_1_74' title="bbox 232 5784 1709 5866">
    <p class='ocr_par' dir='ltr' id='par_1_74' title="bbox 232 5784 1709 5866">
     <span class='ocr_line' id='line_1_74' title="bbox 232 5784 1709 5866; baseline -0.001 -16"><span class='ocrx_word' id='word_1_513' title='bbox 232 5784 354 5861; x_wconf 68' lang='grc' dir='ltr'>(τε)</span> <span class='ocrx_word' id='word_1_514' title='bbox 378 5789 586 5849; x_wconf 87' lang='lat' dir='ltr'><strong>Confer</strong></span> <span class='ocrx_word' id='word_1_515' title='bbox 608 5791 1018 5864; x_wconf 72' lang='lat' dir='ltr'><strong>Theophaniam,</strong></span> <span class='ocrx_word' id='word_1_516' title='bbox 1047 5796 1185 5866; x_wconf 84' lang='lat' dir='ltr'><strong>apud</strong></span> <span class='ocrx_word' id='word_1_517' title='bbox 1213 5809 1310 5852; x_wconf 79' lang='lat' dir='ltr'><strong>nos</strong></span> <span class='ocrx_word' id='word_1_518' title='bbox 1341 5797 1447 5852; x_wconf 74' lang='lat' dir='ltr'><strong>col.</strong></span> <span class='ocrx_word' id='word_1_519' title='bbox 1480 5793 1585 5850; x_wconf 84' lang='lat'><strong>690</strong></span> <span class='ocrx_word' id='word_1_520' title='bbox 1616 5794 1709 5849; x_wconf 90' lang='lat' dir='ltr'><strong>ﬁn.</strong></span> 
     </span>
    </p>
   </div>
   <div class='ocr_carea' id='block_1_75' title="bbox 1768 4459 1828 4518">
    <p class='ocr_par' dir='ltr' id='par_1_75' title="bbox 1768 4459 1828 4518">
     <span class='ocr_line' id='line_1_75' title="bbox 1768 4459 1828 4518; baseline 0 -16"><span class='ocrx_word' id='word_1_521' title='bbox 1768 4459 1828 4518; x_wconf 75' lang='grc' dir='ltr'>υ.</span> 
     </span>
    </p>
   </div>
   <div class='ocr_carea' id='block_1_76' title="bbox 1845 1840 3430 1912">
    <p class='ocr_par' dir='ltr' id='par_1_76' title="bbox 1845 1840 3430 1912">
     <span class='ocr_line' id='line_1_76' title="bbox 1845 1840 3430 1912; baseline -0.001 -18"><span class='ocrx_word' id='word_1_522' title='bbox 1845 1855 2049 1912; x_wconf 87' lang='lat' dir='ltr'><strong>perque</strong></span> <span class='ocrx_word' id='word_1_523' title='bbox 2090 1855 2184 1896; x_wconf 90' lang='lat' dir='ltr'><strong>eos</strong></span> <span class='ocrx_word' id='word_1_524' title='bbox 2216 1842 2309 1912; x_wconf 86' lang='lat' dir='ltr'><strong>qui</strong></span> <span class='ocrx_word' id='word_1_525' title='bbox 2358 1851 2545 1910; x_wconf 89' lang='lat' dir='ltr'><strong>postea</strong></span> <span class='ocrx_word' id='word_1_526' title='bbox 2590 1856 2775 1910; x_wconf 87' lang='lat' dir='ltr'><strong>parem</strong></span> <span class='ocrx_word' id='word_1_527' title='bbox 2823 1840 2996 1896; x_wconf 82' lang='lat' dir='ltr'><strong>zelum</strong></span> <span class='ocrx_word' id='word_1_528' title='bbox 3056 1849 3430 1910; x_wconf 86' lang='lat' dir='ltr'><strong>susceperunt,</strong></span> 
     </span>
    </p>
   </div>
   <div class='ocr_carea' id='block_1_77' title="bbox 1844 1931 3429 2005">
    <p class='ocr_par' dir='ltr' id='par_1_77' title="bbox 1844 1931 3429 2005">
     <span class='ocr_line' id='line_1_77' title="bbox 1844 1931 3429 2005; baseline -0.001 -16"><span class='ocrx_word' id='word_1_529' title='bbox 1844 1948 1914 1989; x_wconf 80' lang='lat' dir='ltr'><strong>ex</strong></span> <span class='ocrx_word' id='word_1_530' title='bbox 1957 1934 2166 1990; x_wconf 90' lang='lat' dir='ltr'><strong>cunctis</strong></span> <span class='ocrx_word' id='word_1_531' title='bbox 2221 1934 2473 2005; x_wconf 76' lang='lat' dir='ltr'><strong>gentibus</strong></span> <span class='ocrx_word' id='word_1_532' title='bbox 2518 1933 2717 1989; x_wconf 83' lang='lat' dir='ltr'><strong>selecta</strong></span> <span class='ocrx_word' id='word_1_533' title='bbox 2775 1933 2885 1988; x_wconf 90' lang='lat' dir='ltr'><strong>Deo</strong></span> <span class='ocrx_word' id='word_1_534' title='bbox 2943 1931 3206 1997; x_wconf 87' lang='lat' dir='ltr'><strong>Ecclesia,</strong></span> <span class='ocrx_word' id='word_1_535' title='bbox 3275 1933 3429 1988; x_wconf 83' lang='lat' dir='ltr'><strong>brevi</strong></span> 
     </span>
    </p>
   </div>
   <div class='ocr_carea' id='block_1_78' title="bbox 1848 2023 3430 2096">
    <p class='ocr_par' dir='ltr' id='par_1_78' title="bbox 1848 2023 3430 2096">
     <span class='ocr_line' id='line_1_78' title="bbox 1848 2023 3430 2096; baseline -0.001 -16"><span class='ocrx_word' id='word_1_536' title='bbox 1848 2035 2091 2096; x_wconf 84' lang='lat' dir='ltr'><strong>tempore</strong></span> <span class='ocrx_word' id='word_1_537' title='bbox 2138 2025 2475 2096; x_wconf 85' lang='lat' dir='ltr'><strong>universum]</strong></span> <span class='ocrx_word' id='word_1_538' title='bbox 2510 2026 2768 2083; x_wconf 87' lang='lat' dir='ltr'><strong>mundum</strong></span> <span class='ocrx_word' id='word_1_539' title='bbox 2818 2025 3066 2095; x_wconf 79' lang='lat' dir='ltr'><strong>replevit.</strong></span> <span class='ocrx_word' id='word_1_540' title='bbox 3118 2023 3240 2083; x_wconf 80' lang='lat' dir='ltr'><strong>Alio</strong></span> <span class='ocrx_word' id='word_1_541' title='bbox 3292 2039 3430 2095; x_wconf 92' lang='lat' dir='ltr'><strong>quo-</strong></span> 
     </span>
    </p>
   </div>
   <div class='ocr_carea' id='block_1_79' title="bbox 1846 2116 3436 2189">
    <p class='ocr_par' dir='ltr' id='par_1_79' title="bbox 1846 2116 3436 2189">
     <span class='ocr_line' id='line_1_79' title="bbox 1846 2116 3436 2189; baseline -0.003 -18"><span class='ocrx_word' id='word_1_542' title='bbox 1846 2130 1953 2186; x_wconf 89' lang='lat' dir='ltr'><strong>que</strong></span> <span class='ocrx_word' id='word_1_543' title='bbox 2020 2118 2182 2174; x_wconf 86' lang='lat' dir='ltr'><strong>modo</strong></span> <span class='ocrx_word' id='word_1_544' title='bbox 2255 2118 2531 2189; x_wconf 78' lang='lat' dir='ltr'><strong>negotium</strong></span> <span class='ocrx_word' id='word_1_545' title='bbox 2614 2133 2771 2175; x_wconf 89' lang='lat' dir='ltr'><strong>suum</strong></span> <span class='ocrx_word' id='word_1_546' title='bbox 2837 2117 3038 2175; x_wconf 78' lang='lat' dir='ltr'><strong>facient</strong></span> <span class='ocrx_word' id='word_1_547' title='bbox 3108 2117 3148 2172; x_wconf 91' lang='lat' dir='ltr'><strong>ii</strong></span> <span class='ocrx_word' id='word_1_548' title='bbox 3227 2116 3436 2189; x_wconf 80' lang='lat' dir='ltr'><strong>quibus.</strong></span> 
     </span>
    </p>
   </div>
   <div class='ocr_carea' id='block_1_80' title="bbox 1847 2209 3428 2280">
    <p class='ocr_par' dir='ltr' id='par_1_80' title="bbox 1847 2209 3428 2280">
     <span class='ocr_line' id='line_1_80' title="bbox 1847 2209 3428 2280; baseline -0.001 -13"><span class='ocrx_word' id='word_1_549' title='bbox 1847 2210 2157 2280; x_wconf 83' lang='lat' dir='ltr'><strong>evangelica</strong></span> <span class='ocrx_word' id='word_1_550' title='bbox 2175 2210 2481 2267; x_wconf 86' lang='lat' dir='ltr'><strong>Servatoris</strong></span> <span class='ocrx_word' id='word_1_551' title='bbox 2502 2211 2751 2269; x_wconf 79' lang='lat' dir='ltr'><strong>doctrina</strong></span> <span class='ocrx_word' id='word_1_552' title='bbox 2771 2211 3066 2267; x_wconf 88' lang='lat' dir='ltr'><strong>commissa</strong></span> <span class='ocrx_word' id='word_1_553' title='bbox 3087 2209 3211 2276; x_wconf 87' lang='lat' dir='ltr'><strong>fuit,</strong></span> <span class='ocrx_word' id='word_1_554' title='bbox 3230 2222 3428 2278; x_wconf 83' lang='lat' dir='ltr'><strong>nempe</strong></span> 
     </span>
    </p>
   </div>
   <div class='ocr_carea' id='block_1_81' title="bbox 1848 2301 3450 2370">
    <p class='ocr_par' dir='ltr' id='par_1_81' title="bbox 1848 2301 3450 2370">
     <span class='ocr_line' id='line_1_81' title="bbox 1848 2301 3450 2370; baseline 0.001 -16"><span class='ocrx_word' id='word_1_555' title='bbox 1848 2302 2089 2358; x_wconf 88' lang='lat' dir='ltr'><strong>moribus</strong></span> <span class='ocrx_word' id='word_1_556' title='bbox 2114 2311 2170 2354; x_wconf 91' lang='lat' dir='ltr'><strong>et</strong></span> <span class='ocrx_word' id='word_1_557' title='bbox 2190 2303 2310 2355; x_wconf 72' lang='lat' dir='ltr'><strong>vitae.</strong></span> <span class='ocrx_word' id='word_1_558' title='bbox 2332 2301 2564 2369; x_wconf 87' lang='lat' dir='ltr'><strong>actibus,</strong></span> <span class='ocrx_word' id='word_1_559' title='bbox 2595 2312 2650 2356; x_wconf 88' lang='lat' dir='ltr'><strong>et</strong></span> <span class='ocrx_word' id='word_1_560' title='bbox 2678 2301 2837 2370; x_wconf 89' lang='lat' dir='ltr'><strong>digna</strong></span> <span class='ocrx_word' id='word_1_561' title='bbox 2860 2301 2969 2356; x_wconf 89' lang='lat' dir='ltr'><strong>Deo</strong></span> <span class='ocrx_word' id='word_1_562' title='bbox 2991 2301 3450 2369; x_wconf 31' lang='lat' dir='ltr'><strong>conversatione”</strong></span> 
     </span>
    </p>
   </div>
   <div class='ocr_carea' id='block_1_82' title="bbox 1847 2392 3430 2463">
    <p class='ocr_par' dir='ltr' id='par_1_82' title="bbox 1847 2392 3430 2463">
     <span class='ocr_line' id='line_1_82' title="bbox 1847 2392 3430 2463; baseline 0.001 -16"><span class='ocrx_word' id='word_1_563' title='bbox 1847 2392 2108 2448; x_wconf 71' lang='lat' dir='ltr'><strong>doctrinm</strong></span> <span class='ocrx_word' id='word_1_564' title='bbox 2146 2403 2411 2463; x_wconf 72' lang='lat' dir='ltr'><strong>praecepta</strong></span> <span class='ocrx_word' id='word_1_565' title='bbox 2446 2393 2820 2462; x_wconf 89' lang='lat' dir='ltr'><strong>adimpleutes.</strong></span> <span class='ocrx_word' id='word_1_566' title='bbox 2861 2393 3009 2460; x_wconf 84' lang='lat' dir='ltr'><strong>Quos</strong></span> <span class='ocrx_word' id='word_1_567' title='bbox 3042 2393 3257 2449; x_wconf 78' lang='lat' dir='ltr'><strong>diverse</strong></span> <span class='ocrx_word' id='word_1_568' title='bbox 3303 2408 3430 2461; x_wconf 83' lang='lat' dir='ltr'><strong>ope-</strong></span> 
     </span>
    </p>
   </div>
   <div class='ocr_carea' id='block_1_83' title="bbox 1847 2484 3426 2564">
    <p class='ocr_par' dir='ltr' id='par_1_83' title="bbox 1847 2484 3426 2564">
     <span class='ocr_line' id='line_1_83' title="bbox 1847 2484 3426 2564; baseline 0.001 -25"><span class='ocrx_word' id='word_1_569' title='bbox 1847 2494 2051 2552; x_wconf 80' lang='lat' dir='ltr'><strong>rantes,</strong></span> <span class='ocrx_word' id='word_1_570' title='bbox 2083 2484 2314 2541; x_wconf 87' lang='lat' dir='ltr'><strong>diversis</strong></span> <span class='ocrx_word' id='word_1_571' title='bbox 2343 2486 2579 2564; x_wconf 68' lang='lat' dir='ltr'><strong>praemiis</strong></span> <span class='ocrx_word' id='word_1_572' title='bbox 2611 2485 2792 2552; x_wconf 86' lang='lat' dir='ltr'><strong>justus</strong></span> <span class='ocrx_word' id='word_1_573' title='bbox 2834 2484 3001 2553; x_wconf 80' lang='lat' dir='ltr'><strong>judex</strong></span> <span class='ocrx_word' id='word_1_574' title='bbox 3043 2488 3426 2542; x_wconf 85' lang='lat' dir='ltr'><strong>remunerabi-</strong></span> 
     </span>
    </p>
   </div>
   <div class='ocr_carea' id='block_1_84' title="bbox 1848 2576 3429 2647">
    <p class='ocr_par' dir='ltr' id='par_1_84' title="bbox 1848 2576 3429 2647">
     <span class='ocr_line' id='line_1_84' title="bbox 1848 2576 3429 2647; baseline -0.001 -14"><span class='ocrx_word' id='word_1_575' title='bbox 1848 2587 1955 2641; x_wconf 89' lang='lat' dir='ltr'><strong>tur,</strong></span> <span class='ocrx_word' id='word_1_576' title='bbox 2000 2578 2134 2633; x_wconf 90' lang='lat' dir='ltr'><strong>dans</strong></span> <span class='ocrx_word' id='word_1_577' title='bbox 2180 2577 2379 2646; x_wconf 78' lang='lat' dir='ltr'><strong>cuique</strong></span> <span class='ocrx_word' id='word_1_578' title='bbox 2411 2580 2712 2645; x_wconf 85' lang='lat' dir='ltr'><strong>congruam</strong></span> <span class='ocrx_word' id='word_1_579' title='bbox 2759 2576 2836 2632; x_wconf 88' lang='lat' dir='ltr'><strong>rei</strong></span> <span class='ocrx_word' id='word_1_580' title='bbox 2887 2577 3027 2633; x_wconf 90' lang='lat' dir='ltr'><strong>bene</strong></span> <span class='ocrx_word' id='word_1_581' title='bbox 3062 2586 3227 2647; x_wconf 72' lang='lat' dir='ltr'><strong>gestae</strong></span> <span class='ocrx_word' id='word_1_582' title='bbox 3266 2578 3429 2633; x_wconf 87' lang='lat' dir='ltr'><strong>retri-</strong></span> 
     </span>
    </p>
   </div>
   <div class='ocr_carea' id='block_1_85' title="bbox 1844 2668 3426 2739">
    <p class='ocr_par' dir='ltr' id='par_1_85' title="bbox 1844 2668 3426 2739">
     <span class='ocr_line' id='line_1_85' title="bbox 1844 2668 3426 2739; baseline -0.001 -15"><span class='ocrx_word' id='word_1_583' title='bbox 1844 2668 2143 2724; x_wconf 89' lang='lat' dir='ltr'><strong>butionem.</strong></span> <span class='ocrx_word' id='word_1_584' title='bbox 2182 2669 2570 2725; x_wconf 77' lang='lat' dir='ltr'><strong>Verumtamen</strong></span> <span class='ocrx_word' id='word_1_585' title='bbox 2614 2668 2763 2722; x_wconf 91' lang='lat' dir='ltr'><strong>illum</strong></span> <span class='ocrx_word' id='word_1_586' title='bbox 2793 2669 2886 2739; x_wconf 91' lang='lat' dir='ltr'><strong>qui</strong></span> <span class='ocrx_word' id='word_1_587' title='bbox 2939 2669 3193 2725; x_wconf 86' lang='lat' dir='ltr'><strong>traditam</strong></span> <span class='ocrx_word' id='word_1_588' title='bbox 3222 2668 3426 2726; x_wconf 84' lang='lat' dir='ltr'><strong>doctri-</strong></span> 
     </span>
    </p>
   </div>
   <div class='ocr_carea' id='block_1_86' title="bbox 1846 2760 3426 2830">
    <p class='ocr_par' dir='ltr' id='par_1_86' title="bbox 1846 2760 3426 2830">
     <span class='ocr_line' id='line_1_86' title="bbox 1846 2760 3426 2830; baseline 0 -13"><span class='ocrx_word' id='word_1_589' title='bbox 1846 2776 1974 2819; x_wconf 83' lang='lat' dir='ltr'><strong>nam</strong></span> <span class='ocrx_word' id='word_1_590' title='bbox 2018 2760 2277 2817; x_wconf 87' lang='lat' dir='ltr'><strong>celaverit</strong></span> <span class='ocrx_word' id='word_1_591' title='bbox 2319 2769 2480 2830; x_wconf 89' lang='lat' dir='ltr'><strong>atque</strong></span> <span class='ocrx_word' id='word_1_592' title='bbox 2535 2761 2673 2829; x_wconf 90' lang='lat' dir='ltr'><strong>apud</strong></span> <span class='ocrx_word' id='word_1_593' title='bbox 2728 2776 2789 2817; x_wconf 90' lang='lat' dir='ltr'><strong>se</strong></span> <span class='ocrx_word' id='word_1_594' title='bbox 2841 2761 3162 2826; x_wconf 88' lang='lat' dir='ltr'><strong>obvolverit,</strong></span> <span class='ocrx_word' id='word_1_595' title='bbox 3223 2762 3426 2817; x_wconf 89' lang='lat' dir='ltr'><strong>malum</strong></span> 
     </span>
    </p>
   </div>
   <div class='ocr_carea' id='block_1_87' title="bbox 1847 2852 3427 2924">
    <p class='ocr_par' dir='ltr' id='par_1_87' title="bbox 1847 2852 3427 2924">
     <span class='ocr_line' id='line_1_87' title="bbox 1847 2852 3427 2924; baseline 0 -16"><span class='ocrx_word' id='word_1_596' title='bbox 1847 2853 2086 2917; x_wconf 89' lang='lat' dir='ltr'><strong>scilicet,</strong></span> <span class='ocrx_word' id='word_1_597' title='bbox 2122 2852 2372 2923; x_wconf 87' lang='lat' dir='ltr'><strong>ignavum</strong></span> <span class='ocrx_word' id='word_1_598' title='bbox 2408 2852 2652 2922; x_wconf 90' lang='lat' dir='ltr'><strong>nihilque</strong></span> <span class='ocrx_word' id='word_1_599' title='bbox 2678 2862 2993 2923; x_wconf 80' lang='lat' dir='ltr'><strong>Operantem</strong></span> <span class='ocrx_word' id='word_1_600' title='bbox 3039 2867 3289 2924; x_wconf 90' lang='lat' dir='ltr'><strong>servum,</strong></span> <span class='ocrx_word' id='word_1_601' title='bbox 3333 2854 3427 2908; x_wconf 85' lang='lat' dir='ltr'><strong>de-</strong></span> 
     </span>
    </p>
   </div>
   <div class='ocr_carea' id='block_1_88' title="bbox 1848 2945 3425 3016">
    <p class='ocr_par' dir='ltr' id='par_1_88' title="bbox 1848 2945 3425 3016">
     <span class='ocr_line' id='line_1_88' title="bbox 1848 2945 3425 3016; baseline 0.001 -17"><span class='ocrx_word' id='word_1_602' title='bbox 1848 2945 1954 2999; x_wconf 85' lang='lat' dir='ltr'><strong>bita</strong></span> <span class='ocrx_word' id='word_1_603' title='bbox 1978 2945 2230 3015; x_wconf 72' lang='lat' dir='ltr'><strong>nequitia:</strong></span> <span class='ocrx_word' id='word_1_604' title='bbox 2258 2960 2369 3000; x_wconf 84' lang='lat' dir='ltr'><strong>suae</strong></span> <span class='ocrx_word' id='word_1_605' title='bbox 2400 2960 2556 3014; x_wconf 74' lang='lat' dir='ltr'><strong>pceua</strong></span> <span class='ocrx_word' id='word_1_606' title='bbox 2588 2953 2965 3016; x_wconf 89' lang='lat' dir='ltr'><strong>prosequetur.</strong></span> <span class='ocrx_word' id='word_1_607' title='bbox 2988 2975 3060 2986; x_wconf 95' lang='lat'><strong>—</strong></span> <span class='ocrx_word' id='word_1_608' title='bbox 3085 2945 3280 3002; x_wconf 85' lang='lat' dir='ltr'><strong>Decem</strong></span> <span class='ocrx_word' id='word_1_609' title='bbox 3335 2947 3425 3001; x_wconf 86' lang='lat' dir='ltr'><strong>vel</strong></span> 
     </span>
    </p>
   </div>
   <div class='ocr_carea' id='block_1_89' title="bbox 1847 3037 3425 3111">
    <p class='ocr_par' dir='ltr' id='par_1_89' title="bbox 1847 3037 3425 3111">
     <span class='ocr_line' id='line_1_89' title="bbox 1847 3037 3425 3111; baseline 0.002 -20"><span class='ocrx_word' id='word_1_610' title='bbox 1847 3037 2086 3107; x_wconf 88' lang='lat' dir='ltr'><strong>quinque</strong></span> <span class='ocrx_word' id='word_1_611' title='bbox 2139 3038 2355 3093; x_wconf 86' lang='lat' dir='ltr'><strong>urbium</strong></span> <span class='ocrx_word' id='word_1_612' title='bbox 2425 3037 2747 3107; x_wconf 69' lang='lat' dir='ltr'><strong>praefectura</strong></span> <span class='ocrx_word' id='word_1_613' title='bbox 2814 3037 3085 3111; x_wconf 89' lang='lat' dir='ltr'><strong>signiﬁcat</strong></span> <span class='ocrx_word' id='word_1_614' title='bbox 3137 3038 3425 3110; x_wconf 90' lang='lat' dir='ltr'><strong>imperium</strong></span> 
     </span>
    </p>
   </div>
   <div class='ocr_carea' id='block_1_90' title="bbox 1773 3108 3427 3202">
    <p class='ocr_par' dir='ltr' id='par_1_90' title="bbox 1773 3108 3427 3202">
     <span class='ocr_line' id='line_1_90' title="bbox 1773 3108 3427 3202; baseline 0.001 -17"><span class='ocrx_word' id='word_1_615' title='bbox 1773 3108 1819 3169; x_wconf 65' lang='grc' dir='ltr'><strong>(ἶ</strong></span> <span class='ocrx_word' id='word_1_616' title='bbox 1850 3129 2122 3201; x_wconf 87' lang='lat' dir='ltr'><strong>quoddam</strong></span> <span class='ocrx_word' id='word_1_617' title='bbox 2169 3144 2233 3186; x_wconf 88' lang='lat' dir='ltr'><strong>ac</strong></span> <span class='ocrx_word' id='word_1_618' title='bbox 2277 3136 2625 3202; x_wconf 88' lang='lat' dir='ltr'><strong>potestatem,</strong></span> <span class='ocrx_word' id='word_1_619' title='bbox 2674 3144 2796 3200; x_wconf 75' lang='lat' dir='ltr'><strong>quae</strong></span> <span class='ocrx_word' id='word_1_620' title='bbox 2848 3108 3053 3185; x_wconf 77' lang='lat' dir='ltr'><strong>sanctis</strong></span> <span class='ocrx_word' id='word_1_621' title='bbox 3092 3108 3270 3186; x_wconf 83' lang='lat' dir='ltr'><strong>danda</strong></span> <span class='ocrx_word' id='word_1_622' title='bbox 3321 3132 3427 3187; x_wconf 90' lang='lat' dir='ltr'><strong>erit</strong></span> 
     </span>
    </p>
   </div>
   <div class='ocr_carea' id='block_1_91' title="bbox 1846 3221 3221 3294">
    <p class='ocr_par' dir='ltr' id='par_1_91' title="bbox 1846 3221 3221 3294">
     <span class='ocr_line' id='line_1_91' title="bbox 1846 3221 3221 3294; baseline 0 -15"><span class='ocrx_word' id='word_1_623' title='bbox 1846 3237 2011 3293; x_wconf 85' lang='lat' dir='ltr'><strong>super</strong></span> <span class='ocrx_word' id='word_1_624' title='bbox 2043 3222 2372 3279; x_wconf 86' lang='lat' dir='ltr'><strong>inﬁrmiores</strong></span> <span class='ocrx_word' id='word_1_625' title='bbox 2404 3231 2568 3294; x_wconf 88' lang='lat' dir='ltr'><strong>atque</strong></span> <span class='ocrx_word' id='word_1_626' title='bbox 2597 3222 2977 3279; x_wconf 83' lang='lat' dir='ltr'><strong>emendatione</strong></span> <span class='ocrx_word' id='word_1_627' title='bbox 3004 3221 3221 3294; x_wconf 85' lang='lat' dir='ltr'><strong>dignos.</strong></span> 
     </span>
    </p>
   </div>
   <div class='ocr_carea' id='block_1_92' title="bbox 1916 3399 3418 3472">
    <p class='ocr_par' dir='ltr' id='par_1_92' title="bbox 1916 3399 3418 3472">
     <span class='ocr_line' id='line_1_92' title="bbox 1916 3399 3418 3472; baseline -0.001 -15"><span class='ocrx_word' id='word_1_628' title='bbox 1916 3401 2046 3459; x_wconf 90' lang='lat' dir='ltr'><strong>Tale</strong></span> <span class='ocrx_word' id='word_1_629' title='bbox 2094 3402 2276 3472; x_wconf 88' lang='lat' dir='ltr'><strong>itaque</strong></span> <span class='ocrx_word' id='word_1_630' title='bbox 2317 3401 2386 3457; x_wconf 92' lang='lat' dir='ltr'><strong>de</strong></span> <span class='ocrx_word' id='word_1_631' title='bbox 2439 3400 2612 3458; x_wconf 86' lang='lat' dir='ltr'><strong>servis</strong></span> <span class='ocrx_word' id='word_1_632' title='bbox 2655 3400 2769 3457; x_wconf 90' lang='lat' dir='ltr'><strong>suis</strong></span> <span class='ocrx_word' id='word_1_633' title='bbox 2815 3399 3078 3469; x_wconf 85' lang='lat' dir='ltr'><strong>judicium</strong></span> <span class='ocrx_word' id='word_1_634' title='bbox 3126 3402 3418 3456; x_wconf 82' lang='lat' dir='ltr'><strong>exercebit.</strong></span> 
     </span>
    </p>
   </div>
   <div class='ocr_carea' id='block_1_93' title="bbox 1845 3490 3425 3564">
    <p class='ocr_par' dir='ltr' id='par_1_93' title="bbox 1845 3490 3425 3564">
     <span class='ocr_line' id='line_1_93' title="bbox 1845 3490 3425 3564; baseline -0.003 -14"><span class='ocrx_word' id='word_1_635' title='bbox 1845 3494 2066 3550; x_wconf 71' lang='lat' dir='ltr'><strong>Illorum</strong></span> <span class='ocrx_word' id='word_1_636' title='bbox 2102 3505 2282 3549; x_wconf 81' lang='lat' dir='ltr'><strong>autem</strong></span> <span class='ocrx_word' id='word_1_637' title='bbox 2313 3494 2405 3564; x_wconf 92' lang='lat' dir='ltr'><strong>qui</strong></span> <span class='ocrx_word' id='word_1_638' title='bbox 2445 3509 2619 3564; x_wconf 91' lang='lat' dir='ltr'><strong>neque</strong></span> <span class='ocrx_word' id='word_1_639' title='bbox 2656 3494 2709 3549; x_wconf 93' lang='lat' dir='ltr'><strong>in</strong></span> <span class='ocrx_word' id='word_1_640' title='bbox 2739 3506 3022 3548; x_wconf 88' lang='lat' dir='ltr'><strong>servorum</strong></span> <span class='ocrx_word' id='word_1_641' title='bbox 3049 3490 3168 3561; x_wconf 82' lang='lat' dir='ltr'><strong>ejus</strong></span> <span class='ocrx_word' id='word_1_642' title='bbox 3192 3508 3425 3547; x_wconf 88' lang='lat' dir='ltr'><strong>numero</strong></span> 
     </span>
    </p>
   </div>
   <div class='ocr_carea' id='block_1_94' title="bbox 1843 3582 3422 3664">
    <p class='ocr_par' dir='ltr' id='par_1_94' title="bbox 1843 3582 3422 3664">
     <span class='ocr_line' id='line_1_94' title="bbox 1843 3582 3422 3664; baseline -0.002 -23"><span class='ocrx_word' id='word_1_643' title='bbox 1843 3602 1966 3642; x_wconf 86' lang='lat' dir='ltr'><strong>esse</strong></span> <span class='ocrx_word' id='word_1_644' title='bbox 1996 3588 2316 3664; x_wconf 76' lang='lat' dir='ltr'><strong>voluerunt,</strong></span> <span class='ocrx_word' id='word_1_645' title='bbox 2346 3600 2657 3655; x_wconf 81' lang='lat' dir='ltr'><strong>quanquam</strong></span> <span class='ocrx_word' id='word_1_646' title='bbox 2695 3584 2842 3639; x_wconf 90' lang='lat' dir='ltr'><strong>cives</strong></span> <span class='ocrx_word' id='word_1_647' title='bbox 2883 3582 3051 3653; x_wconf 86' lang='lat' dir='ltr'><strong>ipsius</strong></span> <span class='ocrx_word' id='word_1_648' title='bbox 3082 3592 3296 3650; x_wconf 89' lang='lat' dir='ltr'><strong>essent,</strong></span> <span class='ocrx_word' id='word_1_649' title='bbox 3326 3584 3422 3638; x_wconf 86' lang='lat' dir='ltr'><strong>sed</strong></span> 
     </span>
    </p>
   </div>
   <div class='ocr_carea' id='block_1_95' title="bbox 1845 3675 3419 3749">
    <p class='ocr_par' dir='ltr' id='par_1_95' title="bbox 1845 3675 3419 3749">
     <span class='ocr_line' id='line_1_95' title="bbox 1845 3675 3419 3749; baseline -0.003 -15"><span class='ocrx_word' id='word_1_650' title='bbox 1845 3681 1898 3734; x_wconf 87' lang='lat' dir='ltr'><strong>i-n</strong></span> <span class='ocrx_word' id='word_1_651' title='bbox 1932 3681 2166 3734; x_wconf 86' lang='lat' dir='ltr'><strong>hostium</strong></span> <span class='ocrx_word' id='word_1_652' title='bbox 2211 3689 2375 3749; x_wconf 87' lang='lat' dir='ltr'><strong>atque</strong></span> <span class='ocrx_word' id='word_1_653' title='bbox 2415 3692 2635 3733; x_wconf 90' lang='lat' dir='ltr'><strong>osorum</strong></span> <span class='ocrx_word' id='word_1_654' title='bbox 2679 3676 2925 3746; x_wconf 87' lang='lat' dir='ltr'><strong>partibus</strong></span> <span class='ocrx_word' id='word_1_655' title='bbox 2967 3689 3026 3731; x_wconf 88' lang='lat' dir='ltr'><strong>se</strong></span> <span class='ocrx_word' id='word_1_656' title='bbox 3062 3675 3419 3742; x_wconf 87' lang='lat' dir='ltr'><strong>collocarunt,</strong></span> 
     </span>
    </p>
   </div>
   <div class='ocr_carea' id='block_1_96' title="bbox 1846 3766 3422 3840">
    <p class='ocr_par' dir='ltr' id='par_1_96' title="bbox 1846 3766 3422 3840">
     <span class='ocr_line' id='line_1_96' title="bbox 1846 3766 3422 3840; baseline -0.002 -17"><span class='ocrx_word' id='word_1_657' title='bbox 1846 3769 2280 3840; x_wconf 85' lang='lat' dir='ltr'><strong>legationemque</strong></span> <span class='ocrx_word' id='word_1_658' title='bbox 2328 3768 2593 3822; x_wconf 89' lang='lat' dir='ltr'><strong>miserunt</strong></span> <span class='ocrx_word' id='word_1_659' title='bbox 2631 3775 2691 3820; x_wconf 91' lang='lat' dir='ltr'><strong>ut</strong></span> <span class='ocrx_word' id='word_1_660' title='bbox 2732 3781 2959 3838; x_wconf 87' lang='lat' dir='ltr'><strong>regnum</strong></span> <span class='ocrx_word' id='word_1_661' title='bbox 2990 3766 3109 3837; x_wconf 83' lang='lat' dir='ltr'><strong>ejus</strong></span> <span class='ocrx_word' id='word_1_662' title='bbox 3153 3767 3422 3822; x_wconf 82' lang='lat' dir='ltr'><strong>detrecta-</strong></span> 
     </span>
    </p>
   </div>
   <div class='ocr_carea' id='block_1_97' title="bbox 1845 3858 3420 3931">
    <p class='ocr_par' dir='ltr' id='par_1_97' title="bbox 1845 3858 3420 3931">
     <span class='ocr_line' id='line_1_97' title="bbox 1845 3858 3420 3931; baseline -0.002 -16"><span class='ocrx_word' id='word_1_663' title='bbox 1845 3871 2000 3926; x_wconf 89' lang='lat' dir='ltr'><strong>rent,</strong></span> <span class='ocrx_word' id='word_1_664' title='bbox 2025 3861 2247 3931; x_wconf 85' lang='lat' dir='ltr'><strong>quinam</strong></span> <span class='ocrx_word' id='word_1_665' title='bbox 2276 3861 2460 3915; x_wconf 82' lang='lat' dir='ltr'><strong>exitus</strong></span> <span class='ocrx_word' id='word_1_666' title='bbox 2491 3860 2561 3914; x_wconf 85' lang='lat' dir='ltr'><strong>sit</strong></span> <span class='ocrx_word' id='word_1_667' title='bbox 2602 3858 2853 3924; x_wconf 76' lang='lat' dir='ltr'><strong>futurus,</strong></span> <span class='ocrx_word' id='word_1_668' title='bbox 2893 3859 3133 3915; x_wconf 90' lang='lat' dir='ltr'><strong>ostendit</strong></span> <span class='ocrx_word' id='word_1_669' title='bbox 3167 3871 3420 3923; x_wconf 79' lang='lat' dir='ltr'><strong>narrans,</strong></span> 
     </span>
    </p>
   </div>
   <div class='ocr_carea' id='block_1_98' title="bbox 1844 3947 3421 4023">
    <p class='ocr_par' dir='ltr' id='par_1_98' title="bbox 1844 3947 3421 4023">
     <span class='ocr_line' id='line_1_98' title="bbox 1844 3947 3421 4023; baseline -0.001 -18"><span class='ocrx_word' id='word_1_670' title='bbox 1844 3967 2025 4023; x_wconf 86' lang='lat' dir='ltr'><strong>regem</strong></span> <span class='ocrx_word' id='word_1_671' title='bbox 2059 3966 2364 4016; x_wconf 87' lang='lat' dir='ltr'><strong>reversum,</strong></span> <span class='ocrx_word' id='word_1_672' title='bbox 2396 3951 2630 4006; x_wconf 89' lang='lat' dir='ltr'><strong>secunda</strong></span> <span class='ocrx_word' id='word_1_673' title='bbox 2655 3947 2905 4004; x_wconf 86' lang='lat' dir='ltr'><strong>videlicet</strong></span> <span class='ocrx_word' id='word_1_674' title='bbox 2930 3949 3095 4019; x_wconf 87' lang='lat' dir='ltr'><strong>regali</strong></span> <span class='ocrx_word' id='word_1_675' title='bbox 3123 3950 3212 4004; x_wconf 89' lang='lat' dir='ltr'><strong>Dei</strong></span> <span class='ocrx_word' id='word_1_676' title='bbox 3243 3950 3421 4003; x_wconf 89' lang='lat' dir='ltr'><strong>mani-</strong></span> 
     </span>
    </p>
   </div>
   <div class='ocr_carea' id='block_1_99' title="bbox 1844 4040 3418 4111">
    <p class='ocr_par' dir='ltr' id='par_1_99' title="bbox 1844 4040 3418 4111">
     <span class='ocr_line' id='line_1_99' title="bbox 1844 4040 3418 4111; baseline 0 -15"><span class='ocrx_word' id='word_1_677' title='bbox 1844 4043 2171 4108; x_wconf 80' lang='lat' dir='ltr'><strong>festatione,</strong></span> <span class='ocrx_word' id='word_1_678' title='bbox 2196 4042 2496 4111; x_wconf 82' lang='lat' dir='ltr'><strong>terribilem</strong></span> <span class='ocrx_word' id='word_1_679' title='bbox 2539 4041 2861 4098; x_wconf 88' lang='lat' dir='ltr'><strong>sententiam</strong></span> <span class='ocrx_word' id='word_1_680' title='bbox 2905 4040 3139 4096; x_wconf 89' lang='lat' dir='ltr'><strong>laturum</strong></span> <span class='ocrx_word' id='word_1_681' title='bbox 3176 4042 3260 4096; x_wconf 88' lang='lat' dir='ltr'><strong>his</strong></span> <span class='ocrx_word' id='word_1_682' title='bbox 3293 4057 3418 4096; x_wconf 88' lang='lat' dir='ltr'><strong>ver-</strong></span> 
     </span>
    </p>
   </div>
   <div class='ocr_carea' id='block_1_100' title="bbox 1845 4131 3422 4202">
    <p class='ocr_par' dir='ltr' id='par_1_100' title="bbox 1845 4131 3422 4202">
     <span class='ocr_line' id='line_1_100' title="bbox 1845 4131 3422 4202; baseline -0.003 -11"><span class='ocrx_word' id='word_1_683' title='bbox 1845 4136 1929 4191; x_wconf 91' lang='lat' dir='ltr'><strong>bis</strong></span> <span class='ocrx_word' id='word_1_684' title='bbox 1957 4136 2372 4192; x_wconf 78' lang='lat' dir='ltr'><strong>:Verumtamen</strong></span> <span class='ocrx_word' id='word_1_685' title='bbox 2399 4132 2646 4188; x_wconf 90' lang='lat' dir='ltr'><strong>inimicos</strong></span> <span class='ocrx_word' id='word_1_686' title='bbox 2673 4146 2824 4187; x_wconf 88' lang='lat' dir='ltr'><strong>meos</strong></span> <span class='ocrx_word' id='word_1_687' title='bbox 2852 4131 2974 4187; x_wconf 91' lang='lat' dir='ltr'><strong>illos</strong></span> <span class='ocrx_word' id='word_1_688' title='bbox 3001 4171 3018 4197; x_wconf 95' lang='lat'><strong>,</strong></span> <span class='ocrx_word' id='word_1_689' title='bbox 3058 4132 3151 4202; x_wconf 92' lang='lat' dir='ltr'><strong>qui</strong></span> <span class='ocrx_word' id='word_1_690' title='bbox 3190 4147 3276 4186; x_wconf 91' lang='lat' dir='ltr'><strong>me</strong></span> <span class='ocrx_word' id='word_1_691' title='bbox 3323 4146 3422 4186; x_wconf 88' lang='lat' dir='ltr'><strong>no-</strong></span> 
     </span>
    </p>
   </div>
   <div class='ocr_carea' id='block_1_101' title="bbox 1845 4223 3420 4297">
    <p class='ocr_par' dir='ltr' id='par_1_101' title="bbox 1845 4223 3420 4297">
     <span class='ocr_line' id='line_1_101' title="bbox 1845 4223 3420 4297; baseline -0.003 -17"><span class='ocrx_word' id='word_1_692' title='bbox 1845 4227 2062 4281; x_wconf 90' lang='lat' dir='ltr'><strong>luerunt</strong></span> <span class='ocrx_word' id='word_1_693' title='bbox 2093 4239 2320 4297; x_wconf 88' lang='lat' dir='ltr'><strong>regnare</strong></span> <span class='ocrx_word' id='word_1_694' title='bbox 2354 4238 2518 4294; x_wconf 87' lang='lat' dir='ltr'><strong>super</strong></span> <span class='ocrx_word' id='word_1_695' title='bbox 2561 4239 2651 4291; x_wconf 89' lang='lat' dir='ltr'><strong>se,</strong></span> <span class='ocrx_word' id='word_1_696' title='bbox 2697 4223 2949 4279; x_wconf 87' lang='lat' dir='ltr'><strong>adducite</strong></span> <span class='ocrx_word' id='word_1_697' title='bbox 2978 4224 3086 4279; x_wconf 90' lang='lat' dir='ltr'><strong>huc</strong></span> <span class='ocrx_word' id='word_1_698' title='bbox 3119 4234 3174 4278; x_wconf 91' lang='lat' dir='ltr'><strong>et</strong></span> <span class='ocrx_word' id='word_1_699' title='bbox 3212 4223 3420 4285; x_wconf 68' lang='lat' dir='ltr'><strong>interli-</strong></span> 
     </span>
    </p>
   </div>
   <div class='ocr_carea' id='block_1_102' title="bbox 1844 4317 2312 4373">
    <p class='ocr_par' dir='ltr' id='par_1_102' title="bbox 1844 4317 2312 4373">
     <span class='ocr_line' id='line_1_102' title="bbox 1844 4317 2312 4373; baseline 0 -2"><span class='ocrx_word' id='word_1_700' title='bbox 1844 4317 1951 4373; x_wconf 84' lang='lat' dir='ltr'><strong>cite</strong></span> <span class='ocrx_word' id='word_1_701' title='bbox 1984 4331 2169 4372; x_wconf 86' lang='lat' dir='ltr'><strong>coram</strong></span> <span class='ocrx_word' id='word_1_702' title='bbox 2208 4331 2312 4371; x_wconf 90' lang='lat' dir='ltr'><strong>me.</strong></span> 
     </span>
    </p>
   </div>
   <div class='ocr_carea' id='block_1_103' title="bbox 2177 4501 3104 4573">
    <p class='ocr_par' dir='ltr' id='par_1_103' title="bbox 2177 4501 3104 4573">
     <span class='ocr_line' id='line_1_103' title="bbox 2177 4501 3104 4573; baseline 0.002 -18"><span class='ocrx_word' id='word_1_703' title='bbox 2177 4503 2229 4535; x_wconf 76' lang='lat'><strong>&quot;</strong></span> <span class='ocrx_word' id='word_1_704' title='bbox 2254 4501 2322 4556; x_wconf 84' lang='lat' dir='ltr'><strong>In</strong></span> <span class='ocrx_word' id='word_1_705' title='bbox 2352 4520 2456 4572; x_wconf 87' lang='lat' dir='ltr'><strong>qua</strong></span> <span class='ocrx_word' id='word_1_706' title='bbox 2492 4513 2751 4572; x_wconf 77' lang='lat' dir='ltr'><strong>potestate</strong></span> <span class='ocrx_word' id='word_1_707' title='bbox 2780 4504 2891 4559; x_wconf 68' lang='lat' dir='ltr'><strong>lucc</strong></span> <span class='ocrx_word' id='word_1_708' title='bbox 2929 4503 3060 4573; x_wconf 71' lang='lat' dir='ltr'><strong>facit</strong></span> <span class='ocrx_word' id='word_1_709' title='bbox 3078 4503 3104 4557; x_wconf 78' lang='lat'><strong>.’</strong></span> 
     </span>
    </p>
   </div>
   <div class='ocr_carea' id='block_1_104' title="bbox 1912 4592 3429 4664">
    <p class='ocr_par' dir='ltr' id='par_1_104' title="bbox 1912 4592 3429 4664">
     <span class='ocr_line' id='line_1_104' title="bbox 1912 4592 3429 4664; baseline 0 -18"><span class='ocrx_word' id='word_1_710' title='bbox 1912 4592 2030 4662; x_wconf 68' lang='lat' dir='ltr'><strong>Ipse</strong></span> <span class='ocrx_word' id='word_1_711' title='bbox 2073 4593 2294 4662; x_wconf 83' lang='lat' dir='ltr'><strong>quidem</strong></span> <span class='ocrx_word' id='word_1_712' title='bbox 2326 4595 2522 4650; x_wconf 70' lang='lat' dir='ltr'><strong>divina:</strong></span> <span class='ocrx_word' id='word_1_713' title='bbox 2552 4596 2769 4650; x_wconf 86' lang='lat' dir='ltr'><strong>virtutis</strong></span> <span class='ocrx_word' id='word_1_714' title='bbox 2796 4609 2960 4664; x_wconf 91' lang='lat' dir='ltr'><strong>opera</strong></span> <span class='ocrx_word' id='word_1_715' title='bbox 3000 4601 3261 4664; x_wconf 82' lang='lat' dir='ltr'><strong>patrans,</strong></span> <span class='ocrx_word' id='word_1_716' title='bbox 3293 4604 3429 4661; x_wconf 67' lang='lat' dir='ltr'><strong>por-</strong></span> 
     </span>
    </p>
   </div>
   <div class='ocr_carea' id='block_1_105' title="bbox 1842 4682 3420 4752">
    <p class='ocr_par' dir='ltr' id='par_1_105' title="bbox 1842 4682 3420 4752">
     <span class='ocr_line' id='line_1_105' title="bbox 1842 4682 3420 4752; baseline 0 -14"><span class='ocrx_word' id='word_1_717' title='bbox 1842 4691 1989 4739; x_wconf 90' lang='lat' dir='ltr'><strong>tenta</strong></span> <span class='ocrx_word' id='word_1_718' title='bbox 2039 4692 2095 4738; x_wconf 91' lang='lat' dir='ltr'><strong>et</strong></span> <span class='ocrx_word' id='word_1_719' title='bbox 2137 4683 2413 4739; x_wconf 87' lang='lat' dir='ltr'><strong>mirabiles</strong></span> <span class='ocrx_word' id='word_1_720' title='bbox 2467 4696 2622 4739; x_wconf 86' lang='lat' dir='ltr'><strong>actus</strong></span> <span class='ocrx_word' id='word_1_721' title='bbox 2663 4685 2893 4751; x_wconf 89' lang='lat' dir='ltr'><strong>edebat;</strong></span> <span class='ocrx_word' id='word_1_722' title='bbox 2935 4683 3206 4752; x_wconf 84' lang='lat' dir='ltr'><strong>simulque</strong></span> <span class='ocrx_word' id='word_1_723' title='bbox 3251 4682 3420 4738; x_wconf 69' lang='lat' dir='ltr'><strong>coele-</strong></span> 
     </span>
    </p>
   </div>
   <div class='ocr_carea' id='block_1_106' title="bbox 1838 4778 3428 4850">
    <p class='ocr_par' dir='ltr' id='par_1_106' title="bbox 1838 4778 3428 4850">
     <span class='ocr_line' id='line_1_106' title="bbox 1838 4778 3428 4850; baseline -0.001 -18"><span class='ocrx_word' id='word_1_724' title='bbox 1838 4788 1974 4833; x_wconf 88' lang='lat' dir='ltr'><strong>stem</strong></span> <span class='ocrx_word' id='word_1_725' title='bbox 2000 4779 2302 4835; x_wconf 90' lang='lat' dir='ltr'><strong>doctrinam</strong></span> <span class='ocrx_word' id='word_1_726' title='bbox 2335 4779 2604 4835; x_wconf 82' lang='lat' dir='ltr'><strong>tradebat.</strong></span> <span class='ocrx_word' id='word_1_727' title='bbox 2634 4779 2717 4834; x_wconf 84' lang='lat' dir='ltr'><strong>illi</strong></span> <span class='ocrx_word' id='word_1_728' title='bbox 2749 4790 2930 4833; x_wconf 87' lang='lat' dir='ltr'><strong>autem</strong></span> <span class='ocrx_word' id='word_1_729' title='bbox 2959 4779 3049 4850; x_wconf 90' lang='lat' dir='ltr'><strong>qui</strong></span> <span class='ocrx_word' id='word_1_730' title='bbox 3094 4780 3208 4834; x_wconf 83' lang='lat' dir='ltr'><strong>haec</strong></span> <span class='ocrx_word' id='word_1_731' title='bbox 3239 4778 3428 4847; x_wconf 65' lang='lat' dir='ltr'><strong>suspi-</strong></span> 
     </span>
    </p>
   </div>
   <div class='ocr_carea' id='block_1_107' title="bbox 1835 4871 3419 4942">
    <p class='ocr_par' dir='ltr' id='par_1_107' title="bbox 1835 4871 3419 4942">
     <span class='ocr_line' id='line_1_107' title="bbox 1835 4871 3419 4942; baseline -0.001 -17"><span class='ocrx_word' id='word_1_732' title='bbox 1835 4885 1959 4925; x_wconf 91' lang='lat' dir='ltr'><strong>cere</strong></span> <span class='ocrx_word' id='word_1_733' title='bbox 2016 4871 2363 4938; x_wconf 88' lang='lat' dir='ltr'><strong>debuissent,</strong></span> <span class='ocrx_word' id='word_1_734' title='bbox 2426 4878 2596 4940; x_wconf 88' lang='lat' dir='ltr'><strong>atque</strong></span> <span class='ocrx_word' id='word_1_735' title='bbox 2641 4885 2707 4925; x_wconf 81' lang='lat' dir='ltr'><strong>ex</strong></span> <span class='ocrx_word' id='word_1_736' title='bbox 2777 4872 2938 4926; x_wconf 87' lang='lat' dir='ltr'><strong>dictis</strong></span> <span class='ocrx_word' id='word_1_737' title='bbox 2991 4871 3266 4942; x_wconf 89' lang='lat' dir='ltr'><strong>gestisque</strong></span> <span class='ocrx_word' id='word_1_738' title='bbox 3326 4885 3419 4924; x_wconf 49' lang='lat' dir='ltr'><strong>eo.</strong></span> 
     </span>
    </p>
   </div>
   <div class='ocr_carea' id='block_1_108' title="bbox 1836 4960 3419 5034">
    <p class='ocr_par' dir='ltr' id='par_1_108' title="bbox 1836 4960 3419 5034">
     <span class='ocr_line' id='line_1_108' title="bbox 1836 4960 3419 5034; baseline -0.001 -18"><span class='ocrx_word' id='word_1_739' title='bbox 1836 4976 2099 5034; x_wconf 88' lang='lat' dir='ltr'><strong>gnoscere</strong></span> <span class='ocrx_word' id='word_1_740' title='bbox 2128 4963 2273 5019; x_wconf 90' lang='lat' dir='ltr'><strong>hunc</strong></span> <span class='ocrx_word' id='word_1_741' title='bbox 2293 4976 2414 5018; x_wconf 89' lang='lat' dir='ltr'><strong>esse</strong></span> <span class='ocrx_word' id='word_1_742' title='bbox 2439 4962 2717 5018; x_wconf 86' lang='lat' dir='ltr'><strong>Christum</strong></span> <span class='ocrx_word' id='word_1_743' title='bbox 2748 4963 2815 5017; x_wconf 93' lang='lat' dir='ltr'><strong>de</strong></span> <span class='ocrx_word' id='word_1_744' title='bbox 2842 4977 2950 5033; x_wconf 87' lang='lat' dir='ltr'><strong>quo</strong></span> <span class='ocrx_word' id='word_1_745' title='bbox 2974 4961 3252 5032; x_wconf 84' lang='lat' dir='ltr'><strong>prophetae</strong></span> <span class='ocrx_word' id='word_1_746' title='bbox 3284 4960 3419 5015; x_wconf 80' lang='lat' dir='ltr'><strong>vati-</strong></span> 
     </span>
    </p>
   </div>
   <div class='ocr_carea' id='block_1_109' title="bbox 1839 5053 3416 5122">
    <p class='ocr_par' dir='ltr' id='par_1_109' title="bbox 1839 5053 3416 5122">
     <span class='ocr_line' id='line_1_109' title="bbox 1839 5053 3416 5122; baseline -0.002 -13"><span class='ocrx_word' id='word_1_747' title='bbox 1839 5055 2004 5109; x_wconf 89' lang='lat' dir='ltr'><strong>cinati</strong></span> <span class='ocrx_word' id='word_1_748' title='bbox 2055 5053 2310 5121; x_wconf 88' lang='lat' dir='ltr'><strong>fuerant;</strong></span> <span class='ocrx_word' id='word_1_749' title='bbox 2365 5055 2589 5110; x_wconf 89' lang='lat' dir='ltr'><strong>minime</strong></span> <span class='ocrx_word' id='word_1_750' title='bbox 2623 5070 2804 5109; x_wconf 89' lang='lat' dir='ltr'><strong>rerum</strong></span> <span class='ocrx_word' id='word_1_751' title='bbox 2837 5056 2888 5109; x_wconf 89' lang='lat' dir='ltr'><strong>id</strong></span> <span class='ocrx_word' id='word_1_752' title='bbox 2921 5055 3202 5122; x_wconf 87' lang='lat' dir='ltr'><strong>fecerunt;</strong></span> <span class='ocrx_word' id='word_1_753' title='bbox 3230 5067 3416 5109; x_wconf 90' lang='lat' dir='ltr'><strong>verum</strong></span> 
     </span>
    </p>
   </div>
   <div class='ocr_carea' id='block_1_110' title="bbox 1832 5146 3419 5218">
    <p class='ocr_par' dir='ltr' id='par_1_110' title="bbox 1832 5146 3419 5218">
     <span class='ocr_line' id='line_1_110' title="bbox 1832 5146 3419 5218; baseline -0.001 -17"><span class='ocrx_word' id='word_1_754' title='bbox 1832 5148 1905 5201; x_wconf 85' lang='lat' dir='ltr'><strong>ad</strong></span> <span class='ocrx_word' id='word_1_755' title='bbox 1952 5147 2333 5202; x_wconf 90' lang='lat' dir='ltr'><strong>concitandam</strong></span> <span class='ocrx_word' id='word_1_756' title='bbox 2375 5148 2589 5218; x_wconf 82' lang='lat' dir='ltr'><strong>plebem</strong></span> <span class='ocrx_word' id='word_1_757' title='bbox 2636 5148 2817 5203; x_wconf 90' lang='lat' dir='ltr'><strong>subito</strong></span> <span class='ocrx_word' id='word_1_758' title='bbox 2850 5147 3128 5213; x_wconf 88' lang='lat' dir='ltr'><strong>conversi,</strong></span> <span class='ocrx_word' id='word_1_759' title='bbox 3171 5146 3419 5213; x_wconf 82' lang='lat' dir='ltr'><strong>increpa-</strong></span> 
     </span>
    </p>
   </div>
   <div class='ocr_carea' id='block_1_111' title="bbox 1839 5237 3418 5312">
    <p class='ocr_par' dir='ltr' id='par_1_111' title="bbox 1839 5237 3418 5312">
     <span class='ocr_line' id='line_1_111' title="bbox 1839 5237 3418 5312; baseline -0.001 -18"><span class='ocrx_word' id='word_1_760' title='bbox 1839 5240 1972 5294; x_wconf 89' lang='lat' dir='ltr'><strong>bant</strong></span> <span class='ocrx_word' id='word_1_761' title='bbox 2002 5254 2151 5306; x_wconf 89' lang='lat' dir='ltr'><strong>eum,</strong></span> <span class='ocrx_word' id='word_1_762' title='bbox 2199 5239 2600 5312; x_wconf 88' lang='lat' dir='ltr'><strong>interrogantes</strong></span> <span class='ocrx_word' id='word_1_763' title='bbox 2650 5255 2884 5311; x_wconf 90' lang='lat' dir='ltr'><strong>quanam</strong></span> <span class='ocrx_word' id='word_1_764' title='bbox 2929 5238 3255 5294; x_wconf 89' lang='lat' dir='ltr'><strong>auctoritate</strong></span> <span class='ocrx_word' id='word_1_765' title='bbox 3302 5237 3418 5292; x_wconf 65' lang='lat' dir='ltr'><strong>haec</strong></span> 
     </span>
    </p>
   </div>
   <div class='ocr_carea' id='block_1_112' title="bbox 1837 5328 3416 5401">
    <p class='ocr_par' dir='ltr' id='par_1_112' title="bbox 1837 5328 3416 5401">
     <span class='ocr_line' id='line_1_112' title="bbox 1837 5328 3416 5401; baseline 0 -18"><span class='ocrx_word' id='word_1_766' title='bbox 1837 5328 2077 5397; x_wconf 87' lang='lat' dir='ltr'><strong>faceret,</strong></span> <span class='ocrx_word' id='word_1_767' title='bbox 2129 5329 2216 5386; x_wconf 85' lang='lat' dir='ltr'><strong>vel</strong></span> <span class='ocrx_word' id='word_1_768' title='bbox 2259 5346 2291 5385; x_wconf 91' lang='lat' dir='ltr'><strong>a</strong></span> <span class='ocrx_word' id='word_1_769' title='bbox 2357 5345 2593 5401; x_wconf 89' lang='lat' dir='ltr'><strong>quonam</strong></span> <span class='ocrx_word' id='word_1_770' title='bbox 2648 5340 2798 5386; x_wconf 88' lang='lat' dir='ltr'><strong>tanta</strong></span> <span class='ocrx_word' id='word_1_771' title='bbox 2852 5330 3110 5400; x_wconf 65' lang='lat' dir='ltr'><strong>praeditus</strong></span> <span class='ocrx_word' id='word_1_772' title='bbox 3157 5328 3416 5384; x_wconf 82' lang='lat' dir='ltr'><strong>facultate</strong></span> 
     </span>
    </p>
   </div>
   <div class='ocr_carea' id='block_1_113' title="bbox 1839 5420 2913 5494">
    <p class='ocr_par' dir='ltr' id='par_1_113' title="bbox 1839 5420 2913 5494">
     <span class='ocr_line' id='line_1_113' title="bbox 1839 5420 2913 5494; baseline 0.003 -18"><span class='ocrx_word' id='word_1_773' title='bbox 1839 5420 2056 5491; x_wconf 85' lang='lat' dir='ltr'><strong>fuisset,</strong></span> <span class='ocrx_word' id='word_1_774' title='bbox 2096 5431 2154 5478; x_wconf 94' lang='lat' dir='ltr'><strong>ut</strong></span> <span class='ocrx_word' id='word_1_775' title='bbox 2187 5423 2301 5479; x_wconf 76' lang='lat' dir='ltr'><strong>haec</strong></span> <span class='ocrx_word' id='word_1_776' title='bbox 2328 5424 2675 5480; x_wconf 87' lang='lat' dir='ltr'><strong>conﬁdenter</strong></span> <span class='ocrx_word' id='word_1_777' title='bbox 2707 5433 2913 5494; x_wconf 89' lang='lat' dir='ltr'><strong>ageret.</strong></span> 
     </span>
    </p>
   </div>
   <div class='ocr_carea' id='block_1_114' title="bbox 2150 5514 3094 5590">
    <p class='ocr_par' dir='ltr' id='par_1_114' title="bbox 2150 5514 3094 5590">
     <span class='ocr_line' id='line_1_114' title="bbox 2150 5514 3094 5590; baseline 0.002 -20"><span class='ocrx_word' id='word_1_778' title='bbox 2150 5516 2199 5548; x_wconf 85' lang='grc'><strong><em>⁸⁸</em></strong></span> <span class='ocrx_word' id='word_1_779' title='bbox 2230 5514 2577 5588; x_wconf 81' lang='lat' dir='ltr'><strong>Interrogabo</strong></span> <span class='ocrx_word' id='word_1_780' title='bbox 2617 5526 2665 5571; x_wconf 82' lang='lat' dir='ltr'><strong>et</strong></span> <span class='ocrx_word' id='word_1_781' title='bbox 2697 5533 2791 5590; x_wconf 80' lang='lat' dir='ltr'><strong>ego</strong></span> <span class='ocrx_word' id='word_1_782' title='bbox 2824 5533 2912 5571; x_wconf 81' lang='lat' dir='ltr'><strong>vos</strong></span> <span class='ocrx_word' id='word_1_783' title='bbox 2932 5557 2948 5583; x_wconf 95' lang='lat'><strong>,</strong></span> <span class='ocrx_word' id='word_1_784' title='bbox 2986 5525 3094 5572; x_wconf 89' lang='lat' dir='ltr'><strong>etc.</strong></span> 
     </span>
    </p>
   </div>
   <div class='ocr_carea' id='block_1_115' title="bbox 1906 5605 3425 5681">
    <p class='ocr_par' dir='ltr' id='par_1_115' title="bbox 1906 5605 3425 5681">
     <span class='ocr_line' id='line_1_115' title="bbox 1906 5605 3425 5681; baseline 0.002 -22"><span class='ocrx_word' id='word_1_785' title='bbox 1906 5605 2186 5662; x_wconf 83' lang='lat' dir='ltr'><strong>Patienter</strong></span> <span class='ocrx_word' id='word_1_786' title='bbox 2214 5623 2279 5664; x_wconf 87' lang='lat' dir='ltr'><strong>ac</strong></span> <span class='ocrx_word' id='word_1_787' title='bbox 2304 5618 2586 5667; x_wconf 86' lang='lat' dir='ltr'><strong>mansuete</strong></span> <span class='ocrx_word' id='word_1_788' title='bbox 2624 5612 2896 5681; x_wconf 83' lang='lat' dir='ltr'><strong>postulata</strong></span> <span class='ocrx_word' id='word_1_789' title='bbox 2926 5623 3111 5666; x_wconf 84' lang='lat' dir='ltr'><strong>eorum</strong></span> <span class='ocrx_word' id='word_1_790' title='bbox 3137 5607 3425 5678; x_wconf 76' lang='lat' dir='ltr'><strong>excipiens</strong></span> 
     </span>
    </p>
   </div>
   <div class='ocr_carea' id='block_1_116' title="bbox 1865 5699 2170 5760">
    <p class='ocr_par' dir='ltr' id='par_1_116' title="bbox 1865 5699 2170 5760">
     <span class='ocr_line' id='line_1_116' title="bbox 1865 5699 2170 5760; baseline 0.013 -4"><span class='ocrx_word' id='word_1_791' title='bbox 1865 5699 1910 5734; x_wconf 80' lang='lat'>&quot;</span> <span class='ocrx_word' id='word_1_792' title='bbox 1945 5701 2077 5758; x_wconf 86' lang='lat' dir='ltr'><strong>ibid.</strong></span> <span class='ocrx_word' id='word_1_793' title='bbox 2116 5704 2170 5760; x_wconf 79' lang='lat'><strong>3.</strong></span> 
     </span>
    </p>
   </div>
  </div>
