3858 6214
3129 289 3198 299 --.ο

451 389 556 444 595
1004 389 1010 402 ι
1160 379 1434 438 susse“
1473 330 1954 436 cm‘smt‘ENSIS
1992 373 2144 429 ore.
2185 351 2507 425 ριιιείιιΐ
2532 340 2604 406 '—‘
2643 353 3051 421 exeamus.
3611 343 3716 409 '59::

453 507 733 571 Dominus,
764 503 1077 561 sciscitatur
1108 501 1222 572 ipse
1249 514 1464 570 quoque
1506 499 1585 553 de'
1607 497 1812 552 Joanne
1852 493 2024 564 bapti-
2053 507 2069 556 Α

2176 508 2242 554 ιος
2270 487 2517 558 ἀνερωτᾷ
2541 483 2667 554 περὶ
2714 481 2960 535 Ἰωάννου
2983 475 3074 530 τοῦ
3095 471 3420 534 Βαπτιστοῦ,
3451 470 3513 524 σύ
3546 473 3717 523 πόθεν

454 607 670 665 latore;
707 612 807 652 nec
847 596 990 650 unde
1023 594 1070 649 is
1104 603 1284 658 esset,
1315 594 1409 647 sed
1440 591 1580 646 unde
1621 587 1873 660 baptismi
1902 562 2027 640 nor-

2176 583 2214 650 Γη
2243 580 2424 644 αὐτὸς,
2467 575 2604 630 ἀλλά
2656 573 2819 627 πόθεν
2866 571 2956 622 τὸν
2996 567 3097 620 τοῦ
3126 565 3500 636 βαπτίσματος
3548 562 3720 630 νόμον

456 705 601 746 mam
645 688 960 756 accepisset.
1005 686 1138 741 Nam
1173 685 1276 739 sibi
1316 685 1416 753 ipsi
1447 681 1816 737 testimonium
1848 679 2030 750 perbl-

461 783 616 847 bere,
659 781 878 852 plenum
926 780 1036 835 odii
1067 777 1344 848 negotium
1380 774 1728 831 existimabat
1759 781 1812 826 et
1849 782 2032 826 osten-

461 872 701 928 tationis.
749 871 1055 939 Ceteroqui
1106 867 1422 938 provocatio
1474 866 1539 919 ad
1579 863 1845 919 Joannem
1901 862 2033 915 taci-

461 975 570 1019 tam
599 963 913 1021 continebat
941 962 1143 1017 Christi
1175 958 1688 1014 manifestationem.
1741 955 2035 1011 Universus

461 1057 607 1111 enim
635 1055 865 1126 populus
895 1053 1172 1108 fatebatur
1203 1049 1470 1105 Joannem
1500 1049 1761 1102 divinitus
1788 1046 2033 1122 missum.

460 1147 650 1212 Porro,
669 1147 758 1202 hic
787 1147 928 1200 idem
974 1141 1342 1200 testimonium
1371 1140 1696 1210 przebuerat,
1739 1137 1881 1192 unde
1909 1134 2038 1190 Ser-

462 1251 622 1296 vator
665 1249 981 1309 potestatem
1014 1236 1332 1305 accepisset.
1373 1232 1508 1288 Cum
1548 1233 1691 1285 enim
1725 1230 1774 1285 ei
1821 1229 2038 1298 quidam

465 1332 800 1388 nuntiassent
827 1330 1009 1384 Jesum
1041 1328 1338 1396 baptizare,
1375 1324 1680 1392 hujusmodi
1721 1335 2039 1391 responsum

465 1426 634 1480 edidit
667 1442 679 1478 :
717 1423 834 1478 Non
868 1430 1040 1492 potest
1072 1421 1231 1474 homo
1257 1434 1286 1471 a
1331 1418 1508 1487 seipso
1562 1416 1854 1486 quidquam
1903 1413 2044 1468 acci-

469 1532 632 1588 pere,
678 1515 780 1568 nisi
826 1514 879 1566 ei
925 1513 1107 1566 datum
1151 1508 1316 1564 fuerit
1355 1509 1421 1562 de
1455 1505 1593 1560 caelo
1631 1505 1881 1574 desuper.
1935 1501 2045 1560 Vos

471 1609 604 1663 mihi
645 1607 774 1660 dicti
810 1605 914 1658 mei
954 1612 1120 1657 testes
1158 1602 1314 1666 estis,
1342 1615 1429 1654 me
1461 1599 1732 1653 Christum
1764 1612 1870 1650 non
1900 1612 2042 1664 esse,

474 1707 844 1752 verumtamen
887 1695 1016 1750 huic
1044 1693 1350 1748 adventanti
1379 1692 1712 1762 praemissum
1733 1689 1808 1754 ἐς
1852 1697 1905 1742 et
1930 1704 2050 1743 rur-

474 1805 568 1845 sus
595 1808 608 1843 :
646 1789 748 1854 Qui
771 1789 1047 1842 desursum
1074 1787 1228 1849 venit,
1260 1801 1421 1854 supra
1447 1800 1624 1836 omnes
1649 1790 1729 1835 est
1744 1783 1826 1847 ";
1855 1781 2050 1835 denuo-

2131 673 2368 744 είλήφοι.
2402 669 2477 721 Τὸ
2509 667 2608 737 μὲν
2639 664 2748 735 γάρ
2785 661 2945 715 αὑτὸν
2997 659 3129 728 περὶ
3163 654 3354 709 ἑαυτοῦ
3415 654 3723 724 μαρτυρεῖν

2134 764 2371 835 ἐπαχθὲς
2399 763 2582 830 ἡγεῖτο
2607 759 2700 810 καὶ
2733 749 3172 825 περιαυτολόγον·
3203 749 3264 800 τὸ
3302 747 3345 798 δ’
3391 747 3485 798 ἐπὶ
3531 743 3723 796 Ἰωάνν-

2135 877 2233 931 νην
2259 855 2607 925 ἀναπέμπειν
2637 851 2920 920 λεληθυῖαν
2942 850 3040 918 τὴν
3076 845 3202 916 περὶ
3237 841 3430 896 ἑαυτοῦ
3465 840 3726 893 διδασκα-

2135 928 2255 1005 λίαν
2288 950 2591 1020 περιεῖχεν·
2617 942 2934 1015 ὡμολόγητο
2966 940 3075 1011 γὰρ
3115 935 3266 1006 παρὰ
3301 934 3462 990 παντὶ
3490 930 3570 1001 τῷ
3611 928 3725 998 λαῴ

2151 1044 2404 1113 Ἰωάννης
2455 1039 2516 1104 ἐξ
2561 1035 2808 1108 οὐρανῶν
2860 1031 3209 1104 ὡρμημένος.
3260 1021 3426 1089 Οὗτος
3459 1025 3516 1078 δὲ
3563 1023 3730 1085 αὐτὸς

2139 1134 2437 1208 ἐμαρτύρει
2474 1130 2552 1202 τῷ
2583 1129 2794 1200 Σωτῆρι
2835 1125 2998 1180 πόθεν
3033 1123 3119 1193 εἴη
3156 1122 3254 1192 τὴν
3307 1117 3554 1182 ἐξουσίαν
3586 1114 3734 1182 εἰλη-

2141 1229 2278 1299 φώς.
2318 1227 2405 1290 Ὠς
2451 1225 2560 1296 γὰρ
2604 1219 2948 1293 ἀπήγγελλον
2998 1215 3145 1285 αὑτῷ
3191 1229 3354 1276 τινες,
3387 1213 3470 1263 ὅτι
3520 1209 3734 1278 Ἰησοῦς

2144 1316 2416 1390 βαπτίζει,
2453 1313 2772 1386 ἀποκριθεὶς
2799 1306 2955 1363 εἶπεν
2987 1308 3202 1369 αὐτοῖς’
3260 1304 3336 1356 Οὐ
3383 1301 3618 1354 δύναται
3644 1299 3738 1352 ἄν-

2144 1385 2360 1484 θρωπος
2408 1385 2708 1480 λάμϐάνειν
2766 1404 2858 1474 ἀφ’
2916 1400 3112 1455 ἑαυτοῦ
3178 1397 3349 1460 οὐδὲν,
3407 1394 3502 1447 ἐὰν
3564 1392 3644 1461 μὴ

2144 1502 2429 1573 δεδομένον
2490 1498 2640 1570 αὐτῷ
2702 1499 2769 1550 ὲκ
2825 1492 2919 1547 τοῦ
2991 1489 3222 1562 οὐρανοῦ
3283 1487 3511 1541 ἄνωθεν.
3572 1482 3742 1536 Αὐτοὶ

2148 1571 2306 1664 ὑμεῖς
2365 1587 2696 1662 μαρτυρεῖτέ
2759 1603 2871 1658 μοι,
2934 1585 3016 1637 ὅτι
3047 1579 3200 1636 εἶπον
3224 1598 3240 1612 ·
3273 1580 3387 1634 Οὐκ
3413 1577 3528 1646 εἰμὶ
3568 1573 3684 1642 ἐγὼ
3715 1571 3745 1623 o’

2148 1663 2417 1758 Χριστὸς,
2477 1681 2595 1736 ἀλλ’
2646 1683 2730 1734 ὅτι
2791 1673 3202 1745 ἀπεσταλμένος
3253 1669 3370 1741 εἰμὶ
3427 1663 3746 1739 ἔμπροσθεν

2151 1774 2361 1831 ἐκείνου
2387 1792 2400 1805 ο
2433 1775 2527 1827 καὶ
2572 1771 2753 1825 πάλιν·
2793 1770 2849 1822 Ὁ
2895 1767 3123 1821 ἄνωθεν
3177 1764 3501 1832 ἐρχόμενος
3539 1757 3748 1810 ἐπάνω

475 1897 624 1952 que:
662 1880 822 1933 Pater
859 1879 1032 1946 diligit
1062 1848 1286 1940 Filium,
1321 1848 1370 1929 et
1402 1876 1580 1930 omnia
1617 1873 1833 1926 tradidit
1869 1873 2052 1924 manui

2176 1870 2398 1923 τάν-των
2439 1865 2602 1920 ἐστί’
2645 1863 2741 1916 καὶ
2789 1856 2966 1922 αὖθις·
3034 1859 3087 1911 Ὁ
3135 1855 3340 1923 Πατὴρ
3386 1848 3596 1920 ἀγαπᾷ
3640 1849 3750 1901 τὸν

476 1973 591 2042 ejus
612 1972 678 2025 ⁸⁸.
713 1969 817 2036 Qui
841 1970 1002 2024 credit
1030 1969 1081 2022 in
1102 1967 1327 2032 Filium,
1355 1967 1505 2020 habet
1531 1967 1686 2019 vitam
1713 1975 1962 2020 (sternam
1983 1963 2052 2020 ⁵⁷.

477 2064 644 2138 Igitur
670 2080 736 2121 ex
756 2062 983 2119 Joannis
1014 2062 1323 2116 testimonio
1353 2059 1698 2129 perspicuum
1739 2065 1891 2120 erat,
1918 2071 2055 2126 qua-

481 2176 606 2215 nam
647 2167 911 2229 potestate
937 2157 1052 2210 haec
1083 2153 1339 2210 Servator
1372 2153 1602 2219 laceret,
1632 2162 1689 2206 et
1720 2151 1967 2222 quisnam
2005 2151 2057 2206 ei

481 2251 591 2305 vim
625 2248 936 2320 hujusmodi
963 2246 1280 2318 impertitus
1315 2243 1526 2299 fuisset.

662 2428 708 2460 ⁵⁸
740 2426 908 2481 Erunt
939 2426 1087 2494 signa
1118 2423 1172 2477 in
1211 2421 1320 2476 sole
1353 2432 1401 2475 et
1433 2419 1560 2474 luna
1593 2434 1654 2472 ac
1689 2416 1874 2471 stellis.

558 2517 711 2574 Tunc
736 2517 877 2572 enim
903 2515 1040 2572 facta
1072 2516 1182 2585 jam
1212 2514 1454 2570 mortalis
1486 2511 1643 2579 hujus
1671 2513 1792 2564 vitae
1818 2524 2063 2564 consum-

488 2612 750 2675 matione,
770 2618 1132 2680 praetereunte
1154 2607 1311 2676 hujus
1331 2606 1514 2661 mundi
1546 2605 1737 2672 ﬁgura,
1764 2602 1913 2657 utait
1931 2603 2066 2671 Apo—

489 2704 660 2762 stolus
679 2703 746 2771 ⁵⁸,
773 2717 968 2757 novum
997 2698 1250 2756 saeculum
1275 2696 1544 2753 succedet.
1570 2694 1703 2748 Nam
1732 2710 1828 2764 pro
1855 2694 2066 2748 cunctis

489 2797 672 2854 sensui
723 2794 900 2851 obviis
948 2791 1348 2855 luminaribus,
1389 2789 1480 2859 qui
1533 2789 1772 2842 anterius
1811 2786 2064 2840 sarculum

493 2889 856 2950 illustrabant,
893 2885 1228 2956 Splendescet
1259 2883 1514 2949 deinceps
1542 2881 1658 2948 ipse
1685 2877 2069 2948 apparebitque

495 2981 755 3037 Servatur
781 2986 988 3040 noster,
1021 2977 1300 3044 princeps,
1322 2982 1376 3026 et
1403 2972 1694 3036 luminare,
1727 2981 1782 3024 et
1813 2985 1911 3024 rex
1945 2969 2069 3023 novi

494 3070 677 3126 saeculi
714 3068 1146 3123 constituendus.
1201 3063 1374 3116 Tanta
1411 3077 1577 3132 porro
1616 3062 1726 3116 erit
1769 3060 2070 3115 divinitatis

497 3165 554 3218 in
596 3177 662 3217 eo
697 3161 808 3225 vis,
849 3168 1065 3226 tamque
1092 3156 1294 3210 eximia
1339 3153 1582 3225 ejusdem
1624 3152 1818 3223 gloria,
1850 3161 1908 3206 ut
1935 3168 2070 3222 prte-

2165 1961 2321 2025 Υὶύν,
2352 1959 2450 2013 καί
2483 1957 2681 2011 πάντα
2706 1955 2964 2010 δέδωκεν
3007 1953 3076 2006 ἐν
3123 1948 3198 2017 τῇ
3243 1945 3392 2017 χειρὶ
3431 1940 3646 1996 αὑτοῦ.
3693 1939 3747 1990 Ὀ

2158 2055 2457 2109 πιστεύων
2479 2053 2568 2116 εὶς
2589 2050 2695 2104 τὸν
2736 2047 2875 2101 Υὶόν
2897 2046 3022 2114 ἔχει
3057 2041 3210 2110 ζωὴν
3249 2038 3508 2094 αἰώνιον.
3536 2030 3750 2088 Οὐκοῦν

2159 2149 2266 2202 ἀπὸ
2293 2146 2394 2216 τῆς
2429 2144 2675 2198 Ἰωάννου
2712 2140 2841 2210 περὶ
2873 2136 3041 2192 αὐτοῦ
3067 2132 3371 2207 μαρτυρίας
3399 2127 3560 2198 δῆλος
3592 2120 3662 2194 ἦν
3693 2125 3751 2216 ὲν

2160 2239 2289 2310 ποία
2323 2215 2542 2308 ἐξουσίᾳ
2574 2235 2751 2290 ταῦτα
2777 2232 3044 2303 ἔπραττεν
3070 2230 3100 2282 ό
3130 2225 3341 2296 Σωτὴρ,
3372 2222 3468 2277 καὶ
3491 2220 3580 2282 τίς
3603 2215 3749 2286 αὑτῷ

2160 2331 2380 2388 δεδώκει
2399 2330 2498 2402 τὴν
2522 2327 2779 2398 τοιαύτην
2805 2325 3073 2391 ἐξουσίαν.

2165 2427 2369 2477 Ἔσται
2397 2421 2615 2490 σημεῖα
2647 2421 2716 2474 ἐν
2747 2417 2899 2486 ἡλίῳ
2936 2414 3034 2469 καὶ
3067 2411 3322 2478 σελήνῃ,
3347 2406 3469 2478 erat-
3485 2406 3749 2474 ἄστροις.

2237 2516 2552 2588 Τηνικαῦτα
2584 2513 2692 2586 γὰρ
2737 2513 2838 2583 τῆς
2879 2507 3190 2569 συντελείας
3242 2503 3336 2556 τοῦ
3387 2497 3587 2570 θνητοῦ
3640 2497 3751 2568 βίου

2163 2609 2484 2680 γενομένης,
2520 2605 2883 2678 παρελθόντος
2909 2619 2966 2654 τε
2990 2598 3085 2652 τοῦ
3116 2599 3393 2668 σχήματος
3412 2591 3510 2645 τοῦ
3543 2591 3750 2659 κόσμου

2164 2701 2354 2755 τούτου
2393 2697 2534 2753 κατὰ
2574 2697 2666 2750 τόν
2701 2693 3040 2754 Ἀπόστολον,
3087 2689 3204 2751 νέος
3247 2685 3380 2740 αἰὼν
3413 2680 3750 2751 διαλήψεται.

2180 2792 2325 2846 Ἀντὶ
2371 2790 2481 2862 γὰρ
2539 2788 2758 2842 πάντων
2802 2786 2909 2840 τῶν
2958 2781 3233 2854 αἰσθητῶν
3291 2777 3597 2846 φωστήρων
3650 2771 3754 2824 τῶν

2170 2885 2300 2955 πρὶν
2331 2881 2672 2953 φωτιζόντων
2709 2881 2810 2932 τὸν¹
2848 2879 2953 2949 πρὸ
2997 2875 3186 2928 τούτου
3240 2870 3411 2925 αἰῶνα
3457 2862 3754 2933 ὲπιλάμψει

2171 2953 2355 3028 λοιπὸν
2413 2974 2576 3037 αὐτὸς
2651 2973 2746 3026 καὶ
2802 2969 3195 3039 ἐπιφανήσεται
3257 2965 3285 3016 ὁ
3342 2958 3532 3030 Σωτὴρ
3580 2953 3753 3026 ἡμῶν,

2172 3067 2412 3138 ἀρχηγὸς
2451 3065 2545 3119 καὶ
2575 3062 2822 3134 φωστὴρ,
2859 3060 2953 3112 καὶ
2973 3055 3222 3128 βασιλεὺς
3260 3050 3353 3104 τοῦ
3399 3049 3520 3102 νέου
3567 3043 3756 3104 αἰῶνος

2173 3134 2670 3229 καταστησόμενος.
2702 3151 2952 3221 Τοσαύτη
2983 3149 3040 3202 δέ
3071 3164 3156 3209 τις
3201 3144 3353 3196 ἔσται
3376 3142 3410 3212 ἡ
3438 3140 3538 3209 τῆς
3578 3134 3758 3229 Θεό-ἕης

495 3262 706 3309 sentem
753 3247 921 3306 solem
959 3264 1023 3303 ac
1064 3249 1243 3302 lunam
1290 3257 1343 3302 et
1375 3255 1569 3301 caetera
1603 3245 1724 3300 caeli
1761 3245 2069 3311 luminaria,

2176 3267 2266 3312 τος
2330 3247 2493 3301 αὐτοῦ
2543 3247 2792 3315 δύναμις,
2853 3241 2947 3295 καὶ
3002 3241 3036 3311 ἡ
3103 3233 3514 3305 ἀνυπέρϐλητος
3594 3223 3756 3281 αὑτοῦ

496 3345 712 3415 potiore
744 3357 844 3397 suo
877 3341 1082 3395 lumine
1114 3338 1425 3394 obvelatura
1459 3339 1531 3393 sit
1558 3347 1612 3391 et
1639 3347 1918 3407 opertura.

2178 3337 2323 3404 δόξα,
2358 3339 2433 3401 ὡς
2462 3338 2555 3390 τὸν
2595 3336 2690 3390 νῦν
2742 3334 2890 3404 ήλιον
2943 3331 3038 3384 καὶ
3078 3327 3176 3398 τὴν
3215 3325 3442 3394 σελήνην
3491 3320 3587 3373 καὶ
3635 3317 3760 3379 τοὺς

496 3441 716 3505 λοιποὺς
763 3442 820 3496 ὲν
858 3437 1072 3512 οὐρανῷ
1111 3436 1403 3508 φωστῆρας
1440 3433 1530 3488 διὰ
1575 3433 1673 3506 τὴν
1713 3433 1806 3487 τοῦ
1859 3435 2172 3505 κρείττονος
2240 3434 2542 3506 παράθεσιν
2607 3428 2987 3501 ἀποκρυϐἦναι
3029 3423 3122 3478 καὶ
3163 3419 3504 3488 καλυφθῆναι
3570 3416 3634 3484 τῇ
3663 3410 3759 3464 αὑ-

498 3539 595 3593 τοῦ
623 3539 870 3609 δυνάμει.

868 3630 913 3662 ⁶⁰
943 3629 1074 3695 Quae
1105 3626 1301 3683 mundo
1331 3626 1712 3695 supervenient.

577 3724 782 3794 Nempe
827 3738 914 3777 res
959 3732 1250 3776 eventuras
1302 3720 1416 3788 ipse
1461 3719 1730 3786 explicat,
1784 3717 1908 3770 dum
1959 3731 2083 3769 mox

508 3812 660 3867 addit
681 3832 701 3868 ζ
727 3811 864 3866 Nam
894 3810 1122 3864 virtutes
1152 3807 1410 3862 cmlorum
1438 3806 1939 3861 commovebuntur.
1992 3807 2087 3861 Et-

511 3905 658 3959 enim
705 3918 828 3957 cum
856 3901 946 3954 Dei
979 3900 1148 3955 Filius
1176 3915 1298 3953 cum
1333 3900 1532 3954 virtute
1573 3898 1850 3969 gloriaque
1883 3899 2086 3969 ingenti

442 4007 445 4009 ·
511 3994 722 4056 veniet,
755 4001 918 4060 atque
947 4005 1014 4045 ex
1056 3992 1220 4060 impia
1264 3991 1606 4058 superbaque
1636 3990 1928 4060 tyrannide
1961 4005 2086 4058 per-

513 4081 733 4134 ditionis
775 4081 942 4134 ﬁlium
975 4081 1189 4150 dejiciet
1220 4079 1505 4149 praesentia
1535 4094 1630 4134 sua
1654 4121 1668 4143 ,
1706 4094 1942 4149 eumque
1970 4081 2083 4148 spi-

515 4173 622 4226 ritu
673 4171 786 4226 oris
836 4171 918 4226 sui
971 4174 1238 4240 perimet;
1297 4183 1424 4226 tunc
1452 4170 1764 4226 caelestibus
1807 4170 2087 4238 spiritibus

515 4267 890 4336 supremisque
936 4275 992 4321 et
1025 4267 1282 4336 angelicis
1325 4267 1420 4321 Dei
1467 4265 1734 4318 ministris
1763 4263 1956 4318 Filium
1992 4262 2088 4316 Dei

513 4359 972 4430 stipantibuscum
1003 4372 1179 4427 eoque
1209 4356 1643 4421 adventantibus,
1681 4364 1825 4419 tunc,
1847 4355 2088 4422 inquam,

2437 3615 2560 3670 Τῶν
2604 3607 3030 3680 ὺπερχομένων
3072 3602 3146 3671 τῇ
3179 3598 3521 3666 οἰκουμένῃ.

2256 3711 2393 3764 Τίνα
2439 3708 2503 3763 δὲ,
2537 3705 2603 3759 τὰ
2639 3701 3001 3774 ἐπερχόμενα,
3039 3692 3329 3766 ἑρμηνεύει
3355 3689 3637 3741 συνάπτων
3657 3684 3765 3774 ’ῖᾼΑξ

2186 3802 2297 3872 γὰρ
2342 3797 2627 3866 δυνάμεις
2660 3771 2778 3846 τῶν
2811 3787 3082 3856 οὐρανῶν
3119 3777 3626 3844 σαλευθήσονται.
3662 3771 3763 3823 Τοῦ

2187 3865 2297 3963 ira};
2343 3888 2472 3943 Υἱοῦ
2498 3865 2600 3943 τοῦ
2626 3883 2761 3939 Θεοῦ
2800 3881 2934 3953 μετὰ
2958 3879 3237 3945 δυνάμεως
3265 3873 3360 3926 καὶ
3385 3869 3542 3940 δόξης
3573 3865 3767 3934 πολλῆς

2192 3982 2642 4053 ἐπιστησομένου,
2668 3978 2762 4030 καὶ
2793 3975 2889 4044 τὴν
2919 3973 3074 4028 ἄθεον
3099 3970 3192 4023 καὶ
3215 3964 3556 4053 μεγάλαυχον
3582 3975 3768 4053 τυρανζ

2193 4075 2312 4127 νίδα
2352 4071 2446 4124 τοῦ
2481 4068 2596 4124 υἱοῦ
2630 4069 2728 4138 τῆς
2760 4063 3036 4126 ἀπωλείας
3069 4060 3360 4130 καταργεῖν
3395 4052 3676 4124 μέλλοντος
3707 4049 3767 4117 τῇ

2195 4163 2486 4233 ἐπιφανείᾳ.
2531 4160 2630 4230 τῆς
2681 4153 2981 4228 παρουσίας
3019 4148 3205 4214 αὐτοῦ,
3249 4145 3556 4200 ἀναλίσκειν
3604 4157 3662 4193 τε
3698 4137 3770 4207 τῷ

2198 4258 2468 4329 πνεύματι
2520 4253 2614 4307 τοῦ
2665 4252 2929 4321 στόματος
2975 4245 3161 4309 αὐτοῦ,
3205 4243 3313 4295 τῶν
3347 4257 3405 4292 τε
3442 4234 3770 4306 ἐπουρανίων

2201 4348 2523 4419 πνευμάτων
2565 4344 2661 4398 καὶ
2685 4341 2790 4395 τῶν
2812 4341 2971 4394 θείων
3000 4338 3093 4392 καὶ
3115 4331 3418 4402 ἀγγελικῶν
3450 4325 3770 4396 λειτουργῶν

514 4453 726 4508 accidet
769 4461 825 4504 ut
864 4451 1126 4505 caelorum
1167 4451 1398 4503 virtutes
1437 4457 1904 4503 commoveantur.
1940 4447 2069 4500 Tum

2196 4442 2291 4497 τοῦ
2326 4440 2459 4494 Θεοῦ
2488 4439 2577 4492 τὸν
2608 4436 2736 4489 Υἱδν
2777 4433 2871 4486 τοῦ
2905 4430 3039 4484 Θεοῦ
3075 4422 3517 4499 δορυφορούντων
3560 4419 3652 4472 καὶ
3685 4418 3770 4468 σὺν

515 4542 648 4596 illud
673 4543 836 4596 etiam
866 4541 1165 4595 veridicum
1188 4541 1382 4596 evadet
1406 4559 1418 4595 :
1455 4539 1694 4593 Attollite
1720 4549 1921 4608 partas,
1950 4539 2092 4604 prin-

514 4635 684 4702 cipes,
724 4642 959 4697 uestras,
1007 4641 1055 4684 et
1105 4631 1336 4684 introibit
1359 4629 1469 4685 Rex
1513 4632 1696 4701 gloria:
1729 4631 1795 4684 “.
1848 4629 2091 4695 Quonam

507 4739 650 4784 vero
690 4723 972 4787 introibit,
1018 4722 1121 4776 nisi
1166 4721 1220 4776 in
1257 4736 1449 4775 recens
1479 4720 1735 4775 saeculum
1789 4734 2095 4788 novumque

517 4813 747 4868 orbem?
805 4811 952 4866 Sane
993 4810 1356 4866 invisibilibus
1394 4811 1840 4880 incorporeisque
1871 4811 2094 4863 virtuti-

517 4906 619 4958 bus
641 4944 664 4969 ,
691 4919 810 4973 qua:
839 4903 936 4959 tcti
969 4902 1106 4958 coelo
1137 4903 1521 4966 moderantur,
1565 4915 1596 4954 e
1625 4916 1720 4954 sua
1747 4910 1950 4954 aeterna
1985 4907 2097 4953 sta-

523 5000 669 5053 tione
695 4996 1009 5061 commotis,
1038 4996 1211 5063 ipsum
1244 4993 1442 5047 caelum
1475 4993 1787 5048 universum
1821 5003 1876 5047 et
1899 4991 1984 5046 sol
2031 5007 2097 5047 ac

519 5089 644 5143 luna
678 5087 952 5156 stellzeque
979 5086 1308 5147 transibunt,
1346 5085 1620 5155 patefacto
1651 5091 1814 5150 caelo.
1847 5094 1902 5138 et
1921 5085 2100 5153 januis

521 5197 642 5252 quae
672 5183 739 5237 ab
781 5179 914 5235 orbe
962 5181 1180 5234 condito
1220 5179 1418 5234 clausa:
1451 5179 1702 5243 fuerant,
1740 5178 1853 5248 jam
1886 5193 2101 5232 resera-

524 5276 632 5340 tis;
683 5284 843 5341 atqne
896 5275 968 5326 ita
1029 5271 1438 5342 supercmlestia
1484 5271 1765 5341 patebunt,
1801 5280 2100 5324 aeternum-

524 5381 629 5433 que
681 5365 774 5419 Dei
839 5380 1065 5434 regnum
1119 5365 1472 5434 conspicuum
1513 5364 1721 5416 cunctis
1766 5365 1913 5416 erit:
1959 5359 2096 5430 quod

523 5473 656 5511 sane
688 5473 908 5525 regnum
947 5465 1006 5511 ut
1051 5456 1165 5510 cito.
1198 5455 1368 5522 adsit,
1403 5455 1543 5510 votis
1583 5469 1702 5510 esse
1745 5452 2100 5522 ﬂagitandum

527 5549 784 5603 Servator
826 5547 1041 5616 docuit,
1081 5549 1209 5603 dum
1245 5547 1298 5600 in
1345 5561 1505 5616 prece
1551 5546 1641 5600 illa
1686 5545 1868 5599 dicere
1897 5543 2097 5615 jussit:

596 5713 642 5744 “
671 5711 828 5767 Joan.
861 5729 941 5774 ιιι,
972 5712 1062 5767 26.
1139 5714 1184 5744 ⁸³
1217 5713 1345 5767 ibitl.
1392 5715 1479 5768 '51.

504 5799 641 5868 λιιι,
675 5782 763 5840 26.
842 5785 882 5815 ⁶¹
908 5783 1048 5838 Psal.
1084 5799 1235 5848 χχιιι,
1269 5783 1318 5836 7.

1559 5714 1604 5747 ⁸⁸
1631 5714 1758 5772 ibid.
1797 5715 1888 5769 55.

1956 5788 1966 5792 _
1995 5713 2040 5748 τ’
2074 5711 2203 5769 ibid.
2232 5709 2320 5764 56.

2197 4533 2344 4604 αὐτῷ
2372 4529 2782 4602 παρεσομένων,
2815 4525 2872 4577 αἱ
2901 4523 3155 4591 δυνάμεις
3177 4516 3284 4569 τῶν
3313 4509 3557 4584 οὐρανῶν
3589 4508 3770 4561 σαλευ-

2197 4603 2448 4695 θήσονται
2473 4639 2485 4649 ·
2515 4620 2589 4682 ὡς
2616 4617 2737 4671 τότε
2771 4610 3113 4686 πληροῦσθαι
3136 4608 3217 4662 τό·
3247 4608 3450 4691 "apart:
3474 4603 3692 4666 πύλας,
3724 4615 3772 4652 ο.

2196 4687 2505 4784 ἄρχοντες,
2532 4708 2718 4780 ὑμῶν,
2748 4707 2844 4761 καὶ
2865 4687 3332 4759 εὶσελεύσεταίό
3358 4691 3658 4756 Βασιλεὺς
3673 4687 3774 4758 τῆς

2200 4780 2406 4874 δόξης.
2437 4803 2547 4857 Ποῦ
2577 4803 2632 4856 δὲ
2659 4799 3022 4858 εἰσελεύσεται
3057 4795 3090 4865 ἢ
3116 4795 3195 4855 εἰς
3227 4789 3319 4842 τὸν
3345 4788 3466 4843 νέον
3494 4784 3662 4838 αἰῶνα
3689 4780 3773 4835 καὶ

2197 4899 2297 4968 τὴν
2327 4896 2524 4967 καινὴν
2559 4891 2920 4962 οἰκουμένην;
2954 4887 3062 4941 Καὶ
3104 4885 3168 4956 δὴ
3203 4882 3311 4935 τῶν
3348 4878 3631 4949 δυνάμεων
3678 4875 3772 4927 τῶν

2201 4991 2427 5061 ἀφανῶν
2469 4989 2564 5042 καὶ
2596 4985 2926 5056 ἀσωμάτων,
2983 4981 3048 5033 δι’
3092 4972 3166 5032 ὧν
3217 4979 3244 5030 ὁ
3292 4973 3518 5044 σύμπας
3563 4968 3771 5040 οὐρανὸς

2202 5056 2505 5147 διοικεῖται,
2532 5080 2631 5151 τῆς
2671 5075 2731 5141 ἐξ
2772 5074 2965 5136 αἰῶνος
2999 5071 3241 5130 στάσεως
3287 5056 3769 5134 παρακινηθεισῶν,

2203 5176 2299 5229 καὶ
2325 5173 2485 5235 αὐτὸς
2507 5174 2535 5225 ὁ
2566 5147 2785 5240 σύμπας
2811 5164 3035 5236 οὐρανὸς
3056 5161 3205 5234 ἥλιός
3232 5174 3291 5212 τε
3319 5156 3414 5210 καὶ
3443 5152 3658 5224 σελήνη,
3687 5147 3771 5240 xui

2203 5267 2434 5339 ἀστέρες
2461 5261 2913 5336 παρελεύσονται,
2939 5252 3288 5324 ἀνοιγομένου
3304 5247 3398 5302 τοῦ
3419 5247 3482 5300 οὐ
3493 5243 3666 5318 ρανοῦ,
3691 5238 3772 5293 καὶ

2206 5358 2313 5412 τῶν
2369 5355 2439 5422 εξ,
2474 5356 2668 5417 αἰῶνος
2721 5348 3118 5419 κεκλεισμένων
3159 5340 3323 5398 αὑτοῦ
3378 5337 3564 5392 πυλῶν
3594 5349 3774 5388 avara-

2207 5449 2574 5520 ταννυμένων,
2620 5447 2694 5509 ὼς
2743 5443 2808 5497 ἂν
2841 5442 3053 5511 ὀφθεῖεν
3100 5431 3523 5505 τά.ὐπουράνια,
3558 5427 3642 5481 καὶ

2210 5515 2404 5605 αἰῶνος
2466 5539 2559 5593 τοῦ
2589 5537 2724 5590 Θεοῦ
2769 5534 3012 5606 βασιλεία
3040 5527 3305 5601 φανηθείη
3351 5526 3464 5585 τοῖς
3497 5522 3683 5574 πᾶσιν·
3712 5515 3771 5585 ἢν

2820 5704 2912 5758 ‘25.
3020 5703 3062 5734 ‘9
3097 5697 3266 5756 [Ωον.
3293 5709 3384 5758 vn,
3418 5691 3510 5746 5|.
3589 5690 3628 5718 “
3655 5685 3774 5743 Luc.

2428 5708 2472 5740 ”
2499 5706 2630 5763 Luc.
2669 5722 2780 5773 xxi,
2820 5704 2912 5759 ‘25.
3020 5703 3062 5734 ‘9
3097 5697 3266 5756 lCor.
3293 5709 3384 5759 vn,
3418 5691 3510 5746 5|.

2918 5877 3008 5890 ὀι-οι
