3858 6214
212 274 322 330 597

1396 278 1898 338 COMMENTARIA
1934 282 2001 338 IN
2040 284 2298 342 LUCAM.

3374 297 3480 354 598

211 384 280 457 δὴ
309 385 405 439 καὶ
434 384 891 463 προσεύχεσθαιῇ
918 390 1082 459 τάχος
1109 392 1415 464 ἐπιστῆναι,
1450 392 1613 458 αὐτὸς
1638 397 1667 449 ὁ
1696 396 1805 449 Σω-

1913 400 2162 457 Adveniet
2190 420 2419 473 regnum.
2445 413 2636 471 tuum;
2684 406 2783 476 ﬁat
2808 408 3049 465 voluntas
3077 420 3208 476 tua,
3249 413 3385 468 sicut
3421 417 3480 471 in

212 476 327 547 τὴρ
361 476 590 544 ἐδίδαξε,
639 478 819 547 λέγειν
860 480 920 532 ἐν
946 483 1012 550 τῇ
1041 485 1321 555 προσευχῇ
1353 485 1803 558 παρακελευόμε-

213 584 312 632 νος
332 584 350 600 ο
389 568 636 623 Ἐλθέτω
659 570 699 636 ἠ
714 571 1005 635 ,βασιλεία
1029 587 1168 638 σου,
1197 575 1505 645 γενηθήτω
1532 578 1597 632 τὸ
1629 580 1806 649 θέλη-

212 657 304 726 μά
338 674 456 714 σου
489 660 571 726 ὠς
602 661 674 714 ἐν
706 662 939 730 οὐρανῷ
971 664 1071 717 καὶ
1101 664 1200 718 ἐπὶ
1233 665 1346 735 τῆς
1372 666 1523 737 τῆς·
1561 668 1707 724 οὕτω
1745 687 1806 724 τε

212 750 330 805 τῶν
358 750 613 823 φθαρτῶν
635 753 730 807 καὶ
760 756 1088 826 σωματικῶν
1120 757 1515 829 παρελθόντων,
1549 760 1618 815 τὰ
1642 762 1808 834 νοητὰ

213 844 316 896 καὶ
344 843 572 915 οὐράνια
599 845 956 917 ἐπιστήσεται
978 865 991 879 ο
1026 849 1115 903 ὅτε
1152 848 1247 904 καὶ
1275 852 1309 922 ἡ
1330 851 1623 918 ἀσάλευτος
1648 852 1806 924 βασι-

210 933 340 989 λεία
380 935 473 989 τοῦ
520 936 716 1008 μηκέτι
752 938 1222 1012 παρελευσομένου
1269 942 1465 1008 αἰῶνος
1506 946 1808 1017 καθηγήσε-

211 1042 334 1091 ται,
364 1027 551 1091 καινός
581 1045 643 1081 τε
683 1030 778 1084 καὶ
808 1031 930 1096 νέος
960 1032 1208 1104 οὐρανὸς,
1236 1034 1307 1106 γῆ
1326 1051 1388 1088 τε
1413 1035 1574 1107 καινὴ
1605 1038 1807 1108 συστή-

215 1136 376 1172 σεται
399 1120 541 1174 κατά
565 1121 658 1174 τὸν
682 1124 932 1194 φήσαντα
961 1128 1277 1198 προφήτηνο
1306 1127 1517 1182 Ἔσται
1548 1128 1808 1198 οὐρανὸς

210 1208 432 1275 καινὸς
471 1209 569 1264 καὶ
614 1210 655 1278 ἡ
685 1210 762 1281 γῆ
790 1211 994 1282 καινὴ,
1048 1213 1089 1270 d
1134 1215 1251 1286 ἐγὼ
1282 1213 1432 1270 ποιῶ
1467 1216 1677 1286 μένειν
1712 1217 1806 1272 ἐν·

212 1300 414 1359 ᾠπιόν
428 1318 568 1370 μου,
584 1302 749 1374 λέγει
763 1305 1000 1375 Κύριος.

254 1398 330 1455 Al
353 1396 466 1467 γὰρ
497 1397 781 1468 δυνάμεις
810 1399 931 1455 τῶν
956 1402 1230 1472 οὐρανῶν
1263 1406 1792 1477 σαλευθήσονται.,

248 1487 359 1554 ,Αἰ
399 1489 492 1544 τὸν
532 1491 801 1565 πρότερον
835 1494 1010 1549 αίῶνα
1053 1496 1525 1571 διακονησάμεναι,
1544 1500 1806 1573 δυνάμεις

213 1580 279 1637 ἐν
313 1583 380 1652 τῇ
419 1583 672 1638 συστάσει
697 1586 793 1640 τοῦ
824 1587 1088 1661 προτέρου
1113 1588 1342 1661 κόσμου,
1371 1592 1483 1655 τοῖς
1522 1609 1583 1646 τε
1611 1592 1805 1665 αἰσθη-

213 1674 335 1737 τοῖς
385 1674 578 1746 μέρεσι
632 1675 727 1731 τοῦ
766 1679 967 1744 παντὸς
991 1681 1448 1754 ἐπιστατήσασαι,
1476 1682 1599 1739 τότε
1623 1683 1688 1756 δὴ
1711 1700 1809 1738 σα-

1908 494 2037 548 εωιο
2063 503 2113 549 et
2159 496 2215 548 in
2253 484 2423 551 terra:
2451 498 2629 567 Atque
2674 498 2749 554 ita
2772 538 2788 565 ,
2822 502 3264 571 corruptibilibus
3290 520 3483 578 corpu-

1907 586 2131 655 reisque
2163 588 2323 641 rebus
2359 589 2681 658 praeteritis,
2718 590 3098 647 intellectualis
3142 604 3198 649 et
3234 596 3481 653 coelestia

1908 675 2224 734 succedent.
2251 675 2407 733 Tunc
2438 679 2601 734 etiam
2638 678 3019 736 inconcussum
3076 700 3299 755 regnum
3346 702 3481 758 pra:-

1908 767 2017 823 erit
2057 769 2255 824 szeculo
2306 786 2581 841 nunquam
2652 774 2989 839 transitum;
3043 792 3350 847 novumque
3414 793 3481 836 ac

1908 875 2099 916 recens
2153 862 2373 927 cmlum,
2431 874 2682 935 terraque
2736 880 2875 920 nova
2896 867 3155 933 exsistet;
3207 868 3345 924 sicut
3402 872 3482 927 ait

1908 954 2209 1022 propheta:
2240 953 2441 1009 Caelum
2488 957 2587 1010 erit
2633 973 2859 1022 nouunt,
2904 973 3139 1030 novaque
3185 969 3323 1014 terra
3352 974 3373 1014 .'
3399 971 3484 1016 at-

1905 1060 2004 1113 que
2037 1044 2149 1099 haec
2195 1062 2288 1115 ego
2327 1062 2508 1100 coram
2561 1063 2642 1100 me
2677 1063 2981 1117 permanere
3024 1049 3306 1115 mandabo,
3354 1051 3482 1106 dicit

1905 1134 2278 1199 Bominus.”._

2071 1400 2117 1433 "
2140 1399 2284 1462 Nam
2318 1402 2535 1461 virtutes
2560 1402 2811 1463 calorum
2842 1404 3322 1463 commovebuntur.

1979 1492 2109 1562 Quae
2163 1494 2331 1563 priori
2379 1492 2579 1549 saeculo
2624 1494 3005 1550 deserviebant
3044 1495 3303 1564 virtutes,
3354 1495 3483 1552 dum

1906 1584 2059 1654 prior
2089 1582 2177 1642 ille
2202 1585 2435 1640 mundus
2472 1585 2820 1652 subsisteret,
2860 1595 2916 1642 et
2942 1586 3173 1658 singulis
3200 1589 3320 1658 ejus
3353 1603 3484 1657 par-
3530 1610 3534 1645 :

1909 1673 2055 1730 tibus
2086 1676 2389 1746 praepositae
2426 1675 2681 1753 fuerant,
2721 1687 2848 1733 tunc
2902 1678 3120 1737 demum
3167 1694 3482 1737 commove-

212 1764 598 1837 λευθήσονται,
653 1767 730 1834 ὡς
776 1769 844 1824 ἀν
905 1771 1214 1844 κρείττονος
1245 1745 1475 1845 ’τύχοιεν
1536 1745 1802 1842 στάσεως,

1913 1766 2133 1834 buntur,
2162 1745 2223 1823 ut
2247 1768 2524 1829 meliorem
2563 1746 2863 1832 stationem,
2891 1771 3294 1833 nanciscantur.
3329 1770 3484 1831 Nunc

214 1855 375 1921 Τέως
408 1858 508 1929 μὲν
533 1859 642 1932 γὰρ
659 1860 969 1917 δουλεύουσι
996 1863 1255 1937 φθαρτοῖς
1287 1864 1513 1937 σώμασι.
1532 1866 1808 1925 διακονούε·

212 1960 404 2014 μεναι,
435 1947 577 2002 κατὰ
599 1948 657 2002 δὲ
687 1949 778 2004 τὸν
810 1950 929 2006 νέον
960 1953 1135 2009 αἰῶνα
1159 1953 1684 2029 ἐλευθερωθήσονται
1710 1960 1805 2022 καὶ
1849 2012 1859 2023 ,

214 2038 385 2093 αὐταὶ
427 2040 539 2093 ἀπὸ
569 2043 669 2113 τῆς
697 2041 940 2109 δουλείας
966 2044 1067 2117 τῆς
1096 2044 1303 2115 φθορᾶς
1342 2047 1424 2111 είς
1451 2045 1552 2119 τὴν
1584 2047 1807 2111 ἐλευθετ

210 2124 346 2215 ρίαν
384 2124 488 2197 τῆς
516 2126 675 2201 δόξης
697 2128 807 2183 τῶν
838 2131 1046 2186 τέκνων
1075 2132 1170 2187 τοῦ
1208 2132 1367 2211 Θεοῦ.
1409 2135 1543 2198 Ἐπὶ
1571 2136 1806 2215 μὲνγὰρ

214 2214 317 2270 τοῦ
349 2219 617 2290 παρόντος
645 2222 890 2287 στενάζει
911 2224 945 2294 ή
976 2224 1152 2289 κτίσις
1174 2228 1241 2297 τῇ
1275 2226 1452 2299 φθορᾷ
1487 2228 1597 2287 τῶν
1623 2214 1809 2302 αἰσθηέ

214 2307 333 2361 τῶν
367 2310 634 2380 σωμάτων
664 2312 1008 2380 δουλεύουσα,
1070 2315 1166 2370 καὶ
1213 2316 1312 2388 τὴν
1360 2318 1566 2379 οἰκείαν
1618 2320 1807 2383 στάσιν

218 2397 586 2467 φυλάττουσα,
648 2403 706 2456 ἐν
756 2396 791 2478 ᾖ
839 2405 1177 2477 κατέστησεν
1208 2408 1274 2461 αὐ
1286 2408 1378 2479 τὴν
1418 2410 1447 2463 ό
1477 2408 1807 2478 τοῦ,παντὸς

217 2491 428 2563 Κύριος
447 2509 461 2522 ·
495 2494 620 2547 τότε
639 2495 716 2560 δὲ,
744 2496 887 2551 κατά
904 2496 1003 2570 τὴν
1036 2500 1301 2571 σωτήριον
1322 2500 1637 2571 θεοφάνειαν
1658 2504 1808 2567 ἐλευέ

215 2580 525 2653 θερωθεῖσα
546 2584 645 2656 τῆς
677 2584 773 2642 νῦν
808 2587 1068 2656 στάσεως,
1098 2589 1191 2644 ἐπὶ
1209 2590 1278 2647 τὰ
1304 2587 1538 2664 κρείττω
1568 2594 1809 2675 μεταδηιτ

219 2689 399 2729 σεται.

228 2767 604 2847 Ἂρχομένωιί
634 2768 704 2847 de
734 2773 961 2847 τούτων
984 2773 1279 2847 γίνεσθαι,
1321 2777 1675 2847 ἀνακύψατε
1706 2777 1807 2839 καὶ

577 2839 836 2910 ἐπάρατε
855 2842 962 2907 τὰς
976 2839 1245 2914 κεφαλὰς
1264 2839 1452 2917 ὑμῶν.

292 2929 457 2999 Λέγει
486 2931 544 2984 δὲ
571 2932 741 2987 ταῦτα
771 2933 882 3004 (75)
922 2935 1058 3005 πρὸς
1103 2937 1230 3001 τοὺς
1279 2937 1567 3013 μαθητὰς,
1597 2941 1702 3018 οὐχ
1732 2941 1808 3005 ὡς

219 3020 521 3091 μέλλοντας
553 3024 751 3088 αὐτοὺς
780 3024 1060 3097 ζήσεσθαι,
1103 3028 1198 3082 καῖ⁵
1229 3030 1566 3101 παραμένειν
1601 3030 1680 3102 τῷ
1706 3031 1808 3104 βίῳ

1907 1860 2053 1915 enim
2102 1859 2485 1931 corruptilibus
2537 1860 2784 1917 serviunt
2836 1862 3182 1930 corporibus,
3239 1865 3333 1919 sed
3387 1863 3481 1918 illo

1906 1950 2106 2009 seculo
2132 1951 2553 2009 vindicabuntur
2580 1961 2636 2015 et
2662 1952 2801 2023 ipsa;
2829 1968 2898 2009 ex
2923 1955 3145 2013 servitio
3174 1964 3339 2026 atque
3365 1969 3485 2011 cor-

1907 2041 2116 2111 ruptela
2146 2042 2207 2097 in
2230 2041 2536 2101 libertatem
2578 2042 2763 2114 gloriae
2793 2044 3023 2103 ﬁliorum
3056 2046 3175 2102 Dei.
3220 2044 3280 2103 ln
3343 2062 3485 2118 prata

1906 2135 2054 2203 senti
2107 2135 2255 2199 enim
2304 2145 2556 2192 creatura
2604 2134 2915 2208 ingemiscit
2963 2136 3092 2197 dum
3143 2137 3483 2196 sensibilium

1906 2240 2194 2296 corporum
2248 2229 2415 2282 servit
2471 2227 2791 2298 corruptela:
2814 2268 2853 2295 ,_
2881 2244 3146 2298 suamque
3188 2230 3484 2287 stationem

1906 2320 2141 2386 retinet,
2178 2320 2231 2374 in
2272 2336 2377 2391 qua
2412 2336 2534 2376 eam
2580 2335 2767 2375 rerum
2798 2312 3045 2379 omnium
3068 2319 3345 2382 Dominus
3370 2321 3484 2379 col—

1907 2409 2122 2469 locavit.
2146 2410 2306 2471 .Tunc
2335 2427 2464 2468 vero
2488 2412 2547 2468 in
2568 2410 2877 2471 Servatoris
2900 2412 2993 2468 Dei
3021 2413 3487 2480 manifestatioue,

1906 2517 1949 2565 a,
1967 2504 2218 2574 praesenti
2248 2505 2500 2575 expedita
2527 2512 2714 2572 suum.
2738 2503 2793 2565 in
2827 2503 3109 2561 meliorem
3142 2505 3413 2569 transibit.

1952 2768 2127 2829 “liis
2159 2777 2335 2828 autem
2364 2766 2483 2837 ﬁeri
2509 2768 2906 2852 incipientibus,
2930 2771 3181 2843 respicite
3207 2771 3451 2833 etlevate

2494 2848 2665 2907 capita
2705 2850 2897 2895 vestra.

1980 2929 2107 2985 Haec
2134 2930 2211 2985 ait
2238 2929 2537 3000 discipulis.
2566 2944 2672 2984 non
2698 2929 3005 3002 quod’ipsis
3033 2939 3179 2987 esset
3221 2941 3391 3003 usque
3414 2934 3487 2988 ad

1911 3021 2093 3078 saeculi
2123 3022 2653 3078 consummationem
2689 3021 2797 3076 vita
2830 3019 3201 3091 superfutura,
3232 3023 3325 3079 sed
3354 3023 3482 3094 quia

221 3113 391 3184 μέχρι
422 3114 522 3185 τῆς
551 3116 879 3183 συντελείας,
932 3117 1045 3171 ἀλλ’
1080 3116 1155 3183 ὡς
1197 3118 1316 3183 ἐνὸς
1360 3100 1512 3185 ὄντος
1559 3100 1806 3193 σώματος

1913 3114 2075 3170 Iidem
2098 3114 2387 3170 nobiscum
2416 3128 2582 3168 unum
2617 3127 2814 3189 corpus
2861 3114 3247 3184 constituunt;
3273 3129 3485 3172 necnon

217 3204 406 3259 αὐτῶν
444 3223 506 3259 τε
535 3206 629 3261 καὶ
655 3208 833 3279 ἡμῶν,
871 3209 981 3264 τῶν
1013 3227 1073 3264 τε
1109 3209 1249 3281 μετά
1291 3211 1466 3275 ταῦτα
1507 3213 1669 3286 μέχρι
1709 3215 1810 3285 τῆς

217 3295 533 3361 συντελείας
577 3299 657 3357 εἰς
692 3300 854 3353 αὐτὸν
897 3302 1361 3369 πεπιστευκότων,
1408 3288 1614 3359 καὶ’δι’
1647 3306 1808 3361 αὐτὸν

216 3385 367 3439 κατὰ
399 3387 490 3439 τὸν
512 3389 753 3460 παρόντα
784 3389 896 3460 βίον
924 3394 1436 3465 τεταπεινωμένων.
1492 3395 1625 3450 Τότε
1673 3397 1807 3466 γοῦν

213 3476 585 3543 ἀπολαϐόντες
605 3479 704 3544 τὰς
725 3482 1058 3551 ἐπαγγελίας
1088 3485 1174 3555 ἐφ’
1206 3478 1294 3549 αἷς
1322 3484 1647 3558 ἠλπίζομεν,
1671 3488 1808 3551 ἀνατ

214 3566 468 3639 κύψομεν
520 3572 571 3623 οἱ
609 3571 731 3625 τότε
764 3575 1185 3644 συγκεκυφότες,
1231 3577 1326 3630 καὶ
1366 3577 1681 3649 ὲπαροῦμεν
1709 3579 1807 3643 τὰς

217 3661 470 3732 κεφαλὰς
490 3663 648 3735 ἡμῶν
674 3665 726 3718 οἱ
753 3666 919 3720 πάλαι
940 3668 1419 3741 τεταπεινωμένοι.
1455 3654 1520 3723 Ἦ
1541 3670 1650 3741 γὰρ
1674 3671 1808 3725 ἀπο-

216 3753 491 3826 λύτρωσις
517 3754 675 3826 ήμῶν
707 3757 739 3827 ή
772 3756 1191 3831 προσδοκωμένη
1227 3759 1369 3833 αὐτὴ
1406 3760 1590 3832 ἐκείνη
1628 3760 1803 3829 ἔσται,

216 3845 292 3916 ἢν
319 3845 417 3897 καὶ
446 3846 479 3915 ἡ
510 3846 657 3898 πᾶσα
673 3846 850 3909 κτίσις
877 3847 1151 3921 προσδοκᾷ
1164 3849 1305 3904 κατὰ
1332 3848 1431 3921 τὴν
1446 3851 1807 3923 ἀποστολικὴν

215 3932 590 3998 διδασκαλίαν,
624 3934 693 4006 ἣν
722 3935 816 3988 καὶ
848 3936 1061 4001 Παῦλος
1085 3938 1517 4011 ἀπεκδεχόμενος
1561 3924 1805 4007 στενάζει

216 4027 345 4088 ταῖς
388 4026 672 4096 σωτηρίοις
712 4030 917 4097 φωναῖς
953 4028 1238 4083 δουλεύων.
1273 4032 1413 4084 Πότε
1438 4032 1494 4086 δέ
1531 4032 1738 4103 ἐγγίζει
1769 4036 1802 4106 ἡ

215 4118 619 4191 ἀπολύτρωσις,
643 4121 885 4193 ἀκριϐῶς
902 4121 1140 4190 ἐδίδαξεν
1162 4122 1351 4190 εἰπὼν,
1373 4126 1455 4179 ὃτι
1480 4124 1684 4179 τούτων
1707 4128 1808 4198 ἀρα

213 4208 467 4280 χομένων
489 4210 755 4279 γίνεσθαι.
793 4212 886 4285 Μὴ
928 4212 1038 4286 γὰρ
1070 4215 1411 4287 ἀρχομένων,
1446 4216 1563 4271 ἀλλ’
1590 4218 1690 4290 ἤδη
1727 4220 1806 4284 εἰς

215 4301 362 4371 ἔργα
387 4302 708 4375 χωρούντων
731 4303 840 4358 τῶν
872 4304 1197 4377 λεγομένων,
1236 4306 1419 4360 οὐκέτι
1453 4308 1690 4377 ἐγγίζειν
1730 4310 1808 4362 εί-

1912 3216 2177 3279 quotquot
2201 3205 2471 3278 usquead
2507 3205 3031 3264 consummationem
3060 3205 3279 3279 Christo
3301 3205 3486 3262 credi-

1911 3300 2016 3354 turi
2044 3307 2192 3366 sunt,
2217 3308 2380 3369 atque
2408 3296 2526 3367 eius
2552 3310 2716 3352 causa
2739 3307 3064 3365 praesentem
3095 3298 3263 3351 vitam
3302 3297 3357 3353 in
3391 3297 3488 3351 bu-

1910 3390 2140 3446 militate
2164 3390 2487 3446 traducturi.
2515 3388 2668 3445 Tunc
2702 3389 2888 3461 igitur,
2920 3403 2981 3444 re
3008 3404 3173 3460 quam
3202 3404 3495 3461 speramus

1910 3482 2219 3552 impetrata,
2255 3482 2508 3536 tollemus
2527 3480 2715 3536 oculos
2741 3480 2832 3549 qui
2855 3480 3120 3536 hactenus
3146 3481 3294 3537 humi
3323 3480 3493 3535 dellxi‘

1908 3580 2088 3637 erant,
2114 3582 2385 3641 caputque
2411 3571 2683 3641 erigemus
2709 3570 2800 3640 qui
2831 3569 2962 3625 olim
2988 3569 3229 3640 depressi
3256 3569 3479 3623 fuimus.

1908 3661 2037 3718 Haec
2061 3672 2145 3719 est
2176 3662 2321 3717 enim
2351 3676 2512 3731 quam
2542 3669 2922 3732 exspectamus
2945 3660 3285 3729 redemptio;
3320 3675 3483 3739 quam

1908 3753 2118 3824 reliqua
2156 3755 2320 3808 etiam
2367 3763 2623 3809 creatura
2666 3754 2848 3809 omnis
2892 3753 3281 3825 praestolatur,
3329 3754 3486 3823 juxta

1908 3846 2263 3916 apostolicam
2310 3845 2640 3913 doctrinam,
2682 3859 2787 3915 qua
2815 3843 3015 3900 Paulus
3045 3846 3209 3901 etiam
3252 3844 3491 3900 imbutus

1908 3939 2214 4009 ingemiscit
2230 3936 2612 3993 "‘Servatoris
2639 3936 2865 3992 vocibus
2884 3936 3280 3993 obsecundans.
3303 3934 3492 4003 Quan-

1908 4028 2105 4084 donam
2146 4039 2325 4083 autem
2370 4026 2865 4098 appropinquatura
2922 4027 2995 4081 sit
3031 4025 3367 4095 redemptio,
3407 4038 3513 4079 acu

1908 4132 2094 4186 curate
2138 4123 2321 4179 docuit
2357 4122 2542 4179 dicens
2576 4138 2590 4174 :
2622 4120 2724 4177 His
2757 4122 2877 4190 ﬁeri
2922 4119 3313 4189 incipientibus.
3350 4115 3487 4172 Cum

1910 4217 2055 4272 enim
2078 4215 2190 4285 jam
2214 4216 2356 4269 dicta
2379 4229 2541 4285 opera
2574 4216 2890 4282 decurrent,
2933 4213 3080 4269 haud
3121 4212 3342 4267 videtur
3369 4225 3489 4281 pro-

1907 4306 2175 4376 pinquare
2204 4304 2525 4375 redemptio,
2562 4306 2658 4360 sed
2696 4320 2861 4375 opere
2886 4305 3004 4375 ipso
3029 4302 3313 4372 compleri;
3346 4302 3487 4372 Apo-

213 4392 320 4456 κὺς
351 4392 449 4464 τὴν
467 4393 867 4466 ἀπολύτρωσιν,
900 4396 1015 4450 ἀλλ’
1038 4397 1220 4469 ἔργοις
1245 4397 1624 4454 ἐπιτελεῖσθαι.
1667 4400 1725 4454 'U
1748 4401 1805 4454 δὲ

1913 4401 2086 4455 stolus
2109 4408 2288 4455 autem
2321 4400 2495 4454 totius
2514 4412 2731 4468 quoque
2762 4406 3026 4452 creaturae
3057 4394 3488 4464 redemptionem

213 4483 367 4548 θεῖος
408 4483 726 4550 Ἀπόστολος
752 4488 846 4541 καὶ
872 4486 999 4560 ὅλης
1027 4488 1198 4558 αὐτῆς
1216 4488 1317 4559 τῆς
1349 4490 1576 4554 κτίσεως
1604 4492 1807 4545 ἀπολύ-

212 4590 425 4646 τρωσιν
454 4574 549 4628 καὶ
578 4575 892 4647 ἐλευθερίαν
916 4576 1038 4631 τότε
1070 4577 1405 4649 γενήσεσθαι
1430 4578 1693 4644 διδάσκει,
1722 4580 1811 4636 διὰ

211 4665 316 4718 τὸν
361 4665 620 4737 μέλλοντα
676 4668 771 4722 καὶ
820 4669 996 4741 αὐτῆς
1046 4670 1294 4739 γίνεσθαι
1336 4671 1447 4723 ἐπι
1470 4670 1532 4724 τὸ
1565 4675 1812 4744 κρεῖττον

219 4760 765 4830 μετασχηματισμόν.
819 4761 910 4814 Διό
973 4777 1137 4833 φησιν
1188 4762 1303 4816 ’Καὶ
1357 4762 1511 4832 αὐτὴ
1545 4764 1583 4833 ἠ
1615 4765 1812 4832 κτίσις

212 4849 761 4917 ἐλευθερωθήσεται
789 4851 909 4905 ἀπὸ
936 4850 1048 4920 τῆς
1064 4852 1345 4918 δουλείας
1360 4851 1468 4921 τῆς
1482 4854 1709 4924 φθορᾶς
1722 4859 1810 4922 εἰς

211 4939 338 5009 τὴν
364 4940 713 5010 ἐλευθερίαν
737 4942 848 5012 τῆς
886 4942 1072 5013 δόξης
1099 4944 1221 4997 τῶν
1243 4944 1470 4998 τέκνων
1497 4945 1602 4999 τοῦ
1634 4946 1805 5000 Θεοῦ.

227 5032 552 5105 ’Δφθάρτων
575 5034 685 5106 γὰρ
715 5035 971 5089 ἁπάντων
1015 5036 1117 5089 καὶ·
1137 5035 1421 5091 ἀθανάτων
1457 5036 1566 5090 τῶν
1600 5037 1803 5092 τέκνων

213 5122 317 5177 τοῦ
360 5123 495 5178 Θεοῦ
546 5124 638 5178 τὸν
676 5126 795 5179 νέον
824 5128 1161 5197 οἰκησάντων
1189 5127 1378 5191 αίῶνα,
1424 5128 1593 5201 ἐχρῆν
1634 5128 1805 5201 δήπου

215 5215 320 5270 καὶ
358 5215 457 5288 τὴν
480 5216 658 5271 κτίσιν
699 5217 869 5290 αὐτὴν
898 5218 1003 5291 τὴν
1029 5220 1125 5273 νῦν
1156 5224 1224 5292 τῇ
1249 5220 1459 5293 φθαρτῇ
1503 5222 1663 5290 φύσει
1690 5221 1811 5275 δου-

214 5308 501 5377 λεύουσαν,
516 5312 597 5374 εἱς
614 5309 889 5382 ἄφθαρτον
916 5311 1103 5365 οὐσίαν
1126 5312 1470 5384 μεταϐαλεῖν,
1486 5314 1584 5384 τῆς
1606 5313 1812 5386 παρού-

235 5415 344 5472 σης
391 5401 781 5466 καταστάσεως
821 5401 1291 5476 ἐλευθερωθεῖσαν.
1316 5404 1602 5477 Εὐκαίρως
1626 5406 1808 5476 μέντοι

214 5491 324 5565 aqu
351 5492 463 5547 Kal
484 5496 621 5549 τότε
651 5495 1037 5574 ὄψονται-τὸν
1073 5497 1210 5550 Υίὸν·
1238 5496 1345 5552 τοῦ
1371 5496 1685 5567 ἀνθρώπου
1711 5498 1807 5566 ἐρ-

1912 4506 1976 4546 ac
2002 4490 2307 4545 libertatem
2343 4500 2469 4545 tunc
2501 4489 2615 4544 fore
2645 4490 2823 4556 docet,
2856 4494 3082 4558 propter
3124 4485 3365 4542 futuram
3390 4484 3492 4540 sci-

1906 4582 2035 4637 licet
2068 4581 2187 4651 ejus
2222 4598 2438 4653 quoque
2479 4583 2532 4637 in
2570 4581 2765 4636 melius
2795 4576 3360 4633 transformationem.
3399 4575 3489 4630 ld-

1907 4675 2058 4730 circo
2089 4674 2207 4729 ait:
2245 4673 2311 4728 Et
2350 4675 2468 4743 ipsa
2505 4682 2750 4733 creatura
2788 4669 3142 4725 vindicabitur
3175 4684 3204 4723 e
3246 4667 3490 4722 servitute

1907 4766 2257 4834 corruptionis
2318 4766 2375 4819 in
2425 4763 2717 4818 libertatem
2766 4762 2954 4832 gloria:
3004 4760 3239 4829 filiorum
3296 4757 3395 4813 Dei
3418 4758 3486 4813 “.

1912 4853 2048 4910 Nam
2080 4870 2203 4910 cum
2244 4868 2433 4909 omnes
2479 4850 2917 4922 incorruptibiles
2949 4858 3115 4920 atque
3154 4847 3490 4904 immortales

1912 4947 2198 5013 sanctique
2231 4956 2297 4999 et
2333 4942 2476 4999 beati
2531 4942 2625 4996 ﬁlii
2673 4942 2768 4997 Dei
2805 4956 3004 4996 novum
3045 4939 3300 4995 saeculum
3339 4940 3489 4994 inco-

1911 5037 2044 5102 leut,
2074 5048 2204 5092 tunc
2235 5051 2371 5105 opus
2401 5038 2503 5090 erit
2535 5036 2707 5104 ipsam
2735 5049 2955 5111 quoque
2981 5032 3167 5087 mundi
3197 5031 3487 5096 fabricam,

1912 5142 2034 5197 qua:
2076 5141 2220 5182 nune
2265 5126 2602 5195 corruptibili
2635 5133 2847 5180 natura:
2878 5123 3118 5179 obnoxia
3153 5132 3259 5188 est,
3299 5122 3354 5177 in
3396 5122 3491 5177 im-

1914 5216 2199 5272 mortalem
2236 5215 2482 5270 eonverti
2532 5215 2899 5270 substantiam
2950 5223 3113 5283 atque
3155 5227 3186 5266 a
3232 5210 3497 5282 praesenti

1914 5307 2226 5362 conditione
2281 5305 2552 5375 expediri.
2602 5303 2947 5375 Tempestive
2999 5311 3178 5359 autem
3210 5301 3489 5357 dictioni:

1916 5399 2061 5455 Tunc
2092 5400 2332 5454 videbunt
2366 5396 2568 5451 Filium
2596 5396 2826 5451 hominis
2857 5397 3142 5450 uenientem
3187 5394 3242 5448 in
3268 5392 3494 5448 nubibus

1914 5510 2031 5547 cum
2074 5493 2263 5563 gloria,
2301 5505 2541 5562 appones
2569 5488 2810 5545 Daniells
2844 5488 3181 5559 prophetiam
3200 5488 3266 5554 ",
3306 5486 3359 5541 in
3386 5501 3503 5556 qua

292 5654 340 5687 ⁸³
368 5653 474 5707 lsa.
510 5670 634 5721 va,
672 5656 758 5711 17.
833 5656 877 5688 ⁸³
907 5656 1037 5712 Luc.
1064 5674 1175 5723 rm,
1203 5658 1291 5712 ἐϋ.
1366 5658 1412 5689 ⁸⁸
1439 5656 1567 5711 Luc.
1603 5674 1714 5721 XXI,
1743 5656 1806 5710 ‘28

1917 5656 1937 5686 ⁸
1978 5653 2134 5707 Rom.
2170 5665 2270 5714 vn,
2295 5648 2388 5704 Si.
2464 5647 2511 5679 “
2542 5646 2698 5707 Rom.
2731 5661 2849 5713 νιιι,
2883 5645 2975 5702 21.
3042 5646 3085 5679 ⁸⁷
3118 5644 3252 5702 Dan.
3279 5657 3379 5710 vn,
3405 5642 3497 5705 13o

296 5747 414 5825 (75)
448 5750 693 5823 Sequens
716 5752 1077 5825 fragmentum
1111 5756 1309 5826 partim
1338 5756 1588 5825 congruit
1618 5771 1740 5813 cum
1774 5752 2019 5825 proximo
2055 5742 2505 5820 praecedentibus.
