3858 6214
1107 271 1381 330 EUSEBII
1416 271 1899 330 CESARIENSIS
1921 271 2074 331 OPP.
2113 271 2298 329 PARS
2337 271 2422 330 lli.
2453 302 2526 314 —
2563 267 2977 328 EXEGE'HCA.

409 397 541 454 item
574 395 746 452 Filius
784 394 1057 462 hominis,
1094 403 1150 449 et
1176 394 1386 461 nubes,
1429 402 1487 450 et
1513 394 1698 449 datum
1729 393 1867 450 Filio
1905 372 1970 451 uo

2101 395 2360 465 χύμενον
2398 393 2470 448 ἐν
2518 388 2746 462 νεφέλῃ
2785 385 2937 459 μετὰ
2960 384 3167 452 δόξης,
3210 381 3564 457 παραθήσεις
3596 381 3705 453 τὴ)

408 489 574 546 minis
604 501 827 557 regnum
866 485 1235 556 spectabatur.
1275 485 1382 542 Sed
1410 486 1556 542 enim
1591 495 1722 541 tunc
1768 485 1985 556 quidem

406 596 549 637 unus
597 578 866 649 propheta
914 578 1098 633 divino
1140 576 1345 649 Spiritu
1402 578 1694 635 instinctus
1746 576 1984 633 futuram

406 682 522 724 rem
548 667 841 734 cernebat;
888 672 947 725 at
971 667 1461 724 consummationis
1490 677 1734 737 tempore
1771 682 1982 736 omnes,

404 770 467 813 ut
497 758 577 813 ait
609 755 869 813 Servator
894 759 959 825 ⁸⁸,
988 758 1249 814 videbunt
1279 774 1402 814 eum
1426 760 1733 816 venientem
1760 758 1813 814 in
1842 759 1986 815 nube

403 864 527 908 cum
561 851 768 906 virtute
805 866 997 922 magna
1052 852 1266 906 viviﬁca
1322 862 1380 907 et
1431 852 1815 905 illuminatrice
1859 850 1985 905 novi

403 942 613 1011 saeculi,
660 958 893 1013 cumque
933 943 1106 1014 gloria
1149 957 1367 1015 magna,
1395 943 1577 1001 Patris
1609 943 1864 1000 videlicet
1908 942 1984 997 die

400 1036 652 1092 vinitate.

2092 485 2189 540 τοῦ
2209 483 2408 557 Δανιὴλ
2444 480 2805 556 προφητείαν,
2836 478 2904 532 δι’
2928 472 2998 550 ἦς
3021 476 3114 529 καὶ
3145 477 3174 528 6
3192 474 3320 539 Υἱὸς
3344 472 3442 527 τοῦ
3471 471 3706 543 ἀνθρώ-

2095 595 2221 643 που,
2260 576 2357 630 καὶ
2391 578 2425 647 ἡ
2452 574 2672 646 νεφέλη,
2714 571 2809 626 καὶ
2839 572 2873 641 ἡ
2900 568 2976 640 τῷ
2999 568 3095 622 τοῦ
3126 565 3412 639 ἀνθρώπου
3452 564 3705 637 δοθησο-

2098 670 2233 741 μένη
2268 667 2514 738 βασιλεία
2539 665 2847 738 ἐθεωρεῖτο.
2893 660 3053 715 Ἀλλά
3080 659 3203 713 τότε
3227 659 3325 730 μὲν
3348 654 3429 723 εἷς
3467 657 3704 729 προφή-

2091 777 2193 831 της
2218 758 2348 832 θείῳ
2370 757 2649 828 Πνεύματι
2679 753 3105 826 θεοφορούμενος
3147 751 3208 805 τὸ
3241 750 3433 823 μέλλον
3463 748 3702 803 ἔσεσθαι

2090 854 2309 908 ἐθεᾶτοο
2353 852 2496 907 κατά
2532 851 2592 905 δὲ
2634 848 2725 904 τὸν
2757 849 2858 920 τῆς
2891 845 3198 910 συντελείας
3228 845 3419 918 καιρὸν
3456 843 3705 911 πάντες,

2090 941 2167 1006 ὥς
2223 959 2389 1014 φησιν
2450 943 2479 995 6
2512 938 2742 1011 Σωτὴρ,
2811 937 2979 992 αὐτὸν
3027 937 3249 1008 ὄψονται
3285 935 3593 1007 ἐρχόμενον
3635 936 3701 987 ἐν

2088 1035 2288 1109 νεφέλῃ
2317 1034 2454 1106 μετὰ
2482 1033 2767 1106 δυνάμεως
2790 1032 2993 1103 πολλῆς
3022 1029 3418 1102 ζωοποιητικῆς
3456 1029 3558 1081 καὶ
3580 1044 3702 1097 φω-

398 1135 650 1203 τιστικῆς
675 1131 770 1189 τοῦ
795 1132 917 1187 νέου
942 1131 1156 1197 αἰῶνος,
1186 1131 1281 1187 καὶ
1311 1132 1450 1205 μετά
1471 1132 1628 1205 δόξης
1660 1132 1883 1204 πολλῆς,
1908 1131 2007 1203 τῆς
2028 1130 2304 1203 πατρικῆς
2331 1129 2530 1201 δηλαδὴ
2553 1129 2826 1201 θεότητος.

472 1228 835 1297 Quandonam
862 1243 991 1313 vero
1011 1228 1125 1283 haec
1156 1228 1326 1284 ﬁent?
1346 1228 1479 1285 Cum
1509 1230 1750 1301 gentium
1783 1240 1993 1300 tempo-

400 1337 461 1378 ra
497 1321 765 1392 completa
791 1322 1015 1388 (iuerint.
1062 1321 1274 1378 Etenim
1302 1323 1551 1379 absoluto
1577 1326 1719 1394 quod
1762 1325 1829 1380 iis
1858 1325 1993 1380 deii-

2162 1227 2302 1280 Πότε
2353 1226 2409 1279 δὲ
2456 1225 2632 1280 ταῦτα
2682 1223 2872 1290 ἐσται;
2911 1223 3081 1277 Ὅταν
3123 1219 3454 1293 πληρωθῶσι
3499 1221 3699 1293 καιροὶ

2087 1317 2280 1373 ἐθνῶν.
2316 1316 2729 1390 Περαιωθείσης
2755 1315 2866 1388 γὰρ
2892 1315 2996 1386 τῆς
3028 1314 3342 1386 ὡρισμένης
3369 1316 3485 1378 τοῖς
3503 1313 3697 1367 ἔθνεσι

397 1411 573 1475 nilum
631 1402 813 1469 fuerat
854 1422 1077 1469 aetatum
1127 1414 1325 1485 spatio,
1371 1415 1526 1484 signa
1576 1418 1967 1472 consummand

2085 1411 2448 1486 προθεσμίας,
2476 1410 2629 1464 ἔσται
2657 1412 2859 1481 σημεῖα
2877 1408 2979 1479 τῆς
3000 1407 3093 1461 τοῦ
3118 1407 3325 1478 κόσμου
3347 1406 3693 1470 συντελείας.

398 1507 586 1563 mundi
653 1512 965 1564 exstahunt.
1020 1506 1398 1577 Cujuscemodi
1455 1522 1586 1562 vero
1632 1508 1783 1577 signa
1844 1508 1983 1572 haec,

2082 1504 2312 1559 Ποταπὰ
2341 1504 2398 1558 δὲ
2427 1506 2648 1576 σημεῖα,
2676 1502 2757 1575 τῷ
2785 1500 3052 1571 Ματθαίῳ
3073 1501 3102 1553 6
3124 1500 3340 1564 Λουκᾶς
3360 1498 3702 1572 παρεχώρηο.

396 1596 649 1656 Matthaeo
710 1598 755 1630 “
809 1598 986 1652 Lucas
1039 1598 1327 1653 dicendum
1381 1598 1647 1668 permisit.
1702 1598 1970 1669 Oportehil

2087 1614 2179 1651 σεν
2226 1595 2481 1661 ἐξειπεῖν.
2541 1594 2742 1667 Ἐχρῆν
2791 1592 2922 1666 γὰρ,
2965 1591 3251 1664 μέλλοντος
3299 1590 3395 1687 τοῦ
3443 1590 3692 1662 μεγάλου

396 1692 563 1757 enim,
613 1705 809 1762 magno
863 1691 1134 1761 luminari,
1190 1694 1310 1764 ipso
1362 1694 1580 1765 inquam
1628 1693 1740 1771 Deo
1782 1693 1983 1761 Verbo,

395 1797 522 1839 cum
547 1782 746 1839 virtute
766 1784 1043 1855 gloriaque
1060 1785 1227 1840 multa
1252 1784 1482 1842 alterum
1501 1786 1787 1842 adventum
1822 1801 1978 1841 suum

394 1882 705 1939 ostensuro,
752 1874 1071 1932 subtrahere
1111 1885 1285 1933 semet
1335 1892 1399 1934 ac
1443 1879 1637 1935 cedere
1678 1878 1867 1943 solem,
1895 1877 1979 1931 lu-

395 1977 632 2034 namque
669 1974 723 2019 et
756 1975 949 2021 caetera
979 1967 1182 2033 sidera,
1212 1976 1273 2023 ut
1300 1967 1422 2024 loco
1459 1946 1700 2023 omnitim
1740 1970 1852 2038 ipse
1884 1967 1977 2023 Fi-

391 2052 500 2110 lius
520 2054 755 2110 hominis
784 2056 988 2124 lucens,
1020 2072 1218 2114 novum
1239 2059 1493 2115 saeculum
1522 2059 1805 2126 illuminel,
1830 2061 1979 2131 prio-

393 2157 458 2205 re
483 2147 668 2203 mundi
693 2148 861 2219 ﬁgura
892 2158 1278 2220 praetereunte,
1303 2153 1597 2208 secundum
1622 2152 1975 2222 apostolicum

391 2240 763 2297 testimonium
798 2244 940 2313 quod
971 2245 1093 2313 ait;
1129 2243 1377 2301 Praeterit
1419 2247 1559 2302 enim
1604 2246 1777 2318 ﬁgura
1815 2246 1975 2315 hujus

391 2332 579 2388 mundi
603 2334 672 2387 τοι.
705 2333 838 2388 Cum
864 2351 995 2405 ergo
1011 2336 1126 2391 hare
1151 2337 1321 2406 ligura
1350 2338 1664 2406 praeteribit,
1699 2339 1857 2394 simul
1882 2341 1976 2393 alio

392 2425 546 2480 ibunt
603 2425 684 2480 sol
734 2441 797 2481 ac
826 2426 954 2480 luna
996 2436 1051 2483 et
1086 2428 1280 2483 stellae.
1303 2427 1759 2487 Obtenebrabitur
1790 2442 1971 2485 autem

393 2524 521 2576 tunc
575 2515 679 2581 sol,
722 2531 828 2570 non
857 2519 996 2591 quod
1024 2533 1179 2572 suum
1206 2517 1385 2602 lpmen
1421 2518 1724 2575 amissurus
1755 2520 1843 2582 sit,
1880 2519 1974 2573 sed

391 2610 796 2678 comparatione
842 2608 1065 2679 majoris
1120 2609 1459 2665 obscuratus.
1523 2609 1664 2679 Ergo
1732 2609 1972 2664 laborum

389 2700 556 2757 veluti
589 2717 811 2759 suorum
850 2703 1133 2768 praemium
1170 2704 1365 2770 capiet,
1401 2713 1459 2757 ut
1482 2702 1574 2757 liat
1604 2703 1969 2773 septemplex;

391 2792 615 2862 ipsaque
638 2792 761 2847 luna
793 2803 850 2847 ut
873 2793 954 2847 sol
991 2792 1129 2860 erit;
1165 2792 1335 2848 stella:
1358 2795 1589 2870 denique
1626 2794 1873 2848 eamdem
1916 2795 1969 2849 in

388 2882 583 2938 melius
624 2883 1026 2953 provectionem
1056 2883 1429 2953 experientur.
1483 2884 1589 2939 Sed
1632 2893 1807 2938 tamen
1845 2895 1973 2938 tunc

2087 1685 2393 1756 φωστῆρος,
2434 1683 2599 1737 αὐτοῦ
2632 1683 2690 1737 δὲ
2721 1682 2816 1737 τοῦ
2847 1681 2984 1735 Θεοῦ
3016 1681 3193 1749 Λόγου
3228 1678 3362 1751 μετὰ
3395 1680 3693 1750 δυνάμεως

2084 1776 2180 1841 καὶ
2213 1774 2370 1846 δόξης
2395 1774 2597 1845 πολλῆς
2620 1774 2721 1846 τὴν
2747 1774 3006 1847 δευτέραν
3037 1770 3204 1827 αὐτοῦ
3238 1771 3507 1826 ποιεῖσθαι
3542 1789 3697 1843 παρ-κ

2080 1867 2270 1921 ουσίαν
2305 1866 2737 1921 ὑποστέλλεσθαι
2789 1868 2885 1921 καὶ
2947 1867 3335 1938 ὑπαναχωρεῖν
3389 1864 3483 1920 τὸν
3523 1865 3688 1936 ῆλιεν

2081 1960 2179 2013 καὶ
2209 1960 2309 2032 τὴν
2342 1959 2593 2033 σελήνην,
2628 1961 2724 2016 καὶ
2754 1961 2884 2026 τοὺς
2915 1961 3173 2033 ἀστέρας,
3210 1959 3296 2013 ἵνα
3317 1958 3437 2014 ἀντὶ
3458 1958 3688 2012 πάντων

2081 2052 2244 2118 αὐτὸς
2284 2056 2312 2108 6
2346 2053 2478 2118 Υἱὸς
2502 2052 2596 2108 τοῦ
2618 2052 2908 2127 ἀνθρώπου
2942 2054 3307 2126 καταλάμψας
3338 2053 3554 2125 φωτίσῃ
3587 2051 3687 2106 τὸν

2080 2145 2201 2207 νέον
2259 2146 2451 2213 αἰῶνα,
2515 2146 2611 2201 τοῦ
2671 2149 2939 2221 προτέρου
2992 2150 3268 2221 σχήματος
3319 2147 3412 2201 τοῦ
3466 2147 3683 2219 κόσμου

2082 2239 2447 2310 παρελθόντος
2474 2240 2617 2294 κατά
2642 2240 2743 2312 τὴν
2766 2241 3129 2312 ἀποστολικὴν
3156 2241 3482 2313 μαρτυρίαν,
3504 2240 3539 2311 ἧ
3575 2257 3682 2313 φη-

2084 2350 2164 2398 σι·
2199 2332 2455 2403 Παράγει
2499 2334 2610 2403 γὰρ
2654 2333 2724 2387 τὸ
2757 2332 2969 2403 σχῆμα
3007 2334 3115 2388 τοῦ
3156 2335 3390 2403 κόσμου
3419 2334 3679 2387 τούτουο

2082 2423 2303 2479 ἐπειδὰν
2330 2419 2424 2478 οὖν
2457 2424 2615 2480 τοῦτο
2651 2425 2913 2497 παρέλθοι
2953 2425 3013 2478 τὸ
3046 2426 3251 2497 σχῆμα,
3289 2423 3677 2497 συμπαρελεύ-

2084 2531 2239 2569 σεται
2267 2514 2417 2586 αύτῴ
2445 2516 2539 2569 καὶ
2569 2517 2598 2568 6
2616 2515 2767 2586 ἥλιος
2794 2516 2889 2569 καὶ
2921 2517 2954 2587 ἡ
2992 2517 3212 2589 σελήνη,
3240 2518 3333 2570 καὶ
3355 2518 3403 2570 οἱ
3419 2516 3681 2587 ἀστέρες.

2080 2606 2499 2678 Σκοτισθήσεται
2532 2607 2589 2661 δὲ
2621 2609 2650 2661 6
2681 2607 2833 2678 ἥλιος
2858 2607 3003 2673 τότε,
3038 2609 3136 2678 οὐχ
3171 2607 3311 2661 ὥστε
3344 2605 3677 2678 στερηθῆναι

2076 2700 2173 2753 τοῦ
2207 2700 2410 2765 οἰκείου
2448 2699 2645 2769 φωτὸς,
2689 2698 2824 2765 ἀλλά
2870 2699 3170 2773 παραθέσει
3219 2699 3315 2753 τοῦ
3360 2699 3674 2771 κρείττονος

2080 2791 2528 2863 ἀμαυρούμενος·
2566 2791 2801 2863 ἀμοιϐῆς
2840 2792 2972 2860 γοῦν
3021 2790 3131 2845 τῶν
3186 2790 3353 2845 αὐτοῦ
3404 2792 3679 2863 καμάτων

2079 2883 2175 2935 καὶ
2202 2881 2363 2944 αὐτὸς
2388 2880 2660 2946 τεύξεται,
2696 2882 3083 2936 ἐπταπλασίων
3115 2882 3513 2954 γενησόμενος
3546 2883 3582 2955 ῆ
3609 2900 3677 2936 τε

389 2974 470 3031 sol
500 2984 556 3031 et
584 2975 712 3030 luna
740 2974 1077 3040 otiabuntur,
1135 2989 1311 3045 neque
1367 2975 1507 3030 ullus
1551 2976 1658 3030 erit
1693 2976 1968 3031 stellarum

2078 2974 2275 3048 σελήνη
2309 2974 2405 3040 καὶ
2436 2974 2574 3047 αὐτὴ
2602 2974 2752 3031 ἔσται
2773 2975 2849 3038 ὡς
2876 2976 2904 3027 6
2925 2974 3077 3047 ἥλιος
3097 2992 3110 3006 ’
3149 2976 3243 3029 καὶ
3269 2979 3317 3030 οἱ
3352 2977 3585 3049 ἀστέρες
3609 2978 3669 3031 δὲ

387 3082 539 3135 usus,
591 3069 718 3138 quia
762 3070 874 3137 jam
933 3082 1037 3121 nox
1081 3082 1187 3121 non
1226 3069 1361 3133 erit;
1396 3069 1598 3124 etenim
1642 3069 1723 3122 has
1755 3082 1970 3137 quoque

387 3158 674 3227 quiescent
723 3174 827 3212 una
882 3173 1004 3213 cum
1059 3159 1199 3214 ctrlo
1237 3160 1497 3214 servitute
1554 3159 1809 3214 liberatae.
1880 3160 1971 3215 Sic

388 3251 554 3320 igitur
602 3265 799 3304 novum
845 3251 1099 3305 saeculum
1153 3251 1359 3320 absque
1411 3250 1544 3315 sole,
1579 3251 1702 3306 luna
1773 3250 1971 3306 stellis-

386 3358 497 3414 que
553 3342 679 3406 erit,
738 3342 959 3403 luminis
1018 3342 1191 3399 nostri
1237 3343 1323 3399 die
1365 3355 1587 3400 sanctas
1636 3345 1845 3400 animas
1902 3344 1967 3407 il-

386 3433 669 3490 lustrante.

455 3700 713 3767 Quaenam
753 3715 885 3757 vero
927 3710 1316 3771 superventura
1347 3701 1456 3757 sint
1486 3701 1686 3763 mundo
1723 3714 1844 3774 post
1870 3703 1967 3756 lu-

383 3794 671 3849 minarium
707 3794 1167 3863 obseurationem,
1210 3806 1266 3850 et
1311 3796 1687 3864 quamobrem,
1732 3804 1786 3850 et
1824 3797 1966 3850 unde

384 3902 633 3956 pressura
658 3887 897 3956 gentium
922 3897 1182 3943 eventura
1212 3889 1300 3955 sit,
1326 3888 1565 3943 declarat
1591 3902 1712 3941 mox
1738 3889 1959 3944 dicens:

383 3975 508 4032 Pra:
532 3978 838 4047 confusione
868 3981 1073 4033 sonitus
1111 3981 1273 4033 maris
1312 3991 1359 4034 et
1396 3982 1650 4050 ﬂuctuum
1684 3982 1966 4035 arescenti-

382 4071 477 4125 bus
505 4070 822 4129 hominibus.
864 4071 930 4124 Et
977 4072 1105 4124 mihi
1138 4070 1351 4125 videtur
1378 4074 1575 4127 docere
1616 4073 1807 4129 futurae
1838 4085 1963 4129 tunc

382 4159 760 4214 conversionis
783 4159 997 4214 initium
1027 4160 1143 4216 fore
1170 4162 1238 4215 ab
1263 4163 1493 4225 humidae
1519 4166 1837 4220 substantia:
1867 4164 1963 4219 deo

383 4250 547 4303 fectu.
579 4246 692 4312 Hac
714 4250 859 4303 enim
885 4250 938 4304 in
968 4250 1161 4316 primis
1188 4254 1440 4320 absorpta
1478 4253 1559 4306 vel
1587 4264 1859 4319 concreta,
1888 4254 1959 4307 ila

2072 3063 2176 3135 τῆς
2202 3064 2395 3135 ὁμοίας
2412 3064 2691 3130 τεύξονται
2720 3065 2814 3119 ἐπὶ
2838 3065 2898 3119 τὸ
2926 3069 3173 3139 κρεῖττον
3199 3066 3520 3138 μεταϐολῆς.
3544 3067 3677 3141 Ἀρ-.

2072 3159 2231 3231 γήσει
2261 3158 2320 3211 δὲ
2347 3159 2468 3212 τότε
2495 3162 2523 3212 6
2540 3159 2689 3231 ἣλιος
2712 3160 2806 3213 καὶ
2837 3162 2870 3231 ἡ
2902 3160 3097 3233 σελήνη
3120 3177 3136 3191 ·
3163 3161 3277 3215 ἀλλ’
3301 3161 3422 3214 οὐδὲ
3446 3161 3666 3231 ἄστρων

2071 3267 2156 3313 τις
2189 3249 2341 3303 ἔσται
2368 3250 2488 3303 τότε
2513 3250 2691 3323 χρεία,
2726 3250 2921 3315 νυκτὸς
2946 3252 3019 3324 μὴ
3040 3251 3233 3323 οὖοηςο
3257 3252 3674 3321 ἀναπαύσονται.

2070 3341 2127 3394 δὲ
2151 3343 2244 3396 καὶ
2269 3342 2422 3397 αὐτοὶ
2448 3343 2905 3416 ἐλευθερωθέντες
2927 3345 3024 3398 σὺν
3050 3344 3128 3415 τῷ
3150 3343 3366 3416 οὐρανῷ
3385 3361 3399 3374 ·
3429 3344 3574 3398 οὕτω
3599 3361 3664 3397 τε

2070 3435 2098 3486 6
2114 3434 2232 3498 νέος
2262 3433 2395 3488 αἰὼν
2425 3434 2642 3507 ἀνήλιος
2671 3433 2823 3489 ἔσται
2843 3436 2937 3489 καὶ
2956 3435 3232 3507 ἀσέληνος,
3255 3436 3350 3489 καὶ¹
3370 3435 3673 3507 άναστροςι

2073 3525 2286 3596 ἡμέρας
2322 3524 2416 3578 τοῦ
2444 3525 2714 3598 ἡμετέρου
2749 3526 2927 3596 φωτὸς
2957 3526 3058 3590 τὰς
3092 3525 3252 3595 ἁγίας
3285 3525 3673 3594 καταυγαζού-.

2070 3632 2173 3685 σης
2202 3614 2399 3685 ψυχάς.

2139 3707 2273 3762 Τίνα
2303 3725 2367 3777 γε
2405 3708 2512 3780 μὴν
2543 3707 2611 3762 τὰ
2642 3710 2985 3782 ἐπερχόμενα
3013 3711 3077 3781 τῇ
3111 3708 3408 3782 οἰκουμένῃ
3440 3710 3576 3781 μετά
3595 3710 3664 3764 τὸ

2066 3800 2197 3865 τοὺς
2231 3801 2525 3872 φωστῆρας
2560 3800 2928 3873 σκοτισθῆναι,
2979 3802 3074 3857 καὶ
3118 3800 3207 3855 διὰ
3232 3801 3309 3867 τί,
3366 3801 3460 3855 καὶ
3494 3801 3660 3856 πόθεν

2066 3897 2099 3967 ή
2135 3893 2335 3965 συνοχὴ
2368 3893 2474 3948 τῶν
2508 3892 2676 3947 ἐθνῶν
2711 3895 2883 3961 ἔσται,
2920 3894 3249 3967 παρίστησιν
3283 3893 3410 3966 ἑξῆς
3447 3893 3657 3963 λέγων’

2080 3989 2178 4041 Ἐν
2224 3988 2443 4056 ἀπορίᾳ
2482 3987 2767 4056 ἠχούσης
2798 3988 3119 4055 θαλάσσης
3145 3986 3244 4040 καὶ
3274 3986 3475 4041 σάλου
3507 3988 3656 4042 ἀπο-

2066 4082 2393 4150 ψυχόντων
2414 4079 2765 4149 ἀνθρώπων.
2790 4081 2901 4135 Καί
2926 4099 3015 4153 μοι
3042 4081 3190 4134 δοκεῖ
3216 4079 3317 4149 τῆς
3347 4081 3470 4135 τότε
3499 4098 3658 4153 γενη-

2069 4175 2306 4246 σομένης
2341 4173 2435 4227 τοῦ
2467 4174 2668 4238 παντὸς
2700 4175 2910 4246 τροπῆς
2929 4174 3028 4246 τὴν
3056 4173 3230 4246 ἀρχὴν
3263 4173 3481 4228 ἔσεσθαι
3514 4173 3657 4228 διδά-

2070 4284 2221 4322 σκειν
2254 4268 2363 4320 ἀπὸ
2391 4267 2685 4337 ἐκλείψεως
2712 4269 2812 4339 τῆς
2847 4269 3019 4340 ὑγρᾶς
3052 4268 3258 4331 οὐσίας.
3298 4268 3514 4339 Ταύτης
3546 4269 3654 4337 γὰρ

382 4351 446 4396 ut
484 4356 661 4411 neque
690 4342 900 4397 sonitus
921 4342 1033 4413 jam
1062 4343 1226 4397 maris
1264 4345 1603 4408 exaudiatur,
1650 4361 1827 4415 neque
1859 4345 1963 4409 ilu-

2078 4356 2295 4429 πρώτης
2328 4358 2691 4431 ἀναποθείσης
2714 4360 2747 4431 ἢ
2772 4360 3172 4432 ἀποπαγείσης,
3196 4360 3273 4425 ὡς
3310 4360 3502 4433 μηκέτ’
3522 4356 3654 4433 ἦχον

378 4442 561 4487 ctuum
597 4433 714 4501 ejus
740 4434 1036 4488 commotio
1076 4433 1146 4487 oh
1196 4433 1423 4491 nimium
1454 4445 1640 4489 aestum
1678 4436 1791 4502 ﬁat,
1836 4438 1962 4491 reli-

377 4537 497 4594 qua:
539 4524 724 4579 mundi
770 4535 950 4595 partes
996 4525 1138 4579 haud
1180 4525 1383 4581 diutius
1421 4536 1678 4581 consueta
1714 4526 1961 4585 fruentes

374 4616 728 4685 vaporatione
748 4630 816 4681 ex
840 4616 1062 4671 humido
1076 4615 1349 4675 elemento
1370 4619 1586 4683 emissa,
1604 4620 1956 4677 mutationem

374 4709 895 4780 conversionemque
925 4710 1217 4780 patientur,
1252 4709 1404 4778 cujus
1434 4711 1513 4766 rei
1545 4711 1699 4782 signa
1733 4715 1785 4769 in
1820 4715 1955 4781 sole,

374 4798 499 4853 luna
548 4800 1180 4875 stellisque‘exstabunt.
1242 4800 1379 4858 Nam
1422 4803 1503 4859 sic
1538 4805 1677 4860 facta
1719 4808 1954 4864 universi

372 4893 742 4960 perversione,
797 4870 1095 4965 m‘undique
1147 4897 1635 4965 consummatione,
1683 4902 1957 4958 exteriore

373 4981 474 5037 hac
522 4980 696 5053 ﬁgura
745 4972 1106 5053 praetereunte
1168 4983 1383 5059 (priora
1433 4989 1579 5044 enim
1627 4990 1852 5049 abibunt
1899 5001 1957 5047 ut

373 5075 678 5144 posteriora
725 5077 1147 5151 subintroeant),
1192 5096 1535 5154 consequens
1575 5084 1682 5140 erit
1727 5095 1787 5140 ut
1830 5086 1956 5149 caeli

374 5181 587 5239 quoque
619 5168 967 5227 luminarium
995 5170 1285 5234 conversio
1314 5177 1559 5246 quaedam
1581 5179 1819 5237 eveniat.

442 5436 565 5495 llaec
592 5440 646 5496 in
683 5440 790 5497 line
822 5452 1123 5514 temporum
1149 5454 1328 5511 erunt,
1363 5460 1487 5501 cum
1528 5453 1803 5520 apostasia
1832 5451 1942 5507 (iet.

2069 4449 2345 4523 θαλάσσης
2377 4452 2729 4516 ἀκούσεσθαι,
2761 4453 2895 4525 μηδὲ
2928 4453 3019 4506 τὸν
3051 4453 3161 4507 τῶν
3188 4456 3450 4526 κυμάτων
3483 4456 3653 4527 αὐτῆς

2069 4542 2229 4597 σάλον
2265 4544 2510 4614 γίνεσθαι
2551 4545 2617 4599 δι’
2658 4545 2868 4618 αὐχμὸν
2900 4546 3328 4618 ὑπερϐάλλοντα,
3378 4547 3449 4603 τὰ
3493 4549 3652 4604 λοιπὰ

2067 4636 2208 4708 μέρη
2242 4635 2337 4690 τοῦ
2380 4638 2585 4709 κόσμου
2633 4639 2829 4710 μηκέτι
2870 4638 2973 4710 τῆς
3003 4639 3265 4709 συνήθους
3306 4642 3652 4714 μεταλαμϐά-

2063 4745 2223 4785 νοντα
2254 4729 2670 4801 ἀναθυμιάσεως
2700 4732 2765 4785 ἐκ
2796 4730 2898 4801 τῆς
2920 4734 3093 4803 ὑγρᾶς
3120 4733 3309 4797 οὐσίας
3331 4734 3643 4805 ἀναπεμπο-

2066 4820 2254 4890 μένης,
2289 4823 2497 4894 τροπὴν
2517 4822 2612 4875 καὶ
2642 4821 2943 4894 μεταϐολὴν
2965 4824 3209 4877 πείσεται
3224 4841 3244 4867 ·-
3270 4824 3346 4888 ὡς
3366 4826 3433 4878 ἐκ
3459 4825 3647 4879 τούτου

2062 4914 2353 4984 γενήσεται
2400 4917 2601 4985 σημεῖα
2633 4916 2692 4968 ὲν
2739 4914 2875 4986 ήλίῳ
2904 4917 2998 4969 καὶ
3025 4916 3245 4988 σελήνῃ,
3281 4916 3375 4981 καὶ
3408 4915 3641 4988 ἄστροις.

2076 5003 2455 5076 Ἀνακλήσεὼς
2476 5023 2537 5059 τε
2559 5005 2668 5078 γὰρ
2698 5006 2794 5060 τοῦ
2817 5007 3021 5072 παντὸς
3052 5009 3373 5082 γενομένης,
3400 5010 3496 5063 καὶ
3526 5027 3641 5063 συν-

2062 5097 2278 5161 τελείας
2323 5095 2419 5151 τοῦ
2458 5099 2685 5169 κόσμου,
2734 5101 2830 5154 καὶ
2870 5100 3210 5174 παράγοντος
3242 5101 3337 5156 τοῦ
3373 5104 3642 5175 σχήματος

2058 5190 2251 5244 τούτου
2283 5188 2379 5243 τοῦ
2410 5191 2735 5262 φαινομένου
2768 5193 3182 5265 (παρελεύσεται
3232 5194 3431 5268 γάρτά
3456 5196 3640 5268 πρῶτα

2061 5281 2127 5335 ἶν’
2164 5283 2360 5354 ἐπιστῇ
2390 5281 2460 5336 τὰ
2491 5281 2786 5356 δεύτερα),
2829 5284 3122 5340 ἀκόλουθον
3162 5282 3231 5359 ῆν
3265 5287 3362 5341 καὶ
3391 5286 3501 5341 τῶν
3526 5288 3635 5341 κατ’

2056 5372 2283 5443 οὐρανὸν
2314 5374 2617 5447 φωστήρων
2647 5376 2857 5448 τροπήν
2885 5394 3005 5433 τινα
3027 5377 3266 5432 ἔσεσθαι.

2125 5463 2310 5518 Ταῦτα
2336 5464 2395 5518 δὲ
2426 5466 2519 5519 ἐπὶ
2548 5466 2688 5522 τέλει
2717 5469 2829 5525 τῶν
2848 5470 3056 5542 χρόνων
3082 5471 3255 5535 ἔσται,
3282 5472 3381 5542 τῆς
3400 5472 3629 5527 ἀποσταπ

375 5525 500 5585 Nam
552 5546 674 5585 cum
715 5534 1009 5603 impietatis
1049 5547 1291 5593 monstra
1338 5535 1650 5597 Servatoris
1682 5544 1946 5599 adventus

2078 5554 2177 5620 ria;
2197 5556 2618 5631 ἐνεργουμένης.
2648 5525 2967 5636 Μελλούσης
2991 5525 3100 5637 γὰρ
3125 5563 3194 5619 τά
3214 5525 3314 5636 τῆς
3337 5525 3629 5638 θεομαχίας

441 5714 488 5754 *⁸
512 5711 700 5774 Matth.
737 5732 887 5787 nu,
916 5716 1006 5775 64.
1084 5721 1128 5753 ⁸³
1158 5721 1354 5784 Matth.
1387 5739 1538 5792 xxnv,
1572 5726 1666 5784 29.
1750 5732 1795 5763 ⁷ο
1828 5732 1848 5787 ι
1883 5733 2012 5791 Cur.
2048 5751 2146 5803 vn,
2195 5738 2285 5795 5i.
