3858 6214
137 282 238 340 ΨΜ

1358 291 1871 351 COMMENTARIA
1909 297 1978 352 IN
2015 297 2273 355 LUCAM.

3320 319 3425 374 60?.

141 401 344 474 reputa
375 407 672 476 καταργεῐν
722 404 824 475 τῆς
861 405 1184 474 ἐπιφανείας
1215 407 1311 462 τοῦ
1348 411 1621 483 Σωτῆρος,
1667 413 1736 468 τὰ

1854 417 2090 483 )erimet,
2142 418 2238 474 irze
2289 418 2440 476 initia
2473 421 2604 478 hinc
2641 437 2819 493 erunt,
2862 443 2927 483 ex
2974 441 3110 485 aestu
3138 431 3347 489 scilicet
3369 445 3426 491 et

136 493 431 566 τῆςοόργῆς
461 496 722 567 προοίμια
770 497 834 550 ἐκ
895 496 1062 551 τῶνδε
1109 498 1357 570 ἄρξεται,
1408 503 1468 568 ἐξ
1509 505 1734 575 αὐχμῶν

128 585 336 656 δηλαδὴ
383 586 477 639 καὶ
522 587 758 658 ἀπορίας
813 588 947 659 ῆχου
987 588 1296 662 θαλάσσηςο
1341 587 1403 646 οὗ
1436 596 1734 666 γενομένου

130 678 572 750 ἐπακολουθήσει
601 681 798 752 συνοχὴ
818 679 926 734 τῶν
956 682 1049 735 ἐπὶ
1071 683 1176 754 γῆς
1207 683 1399 751 ἐθνῶν,
1427 687 1737 758 ἀποψυχόν-

127 786 245 822 των
273 769 580 842 ἀνθρώπων
608 772 715 825 ἀπὸ
746 772 913 842 φόϐου
950 773 1043 827 καὶ
1077 775 1406 846 προσδοκίας
1433 780 1542 834 τῶν
1569 782 1736 854 ἐπερ-

130 859 384 930 χομένων
410 863 477 933 τῇ
500 863 814 938 οἰκουμένῃ.
845 865 978 918 Τίνα
1007 865 1065 919 δὲ
1087 867 1156 920 τὰ
1179 869 1541 941 ἐπερχόμενα,
1567 873 1740 943 ἑρμη-
1762 939 1766 942 ξ

129 952 282 1006 νεύει
341 956 626 1010 συνάπτων
677 956 805 1028 ags;
843 958 936 1010 καὶ
1005 957 1211 1028 λέγων’
1264 965 1334 1016 Αἱ
1395 963 1507 1033 γὰρ
1557 963 1740 1017 δυνά-

120 1063 264 1114 μεις
334 1046 456 1101 τῶν
517 1048 786 1116 οὐρανῶν
842 1050 1330 1118 σαλευθήσονται
1351 1071 1364 1084 ο
1430 1055 1526 1108 τοῦ
1604 1056 1735 1111 Υῐοῦ

135 1139 226 1196 τοῦ
287 1139 424 1193 Θεοῦ
484 1139 624 1211 μετά
673 1141 831 1214 δόξης
869 1145 1322 1216 ὲπιστησομένου,
1366 1146 1462 1199 καὶ
1505 1147 1606 1218 τὴν
1642 1165 1738 1218 με-

1843 511 2036 566 marini
2066 513 2274 569 sonitus
2308 516 2635 572 cessatione.
2669 518 2785 585 Quo
2813 521 2972 590 facto,
3003 515 3254 594 pressura
3290 541 3424 596 gen-

1846 605 1976 658 tium
2021 619 2118 675 per
2145 607 2332 662 orbem
2376 609 2498 676 erit,
2534 614 2909 670 arescentibus
2949 616 3260 673 hominibus
3315 635 3426 688 pra:

1844 695 2038 750 timore
2094 706 2148 752 et
2196 713 2385 752 eorum
2435 705 2836 773 exspectatione
2877 722 2997 776 qua:
3046 710 3247 765 mundo
3299 720 3426 766 sunt

1842 796 2126 840 eventura.
2169 786 2426 854 Quaenam
2459 807 2590 847 vero
2617 794 2728 849 haec
2759 795 2888 861 sint,
2924 797 3000 851 ait
3031 812 3154 852 mox
3195 814 3426 870 pergens

1847 876 2028 931 dicere
2076 894 2089 930 :
2132 877 2268 934 Nam
2329 882 2557 939 virtutes
2593 885 2854 940 (telorum
2893 890 3424 946 commovebuntur:

1847 965 1982 1021 Filio
2007 967 2097 1022 Dei
2129 970 2336 1026 scilicet
2371 989 2492 1028 cum
2533 976 2700 1045 gloria
2734 977 3076 1043 adventante,
3109 980 3428 1051 superbam-

1846 1074 1952 1128 qne
1977 1059 2069 1115 lilii
2089 1061 2259 1132 culpae
2293 1066 2629 1134 tyrannidem
2651 1066 2875 1138 jamjam
2897 1085 3181 1137 eversuro,
3201 1072 3431 1129 coelesti-

1845 1149 1947 1206 bus
1980 1168 2101 1208 eum
2133 1157 2417 1212 ordinibus
2450 1160 2860 1217 comitantibus.

130 1237 411 1308 γάλαυχον
431 1238 724 1310 τυραννίδα
744 1237 841 1292 τοῦ
864 1239 981 1293 υἱοῦ
1008 1240 1109 1311 τῆς
1171 1241 1446 1314 ἁμαρτίας
1506 1247 1805 1316 καταργεῖν
1848 1247 2154 1317 μέλλοντος,
2194 1251 2304 1305 τῶν
2333 1270 2391 1305 τε
2436 1255 2845 1336 ὑιπερουρανίων
2880 1259 3175 1329 ταγμάτων
3204 1257 3432 1331 δορυφο-

135 1328 230 1404 ρού
237 1347 398 1383 ντων.

127 1424 246 1482 Καὶ
286 1419 418 1499 εἷπε
467 1423 822 1499 ἶπαραϐολὴν
862 1426 1086 1499 αὐτοῖς·
1122 1426 1303 1482 Ἴδετε
1338 1429 1455 1496 τὴν
1506 1430 1732 1499 συκῆν,

202 1512 258 1547 κ.
295 1511 345 1548 τ.
367 1494 418 1547 λ.
451 1494 616 1617 Οὕῖω
647 1496 746 1549 καὶ
774 1496 946 1567 ὑμεῖς
977 1497 1125 1552 ὅταν
1159 1499 1324 1568 ἴδητε
1357 1494 1548 1556 ταῦτα
1573 1494 1733 1571 γινό-

202 1582 379 1617 ιιενα.
402 1583 456 1617 κ.
477 1583 528 1617 τ.
582 1605 596 1617 .

197 1582 379 1634 μενα,
402 1583 456 1619 κ.
477 1583 528 1618 τ.
546 1582 596 1620 Α.

203 1655 550 1720 Ποῖαταῦτα
581 1657 845 1730 γινόμενα
877 1657 993 1712 ἀλλ’
1025 1660 1060 1731 ἢ
1092 1659 1162 1714 τὰ
1184 1661 1596 1734 προλεγόμενα;
1636 1663 1738 1716 Ἰε-

1911 1433 1956 1464 ⁷¹
1983 1431 2230 1510 Diajtque
2252 1436 2328 1488 eis
2345 1437 2672 1502 parabolam.
2705 1437 2890 1494 Videte
2914 1441 3217 1510 ﬁculneam,
3249 1451 3357 1499 etc.

1991 1524 2002 1543 ι
2056 1500 2152 1558 Ita
2179 1514 2227 1558 et
2259 1500 2354 1560 vos
2373 1521 2492 1560 cum
2527 1509 2756 1563 uideritis
2783 1511 2893 1564 haec
2914 1500 3058 1580 ﬁeri,
3084 1521 3188 1567 etc.

1917 1662 2177 1731 Quantam
2239 1679 2370 1719 vero
2424 1664 2566 1721 facta
2620 1665 2908 1735 intelligit?
2951 1667 3326 1748 Hierosolyma
3363 1671 3433 1728 ab

131 1748 422 1823 ρουσαλὴμ
447 1749 800 1821 πατουμένην
843 1751 950 1806 ὑπὸ
991 1752 1182 1817 ἐθνῶν,
1209 1753 1308 1825 τὴν
1342 1755 1738 1826 συμπλήρωσιν

1854 1753 2075 1808 l:tbnicis
2130 1754 2484 1820 conculcata,
2541 1765 2790 1826 tempora
2841 1759 3085 1829 gentium
3135 1762 3429 1831 completa,

126 1841 240 1896 τῶν
272 1841 484 1914 καιρῶν
516 1840 625 1894 τῶν
658 1841 848 1909 ἐθνῶν,
902 1845 1030 1908 τοὺς
1073 1844 1173 1916 τῆς
1214 1846 1551 1909 ἀποστασίας
1610 1847 1736 1918 χρόα-

129 1952 282 1998 νους,
321 1934 392 1986 τά
425 1935 483 1988 ὲν
512 1937 625 1998 τοῖς
667 1935 955 2007 φωστῆρσι
989 1937 1082 1990 καὶ
1122 1939 1234 2001 τοῖς
1259 1937 1482 2009 ἄστροις
1511 1940 1734 2008 σημεῖα,

130 2027 230 2097 τὴν
284 2025 380 2078 ἐπὶ
422 2028 528 2098 γῆς
573 2025 805 2098 συνοχὴν
850 2026 959 2081 τῶν
989 2028 1182 2094 ἐθνῶν,
1219 2029 1319 2100 τὴν
1352 2029 1594 2100 ἔκλειψιν
1641 2030 1738 2084 καὶ

131 2119 374 2190 ἀπορίαν
420 2118 516 2174 τοῦ
557 2120 689 2192 ἤχου
722 2119 817 2174 τοῦ
850 2120 1016 2174 σάλου
1061 2121 1162 2193 τῆς
1194 2120 1493 2190 θαλάσσης.
1528 2121 1735 2188 Ταῦτα,

129 2213 323 2282 φησὶν,
379 2211 594 2266 ἅπαντα
630 2213 758 2266 ὅταν
798 2212 952 2283 ἴδητε
996 2213 1281 2284 γινόμενα,
1323 2212 1621 2283 γινώσκετε
1655 2213 1737 2267 ὅτι

129 2307 228 2358 ἐπὶ
277 2303 475 2377 θύραις
521 2305 668 2358 ἐστὶν
703 2306 736 2377 ἡ
770 2305 1019 2376 βασιλεία
1062 2304 1158 2358 τοῦ
1193 2304 1354 2371 Θεοῦ,
1407 2305 1571 2377 ἑτέρα
1604 2302 1738 2360 οὖσα

131 2397 290 2470 παρά
329 2397 401 2450 τὰ
427 2396 814 2470 προλεχθέντα.
851 2398 934 2451 Τά
970 2397 1070 2469 μὲν
1097 2397 1208 2470 γὰρ
1242 2397 1504 2470 προοίμια
1540 2395 1608 2471 ἦν
1643 2399 1740 2454 καὶ

135 2489 442 2561 μελλόντων
471 2489 693 2560 ἀγαθῶν
723 2493 946 2561 σημεῖα,
971 2490 1047 2554 ὡς
1070 2491 1165 2544 καὶ
1197 2491 1246 2543 οἱ
1264 2494 1364 2562 τῆς
1393 2490 1567 2561 συκῆς
1595 2492 1742 2545 ἀπα-

130 2582 217 2635 λοὶ
242 2581 433 2636 κλάδοι
454 2583 551 2636 καὶ
581 2582 649 2635 τὰ
678 2581 854 2652 φύλλα
885 2585 1086 2654 σημεῖα
1109 2580 1204 2636 τοῦ
1234 2582 1522 2654 μέλλοντος
1545 2582 1740 2654 θέρους

132 2678 235 2747 τῆς
258 2693 321 2728 τε
357 2674 466 2730 τῶν
507 2675 712 2730 λοιπῶν
743 2675 926 2745 φυτῶν
959 2676 1056 2728 καὶ
1089 2675 1422 2748 σπερμάτων
1456 2692 1740 2747 καρποφο-

137 2769 264 2841 ρίας
284 2785 298 2798 ·
339 2768 410 2822 τά
439 2767 497 2822 δὲ
516 2767 612 2821 τοῦ
646 2767 932 2839 μέλλοντος
953 2768 1170 2838 καὶτῆς
1204 2769 1263 2821 ὲν
1295 2767 1446 2839 αὐτῷ
1479 2784 1743 2839 συστησο-

139 2860 315 2931 μένης
372 2859 650 2930 βασιλείας
691 2859 936 2933 οὐρανῶν
985 2859 1250 2933 προοίμια
1293 2861 1390 2914 καὶ
1427 2863 1628 2933 σημεῖα
1671 2861 1742 2916 τὰ

140 2949 512 3022 προλεχθέντα
543 2946 633 3023 ἦν.
665 2951 816 3022 Αὕτη
844 2951 902 3004 δὲ
934 2952 968 3022 ἡ
999 2951 1246 3022 βασιλεία
1282 2952 1378 3005 καὶ
1408 2953 1478 3006 τὰ
1507 2954 1566 3006 ὲν
1601 2953 1738 3026 αὐτῇ

140 3043 326 3096 οὐκέτι
365 3042 512 3115 λόγῳ
543 3043 875 3116 παραδοτέα,
911 3045 1035 3098 οὐδὲ
1063 3043 1276 3116 Θνητῶν
1300 3047 1493 3108 ἀκοαῖς
1522 3044 1734 3100 λεκτέα.

142 3133 347 3206 Διόπερ
388 3109 805 3208 ἀποσιωπητέον
835 3109 1033 3191 ταῦτα.
1098 3109 1438 3207 ’ὀφθαλμὸς
1482 3137 1594 3208 γὰρ
1631 3141 1744 3193 οὐκ
1771 3109 1814 3167 C

143 3224 287 3295 εἶδε,
309 3228 411 3283 καὶ
437 3224 549 3294 οὖς
575 3232 687 3284 οὐκ
711 3229 964 3300 ἢκουσε,
988 3229 1089 3288 καὶ
1111 3230 1210 3284 ἐπὶ
1238 3230 1492 3300 καρδίαν
1518 3229 1745 3302 ἀνθρώπ-

145 3337 268 3375 που
322 3323 435 3376 οὐκ
485 3321 667 3389 ἀνέϐη
703 3321 822 3376 ὅσα
858 3321 1193 3392 ἡτοίμασεν
1216 3326 1248 3376 ό
1279 3321 1423 3389 Θεὸς
1456 3323 1581 3390 τοῖς
1606 3323 1747 3394 ἀγα-

147 3411 348 3467 πῶσιν
388 3416 596 3468 αὐτόν.
626 3413 772 3487 Πλὴν
799 3413 989 3487 ὥσπερ
1029 3413 1171 3468 κατά
1203 3414 1294 3468 τὸν
1329 3415 1600 3468 ἐνεστῶτα
1633 3414 1745 3482 βίον

143 3505 296 3576 ἥλιος
318 3506 456 3576 μετά
482 3505 794 3578 χειμερίους
822 3505 1030 3580 τροπὰς
1059 3505 1220 3576 ἔαρος
1249 3506 1602 3575 ἐνισταμένου
1624 3506 1744 3577 θερ-

144 3597 254 3668 μὴν
280 3599 478 3651 ἀκτῖνα
505 3597 736 3668 βάλλων,
758 3598 828 3652 τὰ
851 3599 959 3652 ὑπὸ
979 3600 1081 3670 γῆν
1109 3599 1465 3670 κρυπτόμενα
1488 3597 1745 3662 ζωοποιεῖ

146 3687 465 3759 σπέρματα,
489 3687 586 3740 τοῦ
613 3688 880 3760 προτέρου
908 3687 1280 3758 μεταϐαλόντα
1301 3689 1597 3760 σχήματος,
1623 3707 1744 3744 νεα-

147 3780 216 3852 ρά
245 3780 305 3832 δὲ
324 3778 448 3849 φύει
469 3779 564 3832 καὶ
581 3779 826 3851 τέθηλεν,
857 3780 1064 3851 ὡραίαν
1092 3781 1186 3833 κα)⁹
1216 3780 1490 3851 πολυανθῆ
1515 3782 1613 3854 τὴν
1635 3780 1745 3840 τῶν

146 3874 276 3944 ἄρτι
307 3871 554 3941 φυέντων
586 3871 823 3944 βλάστην
857 3873 1240 3944 παρεχόμενον
1285 3872 1428 3927 κατά
1455 3871 1546 3926 τὸν
1585 3873 1746 3928 αὐτὸν

144 3965 351 4037 τεῆς-εον
382 3967 476 4018 καὶ¹
511 3967 546 4036 ἡ
573 3963 780 4029 ἔνδοξος
815 3964 909 4017 τοῦ
940 3964 1280 4033 Μονογενοῦς
1309 3964 1405 4018 τοῦ
1439 3964 1573 4018 Θεοῦ
1623 3967 1750 4036 ἀφι-

152 4060 258 4126 ξις,
294 4059 472 4128 φωτὸς
507 4058 794 4127 ζωογόνοις
818 4059 1002 4112 ἀκτῖσι
1050 4058 1141 4115 τὸν
1178 4058 1296 4112 νέον
1339 4058 1512 4112 αἰῶνα
1546 4074 1753 4124 καταυ-

147 4151 393 4219 γάσασα,
423 4149 493 4202 τά
526 4147 947 4220 ἀποκρυφθέντα
979 4148 1146 4212 πάλαι
1166 4147 1307 4203 κατά
1328 4147 1747 4219 τὸνέμπροσθεν

148 4244 347 4309 αἰῶνα,
384 4245 480 4297 καὶ
508 4253 566 4295 εν
593 4241 672 4312 τῷ
699 4241 862 4295 παντὶ
893 4240 1082 4312 κόσμῳ
1099 4240 1554 4295 διασκεδασθέντα
1581 4239 1751 4310 σπέρ-

152 4353 326 4407 ματα,
360 4334 606 4387 τουτέστι
643 4334 769 4396 τοὺς
809 4333 867 4385 ὲν
901 4332 1006 4403 γῆς
1034 4331 1250 4402 χώματι
1288 4332 1748 4403 κεκοιμημένους,

1843 1847 2130 1917 apostasia
2174 1856 2414 1912 aetatem,
2454 1848 2508 1902 in
2547 1847 2659 1903 sole
2693 1848 2973 1920 stellisque
3002 1850 3179 1922 signa,
3210 1853 3265 1906 in
3297 1853 3433 1910 orbe

1841 1953 2148 2008 pressuram
2196 1939 2458 2009 gentium,
2505 1939 2776 1995 delectum
2830 1945 3178 2014 quietemque
3218 1945 3433 2001 sonitus

1839 2030 2141 2100 ﬂuctusque
2167 2031 2387 2087 marini.
2421 2031 2566 2098 Ilaec,
2608 2032 2805 2104 inquit,
2837 2035 3021 2091 omnia
3055 2051 3178 2092 cum
3211 2037 3328 2092 ﬁeri
3352 2037 3436 2092 vi-

1841 2122 2053 2188 deritis,
2094 2128 2210 2176 tum
2259 2123 2476 2178 demum
2520 2125 2712 2180 adesse
2759 2126 2811 2180 in
2842 2125 3050 2182 foribus
3085 2143 3310 2198 regnum
3335 2129 3432 2185 Dei

1840 2213 2070 2281 scitote;
2120 2223 2174 2269 et
2205 2215 2423 2284 quidem
2465 2231 2495 2270 a
2533 2217 2696 2272 dictis
2729 2218 2890 2273 rebus
2928 2219 3084 2289 plane
3131 2221 3429 2277 diversum.

1841 2307 1935 2362 Illa
1972 2309 2118 2362 enim
2171 2309 2476 2366 futurorum
2523 2311 2789 2367 bonorum
2839 2315 3059 2368 exordia
3107 2314 3330 2371 fuerunt
3374 2324 3433 2373 et

1843 2400 2083 2469 indicia;
2122 2402 2282 2457 sicuti
2321 2404 2492 2458 teneri
2542 2405 2684 2461 licus
2726 2407 2862 2460 rami
2913 2415 2966 2462 et
3003 2407 3150 2476 folia,
3189 2419 3431 2467 ventum

1844 2497 2051 2550 aestatis
2081 2495 2234 2566 signa
2260 2505 2408 2561 sunt,
2433 2505 2490 2551 et
2512 2507 2832 2551 ceterarum
2855 2497 3108 2554 arborum
3138 2502 3434 2556 seminum-

1841 2602 1948 2657 que
1975 2586 2212 2642 fructum
2237 2588 2586 2658 portendunt.
2617 2587 2809 2644 Futuri
2831 2599 3010 2644 autem
3035 2592 3242 2658 saeculi,
3268 2602 3434 2663 atque

1842 2677 1899 2732 in
1947 2693 2012 2733 eo
2053 2677 2419 2734 constituendi
2465 2679 2727 2736 cmlorum
2778 2681 2930 2752 regni
2963 2684 3227 2752 prooemia
3269 2694 3434 2754 atque

1843 2770 2042 2826 indicia
2076 2771 2166 2824 illa
2206 2771 2446 2825 fuerunt.
2489 2771 2544 2826 ιιι
2583 2785 2715 2828 vero
2745 2787 2998 2840 regnum,
3026 2774 3254 2845 ejusque
3291 2777 3436 2834 bona

1843 2859 1988 2917 baud
2023 2862 2136 2932 jam
2171 2876 2424 2918 sermone
2472 2863 2611 2919 tradi
2654 2873 2880 2934 queunt,
2918 2881 3094 2938 neque
3127 2870 3194 2923 ad
3231 2877 3441 2924 morta-

1845 2953 1976 3008 lium
2003 2969 2166 3010 aures
2194 2955 2504 3024 praedicari.
2549 2954 2915 3023 Quamobrem
2968 2961 3035 3015 de
3066 2960 3151 3016 bis
3196 2961 3438 3017 reticen-

1846 3045 1972 3098 dum
1997 3054 2101 3100 est.
2134 3041 2320 3115 Neque
2345 3045 2484 3099 enim
2514 3044 2699 3100 oculus
2727 3047 2877 3114 vidit,
2909 3063 3072 3118 neque
3097 3048 3243 3102 auris
3272 3048 3437 3101 audi—

1849 3139 1942 3206 vit,
1985 3154 2147 3208 neque
2192 3138 2248 3191 in
2282 3154 2372 3192 cor
2412 3139 2639 3192 hominis
2679 3140 2937 3206 ascendit,
2968 3155 3087 3210 qua:
3115 3142 3436 3211 praeparavit

1849 3229 1991 3285 Deus
2014 3231 2349 3301 diligentibus
2371 3247 2487 3284 eum
2508 3231 2577 3284 τ’.
2612 3228 2997 3287 Verumtamen
3026 3233 3186 3288 sicuti
3217 3233 3270 3287 in
3299 3249 3438 3304 pra:-

1851 3321 1993 3377 senti
2030 3335 2210 3377 rerum
2254 3330 2400 3376 statu
2432 3321 2512 3376 sol
2554 3330 2679 3390 post
2715 3322 2975 3376 hibernas
3027 3324 3435 3392 conversiones,

1851 3429 1980 3468 vere
2024 3413 2280 3480 instante,
2320 3413 2675 3467 calidioribus
2716 3413 2880 3467 radiis
2915 3413 3154 3480 emissis,
3210 3414 3439 3470 latentia

1849 3503 1950 3558 Sub
1978 3504 2094 3558 solo
2124 3505 2333 3558 semina
2365 3502 2623 3566 viviﬁcat,
2656 3518 2776 3572 quae
2811 3503 2992 3571 priore
3030 3501 3204 3572 ﬁgura
3234 3503 3437 3572 posita,

1853 3593 2066 3648 novella
2100 3603 2436 3649 enascuntur
2487 3607 2552 3647 ac
2596 3592 2878 3661 pullulant,
2944 3591 3338 3663 pulchrumque
3383 3601 3440 3649 et

1852 3684 2101 3740 ﬂoridum
2158 3685 2398 3742 recentis
2450 3695 2661 3741 natura:
2710 3701 2931 3756 germen
2982 3686 3310 3751 ostendunt;
3359 3687 3438 3742 ita

1853 3778 2123 3848 gloriosus
2154 3777 2430 3849 Unigeniti
2458 3778 2724 3832 adventus
2766 3776 2964 3832 vivifici
3010 3777 3230 3833 luminis
3273 3777 3440 3889 tiadiis

1855 3887 2057 3927 novum
2107 3871 2364 3927 saaculum
2415 3870 2719 3935 illustrans,
2747 3870 2954 3925 occulta
3003 3872 3130 3927 olim
3170 3870 3352 3942 prio're
3385 3873 3441 3927 in

1857 3964 2056 4020 saeculo
2088 3974 2252 4034 atque
2276 3965 2409 4018 orbe
2438 3964 2692 4018 universo
2728 3963 2970 4034 dispersa
3004 3966 3234 4029 semina,
3269 3965 3321 4020 id
3357 3973 3442 4020 est

1859 4055 2110 4111 homines
2154 4056 2209 4111 in
2264 4066 2426 4112 terrae
2489 4058 2754 4128 sepulcris
2799 4059 3067 4123 conditos,
3125 4057 3447 4113 melioribus.

1855 4163 2018 4218 quam
2047 4157 2208 4202 antea
2248 4149 2570 4218 corporibus
2602 4147 2886 4219 formaque
2915 4148 3228 4219 augustiore
3267 4149 3442 4203 dona-

1857 4251 1963 4306 tos,
2007 4243 2062 4297 in
2108 4241 2282 4296 lucem
2310 4242 2520 4296 emittet
2554 4259 2568 4297 :
2607 4243 2871 4312 pulsaque
2919 4251 3116 4308 morte,
3142 4241 3258 4312 ipsa
3288 4241 3443 4296 dein-

1857 4345 1986 4399 ceps
2011 4330 2119 4384 vita
2151 4331 2273 4384 novi
2298 4331 2476 4385 saeculi
2503 4330 2789 4400 imperium
2818 4331 3044 4412 tenebit.

153 4430 435 4502 κρείττοσι
470 4427 717 4500 σώμασιν
751 4429 784 4501 ἢ
823 4427 963 4481 κατὰ
991 4428 1059 4482 τὰ
1088 4428 1352 4500 πρότερον
1393 4427 1662 4498 θειότερόν
1695 4444 1755 4479 τε
1807 4427 2406 4499 μετεσχηματισμένοις
2461 4427 2542 4490 είς
2576 4425 2692 4495 φῶς
2726 4423 2983 4498 προάξει·
3025 4426 3120 4479 καὶ
3161 4424 3257 4479 τοῦ
3288 4425 3446 4480 θανά-

151 4542 248 4578 του
297 4523 760 4596 καταργηθέντος,
816 4524 956 4595 αὐτὴ
996 4523 1184 4577 λοιπὸν
1220 4525 1254 4594 ἡ
1298 4523 1412 4596 ζωὴ
1443 4523 1750 4596 βασιλεύσει
1787 4522 1884 4576 τοῦ
1919 4523 2040 4588 νέου
2069 4523 2285 4587 αἰῶνος.

459 4621 541 4673 Οὐ
564 4619 652 4689 μὴ
686 4619 954 4689 παρέλθῃ
982 4620 1020 4688 ἡ
1056 4621 1233 4688 γενεὰ
1268 4619 1442 4689 αὕτη.

230 4710 373 4764 Ποία
401 4710 565 4780 γενεά
603 4710 717 4764 ἀλλ’
751 4713 786 4783 ἡ
844 4704 1004 4783 καινὴ
1046 4712 1142 4766 καὶ
1182 4711 1306 4776 νέα,
1333 4711 1403 4784 ἢν
1433 4712 1596 4777 αὐτὸς
1627 4729 1755 4774 συν-

154 4803 459 4873 εστήσατο;
488 4802 619 4875 περὶ
636 4797 703 4876 ἦς
731 4805 789 4856 ὲν
818 4805 1178 4876 προφητείαις
1211 4805 1395 4877 εἴρητο
1413 4822 1426 4836 ⁸
1461 4805 1756 4876 Γραφήτω

155 4895 314 4962 αὕτη
348 4893 459 4966 (74)
477 4897 563 4961 εὶς
590 4895 804 4965 γενεὰν
819 4896 1050 4964 ἑτέραν,
1066 4898 1165 4950 καὶ
1192 4897 1344 4964 λαὸς
1360 4900 1392 4951 ό
1415 4896 1756 4968 κτιζόμενος

156 4991 397 5044 atri-aet
422 4991 531 5045 τὸν
567 4991 787 5061 Κύριον
806 5007 819 5021 ·
867 4992 962 5044 καὶ
1001 4990 1165 5045 πάλιν
1187 5007 1200 5020 ·
1256 4987 1760 5060 Ἀναγγελήσεται

157 5082 243 5150 τῷ
266 5084 466 5152 Κυρίῳ
492 5082 670 5154 γενεά
693 5083 731 5151 ἡ
760 5081 1076 5153 ἐρχομένη.
1111 5082 1313 5153 Διόπερ
1352 5079 1636 5144 δεικτικῶς
1679 5081 1761 5145 εἰς

157 5177 291 5239 τοὺς
322 5174 656 5237 ἀποστόλους
685 5171 873 5238 αὐτοῦ,
896 5173 990 5226 καὶ
1012 5173 1112 5242 τὴν
1143 5171 1203 5239 ἐξ
1226 5170 1407 5225 αὐτῶν
1430 5169 1526 5224 καὶ
1556 5170 1622 5224 δι’
1652 5171 1754 5224 αὐ-

157 5268 272 5324 τῶν
303 5269 426 5321 καθ’
460 5267 587 5338 ὅλης
614 5269 713 5339 τῆς
744 5266 1068 5338 οἰκουμένης
1111 5263 1520 5335 συστησομένην
1563 5261 1756 5334 καινὴν

159 5360 360 5430 γενεὰν
386 5361 487 5430 τῆς
516 5360 677 5429 ἁγίας
715 5358 1041 5431 Ἐκκλησίας
1068 5357 1231 5410 αὐτοῦ
1257 5355 1499 5428 ἀφορῶν,
1530 5355 1714 5424 ἔλεγεν
1736 5373 1750 5387 °

172 5455 257 5508 Οὐ
279 5453 369 5523 μὴ
403 5453 676 5523 παρέλθῃ
713 5453 752 5521 ἠ
786 5451 964 5524 γενεὰ
987 5451 1160 5519 αὕτη,
1188 5449 1301 5517 ἕως
1323 5450 1400 5504 ἂν
1433 5448 1628 5503 πάντα
1668 5449 1760 5519 γέ-

1777 4622 1823 4677 D

2132 4620 2178 4651 ⁷³
2199 4619 2323 4674 Non
2350 4620 2636 4689 prwteribit
2663 4617 2929 4689 generatio
2962 4615 3093 4670 htec.

1933 4711 2192 4781 Quaenam
2253 4721 2337 4768 est
2395 4713 2511 4768 base
2563 4710 2866 4782 generatio,
2914 4709 3019 4764 nisi
3052 4721 3190 4762 nova
3235 4707 3321 4763 illa
3357 4723 3446 4764 re-

1856 4822 2092 4878 censque
2148 4808 2216 4860 ab
2249 4820 2314 4860 eo
2347 4805 2676 4861 constituta?
2710 4803 2776 4860 de
2814 4818 2918 4872 qua
2962 4801 3015 4856 in
3039 4801 3324 4876 rvaticiniis
3363 4800 3446 4855 di-

1862 4909 2009 4954 ctum
2043 4905 2174 4953 est:
2208 4896 2634 4956 Scribaturlrwc
2676 4896 2730 4949 in
2776 4894 3112 4966 generatione
3162 4893 3350 4957 altera,
3396 4901 3448 4947 et

1860 4988 2084 5060 populus
2139 4991 2228 5060 qui
2273 5001 2483 5044 creatur
2521 4989 2759 5043 laudabit
2793 4983 3177 5054 Dominum";
3224 4999 3448 5039 rursus-

1862 5097 1969 5152 que
1999 5099 2012 5137 :
2041 5081 2461 5135 Annuntiabitur
2482 5079 2705 5134 Domino
2730 5079 2996 5149 generatio
3018 5077 3316 5132 ventura".
3345 5074 3450 5130 Ita-

1866 5190 1972 5244 que
1997 5175 2278 5230 evidenter
2307 5176 2376 5230 ad
2398 5189 2525 5229 suos
2551 5172 2826 5244 apostolos
2854 5180 3018 5241 atque
3043 5171 3111 5225 ad
3145 5169 3450 5224 institutam

1863 5283 1930 5321 ex
1961 5267 2094 5336 ipsis
2124 5276 2180 5321 et
2211 5281 2308 5336 per
2331 5266 2480 5336 ipsos
2510 5265 2562 5320 io
2586 5266 2718 5320 orbe
2741 5264 2996 5318 universo
3020 5275 3216 5316 novam
3249 5269 3458 5315 sancta:

1865 5358 2121 5426 Ecclesiae
2173 5358 2578 5429 generationem
2617 5357 2864 5413 Christus
2899 5353 3195 5424 respiciens
3229 5351 3409 5407 aiebat
3433 5368 3453 5411 ι,

1869 5450 1994 5506 Non
2035 5452 2322 5522 prwteribit
2366 5453 2634 5520 generatio
2671 5453 2804 5517 lucc,
2845 5449 3010 5502 donec
3062 5445 3242 5501 omnia
3288 5444 3454 5528 ﬁant‘

238 5615 280 5646 '“
312 5614 446 5686 Lug.
484 5629 600 5678 κει,
647 5611 836 5668 29-51.
912 5613 958 5644 ⁷³
987 5612 1004 5667 Ι
1032 5611 1160 5667 Cor.
1191 5627 1254 5675 ιι,
1293 5612 1348 5666 9.
1423 5612 1469 5644 "
1501 5611 1632 5668 Luc.
1675 5628 1745 5666 xx

1854 5611 1924 5667 52.
2001 5613 2195 5667 “Psal.
2240 5628 2316 5678 Ct,
2362 5612 2448 5667 l9.
2524 5611 2570 5643 ⁷⁵
2601 5610 2743 5666 Psal.
2780 5627 2889 5673 ut,
2933 5607 3022 5662 52.

245 5705 362 5775 (74)
392 5703 643 5776 Videtur,
673 5705 777 5763 nisi
804 5706 981 5778 fallor,
1039 5705 1306 5764 Eusebius
1343 5705 1488 5762 haud
1555 5705 1876 5762 neutraliter
1929 5705 2067 5779 αὕτη
2129 5706 2450 5778 intelligere,
2485 5713 2541 5761 ut
2578 5704 2694 5772 alii,
2725 5703 2819 5760 sed
2849 5701 2914 5759 de
2943 5703 3054 5772 ipsa
3085 5700 3445 5772 generatione

160 5792 270 5858 seu
294 5787 474 5834 ωιειιθ.
