3858 6214
414 299 521 357 603

1094 290 1370 349 EUSEBH
1409 289 1899 348 CESABIENSIS
1935 288 2089 345 OPP.
2128 287 2315 343 PARS
2350 284 2454 343 111·.’
2479 313 2549 326 -
2587 284 2999 344 EXEGETICA.

3590 290 3693 348 608

415 418 730 477 Mansurum
759 415 957 486 quippe
987 429 1053 469 ac
1083 414 1406 468 duraturum
1441 412 1697 481 populum
1730 427 1886 467 suum
1913 411 2001 466 Ec-

2115 425 2307 475 νηται.
2334 408 2621 478 Διαμενεῖν
2653 406 2762 477 γάρ
2807 423 2942 477 φησι
2993 404 3087 460 καὶ
3123 404 3430 477 διαρκέσειν
3455 404 3546 459 τὸν
3571 406 3692 461 λαὸν

412 510 746 579 clesiamque
778 518 1001 563 eatenus
1037 506 1189 572 dicit,
1225 504 1403 575 quoad
1434 497 1548 575 ipsa
1589 505 1869 573 generatio
1906 520 1998 559 su-

364 614 367 617 '
413 611 628 676 perstes
657 600 833 653 adhuc
862 599 1044 652 omnia
1068 598 1337 666 inSpiciat,
1367 612 1431 651 ac
1453 597 1864 665 prmdictionum
1902 597 1998 652 do-

414 693 739 754 minicarnm
766 701 1017 745 eventum
1041 689 1214 742 oculis
1250 689 1666 757 contempletur.

595 783 645 817 "
662 783 852 839 Cavete
881 799 945 838 ne
982 782 1117 866 forte
1142 793 1427 903 graviutur
1450 781 1612 835 corda
1651 792 1821 836 uestra

1031 869 1087 903 ιη
1108 869 1271 903 crauu
1299 870 1352 903 a.

1031 869 1087 906 ιη
1108 869 1352 919 craputa.

489 942 792 1011 Discipulos
822 941 1077 995 admonet
1109 949 1167 994 ut
1189 940 1420 1007 prompti
1454 940 1563 994 sint
1589 949 1753 1007 atque
1782 938 1848 992 ad
1883 938 1999 1008 ejus

414 1036 706 1091 adventum
744 1033 1123 1102 excipiendum
1178 1033 1354 1101 parati
1406 1046 1423 1086 :
1473 1031 1628 1099 cujus
1687 1046 1881 1100 nempe
1917 1032 1997 1085 rei

415 1126 591 1196 gratia
643 1134 866 1180 cunctos
918 1124 1213 1192 magisterii
1265 1125 1347 1177 sui
1385 1137 1667 1178 sermones
1722 1120 1995 1177 faciebat:

416 1214 741 1285 sobriasque
775 1230 839 1269 ac
862 1216 1065 1289 vigiles
1096 1228 1217 1268 esse
1256 1213 1434 1280 jubet.
1478 1224 1534 1267 et
1582 1221 1751 1269 totam
1792 1224 1997 1267 morta-

417 1305 487 1359 lis
526 1305 653 1360 vita:
701 1319 912 1360 noctem
954 1305 1233 1359 insomnes
1290 1304 1591 1373 transigere
1640 1321 1655 1358 :
1717 1314 2000 1373 propterea

415 1400 560 1466 quod
609 1397 1093 1453 consummationis
1144 1405 1354 1467 tempus
1403 1395 1606 1452 nemini
1642 1395 1714 1450 sit
1751 1396 2002 1464 explora—

421 1498 555 1542 tum.
588 1517 661 1527 —
692 1488 961 1548 Cavenda,
999 1487 1192 1555 inquit,
1226 1487 1379 1541 vobis
1413 1496 1498 1541 est
1542 1486 1785 1556 crapula:
1810 1501 2002 1555 grave-

417 1581 508 1642 do,
552 1590 610 1634 ut
634 1580 857 1650 vigilare
892 1581 1147 1650 possitis;
1184 1594 1252 1634 ne
1285 1579 1503 1647 inopina
1538 1594 1633 1634 vos
1661 1580 1883 1633 invadat
1910 1579 2000 1633 illa

416 1673 533 1729 dies
559 1688 573 1725 :
604 1673 756 1742 cujus
794 1687 959 1727 causa
992 1687 1148 1727 sacer
1179 1673 1344 1727 etiam
1362 1671 1653 1741 Apostolus
1684 1670 2003 1725 hortabatur

2102 500 2268 554 αὑτοῦ
2302 501 2394 554 καὶ
2420 501 2521 570 τὴν
2563 497 2895 569 Ἐκκλησίαν
2928 500 3008 561 εἰς
3041 499 3218 551 ἐκεῖνο
3260 498 3455 568 καιροῦ
3485 501 3567 563 εἰς
3603 501 3689 552 ὅτε

2099 593 2464 664 αὑτοπτήσειε
2492 591 2692 654 πάντα,
2720 588 2935 653 καὶτὰς
2961 588 3216 653 ὲκὸάσεις
3236 588 3345 644 τῶν
3372 589 3470 643 τοῦ
3512 590 3694 662 Σωτῆ-

2102 702 2196 756 ρος
2227 684 2583 755 προρρήσεων
2609 681 2907 752 ὀφθαλμοῖς
2942 680 3268 752 παράλαϐοι.

2098 776 2437 845 Προσέχετε
2480 773 2718 839 ἑαυτοῖς
2743 773 2977 842 μήποτε
3012 773 3406 840 βαρυνθῶσιν
3432 775 3603 845 ὑμῶν
3634 779 3693 832 a1

2562 845 2801 913 καρδίαι
2826 845 2895 897 ἐν
2916 846 3238 915 κραιπάλῃ.

2171 937 2441 1008 Διεγείρει
2471 937 2599 999 τοὺς
2631 934 2879 1007 μαθητάς
2911 935 3004 989 ἐπὶ
3063 936 3123 988 τὸ
3174 936 3405 989 πάντοτε
3452 937 3695 1008 ἑτοίμους

2100 1024 2241 1082 εἶναι
2269 1026 2863 1099 παρασκευαζομένους
2897 1029 2978 1092 είς
3017 1027 3116 1097 τῆν
3165 1027 3333 1081 αὐτοῦ
3369 1031 3693 1100 παρουσίαν,

2100 1121 2186 1190 ἐφ’
2212 1121 2277 1189 ἥν
2300 1120 2461 1184 αὐτὸς
2500 1121 2649 1191 ἡμᾶς
2694 1118 2997 1191 παρορμῶν
3034 1120 3161 1183 τοὺς
3195 1120 3403 1184 πάντας
3429 1122 3527 1192 τῆς
3554 1122 3696 1175 διδα-

2104 1213 2333 1277 σκαλίας
2366 1215 2603 1266 ἐποιεῖτο
2633 1210 2827 1280 λόγους
2846 1229 2860 1241 ·
2906 1211 3098 1282 νήφειν
3127 1228 3188 1264 τε
3212 1213 3306 1265 καὶ
3337 1214 3696 1283 ἐγρηγορέναι

2105 1306 2563 1379 παρακελεύεται,
2623 1305 2719 1358 καὶ
2749 1306 3051 1375 ἀγρυπνεῖν
3105 1304 3194 1358 διὰ
3246 1305 3426 1376 πάσης
3470 1308 3569 1377 τῆς
3601 1306 3696 1360 τοῦ

2102 1399 2301 1469 θνητοῦ
2336 1398 2453 1469 βίου
2485 1397 2699 1460 νυκτὸς,
2725 1396 2814 1454 διὰ
2841 1396 2902 1449 τὸ
2936 1396 3137 1467 μηδενὶ,
3153 1396 3429 1469 γνώριμον
3459 1399 3701 1458 τὺνκαι-

2106 1490 2197 1561 ρὸν
2224 1490 2325 1560 τῆς
2353 1489 2660 1553 συντελείας
2686 1488 2970 1560 ὑπάρχειν.
3005 1514 3072 1527 --
3103 1487 3244 1541 Ἀλλ’
3276 1489 3404 1559 ὑμῖν
3431 1506 3516 1558 γε,
3543 1491 3695 1562 φησὶ,

2106 1583 2410 1652 φυλακτέον
2447 1582 2509 1635 τὸ
2537 1580 2787 1636 ἐντεῦθεν
2821 1581 3006 1652 βάρος,
3035 1581 3123 1633 ἵνα
3151 1581 3454 1652 δυνήσησθε
3487 1582 3697 1652 νήφειν,

2108 1675 2320 1745 μήποτε
2353 1676 2547 1744 ἐπιστῇ
2586 1672 2855 1741 αἰφνίδιος
2885 1673 2971 1739 ἐφ’
3021 1673 3167 1740 ὑμᾶς
3196 1673 3438 1744 ἡήμέρα
3475 1673 3660 1745 ἐκείνη
3681 1692 3696 1705 ·

415 1763 662 1818 scribens
704 1778 719 1816 :
759 1761 1011 1827 Fratres,
1043 1762 1209 1832 probe
1228 1762 1400 1827 scitis,
1439 1762 1581 1815 diem
1613 1761 1849 1822 Domini,
1882 1771 2001 1815 tan-

2115 1767 2235 1838 περὶ
2271 1761 2341 1837 ἧς
2396 1765 2493 1817 καὶ
2530 1765 2559 1816 ὁ
2594 1764 2737 1833 ἱερὸς
2775 1760 3099 1825 Ἀπόστολος
3154 1763 3389 1834 παρῄνει
3440 1762 3698 1834 γράφων·

417 1869 581 1924 quam
610 1853 782 1908 furem
804 1857 854 1908 in
877 1863 1052 1918 nocte,
1071 1863 1358 1910 venturam
1375 1856 1443 1909 '7.
1462 1854 1595 1909 Cum
1623 1869 1748 1909 vero
1763 1856 1999 1910 dixerint

418 1959 526 2016 pax
572 1955 631 2001 et
681 1949 971 2014 securitas,
1015 1957 1142 2001 tunc
1170 1948 1483 2017 repentinus
1522 1948 1602 2003 eis
1655 1950 2000 2016 superveniet

418 2041 694 2095 interitus.
740 2038 852 2093 Vos
882 2049 1064 2095 autem
1103 2040 1242 2093 haud
1291 2042 1587 2096 versamini
1637 2042 1691 2096 in
1735 2041 1998 2109 tenebris,

417 2128 495 2183 ita
517 2136 575 2182 ut
601 2144 697 2184 vos
728 2130 843 2183 dies
868 2128 960 2182 illa
993 2137 1250 2198 tanquam
1279 2127 1370 2183 fur
1394 2132 1820 2201 comprehendat
1843 2149 1857 2185 :
1883 2148 2001 2186 om—

417 2234 518 2276 nes
548 2221 693 2276 enim
730 2237 827 2276 vos
863 2221 956 2276 filii
983 2221 1120 2277 lueis
1139 2222 1295 2286 estis,
1319 2220 1524 2293 ﬁliique
1545 2223 1734 2278 ἀρίαν.
1767 2223 2001 2294 Vigilan-

417 2314 547 2371 dum
582 2324 667 2369 est
702 2315 866 2387 igitur
902 2330 1008 2371 non
1043 2315 1217 2371 solum
1252 2316 1323 2371 ob
1355 2317 1596 2372 subitum
1637 2327 1801 2390 atque
1846 2320 1999 2373 inex—

418 2416 722 2476 spectatum
760 2408 972 2464 Domini
1006 2410 1322 2478 adventum,
1350 2425 1538 2465 verum
1579 2411 1744 2467 etiam
1781 2421 2004 2482 propter

417 2498 560 2558 furis
592 2500 837 2555 insidias.
872 2500 982 2555 Fur
1026 2513 1204 2556 autem
1243 2502 1375 2556 hora
1422 2502 1686 2573 cujusque
1718 2504 2004 2558 mortualis

419 2593 762 2664 intelligitur,
798 2595 883 2649 vel
914 2596 1078 2649 etiam
1114 2596 1204 2651 ille
1226 2598 1319 2668 qui
1358 2597 1622 2667 cujusque
1644 2599 1880 2653 animam
1903 2614 2000 2654 ex—

419 2698 682 2755 cepturus
734 2696 820 2743 est
856 2688 1102 2758 angelus.
1158 2687 1297 2742 Tum
1357 2689 1449 2758 qui
1502 2689 1606 2744 sibi
1649 2692 2001 2756 attenderint,

422 2787 682 2848 tanquam
712 2793 908 2847 caprea
936 2779 1188 2848 laqueum
1219 2780 1490 2848 vitabunt,
1515 2781 1598 2835 vel
1629 2792 1688 2836 ut
1715 2784 1832 2839 avis
1856 2785 2006 2840 deci-

419 2870 606 2941 pulam
658 2889 674 2925 :
728 2871 823 2941 qui
877 2885 1005 2925 vero
1050 2872 1273 2941 crapula
1317 2875 1527 2943 gravati
1591 2874 1793 2930 {iuerint
1840 2888 2007 2947 atque

422 2964 479 3018 in
519 2974 748 3019 mortem
785 2963 1074 3034 consopiti,
1111 2964 1165 3018 in
1201 2964 1507 3035 periculum
1544 2966 1822 3037 inopinum
1872 2970 2007 3026 inci-

423 3054 573 3110 dent.

529 3320 577 3354 ⁷⁸
618 3320 840 3392 Vigilate
865 3324 1041 3394 itaque
1069 3324 1213 3379 omni
1245 3334 1475 3396 tempore
1502 3338 1730 3393 orantes,
1763 3339 1869 3387 etc.

496 3410 593 3468 His
619 3428 929 3469 consonans
954 3415 1245 3485 Apostolus
1273 3416 1455 3472 aiebat
1485 3436 1508 3470 :-
1535 3418 1822 3487 Propterea
1857 3422 2002 3476 acci-

421 3504 533 3570 pite
558 3516 888 3559 armaturam
912 3505 1039 3572 Dei,
1058 3518 1114 3560 ut
1130 3508 1343 3576 possitis
1376 3513 1617 3563 resistere
1646 3512 1701 3565 in
1723 3514 1809 3566 die
1840 3515 2001 3578 malo,

422 3609 472 3656 et
493 3597 551 3651 in
573 3599 814 3652 omnibus
834 3599 1052 3668 perfecti
1077 3611 1237 3656 stare.
1259 3600 1407 3657 State
1424 3617 1550 3674 ergo
1580 3605 1841 3660 succincti
1868 3606 2009 3661 lum-

425 3688 519 3745 bos
542 3701 736 3745 vestros
762 3691 817 3745 in
841 3694 1145 3748 veritate".

601 3869 649 3903 ”
667 3869 734 3924 Ut
761 3873 1085 3927 manducetis
1112 3883 1160 3928 et
1182 3873 1373 3929 bibatis
1413 3875 1471 3930 in
1492 3891 1673 3929 mensa
1697 3891 1833 3931 mea.

2118 1857 2395 1927 Ἀδελφοὶ,
2433 1857 2612 1910 οἴδατε
2660 1855 2927 1927 ἀκριϐῶς,
2959 1857 3039 1909 ὅτι
3069 1860 3103 1926 ή
3149 1856 3333 1926 ἡμέρα
3361 1856 3592 1925 Κυρίου,
3625 1857 3702 1920 ὼς

2106 1949 2348 2021 κλέπτης
2395 1951 2470 2003 ὲν·
2491 1949 2670 2011 νυκτὶ,
2708 1946 2883 2012 οὕτως
2924 1948 3162 2020 ἔρχεται.
3195 1948 3366 2000 Ὅταν
3394 1947 3452 2001 δὲ
3473 1948 3703 2002 εἴπωσιν

2105 2042 2294 2112 εἰρήνη
2321 2042 2417 2095 καὶ
2447 2040 2739 2109 ἀσφάλεια,
2774 2038 2897 2092 τότε
2919 2038 3180 2108 αἰφνίδιος
3202 2039 3385 2103 αὐτοῖς
3414 2040 3703 2108 ἐφίσταται

2105 2130 2343 2202 ὄλεθρος.
2390 2130 2578 2201 Ὑμεῖς
2607 2129 2663 2183 δὲ
2702 2128 2802 2182 οὐκ
2828 2128 2955 2181 ἐστὲ
3003 2128 3063 2180 ἐν
3115 2127 3317 2192 σκότει,
3354 2127 3443 2180 ἵνα
3473 2127 3620 2197 ὑμᾶς
3666 2129 3699 2197 ἡ

2107 2222 2290 2293 ἡμέρα
2318 2222 2394 2286 ὡς
2422 2221 2661 2293 κλέπτης
2687 2219 2971 2293 καταλάϐῃ
2989 2236 3001 2249 ·
3038 2220 3237 2283 πάντες
3268 2218 3379 2290 γὰρ
3407 2219 3571 2289 ὑμεῖς
3598 2220 3705 2273 υἱοὶ

2107 2316 2287 2386 φωτός
2319 2318 2445 2369 ἐστε
2477 2316 2572 2369 καὶ⁵
2603 2316 2713 2368 υἱοὶ
2744 2315 2979 2387 ἡμέρας.
3015 2314 3395 2385 Γρηγορητὲον
3427 2310 3521 2367 οὖν
3572 2314 3706 2385 ἡμῖν

2108 2406 2169 2459 οὐ
2205 2405 2364 2476 μόνον
2391 2404 2480 2457 διὰ
2510 2404 2615 2476 τὴν
2638 2404 2843 2475 ἀθρόαν
2901 2404 2998 2457 καὶ
3032 2404 3439 2477 ἀπροσδόκητον
3467 2405 3563 2459 τοῦ
3607 2409 3704 2459 Δε-

2111 2498 2308 2552 σπότου
2340 2497 2546 2568 ἄφιξιν,
2600 2498 2736 2551 ἀλλά
2772 2498 2867 2552 καὶ
2897 2498 2991 2551 διὰ·
3038 2498 3130 2551 τὸν
3175 2498 3415 2568 κλέπτην
3443 2499 3540 2553 τὸν
3581 2502 3706 2570 ἐφε-

2107 2590 2387 2663 δρεύοντα.
2423 2591 2482 2644 Ὀ
2507 2591 2565 2644 δὲ
2612 2590 2854 2660 κλέπτης
2887 2591 3036 2644 ἐστὶν
3062 2591 3091 2643 ό
3124 2590 3315 2661 καιρὸς
3340 2591 3444 2661 τῆς
3471 2592 3706 2647 ἑκάστου

2109 2680 2369 2751 τελευτῆς
2388 2697 2407 2711 ι
2439 2679 2472 2751 ἢ
2501 2681 2598 2734 καὶ
2623 2682 2652 2733 ὁ
2686 2678 3020 2752 μέλλωνιτὴν
3055 2679 3287 2733 ἑκάστου
3319 2679 3499 2752 ψυχὴν
3525 2698 3709 2753 παρα-

2111 2774 2411 2846 λαμϐάνειν
2472 2772 2726 2843 ἄγγελος.
2777 2773 2866 2837 Ὠς
2915 2772 3084 2842 παγὶς
3125 2770 3236 2844 γάρ
3277 2774 3311 2844 ή
3366 2772 3463 2826 τοῦ
3497 2774 3708 2845 Κυρίου

2112 2868 2392 2939 παρουσία
2423 2866 2777 2919 ἐπελεύσεται
2805 2865 2900 2918 ἐπὶ
2949 2864 3159 2927 πάντας
3179 2864 3308 2927 τοὺς
3331 2866 3391 2918 ὲν
3426 2866 3493 2936 τῇ
3522 2868 3626 2935 τῇ·
3654 2867 3709 2919 οι

2116 2959 2214 3030 μὲν
2234 2955 2328 3012 οὖν
2355 2958 2724 3034 ,προσέχοντες
2752 2959 2964 3021 ἑαυτοῖς
2994 2954 3276 3021 σώζονται,
3299 2954 3490 3027 ὥσπερ
3507 2956 3710 3026 δορκάς

2116 3052 2181 3104 ὲκ
2207 3050 2439 3122 βρόχων,
2468 3051 2563 3104 καὶ
2593 3049 2783 3122 ὥσπερ
2812 3049 3002 3120 ὄρνεον
3036 3049 3101 3101 ὲκ
3137 3047 3384 3117 παγίδος·
3434 3050 3485 3100 οἱ
3538 3047 3595 3100 δὲ
3637 3051 3707 3119 τῇ

2034 3126 2075 3183 C
2113 3142 2253 3217 μέθῃ
2280 3142 2664 3214 βεϐαρημένοι,
2692 3141 2787 3195 καὶ
2816 3142 2896 3204 εἰς
2925 3140 3155 3194 θάνατον
3181 3137 3579 3204 ύπνώττοντες,
3607 3140 3708 3192 ὲκ-

2107 3235 2397 3289 πίπτουσιν
2419 3238 2499 3299 είς
2523 3235 2786 3307 ἀδόκητον
2814 3233 3079 3288 κίνδυνον.

2119 3328 2495 3398 Ἀτρυπνεῖτε
2519 3325 2635 3382 οὖν
2654 3328 2725 3381 ἐν
2752 3327 2933 3393 παντὶ
2951 3325 3135 3395 καιρῷ
3159 3326 3455 3396 δεόμενοι,
3488 3340 3543 3379 κ.
3571 3342 3623 3378 τ.
3655 3323 3709 3379 λ.

2181 3420 2407 3486 Τούτοις
2435 3420 2677 3492 συνᾴδων
2708 3422 2738 3474 ό
2776 3419 3104 3483 Ἀπόστολος
3137 3419 3290 3488 ἔλεγε
3316 3437 3331 3450 -
3382 3416 3491 3471 Διὰ
3529 3415 3714 3471 τοῦτο

2108 3513 2438 3568 ἀναλάϐετε
2452 3513 2568 3581 τὴν
2587 3512 2938 3567 πανοπλίαν
2955 3511 3062 3566 τοῦ
3082 3510 3252 3575 θεοῦ,
3278 3510 3387 3563 ἵνα
3400 3509 3558 3575 δυνη
3566 3506 3715 3577 θῆτε

2109 3603 2470 3673 ἀντιστῆναι
2506 3604 2579 3656 ἐν
2606 3602 2683 3672 τῇ
2707 3603 2899 3671 ἡμέρᾳ
2931 3601 3008 3672 τῇ
3040 3598 3295 3669 πονηρᾷ,
3340 3600 3439 3654 καὶ
3470 3600 3727 3654 ἅπαντα.

2109 3694 2615 3766 κατεργασάμενοι
2642 3694 2886 3763 στῆναι.
2926 3694 3116 3764 Στῆτε
3147 3689 3263 3750 οὖν
3303 3690 3713 3762 περιζωσάμε-

2110 3806 2206 3843 νοι
2229 3788 2344 3856 τὴν
2366 3788 2570 3857 ὀσφὺν
2595 3787 2766 3857 ὑμῶν
2800 3788 2873 3842 ἐν
2901 3788 3176 3856 ἀληθείᾳ.

2115 3882 2239 3936 Ἵνα
2252 3881 2506 3952 ,ἐσθίητε
2558 3880 2660 3935 καὶ
2693 3882 2908 3949 πίνητε
2948 3880 3047 3934 ἐπὶ
3080 3879 3193 3947 τῆς
3216 3878 3515 3948 τραπέζης
3561 3896 3710 3948 μου.

310 4427 319 4440 “
428 4422 690 4494 germinis
719 4425 845 4480 vitis
876 4441 1018 4482 verte
1052 4444 1084 4487 ,ε
1139 4430 1461 4497 propinante
1498 4430 1615 4498 ipso
1644 4430 2005 4500 agricolarum

494 3963 781 4033 Signiﬁcat
802 3964 1011 4033 plenam
1040 3967 1301 4021 bonorum
1323 3980 1590 4030 mensam,
1609 3965 1762 4035 cujus
1787 3968 2001 4035 partici-

2189 3973 2458 4026 Τοιούτων
2491 3971 2646 4027 ἔσται
2693 3972 2910 4044 πλήρης
2959 3972 3181 4041 ἀγαθῶν
3219 3972 3497 4044 τράπεζα,
3521 3966 3715 4044 ἦςμεν-

425 4069 523 4125 pes
558 4065 718 4109 erunt
746 4054 781 4108 ii
808 4056 1130 4125 quibuscum
1170 4058 1350 4114 foedus
1398 4059 1514 4123 icit,
1549 4070 1836 4126 propterea
1866 4062 2001 4128 quod

2115 4065 2446 4136 ταλήψονται
2478 4061 2563 4130 οἷς
2598 4066 2700 4139 τὴν
2722 4064 3001 4138 Διαθήκην
3024 4065 3231 4119 διέθετο
3255 4065 3345 4119 διὰ
3368 4065 3431 4118 τὸ
3464 4081 3715 4137 μεμενη-

426 4160 611 4203 secum
637 4148 1038 4217 permanserint
1068 4149 1121 4201 in
1157 4150 1567 4205 tentationibus.
1598 4151 1675 4204 Ex
1700 4149 1818 4218 ejus
1847 4151 2001 4220 igitur

2115 4157 2269 4211 κέναι
2304 4158 2419 4229 μετ’
2462 4158 2631 4212 αὐτοῦ
2687 4160 2747 4213 ὲν
2777 4162 2893 4223 τοῖς
2926 4161 3256 4230 πειρασμοῖς
3279 4176 3294 4191 ο
3340 4159 3431 4212 ἵνα
3482 4157 3721 4211 ὲσθίωσι

430 4252 618 4294 mensa
649 4238 1051 4293 manducabuut
1082 4250 1139 4294 et
1173 4241 1353 4296 bibent
1381 4258 1397 4307 ;
1443 4257 1583 4311 pane
1618 4242 1871 4298 videlicet
1897 4258 2001 4299 Cte-

2117 4249 2213 4303 καὶ
2246 4250 2444 4303 πίωσιν
2476 4252 2569 4303 ἐπὶ
2621 4254 2720 4321 τῆς
2743 4250 3032 4322 τραπέζης·
3058 4249 3257 4303 αὐτοῦ’
3283 4250 3435 4324 ἄρτῳ
3473 4251 3577 4321 μὲν
3611 4250 3715 4303 οὺ-

427 4329 551 4385 lesti
589 4330 891 4385 animarum
939 4332 1208 4387 nutritore
1248 4336 1426 4402 pasti;
1464 4335 1685 4405 polique
1735 4335 1861 4391 vino
1888 4336 2001 4391 novi

2119 4341 2289 4413 ρανίῳ
2310 4341 2497 4413 ψυχῶν
2532 4343 2705 4412 ἁγίων
2739 4342 3049 4415 θρεπικῶς
3084 4344 3516 4415 τραφησόμενοι,
3562 4342 3715 4396 οἴνου

2044 4469 2089 4524 υ
2115 4434 2174 4487 δὲ
2228 4435 2323 4488 τοῦ
2375 4436 2562 4489 καινοῦ
2615 4439 2955 4508 γεννήματος
2987 4436 3089 4505 τῆς
3144 4434 3410 4506 ἀληθινῆς
3454 4435 3714 4506 ἀμπέλου

2130 4526 2567 4598 μεταληψόμενοι
2591 4546 2606 4559 ο
2637 4529 2893 4600 ἢν-αὺτὺς
2924 4527 3090 4581 ὁτῶν
3115 4527 3253 4580 ὅλων
3280 4526 3413 4590 Θεὸς
3443 4527 3716 4598 γεωργῶν

2116 4618 2180 4672 τὸ
2200 4619 2383 4673 καινὸν
2405 4618 2463 4686 ἐξ
2494 4617 2667 4690 αὐτῆς
2700 4619 2945 4691 γέννημα
2966 4622 3082 4683 τοῖς
3111 4618 3233 4672 τότε
3264 4618 3438 4683 ἀξίοις
3456 4618 3710 4689 παρέξει.

2129 4728 2185 4781 '0
2214 4727 2285 4782 δὲ
2312 4730 2629 4797 ἠρνήσατο
2654 4730 2875 4820 αὐτόνη
3118 4747 3132 4761 ο
3180 4730 3394 4795 Γύναι,
3423 4732 3538 4784 οὐκ
3576 4724 3713 4784 οἶδα

2806 4818 2921 4853 αυτ
2958 4819 3016 4853 ν.

2806 4818 3016 4855 αυτον.

2188 4891 2330 4962 Ὅρα
2375 4891 2433 4948 δὲ
2469 4892 2531 4945 τὸ
2571 4890 2862 4962 φιλάληθες
2894 4890 2989 4945 τοῦ
3032 4890 3445 4959 εὐαγγελιστοῦ,
3475 4891 3597 4955 πῶς
3648 4894 3711 4945 οὐ

431 4974 705 5045 quomodo
747 4973 912 5030 Petro
955 4976 1096 5031 haud
1134 4977 1489 5046 gratiﬁcetur,
1524 4981 1617 5036 sed
1648 4980 1854 5049 lapsum
1894 4983 2001 5049 ejus

2118 4983 2540 5055 καταχαρίζεται
2578 4983 2656 5054 τῷ
2702 4985 2916 5056 Πέτρῳ,
2945 4984 3081 5038 ἀλλὰ
3125 4983 3187 5036 τὸ
3239 4982 3412 5045 πάθος
3438 4983 3607 5036 αὐτοῦ
3637 4984 3714 5047 ὡς

432 5064 663 5118 candide
696 5073 934 5118 enarret.
964 5063 1223 5120 Videlicet
1253 5068 1395 5136 quod
1427 5069 1605 5123 caeteri
1638 5071 1899 5139 magistro
1924 5075 2001 5127 de

2117 5075 2229 5146 ἔχει
2255 5077 2541 5146 διηγεῖται,
2571 5079 2653 5132 ὅτι
2680 5079 2730 5130 οἱ
2768 5078 2867 5148 μὲν
2894 5077 3045 5132 ἄλλοι
3089 5074 3450 5138 ἀπολιπόντες
3497 5076 3594 5129 τὸν
3635 5077 3714 5129 δι-

433 5164 580 5213 serto
611 5154 942 5224 diﬂugerinl,
976 5156 1066 5211 ille
1090 5167 1269 5213 autem
1306 5161 1561 5215 omnibus
1592 5161 1659 5214 iis
1690 5165 2001 5231 praepositus

2121 5167 2388 5221 δάσκαλον
2425 5168 2649 5240 ᾤχοντο,
2683 5172 2712 5224 ὁ
2763 5170 2821 5222 δὲ
2878 5169 3096 5227 πάντων
3129 5168 3311 5223 αὐτῶν
3339 5170 3714 5241 προκεκριμέ-

435 5245 711 5314 apostolus
733 5258 895 5318 atque
916 5250 1337 5321 discipulus,ille
1365 5254 1619 5325 inclytus,
1651 5255 1889 5323 inquam,
1915 5256 2001 5312 Pe-

2122 5276 2211 5322 νος
2240 5260 2538 5324 άπόστολός
2570 5279 2631 5314 τε
2662 5262 2758 5315 καὶ
2788 5260 3058 5332 μαθητὴς,
3099 5261 3499 5324 αὐτὸς-ἐκεῖνος
3526 5263 3557 5314 ὁ
3578 5260 3712 5330 βοώ-

437 5346 573 5403 trus,
603 5341 790 5408 procul
814 5344 1146 5424 cruciatibus
1174 5355 1229 5401 et
1254 5348 1667 5418 magistratuum
1698 5349 1880 5414 minis,
1932 5359 2001 5405 tet

2125 5368 2283 5421 μενος
2298 5352 2522 5423 Πέτρος,
2543 5352 2790 5422 βασάνων
2813 5352 2970 5416 ἐκτὸς
2986 5353 3080 5405 καὶ
3101 5350 3432 5422 ἁρχοντικῆς
3458 5351 3711 5420 ἀπειλῆς,

436 5424 712 5484 Christum
743 5436 1043 5502 negaverit.

2120 5442 2303 5513 τρίτον
2331 5445 2494 5499 αὐτὸν
2524 5443 2839 5516 ἐξωμόσατο
2869 5445 3004 5515 (75).

507 5517 554 5599 το
586 5517 715 5575 Luc.
758 5537 870 5589 xxi,
898 5524 989 5580 51.
1064 5528 1108 5560 ⁷⁷
1135 5528 1153 5583 Ι
1177 5527 1368 5586 Thess.
1396 5544 1450 5595 v,
1487 5530 1542 5585 2.
1617 5533 1691 5564 ⁷⁷⁸
1730 5530 1863 5587 ibid-
1899 5532 2001 5600 4.5

438 5585 480 5619 "
515 5586 644 5645 ibid.
672 5588 763 5643 57.

2115 5532 2150 5565 ’⁸
2178 5534 2310 5590 Luc.
2352 5553 2469 5602 nt,
2500 5538 2588 5594 56.
2666 5540 2711 5571 ⁷⁸
2747 5538 2948 5608 Ephes.
2980 5535 3149 5603 \'t,l3.
3225 5534 3271 5566 ⁸⁰
3303 5534 3431 5589 Luc.
3458 5551 3595 5601 nu,
3621 5534 3706 5588 30.

646 5683 1029 5823 Sagarinum
1070 5694 1171 5750 hoc
1207 5702 1477 5765 sumptum
1534 5696 1745 5753 videtur
1807 5695 2300 5771 ethangsam‘a,
2349 5702 2444 5760 lib.
2497 5717 2551 5773 ν,
2586 5701 2676 5757 to.
2709 5700 2785 5759 lbi
2838 5711 3017 5760 tamen
3064 5701 3330 5760 Eusebius
3376 5700 3709 5757 vcrsaturiu

427 4516 671 4570 omnium
702 4516 828 4581 Deo,
858 4518 950 4588 qui
988 4520 1257 4576 novellum
1291 4537 1354 4576 ex
1389 4523 1505 4592 ipsa
1534 4521 1770 4577 fructum
1802 4522 1888 4579 his
1923 4524 2013 4594 qui

432 4615 564 4663 tunc
596 4609 742 4679 digni
775 4622 956 4679 erunt,
989 4614 1289 4670 exhibebit.

710 4720 757 4757 "-
784 4722 850 4775 At
878 4722 966 4777 ille
1009 4726 1213 4793 negavit
1251 4726 1431 4809 dicens
1465 4742 1485 4781 :
1515 4726 1731 4796 Mulier,

1006 4811 1110 4849 non
1150 4812 1267 4850 ηουι
1296 4813 1436 4854 eum.

505 4881 717 4939 Videsis
765 4895 1099 4955 quantopere
1130 4890 1344 4944 veritati
1382 4889 1599 4945 studeat
1641 4891 2008 4963 evangelista;
