3858 6214
221 298 334 360 605

763 495 1271 562 ἀστραπτούσαις.

294 586 489 657 Χαρᾶς
526 586 620 639 καὶ
670 586 907 653 γέλωτος
961 591 1165 657 σημεῖα
1198 587 1560 659 γνωρίσματά
1612 606 1672 642 τε
1714 590 1813 660 τῆς

224 677 498 749 σωτηρίου
541 679 890 741 ἀναστάσεως
937 677 1067 750 ὁρᾷν
1099 678 1427 749 παρέχονται
1454 682 1545 733 καὶ
1588 680 1676 733 διά
1716 683 1814 753 τῆς

220 769 430 839 λευκῆς
453 767 767 842 περιϐολῆς,
809 768 949 821 ὥστε
986 769 1080 822 καὶ
1107 769 1214 822 ἀπὸ
1242 768 1336 822 τοῦ
1364 772 1636 841 σχήματος
1670 789 1803 843 cutt-

220 861 411 916 ϐαλεῖν
441 859 543 924 τὰς
574 864 837 929 γυναῖκας
875 862 936 915 τὸ
980 861 1202 932 φαιδρὸν
1237 861 1338 930 τῆς
1372 861 1663 933 ἐγέρσεως,
1716 865 1812 918 καὶ

216 954 328 1023 τῆς
354 953 448 1007 τοῦ
478 954 669 1024 Πάσχα
702 953 897 1025 ἑορτῆς
926 954 1021 1007 σὺν
1049 956 1162 1016 τοῖς
1194 952 1536 1024 λευχείμοσιν
1560 955 1815 1024 ἀγγέλοις

222 1045 600 1117 ἀπάρξασθαι.
658 1045 899 1115 Μωῡσῆς
935 1045 1033 1116 μὲν
1075 1045 1182 1117 γὰρ
1235 1045 1447 1116 πληγὰς
1497 1047 1809 1115 Αἰγυπτίων

225 1138 441 1208 μέλλων
463 1139 824 1192 διακονεῖσθαι
856 1138 1203 1209 καταλλήλως
1233 1139 1291 1190 ἐν
1314 1138 1472 1207 φλογὶ
1512 1139 1685 1211 πυρὸς
1716 1139 1808 1193 τὸν

222 1227 321 1280 ἐπὶ
345 1227 449 1297 τῆς
495 1226 658 1297 βάτου
706 1226 933 1296 ἄγγελον
959 1225 1134 1298 έώρα’
1168 1228 1203 1279 ὁ
1227 1227 1272 1280 δ’
1314 1227 1481 1291 αὐτὸς
1517 1228 1808 1299 μοχθηροῖς

216 1317 452 1388 ἀνδράσι
475 1317 800 1389 νομοθετῶν,
834 1317 946 1388 πῦρ
972 1319 1367 1373 καταναλίσκον
1395 1319 1488 1372 τὸν
1514 1319 1646 1373 Θεὸν
1670 1316 1806 1373 εἶναι

218 1405 432 1475 ἔλεγεν,
482 1407 862 1476 τιμωρητικὸν
901 1407 1000 1459 καὶ
1051 1407 1316 1479 κολαστὴν
1363 1410 1557 1472 αὐτοῖς
1586 1408 1805 1462 ἔσεσθαι

216 1497 390 1551 αὐτὸν
415 1496 809 1566 αἰνιττόμενος*
842 1496 923 1549 διὸ
956 1497 1049 1549 καὶ
1099 1500 1157 1550 ὲν
1190 1497 1365 1568 στόλῳ
1405 1498 1576 1569 πυρὸς
1622 1500 1807 1569 ἠγεῖτο

220 1587 411 1642 αὐτῶν
443 1590 471 1641 ὁ
493 1588 646 1651 Θεός.
678 1586 836 1641 Οὕτω
867 1590 979 1651 τοῖς
1022 1588 1244 1642 ἀσεϐέσι
1269 1584 1521 1658 γενέσθαι
1550 1591 1677 1655 τοὺς
1705 1593 1805 1661 ἀγ-

216 1682 418 1752 γέλους
442 1681 616 1752 πυρὸς
645 1681 816 1751 φλόγα
841 1678 1076 1746 ἐδίδαξεν
1104 1679 1272 1735 είπὼν
1291 1700 1304 1712 ο
1354 1682 1408 1734 Ὁ
1438 1682 1625 1737 ποιῶν
1658 1684 1804 1750 τοὺς

1259 305 1745 362 ΠιΑοιιιΕκτωί
1800 306 1869 362 1N
1911 306 2129 365 EPIST.
2164 309 2254 363 AD
2290 274 2503 366 uta-un.

219 422 345 479 Δύο
386 421 604 492 ἄνδρες
668 422 1020 490 ἐπέστησαν
1087 425 1298 492 αὐταῖς
1344 427 1415 480 ἐν
1474 426 1810 494 ἐσθήσεσιν
1838 428 1907 491 Α(

3379 301 3491 371 σοι’

2122 429 2302 483 “Duo
2332 432 2432 483 viri
2463 439 2714 568 slelefrulnt
2744 447 2891 512 secus
2909 429 3029 486 illas
3056 431 3113 486 in
3147 439 3286 486 veste

2609 517 2642 552 ιι
2666 511 2823 568 genlt.

2609 511 2823 568 utgenlt.

1988 588 2208 643 Laetitia:
2230 587 2531 659 ‘gaudiique
2556 588 2730 655 signa,
2772 599 2826 642 et
2857 588 3163 643 Servaloris
3196 605 3485 661 resurgen-

1912 680 1984 733 tis
2019 679 2215 732 indicia
2253 680 2461 733 obtutui
2491 677 2748 732 exhibent
2774 677 3004 731 vestium
3032 680 3285 744 candore,
3324 679 3397 733 ita
3423 686 3484 733 ut

1911 784 1980 823 ex
2002 768 2187 823 habitu
2218 783 2434 838 quoque
2456 770 2827 834 coniectarent
2851 767 3106 822 mulieres
3129 769 3485 825 resurrectio-

1913 863 1998 916 nis
2024 862 2377 925 hilaritatem,
2410 860 2795 928 Paschalisque
2824 859 2949 913 festi
2991 875 3114 914 cum
3149 860 3343 915 albatis
3382 877 3485 916 an-

1911 953 2044 1023 gelis
2091 952 2327 1007 initium.
2379 953 2591 1023 Moyses
2614 962 2802 1005 contra
2836 950 3487 1023 Egyptiacarumplaga—

1914 1059 2031 1097 rum
2061 1043 2275 1097 futurus
2304 1042 2578 1108 minister,
2615 1043 2668 1095 in
2698 1042 2912 1096 ﬂamma
2952 1043 3096 1113 ignis
3125 1043 3374 1113 angelum
3400 1046 3486 1098 in-

1913 1143 1994 1186 tra
2026 1133 2217 1187 rubum
2249 1143 2554 1189 versantem
2583 1134 2926 1203 spectavit”.
2974 1133 3118 1188 Idem
3174 1134 3356 1202 pravis
3385 1136 3486 1189 ho—
3590 1156 3596 1164 τ

1912 1225 2151 1281 minibus
2199 1224 2370 1294 legem
2406 1227 2672 1289 scribens,
2712 1227 2878 1280 Deum
2908 1226 3225 1296 fappellabat
3261 1226 3484 1281 edacem

1912 1316 2109 1386 ignem,
2140 1318 2443 1386 punitorem
2476 1333 2540 1372 ac
2571 1318 2837 1372 vindicem
2868 1319 2997 1386 ipsis
3021 1318 3138 1372 fore
3164 1319 3393 1374 innuens
3411 1316 3482 1374 “.

1908 1411 2091 1473 Quare
2130 1408 2183 1461 in
2229 1409 2380 1476 ignea
2415 1410 2663 1464 columna
2710 1411 3049 1478 praecedebat
3089 1410 3210 1465 illos
3253 1411 3393 1465 Deus
3411 1410 3482 1465 ⁸³.

1908 1500 2001 1555 Sic
2034 1500 2194 1555 etiam
2224 1501 2404 1570 impiis
2446 1502 2559 1556 fore
2611 1501 2830 1571 angelos
2857 1503 3010 1572 quasi
3047 1503 3184 1572 ignis
3209 1501 3484 1558 ﬂammam

1907 1590 2301 1645 demonstravit
2336 1591 2558 1645 dicens:
2590 1591 2694 1656 Qui
2732 1592 2857 1660 facit
2881 1592 3150 1646 ministros
3179 1608 3302 1646 suos
3321 1594 3482 1662 ﬂam-

1905 1698 2045 1737 mam
2074 1683 2211 1753 ignis
2231 1682 2299 1737 ⁸⁸.
2337 1683 2442 1737 Sed
2481 1699 2589 1737 non
2625 1686 2725 1738 hac
2755 1685 2938 1753 specie
2972 1685 3225 1738 viderunt
3262 1684 3485 1755 angelos

214 1770 613 1840 λειτουργοὺς
660 1770 846 1823 αὑτοῦ
876 1770 1068 1838 πυρὸς
1095 1771 1311 1839 φλόγα.
1355 1770 1494 1824 Ἀλλ’
1524 1772 1585 1824 οὐ
1631 1771 1807 1825 τοιού-

1913 1771 1963 1826 in
1989 1780 2345 1826 monumento
2381 1772 2659 1839 mulieres,
2693 1774 2787 1828 Sed
2817 1773 3016 1828 hilares
3039 1783 3206 1842 atque
3233 1787 3484 1838 serenos,

214 1881 349 1928 τους
397 1866 454 1917 αἱ
507 1866 764 1932 γυναῖκες
790 1864 917 1927 τοὺς
946 1862 1075 1916 εἴσω
1124 1862 1220 1916 τοῦ
1275 1864 1557 1935 μνήματος
1593 1864 1799 1937 ἐώρων,

213 1955 491 2026 γαληνοὺς
516 1955 573 2008 δέ
606 1972 759 2018 τινας
783 1955 877 2008 καῖ
904 1954 1179 2025 φαιδροὺς,
1205 1954 1349 2017 οἴους
1377 1956 1543 2029 ἐχρῆν
1573 1958 1664 2010 ἐπὶ
1699 1959 1802 2010 Δεο-

222 2046 429 2101 σπότου
453 2047 596 2118 χαρᾷ
630 2045 725 2099 καὶ
758 2045 1002 2117 βασιλείᾳ
1030 2045 1331 2115 φαίνεσθαι.
1372 2047 1494 2099 Ἐπὶ
1548 2048 1645 2119 μὲν
1692 2048 1802 2121 γάρ

212 2138 302 2209 τῷ
327 2137 491 2191 πάθει
521 2137 616 2190 τοῦ
649 2137 902 2207 Σωτῆρος
930 2139 959 2190 δ
981 2136 1130 2207 ἥλιος
1162 2136 1395 2202 ἐξέλιπε,
1427 2138 1616 2202 σκότος
1642 2157 1801 2212 περι-

191 2229 404 2283 νὸαλὼν
424 2229 503 2301 τῷ
531 2232 713 2293 παντὶ,
743 2229 955 2300 θρήνων
980 2246 1040 2282 τε
1069 2230 1161 2282 καὶ
1184 2228 1413 2292 πένθους
1434 2230 1677 2301 σύμϐολα
1690 2234 1803 2296 τοῖς

218 2319 519 2392 σταυροῦσι
547 2320 639 2372 τὸν
670 2319 795 2371 Υίὸν
815 2318 909 2372 τοῦ
932 2318 1073 2372 Θεοῦ
1101 2318 1314 2383 δεικνύς
1339 2337 1352 2348 ·
1385 2321 1480 2373 καὶ
1500 2320 1673 2383 οὐδεὶς
1705 2322 1803 2391 μὲν

218 2412 476 2482 ἐφαίνετο
513 2412 622 2464 τῶν
665 2410 912 2480 ἀγγέλων
956 2410 1016 2463 τὸ
1048 2409 1352 2482 τηνικαῦτα
1387 2412 1464 2476 ὡς
1503 2413 1649 2475 εἰκὸς
1693 2416 1803 2477 τοῖς

223 2501 732 2574 μαθηταῖς,ὁμοίως
752 2503 848 2556 καὶ
875 2501 1052 2555 αὐτῶν
1072 2496 1174 2555 ὧδε
1207 2503 1371 2556 κάκεῖ
1394 2503 1804 2558 διασκεδασθέν-

215 2610 352 2647 των.
378 2594 442 2646 Ei
479 2593 525 2647 δ’
558 2595 667 2665 ἄρα
715 2595 809 2647 καὶ
851 2594 1087 2665 ὀφθῆναί
1122 2612 1245 2648 τινα
1287 2596 1474 2670 ἐχρῆν,
1504 2596 1647 2665 τάχα
1697 2613 1802 2649 που

214 2685 325 2758 τὴν
370 2686 618 2739 ἐναντίαν
647 2689 761 2750 τοῖς
792 2686 1132 2758 λευχείμοσιν
1181 2686 1488 2759 ἀνθρώποις
1535 2688 1634 2759 τὴν
1675 2691 1806 2742 ἀνα-

218 2776 418 2849 στολὴν
462 2777 803 2841 ἀνεδείξατο·
844 2778 1041 2832 αὐτίκα
1092 2779 1225 2848 γοῦν
1269 2780 1364 2832 ἐπὶ
1394 2780 1474 2850 τῷ
1520 2780 1681 2834 πάθει
1708 2781 1805 2853 οὐχ

217 2868 376 2939 ἥλιος
410 2868 568 2940 μόνον
610 2870 926 2936 ἐσκότασεν,
959 2869 1096 2923 ἀλλά
1122 2870 1218 2924 καὶ
1253 2871 1282 2923 ὁ
1308 2870 1498 2941 Σωτὴρ
1526 2874 1677 2941 φωνῇ
1710 2887 1807 2942 με·-

219 2961 370 3035 γάλῃ
391 2961 600 3033 κράξας
619 2961 798 3032 ἀφῆκε
822 2960 884 3015 τὸ
916 2960 1150 3033 πνεῦμα,
1181 2961 1243 3014 τὺ
1293 2963 1690 3035 καταπέτασμα
1709 2963 1803 3018 τοῦ⁴

1906 1862 2207 1929 cujusmodi
2231 1878 2326 1918 eos
2349 1863 2518 1917 videri
2550 1865 2837 1932 Oportebat
2871 1865 2922 1917 in
2965 1864 3176 1918 Domini
3207 1865 3403 1932 gaudio
3428 1872 3485 1919 et

1903 1969 2089 2025 regno.
2115 1954 2170 2009 In
2196 1953 2502 2009 Servatoris
2529 1954 2748 2022 quidem
2787 1955 2934 2009 obitu
2969 1954 3049 2008 sol
3083 1954 3304 2018 defecit,
3336 1964 3486 2008 tene-

1902 2046 2015 2100 brae
2046 2045 2286 2114 undique
2320 2059 2380 2099 se
2404 2045 2769 2109 intendentes.
2817 2044 3178 2099 lamentorum
3218 2054 3274 2098 et
3308 2044 3486 2098 luctus

1903 2136 2143 2206 symbola
2183 2135 2629 2206 cruciﬁgentibus
2656 2137 2855 2191 Filium
2890 2136 2984 2190 Dei
3018 2136 3483 2190 demonstrarunt.

1903 2229 2194 2299 Nullusqne
2223 2246 2289 2286 eo
2320 2239 2565 2299 tempore
2606 2230 2827 2299 angelus
2853 2228 3168 2299 apparuisse
3195 2226 3476 2296 discipulis

1905 2320 2136 2386 videtur,
2173 2321 2306 2389 ipsis
2335 2335 2552 2389 quoque
2591 2322 2693 2375 hac
2736 2321 2860 2374 illac
2897 2318 3238 2388 dispersione
3284 2319 3485 2373 distra-

1904 2415 2029 2468 ctis.
2065 2414 2219 2480 Quod
2254 2414 2298 2467 si
2333 2429 2494 2483 quem
2529 2428 2792 2482 apparere
2840 2427 2979 2482 opus
3019 2410 3227 2474 fuisset,
3264 2418 3487 2465 contra-

1904 2505 2064 2568 riam,
2094 2515 2154 2559 ut
2189 2506 2444 2570 arbitror,
2471 2505 2665 2560 albatis
2699 2504 3014 2559 hominibus
3053 2510 3259 2558 vestem
3285 2515 3398 2573 prae
3423 2516 3490 2557 se

1907 2595 2175 2650 tulissent.
2209 2594 2328 2649 Iam
2354 2596 2612 2665 primum,
2640 2595 2694 2649 in
2719 2595 2969 2663 passione
3007 2608 3115 2648 non
3137 2593 3218 2648 sol
3241 2603 3486 2647 tantum-

1907 2691 2066 2741 modo
2099 2688 2422 2742 obscuratus
2448 2697 2554 2752 est,
2597 2688 2692 2742 sed
2741 2694 2797 2742 et
2833 2686 3094 2741 Servator
3130 2699 3324 2755 magna
3348 2695 3488 2737 voca

1906 2779 2218 2834 exclamans
2252 2780 2504 2847 spiritum
2533 2778 2736 2845 emisit,
2778 2777 2960 2847 templi
3005 2777 3180 2833 velum
3229 2775 3485 2832 bifariam

1907 2872 2162 2937 scissum,
2209 2872 2340 2942 ipsis
2371 2873 2756 2942 propemodum
2784 2870 3048 2940 dispersis
3090 2869 3183 2940 qui
3226 2867 3490 2938 templum

1910 2963 2219 3018 incolebant
2238 2962 2469 3030 angelis,
2501 2962 2594 3032 qui
2624 2971 2680 3017 et
2711 2960 2839 3016 illud
2867 2961 3239 3016 venerandum
3272 2968 3486 3015 textum

220 3053 356 3108 ναοῦ
388 3052 612 3125 ἐσχίσθη
637 3055 716 3117 είς
739 3053 851 3113 δύο,
882 3054 1165 3125 μονονουχὶ
1189 3055 1676 3127 περιρῤηξαμένων
1712 3058 1808 3109 καὶ

1913 3055 2207 3119 sciderunt,
2246 3061 2304 3106 ut
2340 3053 2514 3108 nudus
2552 3069 2617 3108 ac
2674 3056 2922 3107 desertus
2964 3051 3205 3122 ipsorum
3237 3050 3491 3106 custodia

221 3145 410 3201 αὐτῶν
427 3123 535 3200 τῶν
564 3123 732 3199 πάλαι
749 3146 812 3198 τὸ
847 3123 989 3217 ἱερὸν
1030 3123 1379 3201 ἐνοικούντων
1400 3123 1669 3216 ἀγγέλων,
1705 3164 1805 3207 πε-

1913 3144 2133 3198 relictus
2161 3143 2250 3199 ille
2280 3158 2604 3199 arcanarum
2655 3152 2818 3213 atque
2862 3143 3260 3198 inaccessarum
3301 3155 3485 3196 rerum

225 3235 608 3307 ριρῤηξάντων
627 3252 688 3289 τε
730 3236 789 3289 τὸ
835 3235 1031 3306 σεμνὸν
1078 3233 1328 3306 ὕφασμα,
1359 3235 1435 3298 ὡς
1471 3236 1556 3301 ἂν,
1600 3236 1806 3307 γυμνὸς

221 3327 323 3380 καὶ
352 3326 559 3398 ἔρημος
579 3325 929 3396 ἀπολειφθεὶς
972 3327 1073 3398 τῆς
1107 3328 1284 3382 αὐτῶν
1324 3330 1588 3399 φρουρᾶς,
1628 3329 1667 3381 ὁ-
1696 3328 1806 3382 τῶν

222 3419 447 3474 ἀϐάτων
473 3422 567 3473 καὶ
591 3421 800 3474 ἀδύτων
819 3422 1006 3487 τόπος,
1040 3422 1257 3494 ἕτοιμος
1280 3423 1374 3493 ὲχθ
1385 3426 1495 3494 ροίς
1521 3422 1616 3476 καὶ
1648 3422 1809 3476 πολε-

226 3512 375 3581 μίοις
426 3513 750 3585 κατασταίη.
792 3514 953 3568 Ἀλλά
1002 3514 1177 3570 ταῦτα
1221 3517 1319 3586 μὲν
1363 3518 1456 3569 ἐπὶ
1500 3516 1579 3588 τῷ
1643 3516 1805 3570 πάθει

224 3600 540 3655 συνέϐαινεν
560 3619 574 3633 ο
608 3602 702 3654 ἐπὶ
745 3602 803 3657 δὲ
830 3605 899 3675 τῇ
934 3605 1188 3677 σωτηρίῳ
1211 3605 1524 3669 ἀναστάσει,
1547 3607 1624 3670 ὡς
1663 3607 1813 3678 ζωῆς

223 3683 451 3751 ἄγγελοι
497 3686 594 3739 καὶ
630 3686 730 3756 τῆς
755 3687 1102 3752 ἀναστάσεως
1131 3690 1391 3760 κήρυκες,
1415 3689 1508 3742 τὸν
1540 3690 1705 3744 τόπον
1745 3684 1811 3745 οὗ

224 3766 408 3823 ἔκειτο
432 3768 495 3819 τὸ
518 3768 678 3840 σῶμα
704 3774 1006 3843 περιεῖπον,
1045 3771 1106 3836 ἐξ
1137 3774 1306 3845 αὐτῆς
1333 3773 1523 3846 ὥσπερ
1565 3776 1687 3846 τῆς-
1710 3777 1809 3829 ὲπ-

224 3858 378 3929 αφῆς
403 3860 496 3914 τοῦ
522 3861 688 3915 τόπου
735 3862 1043 3935 ἁγιωσύνης
1073 3866 1378 3936 κρείττονος
1409 3867 1442 3936 ἢ
1466 3866 1587 3920 κατ’
1614 3868 1811 3936 αὐτοὺς

230 3952 618 4022 μετασχόντες,
641 3955 737 4008 καὶ
774 3955 875 4025 τῆς
898 3935 1246 4021 ἀναστάσεως
1289 3948 1453 4014 αὐτοῦ
1496 3935 1817 4013 κοινωνοῦν-ς

1910 3234 2082 3301 locus,
2127 3234 2569 3304 belligerantibus
2598 3235 2842 3290 hostibus
2870 3234 3090 3305 pervius
3109 3241 3336 3302 pateret.
3377 3231 3487 3287 Sed

1911 3325 2028 3381 haec
2049 3325 2266 3396 quidem
2297 3325 2570 3396 passionis
2598 3334 2843 3395 tempore
2875 3325 3240 3395 contigerunt.
3263 3322 3488 3378 Verum-

1911 3426 2089 3471 tamen
2120 3415 2412 3472 Servatore
2444 3425 2782 3486 resurgente,
2823 3430 2921 3470 ceu
2946 3416 3068 3470 vita:
3090 3416 3287 3478 nuntii,
3317 3422 3375 3469 et
3399 3428 3493 3469 re-

1909 3505 2268 3561 surrectionis
2297 3520 2597 3575 praecones,
2646 3505 2824 3560 locum
2865 3505 2956 3560 ubi
3009 3504 3490 3574 corpusajacuerat

1913 3598 2208 3665 St'ipabaut,
2234 3596 2355 3666 ipso
2379 3596 2779 3665 quodammodo
2809 3595 2914 3650 loci
2939 3604 3199 3651 contactu
3224 3593 3489 3648 sanctita-

1915 3697 2022 3744 tem
2047 3687 2263 3759 propria
2306 3688 2567 3758 majorem
2612 3686 3018 3758 participautes,
3058 3701 3125 3741 ac
3156 3684 3371 3739 Domini
3400 3699 3494 3739 re-

1915 3779 2239 3835 surrectioni
2284 3778 2769 3834 communicantes.
2814 3777 2940 3832 ldeo
2968 3777 3149 3831 vultus
3182 3775 3383 3830 hilares
3419 3788 3488 3829 ac

1913 3868 2273 3938 laetabundos,
2310 3879 2366 3925 et
2400 3870 2578 3925 albam
2612 3879 2818 3929 vestem
2849 3868 2989 3924 festo
3037 3867 3343 3925 Servatoris
3378 3866 3493 3922 diei

1919 3961 2330 4016 convenientem
2360 3962 2663 4031 gestabant.

223 4059 341 4107 τες.
368 4044 460 4097 Διὸ
489 4045 691 4116 φαιδρὰ
722 4047 818 4099 καὶ
867 4046 1157 4117 μειδιῶντα
1193 4048 1491 4119 πρόσωπα,
1515 4049 1707 4120 σχῆμά
1724 4065 1785 4103 τε
1811 4049 2078 4121 σωτηρίου
2107 4048 2303 4122 ἑορτῆς
2322 4049 2658 4121 παρέφαινον
2677 4045 3166 4119 λευχειμονοῦντες-

3494 4165 3503 4199 i

413 4256 687 4315 EUSEBII
719 4258 1201 4317 FRAGMENTUM
1240 4263 1333 4318 EX
1366 4263 1616 4320 CODICE
1654 4263 2170 4321 MEDIOLANENSI
2193 4307 2208 4332 ,
2246 4264 2316 4320 ΙΝ
2355 4262 2500 4332 QUO
2537 4262 2670 4317 EST
2708 4261 2989 4320 CATENA
3025 4260 3313 4317 PATRUM

1118 4357 1527 4416 GBECORUM
1564 4358 1636 4413 IN
1678 4359 2071 4416 EPISTOLAM
2108 4359 2201 4413 AD
2238 4356 2608 4414 HEBIUEO'S.

1554 4473 1707 4545 (ΜΑΙ,
1745 4474 1905 4543 ibid.,
1935 4489 1988 4544 p.
2014 4473 2167 4544 207.)

317 4591 403 4648 Ad
444 4604 565 4661 cap.
600 4588 715 4658 XII,
746 4590 834 4645 18.
866 4590 1224 4646 ΕΥΣΕΒῐΟΥ.
1253 4592 1485 4661 Λέγεται
1510 4592 1620 4667 γὰρ
1644 4594 1813 4652 κατά-

1985 4593 2223 4649 Ensesu.
2260 4591 2471 4648 Dicitur
2518 4591 2664 4645 Deus
2713 4588 2766 4643 in
2824 4593 3061 4642 montem
3107 4584 3495 4650 descendisse,

228 4683 397 4748 ϐασις
436 4682 554 4739 θεία
580 4682 675 4736 ἐπὶ
709 4682 772 4736 τὸ
801 4680 927 4758 ὅρος
950 4683 1230 4752 γεγονέναι
1257 4684 1378 4738 καθ’
1412 4683 1814 4759 δνιὲνομοθέτει

232 4776 449 4847 καιρὸν,
463 4775 551 4828 ἵνα
577 4775 778 4837 πάντες
801 4773 1102 4827 θεάσωνται
1127 4773 1226 4846 τὴν
1251 4775 1529 4848 ἐνέργειαν
1546 4776 1641 4830 τοῦ
1655 4775 1810 4829 Θεοῦ*

229 4867 536 4931 κατάϐασις
561 4866 670 4937 γὰρ
696 4865 832 4939 αὕτη
860 4869 1037 4939 σαφής
1065 4870 1236 4932 ἐστιν,
1269 4868 1328 4921 οὐ
1358 4868 1432 4940 μὴ
1464 4868 1816 4941 τοπική.Τῶν

230 4961 368 5032 γοῦν
418 4958 704 5031 φυομένων
734 4960 875 5017 κατὰ
912 4959 975 5013 τὸ
1016 4959 1141 5038 ὄρος
1178 4961 1524 5030 φλεγομένων
1546 4961 1813 5040 σφοδρῶς,

231 5052 385 5106 οὐδὲν
412 5051 473 5106 τὸ
494 5051 607 5121 πῦρ
627 5048 931 5113 ὲξανάλωσε
950 5069 964 5082 ·
1025 5052 1339 5121 σαλπίγγων
1376 5069 1437 5105 τε
1489 5054 1663 5123 φωναὶ
1694 5070 1816 5123 σφο-

231 5143 492 5215 δρότερον
526 5144 908 5216 συνηκούοντο,
927 5144 1001 5217 μὴ
1024 5145 1400 5217 προκειμένων
1426 5147 1676 5220 ὀργάνων
1702 5164 1816 5201 τοι-

232 5232 427 5301 ούτων,
465 5233 602 5305 μηδὲ
625 5233 721 5287 τοῦ
748 5235 1115 5306 φωνήσαντος,
1167 5234 1301 5288 ἀλλά
1346 5235 1467 5307 θείᾳ
1500 5239 1808 5309 κατασκευῇ

230 5324 540 5397 γινομένων
594 5326 870 5380 ἀπάντων.
910 5327 1074 5380 ’Ὥστε
1118 5327 1288 5395 σαφὲς
1334 5323 1474 5382 εἶναι
1507 5329 1598 5382 διὰ
1636 5328 1812 5384 ταῦτα

231 5417 337 5487 τὴν
379 5417 682 5471 κατάϐασιν
730 5418 878 5472 θείαν
916 5418 1218 5486 γεγονέναι,
1253 5420 1346 5472 καὶ
1383 5419 1474 5472 τὸν
1500 5419 1633 5474 Θεὸν
1681 5421 1809 5475 ἄνευ

233 5510 381 5573 τινὸς
434 5508 708 5563 δεικνύναι
749 5510 848 5580 τὴν
902 5509 1096 5563 ἑαυτοῦ
1127 5509 1216 5565 διά
1263 5511 1480 5565 πάντων
1530 5512 1812 5583 μεγαλειό-

233 5616 395 5673 τητα.

335 5713 361 5749 ί
381 5711 514 5769 Luc.
543 5727 689 5779 xxrv,
714 5713 767 5769 4.

1919 4699 2030 4755 quo
2068 4695 2310 4754 tempore
2343 4682 2433 4738 lex
2467 4680 2801 4744 tradebatur,
2837 4687 2897 4731 ut
2927 4676 3109 4733 cuncti
3140 4676 3351 4733 scilicet
3394 4674 3491 4730 Dei

1919 4776 2216 4833 eliicaciam
2260 4773 2535 4831 viderent.
2569 4768 2870 4840 (later-equi
2904 4768 3020 4823 haec
3058 4766 3363 4834 descensio,
3395 4782 3492 4821 es.-

1919 4880 2088 4924 terna:
2130 4866 2456 4923 ostensionis
2514 4863 2616 4923 fuit
2633 4902 2659 4930 ,,
2706 4878 2812 4918 non
2863 4860 3077 4933 locat.
3129 4859 3490 4927 Quamobrem

1920 4956 2234 5019 ardentibus
2275 4955 2404 5010 licet
2443 4954 2714 5019 omnibus,
2741 4966 2861 5022 quae
2903 4952 2957 5005 in
2988 4958 3173 5005 monte
3218 4950 3493 5019 germina-

1918 5050 2085 5115 hant,
2129 5048 2263 5104 nihil
2308 5057 2489 5103 tamen
2537 5048 2662 5119 igne
2726 5046 3167 5103 consumebatur.
3218 5041 3492 5097 Tubarum

1920 5155 2135 5211 quoque
2165 5139 2386 5206 ,sonitus
2418 5138 2723 5210 gravissimi
2769 5136 3148 5200 audiebantur,
3177 5147 3489 5204 quanquam

1925 5231 2106 5286 nullus
2153 5230 2227 5286 ibi
2289 5245 2423 5286 usus
2480 5230 2962 5285 instrumentorum
3015 5235 3174 5291 erat,
3223 5238 3493 5294 nemoque

1916 5324 2187 5389 clamans,
2229 5323 2326 5378 sed
2377 5322 2473 5378 Dei
2525 5320 2901 5377 tantummodo
2941 5334 3106 5390 opera
3151 5318 3269 5374 hac
3306 5316 3493 5373 omnia

1916 5416 2138 5470 ﬁebant.
2171 5413 2350 5481 Quare
2398 5412 2736 5483 exploratum
2783 5420 2901 5476 est,
2947 5410 3183 5464 divinam
3230 5408 3491 5478 hujusce-

1920 5507 2063 5564 modi
2092 5507 2257 5563 l‘uisse
2279 5507 2710 5570 descensionem,
2737 5502 3019 5572 Deumque
3036 5499 3243 5571 absque
3265 5501 3375 5556 ullo
3396 5500 3495 5556 ad-

1921 5598 2179 5655 miniculo
2208 5613 2362 5653 suam
2393 5598 2445 5652 in
2458 5597 2705 5652 omnibus
2719 5594 3022 5651 ostendisse
3041 5592 3493 5665 magnitudinem.

845 5713 891 5747 ⁶²
914 5712 1086 5772 Exod.
1126 5729 1211 5783 Ill,
1234 5715 1291 5767 2.
1367 5715 1413 5748 "
1439 5713 1594 5771 Deut.
1634 5731 1707 5783 IV,
1734 5714 1824 5769 24.

1913 5714 1946 5747 ’⁵
1988 5711 2163 5769 Exod.
2194 5728 2348 5779 unt,
2378 5711 2468 5768 2L
2544 5711 2589 5745 ⁸⁸
2619 5709 2762 5767 Psal.
2789 5723 2905 5775 cui,
2938 5707 2992 5763 ι.
