3858 6214
382 287 476 342 ﬁt)?
1095 289 1363 345 EUSEBII
1401 291 1876 346 CIESARIENSIS
1913 291 2065 349 OPP.
2108 291 2287 345 PARS
2329 291 2492 347 IV.—
2529 289 2952 348 DOGMATICA.
3522 291 3618 346 608

463 648 1326 834 EUSEBII
1390 652 1986 832 ΟΡΕΒ.

1999 650 2117 830 Α
2174 648 3522 836 DOGMATICA.

1308 1128 1510 1251 DE
1600 1126 2683 1256 THEOPHANIA.

1109 1363 1336 1434 (Angela
1371 1364 1498 1432 MAI,
1537 1363 1863 1418 Bibliotheca
1901 1381 2033 1419 nova
2070 1363 2318 1432 Patrum,
2359 1365 2450 1431 1V,
2493 1365 2596 1420 110
2633 1377 2687 1420 et
2725 1366 2877 1436 510.);

403 439 3608 482 Ἢ

1690 1666 2319 1762 MONITUM.

442 1889 596 1945 Inter
641 1897 833 1943 caetera
877 1885 1088 1942 Eusebii
1121 1887 1466 1942 Caesariensis
1500 1905 1658 1958 opera
1699 1889 1849 1942 divus
1888 1887 2263 1958 Hieronymus,
2297 1891 2375 1946 De
2410 1891 2542 1946 viris
2582 1893 2657 1946 ill.
2693 1909 2808 1961 cap.
2835 1893 2925 1959 81,
2957 1895 3123 1948 libros
3165 1894 3389 1970 quinque
3424 1893 3634 1963 Θεοφα-

368 1982 552 2049 νείας,
599 1982 654 2036 id
695 1991 772 2036 est
827 1982 900 2035 De
939 1981 1028 2034 Dei
1079 1979 1550 2045 manifestalione,
1597 1981 1976 2036 nominaverat.
2012 1979 2146 2034 Item
2192 1981 2359 2051 Syrus
2408 1982 2698 2039 Ebediesus
2746 1985 2800 2039 in
2843 1995 3118 2039 auctorum
3163 1988 3429 2055 catalogo,
3479 2003 3634 2054 quem

370 2073 697 2130 Echellensis
730 2077 922 2147 primo,
952 2076 1139 2129 deinde
1167 2075 1484 2129 Assemanus
1522 2077 1829 2141 ediderunt,
1878 2075 2014 2128 idem
2055 2073 2270 2130 Eusebii
2301 2094 2430 2146 opus
2463 2088 2958 2133 commemoraverat
2995 2079 3072 2132 de.
3104 2076 3292 2132 Crceca
3321 2079 3390 2131 ad
3431 2078 3630 2148 Syria-

365 2183 482 2220 cam
534 2169 772 2238 Knguam
813 2167 1149 2220 translatum.
1198 2165 1372 2222 (ἔτωεί
1412 2169 1687 2237 originalis
1727 2167 1986 2236 deperditi
2032 2168 2213 2234 viginti
2255 2186 2347 2239 ego
2389 2169 2685 2238 fragmenta
2726 2172 2781 2223 in
2825 2169 3094 2224 Vaticanis
3135 2169 3402 2224 codicibus
3446 2171 3636 2222 obser-

366 2269 508 2322 vata,
535 2260 673 2313 inter
697 2256 922 2312 Veteres
950 2275 1086 2312 meos
1117 2259 1419 2326 Scriptores
1448 2267 1485 2310 t.
1513 2256 1564 2323 Ι,
1589 2259 1672 2312 ed.
1701 2275 1828 2322 sec.,
1856 2275 1994 2312 anno
2017 2259 2175 2322 1851,
2201 2269 2248 2312 et
2279 2269 2318 2313 t.
2359 2257 2523 2322 VIII,
2551 2278 2640 2314 an.
2667 2261 2825 2328 1855,
2852 2263 3263 2330 divulgaveram.
3289 2264 3425 2316 Ecce
3455 2272 3631 2315 autem

365 2351 723 2420 signiﬁcatam
757 2351 904 2406 nobis
940 2352 1003 2404 ab
1033 2350 1294 2405 Ebediesu
1331 2351 1613 2421 Syriacam
1657 2351 1943 2406 Eusebiani
1981 2353 2150 2420 operis
2192 2352 2618 2416 translationem,
2667 2355 2772 2406 duo
2805 2356 3039 2422 perdocti
3071 2366 3116 2408 et
3160 2355 3389 2409 illustres
3438 2366 3635 2410 nostra

366 2445 540 2500 artatis
580 2443 735 2513 Angli
769 2459 794 2498 ο
827 2443 1047 2496 tenebris
1095 2444 1316 2513 denique
1344 2454 1614 2511 eruerunt,
1644 2443 1896 2498 Tatamus
1928 2454 2081 2514 atque
2129 2442 2298 2507 Leus;
2332 2459 2554 2512 quorum
2599 2444 2689 2498 ille
2738 2461 2803 2498 ea;
2841 2445 3162 2514 lEgyptiaco
3211 2447 3266 2500 in
3298 2447 3479 2500 Nitria
3518 2466 3634 2500 mo-

365 2537 598 2590 nasterio
638 2535 876 2590 Sceteusi
912 2534 1143 2587 codicem
1186 2551 1323 2588 anno
1355 2535 1491 2591 1839
1538 2535 1592 2587 in
1626 2534 1869 2604 Angliam
1911 2535 2134 2598 detulit;
2177 2533 2311 2586 alter
2353 2544 2527 2586 autem
2578 2533 2857 2601 Syriacum
2896 2536 3035 2589 hunc
3078 2547 3274 2590 textum
3315 2555 3454 2592 anno
3492 2539 3637 2593 1842

366 2625 631 2692 Londini,
670 2633 718 2678 et
767 2634 1011 2694 sequente
1059 2641 1198 2677 anno
1240 2625 1520 2694 Anglicam
1564 2625 1796 2693 ejusdem
1851 2624 2341 2691 interpretationem
2402 2623 2762 2694 Cantabrigia:
2805 2643 2920 2679 cum
2977 2627 3200 2682 eruditis
3249 2630 3635 2699 prolegomenis

365 2720 682 2789 scholiisque
717 2720 1001 2789 impressit.
1026 2719 1094 2773 Et
1133 2719 1386 2789 Syriacus
1417 2720 1626 2789 quidem
1660 2729 1830 2773 textus
1867 2720 2104 2772 nondum
2129 2720 2196 2771 ad
2235 2735 2336 2784 me,
2377 2721 2517 2789 quod
2547 2720 2720 2786 doleo,
2763 2722 3026 2789 pervenit;
3067 2741 3184 2778 cum
3223 2734 3399 2780 tamen
3443 2727 3639 2797 Angli-

365 2832 484 2873 cum
523 2815 790 2868 desinente
829 2829 968 2867 anno
1004 2811 1144 2867 1846
1171 2812 1439 2866 commode
1471 2812 1680 2866 demum
1727 2825 1911 2864 nactus
1949 2811 2167 2880 fuerim,
2207 2827 2422 2880 eumque
2473 2813 2708 2866 studiose
2747 2812 2994 2883 legerint,
3033 2816 3212 2868 statim
3254 2823 3468 2886 cognovi
3514 2821 3637 2888 fra-

366 2920 574 2980 gmenta
607 2908 793 2965 Graeca
824 2924 941 2978 qute
975 2924 1066 2976 ego
1093 2906 1286 2961 multos
1318 2917 1439 2960 ante
1468 2923 1635 2961 annos
1663 2906 1955 2972 edideram,
1992 2923 2173 2974 reapse
2206 2909 2273 2960 ad
2303 2906 2522 2961 Eusebii
2553 2907 2983 2976 Theophaniam,
3015 2921 3168 2976 prout
3203 2912 3442 2976 ipsorum
3480 2915 3639 2968 tituli.

366 3007 624 3073 ferebant,
663 3005 920 3074 pertinere
952 3005 1096 3072 (nam
1126 3003 1291 3056 sicubi
1327 3002 1530 3056 codices
1558 3003 1659 3056 mei
1691 3019 1808 3055 cum
1845 3001 2069 3071 Syriaco
2101 3019 2203 3056 non
2231 3004 2362 3057 satis
2393 3011 2715 3073 congruunt,
2757 3005 2809 3057 id
2851 3005 2959 3058 suis
2991 3005 3120 3059 locis
3151 3017 3332 3074 postea
3371 3008 3625 3081 dicetur).

368 3099 477 3163 Sed
511 3109 560 3154 et
607 3100 818 3167 insuper
854 3098 1114 3166 comperi,
1149 3097 1446 3164 fragmenta
1489 3096 1629 3165 alia,
1669 3113 1760 3151 nec
1790 3098 1964 3151 brevia
2008 3115 2099 3151 nec
2137 3098 2467 3166 paenitenda,
2507 3113 2625 3167 qute
2659 3113 2752 3167 ego
2791 3099 2843 3152 in
2904 3096 3175 3153 Vaticanis
3217 3111 3526 3154 catenarum
3555 3104 3629 3155 ad

369 3195 570 3251 Lucum
613 3193 882 3249 codicibus
924 3193 1018 3247 sub
1065 3192 1282 3246 Eusebii
1327 3201 1531 3245 tantum
1585 3192 1792 3245 nomine
1837 3177 2178 3260 aspexeram,
2222 3193 2445 3262 ideoque
2489 3201 2742 3260 tanquam
2785 3192 3074 3246 Eusebiani
3117 3194 3186 3246 ad
3235 3193 3436 3248 Lucam
3485 3213 3644 3249 com-

367 3289 614 3344 mentarii
654 3296 918 3358 segmenta
952 3289 1007 3341 in
1045 3289 1295 3357 praedicto
1328 3286 1531 3356 Script.
1551 3295 1660 3342 vet.
1692 3297 1832 3340 tomo
1865 3289 2034 3356 primo
2068 3297 2432 3352 attexueram;
2458 3288 2712 3355 comperi,
2750 3291 2988 3357 inquam,
3032 3289 3143 3342 Ιιωο
3184 3306 3391 3359 quoque
3435 3293 3638 3360 partim

368 3400 432 3440 ea:
461 3384 810 3453 Theophania
856 3383 1020 3452 fuisse
1059 3385 1314 3449 detracta,
1351 3383 1407 3436 id
1446 3384 1586 3454 quod
1633 3381 1881 3453 Syriacus
1935 3395 2108 3438 textus
2149 3383 2227 3438 vel
2277 3383 2448 3453 potius
2495 3381 2821 3451 Anglicanus
2867 3399 2946 3437 me
2999 3384 3170 3438 docet.
3213 3367 3347 3448 Quae
3381 3402 3463 3438 res
3512 3403 3636 3438 cum

368 3495 450 3534 me
484 3494 798 3548 magnopere
839 3479 1228 3546 delectavisset,
1267 3479 1513 3532 constitui
1560 3480 1802 3548 protinus
1847 3477 2032 3533 (ἔπεσα
2078 3479 2259 3533 omnia
2294 3477 2663 3547 Theophanis:
2705 3494 2738 3531 a
2776 3495 2858 3533 me
2898 3480 3023 3532 olim
3082 3481 3285 3534 detecta
3334 3481 3640 3550 fragmenta

368 3588 506 3626 nunc
547 3588 882 3642 congregare,
915 3571 1106 3625 Latina
1135 3573 1290 3625 etiam
1323 3571 1517 3641 facere,
1545 3582 1701 3642 atque
1735 3582 1789 3624 ut
1825 3571 2069 3628 monebat
2109 3571 2348 3639 impressi
2376 3570 2598 3640 Anglice
2643 3571 2814 3639 operis
2845 3573 3037 3636 series,
3082 3572 3211 3626 locis
3244 3575 3485 3643 quodque
3519 3576 3636 3628 suis

367 3667 643 3722 collocare.
669 3665 810 3720 Nam
852 3665 1226 3721 Vaticanarum
1265 3677 1570 3721 catenarum
1600 3677 1841 3720 auctores
1873 3663 2089 3720 Eusebii
2130 3665 2532 3734 Theophaniam
2565 3675 2714 3718 extra
2765 3665 2884 3718 libri
2931 3667 3167 3720 ordinem
3197 3680 3293 3735 pro
3334 3683 3429 3720 suo
3475 3668 3632 3721 libita

368 3768 754 3828 excerpserunt,
790 3762 866 3814 vel
907 3761 1079 3829 potius
1113 3768 1265 3827 prout
1309 3758 1642 3829 evangelicae,
1679 3774 1835 3827 quam
1881 3759 1982 3825 ipsi
2027 3759 2395 3828 sequebantur,
2431 3757 2665 3813 historice
2706 3773 2892 3811 cursus
2937 3759 3202 3827 poscebat.
3240 3759 3498 3826 Exemplo
3558 3762 3644 3815 sic

369 3853 607 3906 narratio
635 3852 698 3905 de
727 3852 922 3905 Christi
956 3852 1171 3904 Domini
1204 3859 1392 3916 morte,
1431 3866 1590 3920 quam
1622 3847 1881 3903 Eusebius
1905 3849 2052 3917 [libro
2101 3849 2255 3921 tertio
2292 3849 2462 3901 medio
2505 3851 2715 3915 scribit,
2759 3849 2977 3904 Nicetas
3021 3857 3231 3912 autem,
3278 3851 3435 3903 unius
3454 3868 3493 3920 ιε
3539 3870 3634 3907 ca-

369 3944 505 3998 tenis
553 3954 763 4008 auctor,
811 3943 904 3997 sub
940 3943 1097 4012 ﬁnem
1135 3959 1244 3997 sua:
1295 3943 1680 3996 lucubrationis
1709 3951 1765 3994 ut
1811 3958 1908 4010 par
1952 3951 2066 3995 erat
2099 3942 2305 4010 posuit,
2353 3958 2532 4008 nempe
2567 3944 2621 3996 in
2664 3944 2860 4012 pagina
2903 3941 3102 3993 codicis
3151 3945 3508 3998 trecentesima
3545 3962 3635 4000 se—

367 4041 560 4106 ptima,
601 4051 720 4105 qua:
756 4051 788 4086 a
825 4034 930 4102 fine
961 4037 1042 4088 sui
1082 4035 1359 4089 voluminis
1402 4049 1589 4102 parum
1627 4033 1790 4086 abest.
1841 4029 2042 4087 Nicetaz
2078 4033 2308 4088 codicem
2363 4035 2480 4090 Vat.
2513 4035 2643 4090 1611
2691 4035 2866 4087 littera
2895 4032 2941 4087 Α
2980 4033 3214 4102 designo.
3243 4032 3475 4088 Macarii
3508 4052 3640 4090 vero.

367 4129 809 4201 Chrysocephali,
854 4129 1073 4183 diversa:
1123 4139 1322 4183 catenae
1373 4129 1638 4194 auctoris,
1685 4127 1772 4197 qui
1817 4127 1942 4180 item
1983 4127 2389 4197 Theophaniam
2433 4128 2746 4182 nominatim
2802 4126 3093 4194 aliquando
3128 4126 3359 4193 ϐαρεῖαι,
3397 4128 3630 4182 codicem

379 4221 499 4276 Vat.
539 4219 680 4276 1610
711 4221 899 4274 deuoto
933 4219 1114 4274 littera
1155 4219 1218 4275 Ε.
1243 4219 1393 4273 Alias
1435 4221 1643 4274 demum
1675 4228 1887 4272 catenas
1925 4219 2080 4282 duas,
2125 4218 2241 4272 Vat.
2287 4217 2406 4273 Pal.
2445 4219 2565 4272 Vat.
2603 4219 2673 4273 20
2705 4228 2755 4272 et
2788 4217 2967 4272 Ottob.
3009 4215 3130 4271 Vat.
3174 4217 3298 4281 100,
3332 4235 3450 4287 qua:
3491 4221 3624 4273 mihi

367 4312 654 4384 symbolam
692 4313 1106 4383 fragmentorum
1141 4313 1326 4368 harum
1359 4315 1720 4381 contulerunt,
1753 4314 1942 4368 litteris
1974 4314 2013 4367 Β
2039 4323 2087 4366 et
2114 4313 2156 4368 L
2185 4316 2504 4368 demonstro.
2551 4314 2776 4368 Unicum
2824 4313 3047 4382 denique
3089 4314 3316 4381 primum
3362 4313 3632 4383 fragmen-

368 4421 480 4463 tum
518 4425 583 4464 επ
609 4411 763 4464 codd.
803 4409 1188 4465 Mediolanensi
1222 4422 1268 4465 et
1315 4410 1594 4465 Parisiaco
1626 4411 1783 4465 simul
1823 4412 2019 4483 adfuit.
2059 4410 2215 4466 Hanc
2245 4412 2418 4482 itaque
2456 4411 2760 4466 Graecorum
2807 4411 2848 4464 Τ
2853 4410 3157 4479 heophania:
3203 4409 3627 4480 fragmentorum

369 4506 722 4574 tempestivam
748 4507 923 4561 hercle
960 4509 1239 4561 editionem
1277 4524 1414 4561 nunc
1436 4524 1593 4574 curo,
1624 4517 1734 4561 tum
1774 4518 1831 4561 ut
1865 4507 2083 4562 Eusebii
2113 4510 2342 4563 nativum
2374 4517 2595 4572 textum,
2631 4518 2886 4574 quantum
2930 4507 3014 4576 fas
3042 4513 3142 4569 est,
3189 4511 3253 4560 ab
3287 4509 3504 4562 interitu
3545 4525 3630 4563 re-

369 4609 709 4663 vocem;tum
736 4609 790 4652 ut
831 4597 995 4669 Syrus
1034 4599 1290 4668 interpres
1332 4599 1511 4670 sicubi:
1537 4608 1759 4653 mentem
1795 4600 2028 4653 auctoris
2068 4615 2173 4652 non
2205 4609 2280 4652 est
2321 4608 2591 4652 assecutus
2626 4599 2783 4667 (quod
2812 4599 2860 4652 ei
2903 4601 3186 4654 identidem
3230 4600 3487 4652 accidisse
3513 4599 3629 4652 sine

341 4687 530 4744 .dubio
577 4688 1095 4761 animadvertimus),
1145 4689 1446 4743 authentico
1491 4689 1802 4742 documento
1847 4688 2169 4742 emendetur.
2212 4686 2327 4741 Nec
2375 4703 2501 4741 sane
2549 4689 2729 4740 dubito
2776 4688 2904 4756 quin
2957 4688 3179 4757 opellam
3225 4705 3394 4742 meam
3445 4689 3525 4743 vir
3556 4691 3624 4743 ct-

370 4782 508 4839 Leus
538 4783 660 4838 boni
690 4787 957 4856 consulat,
1000 4801 1180 4856 meque
1222 4786 1270 4838 ei
1309 4800 1622 4854 magnopere
1670 4785 1864 4854 favere,
1906 4793 2104 4837 certum
2147 4783 2355 4837 habeat.
2399 4781 2528 4837 Hcec
2570 4784 2816 4848 interim;
2854 4799 3077 4853 namque
3121 4795 3170 4837 et
3215 4783 3351 4837 alios
3390 4796 3501 4836 tum
3535 4785 3628 4838 abs

371 4873 500 4939 Leo,
553 4884 663 4929 tum
706 4877 771 4930 ab
808 4847 1041 4946 Jusdem
1093 4877 1278 4948 gloria:
1316 4879 1459 4932 socio
1501 4877 1569 4933 cl.
1612 4876 1702 4932 W.
1741 4875 2023 4942 Curetono,
2060 4893 2241 4930 sacros
2285 4886 2564 4944 auctores,
2607 4877 2897 4944 prtesertim
2949 4892 3194 4947 magnum
3233 4877 3626 4940 Athanasium.

349 4968 624 5047 Cyrillum
671 4982 826 5040 atque
872 4973 1267 5042 Ephrcemium,
1304 4983 1696 5042 exspectamus;
1724 4990 1854 5046 quos
1885 4990 2020 5029 nunc
2069 4975 2280 5045 quidem
2319 4973 2526 5043 cupidis
2576 4975 2706 5029 votis
2747 4977 3067 5044 expetimus;
3097 4973 3279 5028 statim
3323 4989 3383 5027 ac
3417 4989 3534 5028 vero
3572 4975 3627 5028 in

373 5073 699 5134 conspectum
737 5066 989 5134 venerint,
1020 5070 1464 5126 exosculabimur.
