3858 6214
1546 343 1634 400 DE
1674 336 2141 400 ΤΗΕΟΡΠΛΝΙΛ.

3355 354 3461 410 610

204 513 3420 543 Mm

531 670 1258 793 ΕΥΣΕΒΙΟΥ
1319 667 1680 784 ΠΕΡΙ
1731 667 2034 779 ΤΗΣ
2093 665 3105 784 ΘΕΟΦΑΝΕΙΑΣ.

1003 1039 1569 1158 EUSEBlI
1648 1035 2642 1184 C/ESARIENSIS

627 1278 1065 1374 OPERIS
1140 1279 1289 1368 DE
1367 1275 2170 1368 THEOPHANIA
2244 1276 3011 1369 FRAGMENTA.

889 1601 946 1654 ,ιο
980 1599 1076 1670 (ι).

252 1698 334 1770 (2)
370 1699 580 1767 Ὥσπερ
603 1694 661 1749 δὲ
687 1694 779 1747 ἐπὶ
798 1692 892 1746 τοῦ
919 1692 1039 1746 καθ’
1066 1692 1214 1762 ἡμᾶς
1256 1691 1717 1763 παραδείγματος,
1743 1694 1772 1746 ὁ

179 1792 288 1863 μὲν
310 1791 540 1861 ἀόρατος
569 1787 662 1841 καὶ
689 1783 900 1856 ἀφανὴς
926 1786 983 1836 ὲν
1013 1785 1146 1854 ἡμῖν
1181 1781 1326 1848 νοῦς,
1369 1783 1428 1836 ὃν
1457 1785 1606 1847 ὅστις
1639 1784 1771 1837 ποτὲ

173 1885 278 1938 καὶ
319 1884 500 1945 ὁποῖος
544 1876 763 1949 ὣντὴν
807 1877 995 1931 οὐσίαν
1031 1876 1288 1948 ὑπάρχει,
1323 1876 1499 1940 οὐδεὶς
1547 1876 1768 1930 πώποτε

171 1974 484 2047 ἀνθρώπων
517 1972 679 2041 ἔγνω,
713 1969 964 2041 βασιλεὺς
989 1968 1033 2021 δ’
1065 1963 1154 2022 οἷα
1181 1971 1238 2022 ὲν
1265 1970 1598 2040 ἀπορρήτοις
1637 1967 1770 2022 εἴσω

171 2070 294 2130 τοῖς
339 2063 503 2119 αὑτοῦ
543 2062 790 2134 ταμείοις
822 2060 1215 2130 καθιδρυμένος
1251 2059 1321 2112 τὰ
1359 2064 1634 2132 πρακταῖα
1671 2060 1768 2130 (2‘)

173 2158 517 2230 βουλεύεται·
545 2156 702 2225 λόγος
724 2155 768 2208 δ’
802 2153 862 2218 ἐξ
888 2152 1053 2207 αὐτοῦ
1092 2154 1327 2224 πρόεισι,
1367 2153 1659 2223 μονογενὴς
1680 2147 1769 2205 οἷα

172 2250 387 2321 πατρὸς
417 2249 476 2316 ἐξ
515 2248 724 2302 ἀδύτων
767 2245 952 2316 μυχῶν
997 2243 1416 2313 γεγεννημένος,
1461 2242 1520 2306 ὃς
1563 2243 1627 2315 δὴ
1672 2243 1768 2295 καὶ

168 2341 400 2413 πρῶτος
431 2339 542 2392 τῶν
571 2337 851 2409 πατρικῶν
892 2339 1006 2400 τοῖς
1039 2337 1173 2390 πᾶσι
1209 2334 1535 2389 καθίσταται
1558 2336 1766 2405 νόημά·-

169 2452 287 2488 των
312 2431 561 2502 ἄγγελος,
587 2433 667 2493 εἰς
703 2429 935 2501 φανερόν
967 2445 1028 2480 τε
1055 2425 1314 2498 κηρύττει
1341 2425 1409 2480 τὰ
1435 2428 1494 2481 ὲν
1519 2428 1769 2498 ἀπορρή-

163 2543 292 2590 τοις
317 2526 398 2596 τῷ
438 2525 604 2596 πατρὶ
640 2521 1060 2595 βεϐουλευμένα,
1105 2519 1288 2592 ἔργοις
1329 2538 1390 2575 τε
1432 2521 1671 2575 ἐπιτελεῖ
1697 2520 1766 2575 τὰ

172 2618 541 2688 βουλεύματα,
580 2615 786 2688 προῖὼν
814 2617 894 2679 είς
933 2615 1035 2679 τὰς
1074 2615 1293 2668 πάντων
1335 2613 1524 2676 ἀκοάς·
1568 2612 1667 2666 εἷθ’
1716 2617 1764 2670 oi

176 2710 278 2780 μὲν
307 2708 411 2777 τῆς
437 2710 502 2760 ὲκ
529 2706 622 2760 τοῦ
646 2701 804 2775 λόγου
832 2705 1340 2778 μεταλαμϐάνουσιν
1361 2703 1645 2772 ὠφελείας,
1674 2703 1765 2757 τὸν

168 2800 217 2852 δ’
257 2799 440 2869 ἀφανῆ
483 2797 577 2850 καὶ
617 2793 847 2868 ἀόρατον
890 2798 1013 2851 νοῦν
1058 2797 1148 2851 τὸν
1188 2795 1284 2848 τοῦ
1322 2795 1482 2864 λόγου
1526 2796 1759 2867 πατέρα,

169 2891 351 2953 οὐδεὶς
377 2888 595 2942 πώποτε
619 2889 910 2960 ὀφθαλμῶν
937 2885 1065 2942 εῖδεδ
1093 2887 1233 2940 κατά
1259 2886 1430 2940 ταῦτα
1452 2885 1535 2957 δὴ,
1563 2886 1761 2954 μᾶλλον

1793 1613 1842 1668 Α

1947 1689 2104 1746 Sicut
2141 1691 2327 1757 enim,
2371 1701 2432 1744 ut
2484 1689 2795 1758 exemplum
2847 1703 2876 1742 a
2932 1689 3089 1745 nobis
3135 1701 3456 1764 sumamus,

1873 1797 2026 1837 mens
2059 1784 2109 1836 in
2145 1784 2301 1838 nobis
2333 1781 2626 1838 invisibilis
2653 1782 2939 1850 latensque
2975 1791 3058 1836 est
3084 1822 3098 1848 ,
3149 1800 3312 1853 quam
3342 1801 3456 1841 cu—

1865 1874 2102 1943 jusmodi
2153 1875 2263 1939 sit,
2299 1876 2523 1942 cujusve
2569 1874 2930 1940 substantize,
2981 1876 3163 1931 nullus
3215 1893 3453 1948 unquam

1873 1969 2034 2022 homo
2060 1968 2347 2035 cognovit;
2380 1967 2476 2022 sed
2509 1982 2570 2020 ea
2604 1967 2771 2020 veluti
2807 1981 2901 2020 rex
2927 1967 3148 2036 quidam
3184 1974 3235 2023 in
3269 1985 3455 2026 secre-

1871 2061 1940 2114 tis
1966 2061 2080 2114 suis
2104 2059 2457 2114 conclavibus
2485 2060 2688 2114 sedens
2712 2100 2727 2126 ,
2755 2060 2882 2128 quid
2914 2061 3223 2118 faciendum
3257 2063 3328 2117 sit
3360 2065 3455 2119 de-

1868 2150 2095 2219 liberat;
2139 2152 2337 2207 deinde
2365 2165 2548 2206 sermo
2572 2166 2640 2205 ex
2675 2151 2790 2220 ipsa
2814 2152 3015 2220 prodit,
3069 2154 3224 2223 quasi
3260 2155 3454 2225 unige-

1868 2243 2016 2297 nitus
2045 2260 2074 2297 a
2105 2253 2260 2312 patre
2295 2245 2348 2298 in
2388 2243 2688 2298 reconditis
2718 2245 3092 2314 penetralibus
3123 2257 3449 2316 generatus;

1869 2335 2146 2403 quietiam
2197 2335 2407 2405 primus
2459 2347 2811 2406 paternarum
2864 2337 3329 2395 consultationum
3391 2343 3454 2398 ﬁt

1867 2427 2118 2492 nuntius,
2145 2435 2307 2496 atque
2334 2428 2387 2481 in
2411 2437 2655 2497 apertum
2688 2430 3016 2500 depraedicat
3041 2445 3242 2486 arcana
3279 2435 3451 2502 patris

1866 2519 2114 2583 consilia,
2145 2529 2200 2574 et
2224 2533 2390 2588 opere
2417 2535 2530 2574 rem
2561 2521 2914 2576 deliberatam
2945 2522 3182 2592 perlicit,
3217 2526 3345 2580 dum
3379 2529 3448 2584 ad

1865 2611 2108 2663 omnium
2158 2627 2321 2667 aures
2365 2613 2614 2683 perfert;
2674 2613 2891 2667 interim
2951 2623 3133 2669 tamen
3196 2617 3447 2675 homines

1865 2701 2082 2770 quidem
2133 2704 2287 2758 verbi
2335 2704 2570 2759 utilitate
2631 2703 2910 2770 fruuntur,
2969 2708 3062 2762 sed
3115 2708 3443 2766 invisibilem

1865 2805 2103 2848 mentem
2152 2796 2304 2851 verbi
2339 2807 2618 2866 parentem
2672 2814 2897 2868 prorsus
2946 2802 3120 2856 oculis
3160 2819 3264 2857 non
3315 2817 3441 2860 cer-

1865 2896 2033 2952 nunt;
2061 2886 2185 2950 hor,
2213 2888 2454 2955 inquam,
2483 2891 2663 2955 modo,
2706 2890 2816 2945 imo
2835 2891 3002 2945 etiam
3028 2908 3190 2962 supra
3225 2911 3440 2951 omnem

169 2984 219 3036 δ’
253 2984 512 3036 ἐπέκεινα
539 2982 721 3052 πάσης
754 2981 959 3044 εἰκόνος
985 2980 1080 3034 καὶ
1117 2978 1582 3050 παραδείγματος,
1615 2977 1642 3029 ό
1668 2977 1754 3031 τοῦ

1870 2976 2156 3045 imaginem
2186 2988 2348 3047 atque
2381 2980 2707 3049 exemplum,
2732 2983 2967 3050 supremi
3007 2982 3099 3038 Dei
3131 2988 3444 3052 regnatoris

171 3071 566 3143 παμϐασιλέως
623 3069 758 3122 Θεοῦ
812 3068 1014 3132 τέλειος
1057 3068 1249 3134 Λόγος,
1311 3060 1398 3118 οἷα
1442 3064 1759 3135 μονογενὴς,

170 3148 234 3217 οὗ
281 3163 590 3235 προφορικῇ
628 3159 856 3230 δυνάμει
892 3155 1182 3220 συνεστὼς,
1213 3154 1322 3208 οὐδ’
1359 3153 1425 3206 ὲκ
1458 3152 1757 3218 συλλαϐών,

171 3256 459 3325 ὀνομάτων
499 3270 560 3310 τε
583 3252 678 3305 xui.
713 3251 972 3321 ῥημάτων
1005 3248 1104 3320 τὴν
1131 3247 1291 3316 φύσιν
1319 3245 1762 3315 κατεσκευασμέ-

169 3363 286 3410 νος,
316 3345 423 3400 οὑδ’
467 3347 524 3398 ὲν
553 3345 704 3414 φωνῇ
743 3342 809 3395 δι’
852 3341 1013 3412 ἀέρος
1048 3338 1393 3410 πληττομένῃ
1429 3335 1762 3408 σημαινόμε-

167 3449 284 3506 νος,
311 3438 448 3493 Θεοῦ
478 3439 536 3491 δὲ
575 3436 668 3490 τοῦ
697 3437 789 3490 ἐπὶ
827 3435 1045 3488 πάντων
1082 3431 1189 3498 ζῶν
1213 3433 1307 3484 καὶ
1332 3429 1559 3502 ἐνεργὴς
1580 3429 1759 3499 ὑπάρ-

169 3549 284 3603 χων
323 3531 453 3594 Υἱὸς
489 3530 682 3598 Λόγος,
724 3530 846 3581 κατ’
885 3525 1070 3582 ουσίαν
1113 3542 1173 3578 τε
1204 3515 1451 3593 ὑφεστὼς
1492 3517 1581 3576 οἷα
1621 3519 1757 3574 Θεοῦ

165 3625 404 3696 δύναμις
436 3623 532 3678 καὶ
559 3622 694 3676 Θεοῦ
744 3620 926 3689 σοφία,
956 3619 1173 3690 πρόεισι
1219 3617 1315 3688 μὲν
1339 3616 1441 3686 τῆς
1484 3614 1758 3686 πατρικῆς

167 3718 452 3788 θεότητος,
469 3713 678 3784 ἀγαθοῦ
693 3714 750 3766 δὲ
769 3711 975 3783 πατρὸς
991 3708 1192 3778 ἀγαθὸν
1212 3708 1468 3779 τυγχάνει
1488 3706 1755 3776 γέννημα,

168 3808 444 3879 amem),
475 3805 743 3875 αὐτοφῶς,
781 3805 1029 3874 γέννημα
1076 3801 1262 3871 νοερὸν
1293 3799 1470 3870 φωτὸς
1499 3798 1754 3869 ἀλήκτου,

167 3901 259 3954 διὰ
281 3900 498 3953 πάντων
525 3896 740 3970 χωρῶν,
770 3899 827 3950 ὲν
857 3893 992 3947 πᾶσί
1021 3909 1078 3945 τε
1104 3890 1180 3945 ὢν
1210 3894 1305 3945 καὶ
1354 3890 1535 3944 πάντα
1559 3891 1755 3965 ἐπιπο-

172 3993 483 4064 ρευόμενος.
927 4076 967 4126 Β

241 4173 318 4242 (5)
361 4163 528 4234 Οὗτος
554 4171 583 4222 ό
612 4167 739 4239 παρ’
763 4169 894 4238 ἡμῖν
927 4162 1361 4237 θεολογούμενος,
1394 4161 1756 4234 προφητικαῖς

162 4264 375 4321 ἀνωθεν
409 4263 515 4334 πρὸ
548 4260 752 4332 μυρίων
789 4259 995 4329 χρόνων
1031 4257 1279 4328 ἐγνώσθη
1305 4273 1366 4308 τε
1390 4255 1484 4307 καὶ
1512 4267 1754 4322 προεκη-

1861 3069 2164 3138 perlectum
2217 3070 2452 3124 Verbum
2479 3112 2493 3134 ,
2523 3088 2619 3126 ceu
2653 3074 2992 3144 unigenitum
3015 3116 3030 3141 ,
3060 3093 3165 3131 non
3196 3096 3262 3132 ex
3311 3095 3440 3150 pro-
3550 3120 3552 3122 τ

1862 3161 2166 3215 nuntiativa
2205 3162 2385 3230 aliqua
2421 3165 2620 3219 virtute
2650 3168 2957 3225 consistens
2983 3211 2998 3238 ,
3048 3185 3224 3238 neque
3274 3172 3441 3242 sylla-

1860 3249 2050 3305 barum
2080 3293 2095 3316 ,
2128 3253 2408 3307 nominum
2432 3295 2447 3319 ,
2479 3257 2881 3329 verborumque
2918 3271 3170 3317 naturam
3200 3279 3397 3332 gerens
3422 3306 3439 3332 ,

1860 3358 1962 3398 nec
1987 3360 2088 3414 ope
2113 3347 2261 3401 vocis
2283 3362 2350 3401 ex
2379 3349 2520 3404 aeris
2558 3353 2905 3418 percussione
2927 3356 3310 3426 significatum,
3347 3359 3443 3414 sed

1861 3436 1956 3492 Dei
1993 3441 2231 3509 supremi
2260 3443 2449 3498 vivens
2490 3459 2834 3514 operansque
2880 3447 3052 3502 Filius
3083 3447 3320 3504 Verbum
3345 3465 3442 3505 ex-

1859 3530 2079 3596 sistens,
2108 3542 2157 3586 et
2194 3532 2411 3602 quidem
2438 3534 2893 3601 substantialiter,
2931 3549 3118 3608 utpote
3145 3540 3238 3594 Dei
3267 3541 3443 3598 virtus

1861 3631 2023 3691 atque
2051 3623 2314 3692 sapientia
2340 3664 2355 3689 ,
2384 3635 2449 3679 ex
2481 3637 2702 3694 paterna
2727 3628 3010 3683 divinitate
3052 3631 3232 3699 prodit
3257 3673 3271 3694 ,
3309 3632 3437 3687 boni

1860 3715 2030 3781 patris
2061 3714 2262 3769 bonum
2293 3731 2544 3786 germen.
2575 3719 2687 3772 vita
2717 3734 2817 3788 per
2858 3735 2949 3787 se,
2981 3736 3045 3776 ac
3076 3721 3187 3789 lux,
3221 3723 3437 3778 intelle-

1858 3806 2054 3861 cmalis
2091 3816 2470 3877 perpetuaeque
2499 3809 2633 3863 lucis
2663 3812 2940 3878 genimen,
2976 3828 3072 3882 per
3104 3815 3287 3869 omnia
3318 3816 3432 3870 dis-

1857 3913 2106 3964 currens,
2147 3899 2348 3968 ubique
2384 3915 2644 3970 praesens,
2673 3913 2868 3957 cuncta
2906 3905 3236 3973 pervadens.

1928 4166 2047 4232 llic,
2084 4182 2242 4236 quem
2281 4183 2380 4221 nos
2411 4167 2578 4222 Deum
2630 4169 2864 4225 dicimus
2890 4212 2904 4237 ,
2938 4172 3313 4239 vocibusajam
3345 4174 3436 4229 dir:

1857 4271 1986 4314 ante
2013 4262 2290 4329 complura
2312 4262 2509 4316 saecula
2544 4263 2781 4316 innotuit
2811 4274 2866 4317 et
2907 4268 3304 4332 praenuntiatus
3333 4267 3438 4322 fuit

166 4356 347 4430 ρύχθη
389 4332 594 4423 φωναῖς
613 4370 626 4382 ·
653 4352 702 4405 οἳ
732 4351 940 4404 καὶτὸν
971 4350 1134 4404 τόπον
1159 4348 1261 4418 τῆς
1303 4343 1621 4414 θεοφανείας
1660 4341 1754 4395 αὺ-

1870 4351 2280 4419 praphetarum,
2308 4352 2401 4421 qui
2441 4359 2497 4404 et
2528 4351 2706 4405 locum
2741 4352 2941 4406 divina:
2974 4353 3090 4420 ejus
3118 4353 3438 4407 manifesta-

161 4449 286 4511 τοῦ,
311 4447 406 4500 καὶ
440 4444 664 4517 χρόνους
693 4444 792 4514 τῆς
829 4440 1086 4511 ἀφίξεως,
1115 4439 1210 4493 καὶ
1236 4438 1438 4510 τρόπον
1470 4435 1562 4488 τοῦ
1605 4433 1744 4504 βίου,

162 4544 262 4598 καὶ
293 4540 573 4612 δυνάμεις,
608 4537 703 4591 καὶ
746 4535 959 4606 λόγους,
1001 4535 1096 4588 καὶ
1132 4530 1532 4604 κατορθώματα
1579 4525 1744 4582 αὐτοῦ

162 4611 554 4706 προλαϐόντες,
580 4627 781 4698 βίϐλοις
799 4626 971 4697 ἱεραῖς
987 4622 1340 4692 ἐγκατέθεντο
1358 4620 1453 4690 (4).
1473 4647 1537 4657 -—
1555 4611 1627 4668 Τὸ
1638 4615 1745 4685 γὰρ

175 4721 391 4794 Ἰησοῦς
419 4721 611 4783 ἰάσεως
635 4717 730 4771 καὶ
757 4714 1026 4786 σωτηρίας
1054 4711 1329 4784 προσφυὲς
1355 4710 1522 4778 ὄνομα
1547 4707 1611 4760 ἂν
1635 4706 1740 4775 εἴη·

165 4817 394 4887 σωτῆρα
419 4813 529 4884 γὰρ
559 4813 650 4865 καὶ
680 4811 945 4880 σωτήριον
969 4808 1002 4877 ὴ
1047 4803 1313 4875 Ἐϐραίων
1339 4801 1488 4872 φωνὴ
1514 4800 1602 4852 τὸν
1645 4799 1746 4870 Ἰηι

164 4909 294 4965 σοῦν
323 4905 514 4959 εἴωθεν
541 4903 742 4957 καλεῖν.

924 4990 995 5045 Γ⁷.

234 5096 316 5165 (5)
366 5091 479 5147 Καὶ
502 5090 728 5150 θάνατος
758 5084 830 5155 (6)
864 5083 921 5136 δὲ
948 5083 976 5135 ὁ
1005 5079 1293 5151 βοώμενος,
1325 5077 1384 5131 ὃν
1411 5076 1475 5148 δὴ
1505 5075 1740 5146 ὑποστῆ-

161 5208 253 5248 ναι
289 5189 354 5241 τδ
382 5185 477 5239 τοῦ
518 5183 692 5250 Λόγου
731 5177 955 5248 ἄγαλμα
994 5175 1146 5246 παρὰ
1184 5175 1298 5236 τοῖς
1328 5173 1494 5224 πᾶσιν
1529 5170 1742 5239 ἀνωμο-

235 5327 316 5400 (Il
347 5323 406 5380 ιιι
436 5323 622 5400 cadica
647 5317 1032 5400 Μθιὲῖίϋξηξθηδῖ
1082 5313 1271 5400 A92!"-
1299 5312 1362 5400 εξ
1380 5311 1588 5400 {55:11-
1615 5308 1732 5400 .‘i‘f:

163 5401 219 5455 in
239 5382 469 5452 ‘c'atena
505 5392 675 5464 Epist.
703 5388 982 5464 adillebr.
1011 5401 1061 5439 iv
1085 5424 1099 5448 ,
1133 5384 1220 5464 (Ξ,
1256 5383 1587 5464 prqipoltilttr
1615 5382 1738 5432 huic

164 5454 477 5537 fragmento
510 5454 712 5537 titulus
747 5457 1055 5537 _E1’10’£6lov
1077 5454 1739 5537 eimrreltxﬁcﬂﬂaogcqj

159 5520 350 5606 ἶέίῗις.
382 5537 477 5606 (At
509 5533 571 5606 in_
593 5530 862 5606 Parisiaco
893 5535 1143 5606 utAcer‘teA
1168 5520 1338 5606 estin
1370 5523 1467 5606 ed.‘
1491 5520 1737 5606 (irauueri

239 5590 673 5679 7459,:mendose
722 5595 1082 5679 εἰίαγγελικὰ
1110 5590 1488 5679 θεοφάνειιμλ
1502 5590 1738 5679 Drorgtts

163 5661 346 5733 autem
369 5661 630 5742 'Graacum
656 5675 775 5742 hoc_
779 5661 1141 5742 fragmentum
1171 5661 1588 5742 congruit-cum
1637 5661 1740 5729 Sy-

165 5732 312 5801 riaca
355 5760 450 5800 seu
481 5740 704 5813 Anglica
734 5732 1083 5808 Theophaniw
1117 5732 1376 5797 editione,
1407 5732 1502 5787 lib.
1542 5746 1583 5799 I,
1615 5745 1734 5800 cap.

163 5817 258 5883 25,
283 5834 337 5888 p.
367 5814 452 5870 12.

1855 4440 2022 4494 tionis
2044 4480 2060 4506 ,
2092 4449 2147 4494 et
2175 4441 2432 4495 adventus
2467 4450 2711 4510 tempora
2738 4483 2754 4509 ,
2787 4451 2843 4496 et
2887 4441 3012 4496 vitae
3043 4444 3336 4505 rationem,
3380 4449 3435 4494 et

1855 4530 2136 4596 miracula,
2175 4541 2232 4586 et
2257 4547 2534 4587 sermones
2555 4573 2570 4598 ,
2608 4543 2664 4587 et
2691 4534 2909 4602 egregia
2941 4533 3206 4597 facinora,
3232 4534 3430 4587 vatici-

1855 4621 1944 4674 nio
1977 4631 2445 4690 prmocwpantes,
2479 4624 2648 4678 sacris
2691 4624 2848 4678 libris
2891 4626 3428 4679 commendaverunt.

1851 4741 1922 4752 —
1949 4712 2081 4766 Nam
2103 4711 2260 4768 Jesus
2299 4716 2568 4770 sanationi
2605 4725 2769 4786 atque
2799 4717 2959 4771 saluti
2988 4731 3288 4784 congruum
3325 4730 3430 4770 no-

1852 4819 1973 4858 mcn
2006 4811 2108 4858 ρει.
2144 4803 2476 4860 Salvatorem
2508 4806 2652 4859 enim
2707 4819 2773 4859 ac
2813 4805 3108 4861 salutarem
3155 4805 3294 4860 solet
3323 4803 3430 4858 lin-

1850 4911 1952 4964 gua
1990 4893 2340 4951 Hebraeorum
2370 4897 2553 4952 dicere
2585 4896 2794 4952 Jesum.
3477 4901 3480 4903 Α

2587 4989 2679 5043 Ill.

1921 5079 2066 5133 Mors
2101 5094 2316 5149 quoque
2340 5080 2428 5136 illa
2462 5080 2696 5136 celebris
2725 5115 2740 5144 ,
2773 5095 2937 5151 quam
2985 5078 3156 5138 Verbi
3202 5078 3426 5135 simulac

1850 5183 2002 5222 crum
2038 5171 2353 5234 pertulisse,
2389 5171 2440 5221 in
2469 5168 2722 5223 confesso
2749 5169 2890 5239 apud
2934 5183 3124 5223 omnes
3159 5176 3267 5233 est,
3317 5181 3423 5220 non

1889 5306 1992 5390 _(:2)
2044 5304 2360 5376 TheOphan.
2412 5305 2536 5376 Syr.
2570 5307 2687 5360 sive
2735 5307 3022 5376 Αηίέιῖοειη·
3057 5305 3153 5361 “b'
3201 5320 3242 5372 "
3293 5320 3417 5375 ’cap‘

1889 5395 1942 5430 Ο.

1915 5445 2013 5518 (2')
2034 5443 2300 5518 _Fo_rta_§se
2330 5444 2430 5518 leg.
2449 5445 2732 5518 πρακτέα.
2770 5444 2929 5518 Eon.

1914 5513 1992 5586 (5)
2022 5515 2158 5569 Cod.
2190 5513 2312 5567 Vat.
2339 5513 2402 5567 Α.
2433 5517 2466 5567 r.
2509 5513 2595 5569 l4.
2628 5515 2759 5570 Cod.
2795 5517 2911 5570 Vat.
2949 5515 3009 5571 Ε.
3043 5515 3079 5570 Γ.
3110 5513 3199 5573 65.
3228 5517 3282 5570 b.
3313 5515 3418 5574 Th.

1847 5584 1971 5657 Syr.
2001 5586 2093 5657 lib.
2127 5602 2208 5648 Ill,
2241 5602 2360 5647 can.
2388 5586 2481 5639 25.

1919 5657 1995 5726 (4)
2024 5656 2156 5710 Cod.
2198 5657 2258 5709 Ε.
2296 5657 2334 5708 f.
2368 5658 2456 5710 57.
2489 5655 2541 5708 b.
2574 5654 2678 5726 ’[Ιι.
2714 5655 2836 5726 Syr.
2869 5671 2952 5718 ιιι,
2988 5656 3076 5712 40.

1920 5727 2000 5797 (ὅ)
2027 5726 2164 5797 Cod.
2196 5728 2260 5780 A.
2289 5727 2327 5780 l.
2351 5726 2476 5780 507.
2504 5730 2558 5797 υ.
2585 5725 2687 5797 Th.
2715 5725 2837 5797 Syr.
2868 5741 2947 5788 ιιι,
2972 5726 3061 5790 41,
3085 5725 3172 5792 42,
3199 5726 3291 5782 45.

2031 5796 2165 5853 Cod.
2199 5797 2460 5852 mendose
2482 5795 2646 5858 αὑτός
2682 5812 2779 5866 pro
2809 5796 3060 5860 θάνατος.
