3858 6214
414 364 516 426 ΕΠ

1119 369 1389 429 EUSEBII
1426 360 1904 427 CAESARIEN‘SIS
1938 366 2094 426 ὉΡΡ.
2134 358 2316 425 PARS
2352 368 2442 425 iV.
2482 402 2552 417 -
2586 367 3012 425 DOGMATICA.

3587 371 3701 427 619

416 486 537 540 sine
586 485 791 559 ingenti
828 488 1079 559 prodigio
1107 491 1238 554 fuit,
1272 492 1516 559 nihilque
1547 505 1838 544 commune
1871 504 1990 545 cum

2100 487 2342 559 λόγηται,
2391 487 2584 544 πολλοῦ
2641 490 2857 561 μετέχει
2910 487 3005 542 τοῦ
3048 486 3351 559 θαύματος,
3398 490 3461 544 οὐ
3512 491 3701 556 mue;

415 576 643 646 reliquis
669 578 882 633 habuit.
924 579 1110 649 Neque
1155 582 1301 634 enim
1337 585 1529 637 morbo
1567 585 1872 639 exstinctus
1911 592 1995 638 est

415 669 687 733 Christus,
712 679 807 723 aut
839 671 1052 738 laqueo,
1079 682 1175 725 aut
1199 674 1343 743 igne,
1370 690 1543 742 neque
1576 675 1628 728 in
1665 677 1783 741 ipso
1814 678 1996 732 crucis

414 770 620 828 tropaeo
653 772 807 829 aeque
836 774 899 815 ac
915 764 1097 816 caueri
1132 765 1361 818 maleﬁci
1392 766 1538 819 ferro
1568 767 1813 821 succisus
1842 767 1942 820 fuit
1973 784 1989 833 ;

413 865 593 920 neque
626 854 723 908 abs
767 855 958 923 quovis
990 855 1211 911 homine
1256 857 1597 911 mortiferum
1631 858 1834 927 aliquid
1871 875 1997 928 pas-

412 960 529 1009 sus,
560 946 851 1001 violentam
882 948 1141 1002 sustinuit
1170 964 1354 1003 necem
1382 967 1397 1015 ;
1442 950 1536 1005 sed
1586 961 1712 1005 tunc
1759 962 1996 1006 tantum-

413 1039 577 1092 modo
600 1053 726 1093 cum
766 1040 881 1107 ipse
912 1050 1105 1107 sponte
1130 1056 1394 1110 organum
1427 1058 1584 1095 suum
1611 1043 1856 1099 inimicis
1886 1055 1996 1099 tra-

411 1128 589 1194 didit;
622 1144 858 1198 moxque
892 1130 1022 1184 illud
1073 1132 1141 1186 de
1182 1142 1328 1187 terra
1359 1129 1669 1188 suscitavit.
1702 1135 1914 1204 Quippe
1946 1137 1994 1193 is

414 1221 593 1274 valide
641 1220 956 1275 exclamans
980 1263 996 1289 ,
1040 1221 1303 1293 Patrique
1330 1226 1581 1294 spiritum
1609 1229 1995 1284 commendare

414 1326 475 1366 se
501 1312 709 1377 dicens,
738 1313 854 1381 ipse
876 1324 1062 1368 semet
1098 1315 1375 1369 dimittens
1411 1333 1643 1386 corpore
1673 1334 1772 1374 suo
1799 1336 1991 1376 exces-

413 1403 507 1456 sit.
541 1401 665 1456 ldeo
692 1404 856 1456 etiam
896 1412 1019 1457 ante
1056 1415 1310 1471 mortem,
1338 1405 1708 1464 familiaribus
1741 1412 1857 1466 suis
1890 1412 1993 1469 hoc

413 1493 820 1562 signiﬁcaverat
849 1496 1036 1551 dicens
1067 1511 1083 1550 :
1113 1496 1284 1551 Nemo
1321 1499 1458 1553 tollit
1486 1503 1719 1555 animam
1754 1520 1922 1558 meam
1960 1523 1992 1559 a

412 1600 516 1648 me,
570 1585 659 1637 sed
708 1602 800 1655 ego
853 1588 1065 1655 ipsemet
1100 1605 1215 1642 eam
1249 1607 1385 1655 pono
1415 1608 1433 1645 :
1464 1603 1774 1662 potestatem
1830 1596 1992 1650 habeo

414 1679 644 1746 ponendi
672 1695 786 1733 eam
811 1720 826 1747 ,
870 1690 918 1734 et
948 1691 1256 1751 potestatem
1285 1685 1455 1740 habeo
1503 1688 1699 1743 iterum
1750 1692 1992 1745 sumendi

411 1784 531 1825 eam
562 1771 628 1825 ⁸⁷.

485 1951 624 2018 Quid
651 1967 786 2023 ergo
814 1962 937 2023 post
963 1954 1206 2025 haacjam
1234 1968 1520 2027 superest,
1565 1962 1671 2016 nisi
1703 1963 1880 2032 ipsum
1909 1973 1992 2019 to-

416 2041 525 2096 tius
566 2044 640 2095 rei
673 2054 856 2110 caput,
887 2059 1183 2113 quamnam
1210 2062 1432 2103 causam
1461 2051 1733 2119 habuerit,
1767 2069 1992 2108 enarra-

412 2148 476 2188 re
498 2134 949 2205 Hamigeratum,
988 2138 1231 2206 inquam,
1264 2141 1389 2195 vitae
1416 2141 1602 2207 liuent,
1639 2155 1696 2198 et
1720 2147 1991 2213 passionis

412 2230 633 2281 modum
663 2245 677 2292 ;
725 2243 935 2285 necnon
962 2242 1089 2300 post
1115 2248 1303 2286 necem
1334 2274 1350 2297 ,
1387 2238 1808 2290 resurrectionis
1844 2238 1991 2308 ejus-

412 2321 532 2375 dem
581 2324 784 2391 grande
834 2324 1181 2382 miraculum.
1224 2325 1505 2396 Siquidem
1538 2329 1704 2400 igitur
1731 2331 1838 2386 alio
1892 2333 1992 2387 ali-

411 2428 518 2482 quo
553 2413 731 2477 modo,
767 2428 889 2483 post
919 2430 1071 2470 suam
1100 2433 1224 2473 eum
1268 2420 1580 2477 hominibus
1606 2425 1989 2479 conversatio-

411 2518 557 2569 nem,
586 2514 808 2574 repente
838 2506 1126 2563 invisibilis
1155 2509 1379 2564 abiisset
1399 2550 1414 2575 ,
1452 2524 1626 2566 semet
1654 2515 1770 2582 ipse
1806 2531 1991 2570 sumu-

411 2611 518 2664 que
547 2612 866 2665 corporeum
902 2597 1252 2653 simulacrum
1281 2601 1419 2656 clam
1456 2604 1785 2661 subtrahens
1809 2647 1824 2670 ,
1865 2607 1991 2677 fuga

411 2697 645 2741 mortem
684 2689 857 2743 vitare
894 2702 1185 2760 satagens;
1215 2702 1271 2749 et
1302 2695 1499 2749 deinde
1548 2697 1664 2765 ipse
1701 2701 1990 2755 mortalem

411 2788 624 2846 partem
657 2795 809 2834 suam
862 2784 1167 2852 corruptela
1216 2793 1273 2839 et
1321 2787 1689 2843 destructione
1737 2805 1994 2846 consum—

410 2869 715 2937 psisset,ea
749 2885 834 2924 res
867 2886 964 2940 par
987 2873 1353 2940 pbautasmati
1377 2878 1634 2933 onmibus
1662 2880 1776 2934 visa
1807 2893 1987 2951 esset;

410 2972 589 3027 neque
634 2975 734 3028 pro
761 2975 856 3014 sua
887 2961 1150 3031 dignitate
1179 2965 1400 3034 egisset,
1454 2972 1543 3036 qui
1590 2979 1710 3024 erat
1734 2972 1829 3026 Dei
1857 2971 1991 3027 Ver-

410 3047 542 3101 bum
579 3050 763 3103 vivens
819 3062 981 3119 atque
1035 3052 1242 3119 virtus;
1302 3070 1481 3125 neque
1529 3062 1795 3116 rescitum
1844 3075 1991 3118 esset

2098 584 2211 645 τοῖς
2255 581 2464 646 λοιποῖς
2506 583 2896 652 γεγενημένος-
2934 583 2994 635 οὐ
3037 581 3148 653 γὰρ
3187 582 3328 653 νόσῳ
3366 582 3701 654 διαφθαρεὶς

2100 672 2225 726 οὐδὲ
2265 672 2464 744 βρόχῳ,
2491 672 2612 725 οὐδέ
2643 673 2799 746 πυρὶ,
2847 673 2971 726 οὐδὲ
3019 673 3126 743 μὴν
3166 673 3285 726 κατ’
3329 673 3463 726 αὐτὸ
3491 674 3557 727 τὸ
3595 674 3699 729 τοῦ

2098 762 2334 835 σταυροῦ
2386 764 2650 835 τρόπαιον
2696 764 2900 835 ὁμοίως
2949 768 3064 828 τοῖς
3103 765 3311 830 λοιποῖς
3357 766 3702 838 κακούργοις

2096 856 2430 927 ὑποτμηθεὶς
2466 856 2691 928 σιδήρῳ,
2724 857 2833 909 οὐδ’
2872 857 3008 921 ὅλως
3037 858 3176 929 πρός
3203 875 3349 922 τινος
3382 858 3701 932 ἀνθρώπων

2098 947 2289 1003 παθών
2331 966 2384 1002 τι
2422 947 2530 1001 τῶν
2570 950 2818 1019 ἀναιρεῖν
2855 948 3147 1015 εἰωθότων,
3189 949 3372 1021 βιαίαν
3424 953 3700 1024 ὑπέμεινε

2095 1040 2370 1112 τελευτήν·
2422 1040 2539 1095 ἀλλ’
2573 1041 2649 1104 ὡς
2690 1040 2855 1105 αὐτὸς
2903 1042 3062 1112 μόνον
3105 1042 3246 1097 ἑκὼν
3289 1045 3582 1116 παρεδίδου
3632 1046 3703 1100 τὸ

2098 1129 2262 1182 αὐτοῦ
2307 1128 2534 1200 ὄργανον
2572 1131 2686 1192 τοῖς
2720 1129 3165 1185 ἐπιϐουλεύουσι·
3201 1132 3265 1186 τὸ
3299 1134 3400 1203 μὲν
3440 1134 3551 1187 άπὸ
3587 1136 3703 1205 γῆς

2096 1218 2403 1290 ἀνωρθοῦτο
2433 1219 2648 1273 αὐτίκασ
2674 1222 2704 1274 ό
2729 1220 2787 1274 δὲ
2813 1224 3068 1294 φωνήσας
3095 1224 3260 1295 μέγα,
3290 1225 3386 1278 καὶ
3407 1226 3486 1296 τῷ
3510 1228 3700 1298 Πατρὶ

2094 1308 2156 1361 τὸ
2198 1309 2415 1380 πνεῦμα
2460 1310 2860 1382 παρατίθεσθαι
2901 1311 3093 1377 εἰπὼν,
3142 1313 3343 1383 ἄφετος
3385 1316 3551 1379 αὐτὸς
3592 1319 3698 1386 ἀφ’

2097 1402 2291 1455 ἐαυτοῦ
2319 1404 2418 1473 τὴν
2445 1406 2510 1457 ἐκ
2536 1402 2632 1455 τοῦ
2665 1403 2928 1475 σώματος.
2942 1405 3289 1478 ἀναχώρησιν
3304 1410 3579 1490 ,ἐποιεῖτσ
3607 1408 3701 1462 διὸ

2094 1498 2158 1569 δὴ
2187 1500 2293 1569 πρὸ
2323 1499 2418 1553 τοῦ
2456 1501 2690 1557 θανάτου
2719 1505 2832 1566 τοῖς
2859 1502 3023 1556 αὐτοῦ
3046 1503 3341 1574 γνωρίμοις
3370 1505 3531 1559 τοῦτο
3557 1505 3700 1559 αὐτὸ

2097 1593 2381 1664 παρεδίδου
2415 1594 2683 1649 διδάσκων
2732 1596 2827 1650 καί
2869 1594 3064 1663 λέγων·
3115 1596 3326 1662 Οὐδεὶς
3375 1597 3531 1665 αἴρει
3572 1596 3700 1664 τὴν

2095 1685 2307 1755 ψυχήν
2329 1705 2450 1756 μου
2477 1688 2578 1742 ἀπ’
2608 1687 2778 1757 ἐμοῦ,
2816 1689 2955 1744 ἀλλ’
2981 1690 3097 1759 ἐγὼ
3124 1690 3327 1758 τίθημι
3357 1689 3559 1758 αὐτὴν
3584 1691 3696 1745 ἀπ’

2095 1777 2376 1841 ἐμαυτοῦ·
2407 1778 2703 1844 ἐξουσίαν
2737 1781 2856 1849 ἔχω
2882 1780 3070 1834 θεῖναι
3109 1780 3328 1851 αὐτὴν,
3359 1782 3459 1836 καὶ
3496 1782 3698 1841 πάλιν

2092 1871 2384 1936 ἐξουσίαν
2406 1873 2524 1942 ἔχω
2554 1874 2765 1928 λαϐεῖν
2789 1874 3004 1941 αὐτήν.

2164 1965 2242 2036 (7)
2286 1967 2350 2019 Τί
2379 1962 2471 2020 οὖν
2497 1967 2590 2019 ἐπὶ
2631 1968 2844 2033 τούτοις
2880 1968 3150 2032 λείπεται,
3178 1969 3212 2041 ἢ
3239 1969 3372 2022 αὐτὸ
3399 1969 3464 2040 δὴ
3494 1969 3558 2022 τὸ
3588 1969 3694 2023 τοῦ

2094 2058 2296 2122 παντὸς
2355 2059 2652 2130 κεφάλαιον
2708 2060 2901 2114 ὁποίαν
2962 2060 3121 2131 ἔσχεν
3166 2063 3345 2115 αἰτίαν
3410 2061 3691 2128 ἐξειπεῖνς

2092 2150 2236 2219 λέγω
2277 2151 2333 2204 δέ
2366 2151 2427 2204 τὸ
2465 2151 2903 2224 πολυθρύλλητον
2943 2152 3038 2206 τοῦ
3080 2152 3198 2222 βίου
3241 2153 3411 2216 τέλος,
3455 2153 3553 2207 καὶ
3588 2152 3691 2206 τοῦ

2094 2245 2300 2309 πάθους
2333 2245 2423 2299 τὸν
2465 2246 2689 2316 τρόπον,
2726 2246 2944 2318 καὶτῆς
2978 2246 3117 2316 μετὰ
3152 2247 3243 2299 τὸν
3286 2245 3516 2301 θάνατον
3553 2249 3692 2301 ἀνα-

2094 2334 2335 2398 ϐιώσεως
2359 2335 2526 2389 αὑτοῦ
2549 2335 2610 2389 τὸ
2633 2335 2776 2407 μέγα
2800 2336 3005 2407 θαῦμα.
3032 2338 3094 2390 Εἰ
3122 2338 3219 2408 μὲν
3241 2334 3335 2392 οὖν
3362 2338 3538 2399 ἄλλως
3568 2356 3693 2403 πως

2097 2426 2237 2498 μετὰ
2272 2427 2370 2491 τὰς
2413 2429 2471 2481 ἐν
2515 2427 2825 2499 ἀνθρώποις
2864 2428 3148 2499 διατριϐὰς
3185 2430 3397 2500 ἀφανὴς
3444 2430 3692 2499 γεγονὼς

2094 2519 2352 2589 ἐξαίφνης
2395 2520 2636 2592 άπέπτη,
2679 2520 2991 2591 ὑποκλέψας
3044 2522 3219 2595 λάθρα
3257 2523 3449 2577 ἑαυτὸν
3487 2524 3586 2577 καὶ
3625 2524 3692 2579 τδ

2092 2613 2291 2664 οἰκεῖον
2316 2611 2563 2682 ἄγαλμα,
2599 2615 2745 2684 φυγῇ
2786 2614 2880 2666 τὸν
2921 2613 3148 2668 θάνατον
3190 2614 3472 2686 διαδράναι
3517 2632 3693 2669 σπου-

2093 2704 2284 2767 δάσας,
2305 2704 2543 2758 κᾶπειτά
2571 2720 2674 2757 που
2700 2705 2761 2758 τὸ
2784 2705 2976 2778 θνητὸν
3003 2707 3166 2771 αὐτὸς
3189 2708 3256 2761 δι’
3278 2708 3474 2762 ἑαυτοῦ
3503 2708 3690 2781 φθορᾷ

2095 2797 2189 2850 καί
2217 2797 2463 2868 ἀπωλείᾳ
2484 2797 2812 2869 συνεψήσας,
2838 2799 3084 2869 φάσματι
3108 2799 3175 2853 ἂν
3198 2800 3360 2869 ἐῴκει
3385 2803 3500 2864 τοῖς
3524 2802 3687 2854 πᾶσιο

2095 2890 2189 2943 καὶ
2218 2891 2317 2943 οὐκ
2344 2890 2410 2943 ἂν
2432 2889 2593 2953 αὐτὸς
2618 2890 2768 2961 αὐτῷ
2790 2890 2858 2944 τὰ
2883 2891 3165 2963 πρέποντα
3191 2892 3545 2964 διεπράξατο,
3574 2892 3687 2958 ζῶν

2098 2982 2195 3052 μὲν
2223 2982 2503 3052 τυγχάνων
2530 2983 2623 3034 καὶ
2654 2980 2791 3034 Θεοῦ
2824 2982 2997 3051 Λόγος
3035 2982 3131 3036 καὶ
3164 2981 3419 3054 δύναμις,
3459 2983 3580 3037 οὔτ’
3615 2987 3689 3039 ἂν

2094 3073 2339 3145 ἐγνώσθη
2361 3076 2468 3145 ὅπη
2492 3074 2624 3126 ποτὲ
2643 3074 2855 3145 ὑπῆρχε
2875 3075 3024 3146 χωρή
3034 3092 3151 3138 σας,
3170 3073 3284 3127 οὔτ’
3309 3074 3375 3127 ἂν
3400 3074 3687 3147 ἐπιστώθη

411 3156 651 3208 quonam
687 3144 1050 3209 excessisset;
1106 3160 1282 3214 neque
1328 3149 1379 3201 id
1433 3152 1701 3206 creditum
1737 3165 1883 3209 esset
1919 3157 1987 3210 ab

2100 3168 2205 3228 τοῖς
2261 3144 2336 3236 μὴ
2379 3144 2799 3236 παρειληφόσιν,
2834 3144 2970 3217 οὔτί
2995 3144 3063 3218 ἂν
3100 3164 3331 3219 θανάτου
3371 3166 3473 3238 τὴν
3517 3144 3689 3236 φύσιν

413 3236 525 3292 illis
552 3238 749 3305 quibus
782 3238 1145 3307 signiﬁcatum
1184 3256 1288 3295 non
1318 3240 1510 3295 fuisset
1542 3260 1558 3309 ;
1609 3259 1783 3313 neque
1828 3255 1985 3301 natu-

413 3328 606 3382 raliter
635 3340 808 3384 morte
836 3330 1030 3387 fortior
1075 3333 1452 3402 apparuisset;
1495 3348 1668 3403 neque
1703 3338 1990 3405 lpropriam

415 3432 674 3473 naturam
705 3437 735 3474 a
772 3423 1113 3478 mortalitate
1145 3425 1523 3490 liberavisset;
1568 3440 1741 3495 neque
1787 3443 1850 3481 ea
1900 3445 1990 3484 res

413 3518 531 3563 toto
546 3512 613 3564 ab
650 3512 960 3568 [nominibus
992 3514 1239 3568 habitato
1268 3513 1400 3566 urbe
1422 3515 1673 3567 exaudita
1692 3527 1840 3570 esset
1862 3534 1877 3582 ;
1902 3532 1992 3570 ne-

413 3617 520 3670 que
538 3602 821 3673 discipulis
849 3604 964 3658 suis
990 3607 1182 3659 mortis
1206 3615 1574 3674 contemptum
1592 3611 1948 3676 persdasisset
1971 3626 1988 3676 ;

414 3706 592 3761 neque
619 3693 913 3762 tttagisterii
945 3693 1030 3747 sui
1064 3693 1300 3748 alumnis
1329 3695 1449 3749 vitae
1468 3707 1586 3766 post
1613 3696 1819 3751 obitum
1848 3699 1992 3766 apud

412 3782 584 3836 Deum
642 3786 861 3854 agenda:
896 3799 1045 3853 spem
1093 3785 1381 3840 obtulisset
1413 3802 1429 3851 ;
1466 3801 1641 3855 neque
1675 3803 1990 3843 sermonum

412 3890 635 3929 suorum
668 3878 934 3945 promissa
969 3877 1409 3946 adimplevisset;
1445 3894 1622 3948 neque
1658 3883 1991 3950 pr0pheticis

414 3969 484 4023 de
536 3982 595 4022 se
631 3968 1076 4036 praedictionibus
1120 3984 1415 4038 ceugruum
1461 3972 1667 4026 exitum
1706 3976 1991 4041 praestitis-

414 4069 533 4123 set;
566 4073 739 4127 neque
768 4071 1102 4128 postremum
1129 4061 1372 4114 omnium
1416 4062 1726 4117 conﬂictum
1753 4104 1768 4130 ,
1798 4067 1988 4122 videli-

414 4159 505 4203 cet
527 4150 789 4205 adversus
821 4162 1074 4217 mortem,
1106 4155 1519 4209 decertavisset.

459 4242 717 4313 :Propter
771 4245 887 4299 haec
951 4247 1177 4313 omnia.
1232 4250 1359 4316 quia
1422 4264 1644 4320 prorsus
1703 4253 1991 4321 oportebat

412 4335 645 4389 mortale
670 4350 973 4404 organum,
1008 4349 1129 4406 post
1158 4339 1435 4394 suﬁiciens
1485 4341 1842 4397 ministerium
1879 4346 1989 4401 Deo

418 4422 595 4480 Verbo
622 4426 949 4490 exhibitum,
971 4428 1130 4481 tinem
1166 4431 1513 4499 Deediguum
1543 4435 1810 4500 nancisci,
1841 4436 1984 4501 ideo,

2097 3258 2271 3328 ἐφάνη
2302 3257 2586 3329 κρείττων,
2615 3256 2728 3310 οὔτ’
2756 3257 2823 3310 ἂν
2858 3257 2920 3309 τὸ
2945 3257 3138 3326 θνητὸν
3159 3258 3260 3328 τῆς
3294 3258 3503 3321 οἰκείας
3529 3248 3689 3327 ἠλευ-

2097 3349 2257 3421 θέρου
2287 3349 2521 3419 φύσεως,
2551 3349 2668 3403 οὒτ’
2715 3348 2780 3404 ἂν
2813 3348 2934 3403 καθ’
2971 3349 3099 3420 ὅλης
3137 3352 3237 3421 τῆς
3268 3349 3576 3420 ἀνθρώπων
3601 3351 3686 3403 οῖ-

2097 3458 2194 3494 κου
2203 3442 2368 3512 μένης
2389 3441 2653 3512 ἠκούσθη,
2675 3442 2787 3495 οὔτ’
2811 3441 2876 3495 ἂν
2911 3440 3143 3494 θανάτου
3170 3444 3533 3513 καταφρονεῖν
3558 3442 3687 3506 τοὺς

2095 3534 2260 3588 αὐτοῦ
2300 3534 2548 3606 μαθητὰς
2579 3534 2818 3597 ἔπεισεν,
2870 3526 2981 3587 οὔτ’
3032 3533 3099 3587 ἂν
3132 3533 3229 3604 τῆς
3278 3534 3417 3603 μετὰ
3452 3533 3686 3589 θάνατον

2098 3625 2248 3697 παρὰ
2276 3624 2393 3695 Θεῴ
2427 3624 2572 3697 ζωῆς
2603 3629 2715 3689 τοῖς
2747 3626 2844 3697 τὴν
2875 3624 3041 3678 αὐτοῦ
3068 3624 3416 3678 διδασκαλίαν
3462 3625 3685 3696 μετιοῦ-

2099 3736 2182 3771 σιν
2210 3717 2443 3791 [ἐλπίδα]
2488 3719 2891 3790 παρεστήσατο,
2925 3716 3038 3770 οὔτ’
3067 3716 3132 3772 ἂν
3164 3717 3275 3770 τῶν
3312 3718 3479 3771 αὐτοῦ
3508 3718 3685 3786 λόγων

2096 3811 2194 3874 τὰς
2235 3811 2566 3880 ἐπαγγελίας
2598 3811 2861 3881 ἐπλήρου,
2891 3809 3001 3864 οὔτ’
3045 3810 3113 3864 ἂν
3151 3812 3270 3875 ταῖς
3312 3814 3681 3881 προφητικαῖς

2097 3905 2226 3975 περί
2260 3902 2424 3958 αὐτού
2452 3905 2788 3974 προρῤήσεσι
2816 3902 3082 3973 σύμφωνα
3107 3905 3336 3973 παρεῖχε
3363 3902 3435 3955 τὰ
3478 3904 3679 3956 ἀποτε-

2096 3997 2365 4067 λέσματα,
2414 3995 2527 4049 οὔτ’
2565 3996 2632 4049 ἂν
2677 3995 2768 4048 τὸν
2796 3995 3026 4048 ὕστατον
3078 3994 3334 4048 ἁπάντων
3361 3994 3550 4062 ἀγῶνα
3570 3995 3683 4069 διη-

2098 4088 2305 4160 θλήκει·
2340 4082 2494 4152 οὗτος
2515 4088 2559 4141 δ’
2586 4084 2656 4160 ἦν
2686 4089 2716 4141 ὁ
2737 4087 2876 4143 κατὰ
2902 4087 2998 4141 τοῦ
3033 4087 3264 4142 θανάτου
3300 4087 3399 4160 (8).

2167 4268 2256 4320 Διὸ
2307 4268 2370 4340 δὴ
2412 4268 2616 4321 τούτων
2667 4268 2827 4320 ἕνεκα
2880 4266 3120 4331 πάντων,
3167 4266 3354 4338 ἐπειδὴ
3398 4267 3571 4338 ἐχρῆν
3619 4267 3681 4333 ἐξ

2097 4358 2333 4422 ἅπαντος
2360 4354 2421 4411 τὸ
2454 4358 2647 4429 θνητὸν
2679 4359 2907 4429 ὄργανον
2956 4357 3094 4429 μετὰ
3136 4358 3236 4428 τὴν
3278 4358 3529 4428 αὐτάρκη
3560 4357 3676 4411 δια-

2095 4452 2279 4504 κονίαν
2324 4452 2391 4521 ἥν
2428 4450 2505 4521 τῷ
2556 4450 2676 4521 Θεῷ
2711 4449 2869 4519 Λόγῳ
2907 4450 3288 4520 διηκονήσατο,
3325 4449 3515 4512 τέλους
3563 4448 3680 4502 θεο-

412 4518 661 4588 inquam,
703 4519 809 4572 tale
842 4521 1031 4573 mortis
1057 4535 1229 4589 genus
1256 4522 1439 4590 elegit.
1489 4523 1618 4575 Nam
1670 4540 1835 4593 quum
1873 4532 1990 4582 dua:

2100 4540 2341 4612 πρεποῦς
2372 4543 2575 4611 τυχεῖν,
2611 4539 2786 4612 ταύτῃ
2824 4557 2898 4610 πη
2932 4537 3081 4608 αὑτῷ
3107 4538 3201 4591 καὶ
3228 4538 3257 4588 ὁ
3284 4536 3514 4600 θάνατος
3539 4534 3676 4607 ᾠκο-

413 4611 903 4665 eunsummatiOuis
958 4612 1199 4666 rationes
1265 4618 1635 4670 tantummodo
1692 4619 1983 4683 adessent,

412 4717 608 4771 nempe
638 4702 718 4756 vel
757 4705 1080 4772 corruptelae
1113 4714 1276 4773 atque
1326 4708 1492 4760 exitio
1528 4719 1694 4761 totum
1728 4711 1943 4764 tradere
1968 4751 1984 4775 ,

415 4804 579 4862 atque
606 4796 678 4848 ita
708 4796 1078 4862 turpissimum
1111 4796 1289 4851 facere
1322 4799 1444 4851 vita:
1488 4798 1686 4865 ﬁnem;
1722 4802 1802 4854 vel
1824 4804 1982 4856 morti

414 4885 749 4952 superiorem
786 4897 958 4940 semet
980 4888 1288 4951 ostendere,
1326 4889 1509 4941 divina
1539 4892 1734 4945 virtute
1763 4894 1988 4948 immor-

415 4976 526 5027 tale
572 4973 850 5030 eﬂicientlo
898 4979 1040 5046 quod
1096 4981 1326 5034 mortale
1374 4992 1524 5046 erat;
1580 4986 1728 5052 prior
1770 4987 1985 5053 quidem

413 5065 604 5118 modus
657 5067 1104 5133 promissionibus
1159 5072 1366 5127 alienus
1423 5085 1575 5140 erat;
1633 5091 1757 5129 nam
1813 5093 1989 5147 neque

413 5154 557 5224 ignis
582 5158 858 5225 proprium
899 5170 983 5214 est
1032 5161 1351 5231 frigescere,
1387 5181 1560 5235 neque
1594 5169 1731 5223 lueis
1762 5170 1989 5226 obteue-

413 5248 597 5313 brari,
657 5265 835 5320 neque
866 5253 987 5306 vita:
1040 5257 1210 5319 mori,
1252 5272 1429 5325 neque
1475 5260 1673 5314 divina:
1708 5264 1988 5333 sapientia:

415 5339 736 5410 insipienter
781 5358 958 5413 agere.
995 5344 1102 5400 Cur
1140 5347 1284 5400 enim
1318 5348 1386 5413 is,
1432 5350 1525 5418 qui
1576 5353 1791 5408 caeteris
1819 5358 1983 5411 vitam

487 5453 534 5484 ⁸⁷
561 5452 718 5509 Joan.
757 5473 811 5522 Χ,
855 5460 944 5513 18.

593 5569 726 5649 (ξεν-(ι.
752 5573 814 5625 Α.
841 5572 880 5649 f.
913 5574 1037 5628 509.
1063 5574 1115 5649 b.
1141 5575 1244 5649 Th.
1274 5575 1398 5647 Syr.
1430 5592 1513 5640 ιιι,
1539 5578 1611 5634 45
1631 5596 1749 5649 seq.

488 5640 707 5716 (8)__liis
733 5645 912 5696 causis
940 5646 1131 5699 mortis
1168 5640 1367 5702 Chriin
1413 5651 1610 5703 nollem
1654 5640 1986 5716 iit-Anglica-

401 5709 766 5788 ,na_etlitione
815 5716 1027 5788 additas
1071 5717 1239 5788 fuisse
1273 5720 1579 5776 nunterales
1619 5709 1984 5788 nutasfquasi

416 5779 638 5834 totidem
664 5781 771 5834 sint
807 5785 989 5853 operis
1025 5786 1282 5855 capitula.

2093 4636 2325 4697 νομεῖτο.
2359 4634 2515 4685 Δυοῖν
2540 4631 2649 4701 γὰρ
2687 4628 3026 4700 λειπομένων
3052 4627 3131 4699 τῷ
3156 4626 3321 4691 τέλει,
3353 4625 3386 4697 ἢ
3433 4625 3613 4697 φθορᾷ
3640 4625 3672 4695 ἢ

2091 4724 2337 4795 ἀπωλείᾳ
2374 4722 2708 4795 παραδοῦναι
2735 4722 2796 4775 τὸ
2829 4723 2958 4787 πᾶν,
2995 4720 3089 4775 καὶ
3126 4719 3416 4790 αἰσχίστην
3441 4719 3672 4787 ποιήσα-

2093 4815 2215 4866 σθαι
2241 4814 2336 4885 τὴν
2355 4815 2448 4867 τοῦ
2481 4815 2596 4885 βίου
2625 4815 3030 4885 καταστροφὴν,
3060 4812 3093 4882 ἢ
3129 4811 3361 4865 θανάτου
3388 4808 3673 4881 κρείττονα

2089 4905 2280 4957 ἑαυτὸν
2316 4908 2500 4975 φῆναι,
2528 4905 2683 4977 θεῖκῇ
2710 4904 2938 4974 δυνάμει
2962 4904 3022 4957 τὸ
3049 4902 3242 4974 θνητὸν
3266 4901 3535 4955 ἀθάνατον
3568 4917 3670 4953 πα-

2090 4999 2519 5067 ραστησάμενον·
2559 4997 2618 5050 τὸ
2657 4998 2756 5069 μὲν
2790 4996 3006 5068 πρῶτον
3046 4995 3316 5048 ἀνοίκειον
3362 4992 3463 5062 τῆς
3494 4992 3667 5061 ἐπαγ-

2086 5090 2294 5157 γελίας
2328 5090 2389 5141 οὐ
2428 5088 2538 5161 γὰρ
2570 5089 2635 5159 δὴ
2667 5089 2838 5160 πυρὸς
2881 5088 3080 5141 οἰκεῖον
3110 5085 3174 5138 τὸ
3203 5084 3396 5155 ψύχειν
3423 5083 3525 5154 (9).
3550 5084 3669 5137 οὐδὲ

2093 5181 2268 5251 φωτὸς
2298 5181 2359 5234 τὸ
2406 5181 2690 5246 σκοτίζειν,
2740 5180 2912 5246 οὕτως
2949 5180 3071 5234 οὺδέ
3106 5178 3251 5249 ζωῆς
3290 5177 3352 5230 τὸ
3383 5175 3664 5236 θανατοῦν,

2091 5273 2210 5327 οὐδὲ
2253 5273 2347 5326 τοῦ
2385 5273 2521 5327 Θεοῦ
2547 5274 2722 5343 Λόγου
2759 5276 2817 5326 τὸ
2844 5272 3167 5346 παραλόγως
3212 5271 3475 5342 ἐνεργεῖν
3518 5269 3666 5320 ποῖον

2091 5361 2183 5419 οὖν
2220 5362 2332 5436 εἶχε
2364 5365 2520 5434 λόγον
2549 5366 2639 5419 τὸν
2669 5364 2878 5437 ἑτέροις
2915 5362 3060 5435 ζωὴν
3089 5361 3576 5433 ἐπαγγελλόμενον,
3602 5355 3664 5409 τὸ

2166 5588 2245 5656 (9)
2278 5587 2447 5642 Verba
2470 5587 2704 5666 ψύχειν,
2728 5586 3017 5652 σκοτίζειν,
3043 5586 3330 5666 θανατοῦν,
3362 5601 3471 5639 non
3492 5587 3665 5666 activo

2094 5664 2190 5711 sed
2220 5671 2415 5711 neutro
2457 5675 2621 5712 sensu
2652 5659 2742 5714 hic
2775 5671 2899 5714 esse
2940 5658 3257 5729 accipienda
3290 5659 3463 5727 Syrus
3502 5658 3666 5711 inter-

2090 5745 2216 5799 pres
2247 5731 2608 5783 demonstrat.
