3858 6214
204 353 318 411 613

1561 346 1660 411 DE
1700 308 2191 412 rumpamus

3375 357 3483 417 614

202 473 410 527 οἰκεῖον
451 472 685 545 δργανον
716 472 1086 546 φθειρόμενον
1142 472 1422 547 παριδεῖνς
1477 473 1687 529 Οὐκοῦν
1737 473 1800 527 τὸ

1909 474 2268 545 promiserat,
2311 484 2578 545 organum
2610 491 2767 532 suum
2798 479 3204 549 corruptionem
3240 482 3350 551 pati
3388 497 3484 535 nc-

202 562 459 636 δεύτερον
484 567 778 636 ἀναγκαῖον
799 563 888 638 ἦν.
916 567 1062 635 λέγω
1085 567 1143 620 δέ
1166 568 1226 620 τὸ
1257 566 1487 620 θανάτου
1517 566 1802 637 κρείττονα

202 655 405 710 ἑαυτὸν
434 658 617 728 φῆναι.
652 659 777 722 Πῶς
804 655 898 712 οὖν
925 658 1098 730 ἐχρῆν
1120 656 1279 710 τοῦτο
1304 656 1665 729 ποιήσασθαι;
1692 658 1803 711 Λα-

203 746 422 817 θραίως
445 750 554 821 ἄρα
574 751 670 802 καὶ
694 750 1068 820 κλοπιμαίως;
1102 750 1133 820 ἢ
1156 752 1267 813 τοῖς
1287 751 1453 802 πᾶσιν
1478 748 1802 821 ἀριπρεπῶς

204 842 308 895 καὶ
342 841 636 914 διαδήλως;
689 842 851 896 Ἀλλὰ
893 843 1107 896 σκότιον
1150 843 1250 913 μὲν
1280 843 1376 896 καὶ
1403 842 1632 913 κρύφιον
1670 841 1803 894 αὐτὸ

205 933 456 1006 πραχθὲν
490 934 553 987 τὸ
575 935 928 1007 κατόρθωμα,
957 934 1144 1006 μηδενὶ
1186 934 1243 987 δὲ
1271 935 1534 1003 γνωσθὲν,
1560 935 1711 988 οὐδὲν
1736 935 1802 988 ἂν

204 1026 411 1098 ὤνησε·
446 1027 638 1098 βοηθέν
660 1028 717 1080 δὲ
747 1029 843 1082 καὶ
867 1027 1132 1081 άκουσθέν
1161 1028 1244 1090 εἰς
1266 1027 1499 1094 πάντας,
1525 1029 1639 1091 τοῖς
1668 1028 1802 1081 πᾶσι

203 1121 312 1190 τὴν
353 1121 420 1175 ἐκ
454 1120 549 1173 τοῦ
594 1120 873 1191 θαύματος
918 1124 1182 1193 παρεῖχεν
1231 1120 1518 1188 ὠφέλειαν.
1564 1119 1804 1184 Εἰκότως

204 1211 343 1284 ἄρα,
372 1212 561 1284 ἐπειδὴ
608 1213 776 1283 ἐχρῆν
809 1212 871 1265 τὺ
907 1212 1076 1265 αὐτοῦ
1116 1211 1346 1283 ὄργανον
1369 1214 1615 1283 κρεῖττον
1641 1210 1805 1264 θανά-

204 1320 305 1356 του
334 1305 519 1375 φῆναι,
554 1304 651 1357 καὶ
682 1304 841 1357 τοῦτο
864 1303 1069 1375 πρᾶξαι
1102 1303 1176 1375 μὴ
1214 1305 1294 1367 είς
1320 1302 1382 1356 τὸ
1414 1302 1655 1373 λεληθὸς,
1686 1303 1802 1356 ἀλλ’

205 1395 299 1449 ἐπ’
328 1395 513 1464 ὕψεσιν
538 1394 865 1467 ἀνθρώπων,
895 1396 957 1448 οὐ
994 1395 1185 1465 φεύγει
1215 1394 1313 1465 μὲν
1337 1394 1428 1447 τὸν
1459 1394 1708 1448 θάνατον·
1734 1390 1803 1466 ἦν

202 1485 324 1559 γὰρ
361 1485 427 1540 ἂν
451 1485 644 1549 δειλὸς,
681 1487 775 1540 καὶ
816 1485 1048 1541 θανάτου
1080 1485 1279 1557 χείρων
1312 1485 1595 1557 ἐνομίσθη·
1622 1486 1709 1540 διὰ
1747 1486 1805 1539 δὲ

201 1580 312 1649 τῆς
337 1579 473 1650 πρὸς
506 1579 600 1633 τὸν
644 1578 871 1634 θάνατον
907 1578 1250 1650 συμπλοκῆς.
1277 1573 1364 1632 οἷα
1393 1578 1530 1650 πρὸς
1561 1579 1805 1647 ἀνταγωέ

202 1671 400 1742 νιστὴν
435 1670 568 1741 (10),
604 1672 666 1725 τὸ
713 1670 910 1744 θνητόν
960 1671 1228 1725 ἀθάνατον
1270 1670 1532 1743 παρίστη,
1577 1669 1805 1724 ὕστατον

203 1762 403 1830 ἀγῶνα
424 1763 614 1817 τοῦτον
639 1763 781 1834 ὑπὲρ
815 1763 918 1833 τῆς
943 1764 1201 1818 ἁπάντων
1237 1762 1508 1835 σωτηρίας
1542 1764 1635 1817 καὶ
1668 1764 1802 1817 ἀθα-

203 1854 408 1919 νασίας
438 1854 879 1926 ἀναδεδεγμένος.

284 2032 400 2104 (11)
452 2033 508 2086 '0
537 2034 636 2104 μὲν
662 2033 772 2106 γὰρ
800 2033 1015 2107 πρῶτος
1037 2033 1189 2104 αύτῷ
1212 2032 1413 2107 [ἀγὼν]
1447 2034 1591 2089 κατὰ
1610 2035 1804 2106 δαιμό-

200 2141 319 2179 νων
346 2126 631 2197 ἐνηργεῖτο
664 2126 756 2178 ἐπὶ
787 2126 1105 2198 καθαιρέσει
1135 2129 1235 2197 τῆς
1269 2125 1535 2180 πολυθέου
1567 2126 1802 2199 πλάνης·

202 2218 335 2271 ἐπεὶ
354 2217 413 2271 δέ
440 2218 471 2269 ὁ
496 2217 632 2290 πρὸς
660 2218 848 2271 τούσδε
872 2218 1024 2282 τέλος
1045 2213 1193 2289 εἶχεν
1222 2218 1394 2287 ἀγὼν,
1430 2218 1684 2290 δεύτερος
1711 2220 1804 2272 ἐπὶ

202 2307 364 2362 λύσει
389 2308 489 2379 τῆς
508 2308 602 2362 τοῦ
627 2309 857 2363 θανάτου
883 2309 1341 2373 καταδυναστείας
1372 2308 1605 2378 ἐγίνετο·
1628 2311 1677 2363 οἱ
1706 2310 1804 2381 μὲν

203 2400 323 2470 γὰρ
356 2400 480 2453 κατ’
521 2400 687 2453 αὐτοῦ
736 2401 1063 2471 συνηγμένοι
1107 2399 1380 2472 δαίμονες,
1422 2401 1452 2454 ὅ
1498 2419 1558 2455 τε
1600 2401 1805 2454 τούτων

205 2491 482 2562 ἐξάρχων,
507 2491 578 2545 τὰ
607 2490 756 2545 νῶτα
779 2492 923 2559 κατὰ
947 2492 1049 2564 τὴν
1088 2492 1310 2566 πρώτην
1345 2492 1494 2565 αὐτῷ
1529 2493 1804 2565 συμϐολὴν

206 2584 738 2655 παραχωρήσαντες,
761 2584 854 2638 τὸν
898 2583 1150 2657 δεύτερον
1190 2581 1352 2639 ἆθλον
1393 2586 1680 2649 ἐσκόπουν,
1709 2585 1803 2639 τοῦ

208 2671 334 2743 βίου
370 2672 556 2727 λοιπὸν
592 2675 693 2745 τὴν
734 2674 974 2745 ὑστάτην
1017 2675 1401 2747 καταστροφὴν
1438 2676 1802 2748 ἐκδεχόμενοι,

206 2763 312 2816 καὶ
349 2761 448 2833 τὴν
487 2761 582 2815 τοῦ
619 2762 815 2834 θνητοῦ
854 2764 1113 2836 τελευτὴν
1154 2765 1346 2836 ὁμοίαν
1384 2764 1602 2819 ἔσεσθαι
1640 2768 1805 2821 πᾶσιν

205 2853 525 2925 ἀνθρώποις
549 2856 1004 2928 καραδοκοῦντες·
1039 2858 1101 2911 ού
1127 2859 1237 2931 γὰρ
1263 2857 1331 2911 ἂν
1360 2857 1582 2912 πώποτε
1606 2860 1805 2932 θνητὴν

208 2946 379 3016 φύσιν
423 2946 653 3001 θανάτου
695 2949 987 3016 κρείττονα
1062 2949 1317 3018 γενέσθαι
1370 2951 1800 3022 προσεδόκησαν·

206 3038 240 3089 ὁ
257 3036 318 3089 δὲ
345 3036 483 3107 μετὰ
508 3036 578 3089 τὰ
603 3036 796 3109 πρῶτα
824 3038 967 3092 κατὰ
999 3039 1268 3110 δαιμόνων
1301 3041 1539 3113 τρόπαια
1579 3040 1680 3112 ἤδη
1708 3043 1804 3095 καὶ

208 3127 358 3182 κατὰ
385 3127 479 3181 τοῦ
502 3128 737 3184 θανάτου
756 3131 1141 3202 παρετάττετο.
1171 3132 1380 3202 Ὥσπερ
1400 3131 1458 3184 δὲ
1477 3133 1625 3196 εῐτις
1641 3132 1806 3187 ἄκαυ-

213 3236 342 3273 στον
382 3221 516 3292 ἡμῖν
559 3222 656 3275 καὶ
700 3224 873 3295 πυρὸς
922 3226 989 3295 τῇ
1038 3224 1198 3293 φύσει
1241 3227 1487 3297 κρεῖττον
1533 3224 1704 3292 δεῖξαί
1751 3244 1804 3279 τι

214 3311 415 3375 σκεῦος
448 3312 661 3383 ἢθελεν,
686 3316 788 3368 ούκ
815 3314 990 3380 ἄλλως
1012 3314 1079 3370 ἂν
1116 3315 1179 3368 τὸ
1204 3315 1393 3385 θαῦμα
1421 3318 1805 3388 παρεστήσατο

208 3403 249 3476 ἢ
276 3405 409 3476 πυρὶ
431 3406 707 3478 παραδοὺς
727 3409 789 3462 τὸ
818 3409 954 3478 μετὰ
981 3411 1192 3481 χεῖρας,
1216 3408 1454 3462 κᾶπειτα
1498 3407 1636 3463 σῶον
1673 3408 1805 3463 αὐτὸ

213 3496 315 3550 καὶ
344 3496 673 3569 ἀδιάφθορον
703 3497 797 3551 τοῦ
844 3500 1015 3570 πυρὸς
1055 3499 1252 3567 ἐξελών
1288 3501 1421 3573 (12)·
1456 3503 1599 3557 κατὰ
1629 3503 1804 3558 ταῦτα

211 3588 284 3659 δὴ
310 3589 404 3642 καὶ
437 3590 467 3642 ὁ
498 3590 607 3643 τῶν
642 3591 780 3645 ὅλων
819 3591 1081 3658 ζωοποιὺς
1122 3592 1257 3647 Θεοῦ
1288 3595 1483 3663 Λόγος,
1518 3596 1580 3649 τὸ
1609 3596 1802 3669 θνητὸν

212 3680 469 3750 ὄργανον,
525 3673 570 3748 ᾧ
620 3680 756 3753 πρὸς
822 3680 1125 3753 ἀνθρώπων
1182 3683 1450 3757 ἐκέχρητο
1502 3686 1800 3758 σωτηρίαν,

215 3774 466 3843 κρεῖττον
499 3771 726 3835 θανάτου
762 3772 929 3843 φῆναι
971 3773 1272 3846 βουληθεὶς,
1319 3772 1379 3829 εὖ
1431 3775 1577 3847 μάλα
1608 3778 1801 3849 χρησί-

222 3882 332 3935 μην
358 3865 518 3935 ὑπῄει
550 3864 648 3936 τὴν
675 3866 1004 3936 οἰκονομίαν,
1036 3867 1096 3919 τὸ
1125 3865 1286 3936 σῶμα
1319 3867 1455 3939 πρὸς
1495 3867 1667 3940 βραχὺ
1702 3886 1803 3923 κα-

219 3956 464 4010 ταλιπὼν
495 3958 629 4028 (15),
664 3959 758 4011 καὶ
784 3959 844 4011 τὸ
871 3957 1063 4028 θνητὸν
1095 3958 1172 4030 τῷ
1203 3959 1418 4029 θανάτῳ
1447 3961 1607 4014 πάλιν
1637 3963 1801 4031 ὑφαι-

126 4094 131 4101 ,
220 4048 505 4121 ρούμενος,
540 4051 620 4113 εἰς
665 4050 1007 4120 παράστασιν
1039 4051 1137 4121 τῆς
1178 4049 1362 4104 ἐνθέου
1395 4050 1695 4123 δυνάμεως.
1736 4052 1801 4105 Ἡ

218 4140 325 4212 μὲν
357 4136 449 4195 οὖν
480 4140 668 4212 πρώτη
701 4142 848 4195 αἰτία
873 4137 943 4213 ἦν
969 4141 1128 4213 αὕτη.

294 4232 405 4304 (14)
443 4234 678 4305 Δευτὲρα
704 4233 761 4286 δέ
790 4233 889 4303 τῆς
921 4235 978 4287 ἐν
1019 4231 1098 4303 τῷ
1143 4231 1354 4303 σώματι
1394 4232 1799 4305 κατοικησάσης

217 4326 406 4380 ἐνθέου
437 4326 716 4395 δυνάμεως
745 4324 987 4390 ἔνδειξις.
1036 4324 1254 4395 Ἐπειδὴ
1286 4324 1392 4396 γὰρ
1431 4323 1493 4378 τὸ
1534 4325 1801 4397 πρότερον

215 4415 349 4479 τοὺς
377 4415 482 4468 ὑπὸ
519 4413 613 4467 τοῦ
649 4413 879 4468 θανάτου
919 4414 1304 4486 νενικημένους
1339 4414 1537 4485 ἄνδρας
1573 4413 1801 4487 θνητοὺς

217 4506 459 4578 άληθῶς,
504 4507 599 4559 καὶ
631 4505 806 4559 κοινὸν
848 4505 999 4570 τέλος
1042 4505 1518 4576 ύποδεδεγμένους,
1556 4507 1799 4571 ἐθείαζον

217 4599 522 4671 ἄνθρωποι,
549 4599 736 4671 1ἥρωάς
782 4615 842 4651 τε
882 4599 976 4652 καὶ
1023 4598 1178 4662 θεοὺς
1224 4598 1526 4669 ὠνόμαζον·
1576 4600 1801 4665 εἰκότως

215 4694 463 4748 διδάσκει
510 4693 669 4764 μόνον
710 4691 901 4746 τοῦτον
930 4694 990 4745 ἐν
1025 4691 1240 4761 θανάτῳ
1281 4691 1414 4745 Θεὸν
1442 4692 1616 4764 ἀληθῆ
1662 4689 1800 4747 εἷναι

214 4787 524 4857 ὁμολογεῖν,
545 4787 636 4839 τὸν
654 4786 724 4839 τά
744 4784 972 4857 βραδεῖα
992 4785 1092 4855 τῆς
1114 4784 1255 4837 κατὰ
1276 4782 1369 4838 τοῦ
1395 4783 1625 4838 θανάτου
1645 4785 1801 4856 νίκης

215 4879 652 4951 ἀναδησάμενον.
686 4879 795 4950 (15)
829 4877 1001 4949 Τρίτη
1028 4877 1073 4930 δ’
1108 4875 1174 4930 ἂν
1202 4876 1287 4948 εἴη
1324 4876 1471 4930 αίτία
1501 4875 1594 4929 τοῦ
1622 4894 1801 4948 σωτη-

294 5018 406 5089 (Ιθ)
439 5017 535 5073 Hic
572 5018 629 5089 in
660 5018 879 5087 Anglica
913 5015 1292 5089 translatione,
1350 5030 1402 5083 p.
1436 5016 1560 5089 188,
1596 5030 1654 5072 v.
1699 5015 1790 5083 16,

216 5085 476 5158 νὶόεοξθῃ
508 5088 611 5140 (his
632 5085 928 5158 contention
964 5085 1086 5139 with
1120 5086 1297 5147 death,
1324 5102 1383 5138 as
1430 5085 1554 5139 with
1594 5102 1627 5139 a
1676 5100 1801 5139 con-

219 5157 546 5228 tempnrdry,
577 5157 951 5228 conﬂigmhoc
989 5171 1105 5228 cum
1131 5164 1335 5228 morte,
1385 5166 1634 5228 tanquam
1681 5172 1800 5228 cum

218 5224 683 5297 coartentparaneo.
730 5226 990 5295 Syriacus
1015 5224 1158 5297 quid
1186 5226 1396 5297 habeat
1417 5227 1621 5291 nescio,
1670 5227 1798 5297 quia

222 5297 367 5352 libro
399 5290 583 5351 careo.
617 5297 724 5351 Sed
771 5290 927 5350 certe
970 5290 1094 5350 vera
1149 5295 1313 5347 lectio
1358 5293 1543 5349 Graeca
1577 5290 1800 5354 est.'oiat

218 5366 362 5438 πρὸς
385 5366 810 5436 ἀνταγωνιστήν,
840 5375 1101 5438 tanquam
1114 5380 1234 5438 cum
1260 5366 1581 5438 aduersario.
1617 5365 1801 5438 Itaque

220 5433 516 5492 translatio
538 5433 886 5490 emendanda
931 5445 1036 5490 est.
1086 5433 1237 5488 Mitto
1283 5435 1418 5488 alios
1459 5435 1610 5491 locos
1639 5474 1654 5499 ,
1706 5435 1800 5503 qui

219 5522 377 5576 s-que
429 5507 701 5560 interdum
732 5508 797 5559 ad
828 5504 1073 5560 Graecam
1125 5506 1410 5576 veritatem
1463 5503 1799 5576 reformandi

218 5575 514 5642 videntur;
547 5591 723 5645 neque
750 5576 894 5629 enim
933 5575 1335 5645 ego-criticum
1355 5588 1457 5645 ago
1495 5575 1590 5628 sed
1620 5575 1801 5628 edito-

221 5660 360 5700 reut.
390 5643 649 5701 Vicissim
682 5653 889 5711 tamen,
920 5657 981 5715 ut
1020 5657 1194 5715 nuper
1229 5643 1366 5715 dixi,
1396 5643 1657 5715 Syriacus
1692 5655 1800 5697 tex-

217 5724 309 5771 tus
332 5715 583 5772 Graecum
613 5716 901 5769 illuminat.
944 5714 1014 5769 Et
1053 5714 1269 5784 quidem
1323 5712 1564 5781 Grécus,
1614 5723 1798 5781 utpote

221 5802 386 5857 quem
440 5795 755 5842 catenarum
806 5795 1059 5841 auctores
1121 5798 1220 5853 pro
1267 5784 1347 5839 rei
1392 5784 1798 5853 opportunitate

1903 566 2178 638 gligcret?
2229 565 2371 637 Ergo
2396 568 2669 636 posterior
2702 570 2895 625 modus
2945 573 3285 627 necessarius
3337 575 3478 638 fuit,

1903 659 2086 722 morti,
2118 659 2366 729 inquam,
2430 662 2766 728 superiorem
2802 678 2862 717 se
2900 665 3297 719 demonstrare.
3324 666 3476 732 Qua-'-

1907 767 2033 805 nam
2068 766 2199 806 vero
2226 752 2434 806 ratione
2486 753 2538 806 id
2563 755 2787 823 exsequi
2811 770 2946 825 opus
2977 769 3095 809 (ϊίιι
3120 758 3145 809 2
3174 757 3394 812 Clamne
3415 770 3483 823 ac

1902 843 2088 899 furtim
2120 844 2144 897 ?
2195 859 2265 898 an
2318 859 2506 899 coram
2538 848 2794 902 omnibus
2825 850 3105 919 Splendide
3151 865 3215 906 ac
3247 852 3482 907 manife-

1903 945 1985 990 ste
2016 936 2040 990 ?
2093 937 2255 1004 Atqui
2301 939 2419 992 haec
2445 954 2532 993 res
2563 941 2781 1010 egregia
2830 940 2876 996 si
2928 943 3162 997 obscure
3190 952 3243 997 et
3270 944 3485 999 occulte

1904 1039 2024 1085 acta
2051 1030 2262 1095 fuisset,
2292 1033 2515 1085 conscio
2540 1034 2777 1095 nemine,
2811 1033 2945 1087 nihil
2982 1034 3277 1103 profuisset
3310 1051 3486 1090 :con-

1908 1130 1986 1176 Ira
2021 1137 2147 1177 vero
2178 1120 2500 1191 famigcrata
2532 1132 2697 1191 atque
2736 1125 2988 1179 omnibus
3036 1125 3293 1178 exaudita
3323 1165 3338 1189 ,
3380 1125 3485 1179 uti-

1905 1214 2092 1269 raculo
2140 1228 2240 1269 suo
2272 1214 2519 1283 paritura
2575 1224 2695 1269 erat
2742 1216 3109 1269 universalem
3164 1215 3481 1270 utilitatem.

1905 1306 2072 1359 Recte
2119 1306 2308 1376 igitur,
2362 1307 2618 1376 quoniam
2670 1308 2959 1375 oportebat
3005 1308 3175 1375 ipsius
3217 1319 3482 1377 organum
3544 1348 3555 1366 .

1905 1396 2068 1449 morti
2095 1398 2346 1465 superius
2378 1411 2666 1467 apparere,
2702 1409 2864 1466 atque
2898 1397 2950 1451 id
2988 1412 3092 1451 non
3120 1397 3258 1452 c‘lam
3295 1399 3389 1451 sed
3429 1397 3484 1451 in

1906 1498 2198 1557 conspectu
2224 1490 2505 1543 hominum
2539 1490 2679 1553 ﬁeri,
2717 1500 2945 1545 mortem
2986 1503 3091 1543 non
3138 1488 3314 1559 fugit;
3348 1488 3486 1543 alio-

1906 1578 1997 1645 qui
2035 1580 2181 1633 visus
2210 1591 2356 1635 esset
2388 1580 2631 1644 timidus,
2661 1592 2715 1634 et
2747 1590 2921 1636 morte
2949 1582 3182 1637 debilior
3205 1581 3481 1645 creditus;

1904 1671 1998 1726 sed
2024 1672 2275 1727 conﬂictu
2308 1688 2430 1727 cum
2470 1686 2669 1737 morte,
2705 1684 2959 1742 tanquam
2991 1690 3114 1728 cum
3146 1674 3482 1737 adversario,

1907 1761 2045 1818 inito
2069 1802 2084 1828 ,
2111 1765 2255 1832 quod
2282 1764 2511 1818 mortale
2549 1774 2669 1818 erat
2707 1763 2775 1818 ad
2804 1764 3269 1818 immortalitatem
3303 1774 3485 1818 trans-

1833 1834 1878 1890 Β
1923 1855 2066 1917 tulit,
2102 1863 2404 1910 extremum
2439 1856 2584 1911 hunc
2620 1872 2850 1927 agonem
2899 1872 2999 1927 pro
3037 1858 3280 1912 omnium
3308 1858 3488 1913 salute

1904 1958 1959 2002 et
1986 1948 2404 2003 immortalitate
2432 1950 2757 2018 suscipiens.

1978 2038 2112 2093 Nam
2147 2039 2379 2107 priuium
2416 2039 2493 2094 illi
2534 2049 2814 2095 certamen
2862 2039 2965 2094 l'uit
2990 2049 3180 2109 contra
3215 2043 3488 2096 daemones

1903 2128 1975 2185 ob
2024 2129 2367 2200 polytheismi
2434 2143 2675 2186 errorem
2728 2131 3160 2196 destruendum;
3210 2146 3320 2201 quo
3350 2148 3474 2202 per-

1907 2231 2030 2276 acto
2056 2261 2071 2285 ,
2127 2222 2476 2276 subsecutum
2512 2230 2595 2275 est
2626 2222 2925 2277 secundum
2962 2221 3032 2275 ob
3084 2220 3487 2275 dissolvendam

1905 2315 2096 2369 mortis
2149 2315 2598 2369 dominationem.
2650 2312 2973 2381 Conglobati
3030 2308 3176 2368 enim
3228 2312 3493 2367 adversus

1905 2421 2029 2461 eum
2056 2406 2331 2460 daemones
2358 2419 2480 2457 cum
2498 2418 2598 2457 suo
2621 2403 2780 2467 duce,
2800 2412 3087 2472 postquam
3108 2402 3282 2472 primo
3303 2400 3491 2472 prazlio

1910 2507 2059 2567 terga
2091 2506 2391 2561 verterant,
2426 2486 2727 2550 secundum
2759 2493 3148 2558 observabant,
3178 2493 3308 2547 vitae
3330 2492 3490 2547 Chri-

1905 2590 1973 2645 sti
2010 2590 2267 2657 deinceps
2300 2597 2600 2643 extremam
2631 2588 3043 2653 catastropham
3080 2597 3487 2655 exspectantes,

1905 2682 2156 2737 mortalis
2190 2681 2426 2735 hominis
2475 2681 2636 2734 linem
2686 2679 2915 2750 reliquis
2963 2679 3218 2734 omnibus
3253 2677 3489 2734 similent

1907 2774 2022 2829 fore
2051 2782 2335 2841 sperantes
2370 2789 2382 2824 :
2421 2785 2599 2840 neque
2632 2772 2778 2825 enim
2810 2785 3049 2839 unquam
3072 2771 3493 2827 existimassem

1904 2862 2183 2917 mortalem
2212 2874 2459 2915 naturam
2491 2862 2650 2914 morti
2683 2858 2798 2914 fore
2826 2861 3192 2929 superiorem.
3234 2860 3308 2913 At
3327 2859 3491 2915 Chri-

1905 2963 2021 3009 stus
2054 2963 2170 3023 post
2201 2952 2413 3023 priores
2456 2954 2524 3008 de
2557 2952 2894 3007 daamonibus
2930 2951 3135 3006 relatas
3175 2952 3488 3019 manubias,

1899 3040 2010 3111 jam
2039 3051 2231 3097 cutura
2269 3042 2441 3111 ipsam
2479 3055 2710 3096 mortem
2746 3042 2800 3095 in
2832 3041 3004 3096 aciem
3053 3040 3329 3110 prodibat.
3367 3038 3492 3095 Sic-

1912 3142 1971 3187 ut
2016 3145 2199 3189 autem
2234 3133 2279 3187 si
2311 3135 2435 3204 quis
2470 3134 2580 3202 igni
2630 3132 2950 3202 impervium
2981 3141 3150 3201 atque
3199 3132 3492 3202 insupera-

1833 3186 2020 3284 c'hile
2069 3241 2169 3282 vas
2227 3186 2444 3296 aliquod
2475 3186 2855 3280 demonsirare
2889 3186 3093 3290 vellet',
3141 3223 3285 3278 haud
3332 3186 3492 3278 aliter

1906 3321 2046 3376 hanc
2074 3335 2188 3375 rem
2221 3321 2416 3374 miram
2467 3315 2869 3386 comprobaret,
2896 3330 3057 3384 quam
3090 3313 3321 3370 ﬂamma:
3376 3323 3491 3368 tra-

1906 3413 2041 3467 dens
2065 3412 2210 3481 quod
2244 3425 2357 3480 prae
2389 3409 2640 3464 manibus
2664 3408 2916 3470 haberet,
2955 3420 3020 3461 ac
3059 3405 3255 3461 deinde
3280 3405 3495 3460 incolu-

1905 3518 1993 3558 me
2033 3502 2468 3569 inviblatumque
2500 3502 2625 3569 igne
2676 3500 2992 3561 retrahens;
3032 3498 3106 3553 ita
3135 3498 3303 3553 etiam
3344 3498 3493 3568 quod

1903 3591 2086 3648 omnia
2114 3592 2357 3646 viviﬁcat
2384 3590 2479 3645 Dei
2508 3590 2773 3655 Verbum,
2809 3588 3039 3644 mortale
3059 3603 3349 3659 organum,
3379 3603 3491 3657 quo

1905 3686 1972 3740 ad
2002 3686 2282 3741 hominum
2304 3683 2563 3749 ,salutem
2611 3697 2745 3736 usus
2790 3681 2969 3736 fuerat
2995 3720 3011 3743 ,
3050 3691 3227 3735 morte
3259 3681 3494 3741 validius

1904 3779 2282 3833 demonstrare
2308 3775 2497 3831 volens
2519 3813 2534 3839 ,
2562 3773 2698 3828 utile
2750 3773 3041 3828 admodum
3073 3771 3365 3826 consilium
3393 3787 3490 3826 ce-

1903 3870 2024 3940 pit,
2074 3883 2270 3938 corpus
2324 3868 2473 3922 brevi
2534 3875 2780 3936 tempore
2835 3866 3156 3928 deserendi;
3193 3877 3489 3933 rursusque

1904 3962 2047 4030 quod
2101 3966 2375 4013 mortuum
2426 3969 2549 4012 erat
2601 3956 2759 4011 morti
2795 3952 3059 4024 eripiendi
3088 3993 3104 4019 ,
3141 3961 3199 4009 ut
3228 3954 3468 4009 divinam

1902 4054 2156 4107 virtutem
2208 4052 2538 4107 ostenderet.
2586 4051 2766 4122 Atque
2813 4051 2930 4105 haec
2959 4049 3135 4119 prima
3185 4047 3304 4121 (cur
3332 4049 3468 4107 mori

1901 4141 2158 4211 voluerit)
2189 4157 2351 4196 causa
2377 4141 2498 4196 fuit.

1975 4233 2223 4286 Secunda
2278 4231 2381 4286 fuit
2419 4247 2579 4287 causa
2608 4273 2624 4299 ,
2674 4241 2733 4286 ut
2789 4232 3195 4286 demonstraret
3240 4230 3478 4285 divinam

1902 4324 2157 4378 virtutem
2190 4325 2247 4378 in
2279 4339 2378 4378 suo
2426 4339 2654 4392 corpore
2685 4324 3042 4379 inhabitasse.
3072 4323 3207 4377 Nam
3243 4322 3373 4393 quia
3401 4322 3489 4377 vi-

1902 4426 2024 4471 ctos
2072 4426 2229 4471 antea
2263 4425 2436 4471 morte
2469 4416 2616 4470 viros
2643 4455 2657 4480 ,
2687 4431 2815 4470 vere
2857 4415 3117 4469 mortales
3145 4423 3200 4468 et
3239 4427 3487 4468 commu-

1831 4546 1876 4600 ι)
1907 4524 2027 4563 nem
2061 4509 2220 4562 linem
2251 4509 2494 4575 sortitos,
2538 4507 2822 4577 apotheosi
2848 4508 3184 4562 donaveram
3212 4504 3483 4567 homines,

1905 4610 1961 4656 et
1992 4603 2191 4656 heroas
2220 4600 2458 4669 deosque
2497 4600 2931 4661 nominaverant,
2954 4598 3148 4652 merito
3174 4611 3270 4650 nos
3303 4596 3484 4661 docet,

1907 4694 2052 4746 hunc
2083 4708 2252 4746 unum
2282 4690 2335 4745 in
2386 4699 2561 4745 morte
2610 4688 2783 4743 Deum
2817 4704 3004 4743 verum
3046 4703 3167 4743 esse
3213 4687 3483 4753 conﬁteri,

1909 4783 2001 4853 qui
2031 4782 2268 4851 praemiis
2301 4782 2488 4835 relata:
2534 4783 2600 4835 de
2641 4791 2815 4834 morte
2844 4780 3089 4833 victoria)
3120 4787 3291 4832 semet
3322 4792 3483 4831 exor—

1910 4883 2158 4930 naverat.
2210 4873 2396 4928 Tertia
2427 4870 2688 4928 habeatur
2733 4870 2927 4925 mortis
2976 4868 3289 4923 Servatoris
3318 4881 3484 4922 causa

1901 5020 2319 5083 excerpserunt,
2355 5011 2553 5083 multas
2585 5010 2768 5081 operis
2789 5016 2972 5078 partes
2999 5006 3207 5061 amisit.

1972 5085 2085 5155 (Η)
2121 5084 2247 5155 31'"-
2281 5097 2367 5147 ¹¹¹ν
2405 5082 2609 5155 ὅῦνδῗτ
2809 5149 2822 5155 -
3050 5146 3092 5155 ..
3197 5144 3248 5155 ..
3354 5142 3387 5155 -.

1973 5146 2085 5225 (12)
2137 5146 2287 5225 Hanc
2320 5146 2733 5225 similitudinem
2774 5149 2910 5204 citat
2942 5162 3008 5225 ex
3050 5146 3295 5225 Eusebio
3316 5146 3481 5199 etiam

1903 5225 1960 5280 S.
1981 5215 2232 5278 "l‘h'omas
2258 5223 2501 5289 Aquinas
2542 5223 2593 5274 in
2619 5230 2813 5274 catena
2841 5217 3156 5289 suaflsatina
3190 5215 3257 5269 ad
3277 5215 3477 5289 Lucam

1902 5298 1989 5349 ed.
2041 5296 2107 5349 de
2154 5285 2358 5346 Rnbeis
2406 5302 2447 5344 t.
2481 5290 2540 5353 V,
2588 5307 2640 5358 ιι.
2689 5290 2812 5343 564.
2856 5287 3120 5342 Videlicet
3165 5301 3232 5340 ex
3271 5285 3482 5358 catenis

1901 5365 2127 5429 Graecis,
2155 5379 2260 5416 non
2290 5351 2633 5430 originaliter
2659 5375 2725 5415 ex
2751 5358 3113 5425 Theophania,
3136 5370 3300 5426 quam
3331 5351 3482 5408 Thu-

1902 5449 2020 5488 mas
2056 5446 2332 5488 nunquam
2373 5431 2527 5486 vidit.

1974 5504 2114 5575 (1⁵)

1902 5584 2045 5631 iens.

1975 5644 2089 5719 (At!)
2125 5642 2246 5719 §yr-
2274 5658 2357 5704 ιιις
2395 5639 2489 5719 βξ-

1978 5712 2094 5786 (15)
2125 5712 2251 5785 Syr.
2279 5729 2364 5778 ιιι,
2394 5712 2487 5767 59.

2239 5514 2394 5570 empe
2458 5501 2643 5555 anima
2702 5497 3019 5557 destitutum
3079 5511 3203 5554 esse
3252 5494 3482 5568 permit-
