3858 6214
413 317 520 377 615

1094 311 1362 371 EUSEBII
1401 302 1866 371 CASSARiENSlS
1902 305 2050 372 ore.
2093 306 2274 373 mtas
2311 303 2404 372 iv.
2443 349 2515 358 _
2552 317 2976 378 DOGMATICA.

3579 333 3689 391 6l6

412 453 574 514 quam
599 436 842 507 mysticae
868 433 1064 491 lit'terte
1087 435 1389 490 continent.
1416 435 1676 501 Qutenam
1699 437 1783 491 ha:
1809 436 1834 490 τ
1874 436 1965 494 llo-

2092 437 2211 509 ρίου
2247 437 2479 493 θανάτου
2513 441 2580 510 ἢν
2623 440 2926 512 ἀπόρρητοι
2964 441 3112 511 λόγοι
3145 431 3484 518 περιεχουσι.
3524 449 3685 515 Τίνες

413 532 514 584 stia
545 539 664 583 erat
712 543 810 597 pro
839 527 1084 581 universi
1115 526 1335 595 generis
1389 527 1502 580 vita
1537 528 1697 580 morti
1749 528 1938 583 devota
1970 567 1988 593 ,

411 623 589 676 hostia
625 635 723 690 pro
752 630 863 675 toto
893 620 1176 674 hominum
1203 633 1372 689 grege
1398 619 1699 686 immolata,
1730 621 1987 676 diaboliei

409 715 611 770 erroris
635 714 1016 767 averruncatio
1043 728 1056 764 :
1089 727 1200 780 qua
1229 710 1479 766 videlicet
1509 710 1713 775 oblata,
1733 713 1987 766 universa

409 803 664 872 deinceps
697 802 1032 871 impurorum
1061 800 1366 854 daemonum
1397 800 1643 869 polentia
1674 803 1983 868 corruehat,

406 895 693 963 omnisque
712 908 866 948 error
888 891 1277 959 dissipabatur.
1311 891 1453 960 Ergo
1481 893 1594 946 haec
1629 892 1886 947 salutaris
1917 908 1985 946 ex

409 987 722 1042 hominibus
754 985 996 1048 victima,
1022 985 1200 1054 ipsum
1226 985 1479 1039 videlicet
1513 998 1836 1053 corporeum
1860 984 1984 1038 Ver-

405 1079 462 1136 bi
489 1093 753 1148 organum
782 1117 796 1142 ,
827 1091 924 1146 pro
955 1077 1266 1131 hominibus
1315 1077 1734 1139 immolabatur;
1765 1076 1831 1129 de
1878 1091 1983 1144 qua

406 1186 580 1228 sacra:
612 1171 812 1224 litterae
832 1169 1104 1232 clamant;
1149 1171 1309 1224 modo
1338 1169 1553 1237 quidem
1591 1185 1604 1220 :
1642 1166 1778 1222 Ecce
1812 1185 1980 1232 agnus

411 1261 506 1318 Dei
545 1265 630 1331 qui
683 1263 819 1316 tollit
866 1271 1137 1330 peccatum
1182 1262 1367 1314 mundi
1421 1257 1502 1326 ⁸³,
1539 1262 1697 1314 modo
1748 1270 1976 1315 autem:

410 1353 680 1425 Tanquam
709 1356 818 1408 ovis
850 1355 918 1406 ad
952 1355 1258 1407 occisionem
1295 1353 1482 1406 ductus
1513 1361 1587 1405 est
1622 1352 1688 1406 ⁸⁸.
1721 1352 1981 1406 Causam-

408 1461 509 1517 que
559 1447 635 1500 rei
689 1447 923 1512 docent,
961 1445 1158 1498 ibidem
1193 1445 1435 1498 dicentes
1471 1461 1484 1498 :
1518 1443 1619 1496 Hic
1642 1454 1852 1512 peccata
1881 1459 1977 1496 no-

407 1545 516 1591 stra
542 1537 694 1605 gerit,
731 1545 776 1588 et
802 1551 897 1603 pro
920 1535 1064 1588 nobis
1099 1534 1272 1598 dolet;
1295 1543 1345 1588 et
1369 1549 1462 1586 nos
1489 1534 1834 1602 reputavimus
1859 1549 1978 1586 eum

405 1628 673 1696 plagal'ttm
717 1639 762 1680 et
812 1627 1080 1698 amictum.
1125 1625 1248 1691 Ipse
1308 1636 1485 1678 autem
1541 1625 1842 1678 vulneratus
1900 1632 1975 1678 est

404 1727 618 1787 prapter
642 1719 944 1788 iniquitates
973 1725 1203 1777 nostras,
1237 1715 1525 1786 languidus
1557 1716 1728 1784 [actus
1750 1725 1826 1769 est
1852 1731 1976 1783 pro-

402 1821 515 1880 pter
545 1811 741 1864 scelera
799 1820 998 1862 nostra.
1049 1807 1345 1876 Disciplina
1393 1809 1538 1876 pacis
1595 1818 1789 1862 nostra:
1823 1823 1978 1876 super

403 1917 545 1969 cum,
579 1904 738 1956 livore
765 1901 878 1970 ejus
900 1901 1076 1954 sanati
1107 1917 1201 1953 nos
1228 1915 1430 1956 sumus.
1463 1897 1652 1952 Cuncti
1699 1902 1830 1951 sicut
1862 1913 1978 1952 oves

401 1994 715 2056 erravimus,
745 1993 1101 2062 unusquisque
1138 2008 1169 2044 a
1201 1992 1283 2045 via
1319 2007 1416 2044 sua
1464 1989 1765 2043 declinavit.
1797 1989 1978 2042 Domi-

402 2096 500 2144 nus
527 2088 749 2141 tradidit
774 2087 921 2140 illum
953 2085 1094 2158 [pro]
1113 2086 1335 2153 peccatis
1361 2087 1553 2139 nostris
1584 2082 1652 2140 '°.
1679 2084 1976 2154 Corporale

400 2182 580 2252 itaque
607 2177 770 2234 Verbi
823 2194 1084 2248 organum
1139 2179 1239 2231 has
1272 2178 1341 2232 ob
1390 2192 1585 2232 causas
1635 2178 1973 2232 immolatum

397 2271 525 2329 fuit.
569 2272 794 2344 Magnus
831 2280 1012 2326 tamen
1057 2269 1295 2338 pontifex
1324 2309 1340 2335 ,
1381 2285 1505 2324 cum
1539 2271 1610 2324 sit
1641 2270 1887 2324 diversus
1941 2284 1974 2324 a

397 2367 640 2430 victima,
672 2363 766 2418 Dei
789 2362 995 2418 scilicet
1020 2360 1284 2425 Verbum,
1315 2361 1491 2416 virtus
1516 2400 1531 2423 ,
1567 2370 1730 2430 atque
1764 2361 1974 2430 sapien-

396 2458 494 2524 tia,
519 2456 660 2510 haud
682 2455 770 2510 diu
799 2463 917 2522 post
941 2469 970 2506 a
999 2463 1169 2508 morte
1207 2463 1478 2508 mortuum
1507 2453 1802 2517 revocavit,
1821 2467 1972 2508 eum-

397 2563 504 2618 que
554 2548 861 2603 communis
910 2556 1109 2600 nostrae
1140 2545 1336 2600 salutis
1365 2545 1789 2611 inchoationem,
1820 2545 1973 2600 vitae-

395 2653 504 2710 que
539 2639 837 2694 secundum
875 2639 1042 2692 Deum
1075 2647 1240 2706 atque
1285 2637 1713 2692 immortalitatis
1746 2637 1972 2708 partici-

393 2746 515 2803 pem
552 2729 853 2793 constituit,
884 2729 1163 2783 victoriale
1197 2727 1466 2784 adversus
1503 2737 1735 2785 mortem
1769 2743 1833 2784 ac
1866 2729 1972 2783 dae-

393 2824 698 2880 moniacam
733 2824 904 2877 aciem
955 2823 1254 2891 trophaeum
1281 2861 1297 2888 ,
1331 2830 1386 2876 et
1415 2822 1718 2891 priscorum
1755 2821 1967 2876 sacrifi-

394 2914 603 2969 ciorum
655 2913 1107 2974 destructorem;
1169 2924 1331 2978 quem
1390 2913 1630 2966 omnium
1686 2911 1967 2966 hominum

394 3006 570 3071 gratia
612 3002 974 3058 resuscitavit.
1012 2999 1243 3071 [Idcirco
1287 3002 1452 3057 etiam
1489 3001 1740 3056 Christus
1794 3001 1968 3055 nomi-

393 3105 556 3150 natus
583 3093 730 3165 fuit.]
785 3094 920 3147 Nam
968 3092 1216 3148 Christus
1262 3108 1476 3157 nomen,
1505 3093 1867 3148 sacerdotium
1894 3095 1965 3147 si-

392 3184 507 3240 mul
537 3193 590 3240 et
624 3200 848 3255 regnum
877 3184 1150 3254 significat
1176 3185 1316 3254 apud
1351 3183 1628 3240 Hebraeos.
1657 3182 1784 3239 Hatc
1820 3185 1963 3238 enim

393 3275 522 3345 ungi
558 3274 826 3330 solebant.

460 3554 668 3614 Prteter
694 3554 1053 3626 supradictas,
1083 3554 1184 3607 alia
1219 3566 1431 3623 quoque
1464 3550 1670 3605 exstitit
1696 3563 1793 3602 cur
1833 3549 1961 3604 Ser-

387 3659 545 3707 water
567 3659 874 3705 moreretur
909 3647 1146 3701 maxima
1178 3659 1341 3700 causa
1364 3684 1380 3709 ,
1427 3659 1548 3713 qua:
1571 3641 1683 3709 jam
1731 3643 1958 3696 dicetur.

387 3743 523 3798 Nam
549 3743 672 3811 quia
714 3754 939 3795 necesse
985 3747 1138 3800 erat,
1189 3738 1356 3808 ipsius
1396 3734 1690 3804 discipulos
1731 3733 1964 3804 propriis

386 3834 565 3890 oculis
612 3846 840 3888 cernere
866 3832 992 3886 vita;
1023 3839 1150 3900 post
1195 3829 1403 3884 obitum
1432 3825 1769 3881 manifestam
1801 3823 1962 3877 resti-

389 3926 650 3980 tutionem
683 3962 699 3986 ,
754 3938 820 3976 ex
885 3936 991 3990 qua
1048 3935 1202 3974 suam
1255 3918 1585 3986 suspendere
1639 3931 1786 3984 spem
1845 3914 1962 3968 illos

387 4001 670 4081 docuerat,
707 4013 934 4082 ctcujus
965 4026 1128 4066 causa
1176 4010 1242 4064 ad
1286 4009 1565 4080 religionis
1609 4007 1794 4076 jugum
1836 4005 1966 4060 sub-

386 4104 621 4159 eundum
675 4103 926 4156 hortatus
959 4100 1168 4165 fuerat;
1216 4099 1408 4153 merito
1449 4099 1586 4152 hanc
1618 4112 1728 4151 rem
1760 4095 1964 4166 perspi-

385 4211 487 4253 eue
511 4195 798 4250 videndam
837 4193 1050 4248 illorum
1081 4192 1254 4247 oculis
1302 4190 1614 4259 objiciebat.
1665 4189 1962 4258 Oportebat

383 4287 528 4341 enim
557 4299 651 4340 eos
679 4283 770 4354 qui
804 4282 947 4352 piam
974 4282 1138 4336 vitam
1191 4288 1348 4335 erant
1393 4279 1717 4348 suscepturi,
1764 4276 1867 4330 hoc
1905 4277 1959 4328 in

381 4377 574 4449 primis
624 4388 968 4443 summopere
1011 4373 1381 4427 necessarium
1429 4372 1806 4425 documentum
1843 4366 1959 4419 evi-

2091 522 2270 593 οὗτοι;
2309 531 2501 600 ἱερεῖον
2545 526 2613 601 ἦν
2647 531 2935 602 ἀντίψυχον
2974 533 3066 587 τοῦ
3119 538 3300 590 κοινοῦ
3339 538 3536 608 γένους.
3570 559 3684 596 πα-

2095 621 2436 692 ραδιδόμενον
2460 622 2539 693 τῷ
2566 623 2800 694 θανάτῳ,
2841 625 3030 694 ἱερεῖον
3061 612 3200 699 ὑπὲρ
3231 629 3332 700 τῆς
3365 633 3551 702 κοινῆς
3570 634 3685 688 τῶν

2089 709 2389 782 ἀνθρώπων
2410 711 2608 782 ἀγέλης
2640 713 3093 784 σφαγιαζόμενον,
3118 716 3439 792 δαιμονικῆς
3470 722 3684 794 πλάνης

2087 800 2479 868 ἀποτρόπαιον·
2510 803 2701 855 τούτου
2728 803 2837 874 γὰρ
2867 802 3267 876 ἀνενεχθέντος,
3310 813 3458 865 πᾶσα
3491 811 3683 867 λοιπὸν

2089 890 2121 960 ἡ
2165 890 2275 944 τῶν
2329 892 2577 962 ἀνάγνων
2617 893 2886 965 δαιμόνων
2938 896 3168 968 δύναμις
3215 900 3527 974 καθῃρεῖτο,
3580 905 3681 958 καὶ

2086 984 2238 1037 πᾶσα
2263 983 2439 1054 πλάνη
2478 988 2722 1058 παρεῖτο.
2777 983 2851 1038 Τὸ
2899 987 2996 1058 μὲν
3025 984 3119 1042 οὖν
3172 992 3442 1063 σωτήριον
3490 993 3547 1058 ἐξ
3581 995 3680 1047 ἁν-

2087 1073 2328 1146 θρὼπων
2354 1075 2524 1148 θῦμα,
2560 1078 2692 1132 αὐτὸ
2717 1077 2781 1150 δὴ
2819 1077 2913 1132 τοῦ
2943 1080 3118 1149 Λόγου
3162 1084 3473 1152 σωματικὸν
3507 1086 3681 1157 ὄργα-

2083 1183 2195 1232 νον,
2227 1168 2369 1241 ὑπὲρ
2408 1169 2710 1241 ἀνθρώπων
2738 1171 3090 1244 καθιεροῢτο·
3125 1169 3185 1229 οὗ
3227 1176 3353 1246 πέρι
3380 1176 3551 1244 λόγων
3602 1179 3679 1231 ἱε-

2087 1258 2195 1330 ρῶν
2231 1259 2395 1329 βοῶσι
2425 1261 2628 1330 φωναίο
2657 1261 2786 1315 ποτὲ
2816 1264 2934 1334 μέν’
2965 1264 3088 1319 Ἴδε
3117 1269 3150 1320 ό
3177 1254 3366 1336 ἀμνὸς
3390 1270 3496 1322 τοῦ
3522 1270 3677 1324 Θεοῦ

2083 1353 2117 1404 ὀ
2157 1352 2340 1418 αἴρων
2377 1351 2493 1420 τὴν
2529 1354 2822 1422 ἁμαρτίαν
2851 1355 2966 1408 ’τοῦ
3003 1359 3257 1426 κόσμου’
3288 1358 3419 1411 ποτὲ
3459 1359 3538 1412 δέ·
3573 1361 3678 1426 Ὠς

2080 1441 2379 1507 πρόϐατον
2403 1441 2503 1496 ἐπὶ
2525 1443 2771 1513 σφαγὴν
2799 1444 2978 1513 ἢχθη.
3015 1446 3126 1498 Καὶ⁴
3158 1434 3220 1499 τό
3246 1464 3308 1515 γε
3333 1447 3505 1500 αἴτιον
3525 1447 3676 1500 διδά-

2082 1549 2303 1587 σκουσιν
2351 1535 2727 1605 ὲπιλέγουσαι⁶
2783 1535 2974 1605 Οὗτος
3016 1540 3124 1605 τὰς
3163 1540 3455 1608 ἁμαρτίας
3497 1540 3675 1610 ἡμῶν

2078 1626 2263 1694 φέρει,
2303 1627 2402 1680 καὶ
2435 1629 2567 1696 περὶ
2603 1629 2773 1698 ἡμῶν
2806 1629 3110 1694 ὀδυνᾶται,
3141 1631 3242 1685 καὶ
3268 1632 3439 1699 ἡμεῖς
3465 1632 3670 1703 ἐλογι-

2078 1717 2308 1786 σάμεθα
2327 1719 2514 1773 αὐτὸν
2532 1721 2684 1774 εἶναι
2709 1721 2779 1774 ἐν
2803 1721 3010 1792 πληγῇ
3032 1724 3128 1777 καὶ
3155 1724 3225 1776 ἐν
3242 1723 3518 1778 κακώσει.
3545 1727 3672 1781 Αὐ-

2007 1789 2051 1848 B
2078 1807 2181 1874 τὸς
2208 1808 2278 1862 δὲ
2309 1811 2748 1881 ἐτραυματίσθη
2784 1814 2881 1869 διὰ
3065 1817 3318 1885 ἀνομίας
3339 1817 3529 1886 ἡμῶν,
3558 1818 3667 1873 καὶ

2072 1903 2512 1971 μεμαλάκίσται
2552 1906 2649 1959 διὰ
2696 1907 2804 1973 τὰς
2848 1909 3136 1977 ἁμαρτίας
3176 1909 3364 1979 ἡμῶν.
3413 1912 3668 1965 Παιδεία

2076 1993 2319 2076 είρήνης
2343 1995 2512 2065 ἡμῶν
2531 1997 2624 2049 ἐπ’
2657 2000 2862 2052 αὐτόν’
2900 1999 2980 2064 τῷ
3005 1999 3250 2068 μώλωπι
3271 2001 3458 2055 αὐτοῦ
3488 2004 3666 2071 ἡμεῖς

2077 2084 2342 2154 ίάθημεν.
2384 2087 2613 2152 Πάντες
2644 2089 2722 2154 ὠς
2755 2087 3018 2156 πρόϐατα
3043 2091 3488 2161 ἐπλανήθημεν,
3526 2094 3668 2148 ἕκα-

2075 2193 2222 2244 στος
2248 2178 2361 2246 τὴν
2390 2179 2535 2232 ὀδόν
2563 2181 2747 2234 αὑτοῦ
2769 2181 3110 2251 ἐπλανήθτν
3135 2185 3235 2237 καὶ
3259 2187 3475 2253 Κύριος
3513 2205 3669 2256 παρ-

2073 2269 2297 2324 έδωκεν
2348 2271 2534 2324 αὐτὸν
2565 2271 2693 2338 ταῖς
2741 2273 3053 2342 ἁμαρτίαις
3091 2276 3278 2345 ἡμῶν.
3316 2277 3389 2331 Τὸ
3436 2281 3534 2348 μὲν
3567 2276 3666 2335 οὖν

2075 2361 2382 2431 σωματικὸν
2410 2362 2505 2416 τοῦ
2538 2363 2712 2432 Λόγου
2743 2365 2972 2434 ὄργανον
2995 2367 3083 2420 διὰ
3103 2368 3305 2432 ταύτας
3335 2370 3668 2442 καθιεροῦτο

2072 2451 2170 2515 τὰς
2203 2453 2404 2518 αἰτίας·
2440 2455 2468 2506 ὀ
2499 2455 2557 2508 δὲ
2594 2456 2763 2525 μέγας
2805 2459 3114 2529 ἀρχιερεὺς,
3161 2460 3347 2530 ἕτερος
3393 2461 3469 2513 ὢν
3504 2463 3666 2534 παρὰ

2070 2543 2132 2596 τὸ
2166 2544 2378 2614 ἱερεῖον,
2410 2543 2546 2598 Θεοῦ
2579 2546 2749 2614 Λόγος
2783 2549 2877 2600 καὶ
2916 2545 3161 2620 δύναμις,
3200 2552 3293 2603 καὶ
3337 2553 3521 2621 σοφία,
3558 2555 3666 2608 οὐκ

2072 2632 2154 2695 είς
2189 2632 2408 2703 μακρὰν
2453 2633 2515 2686 τὸ
2548 2633 2742 2706 θνητόν
2774 2636 3092 2690 ἀνεκαλεῖτο
3123 2638 3217 2690 τοῦ
3261 2638 3517 2706 θανάτου,
3561 2644 3664 2696 καὶ

2070 2722 2228 2776 τοῦτο
2255 2722 2357 2792 τῆς
2382 2723 2568 2794 κοινῆς
2599 2724 2754 2794 ἡμῶν
2783 2727 3056 2798 σωτηρίας
3080 2726 3179 2798 τὴν
3211 2730 3486 2801 ἀπαρχὴν,
3513 2729 3664 2804 ζωῆς

2071 2815 2256 2871 ἐνθέου
2280 2818 2374 2871 καὶ
2396 2817 2695 2883 ἀθανασίας
2726 2819 2948 2890 μέτοχον
2976 2821 3238 2892 παρίστη,
3263 2823 3524 2894 τρόπαιον
3545 2827 3667 2880 ἐπι-

2069 2909 2240 2962 νίκιον
2265 2909 2425 2991 ,κατά
2468 2907 2562 2962 τοῦ
2614 2909 2846 2962 θανάτου
2880 2911 2976 2963 καὶ
3021 2912 3162 2965 κατὰ
3193 2913 3292 2983 τῆς
3335 2915 3665 2988 δαιμονικῆς

2071 2997 2425 3066 παρατάξεως
2448 2998 2581 3068 (16),
2610 2998 2704 3050 καὶ
2725 2998 2832 3052 τῶν
2850 2999 3017 3052 πάλαι
3042 3001 3239 3053 Θυσιῶν
3260 3003 3660 3074 ἀποτρόπαιον,

2069 3091 2226 3144 τοῦτο
2261 3092 2399 3163 ὑπὲρ
2432 3091 2688 3145 ἁπάντων
2718 3090 3020 3160 ἀνθρώπων
3062 3092 3367 3164 ἀνεγείρας.
3404 3094 3519 3166 [Διὸ
3558 3097 3665 3150 καὶ

2069 3182 2300 3254 Χριστὸς
2345 3174 2688 3254 (humidae-1].]
2723 3184 2796 3237 Τὸ
2825 3183 2935 3255 γὰρ
2969 3184 3206 3255 Χριστὸς
3234 3186 3402 3256 ὄνομα
3447 3204 3666 3258 σημαν-

2066 3270 2215 3330 τικὸν
2263 3276 2561 3348 ἱερωσύνης
2611 3278 2728 3348 ἅμα
2776 3277 2869 3331 καὶ
2929 3277 3205 3348 βασιλείας
3255 3277 3407 3350 παρά
3465 3281 3662 3335 παισὶν

2078 3367 2343 3440 Ἑϐραίων
2402 3368 2468 3422 ἂν
2522 3369 2763 3436 γένοιτοο
2814 3369 2985 3424 ταῦτα
3038 3371 3146 3442 γὰρ
3189 3365 3329 3442 ἦσαν
3372 3372 3445 3426 τὰ
3499 3373 3660 3445 χριό-

2069 3475 2206 3531 μεγα
2239 3458 2373 3530 (17).

2135 3549 2246 3622 (18)
2277 3549 2422 3622 Πρὸς
2459 3553 2572 3614 τοῖς
2613 3552 2921 3623 εἰρημένοις
2950 3547 3043 3606 καὶ
3080 3552 3213 3624 ἄλλη
3237 3570 3322 3617 τις
3353 3554 3554 3622 γένοιτ’
3585 3555 3662 3612 ἂν

2061 3641 2156 3695 τοῦ
2191 3642 2458 3713 σωτηρίου
2497 3642 2728 3696 θανάτου
2763 3645 2992 3714 μεγίστη
3019 3645 3164 3697 αἰτία
3191 3646 3222 3715 ἡ
3254 3645 3655 3718 λεχθησομένη.

2063 3733 2174 3803 (19)
2208 3732 2426 3804 Ἐπειδὴ
2453 3732 2560 3804 γὰρ
2579 3738 2690 3798 τοῖς
2711 3735 2872 3788 αὐτοῦ
2898 3739 3179 3807 φοιτηταῖς
3203 3736 3501 3807 ὀφθαλμοῖς
3525 3739 3660 3793 ἰδεῖν

2062 3824 2354 3891 ἀναγκαῖον
2390 3820 2458 3896 ἦν
2495 3825 2639 3895 ζωῆς
2670 3826 2767 3895 τῆς
2822 3827 2958 3895 μετὰ
2991 3826 3216 3880 θάνατον
3259 3829 3513 3899 ἐναργῶς
3545 3847 3658 3882 πα-

2061 3914 2416 3984 λιγγενεσίαν,
2459 3915 2544 3986 ἐφ’
2579 3917 2643 3986 ἢν
2692 3916 2790 3979 τὰς
2817 3912 2996 3970 αὐτῶν
3030 3917 3248 3982 ἐλπίδας
3289 3908 3528 3992 ἀναρτᾷν
3560 3922 3657 3974 αὐ-

2059 4009 2186 4070 τοὺς
2215 4007 2477 4073 ἐδίδασκε,
2512 4007 2576 4060 δι’
2605 4009 2671 4078 ἢν
2706 4006 2798 4061 καὶ
2831 4010 3170 4080 προῦτρεπεν
3205 4011 3401 4075 αὐτοὺς
3430 4012 3654 4082 ἔχεσθαι

2059 4096 2153 4149 τοῦ
2189 4097 2286 4168 τῆς
2319 4095 2624 4159 θεοσεϐείας
2660 4094 2824 4164 ζυγοῦ
2852 4113 2865 4126 ·
2903 4099 3125 4162 εἰκότως
3157 4100 3344 4153 τοῦτον
3375 4103 3506 4172 ὀρᾷν
3547 4103 3652 4154 αὐ-

2059 4189 2170 4250 τοῖς
2201 4185 2500 4258 ὀφθαλμοῖς
2540 4187 2783 4258 ἀκριϐῶς
2813 4192 3095 4259 παρεῖχεν.
3147 4190 3345 4261 Ἐχρῆν
3378 4191 3486 4260 γὰρ
3518 4192 3654 4256 τοὺς

2063 4275 2357 4345 μέλλοντας
2385 4275 2584 4346 εὐσεϐῆ
2619 4275 2858 4345 μετιέναι
2892 4276 3004 4346 βίον
3040 4276 3197 4331 τοῦτο
3226 4278 3441 4350 πρῶτον
3479 4280 3655 4348 ἀναγα

2059 4364 2342 4416 καιότατον
2388 4365 2619 4436 μάθημα
2651 4365 2716 4417 δι’
2757 4365 3023 4438 ἐναργοῦς
3055 4367 3229 4437 ὅψεως
3263 4369 3604 4440 παραλαϐεῖν
3630 4388 3648 4402 ο

381 4469 531 4524 denti
573 4469 768 4523 intuitu
790 4466 1291 4536 comprehendere;
1342 4464 1615 4534 praecipue
1668 4475 1797 4515 vero
1842 4458 1956 4512 illos

2073 4457 2152 4508 ιαί
2175 4456 2308 4509 πολὺ
2346 4457 2542 4526 μᾶλλον
2582 4458 2818 4522 ἐκείνους
2837 4459 2964 4522 τοὺς
2987 4461 3068 4524 είς
3099 4461 3312 4514 ἅπαντα
3335 4463 3435 4533 τὴν
3467 4465 3652 4517 οἰκου-

381 4562 472 4630 qui
507 4561 560 4615 in
605 4561 857 4615 universo
903 4558 1103 4612 mundo
1138 4558 1459 4625 quantocius
1497 4563 1654 4609 erant
1693 4551 1952 4623 praedica-

381 4653 511 4718 turi,
541 4654 979 4723 propositamque
1015 4665 1044 4704 a
1072 4648 1288 4704 Christo
1330 4648 1580 4718 gentibus
1623 4643 1948 4707 doctrinam,

485 4743 531 4776 ⁸⁸
557 4742 712 4798 Joan.
737 4758 777 4806 ι,
817 4742 909 4797 ‘29.
985 4743 1031 4774 ³⁹
1069 4740 1174 4795 lsa.
1210 4756 1327 4806 Lm,
1360 4740 1413 4794 7.
1488 4739 1534 4771 ⁹⁰
1567 4739 1696 4794 ibid.
1727 4735 1842 4791 4-7.

335 4899 342 4907 ,
392 4911 400 4913 Α
452 4840 564 4913 (l6)
614 4839 768 4913 Patet
814 4838 1010 4909 Syrum
1059 4838 1408 4913 interpretem
1435 4837 1648 4913 legisse
1701 4835 1954 4913 πράξτως

379 4906 507 4984 (vel
547 4906 823 4979 ’πράξεων
848 4906 899 4984 ᾖ,
933 4906 1364 4984 quandoquidem
1419 4906 1643 4984 A_ng_lice
1696 4909 1954 4984 scribitur

376 4975 560 5043 deeds,
617 4975 793 5048 opera.
847 4975 965 5032 Sed,
1001 4978 1182 5048 verior
1238 4977 1718 5048 lectio_habeatur
1776 4975 1951 5048 (ἔτ-ιιιρί

383 5052 552 5104 nostri
601 5045 775 5102 textus
815 5045 1195 5120 παρατάξεως,
1232 5063 1392 5120 quam
1420 5045 1536 5120 loci
1566 5046 1951 5120 sententiapo-

379 5120 562 5174 stulat.
583 5120 670 5191 (Et
696 5115 912 5191 quidem
931 5134 1056 5186 pars
1075 5119 1234 5191 hujus
1254 5117 1538 5191 fragmeuti
1566 5115 1762 5191 legitur
1786 5116 1948 5191 etiam

379 5191 433 5243 ln
461 5184 650 5243 catena
677 5184 882 5244 codicis
929 5184 1038 5241 tum
1074 5184 1492 5242 Mediolanensis
1530 5184 1638 5238 tum
1689 5184 1948 5238 Parisiaci

381 5260 434 5328 in
457 5261 553 5328 Ep.
575 5260 642 5313 ad
674 5258 836 5313 Hebr.
867 5258 986 5312 acl.
1017 5256 1275 5312 Cramero
1303 5256 1469 5319 edita,
1494 5271 1547 5322 p.
1573 5254 1699 5328 580.
1728 5255 1744 5322 )
1773 5255 1950 5322 Atque

378 5325 483 5383 hoc
501 5325 633 5383 loco
661 5337 950 5396 antequam
1001 5329 1065 5381 ad
1098 5328 1220 5397 Syri
1248 5328 1557 5394 interpretis
1588 5327 1673 5378 vel
1719 5328 1941 5379 tuendo-

377 5412 497 5450 rum
541 5402 625 5452 vel
651 5399 1023 5452 diversitatum
1055 5399 1420 5452 necessariam
1455 5397 1742 5451 identidem
1785 5410 1940 5448 coar-

376 5468 650 5536 gutionem
675 5467 1013 5536 progredior,
1056 5469 1143 5522 aio
1192 5468 1472 5521 enimvero
1518 5467 1725 5536 priscos
1773 5467 1942 5536 inter-

377 5534 576 5603 pretes,
599 5534 896 5604 praesertim
920 5537 1227 5592 Orientales
1258 5537 1385 5603 (sed
1418 5534 1530 5590 nec,
1548 5534 1768 5588 Latinos
1796 5535 1945 5587 exci‘

375 5605 486 5676 pio)
511 5607 563 5658 iu
603 5607 990 5660 transferendis
1019 5605 1328 5662 Grarcorum
1374 5607 1590 5674 scriptis
1620 5606 1762 5658 haud
1810 5606 1943 5676 satis

373 5674 676 5744 gitendate.
703 5690 821 5743 qua:
846 5678 1079 5729 humana
1109 5676 1399 5729 infirmitas
1427 5686 1542 5739 est,
1589 5689 1646 5727 se
1689 5674 1940 5744 gessisse.

371 5740 554 5797 Testis
586 5740 887 5798 luculentus
930 5747 1102 5798 nostri
1147 5747 1273 5798 item
1313 5745 1527 5799 Eusebii
1563 5740 1948 5798 Cltro'nicorum

376 5811 638 5869 libroruin
670 5813 959 5870 Armenius
985 5816 1271 5884 interpres,
1296 5816 1386 5882 qui
1415 5829 1535 5870 cum
1571 5815 1800 5883 plurima
1833 5813 1948 5868 feli-

2063 4547 2231 4618 μένην
2269 4548 2557 4618 μέλλοντας
2601 4551 2723 4603 ὅσον
2757 4549 2912 4604 οὔπω
2949 4552 3259 4622 κηρύττειν,
3295 4555 3389 4606 καὶ
3415 4554 3516 4626 τὴν
3551 4554 3649 4608 ὑπ’
3691 4565 3700 4626 ξ

2057 4636 2221 4690 αὑτοῦ
2253 4640 2384 4692 πᾶσι
2414 4643 2525 4704 τοῖς
2567 4640 2744 4694 ἔθνεσι
2772 4643 3172 4716 προϐληθεῖσαν
3209 4645 3557 4700 διδασκαλίαν
3584 4665 3650 4701 τε
3691 4636 3693 4660 ³

2067 4847 2202 4897 riter
2243 4842 2606 4906 transtulerit,
2637 4843 2690 4896 in
2720 4843 2902 4897 multis
2935 4852 3116 4897 tamen
3146 4843 3426 4897 evidenter
3451 4858 3646 4912 peccaa

2065 4916 2182 4969 vit:
2223 4927 2386 4980 quam
2435 4926 2535 4980 ego
2587 4917 2905 4966 mendorum
2948 4916 3160 4980 copiam
3215 4916 3266 4966 in
3320 4915 3643 4980 praefatione

2062 4982 2390 5049 scholiisque
2456 4982 2711 5035 editionis
2756 4983 3172 5036 llledioluueusis
3213 4983 3506 5036 lectoribus
3541 4985 3640 5036 de—

2063 5051 2354 5106 monstravi
2387 5060 2552 5119 atque
2585 5053 2819 5105 correxi.
2859 5055 2992 5106 ltem
3026 5053 3094 5106 el.
3129 5053 3313 5106 doctor
3352 5051 3515 5116 Leus,
3543 5054 3638 5118 qui

2061 5121 2410 5191 propterhuc
2437 5136 2572 5188 opus
2600 5120 2947 5189 Theoplmnite
2986 5122 3346 5177 Eusebianum
3377 5125 3444 5174 de
3465 5124 3640 5176 sacris

2061 5190 2259 5246 litteris
2288 5190 2670 5244 immortaliter
2703 5193 2926 5244 meritus
2955 5203 3058 5254 est,
3095 5192 3292 5260 Syrum
3331 5205 3486 5260 suum
3531 5207 3635 5245 non

2058 5262 2224 5316 semel
2251 5262 2600 5326 interpretem
2623 5260 2707 5316 vel
2729 5262 2800 5315 ob
2833 5259 3224 5316 obscuritatem
3264 5259 3350 5314 vel
3400 5260 3537 5316 alias
3566 5263 3638 5314 ob

2048 5346 2248 5386 causas
2286 5332 2534 5400 castigat.

2121 5402 2231 5470 (i7)
2259 5398 2519 5470 Syriacus
2552 5408 2729 5455 textus
2759 5402 2966 5456 accedit
2987 5398 3210 5469 propius
3242 5400 3307 5453 ad
3341 5399 3631 5453 Eusebium

2050 5469 2351 5541 Dento'nst’r.
2381 5470 2580 5541 Evang.
2611 5485 2682 5526 ιν.
2705 5473 2790 5537 11,
2815 5473 2903 5526 ed.
2930 5472 3129 5541 Vigeri,
3165 5486 3217 5538 p.
3253 5471 3409 5541 [ἴθι
3431 5470 3635 5541 Λιόπερ

2050 5540 2146 5661 καέ
2179 5541 2432 5611 χριστοὺς
2473 5536 2757 5612 ὀνομάζειν
2779 5536 2983 5604 αὐτοὺς
3000 5536 3228 5604 ’πάντας
3256 5536 3324 5611 ἦν
3357 5536 3632 5606 Ἐὕραίοις

2053 5629 2110 5661 (οι
2148 5628 2225 5661 ον.

2053 5628 2225 5678 φιΑον.

2124 5680 2236 5752 (A178)
2366 5679 2405 5734 f.
2429 5679 2556 5752 500.
2589 5681 2640 5735 b.
2675 5681 2922 5752 Synttt,
2953 5681 3041 5736 60.

2129 5749 2240 5821 (i9)
2259 5751 2430 5806 Aliter
2458 5751 2661 5821 Syrus;
2687 5749 2831 5808 o’uod
2869 5769 2974 5809 non
3010 5752 3197 5807 orobo.
