3858 6214
181 338 289 390 61⁷

1560 339 1651 392 DE
1687 339 1777 392 ΤΗ
1787 337 2160 393 EOPHANIA.

3345 339 3448 396 ﬁl8

180 460 283 512 καὶ
303 457 633 529 θεογνωσίαν
656 463 734 525 είς
770 462 976 526 πάντας
999 462 1391 531 καταγγέλλειν
1425 462 1539 533 (20)
1571 461 1778 534 ἀνθρώ-

1887 462 2086 530 Deique
2139 461 2423 524 notitiam,
2483 463 2690 519 cunctis
2752 463 3064 520 hominibus
3132 463 3448 520 nuntiaturi.

181 565 353 613 πους·
384 549 476 613 οὓς
513 551 578 622 δὴ
606 555 815 622 πεῖσμα
855 553 1110 623 μέγιστον
1143 553 1325 608 λαϐεῖν
1359 555 1526 625 ἐχρῆν
1559 556 1656 627 τῆς
1685 573 1782 626 με·

180 640 254 694 τὰ
283 641 376 694 τὸν
405 641 634 695 θάνατον
662 645 827 714 ζωῆς,
862 645 939 708 ὡς
966 645 1032 698 ἂν
1069 646 1245 710 ἀδεεῖς
1277 648 1372 700 καὶ
1404 646 1596 716 ἄφοϐοι
1628 647 1786 702 Θανά-

181 748 282 785 του
313 731 406 784 τὸν
439 733 581 788 κατὰ
610 736 709 806 τῆς
743 737 1006 791 πολυθέου
1041 738 1248 811 πλάνης
1272 740 1460 808 ἀγῶνα
1488 740 1783 811 προθύμως

183 823 568 891 ἀναδέξοιντοο
626 829 700 899 μὴ
744 829 853 900 γὰρ
899 829 1131 884 Θανάτου
1164 836 1526 904 καταφρονεῖν
1561 833 1787 904 μελετή-

186 930 406 980 σαντες,
441 917 542 970 ούκ
568 918 634 972 ἂν
667 918 887 974 πώποτε
915 921 1052 992 πρὸς
1075 922 1144 975 τὰ
1169 923 1318 977 δεινὰ
1340 923 1784 994 παρεσκευάζον-

183 1021 269 1058 το.
310 1009 402 1060 Διὸ
431 1009 496 1080 δὴ
525 1012 842 1080 ἀναγκαίως
872 1013 1110 1078 ὁπλίζων
1143 1016 1341 1079 αὐτοὺς
1383 1015 1526 1068 κατά
1560 1017 1659 1087 τῆς
1689 1015 1784 1068 τοῦ

185 1098 420 1154 θανάτου
447 1101 766 1166 δυναστείας
803 1104 862 1156 ού
889 1103 1178 1174 ῥηματίοις
1201 1107 1296 1159 καὶ
1323 1111 1529 1176 φωναῖς
1566 1108 1788 1180 παρεδίέ

184 1190 280 1244 δου
309 1191 371 1244 τὸ
417 1192 665 1264 μάθημα,
699 1194 818 1248 οὐδὲ
858 1194 1036 1265 λόγοις
1068 1197 1270 1266 ὁμοίως
1309 1199 1666 1270 ἀνθρωπείοις
1694 1200 1785 1254 τὸν

187 1281 320 1352 περὶ
366 1281 546 1353 ψυχῆς
577 1282 877 1347 ἀθανασίας
915 1285 1158 1350 πιθανῶς
1198 1289 1292 1341 καὶ
1339 1287 1399 1353 ἐξ
1425 1290 1651 1344 είκότων
1672 1291 1786 1362 (21)

187 1373 529 1426 συντάττων’
566 1373 716 1445 αύτῴ
747 1375 804 1428 δὲ
838 1376 985 1448 ἔργῳ
1007 1376 1076 1430 τὰ
1107 1379 1250 1432 κατά
1278 1379 1372 1433 τοῦ
1412 1380 1644 1435 Θανάτου
1687 1384 1786 1434 ἐπ·-

186 1462 399 1516 εδείκνυ
423 1463 606 1528 αὐτοῖς
630 1464 886 1535 τρόπαια.

259 1554 372 1624 (22)
404 1550 511 1607 1rliv
539 1557 642 1626 μὲν
670 1557 776 1628 γὰρ
807 1558 972 1613 πάλαι
1000 1560 1263 1632 πρότερον
1287 1561 1518 1634 φοϐερὸς
1541 1565 1657 1626 τοῖς
1687 1565 1790 1617 πᾶ-

186 1663 272 1698 σιν
293 1648 322 1698 ὁ
342 1645 438 1699 τοῦ
467 1647 662 1719 θνητοῦ
694 1649 883 1717 γένους
905 1650 1099 1723 όλετὴρ
1126 1651 1478 1718 θάνατος,καὶ
1501 1654 1652 1718 λύσις
1679 1657 1791 1708 ὲνο-

189 1733 380 1805 μίζετο
406 1737 505 1807 τῆς
540 1737 669 1809 ὅλης
700 1738 990 1810 ἀνθρώπου
1026 1740 1260 1810 φύσεως,
1297 1743 1474 1816 ψυχῆς
1520 1744 1655 1816 ὁμοῦ
1693 1747 1788 1799 καὶ

188 1827 463 1898 σώματος,
517 1831 550 1899 ὴ
589 1830 777 1884 τούτου
809 1809 1142 1886 δυναστεία·
1189 1809 1441 1901 ούδέ⁷
1467 1809 1684 1908 ἦνττῶν
1724 1837 1784 1904 ἐξ
1822 1809 1860 1864 Β

185 1919 384 1984 αἰῶνος
418 1914 530 1984 οἷός
563 1938 621 1974 τε
656 1921 806 1975 τουτὶ
843 1923 904 1976 τὸ
949 1924 1218 1998 φόϐητρον
1253 1927 1312 1994 ἐξ
1349 1927 1648 2001 ἀνθρώπων
1689 1929 1784 1982 ἀν-

185 2012 350 2066 ελεῖν⁹
393 2014 595 2077 πάντες
625 2014 668 2067 δ’
707 2015 1014 2086 ὲπτήχεσαν
1044 2018 1194 2090 φόϐῳ
1226 2021 1412 2092 μικροὶ
1434 2021 1529 2074 καὶ
1557 2021 1782 2092 μεγάλοι

186 2101 280 2154 τὸν
315 2102 578 2158 θάνατον·
620 2105 720 2158 οὐκ
745 2100 814 2176 ἦν
863 2122 923 2158 τε
957 2106 1052 2160 τοῦ
1090 2110 1261 2163 κακοῦ
1311 2113 1655 2184 παραμύθιον
1691 2119 1784 2172 ἀν·

185 2193 449 2265 θρώποις,
494 2197 554 2250 οὐ
581 2197 759 2268 λόγος,
785 2202 846 2255 οὐ
878 2203 1098 2276 τρόπος,
1127 2205 1186 2257 οὑ
1216 2204 1350 2276 βίος,
1385 2207 1444 2258 ού
1482 2208 1662 2278 σοφῶν
1696 2209 1783 2264 λο-

185 2287 406 2356 γισμὸς,
427 2287 491 2341 ού
528 2288 771 2345 παλαιῶν
803 2293 1234 2365 συγγράμματα,
1267 2295 1328 2348 ού
1369 2299 1663 2367 προφητῶν
1695 2300 1782 2354 θε-

188 2377 496 2448 σπίσματα,
519 2380 612 2433 καὶ⁹
633 2382 880 2451 ἀγγέλων
912 2385 1252 2454 ἐπιφάνειαι·
1283 2387 1499 2441 πάντων
1523 2388 1579 2442 δὲ
1603 2392 1782 2463 κρείτ⁸

184 2484 296 2520 των
322 2470 417 2522 καὶ
433 2469 705 2542 ἀνώτερος
726 2472 824 2544 τὴν
846 2474 986 2528 κατὰ
1006 2477 1222 2531 πάντων
1249 2477 1404 2550 νίκην
1438 2480 1652 2550 ἐπεῖχεν
1669 2481 1780 2553 (25)

185 2561 215 2612 ὁ
248 2559 499 2625 Θάνατος,
538 2563 760 2633 ὑψηλὸς,
809 2567 1170 2640 μεγάλαυχος,
1217 2572 1598 2643 ὑπερήφανοςο
1630 2567 1675 2642 ᾧ
1717 2574 1782 2646 δὴ

186 2651 724 2726 καταδεδουλωμένον
753 2657 814 2710 τὸ
848 2658 1040 2730 θνητὸν
1070 2662 1228 2730 γένος
1262 2665 1544 2729 παντοίαις
1563 2666 1780 2721 ἐκαλιν-

186 2740 332 2796 δεῖτο
360 2747 746 2817 παρανομίαις,
777 2752 1130 2820 μιαιφονίαις,
1167 2753 1628 2827 ἀθεμιτουργίαις,
1656 2759 1782 2812 δυσ-

190 2835 452 2902 σεϐείαις,
485 2840 802 2913 πολυπλόκῳ
823 2844 1000 2918 πλάνῃ
1023 2863 1036 2876 ⁸
1068 2847 1271 2902 τούτων
1295 2847 1405 2921 γὰρ
1424 2843 1493 2921 ἦν
1521 2852 1779 2906 ἁπάντων

189 2925 423 2992 θάνατος
451 2929 641 2994 αἴτιος.
687 2933 773 2996 Ὡς
800 2933 910 3006 γὰρ
952 2936 1148 3006 μηκέτι
1172 2936 1324 3001 ὄντες
1359 2939 1497 3010 μετὰ
1528 2939 1776 3006 Θάνατον,

187 3018 259 3071 τὰ
285 3020 497 3091 μυρίων
522 3021 765 3077 Θανάτων
799 3025 924 3092 ἄξια
947 3025 1181 3098 δρῶντες
1213 3029 1400 3101 διῆγον
1419 3047 1432 3060 ο
1466 3031 1558 3084 καὶ
1589 3031 1666 3096 ὡς
1691 3031 1780 3085 εύ-

189 3109 379 3175 θύναις
419 3113 667 3184 οὐδαμῶς
695 3117 1043 3187 ὑποκείμενοι
1077 3117 1163 3173 διὰ
1198 3121 1297 3192 τὴν
1322 3122 1386 3174 ἐκ
1421 3121 1516 3174 τοῦ
1548 3121 1778 3177 Θανάτου

189 3202 366 3267 λύσιν,
393 3203 505 3274 βίον
527 3203 664 3269 ἔζων
687 3207 938 3264 ἀϐίωτον.
971 3208 1077 3274 Οὓς
1101 3210 1164 3282 δὴ
1186 3212 1518 3285 κατελεήσας
1537 3216 1566 3267 ὁ
1585 3215 1776 3284 Λόγος,

188 3294 283 3348 ἐπὶ
319 3296 427 3367 τὴν
464 3297 674 3368 ἄμυναν
709 3299 974 3356 ἔσπευσεν
997 3320 1011 3334 υ
1049 3299 1149 3357 εἷθ’
1182 3297 1269 3358 οἵα
1313 3303 1564 3375 βασιλεὺς
1595 3307 1780 3377 φιλαν-

189 3385 539 3456 Θρωπότατος
566 3391 662 3444 τὸν
692 3392 833 3446 κατά
862 3393 956 3446 τοῦ
982 3393 1211 3448 Θανάτου
1241 3393 1458 3465 ἔλεγχον
1482 3395 1548 3448 δι’
1569 3397 1778 3470 ἀνθρὼ-

190 3495 298 3531 που
341 3479 559 3548 φύσεως
591 3483 925 3553 ἐμηχανᾶτο,
971 3482 1085 3555 ζωὴ
1131 3484 1230 3556 μὲν
1273 3485 1435 3549 αύτός
1471 3487 1776 3558 τυγχάνων,

188 3571 286 3624 καὶ
313 3571 449 3625 Θεοῦ
483 3574 676 3642 Λόγος,
713 3576 807 3629 καὶ
832 3576 967 3630 Θεοῦ
1001 3576 1229 3648 δύναμις
1250 3593 1265 3608 ο
1296 3576 1410 3631 ἀλλ’
1441 3580 1502 3633 οὐ
1534 3580 1655 3651 δίχα
1684 3580 1778 3635 τοῦ

65 3687 80 3700 -
189 3661 558 3733 βοηθουμένου
605 3665 666 3718 τὸ
693 3666 800 3720 τῶν
841 3667 1144 3740 ἀνθρώπων
1195 3668 1464 3741 φόϐητρον
1512 3671 1780 3740 διελέγξαι

189 3755 405 3825 κρίνας.
456 3757 547 3809 Διὺ
592 3758 657 3829 δὴ
701 3758 852 3831 ὅπλῳ
908 3761 1251 3833 χρησάμενος
1291 3761 1634 3835 ἀνθρωπείῳ,
1687 3763 1780 3817 καὶ

188 3843 371 3915 θνητῷ
394 3844 604 3916 σώματι
636 3850 662 3901 ὁ
695 3848 1006 3920 ἀσώματος,
1038 3852 1128 3904 τὸν
1169 3851 1397 3906 Θάνατον
1423 3852 1508 3906 διὰ
1536 3854 1628 3907 τοῦ
1653 3854 1780 3926 Θνη-

187 3935 284 3988 τοῦ
310 3939 753 4008 κατηγωνίσατο·
791 3941 886 3994 καὶ
915 3943 1060 4012 μέγα
1092 3942 1275 4015 Θαῦμα
1325 3947 1438 4007 τοῖς
1465 3947 1628 3998 πᾶσιν
1671 3947 1779 4000 ἀπ-

187 4026 382 4093 έδειξε,
422 4029 679 4100 τρόπαιον
704 4029 1002 4095 ἀθανασίας
1030 4032 1171 4086 κατὰ
1197 4032 1290 4085 τοῦ
1325 4032 1552 4087 θανάτου
1572 4033 1659 4086 διὰ
1683 4033 1778 4086 τοῦ

186 4116 388 4188 Θνητοῦ
423 4119 588 4172 ὅπλου
616 4121 817 4192 στήσας
848 4122 980 4192 (24).
1023 4123 1198 4192 Ἠφίει
1236 4124 1335 4195 μὲν
1362 4123 1469 4194 γὰρ
1500 4123 1560 4176 τὸ
1585 4123 1779 4194 θνητὸν

185 4207 268 4268 είς
300 4207 468 4278 βορὰν
491 4209 567 4280 τῷ
589 4209 762 4282 Θηρίῳ
783 4211 893 4282 (25)
911 4228 924 4241 ·
956 4211 1017 4265 τὸ
1043 4212 1088 4265 δ’
1102 4213 1300 4267 αὐτίκα
1327 4213 1406 4284 τῷ
1431 4212 1588 4284 ίκρίῳ
1616 4229 1780 4284 προσ-

182 4297 383 4368 ηλοῦτο
435 4300 975 4374 ἀνασταυρούμενον’
1025 4303 1101 4366 ὼς
1140 4303 1206 4357 ἂν
1239 4307 1354 4366 τοῖς
1398 4305 1565 4357 πᾶσιν
1607 4307 1641 4377 ἡ
1685 4303 1779 4358 τοῦ

187 4388 389 4461 θνητοῦ
407 4393 733 4465 γνωρισθείη
769 4393 949 4462 φύσις,
985 4395 1118 4466 μηδέ
1145 4413 1265 4448 τινα
1297 4394 1448 4448 λάθοι
1472 4396 1532 4448 τὺ
1552 4395 1781 4466 πραττό-

1805 3162 1853 3225 C

1885 554 2186 623 Discipulos
2240 555 2424 625 itaque
2465 570 2728 610 summam
2777 556 2974 611 habere
3023 555 3270 611 ﬁduciam
3319 573 3456 626 opus

1885 656 2004 700 erat
2029 647 2094 700 de
2123 647 2232 701 vita
2257 655 2379 716 post
2415 645 2619 701 obitum
2654 649 3047 717 recuperanda,
3082 661 3138 704 ut
3172 651 3451 720 intrepidi,

1886 737 2090 806 absque
2117 737 2224 792 ullo
2252 738 2440 792 mortis
2465 748 2607 792 metu
2636 737 2895 794 adversus
2925 740 3274 810 polytheismi
3305 756 3452 798 erro-

1888 844 2000 882 rem
2029 839 2303 884 certamen
2339 828 2588 883 alacriter
2616 833 2970 900 susciperent.
3013 830 3149 886 Nam
3182 832 3284 888 nisi
3314 848 3454 888 mor-

1889 931 1994 976 tem
2059 931 2404 977 contemnere
2462 923 2862 988 assuevissent,
2929 938 3200 992 nunquam
3265 935 3455 980 contra

1891 1010 2152 1067 terribilia
2199 1024 2259 1065 se
2308 1009 2689 1066 accinxissent.
2735 1011 3093 1078 Quamobrem
3144 1001 3456 1069 necessario

1889 1102 2009 1159 illos
2035 1117 2253 1156 armans
2283 1101 2545 1155 adversus
2577 1102 2764 1156 mortis
2805 1103 3123 1170 potentiam,
3168 1103 3310 1158 haud
3336 1118 3460 1172 pro-

1888 1194 2014 1248 latis
2058 1209 2155 1249 ore
2205 1190 2412 1247 voculis
2453 1191 2753 1246 doctrinam
2787 1192 2928 1247 hanc
2977 1191 3241 1256 tradebat,
3283 1207 3461 1262 neque

1889 1298 2200 1340 sermonum
2231 1298 2382 1336 more
2406 1283 2766 1337 humanorum
2808 1286 2874 1338 de
2916 1285 3109 1338 animat
3136 1281 3455 1339 immortali-

1891 1385 2000 1430 tate
2041 1375 2410 1430 verisimiliter
2438 1374 2774 1440 disserebat,
2806 1376 2898 1430 sed
2934 1375 3052 1445 ipso
3081 1389 3245 1444 opere
3288 1375 3459 1429 relata

1889 1467 1957 1523 de
1979 1478 2154 1524 morte
2197 1479 2394 1536 tropaea
2427 1466 2532 1521 illis
2558 1466 2893 1521 ostendebat.

1960 1560 2104 1615 Sane
2167 1568 2284 1614 erat
2331 1559 2457 1613 olim
2510 1560 2718 1613 cunctis
2767 1558 3026 1614 terribilis
3073 1558 3164 1612 illa
3215 1557 3460 1614 mortalis

1893 1652 2104 1720 generis
2134 1651 2404 1722 pernicies
2437 1667 2617 1716 mors;
2654 1659 2710 1704 et
2733 1649 3013 1704 dissolutio
3048 1649 3462 1704 existimabatur

1891 1742 2158 1798 universa:
2189 1742 2428 1798 hominis
2457 1751 2685 1804 naturae,
2711 1740 2904 1794 anima:
2927 1739 3086 1794 simul
3113 1750 3168 1796 et
3190 1739 3457 1808 corporis,

1891 1835 2079 1887 mortis
2117 1842 2470 1903 potentatus:
2523 1848 2788 1902 nemoque
2817 1847 2884 1886 ex
2913 1833 3058 1886 omni
3085 1847 3200 1886 aevo
3225 1834 3454 1888 exstite-

1893 1935 1994 1991 rat,
2017 1927 2108 1994 qui
2141 1925 2247 1979 hoc
2281 1924 2775 1979 terriculamentum
2809 1940 2874 1977 ex
2920 1923 3229 1978 hominibus
3267 1923 3454 1980 tollere

1889 2025 2093 2083 posset,
2139 2015 2431 2086 cunctique
2496 2035 2525 2068 ιι
2583 2030 2780 2086 magno
2827 2029 2999 2083 usque
3055 2014 3120 2069 ad
3169 2015 3451 2070 minimum

1891 2104 2082 2159 mortis
2110 2105 2303 2158 timore
2351 2105 2812 2172 percelleliantur;
2864 2105 3101 2175 nihilque
3147 2118 3263 2160 erat
3311 2109 3456 2176 quod

1891 2194 2016 2249 huic
2042 2195 2184 2250 malo
2210 2196 2460 2252 solatium
2490 2197 2788 2263 conferret,
2825 2211 2930 2250 non
2958 2213 3154 2259 sermo,
3191 2213 3297 2251 non
3336 2215 3454 2252 mo-

1890 2286 1990 2341 dus
2015 2285 2242 2356 aliquis,
2279 2303 2385 2342 non
2432 2289 2760 2359 sapientium
2809 2289 3070 2355 consilia,
3110 2304 3214 2344 non
3247 2290 3456 2360 prisco-

1891 2393 2007 2431 rum
2041 2377 2263 2443 litteraz,
2295 2393 2399 2433 non
2430 2381 2820 2452 prophetarum
2860 2381 3083 2439 oracula
3103 2420 3122 2448 ,
3153 2396 3258 2436 non
3291 2395 3456 2451 ange-

1889 2469 2064 2524 lorum
2101 2470 2464 2540 apparitiones
2495 2488 2511 2525 :
2547 2473 2640 2528 sed
2675 2475 2931 2548 omnibus
2971 2474 3163 2529 fortior
3207 2483 3261 2527 et
3293 2487 3456 2542 supe-

1891 2563 2000 2616 rior
2023 2561 2380 2632 universalem
2409 2565 2693 2621 victoriam
2716 2567 2996 2622 obtinebat
3023 2581 3192 2632 mors,
3215 2565 3454 2630 excelsa,

1889 2652 2262 2723 gloriabunda,
2307 2656 2569 2724 superba,
2621 2658 2710 2712 cui
2757 2658 3122 2728 mancipatum
3160 2657 3453 2711 humanum

1889 2760 2080 2814 genus,
2107 2746 2162 2799 in
2187 2748 2335 2802 omni
2366 2747 2707 2802 volutabatur
2736 2749 2962 2816 scelere,
2985 2749 3244 2812 caedibus,
3276 2748 3458 2803 nel‘an—

1887 2837 1972 2892 dis
2003 2839 2290 2908 operibus,
2320 2840 2721 2910 irreligiositate
2743 2882 2759 2906 ,
2787 2841 3182 2910 multiplicique
3207 2856 3456 2898 errorum

1886 2943 2102 2997 genere.
2152 2930 2361 3000 Quippe
2405 2932 2600 2987 horum
2647 2934 2887 2989 omnium
2925 2949 3072 2990 mors
3101 2948 3267 2990 causa
3292 2943 3454 2989 erat:

1888 3032 2121 3087 namque
2177 3020 2446 3084 homines,
2501 3038 2598 3077 ceu
2645 3033 2769 3092 post
2823 3025 3028 3078 obitum
3081 3025 3212 3080 nihil
3272 3035 3456 3080 essent

1890 3106 2073 3175 futuri,
2141 3111 2304 3180 digna
2351 3113 2578 3169 inlinitis
2627 3114 2891 3170 mortibus
2942 3116 3454 3186 perpetrabant:ac

1882 3199 2048 3254 veluti
2076 3201 2207 3256 nulli
2225 3217 2399 3271 pinna:
2423 3202 2678 3269 obnoxii,
2701 3215 2921 3276 propter
2949 3221 3066 3262 eam
3095 3220 3255 3275 quam
3283 3217 3456 3260 morte

1883 3291 1996 3346 ﬁeri
2026 3293 2317 3348 credebant
2351 3293 2778 3360 dissolutionem,
2810 3296 2973 3350 vitam
3003 3297 3120 3351 siue
3158 3298 3263 3372 vita
3293 3296 3456 3364 dege-

1881 3379 2032 3435 bant.
2091 3380 2238 3447 Quos
2289 3383 2553 3440 miserans
2604 3383 2884 3450 Verbum,
2947 3387 3014 3442 ad
3085 3387 3453 3441 auxiliandum

1881 3470 2178 3528 festinavit.
2213 3473 2413 3528 Deinde
2446 3482 2506 3529 ut
2533 3490 2630 3530 rex
2663 3475 3122 3532 clementissimus
3161 3479 3452 3532 coercitio-

1882 3580 2002 3620 nem
2059 3567 2248 3622 mortis
2297 3582 2394 3636 per
2438 3567 2674 3624 hominis
2747 3578 2994 3624 naturam
3057 3570 3274 3625 molitus
3325 3580 3455 3638 est;

1881 3671 2112 3725 cumque
2161 3657 2208 3711 is
2253 3658 2362 3711 vita
2418 3658 2535 3727 ipsa
2590 3660 2695 3726 sit,
2749 3669 2804 3714 et
2848 3660 2942 3716 Dei
2998 3659 3259 3727 Verbum,
3291 3671 3454 3730 atque

1883 3751 2143 3821 potentia,
2199 3765 2307 3806 non
2359 3753 2476 3806 sine
2527 3760 2707 3808 tamen
2767 3753 2881 3821 ipsa
2945 3754 3304 3817 humanitate,
3364 3745 3451 3808 cui

1881 3857 2036 3912 opem
2065 3841 2292 3907 ferebat,
2323 3851 2586 3899 terrorem
2620 3845 2900 3899 hominum
2935 3845 3002 3900 de
3041 3845 3220 3899 medio
3249 3843 3441 3898 tollen-

1883 3933 2310 4003 dumjudicavit.
2343 3933 2724 4001 Quamobrem,
2748 3936 2912 3990 armis
2959 3945 3115 3988 utens
3165 3935 3439 3999 humanis,

1882 4025 2097 4080 mortali
2133 4026 2184 4079 in
2233 4041 2461 4094 corpore
2501 4028 2882 4097 incorporeum
2931 4026 3163 4081 Verbum
3223 4034 3454 4081 mortem

1883 4131 1941 4172 re
1964 4118 2180 4173 mortali
2213 4119 2520 4182 debellavit,
2552 4120 2863 4190 grandeque
2891 4119 3210 4174 miraculum
3237 4117 3448 4174 cunctis

1880 4211 2212 4272 ostentavit,
2259 4211 2681 4266 immortalitatis
2717 4223 2972 4282 tropaeum
3010 4213 3268 4267 adversus
3311 4225 3454 4264 mor-

1883 4311 1990 4356 tem
2023 4303 2344 4357 mortalibus
2372 4304 2539 4357 armis
2569 4315 2834 4359 statuens.
2861 4303 3072 4372 Quippe
3091 4319 3241 4357 suam
3267 4305 3449 4364 voraci

1880 4391 2073 4446 bellua:
2108 4391 2390 4446 mortalem
2423 4402 2635 4462 partem
2663 4394 2914 4460 tradidit,
2942 4408 3062 4461 qua:
3095 4393 3276 4445 statim
3306 4390 3450 4460 ligno

189 4499 374 4552 μενον,
411 4483 484 4554 μὴ
515 4483 836 4556 ἀνθρώπων,
885 4485 959 4556 μὴ
988 4486 1256 4557 δαιμόνων
1275 4503 1287 4516 ·
1317 4488 1484 4558 ὲχρῆν
1505 4487 1613 4559 γὰρ
1643 4488 1778 4542 πάνε-

1887 4482 2052 4538 clavis
2081 4483 2291 4538 conﬁxa
2330 4484 2452 4551 fuit,
2484 4495 2540 4539 ut
2563 4486 2646 4541 sui
2678 4484 2929 4554 corporis
2970 4492 3160 4537 natura
3208 4479 3452 4535 mortalis

185 4589 288 4636 τας
320 4574 566 4643 ἀκριϐῶς
595 4577 653 4628 τὸ
681 4575 872 4648 Θνητὸν
909 4577 1056 4642 ἰδεῖν,
1083 4578 1158 4641 ὠς
1203 4579 1262 4631 ὲν
1294 4579 1534 4649 μεγίστῳ
1561 4578 1776 4650 θεάτρῳ

185 4664 288 4735 τὴν
319 4665 524 4718 οἰκείαν
549 4667 845 4738 ὁμολογοῦν
873 4668 1034 4738 φύσιν
1056 4686 1068 4699 ·
1104 4669 1170 4722 ἵν’
1202 4669 1326 4741 ἑξῆς
1355 4668 1597 4722 ἐπελθὼν
1621 4669 1650 4721 ὁ
1675 4668 1772 4723 θά-

185 4771 369 4819 νατος,
389 4749 475 4807 οἷα
497 4755 598 4826 θὴρ
625 4757 814 4822 δεινὸς,
835 4751 945 4821 οἶός
974 4759 1056 4821 τίς
1083 4757 1200 4811 ποτ’
1227 4753 1315 4828 ἦν,
1338 4758 1528 4811 ἑαυτὸν
1548 4757 1742 4831 ἐλέγξῃ
1759 4774 1772 4786 ·

186 4848 432 4901 κᾶπειτα
459 4847 558 4917 τῆς
579 4847 724 4919 ζωῆς
747 4852 780 4919 ἡ
815 4849 1062 4920 δύναμις,
1098 4848 1236 4917 μετά
1268 4849 1496 4903 Θάνατον
1523 4848 1778 4902 ἐπελθοῦ-

186 4954 280 5001 σα,
325 4941 442 5001 τοῖς
475 4942 640 4993 πᾶσιν
681 4936 836 5003 αὖθις
880 4940 980 5010 τὴν
1011 4939 1152 4993 κατὰ
1193 4938 1288 4992 τοῦ
1331 4939 1560 4994 θανάτου
1602 4956 1780 5010 παρα-

185 5032 459 5102 στήσηται
513 5033 702 5104 νίκην,
751 5033 812 5085 τὸ
867 5033 1058 5102 Θνητὸν
1106 5031 1371 5086 ἀθάνατον
1422 5029 1772 5097 ἀποδείξασα.

263 5304 376 5375 (20)
397 5305 566 5375 Syrus
585 5307 796 5360 videtur
828 5306 1026 5376 legisse
1065 5307 1398 5361 ἀνατέλλειν.

262 5378 381 5448 (2i)
411 5380 648 5444 Apparet
680 5377 878 5445 Syrum
909 5378 1102 5448 legisse
1133 5378 1381 5434 εἰκόνων.

263 5445 382 5518 (22)
424 5449 548 5515 Syr.
574 5462 658 5509 ιιι,
694 5449 783 5500 6i.

264 5539 382 5610 (25)
411 5539 582 5608 Syrus
613 5540 773 5608 paulo
805 5539 964 5594 aliter
996 5540 1277 5610 periodum
1309 5539 1518 5596 dividit.

265 5629 380 5699 (ει)
423 5630 694 5699 [lactentis
721 5631 819 5685 hoc
863 5629 1220 5698 fragmentqu
1259 5633 1492 5699 (nempe
1532 5630 1600 5684 ab
1661 5625 1768 5684 illis

194 5695 378 5774 verbis
420 5695 488 5772 ἦν
533 5700 632 5770 μὲν
667 5700 775 5771 γὰρ
800 5695 989 5774 ⁸ςιιιιὶλιιῐι
1034 5695 1298 5771 πρότερον
1340 5695 1764 5774 φοϐερόςηριρ.)

199 5770 462 5825 recitatur
491 5775 558 5824 ad
581 5770 770 5824 eodem
797 5771 980 5824 Niceta
1016 5783 1178 5824 etiam
1205 5770 1256 5825 in
1283 5770 1564 5827 catcua'ad
1588 5770 1761 5840 Epist.

440 5869 715 5926 ι’Λτιιοι..
763 5864 880 5926 Gn.
935 5864 1164 5925 XXIV.

1881 4573 1950 4628 ab
1995 4575 2249 4629 omnibus
2275 4585 2678 4646 agnosceretur,
2720 4590 2820 4629 nec
2850 4586 3178 4644 quemquam
3213 4585 3299 4625 res
3328 4578 3447 4625 acta

1878 4661 2068 4717 lateret
2119 4663 2232 4717 sive
2284 4665 2554 4718 hominem
2623 4663 2739 4718 sive
2789 4664 3108 4717 daemonem.
3187 4660 3452 4715 Intererat

1879 4757 2022 4811 enim
2067 4767 2125 4809 ut
2163 4771 2353 4811 omnes
2387 4765 2642 4810 accurate
2681 4755 2926 4808 viderent
2951 4768 3072 4808 eum
3104 4751 3194 4821 qui
3239 4751 3442 4805 morie-

1880 4848 2060 4911 batur,
2087 4847 2358 4916 propriam
2396 4846 2740 4900 conﬁtentem
2765 4885 2781 4909 ,
2832 4853 3085 4912 tanquam
3135 4843 3192 4894 in
3231 4851 3448 4909 specta-

1879 4939 2003 4992 culo
2047 4939 2304 5001 maximo,
2357 4945 2630 5000 naturam;
2697 4945 2756 4988 ut
2814 4934 3008 4990 deinde
3065 4932 3450 5002 superveniens

1881 5045 2050 5094 mors,
2087 5043 2184 5082 ceu
2223 5029 2340 5082 dira
2369 5028 2547 5082 bellua
2573 5067 2589 5092 ,
2613 5041 2858 5096 quaenam
2893 5026 3124 5095 ipsamet
3154 5034 3314 5086 esset,
3351 5035 3448 5092 per

1877 5303 1944 5357 ad
1983 5302 2145 5358 llebr.
2175 5317 2294 5370 cap.
2343 5301 2551 5366 u,'l7;
2592 5303 2684 5354 sed
2719 5308 2865 5370 recte
2894 5299 3111 5370 quidem
3162 5299 3214 5354 in
3261 5299 3449 5353 codice

1875 5369 2263 5442 Mediolanensi
2291 5386 2356 5425 ex
2390 5370 2765 5440 Εὐαγγελικῆς
2799 5369 3138 5442 Θεοφανείας,
3193 5370 3450 5426 mendose

1874 5453 2054 5496 autem
2091 5444 2142 5495 in
2177 5439 2461 5511 Parisiaco
2497 5449 2579 5511 (ut
2620 5450 2764 5511 certe
2811 5449 2896 5493 est
2935 5439 3078 5509 apud
3099 5440 3444 5504 Cramerum.

1855 5527 1925 5582 'p.
1951 5512 2080 5583 426)
2132 5508 2514 5582 Εὑαγγελικῆς
2543 5508 2892 5573 ἀποδείξεως.

1941 5627 2055 5695 (25)
2096 5624 2313 5688 Bellum,
2347 5625 2398 5679 id
2427 5626 2730 5689 estmorti,
2771 5642 2876 5683 non
2918 5623 3103 5679 belluis
3137 5634 3197 5678 ut
3250 5625 3442 5696 Syrus,

1875 5713 1966 5752 seu
2011 5697 2154 5764 angl.
2202 5698 2390 5750 beasts.
2435 5696 2636 5765 Nempe
2675 5697 2833 5766 paulo
2872 5697 3012 5752 inira
3049 5711 3195 5750 mors
3236 5697 3438 5750 disci-te

1875 5769 2074 5823 dicitur
2114 5767 2305 5822 bellua.
2849 5801 2852 5805 .

3091 5859 3168 5916 20
