3858 6214
493 387 597 442 619

1157 347 1418 432 Ευδειιίι
1455 375 1932 433 CXESARIENSIS
1969 375 2117 432 opp.
2160 376 2340 432 PARS
2376 377 2465 432 ιν.
2506 409 2574 418 -
2613 377 3030 434 DOGMATICA.

3623 378 3729 432 620

492 511 552 550 se
605 494 902 565 proderet:
940 502 1316 566 postremoque
1367 496 1490 550 vita:
1548 496 1760 561 virtus,
1820 505 2029 549 morten

2157 497 2264 567 (26)
2313 495 2486 565 Ἠερίει
2519 497 2628 567 (27)
2656 498 2831 552 τοίνυν
2862 498 2996 568 πρὸς
3025 497 3197 567 βραχῦ
3221 497 3281 549 τὸ
3319 495 3472 566 σῶμα
3503 499 3535 566 ἡ
3563 494 3731 548 τοῦτο

493 591 800 652 subsecuta,
832 587 1038 644 cunctis
1062 590 1304 644 vicissim
1351 605 1502 644 suam
1536 591 1793 644 adversus
1821 599 2047 642 mortem

489 680 772 736 victoriam
803 680 978 749 palam
1011 679 1233 744 faceret,
1278 681 1405 735 dum
1449 678 1677 736 mortale
1719 697 1913 752 corpus
1946 681 2049 735 im-

488 770 716 828 mortale
749 771 861 840 jam
888 772 1122 826 siSIerct.
1170 771 1381 826 Dimisit
1423 772 1601 842 itaque
1635 774 1778 827 brevi
1810 783 2046 841 tempore

487 876 702 932 corpus,
734 875 796 916 ea
830 877 949 932 quae
978 863 1080 916 hoc
1107 861 1407 925 possidebat
1443 859 1532 917 Dei
1564 848 1723 918 Verbi
1754 863 1958 925 virtus;
1991 871 2048 915 et

2154 587 2515 658 διακρατοῢσα
2546 587 2637 640 τοῦ
2662 587 2795 640 Θεοῦ
2825 589 2995 654 Λόγου
3018 585 3264 657 δύναμις
3290 585 3398 654 (‘28)
3419 583 3536 637 τὸδ’
3550 585 3728 654 ἀνηρ·

2153 695 2219 749 τη
2227 680 2383 748 μένον
2403 679 2494 731 ἐπὶ
2507 677 2598 730 τοῦ
2617 677 2771 742 ξύλου
2796 682 3133 750 παραχρῆμα
3163 677 3352 748 νεκρὸν
3376 673 3461 746 ἦν·
3480 675 3599 730 ἀλλ’
3629 677 3730 744 οὐχ

2151 769 2180 820 ό
2204 769 2368 836 Λόγος
2401 770 2429 821 ό
2459 768 2715 833 ζωοποιδς
2738 768 2798 820 τὸ
2829 768 3021 840 νεκρού
3030 786 3186 839 μενον
3219 765 3287 838 ἦν
3311 785 3324 797 ·
3352 760 3412 820 τό
3439 767 3494 819 δὲ
3528 765 3730 837 θνητὸν

2152 858 2249 930 τὴν
2270 861 2474 913 οἰκείαν
2495 860 2760 930 ὡμολόγει
2790 859 2966 929 φύσιν.

486 954 769 1010 confestim
803 955 928 1009 illud
951 961 1088 1024 quod
1125 958 1192 1008 de
1230 955 1374 1024 ligno
1447 954 1752 1026 pendebat,
1821 964 2090 1009 mortuum
2154 962 2264 1017 est;
2323 968 2426 1006 non
2483 962 2659 1007 tamen
2712 953 2990 1006 viviticum
3043 949 3279 1005 Verbum
3357 949 3735 1006 exstinctum;

487 1061 614 1117 pars
665 1049 1035 1102 tantummodo
1077 1047 1280 1102 Christi
1325 1049 1567 1102 mortalis
1609 1043 1855 1102 naturam
1894 1061 2045 1101 suam
2087 1047 2407 1101 testabatur.

560 1132 815 1205 Sepulcro
853 1138 1145 1193 secundum
1186 1139 1460 1194 hominum
1491 1131 1636 1212 leges
1663 1142 1891 1196 traditus
1922 1132 2041 1197 fuit.

486 1228 614 1283 Erat
675 1239 855 1284 autem
907 1230 1213 1300 sepulcrum
1279 1231 1533 1300 spelunca
1585 1249 1755 1302 nuper
1807 1235 1860 1287 in
1913 1250 2044 1287 saxo

486 1314 688 1378 excisa,
715 1313 920 1369 nullum
955 1317 1132 1370 adhuc
1168 1315 1402 1373 cadaver
1435 1328 1678 1388 experta,
1727 1323 1850 1390 quia
1879 1337 2043 1391 opor-

483 1406 632 1460 tebat
664 1408 878 1460 unicum
909 1405 1146 1462 loculum
1202 1411 1291 1461 uni
1343 1409 1561 1465 insolito
1595 1422 1808 1467 mortuo
1853 1415 2042 1470 deser-

486 1498 622 1550 vire.
653 1497 899 1568 Miraque
929 1499 1045 1553 visu
1078 1509 1194 1554 erat
1223 1512 1368 1568 petra
1403 1503 1639 1570 spatioso
1685 1505 1738 1558 in
1777 1506 1896 1562 loco
1927 1507 2039 1561 sola

482 1598 706 1644 cxstans
734 1599 937 1654 erecta,
988 1599 1312 1662 antrumque
1352 1593 1566 1647 unicum
1611 1596 1754 1652 intus
1800 1585 2039 1665 habens;

486 1696 555 1736 ne
580 1680 625 1735 si
653 1680 788 1736 forte
817 1681 967 1750 plura
995 1697 1222 1750 corpora
1261 1685 1567 1755 cxcepisSet
1589 1727 1604 1750 ,
1638 1687 1752 1757 ejus
1779 1691 1868 1758 qni
1907 1707 2044 1745 mor-

484 1779 591 1825 tem
632 1771 1030 1837 debellaverat,
1076 1774 1390 1828 miraculum
1431 1774 1770 1833 obscuraret.
1821 1767 2044 1837 Iacebat

2217 1138 2326 1208 (29)
2355 1141 2610 1210 Μνήματι
2647 1139 2701 1190 δὲ
2731 1138 2871 1191 κατὰ
2913 1137 3110 1207 νόμους
3153 1135 3454 1206 ἀνθρώπων
3495 1133 3730 1205 παρεδί-

2144 1233 2262 1284 δοτο
2286 1250 2298 1261 ·
2329 1231 2388 1284 τδ
2413 1232 2468 1284 δὲ
2492 1231 2680 1302 μνῆμα
2709 1231 2969 1301 σπήλαιον
2997 1225 3064 1299 ἦν
3093 1230 3214 1299 ἄρτι
3237 1227 3377 1281 κατὰ
3408 1227 3616 1297 πέτρας
3640 1225 3731 1276 λε-

2145 1315 2490 1392 λαξευμένον,
2535 1321 2685 1376 οὔπω
2736 1321 2987 1392 σώματος
3040 1320 3225 1390 ἐτέρου
3282 1317 3726 1390 πεπειραμένον·

2149 1416 2253 1468 ἔδει
2279 1415 2386 1486 γὰρ
2417 1414 2560 1485 μόνῳ
2595 1413 2704 1484 (50)
2741 1411 3019 1482 σχολάζειν
3051 1410 3128 1480 τῷ
3159 1411 3304 1481 μόνῳ
3329 1407 3618 1481 παραδόξῳ
3652 1425 3733 1462 νε-

2150 1505 2282 1577 κρῷ.
2310 1505 2606 1576 Θαυμαστὴ
2645 1504 2701 1556 δέ
2733 1504 2912 1574 ίδεῖνή
2949 1504 3120 1575 πέτρα
3155 1504 3212 1555 ἐν
3236 1501 3541 1574 ἠπλωμένῳ
3560 1499 3730 1571 χώρῳ

2154 1599 2287 1670 μόνη
2324 1598 2501 1664 ὄρθιος
2525 1591 2888 1667 άνεσταμένηο
2940 1595 3033 1648 καὶ
3075 1595 3230 1664 μόνον
3271 1591 3339 1664 ἦν
3369 1594 3560 1664 ἄντρον
3593 1594 3733 1646 εἵσω

2150 1691 2205 1743 ἐν
2237 1692 2372 1762 αύτῇ
2422 1689 2765 1760 περιέχουσα,
2809 1687 2883 1750 ὡς
2923 1686 2989 1740 ἂν
3036 1686 3129 1757 μὴ,
3173 1684 3381 1738 πολλῶν
3427 1683 3728 1753 γενομένη,

2150 1783 2242 1836 τοῦ
2269 1783 2360 1836 τὸν
2387 1783 2610 1836 θάνατον
2640 1769 3153 1848 καταγωνισαμένου
3177 1777 3474 1849 ἐπισκιάσῃ
3497 1776 3557 1829 τὸ
3591 1775 3730 1829 θαῦ-

485 1861 554 1915 ibi
587 1863 884 1918 evstinctus
916 1865 960 1917 is
986 1865 1077 1933 qui
1110 1873 1227 1917 erat
1259 1865 1488 1920 viventis
1522 1867 1682 1922 Verbi
1731 1885 1990 1940 organum
2024 1892 2029 1928 :

2148 1893 2240 1947 μα.
2265 1865 2611 1944 (51)”Ηκειτο
2641 1861 2738 1944 μέν
2769 1862 2832 1944 δὴ
2855 1871 3042 1942 νεκρὸς
3071 1871 3278 1938 αύτόθι,
3301 1869 3363 1922 τὸ
3387 1869 3480 1922 τοῦ
3517 1868 3726 1933 ζῶντος

481 1967 672 2008 saxum
697 1953 886 2023 ingens
917 1955 1232 2010 occludebat
1288 1955 1618 2023 speluncam.
1657 1959 1798 2015 Mors
1837 1963 2038 2018 interea

482 2041 712 2096 miriﬁce
743 2042 1096 2112 gloriabatur,
1129 2058 1228 2099 ceu
1255 2045 1299 2099 si
1337 2045 1480 2101 hunc
1513 2047 1654 2102 haud
1698 2065 1852 2107 secus
1878 2068 2039 2122 quam

482 2131 718 2202 reliquos
746 2148 810 2186 ex
863 2133 1008 2188 omni
1037 2149 1149 2189 αξνο
1179 2137 1564 2212 superavisset.
1603 2138 1711 2195 Sed
1732 2143 1876 2197 enim
1903 2159 2038 2198 non-

479 2221 607 2276 dum
652 2223 904 2280 triduano
933 2233 1175 2296 tempore
1216 2239 1442 2295 exacto,
1478 2231 1583 2285 vita
1614 2241 1786 2288 semet
1840 2235 2038 2290 iterum

480 2314 915 2384 conspiciendam
969 2316 1200 2384 obtulit,
1252 2329 1374 2389 post
1435 2319 1786 2378 suﬂicicntem
1850 2332 2041 2382 mortis

479 2405 903 2473 coargutionem.
936 2401 1068 2462 Nam
1109 2408 1153 2464 si
1182 2410 1344 2466 citius
1384 2426 1668 2482 resurgere
1696 2419 2037 2485 properavis-

478 2506 582 2563 set,
639 2511 704 2550 ne
753 2500 1054 2556 exstinctus
1099 2498 1315 2571 quidem
1376 2506 1615 2560 creditus
1667 2505 1878 2562 fuisset.
1932 2507 2037 2565 Sed

477 2585 732 2653 quoniam
763 2601 889 2640 vere
919 2587 1161 2645 sublatus
1202 2591 1294 2659 (in
1341 2596 1598 2662 crucem)
1652 2594 1772 2660 fuit,
1804 2613 2036 2667 vereque

477 2687 740 2742 mortuus,
764 2688 922 2748 atque
941 2681 1214 2750 aliquanto
1237 2685 1490 2754 temporis
1506 2686 1786 2743 intervallo
1807 2700 2034 2745 mortem

477 2784 602 2823 vere
631 2771 903 2844 sustinuit,
936 2773 1060 2825 binc
1089 2774 1364 2828 enimvero
1395 2776 1536 2844 quod
1579 2779 1758 2832 omnia
1799 2780 2036 2837 vivificat

477 2857 570 2913 Dei
630 2857 905 2925 Verbum,
967 2861 1272 2917 universam
1335 2864 1642 2921 hominibus
1700 2872 2031 2939 propositam

474 2964 622 3018 spem
654 2965 749 3017 per
773 2951 939 3014 illius,
985 2952 1074 3020 qui
1107 2961 1216 3007 tum
1252 2962 1496 3010 mortuus
1539 2955 1751 3024 fuerat,
1782 2975 2032 3016 resurre-

474 3042 729 3104 ctionem,
769 3043 1082 3096 ostentavit.
1135 3042 1413 3115 [Cumque
1440 3045 1554 3113 ejus
1587 3063 1781 3118 corpus
1823 3051 2033 3121 deposi-

2144 1963 2316 2037 Λόγου
2357 1967 2589 2039 ὄργανον
2613 1983 2626 1996 ·
2675 1965 2821 2028 λίθος
2870 1965 2918 2017 δ’
2959 1963 3214 2017 ἀπέκλειε
3261 1960 3630 2033 παμμγέθης
3665 1961 3728 2012 τδ

2144 2050 2423 2132 σπήλαιον.
2453 2057 2564 2111 Καὶ
2589 2056 2754 2119 πολὺς
2777 2047 2844 2126 ἦν
2866 2057 2923 2108 ἐν
2948 2055 3119 2126 τούτῳ
3143 2054 3382 2125 γαυριῶν
3411 2056 3440 2107 ό
3465 2041 3724 2117 θάνατος,

2140 2151 2215 2215 ὡς
2246 2151 2310 2204 ἂν
2337 2149 2522 2203 τοῦτον
2559 2147 2694 2220 μετὰ
2721 2145 2830 2200 τῶν
2864 2146 2923 2212 ἐξ
2968 2149 3162 2211 αἰῶνος
3197 2146 3330 2201 ἐλὼν
3367 2146 3684 2216 ὑποχείριον
3706 2163 3720 2174 ·

2141 2241 2252 2294 ἀλλ’
2275 2239 2426 2294 ούπώ
2463 2241 2754 2312 τριήμερος
2788 2229 2986 2311 παρῄει
3029 2241 3236 2310 χρόνος,
3273 2240 3366 2292 καὶ
3395 2239 3429 2308 ἡ
3463 2238 3578 2308 ζωή
3617 2239 3724 2292 πά-

2140 2334 2221 2387 λιν
2267 2333 2461 2404 ἑαυτὴν
2511 2333 2695 2400 ἔφαινε
2745 2331 2884 2403 μετὰ
2926 2331 3016 2385 τὸν
3060 2332 3306 2403 αὐτάρκη
3347 2329 3440 2382 τοῦ
3485 2329 3723 2383 θανάτου

2140 2424 2371 2494 ἔλεγχον.
2416 2424 2478 2476 Ei
2511 2422 2619 2491 γὰρ
2661 2421 2724 2492 δὴ
2755 2417 2946 2475 θᾶττον
2987 2423 3186 2493 ἀνέστη
3233 2422 3464 2492 φθάσας,
3509 2421 3613 2474 οὐκ
3653 2420 3722 2473 ἂν

2138 2517 2257 2569 ούδέ
2295 2514 2523 2578 τεθνεὼς
2561 2514 2817 2586 ἐνομίσθη
2840 2531 2852 2543 ⁸
2891 2514 3006 2567 ἀλλ’
3037 2515 3126 2568 ὅτε
3161 2532 3225 2584 γε
3269 2513 3482 2583 άληθῶς
3514 2509 3723 2582 ύψοῦτο

2139 2609 2272 2678 (52),
2303 2609 2396 2660 καὶ
2415 2605 2627 2678 ἀληθῶς
2653 2605 2951 2676 ἐτεθνήκει,
2989 2609 3047 2659 ἐν
3077 2607 3252 2678 χρόνῳ
3286 2607 3343 2659 δὲ
3364 2603 3454 2659 τδν
3485 2605 3720 2659 θάνατον

2136 2700 2348 2772 ἀληθῶς
2369 2699 2706 2762 ύποδέδεκτο,
2737 2698 2857 2752 τότε
2885 2697 2949 2769 δὴ
2977 2698 3097 2751 τότε
3119 2700 3146 2752 ὁ
3164 2699 3272 2752 τῶν
3301 2699 3552 2752 ἁπάντων
3582 2699 3720 2762 ζωο-

2135 2793 2287 2856 ποιὸς
2312 2791 2405 2846 τοῦ
2437 2790 2573 2845 Θεοῦ
2604 2791 2776 2859 Λόγος
2807 2789 2904 2860 τὴν
2931 2792 3110 2843 πᾶσαν
3139 2789 3442 2860 ἀνθρώποις
3484 2789 3719 2844 ἀποκει-

2137 2885 2306 2955 μένην
2337 2884 2524 2938 ἐλπίδα
2549 2882 2636 2937 διὰ
2671 2884 2769 2953 τῆς
2800 2881 2892 2935 τοῦ
2923 2882 3042 2935 τότε
3069 2881 3262 2954 θνητοῦ
3291 2881 3717 2950 παλιγγενεσίας

2133 2977 2491 3031 ἐπεδείκνυτο.
2529 2975 2660 3047 [Καὶ
2693 2975 2800 3045 (55)
2835 2973 2927 3027 τοῦ
2956 2973 3204 3045 σώματος
3223 2975 3384 3028 αὑτοῦ
3417 2975 3718 3046 ληφθέντος

2134 3067 2268 3139 πρὸς
2299 3066 2407 3120 τῶν
2438 3066 2727 3137 γνωρίμων
2762 3068 2857 3118 καὶ
2889 3069 2954 3137 τῇ
2989 3067 3340 3140 προσηκούσῃ
3375 3068 3716 3138 παραδοθένο

476 3139 588 3184 tum
638 3130 826 3186 fuisset
856 3149 884 3186 a
932 3133 1323 3198 familiaribus,
1378 3137 1725 3208 bortestwque
1774 3143 2029 3198 traditum

2138 3176 2222 3223 τος
2258 3160 2422 3229 ταφῇ,
2458 3159 2696 3230 τριταῖος
2735 3153 2892 3220 αὖθις
2927 3157 3276 3228 ἀπελάμϐανε
3317 3159 3474 3213 τοῦτο
3525 3161 3714 3224 αὐτός.

473 3231 782 3290 sepultura,
824 3235 944 3291 post
991 3224 1226 3280 triduum
1281 3227 1454 3283 denuo
1505 3232 1795 3300 resumpsit
1861 3229 2029 3300 illud;

471 3329 766 3382 rursusque
796 3329 957 3369 carne
992 3325 1170 3371 semet
1198 3326 1248 3372 et
1289 3332 1518 3390 corpore
1556 3320 1819 3389 indutum,
1849 3324 2030 3394 cujus-

469 3429 610 3484 modi
666 3439 822 3484 antea
886 3431 1084 3498 fuerat,
1134 3431 1413 3502 discipulis
1441 3433 1824 3492 demonstravit
1859 3457 1872 3492 :
1905 3441 2027 3508 qui.

466 3517 689 3572 buscum
742 3520 1005 3588 tantisper
1057 3520 1456 3587 confabulans,
1526 3535 1686 3594 atque
1754 3527 2028 3598 aliquanto

468 3617 709 3678 tempore
750 3625 1010 3674 versans,
1054 3627 1175 3664 mox
1210 3611 1338 3666 illuc
1394 3614 1535 3668 unde
1586 3629 1806 3672 venerat
1860 3622 2025 3689 abiit;

465 3700 590 3756 cmli
651 3703 814 3766 viam,
861 3704 1234 3770 spectantibus
1283 3704 1427 3770 illis,
1475 3707 1840 3782 ingrediens]
1887 3711 2023 3778 Quid

464 3805 595 3862 ergo
637 3802 756 3858 post
799 3792 953 3846 ba-c?
1008 3791 1156 3846 llaud
1215 3793 1325 3862 jam
1373 3809 1472 3864 ego
1517 3804 1791 3864 gestarqu
1846 3815 2022 3853 rerum

464 3890 715 3934 narrator
759 3880 848 3933 tibi
897 3884 1022 3943 sim,
1079 3891 1445 3934 verumtamen
1497 3882 1588 3950 qui
1629 3881 1726 3936 bas
1754 3883 2022 3950 viderunt,

464 3971 520 4026 bi
550 3973 711 4025 totius
739 3971 932 4040 negotii
973 3980 1138 4023 tcStes
1169 3970 1341 4023 idonei
1383 3971 1523 4036 sint;
1549 3974 1640 4040 qui
1675 3974 1935 4043 sanguine
1963 3990 2025 4030 ac

462 4062 587 4114 vita:
613 4055 958 4125 detrimento,
987 4070 1228 4116 actorum
1265 4061 1572 4126 veritatem,
1605 4078 1762 4130 quam
1799 4080 2022 4134 aspexe-

462 4161 611 4216 rant,
641 4148 1135 4215 confirmaverunt;
1162 4159 1441 4220 totumque
1469 4153 1654 4206 orbem
1705 4168 1766 4207 ea
1860 4170 2021 4224 quam

465 4243 561 4312 ipsi
589 4241 976 4312 pra'dicabant,
1008 4243 1266 4311 religione
1310 4242 1697 4310 impleverunt.
1730 4243 1795 4298 Hi
1837 4248 2023 4316 utique

464 4337 934 4395 resurrectionem,
967 4347 1125 4402 quam
1157 4333 1327 4389 oculis
1354 4345 1750 4404 spectaverant,
1782 4337 2025 4393 testimo-

460 4424 566 4479 niis
595 4423 709 4481 suis
735 4433 1054 4480 sanxerunt.
1112 4422 1294 4494 Neque
1337 4427 1481 4480 enim
1542 4427 1720 4482 verbis
1771 4443 1835 4482 ac
1891 4442 2023 4484 voce

2132 3255 2242 3309 Καὶ
2265 3252 2425 3306 πάλιν
2457 3249 2618 3313 αὐτὸς
2648 3249 2836 3302 ἐαυτὸν
2871 3249 3153 3320 ἕνσαρκον,
3197 3251 3439 3322 ενσωμον
3468 3250 3636 3305 αὐτὸν
3670 3254 3713 3304 ὲ-

2132 3348 2327 3408 κεῖνον,
2351 3338 2460 3406 οἷος
2488 3343 2582 3395 καὶ
2612 3341 2672 3395 τὸ
2700 3341 2915 3412 πρῶτον
2940 3337 3028 3413 ἦν,
3059 3346 3170 3406 τοῖς
3194 3345 3412 3407 οἰκείοις
3441 3345 3714 3414 μαθηταῖς

2129 3434 2399 3492 δείκνυσιν
2419 3453 2432 3465 ⁸
2465 3431 2544 3500 οἷς
2571 3435 2664 3488 καὶ
2689 3435 2780 3487 ἐπὶ
2809 3435 2977 3506 βραχὺ
3008 3435 3290 3506 ὁμιλήσας,
3314 3437 3409 3490 καί
3435 3453 3557 3490 τινα
3583 3454 3710 3489 συν-

2127 3524 2409 3603 διατρίψας
2424 3529 2632 3599 χρόνον,
2651 3529 2851 3582 ἄνεισιν
2879 3527 2999 3580 ὅθεν
3028 3528 3121 3580 καὶ
3148 3527 3349 3598 παρῆν,
3383 3528 3474 3580 ὑπ’
3507 3528 3713 3596 ὀφθαλ-

2133 3625 2266 3694 μοὺς
2293 3622 2470 3676 αὐτῶν
2504 3621 2600 3691 τὴν
2639 3623 2718 3684 είς
2743 3620 3004 3690 οὐρανοὺς
3052 3620 3275 3689 πορείαν
3311 3619 3713 3690 στειλάμενος.)

2127 3717 2242 3787 (5-1)
2273 3708 2338 3768 Τί
2373 3705 2464 3769 οὗν
2491 3715 2581 3766 ἐπὶ
2623 3711 2830 3775 τούτοις
2857 3712 3097 3779 γίνεται;
3126 3710 3319 3763 Οὐκέτι
3348 3709 3456 3778 ἐγώ
3488 3728 3568 3762 σοι
3613 3729 3710 3775 γε-

2127 3809 2318 3879 νοίμην
2351 3801 2416 3862 ἂν
2444 3807 2549 3860 τῶν
2584 3805 2986 3876 πεπραγμένων
3027 3802 3343 3865 διδάσκαλος
3364 3819 3378 3832 ·
3409 3804 3458 3855 oi
3493 3802 3551 3855 δὲ
3580 3801 3710 3856 τού-

2126 3916 2231 3951 των
2264 3899 2494 3951 ἐπόπται
2526 3890 2633 3950 εἶεν
2668 3897 2732 3949 ἂν
2764 3896 2980 3948 πάντων
3003 3894 3272 3967 ἀξιόχρεοι
3312 3895 3616 3965 μάρτυρες.
3657 3896 3707 3947 οἱ

2124 3989 2188 4042 δι’
2213 3991 2438 4058 αἵματος
2467 3991 2559 4041 καὶ
2582 3988 2760 4058 ψυχῆς
2796 3990 2860 4058 τῇ
2891 3987 2986 4058 θέᾳ
3023 3988 3129 4039 τῶν
3159 3987 3560 4058 πεπραγμένων
3606 3988 3707 4056 τὴν

2125 4081 2384 4152 ἀλήθειαν
2414 4081 2831 4150 πιστωσάμενοι,
2878 4080 2971 4132 καὶ
2997 4080 3097 4150 τὴν
3126 4078 3416 4148 σύμπασαν
3442 4080 3705 4150 οἰκουμέ-

2125 4191 2221 4243 νην
2253 4173 2352 4244 τῆς
2383 4173 2518 4244 πρὸς
2551 4172 2728 4227 αὐτῶν
2757 4171 3204 4243 κατηγγελμένης
3247 4169 3556 4234 θεοσεϐείας
3601 4188 3706 4225 κα-

2124 4267 2516 4337 ταπλήσαντες.
2551 4267 2613 4320 Οἳ
2639 4265 2694 4320 δὲ
2717 4265 2847 4334 γοῦν
2871 4265 2968 4336 τὴν
2991 4265 3174 4327 αὐτοῖς
3201 4262 3497 4334 ὀφθαλμοῖς
3523 4281 3702 4318 κατα·-

2124 4359 2414 4430 ληφθεῖσαν
2474 4359 2886 4428 παλιγγενεσίαν
2938 4360 3057 4420 ταῖς
3114 4354 3319 4408 ἑαυτῶν
3374 4355 3705 4427 παρέδωκαν

2127 4453 2450 4526 μαρτυρίαις
2473 4471 2486 4483 ⁸
2514 4453 2614 4506 ούκ
2650 4447 2718 4522 ἦν
2748 4449 2856 4521 γὰρ
2883 4451 3062 4514 αὐτοῖς
3099 4448 3225 4519 ἄχρι
3258 4447 3414 4516 λόγου
3451 4449 3548 4502 καὶ
3587 4466 3705 4517 φωρ

459 4547 618 4594 tenus
641 4535 786 4592 facta
813 4536 900 4591 illa
935 4543 1320 4605 cognoverant,
1362 4550 1588 4605 quorum
1631 4545 1796 4592 testes
1846 4539 2014 4593 exsti-

2138 4547 2216 4617 νῆς
2245 4547 2550 4617 ἀκουόμενα
2590 4545 2660 4598 τὰ
2689 4545 3054 4616 πραττόμενα,
3099 4541 3211 4596 ἀλλ’
3245 4541 3343 4612 ήδη
3389 4541 3484 4593 καὶ
3513 4541 3703 4611 ἔργοις

460 4638 661 4694 terunt,
687 4629 780 4686 sed
813 4643 997 4684 coram
1021 4628 1148 4684 dum
1184 4627 1377 4683 ﬁerent
1408 4627 1754 4697 contemplati
1783 4627 2018 4694 fuerant,

459 4735 728 4789 manuque
765 4721 900 4774 adeo
931 4719 1234 4788 tetigerant.
1283 4717 1464 4785 Quare
1513 4726 1570 4772 et
1629 4717 1801 4772 oculis
1841 4726 1896 4772 et
1939 4717 2017 4774 rei

457 4809 692 4865 veritate
756 4809 1082 4864 evidentiam
1145 4808 1460 4872 consecuti,
1532 4806 1880 4876 victoriaeque
1950 4809 2017 4862 de

459 4908 632 4953 morte
681 4898 863 4954 relatae
918 4899 1134 4969 tropaeis
1193 4898 1358 4964 visis,
1409 4897 1602 4952 merito
1650 4905 2015 4966 contemptum

457 4989 647 5044 mortis
676 4989 1086 5044 condidicerunt
1118 5008 1132 5044 :
1163 5003 1327 5045 quam
1357 5003 1468 5042 rem
1492 4988 1662 5058 ipsam
1696 5002 1823 5044 suos
1851 4988 2014 5046 disci-

527 5147 640 5220 (ae)
677 5147 739 5220 s_.
789 5147 828 5202 r.
870 5148 974 5220 δοῖ
1010 5148 1066 5204 b.

525 5216 1072 5291 (21)__Transtuler_at
1115 5218 1239 5284 alio,
1277 5221 1587 5291 nempegad
1625 5221 1830 5277 codicis
1859 5220 2012 5291 pagi-

455 5303 580 5362 nam
595 5289 698 5344 507
727 5290 783 5353 b,
813 5289 916 5342 boc
937 5289 1172 5362 quinque
1195 5303 1447 5362 versuum
1479 5289 1836 5362 fragmentum
1859 5289 2010 5362 Nice;

456 5367 536 5410 tas
566 5359 623 5431 _in
655 5369 881 5423 catena;
919 5358 1060 5431 quod
1103 5373 1265 5431 nunc,
1296 5359 1434 5415 duce
1474 5358 1621 5416 textu
1652 5360 1893 5431 Syriaco,
1939 5359 2008 5413 ad

455 5429 740 5498 stationem
769 5430 1040 5498 propriam
1070 5428 1226 5481 redit.

524 5496 636 5566 (2.8)
666 5496 1087 5566 Anima’Cbristi
1135 5511 1331 5563 corpus
1356 5499 1632 5566 destituit,
1679 5513 1786 5554 non
1833 5498 2006 5566 ipsum

454 5562 686 5635 Verbum
727 5579 823 5620 seu
851 5565 944 5618 Dei
973 5566 1164 5621 virtus.
1205 5562 1562 5632 Quamobrem
1608 5562 1693 5624 hic
1737 5562 2008 5635 intellige,

453 5633 652 5688 Christi
688 5635 1075 5690 humanitatem
1102 5675 1119 5701 ,
1155 5638 1364 5691 nonnisi
1409 5635 1589 5694 Verbo
1639 5633 2006 5710 permittente,

453 5711 719 5755 mortuam
750 5717 891 5758 esse.

524 5771 634 5840 (29)
665 5776 731 5828 Α.
771 5771 812 5826 ι’.
841 5772 961 5830 510.
1001 5773 1120 5844 Syr.
1145 5790 1230 5842 ur,
1253 5775 1341 5830 61.

2127 4638 2408 4710 ἐθεωρεῖτο
2439 4639 2528 4692 καὶ
2551 4636 2862 4709 ἐψηλαφᾶτό
2891 4652 2954 4704 γε
2983 4632 3223 4703 ἀκριϐῶς
3255 4633 3393 4704 πρὸς
3419 4633 3529 4687 τῶν
3564 4633 3700 4686 ταῦ-

2125 4747 2192 4784 τα
2217 4731 2714 4803 μεμαρτυρηκότων
2737 4747 2750 4760 '
2779 4729 2860 4782 διὸ
2879 4729 2935 4781 δέ
2959 4729 3052 4781 καὶ
3075 4726 3306 4796 αὐτοψίᾳ
3344 4725 3438 4778 καὶ
3464 4724 3700 4796 ἀληθείᾳ⁵

2123 4824 2184 4877 τὸ
2213 4825 2437 4895 ἐναργὲς
2473 4822 2874 4894 κατειληφότες,
2905 4820 3001 4874 καὶ
3036 4819 3137 4889 τῆς
3162 4817 3304 4872 κατὰ
3332 4817 3427 4870 τοῦ
3457 4816 3696 4871 θανάτου

2125 4918 2278 4988 νίκης
2301 4917 2368 4969 τὰ
2411 4917 2642 4986 τρόπαια
2673 4913 3005 4984 τεθεαμένοι,
3047 4913 3270 4973 εἰκότως
3300 4910 3504 4981 ἔμαθον
3534 4927 3697 4963 καταο

2123 5013 2338 5078 φρονεῖν
2360 5007 2452 5062 τοῦ
2490 5008 2717 5062 θανάτου
2738 5024 2751 5037 ·
2797 5006 2960 5059 ταύτδ
2985 5006 3041 5058 δὲ
3087 5006 3179 5058 καὶ
3212 5005 3337 5068 τοὺς
3369 5003 3551 5057 αὐτῶν
3578 5021 3693 5073 φοι-

2191 5151 2305 5222 (50)
2340 5149 2666 5222 ltahomnino
2693 5149 3133 5222 Graecuscoder.
3179 5146 3351 5222 Syrus
3383 5144 3546 5222 paulo
3585 5143 3690 5197 ali-

2115 5215 2210 5277 ter'
2233 5215 2359 5290 legit
2389 5220 2520 5291 illud
2552 5219 2865 5291 (παραδόξῳ.
2902 5217 3038 5273 Hinc
3067 5215 3288 5288 Anglice
3317 5232 3350 5269 α
3377 5215 3614 5269 wonder.

2502 5290 2776 5442 ibim-[exit
2807 5359 2910 5442 boc
2930 5354 3237 5442 verbu'rn‘d‘e
3262 5354 3680 5442 resurrectione.

2113 5423 2378 5500 Ph'ilol'ogi
2421 5428 2684 5495 judicent.
2730 5427 2836 5482 Sed
2884 5424 3544 5500 certe_Joan.__x_n,_52,
3590 5423 3680 5484 53.

2114 5492 2362 5554 Christus
2399 5492 2466 5553 de
2499 5514 2595 5552 sua
2626 5506 2800 5551 morte
2823 5500 2874 5550 in
2911 5497 3089 5550 crucis
3115 5495 3378 5564 supplicio
3413 5492 3681 5564 loquens.

2116 5568 2411 5623 boctverbo
2439 5566 2996 5636 ὑψοῦσθαι,)επαίιανί,
3024 5561 3233 5636 ηιξκιε.⁷
3351 5631 3381 5636 _
3483 5561 3501 5564 ’
3547 5561 3582 5575 ‘

2186 5637 2301 5705 (55)
2342 5631 2652 5702 Ουωὶιιιοίε
2693 5635 2907 5700 claudo,
2943 5651 3006 5690 ea
3049 5633 3243 5691 absunt
3278 5647 3309 5688 a
3348 5631 3511 5704 Syro,
3552 5631 3677 5701 quia

2115 5707 2347 5776 fortasse
2370 5706 2584 5760 aliunde
2605 5706 2980 5776 obrepserunt.

2171 5763 2299 5850 ’(54)
2334 5775 2456 5849 Syr.
2494 5791 2578 5845 ιιι,
2605 5775 2693 5831 62.
