3858 6214
491 286 596 342 623
1159 281 1427 338 EUSEBII
1466 281 1944 338 CIESARIENSIS
1981 281 2014 335 (l

2260 281 2348 336 BS
2390 281 2476 334 IV.
2519 312 2588 322 -
2623 278 3045 344 ,ΠΟΟΜΑἸῚΟΑ
3662 276 3781 330 6Ξ4

493 398 747 454 dictionis
807 406 958 454 testts
1009 399 1297 454 subSecuta
1349 409 1475 467 est;
1512 415 1636 453 nam
1695 415 1828 470 puer
1879 400 2016 455 stati:

2260 445 2269 454 .
2301 398 2436 454 Εἷπε
2467 400 2596 471 γὰρ,
2636 401 2731 453 καὶ
2763 398 2823 451 τὸ
2865 396 3026 467 ἔργον
3059 393 3388 465 ἠκολούθησε
3439 393 3781 464 μαρτυροῦν

487 488 788 561 convaluit.

2166 497 2230 566 τῇ
2264 494 2598 565 προρρήσει·
2633 493 2727 546 καὶ
2765 489 2889 561 ἰάθη
2921 492 2950 543 6
2984 491 3112 551 παῖς
3144 487 3356 541 αὐτίκα.

563 580 715 649 Quod
761 579 804 635 si
853 579 976 650 quis
1021 579 1163 634 hanc
1208 593 1324 634 rem
1380 595 1523 652 aegre
1559 582 1663 636 sibi
1718 582 1787 636 ob
1829 580 2061 652 prodigii

2260 585 2387 638 Ἀλλ’
2411 586 2459 636 εί
2489 584 2624 656 πρὸς
2650 582 2806 636 τοῦτό
2829 600 2914 645 τις
2939 581 3247 642 δυσπίστως
3275 580 3385 650 ἔχει
3416 579 3506 634 διά
3536 581 3644 652 τὴν
3672 578 3783 632 τοῦ

495 670 921 744 magnitudinem
948 671 1300 740 persuadeat.
1359 672 1501 726 haud
1549 682 1732 727 tamen
1764 673 1833 727 de
1879 673 2018 743 praed

2264 692 2445 745 ιματος
2508 674 2843 747 ὑπερϐολὴν,
2910 671 3023 726 ἀλλ’
3091 669 3192 722 οὐκ
3247 672 3340 724 ἐπὶ
3391 673 3787 743 προρρήσεως

485 751 680 820 ‘ctione
711 769 860 818 recte
893 760 1184 828 dubitabit,
1230 778 1297 816 ex
1339 779 1444 832 qua
1489 765 1793 818 evidentior
1826 765 1948 819 facti
1972 764 2005 818 d

2267 783 2464 836 ιπτοιτο
2494 766 2559 819 ἂν
2592 764 2862 834 εὐλόγως,
2891 765 2975 832 ἐφ’
3069 763 3270 834 μείζων
3301 762 3329 813 ὁ
3365 761 3463 831 τῆς
3487 762 3790 833 ,πράξεως

495 852 820 910 monstratio
853 852 1163 916 coniicitur,
1189 853 1232 906 si
1266 852 1391 920 quis
1423 862 1658 922 reputet,
1686 854 1907 907 unicum
1953 852 2018 906 Rc

2262 875 2384 928 γχος
2417 856 2886 927 ἀποδειχθήσεται,
2919 857 2978 910 ει
2995 873 3079 919 τις
3119 858 3174 908 ἐν
3207 853 3282 924 νῷ
3309 853 3484 918 λάϐοι,
3523 856 3607 916 ὡς
3641 855 3785 905 τότε

495 963 716 1002 manum
742 946 1024 1002 hominem
1065 945 1232 1000 fuisse
1265 945 1359 1014 qui
1392 947 1458 999 ad
1497 943 1848 1000 Servatorem
1878 960 2018 1000 accc:

2262 965 2267 989 ι
2293 943 2374 1010 εἷς
2415 946 2684 1016 Ῥωμαῖος
2711 943 2777 1017 ἦν
2805 949 2834 999 ὁ
2858 944 2936 1016 τῷ
2967 946 3182 1016 Σωτῆρι
3217 943 3648 1016 προσεληλυθὼς
3685 963 3785 1013 χι-

493 1043 586 1109 sit,
629 1042 831 1112 quique
880 1038 1138 1108 majorem
1175 1040 1339 1094 etiam
1401 1042 1682 1111 magisque
1719 1041 2016 1097 benevolan

2267 1053 2405 1109 ρχος,
2433 1038 2462 1089 ὁ
2486 1037 2550 1108 δὴ
2576 1035 2797 1108 μείζονα
2825 1036 2918 1088 καὶ
2950 1035 3460 1108 εὐγνωμονεστέραν
3488 1035 3593 1088 τοῦ
3633 1036 3790 1088 Ἰου-

493 1147 656 1202 quam
699 1129 925 1187 Judaica
974 1129 1335 1194 natio,°fecit
1372 1129 1580 1186 Christi
1629 1130 2016 1186 confessionem

2259 1147 2329 1182 ων
2366 1129 2551 1193 ἔθνους
2583 1128 2955 1200 ἐνδειξάμενος
2988 1128 3086 1198 τὴν
3117 1129 3199 1191 εἰς
3229 1129 3390 1182 αὑτὸν
3418 1128 3740 1199 ὁμολογίαν
3767 1146 3782 1156 ·

492 1233 683 1279 noster
731 1237 865 1278 vero
907 1220 1174 1278 Servator
1206 1221 1428 1287 _multos
1482 1237 1581 1295 pro
1636 1238 1764 1286 uno,
1820 1238 2015 1290 aeque:

2263 1226 2266 1239 ’
2297 1222 2564 1294 ἡμέτερος
2597 1221 2784 1292 Σωτὴρ
2815 1220 3042 1284 πολλοὺς
3067 1219 3182 1275 ἀνθ’
3218 1221 3335 1284 ένὸς
3378 1219 3601 1273 ἔσεσθαι
3632 1221 3786 1282 τοὺς

492 1315 656 1381 hunc,
711 1314 778 1368 ad
829 1328 889 1368 se
940 1327 1258 1368 accessuros
1303 1311 1536 1368 affirmat
1589 1328 1656 1367 ex
1711 1314 2015 1368 orientalibi

2261 1314 2286 1366 ς’
2331 1317 2536 1368 ἐκεῖνον
2577 1314 2868 1384 μέλλοντας
2916 1313 3068 1383 αὐτῷ
3116 1312 3399 1384 προσιέναι
3433 1314 3498 1364 ἐκ
3546 1312 3670 1366 τῶν
3715 1330 3784 1365 π

491 1405 826 1478 regionibus,
854 1406 1090 1474 itemque
1115 1419 1184 1461 ex
1208 1405 1655 1470 occidentalibus,
1682 1407 1772 1475 qui
1800 1406 1868 1459 ob
1905 1421 2014 1460 suat

2266 1421 2301 1466 ις
2338 1403 2410 1455 ἔω
2445 1403 2536 1456 καὶ
2587 1402 2854 1474 ἀνατολὴν
2900 1403 3200 1472 κλιμάτων,
3231 1402 3338 1455 τῶν
3371 1419 3430 1456 τε
3464 1403 3614 1456 κατά
3642 1403 3789 1460 δυό-

491 1497 688 1552 Christi
711 1497 1074 1569 cognitionem
1098 1504 1152 1551 et
1176 1495 1596 1563 confessionem,
1625 1498 1768 1552 haud
1798 1499 2014 1552 minore

2265 1513 2327 1548 ὀν
2366 1495 2516 1566 ἦλιον
2559 1495 2850 1549 οἰκούντων
2893 1494 3171 1560 θεσπίζει,
3224 1495 3349 1557 τοὺς
3384 1494 3472 1548 διὰ
3516 1498 3625 1566 τῆς
3693 1498 3788 1557 εἰς

490 1605 519 1644 a
571 1591 683 1645 Deo
733 1597 1138 1659 consequentur
1171 1589 1432 1644 honorem
1481 1604 1646 1658 quam
1707 1589 2013 1645 Hebraeum

2262 1587 2326 1640 τὸν
2362 1584 2708 1655 ὲπιγνώσεὼς
2740 1603 2799 1638 τε
2841 1584 2938 1638 καὶ
2978 1585 3270 1655 ὁμολογίας
3307 1585 3408 1655 τῆς
3444 1585 3572 1656 ἴσης
3605 1585 3785 1656 παρὰ

489 1689 766 1750 parentes.
797 1679 1040 1750 Namque
1055 1690 1112 1735 et
1134 1680 1330 1734 horum
1362 1680 1698 1750 patriarcha,
1728 1680 1944 1736 celeber
1975 1680 2009 1734 il

2259 1675 2284 1746 ζ)
2315 1676 2480 1746 τιμῆς
2508 1678 2620 1738 τοῖς
2657 1674 2921 1741 Ἐϐραίων
2956 1675 3298 1747 προπάτορσι
3336 1674 3782 1746 καταξιωθησο-

490 1767 856 1831 Abrahamus,
876 1783 945 1823 ex
974 1768 1294 1838 irreligiosis
1329 1769 1645 1838 parentibus
1689 1780 1864 1836 ortus,
1893 1770 2013 1824 vita:

2260 1786 2393 1832 νουςο
2429 1769 2512 1821 ὅτι
2557 1768 2622 1840 δὴ
2664 1768 2930 1822 κάκείνων
2967 1771 2995 1822 6
3037 1768 3366 1840 προπάτωρ,
3402 1767 3568 1832 αὐτὸς
3615 1768 3694 1840 δὴ
3753 1771 3783 1822 6

494 1861 870 1926 commutavit,
899 1875 928 1914 a
956 1859 1303 1930 polytheismi
1338 1875 1528 1914 errore
1557 1862 1840 1929 recedens,
1869 1878 2016 1915 unuu

2259 1859 2441 1930 ipeon
2487 1859 2738 1932 Ἀϐραὰμ
2769 1863 2834 1914 ὲκ
2863 1861 3111 1933 πατέρων
3129 1861 3458 1934 ’ὁρμώμενος
3492 1862 3782 1916 δεισιδαι-

495 1967 602 2023 que
662 1951 1025 2008 universalem
1078 1952 1246 2006 Deum
1289 1952 1404 2021 ipse
1455 1952 1696 2020 agnovit.
1733 1952 1872 2020 Quin
1900 1954 2018 2006 etia:

2259 1969 2344 2004 νων
2378 1952 2733 2023 μετεϐάλλετο
2760 1954 2852 2007 τὸν
2888 1953 3020 2024 βίον,
3053 1955 3152 2024 τῆς
3186 1955 3284 2024 μὲν
3319 1955 3587 2008 πολυθέου
3620 1955 3782 2010 πλά-

505 2045 622 2116 cjus
652 2044 779 2100 ﬁliis
807 2045 991 2100 lsaaco
1023 2055 1185 2114 atque
1232 2042 1434 2099 Jacobo
1467 2043 1674 2099 similes
1721 2044 1867 2100 fores
1902 2045 2028 2099 innu

2255 2062 2263 2105 ;
2290 2045 2669 2116 ἀναχωρήσας,
2712 2045 2808 2098 ἕνα
2831 2045 2888 2098 δὲ
2921 2045 3010 2100 τὸν
3059 2047 3152 2098 ἐπὶ
3203 2048 3419 2100 πάντων
3453 2047 3593 2100 Θεὸν
3629 2050 3778 2103 ἐπι-

502 2151 684 2191 nieros
709 2150 804 2206 per
823 2138 1128 2191 universum
1153 2135 1362 2200 orbem,
1398 2136 1702 2204 prmsertim
1731 2151 1858 2190 vero
1882 2135 2025 2192 orier

2256 2135 2328 2198 ,ὺς
2363 2135 2478 2188 ὁδί*
2518 2137 2755 2200 καὶτοῖς
2787 2135 2950 2190 αὑτοῦ
2994 2139 3151 2191 παισὶ
3184 2138 3262 2208 τῷ
3308 2137 3492 2190 Ἰσαὰκ
3533 2140 3637 2191 καὶ
3689 2141 3779 2212 τῷ

503 2229 574 2283 tis
607 2237 662 2283 et
688 2227 901 2283 occidui
935 2227 1067 2284 solis
1093 2228 1344 2297 populos.
1379 2227 1652 2298 praedixit.
1685 2227 1925 2298 Denique
1953 2244 2026 2284 mc

2259 2225 2373 2279 κὼϐ
2410 2226 2627 2297 ὁμοίους
2675 2227 2893 2282 ἔσεσθαι
2930 2230 3156 2300 μυρίους
3197 2229 3317 2281 καθ’
3359 2229 3488 2299 ὅλης
3537 2230 3645 2300 τῆς
3679 2231 3776 2296 Vol-

493 2319 664 2373 menti
733 2318 959 2372 maximi
1029 2320 1347 2386 superaddit
1426 2318 1512 2375 his
1598 2320 2007 2388 praedictionem

2255 2317 2460 2388 ›μένης,
2495 2320 2589 2371 καὶ
2620 2318 2825 2372 τούτων
2855 2319 3088 2390 μάλιστα
3109 2319 3178 2372 τὰ
3208 2319 3344 2390 πρὸς
3370 2320 3444 2372 ἕω
3473 2318 3628 2390 ἔθνη,
3669 2323 3778 2378 καὶ

494 2425 689 2480 nempe
711 2413 853 2482 quod
891 2409 1062 2465 Judaei
1105 2411 1228 2480 ipsi,
1255 2410 1364 2467 Deo
1389 2412 1678 2467 charorum
1717 2411 1926 2466 illorum
1969 2427 2017 2482 p1

2251 2425 2292 2471 ›ς
2347 2407 2489 2461 κατὰ
2532 2407 2788 2478 δυόμενον
2830 2409 2978 2480 ἣλιον
3023 2407 3306 2472 οικοῦντας
3350 2410 3774 2481 προαγορεύει·

495 2503 646 2564 steri,
691 2503 783 2572 qui
829 2501 1199 2557 Abrahamum
1246 2503 1544 2571 iactabant,
1593 2503 1840 2558 lsaacum
1894 2513 2018 2574 atqu

2249 2498 2490 2570 οστίθησί
2535 2516 2590 2552 τε
2624 2499 2834 2562 τούτοις
2866 2500 2927 2553 τὸ
2959 2501 3212 2571 μέγιστον
3243 2502 3340 2572 τῆς
3371 2505 3772 2574 προρρήσεως·

493 2593 781 2656 Jacobum,
813 2603 1036 2662 promer
1063 2608 1216 2647 suam
1255 2594 1518 2649 adversus
1558 2593 1726 2648 Deum
1755 2594 2016 2649 vecordia:

2254 2592 2322 2643 τοὶ
2360 2591 2599 2645 Ἰουδαῖοι
2625 2590 2734 2645 τῶν
2773 2593 3038 2662 θεοφιλῶν
3079 2594 3304 2647 ἐκείνων
3339 2595 3638 2662 ἀπόγονοι,
3673 2597 3777 2648 τὸν

494 2695 549 2737 et
577 2683 1037 2744 incredulitatem,
1087 2698 1186 2738 ceu
1239 2683 1484 2738 scientia:
1533 2683 1740 2738 lumine
1769 2685 2017 2750 orbati,1‘

2250 2682 2431 2754 ϐραάμ
2463 2682 2758 2754 αὐχοῦντες
2795 2684 2889 2738 καὶ
2915 2684 3006 2738 τὸν
3049 2685 3232 2738 Ἰσαάκ
3265 2685 3359 2738 καὶ
3396 2685 3486 2740 τὸν
3532 2687 3773 2750 Ἰακὼϐ,

497 2776 752 2829 tenebras
781 2775 1086 2830 exteriores
1114 2774 1417 2842 expellendi
1447 2783 1632 2830 essent
1659 2792 1674 2828 :
1707 2775 1788 2830 sic
1809 2774 2020 2828 nimirul

2251 2793 2254 2826 ι
2295 2775 2393 2845 τὴν
2438 2775 2518 2838 είς
2557 2775 2718 2828 αὐτὸν
2750 2775 2974 2844 ἀλογίαν
3020 2794 3080 2829 τε
3116 2779 3211 2831 καὶ
3242 2779 3523 2841 ἀπιστίαν,
3568 2778 3649 2842 ὡς
3702 2781 3774 2833 ἂν

495 2865 823 2934 imperitiam
860 2863 1099 2930 illorum,
1127 2878 1505 2932 summamque
1554 2863 1856 2929 inscitiam,
1886 2873 1942 2920 et
1975 2878 2018 2919 s:

2247 2869 2261 2920 3
2301 2869 2399 2939 τῆς
2433 2868 2688 2935 γνώσεως
2721 2869 2901 2939 φωτὸς
2943 2870 3399 2942 ἀπεστερημένοι,
3452 2871 3770 2943 ἀπόϐλητοι

495 2957 692 3012 lutaris
724 2957 945 3011 luminis
985 2956 1273 3010 orbitatem
1321 2957 1644 3026 prmdicens.
1691 2955 1830 3011 Hinc
1882 2972 2018 3012 reru:

2246 2960 2484 3032 θήσονται
2516 2963 2594 3025 εἰς
2631 2961 2695 3014 τὸ
2737 2962 2926 3026 σκότος
2969 2963 3030 3016 τὸ
3076 2962 3360 3034 ἐξώτερον,
3395 2963 3495 3036 τὴν
3527 2966 3769 3034 ἄγνοιαν

496 3058 711 3118 oportet
743 3050 947 3102 exitum
1001 3049 1460 3114 animadvertere,
1512 3057 1679 3118 atque
1729 3050 1862 3104 adeo
1893 3049 2014 3103 ocul

2245 3053 2347 3106 τῶν
2394 3055 2487 3106 καὶ
2516 3054 2616 3124 τὴν
2663 3053 2898 3125 ἐσχάτην
2932 3054 3202 3125 ἀμαθίαν,
3235 3055 3329 3108 τοῦ
3379 3074 3444 3125 τε,
3483 3061 3768 3129 σωτηρίου

497 3139 878 3209 contemplari,
930 3139 1202 3207 quomodo
1229 3137 1421 3204 Judaei,
1450 3138 1543 3208 qui
1571 3140 1838 3196 dictorum
1890 3140 2016 3195 hom

2247 3145 2348 3208 »τὸς
2376 3145 2474 3216 τὴν
2509 3145 2766 3218 στέρησιν
2795 3139 2896 3200 ὧδέ
2939 3165 3012 3219 πη
3056 3153 3540 3220 προαναφωνήσας.
3592 3151 3770 3216 Ἔνθα

497 3250 626 3288 num
679 3235 787 3289 Deo
819 3236 1108 3290 charorum
1157 3249 1327 3304 genus
1381 3248 1501 3289 esse
1543 3233 1865 3303 gloriantur,
1911 3233 2020 3301 ejec

2263 3238 2550 3308 ἐπιστῆσαι
2585 3240 2697 3300 τοῖς
2727 3238 3131 3308 άποτελέσμασι
3179 3241 3442 3312 προσήκει
3477 3240 3574 3296 τὸν
3610 3243 3770 3304 νοῦν,

495 3325 701 3381 fuerint
735 3342 840 3381 non
872 3341 1038 3398 regno
1083 3327 1176 3382 Dei
1228 3327 1622 3392 tantummodo,
1671 3341 1864 3381 verum
1899 3326 2018 3380 etia:

2247 3329 2466 3400 θαλμοῖς
2494 3347 2552 3382 τε
2583 3331 2767 3393 αὐτοῖς
2795 3330 3148 3400 παραλαϐεῖν,
3177 3333 3251 3395 ὡς
3283 3333 3523 3386 Ἰουδαῖοι
3560 3335 3690 3404 μὲν,
3719 3338 3770 3388 οἱ

495 3435 650 3474 Sacra
682 3421 918 3490 ipsorum
954 3418 1227 3490 regalique
1259 3417 1577 3487 metropoli:
1607 3417 1858 3486 exemplo
1887 3428 2018 3485 autel

2248 3437 2274 3471 ν
2307 3419 2610 3490 εἰρημένων
2645 3419 2906 3489 θεοφιλῶν
2941 3421 3148 3492 ἀνδρῶν
3186 3415 3342 3490 γένος
3375 3418 3515 3476 εἶναι
3556 3441 3771 3496 σεμνυ-

495 3511 676 3577 unius,
704 3510 796 3579 qui
836 3509 964 3566 olim
999 3511 1063 3565 ad
1101 3508 1447 3564 Servatorem
1500 3510 1758 3575 accessit,
1791 3509 2018 3564 centurit

2247 3529 2405 3572 ιενοι,
2442 3511 2693 3584 έκϐλητοι
2725 3513 3008 3582 γεγόνασιν
3051 3515 3112 3566 οὐ
3146 3514 3244 3585 τῆς
3282 3514 3376 3569 τοῦ
3417 3515 3555 3568 Θεοῦ
3605 3516 3770 3587 βασι-

493 3603 600 3667 nis,
632 3601 1049 3656 innumerabilis
1080 3601 1360 3656 hominum
1398 3601 1694 3657 multitudo
1720 3616 1787 3656 ex
1834 3602 2016 3656 nation

2248 3603 2319 3667 ῗας
2354 3604 2534 3674 μόνον,
2566 3605 2700 3658 ἀλλά
2727 3606 2821 3658 καὶ
2840 3607 2937 3676 τῆς
2965 3605 3143 3659 αὐτῶν
3172 3607 3321 3676 ἱερᾶς
3350 3608 3441 3659 xu‘t
3469 3606 3771 3680 βασιλικῆς

494 3694 600 3750 bus
640 3696 874 3760 cunctis,
921 3709 1073 3764 aeque
1120 3711 1185 3750 ac
1229 3696 1339 3764 ille,
1393 3696 1610 3752 Christo
1670 3695 1927 3765 adjuncta
1973 3693 2017 3748 si

2247 3697 2576 3766 _'cporr6)tew;'
2599 3698 2690 3750 ἐπὶ
2712 3697 2769 3750 δὲ
2800 3697 2916 3761 ένὺς
2938 3697 3032 3751 τοῦ
3061 3697 3228 3751 πάλαι
3250 3698 3327 3768 τῷ
3347 3699 3565 3769 Σωτῆρι
3591 3717 3770 3772 προσ-

495 3805 619 3859 qua:
647 3789 714 3844 ab
738 3805 804 3844 eo
827 3791 1039 3855 edocta,
1075 3789 1324 3845 eumdem
1361 3803 1520 3857 quem
1564 3787 1757 3858 inclyti
1805 3786 1881 3840 illi
1927 3802 2013 3855 apt

2249 3785 2487 3857 γλυθότος
2552 3787 2829 3858 χιλιάρχου
2877 3789 3080 3858 ἄφατός
3131 3789 3339 3860 ἀνδρῶν
3393 3790 3634 3861 ἀριθμὸς
3709 3793 3772 3862 εξ

496 3879 753 3935 Ηοιπσξοε
791 3881 912 3942 viri.
945 3881 1112 3935 Deum
1139 3896 1453 3950 agnoscere,
1491 3896 1676 3948 parem
1706 3879 1816 3935 illis
1847 3880 1914 3933 ab
1948 3894 2019 3932 un

2246 3879 2426 3931 άντων
2460 3877 2567 3930 τῶν
2597 3878 2765 3930 ἐθνῶν
2792 3878 2993 3948 ὁμοίως
3024 3880 3216 3950 ἐκείνῳ
3239 3880 3316 3950 τῷ
3339 3881 3565 3952 Χριστῷ
3593 3899 3769 3954 προσ-

495 3971 697 4027 versali
725 3987 849 4040 rege
883 3973 992 4028 Deo
1021 3975 1329 4030 mercedem
1369 3974 1610 4042 recipere
1633 3974 1792 4042 digna
1827 3972 1946 4026 fuit.

2242 3987 2380 4034 ντων,
2422 3971 2515 4022 xu‘t
2536 3969 2626 4023 διὰ
2649 3970 2749 4040 τῆς
2771 3971 2932 4023 αὐτοῦ
2963 3972 3306 4036 διδασκαλίας
3346 3973 3436 4026 τὸν
3471 3975 3584 4027 τῶν
3632 3976 3765 4046 παρ’

503 4063 776 4135 Ἑϐραίοις
816 4064 1140 4136 λαμψάντων
1178 4064 1386 4138 ἀνδρῶν
1417 4065 1742 4133 ὲπιγνόντων
1772 4063 1925 4131 Θεὸν,
1960 4061 2060 4132 τῆς
2098 4060 2219 4132 ἴσης
2257 4062 2436 4124 αὐτοῖς
2506 4063 2733 4126 ἐκείνοις
2802 4064 3057 4133 ἠξίωνται
3109 4065 3261 4136 παρά
3302 4066 3379 4135 τῷ
3423 4067 3771 4136 παμϐασιλεί

494 4161 613 4232 Θεῷ
645 4160 903 4231 ἀμοιϐῆς.

1253 4256 1316 4311 ν.
2099 4253 2150 4312 D

2099 4253 2150 4312 ι)
2924 4247 2996 4298 E'.

565 4345 782 4400 Mandat
797 4346 952 4402 Petro
975 4346 1229 4401 Dominus
1241 4347 1376 4401 utad
1395 4347 1628 4416 praedam
1649 4348 1782 4402 retia
1796 4346 2062 4410 demittat;

2245 4341 2358 4411 (40)
2384 4339 2822 4410 Παρακελεύεται
2854 4341 2952 4410 μὲν
2979 4341 3056 4410 τῷ
3086 4341 3276 4412 Πέτρῳ
3308 4342 3335 4393 6
3365 4341 3577 4411 Κύριος
3608 4345 3767 4414 χαλά·

487 4439 580 4506 qui
603 4438 1038 4507 quidemjussum
1061 4438 1393 4508 exsequitur.
1427 4438 1561 4494 Cum
1591 4450 1770 4494 autem
1817 4454 2005 4508 magna

2251 4435 2386 4515 ιείς
2417 4431 2592 4515 ἀγραν
2622 4430 2690 4484 τά
2734 4431 2958 4486 δίκτυα·
2997 4434 3026 4484 ὁ
3070 4432 3124 4484 δὲ
3173 4432 3233 4486 τὸ
3280 4436 3767 4506 προστεταγμένον

492 4527 722 4592 piscium
745 4527 1144 4581 multitudinem
1163 4527 1578 4593 conclusissent,
1597 4539 1652 4582 et
1667 4527 1799 4582 retia
1832 4527 2015 4595 ponde1

2243 4511 2394 4592 ποίει..
2417 4511 2504 4587 Ὦς
2533 4524 2594 4584 δὲ,
2625 4522 2976 4578 συνέκλεισαν
3009 4524 3208 4594 πλῆθος
3246 4523 3444 4594 ἰχθύων
3473 4525 3643 4591 πολὺ,
3677 4528 3766 4580 καὶ

493 4626 718 4686 gravata
735 4618 1197 4687 dirumperentur,
1213 4631 1365 4687 opem
1385 4629 1576 4687 petunt
1592 4635 1621 4672 θ
1636 4621 1811 4672 vicina
1841 4617 2016 4671 navicr

2226 4618 2528 4690 ερρήγνυτο
2555 4615 2622 4669 τὰ
2648 4615 2840 4670 δίκτυα
2878 4615 2955 4687 τῷ
3002 4617 3192 4686 πλήθει
3224 4615 3564 4686 βαρούμενα,
3600 4635 3746 4688 προσ

493 4708 541 4760 la
564 4723 580 4771 ;
605 4717 765 4776 atque
779 4707 850 4761 ita
869 4707 1126 4763 extractis
1139 4706 1376 4776 piscibus
1395 4717 1675 4776 utramque
1704 4707 1956 4776 scapham
1975 4722 2016 4760 rt

2236 4710 2467 4777 ιλοῦντσι
2518 4711 2615 4780 μὲν
2664 4713 2744 4772 εἰς
2799 4709 3047 4780 βοήθειαν
3089 4710 3214 4773 τοὺς
3249 4709 3306 4760 ἐν
3345 4709 3422 4778 τῷ
3456 4711 3759 4778 γειτνιῶντι

493 4798 865 4866 pleverunt,in
883 4801 1345 4869 tantumutmergi
1376 4799 1828 4867 periclitarentur.
1862 4797 2016 4865 Quan

2234 4804 2377 4872 ιοίῳο
2435 4797 2532 4854 εἴτ’
2588 4801 2983 4864 ἀνελκύσαντες
3031 4801 3158 4865 τοὺς
3221 4801 3429 4872 ἰχθύας,
3458 4803 3757 4875 πληροῦσα

494 4893 681 4943 obrem
725 4889 1082 4944 admiratione
1119 4889 1310 4945 Petrus
1359 4891 1666 4960 perculsus,
1699 4891 1975 4960 indignum
2005 4907 2017 4945 ε

2235 4912 2341 4962 ιφω
2377 4892 2446 4946 τὰ
2489 4894 2705 4964 σκάφη,
2737 4893 2814 4956 ὼς
2851 4893 3177 4946 κινδυνεύειν
3215 4893 3354 4947 αὑτά
3399 4893 3758 4968 βυθισθῆναι·

493 4980 854 5036 conﬁtebatur
867 4991 924 5035 ut
941 4980 1197 5035 Servator
1214 4983 1280 5035 ad
1298 4997 1358 5037 se
1383 4985 1610 5037 veniret.
1636 4982 1729 5038 llle
1744 4991 1948 5046 autem,
1972 4998 2016 5052 ql

2234 4987 2257 5034 ι’
2291 4980 2372 5047 οἷς
2397 4987 2424 5037 ὁ
2452 4985 2654 5055 Πέτρος
2686 4984 3083 5053 άποθαυμάσας
3110 4985 3407 5058 ἐξεπλάγη,
3445 4987 3675 5055 ἀνάξιόν
3709 5005 3757 5041 τμ

497 5084 748 5142 tanquam
788 5072 954 5127 futuri
986 5075 1246 5144 temporis
1271 5075 1559 5145 imaginem
1589 5063 2017 5144 ipsiostendera

2226 5077 2359 5130 μυτὸν
2397 5078 2496 5148 τῆς
2521 5077 2795 5148 σωτηρίου
2821 5076 3127 5140 ὲπιϐάσεως
3155 5077 3422 5148 ὡμολόγει
3450 5079 3599 5148 (41).
3642 5081 3700 5134 '0
3721 5080 3749 5132 δ

495 5165 994 5233 interpretationem
1018 5179 1232 5234 quoque
1259 5164 1410 5229 facit,
1447 5166 1662 5234 aitque:
1693 5166 1820 5220 Noli
1845 5168 2018 5220 timere

2219 5185 2355 5238 σπερ
2405 5167 2678 5234 ἐπιδείξας
2739 5166 2890 5236 αὐτῷ
2934 5165 3030 5236 τὴν
3083 5166 3179 5220 τοῦ
3236 5167 3525 5238 μέλλοντος
3553 5171 3742 5224 εἰκόνα

496 5253 683 5306 abhinc
711 5254 846 5308 enim
879 5254 980 5307 eris
1006 5253 1240 5308 homines
1261 5257 1328 5308 ad
1368 5256 1529 5310 vitam
1566 5255 1796 5325 capiens.
1841 5254 2016 5309 Cunct

2232 5261 2422 5326 ῑσαφεῖ
2447 5257 2544 5329 τὴν
2577 5256 2904 5329 ἑρμηνείαν,
2936 5255 3030 5308 καί
3061 5273 3195 5327 φησι
3235 5255 3370 5329 πρὸς
3409 5259 3579 5313 αὐτόν
3606 5277 3622 5290 ⁸
3665 5259 3755 5319 Μὴ

495 5359 625 5399 vero
651 5345 847 5399 simul:
889 5343 1068 5400 Venite
1094 5356 1208 5415 post
1241 5363 1340 5411 me,
1373 5345 1669 5420 faciamque
1697 5364 1782 5402 vos
1828 5347 2018 5416 piscatu

2234 5349 2362 5414 96οῦ
2384 5367 2395 5378 ·
2420 5351 2536 5403 ἀπὸ
2560 5350 2664 5405 τοῦ
2693 5351 2810 5404 νῦν
2829 5349 3178 5418 ἀνθρώπους
3199 5351 3315 5421 ἔσῃ
3331 5349 3565 5420 ζωγρῶν
3586 5370 3601 5382 ο
3628 5355 3757 5425 πρὸς

499 5452 579 5489 res
608 5437 896 5491 hominum.
929 5437 1189 5493 Galilaeos
1234 5439 1504 5507 homines,
1553 5441 1687 5496 viles
1740 5441 2022 5494 rusticano:

2275 5441 2480 5505 πάντας
2504 5459 2518 5474 ο
2557 5441 2738 5497 Δεῦτε
2780 5442 2975 5496 ὀπίσω
3010 5459 3153 5511 μου,
3190 5441 3289 5495 καί
3325 5442 3564 5508 ποιήσω
3607 5443 3757 5514 ὑμᾶς

502 5528 636 5580 nihil
669 5541 870 5596 praeter
895 5529 1156 5601 Syrorum
1184 5530 1482 5586 dialectum
1518 5534 1774 5607 scientes,
1809 5541 1928 5588 arte
1959 5533 2025 5588 hu

2230 5533 2367 5600 λιεῒς
2421 5533 2761 5602 ἀνθρώπων.
2825 5533 3141 5598 Γαλιλαίους
3209 5533 3439 5604 ἄνδρας,
3499 5536 3753 5601 εὐτελεῖς,

716 5644 852 5721 god.
882 5645 950 5710 A,
987 5645 1144 5721 [εδδ.
1177 5647 1299 5717 Syr.
1335 5648 1424 5702 lib.
1451 5663 1524 5708 tv.
1547 5648 1602 5703 6.
1715 5719 1728 5721 _
2181 5669 2212 5704 ,ς
2241 5651 2308 5704 cl.
2340 5651 2446 5705 Leo
2481 5667 2534 5721 p.
2572 5651 2701 5713 2l6.
2743 5667 2808 5707 ex
2850 5655 2970 5707 cod.
3020 5653 3253 5708 Vindob.
3285 5652 3388 5707 Sed
3429 5654 3609 5707 multo
3643 5655 3751 5706 Inn-

575 5713 686 5784 (41)
721 5713 989 5771 llactenus
1017 5713 1374 5787 fragmentum
1409 5721 1673 5775 recitatur
1700 5719 1884 5778 Graece
1905 5722 2068 5778 etiam
2183 5724 2304 5791 gius
2329 5713 2678 5791 prosequitur
2711 5724 2764 5778 in
2793 5724 2982 5779 codice
3013 5735 3200 5780 nostro
3238 5723 3409 5778 Vatic.
3439 5727 3508 5777 A.
3545 5727 3582 5777 τ.
3627 5724 3711 5779 85.
