3858 6214
71 259 212 315 6‘25
1500 263 1586 318 DE
1626 259 2090 318 THEOPHANIA.
3272 251 3376 304 626

73 375 428 445 ἀγροίκους,
463 376 616 430 οὐδὲν
651 377 811 432 πλέον
846 377 944 450 τῆς
973 377 1160 450 Σύρων
1191 383 1375 452 φωνῆς
1404 381 1671 452 ἐπισταμέ

1809 378 1960 442 mili,
1988 379 2040 433 id
2069 385 2153 432 est
2182 374 2496 448 piscatoria,
2525 387 2630 429 non
2650 370 2768 427 sine
2794 383 2956 425 causa
2988 366 3244 423 Servator
3279 383 3376 419 no.

77 485 254 532 νους,
296 468 432 522 ἀλλὰ
464 470 659 522 καὶτὸ
695 470 1030 542 ἐπιτήδευμα
1068 471 1323 526 ταπεινὸν
1355 475 1453 544 τῆς
1495 473 1670 526 άλιεία

1803 479 1938 538 ster,
1973 477 2264 524 venatores
2311 467 2594 523 hominum
2622 476 2847 532 suaeque
2883 459 3144 517 doctrina:
3165 473 3375 530 praeco-

83 560 552 628 μετερχομένους
571 601 586 626 ,
633 562 858 626 εἰκότως
905 563 934 614 ὁ
980 563 1174 635 Σωτὴρ
1223 563 1383 636 ήμῶν
1435 564 1670 636 θηρευτὰ

1804 576 1902 618 nes
1946 575 2005 617 se
2049 559 2324 616 facturum
2369 556 2768 627 pollicebatur;
2801 552 3062 623 fecitque,
3092 551 3235 607 haud
3275 551 3377 605 fal-

77 646 418 718 ἁνθρώπων
449 651 544 702 καὶ
575 652 825 721 κήρυκας
851 652 952 724 τῆς
981 654 1148 708 αὐτοῦ
1169 655 1516 718 διδασκαλίας
1541 655 1699 726 ποιή-

79 755 223 793 σειν
269 741 657 812 ἐπηγγέλλετο,
690 745 784 798 καὶ
810 745 1110 816 πεποίηκεν
1134 747 1196 800 οὐ
1226 745 1567 818 ψευσάμενος
1603 745 1700 818 τὴν

80 831 428 903 ὑπόσχεσιν,
461 833 733 904 παριστὰς
770 834 903 888 Θεοῦ
933 836 1164 907 δύναμιν
1209 835 1567 909 ἐνεργητικὴν
1603 833 1699 888 τοῦ

79 923 460 994 πράγματος.
506 925 569 977 Εἰ
604 926 700 996 μὲν
731 926 871 998 γὰρ,
907 928 1122 997 λογίους
1164 929 1316 992 τινὰς
1350 928 1443 982 καὶ
1480 929 1697 996 σοφοὺς,

172 1017 270 1068 καὶ
312 1015 422 1069 τῶν
471 1017 624 1089 παρὰ
664 1019 940 1084 Ἰουδαίοις
990 1019 1293 1090 ἀνθρώπων
1341 1019 1565 1084 ἐνδόξων
1606 1021 1701 1073 καὶ

83 1107 382 1162 πλουσίων
420 1110 852 1182 προσαγόμενος,
890 1111 1103 1176 τούτοις
1145 1112 1412 1183 ἐκέχρητο
1443 1112 1700 1166 διδασκά-

81 1198 221 1262 λοις
248 1200 359 1253 τῶν
387 1201 553 1255 αὐτοῦ
584 1202 778 1270 λόγων,
812 1201 914 1257 κᾶν
937 1205 1085 1269 εἰκὸς
1110 1200 1178 1276 ἦν
1212 1204 1699 1276 ἀνθρωπινώτερον

83 1290 491 1360 ὲπινενοῆσθαι
522 1291 584 1344 τὸ
625 1294 858 1364 πρᾶγμα
877 1311 889 1323 ·
915 1294 1072 1346 οὕτω
1103 1294 1236 1362 γοῦν
1265 1296 1314 1347 οἰ
1345 1294 1563 1357 πλείους
1592 1294 1699 1348 τῶν

79 1379 414 1452 ἀνθρώπων
450 1381 702 1435 εἰώθασιν
731 1381 1150 1446 ὑποτάττεσθαι,
1193 1383 1225 1454 ἢ
1276 1384 1555 1454 χρήμασιν
1594 1381 1700 1434 ὑπὸ

84 1471 382 1528 πλουσίων
424 1471 817 1544 δελεαζόμενοι,
862 1474 896 1545 ἦ
932 1473 1107 1542 λόγων
1142 1474 1405 1545 περιϐολῇ
1435 1474 1529 1527 καὶ¹
1562 1490 1697 1542 φαν-

77 1562 270 1634 τασία
303 1563 500 1632 σοφίας
520 1564 889 1636 ἀπατώμενοι,
912 1565 946 1636 ἢ
977 1567 1251 1637 ὑπεροχάς
1279 1565 1503 1630 ἐνδόξων
1527 1581 1671 1636 προσ

1799 1565 2082 1618 contrario
2133 1561 2462 1632 pauperibus
2507 1572 2561 1616 et
2610 1559 2896 1627 obscuris,
2954 1574 3021 1615 ac
3062 1559 3376 1616 litteratura

81 1652 274 1707 ὠπων
325 1655 852 1726 καταπληττόμενοι.
893 1657 950 1710 '0
987 1656 1043 1709 δὲ
1085 1656 1158 1727 μὴ
1191 1656 1452 1720 τοιούτοις
1488 1656 1671 1728 χρησά

1802 1655 2007 1719 idiotis,
2036 1654 2218 1722 lingua
2267 1651 2442 1724 Syris,
2478 1653 2668 1707 habitu
2701 1651 2910 1716 humili,
2941 1665 3217 1721 operaque
3252 1651 3374 1714 vili,

87 1763 271 1816 μενος
316 1745 610 1816 μαθηταῖς,
649 1747 958 1801 τούναντίον
998 1747 1056 1800 δὲ
1099 1748 1292 1819 πένησι
1331 1748 1426 1802 καὶ
1463 1747 1669 1812 ἀδόξοις

1793 1747 2128 1817 exploratum
2153 1754 2236 1800 est
2260 1760 2384 1799 eum
2414 1745 2650 1800 divinam
2692 1752 2901 1798 tantum
2933 1743 3245 1800 adhibuisse
3273 1757 3377 1811 po-

84 1838 195 1889 καὶ
221 1837 320 1891 τὸν
357 1837 515 1906 λόγον
542 1836 798 1904 ἰδιώταις,
834 1839 1026 1909 Σύροις
1068 1857 1128 1892 τε
1153 1840 1251 1911 τὴν
1282 1840 1484 1911 φωνὴν,
1518 1841 1611 1893 καί¹
1635 1841 1671 1892 τί

1805 1837 2026 1893 tentiam
2081 1853 2096 1902 ;
2156 1851 2321 1905 quam
2361 1835 2598 1888 ostendit
2650 1833 2830 1903 primo
2861 1831 3078 1901 quidem
3114 1831 3240 1887 dum
3269 1847 3375 1888 una

84 1927 294 1997 σχῆμα
324 1929 625 1992 ταπεινοῖς,
657 1929 752 1981 καὶ
783 1928 1056 1981 εὐτελέσιν
1083 1928 1249 2000 ἔργῳ,
1279 1929 1436 2000 δῆλος
1461 1925 1528 2001 ἦν
1559 1929 1671 2000 μόνῃ

1801 1930 1990 1985 vocula
2017 1943 2114 1985 eos
2148 1929 2399 1983 invitavit
2425 1927 2776 1996 asseclasque
2809 1941 2936 1982 suos
2987 1926 3142 1990 fecit,
3178 1927 3374 1982 deinde

83 2022 160 2089 τῇ
193 2019 356 2090 θεῖκῇ
388 2019 613 2091 δυνάμει
637 2019 938 2091 χρώμενος,
967 2021 1033 2092 ἢν
1055 2019 1354 2086 ἐνεδείξατο
1379 2021 1569 2090 πρῶτα
1596 2021 1671 2092 μὲ·

1799 2023 2067 2092 spondens
2114 2031 2364 2091 captares
2413 2022 2827 2092 piscatoresque
2896 2020 3176 2076 hominum
3235 2035 3268 2076 a
3313 2035 3376 2077 se

1799 2112 2000 2167 factum
2059 2113 2163 2178 iri;
2223 2122 2280 2167 nt
2320 2127 2418 2182 pro
2474 2113 2680 2168 retibus
2731 2126 2850 2182 quae
2897 2127 3041 2166 nunc
3093 2111 3372 2178 tenebant,

1798 2215 2076 2260 sumentes
2117 2208 2184 2259 ab
2227 2219 2292 2259 eo
2339 2203 2646 2259 litterarum
2695 2202 2938 2258 omnium
2996 2202 3248 2273 legalium
3303 2217 3370 2258 ac

1805 655 1922 709 lens
1951 654 2304 725 promissum,
2337 650 2432 707 Dei
2470 664 2664 720 nempe
2696 647 2995 718 potentiam
3024 647 3102 702 rei
3129 644 3372 702 eﬂ'ectri-

1803 759 1919 800 cem
1973 757 2323 809 expromens.
2376 739 2512 794 Nam
2574 738 2621 794 si
2676 736 2948 792 litteratos
2973 733 3183 804 aliquos
3206 742 3262 789 et
3286 748 3376 788 sa-

1802 837 2042 906 pientes.
2088 834 2169 890 vel
2217 835 2376 888 etiam
2430 845 2497 886 ex
2552 829 2756 886 Judaeis
2803 827 3010 883 nobiles
3075 826 3380 896 divitesque

1802 928 1949 982 viros
1971 926 2207 996 eligens,
2235 925 2320 978 his
2340 938 2469 979 usus
2489 931 2635 978 esset
2659 921 2934 992 magistris
2953 919 3212 976 doctrinae
3239 933 3373 987 suae,

1802 1017 1988 1084 utique
2022 1015 2317 1070 humanum
2347 1014 2529 1084 potius
2565 1011 2840 1082 negotium
2874 1009 2928 1064 id
2958 1008 3106 1064 credi
3144 1016 3376 1078 poterat.

1803 1106 1894 1161 Sic
1920 1107 2065 1161 enim
2095 1105 2339 1175 plerique
2367 1104 2651 1158 hominum
2685 1100 2864 1158 solent
2889 1107 3061 1155 semet
3084 1098 3385 1181 subjicere.

1799 1197 1885 1254 vel
1933 1197 2162 1267 pecunia
2215 1211 2246 1250 a
2302 1195 2560 1251 divitibus
2617 1192 2884 1261 inescati,
2933 1191 3023 1247 vel
3066 1190 3377 1246 litterarum

1799 1289 1982 1358 specie
2011 1297 2062 1341 et
2095 1286 2378 1356 sapientia:
2417 1285 2694 1356 praestigio
2731 1283 2963 1353 decepti,
3006 1282 3093 1338 vel
3123 1283 3377 1339 eminen-

1799 1379 1928 1433 tiam
1957 1393 2320 1448 personarum
2357 1377 2650 1432 illustrium
2682 1376 3039 1432 admirantes.
3066 1374 3228 1432 Jesus
3271 1391 3376 1432 au-

1801 1480 1907 1526 tem
1959 1485 2080 1528 cum
2129 1471 2269 1526 haud
2321 1469 2522 1524 talibus
2565 1471 2638 1524 sit
2683 1484 2816 1523 usus
2859 1467 3160 1537 discipulis,
3211 1467 3307 1523 sed
3337 1481 3372 1522 ε

85 2114 252 2182 φωνῇ
322 2113 422 2182 μιᾷ
476 2112 991 2183 προσκαλεσάμενος
1051 2113 1250 2176 αὐτοὺς
1311 2113 1406 2166 καὶ
1469 2113 1694 2166 ἀκολού-

87 2203 224 2265 θους
268 2203 386 2273 (4⁸2)
417 2204 584 2257 αὐτοῦ
618 2206 988 2276 καταστήσας,
1025 2206 1263 2260 κᾶπειτα
1290 2207 1693 2278 ἐπαγγειλάμε-

83 2311 186 2357 νος
222 2294 571 2364 σαγηνευτὰς
604 2295 698 2348 καί¹
737 2295 912 2358 ἁλιεῖς
959 2295 1263 2368 ἀνθρώπων
1297 2297 1544 2368 ποιήσειν
1591 2298 1671 2350 αὐ-

1794 2296 2228 2366 propheticarum
2263 2334 2278 2359 ,
2345 2309 2558 2350 necnon
2628 2293 2824 2348 divinae
2884 2293 3053 2363 ipsius
3105 2292 3373 2348 doctrinae

81 2388 244 2450 τοὺς,
279 2385 350 2438 ἵν’
392 2387 508 2439 ἀνθ’
549 2381 624 2440 ὧν
659 2383 802 2458 εἶχον
850 2388 1108 2452 δικτύων,
1154 2387 1412 2451 λαϐόντες
1438 2389 1570 2458 παρ’
1597 2389 1671 2442 αύ

1792 2402 2070 2456 sagenam,
2103 2387 2154 2440 in
2201 2387 2452 2440 humanm
2491 2385 2618 2440 vita:
2671 2399 2822 2439 mare
2872 2383 3164 2452 iactarent,
3209 2393 3371 2455 quot-

80 2477 186 2530 τοῦ
218 2479 324 2548 τὴν
356 2479 466 2531 ἀπὸ
493 2480 762 2533 παντοίων
790 2479 964 2548 λόγων
1001 2478 1243 2550 νομικῶν
1269 2496 1329 2532 τε
1363 2479 1459 2533 καὶ
1485 2496 1670 2552 προφη

1792 2487 1929 2548 quot
1954 2488 2308 2534 occurrerent
2356 2479 2662 2545 irretirent,
2698 2492 2896 2548 genere
2927 2477 3071 2532 omni
3122 2479 3371 2533 rationa-

84 2569 231 2632 τῶν,
259 2569 370 2622 τῶν
394 2587 456 2622 τε
478 2570 578 2639 τῆς
604 2569 786 2625 ἐνθέου
809 2570 1162 2633 διδασκαλίας
1197 2570 1364 2624 αὐτοῦ
1390 2569 1671 2623 πλακεῖσα·

1795 2570 1926 2624 lium
1957 2570 2185 2640 piscium
2223 2570 2359 2625 retia
2387 2585 2484 2624 sua
2513 2569 2796 2624 rationalia
2829 2568 3185 2638 complentes.

83 2666 348 2736 σαγήνην
392 2665 734 2735 ἐμϐάλλωσιν
767 2668 846 2729 εἰς
879 2664 978 2737 τὴν
1017 2664 1112 2719 τοῦ
1143 2664 1481 2736 ἀνθρωπείου
1530 2663 1646 2734 βίου
1681 2664 1970 2728 θάλατταν,
2003 2664 2098 2718 καὶ
2141 2663 2506 2735 περιϐάλωσιν
2556 2664 2713 2728 ὅσους
2741 2662 2807 2716 ἂν
2838 2661 3063 2734 εὕρωσι,
3098 2662 3370 2738 πληροῦν-

78 2773 181 2819 τες
221 2756 293 2808 τά
332 2757 541 2809 ἑαυτῶν
569 2756 762 2825 λογικά
797 2757 987 2810 δίκτυα
1013 2757 1211 2820 παντὸς
1252 2756 1441 2825 γένους
1468 2756 1702 2824 λογικῶν
1728 2755 1946 2826 ἰχθύων.

173 2851 344 2904 Ἀλλά
390 2851 560 2904 ταῦτα
608 2853 704 2923 μὲν
746 2851 832 2906 διὰ
885 2853 1072 2923 φωνῆς
1121 2853 1431 2922 ἀκουόμενα
1466 2853 1671 2924 ῥήματα

1858 2854 2035 2922 Atque
2080 2852 2196 2907 haec
2249 2867 2317 2908 ex
2371 2853 2419 2906 vi
2473 2852 2622 2907 vocis
2679 2861 2888 2906 tantum
2946 2850 3151 2916 audita,
3201 2849 3361 2906 verba

80 2944 184 2994 καὶ
232 2943 426 3012 ψόφοι,
461 2946 552 2998 καὶ
582 2945 742 2998 πλέον
773 2947 1016 3018 ὑπῆρχεν
1055 2945 1243 2999 οὐδέν·
1284 2947 1384 3017 τῆς
1427 2945 1470 2998 δ’
1499 2945 1671 3017 ἐνθέοι

1788 2953 1944 3000 erant
1993 2953 2047 3000 et
2094 2945 2321 3007 sonitus,
2399 2954 2773 3013 praetereaque
2829 2942 2990 2998 nihil.
3055 2942 3163 3000 Sed
3215 2944 3362 2998 enim

79 3032 382 3102 δυνάμεως
422 3034 484 3086 τὸ
531 3033 688 3105 ἔργον
730 3035 829 3089 οὐκ
872 3038 953 3099 εἰς
1003 3037 1224 3108 μακράν
1271 3037 1680 3108 παρεστήσατο·

82 3124 232 3177 αὑτά
276 3125 345 3196 δὴ
389 3125 562 3179 ταῦτα
605 3127 673 3180 τὰ
724 3127 812 3181 διὰ
854 3129 962 3182 τῶν
1004 3129 1178 3198 λόγων
1234 3130 1685 3202 προηγορευμένα

82 3219 205 3280 τοῖς
256 3215 445 3287 ἔργοις
491 3219 831 3283 ἐπιτελέσας,
885 3221 962 3284 ὡς
1003 3223 1060 3275 ἐν
1117 3221 1312 3292 βραχεῖ
1361 3223 1537 3293 χρόνῳ
1582 3223 1684 3294 τὴν

87 3306 399 3376 σύμπασαν
445 3308 744 3382 ἀνθρώπων
775 3313 1105 3384 οἰκουμένην
1147 3313 1314 3384 μυρία
1354 3313 1532 3385 πλήθη
1573 3313 1684 3368 τῶν

88 3399 546 3468 σαγηνευθέντων
573 3402 677 3454 ὑπὸ
697 3402 806 3455 τῶν
838 3403 1060 3458 ἰδιωτῶν
1088 3403 1292 3458 τούτων
1317 3405 1525 3477 ἀνδρῶν
1547 3407 1680 3478 κτή-

85 3491 316 3555 σασθαι,
353 3491 708 3565 πληρωθῆναι
737 3512 798 3548 τε
826 3495 1161 3568 Ἐκκλησιῶν
1190 3497 1370 3551 πάντα
1392 3497 1553 3551 τόπον
1569 3498 1683 3551 Ἑλ-

83 3581 268 3654 λήνων
305 3599 370 3635 τε
421 3585 513 3637 καὶ
559 3585 883 3659 βαρϐάρων,
918 3587 1004 3640 διά
1039 3587 1164 3659 μίαν
1195 3589 1412 3659 ἐκείνην
1450 3591 1681 3659 ἐπαγγε-

84 3675 211 3728 λίαν
241 3675 349 3745 τῆς
382 3675 568 3748 θεῖκῆς
597 3681 802 3750 φωνῆς,
830 3679 897 3732 δι’
930 3675 999 3750 ἧς
1027 3681 1087 3733 οὐ
1125 3679 1355 3746 διδάξειν
1404 3682 1528 3744 τοὺς
1555 3682 1682 3734 ἐαυ-

82 3767 181 3820 τοῦ
222 3767 497 3839 μαθητάς,
520 3769 634 3822 ἀλλ’
674 3770 837 3834 αὐτὸς
878 3771 1123 3840 ποιήσειν
1152 3771 1346 3835 αὐτοὺς
1374 3771 1558 3836 ἁλιέας
1588 3773 1679 3825 άνο

85 3857 332 3929 θρώπων
371 3859 759 3938 ἐπηγγείλατοι
789 3861 939 3913 "ﬁs-1’
969 3861 1030 3914 οὑ
1070 3861 1320 3932 προέγνω
1365 3862 1522 3937 μόνον
1554 3861 1678 3916 οὔτε

83 3951 378 4022 προέφησε
417 3952 478 4004 τὸ
512 3953 722 4023 μέλλον,
754 3953 890 4007 ἀλλὰ
915 3954 1012 4006 καὶ
1044 3955 1275 4025 ποιητὴς
1309 3954 1403 4008 τοῦ
1429 3954 1680 4027 τηλικού-

81 4058 178 4094 του
215 4040 648 4111 κατορθώματος
686 4043 1100 4113 ἀποπέφανται·
1143 4041 1264 4099 εϊπέ
1298 4063 1357 4099 τε
1396 4046 1474 4118 τῷ
1511 4046 1673 4118 λόγῳ,

83 4131 180 4183 καὶ
217 4131 491 4202 πεποίηκε
522 4133 599 4205 τῷ
631 4133 795 4206 ἔργῳ·
835 4136 1146 4207 παρέστησέ
1187 4155 1244 4190 τε
1277 4137 1339 4190 τὸ
1369 4138 1560 4209 μέλλον
1589 4138 1676 4193 διὰ

85 4224 368 4296 συμϐόλου
397 4225 491 4278 καὶ
525 4226 750 4292 εἰκόνος,
786 4228 880 4280 καὶ
916 4228 983 4281 δι’
1030 4229 1201 4300 αὐτῆς
1246 4230 1524 4302 ἐνεργείας
1565 4231 1672 4283 ἀπ’

81 4318 401 4388 επλήρωσε.
423 4316 547 4382 Τοῖς
571 4317 679 4388 γὰρ
708 4317 876 4372 πάλαι
905 4319 1168 4390 πρότερον
1192 4319 1249 4372 ὲν
1279 4320 1469 4390 σκοτίᾳ
1496 4318 1672 4389 φωτὸς

81 4411 368 4484 ἀληθείας,
398 4412 491 4465 καὶ
517 4411 652 4465 Θεοῦ
681 4411 932 4480 γνώσεως
961 4415 1018 4466 ἐν
1048 4414 1202 4466 νυκτὶ
1226 4414 1666 4484 καταπονηθεῖσι,

81 4504 176 4554 καὶ
227 4502 435 4572 μηδένα
476 4502 612 4573 πρὸς
651 4503 919 4574 σωτηρίαν
952 4501 1214 4574 θηρεῦσαι
1255 4504 1666 4574 δεδυνημένοις,

80 4592 408 4663 ἐπιλάμψας
444 4593 504 4647 τὺ
546 4594 738 4648 ἑαυτοῦ
783 4595 1004 4665 φέγγος,
1049 4599 1104 4649 ἐν
1167 4598 1350 4670 ἡμέρᾳ
1400 4599 1493 4650 καί
1529 4601 1667 4667 φωτί

80 4684 400 4754 γενομένοις
427 4686 773 4755 προστάττει,
799 4687 860 4740 ού
888 4690 950 4758 τῇ
982 4687 1157 4758 οἰκείᾳ
1182 4689 1478 4760 ἐπιστήμῃ,
1507 4689 1584 4760 τῷ
1609 4690 1665 4743 δὲ

81 4773 249 4827 αὐτοῦ
296 4776 502 4845 ῥήματι
540 4775 894 4847 θαρσοῦντας,
941 4778 1252 4832 ἐπιϐάλλειν
1291 4778 1370 4850 τῷ
1417 4779 1562 4851 βυθῷ
1599 4779 1669 4834 τά

79 4862 298 4916 δίκτυα.
341 4865 404 4917 Οἱ
432 4864 491 4916 δέ
523 4864 758 4918 τοσαῦτα
790 4867 1092 4938 συνήγαγον
1126 4868 1324 4938 ἰχθύων
1359 4869 1560 4940 πλήθη,
1593 4871 1670 4932 ὡς

78 4953 514 5025 διαρρήγνυσθαι
545 4956 645 5027 μὲν
669 4957 738 5012 τὰ
769 4957 1064 5029 θηρευτικά
1088 4960 1313 5031 ὄργανα,
1343 4961 1667 5016 κινδυνεύειν

79 5042 131 5094 δὲ
167 5046 253 5106 εἰς
290 5042 452 5112 βυθὸν
482 5049 678 5117 χωρεῖν
717 5047 826 5100 ἀπὸ
857 5047 951 5101 τοῦ
983 5050 1181 5121 φόρτου
1209 5049 1279 5103 τὰ
1308 5050 1487 5104 πλοῖα.

159 5136 324 5188 Ἐπεὶ
360 5137 418 5189 δὲ
448 5137 625 5191 ταῦθ”
644 5139 818 5204 οὕτως
857 5143 1300 5212 προσταττόμενα
1328 5144 1435 5196 τὸν.
1460 5145 1664 5216 Πέτρον

81 5225 154 5287 εἰς
186 5222 454 5294 ἔκπληξιν
486 5228 578 5279 καὶ
620 5228 782 5296 φόϐον
821 5230 882 5282 ού
921 5230 1012 5284 τὸν
1039 5232 1268 5302 τυχόντα
1311 5228 1465 5303 ἦγεν·
1505 5233 1664 5287 Ἀλλά

79 5315 253 5368 ταῦτά
277 5331 359 5379 σε,
400 5317 533 5386 φησί
560 5318 697 5389 πρὸς
725 5320 886 5403 αύτὸν
917 5324 946 5374 ὁ
975 5321 1182 5393 Σωτὴρ,
1223 5325 1387 5394 μήπω
1429 5324 1664 5396 ἐκπλητ-

81 5405 248 5456 τέτω·
291 5406 504 5458 παιδιαὶ
527 5407 633 5479 γὰρ
658 5407 738 5461 ἔτι
763 5409 936 5464 ταῦτα
969 5413 1062 5465 καὶ
1101 5412 1398 5482 μελλόντων
1436 5416 1658 5480 εἰκόνες·

79 5497 123 5548 οι
147 5496 212 5550 δὲ
238 5497 340 5567 μὲν
365 5497 546 5568 ἰχθύες
567 5500 784 5555 ἄναυδοι
816 5504 908 5556 καὶ
931 5502 1135 5573 ἄλογοι,
1165 5505 1450 5562 καὶταῦτα
1479 5509 1658 5583 σκάφη

1787 3038 1990 3092 divinae
2016 3037 2234 3093 virtutis
2264 3037 2548 3092 emcientia
2579 3037 2720 3092 haud
2746 3037 2915 3092 multo
2963 3046 3089 3106 post
3123 3045 3238 3090 rata
3266 3051 3364 3091 ex-

1786 3129 1967 3184 hibuit
2011 3145 2026 3194 ;
2091 3144 2212 3184 cum
2265 3129 2382 3184 haec
2429 3128 2542 3198 ipsa
2601 3128 2836 3184 verbalia
2887 3129 3154 3200 promissa
3201 3128 3364 3184 factis

1786 3221 2095 3292 complevit,
2125 3223 2198 3276 ita
2231 3232 2288 3276 ut
2313 3224 2461 3278 brevi
2497 3233 2738 3292 tempore
2766 3223 3082 3278 universum
3132 3223 3359 3278 humani

1784 3313 2060 3370 incolatus
2091 3317 2302 3378 orbem,
2334 3315 2788 3384 innumeramque
2821 3314 3222 3369 multitudinem
3265 3329 3361 3369 ca-

1786 3415 2004 3474 ptorum
2046 3405 2115 3460 ab
2143 3405 2228 3460 his
2275 3405 2458 3460 idiotis
2505 3407 2811 3469 hominum,
2847 3404 3096 3460 Christus
3131 3406 3361 3473 adeptus

1783 3497 1874 3560 sit,
1923 3496 2194 3568 plenaque
2226 3497 2484 3552 Ecclesiis
2533 3498 2812 3552 evaserint
2863 3496 2981 3551 loca
3029 3497 3210 3550 omnia
3245 3504 3358 3550 tum

1783 3588 2094 3645 Graecorum
2148 3600 2259 3643 tum
2317 3591 2482 3644 etiam
2535 3591 2915 3655 barbarorum,
2960 3596 3180 3658 propter
3210 3585 3358 3641 illam

1783 3681 1958 3736 unica:
2007 3681 2208 3736 divinae
2251 3683 2400 3737 vocis
2441 3683 2884 3754 promissionem,
2950 3695 3054 3750 qua
3106 3680 3251 3734 haud
3297 3694 3356 3734 se

1784 3773 2074 3843 discipulos
2125 3789 2256 3830 suos
2297 3775 2609 3839 docturum,
2675 3776 2768 3830 sed
2815 3789 3008 3842 reapse
3051 3774 3355 3842 piscatcres

1782 3863 2061 3917 hominum
2097 3864 2418 3920 elfecturum
2467 3865 2777 3935 spopondit.
2831 3864 3196 3932 Quamobrem
3247 3879 3355 3920 non

1781 3957 2055 4023 praescivit
2088 3959 2246 4012 modo
2284 3957 2365 4011 vel
2395 3958 2649 4026 praedixit
2681 3972 2796 4011 rem
2827 3956 3088 4024 futuram,
3130 3957 3224 4012 sed
3274 3954 3356 4011 ef-

1781 4046 1956 4100 fector
1980 4045 2232 4102 facinoris
2257 4048 2391 4102 tanti
2422 4048 2714 4117 apparuit,
2771 4047 3022 4118 dixitque
3056 4047 3258 4112 verbis,
3297 4057 3354 4102 et

1779 4156 1943 4210 opere
1969 4153 2258 4199 exsecutus
2286 4153 2403 4208 est;
2437 4144 2600 4212 idque
2629 4144 2768 4208 fore,
2800 4143 3046 4215 symbolo
3081 4144 3357 4213 portendit

1707 4263 1751 4317 ο
1781 4244 1945 4305 atque
1971 4236 2228 4304 imagine,
2283 4236 2554 4305 simulque
2600 4237 2713 4304 ipsa
2755 4235 2996 4290 efficacia
3040 4235 3355 4305 complevit.

1780 4325 2025 4398 Namque
2055 4330 2156 4384 hos
2186 4330 2502 4399 discipulos,
2539 4329 2630 4394 qui
2670 4338 2828 4384 antea
2859 4327 3112 4382 veritatis
3151 4327 3356 4380 lumine

1780 4421 2060 4488 carebant,
2109 4431 2166 4475 et
2213 4436 2310 4490 per
2347 4431 2558 4476 noctein
2619 4422 2800 4475 divina
2853 4419 3046 4474 notitia
3077 4428 3354 4474 carentem

1780 4509 2191 4574 laboraverant,
2223 4511 2604 4580 neminemque
2643 4511 2709 4564 ad
2753 4509 2982 4565 salutem
3020 4509 3222 4563 lucrari
3253 4524 3352 4578 po-

1779 4610 2018 4670 tuerant,
2079 4603 2195 4671 ipse
2247 4603 2452 4658 lumine
2494 4617 2592 4657 suo
2631 4602 2943 4664 illustrans,
2983 4609 3040 4656 et
3080 4601 3133 4654 in
3159 4601 3351 4655 diurna

1779 4695 1897 4750 luce
1944 4691 2299 4762 constituens,
2337 4695 2493 4766 jubet
2555 4711 2658 4750 non
2705 4695 2921 4766 propria
2982 4694 3211 4764 peritia,
3257 4697 3354 4749 sed

1775 4788 1943 4857 ipsius
1965 4788 2130 4842 verbo
2147 4789 2404 4856 conlisos,
2424 4789 2629 4842 retitrin
2660 4789 2879 4859 pelagus
2900 4787 3104 4856 jacere.
3133 4785 3196 4840 lli
3223 4802 3352 4864 vero

1773 4887 1976 4931 tantam
2034 4879 2368 4948 collegerunt
2425 4881 2650 4949 pisrinm
2709 4878 3150 4942 multitudinem,
3205 4885 3352 4931 utet

1775 4971 2066 5039 piscatoria
2109 4970 2474 5026 instrumenta
2507 4979 2911 5039 rumperentur,
2944 4977 2999 5025 et
3032 4970 3164 5042 ipsae
3201 4968 3350 5023 navi-

1771 5059 1904 5114 ειιιιε
1936 5061 2176 5130 demergi
2209 5062 2445 5130 pondere
2483 5063 2948 5132 periclitarentur.

1843 5150 1978 5216 Quia
2026 5166 2154 5204 vero
2200 5151 2326 5205 talia
2383 5154 2666 5220 imperata,
2712 5152 2932 5208 Petrum
2982 5153 3034 5206 in
3066 5163 3340 5221 stuporem

1772 5249 2089 5310 metumque
2137 5258 2240 5295 non
2287 5243 2560 5297 modicum
2590 5244 2934 5298 abduxerant
2963 5260 2978 5310 ;
3016 5243 3169 5298 Haud
3202 5245 3340 5308 hac,

1770 5330 1946 5399 inquit
1993 5331 2041 5385 ei
2095 5331 2376 5399 Servator,
2439 5348 2771 5404 magnopere
2825 5343 2878 5390 te
2919 5343 3340 5390 commoveant:

1769 5420 1978 5477 ludicra
2008 5424 2153 5478 enim
2189 5426 2302 5480 haec
2337 5437 2466 5480 sunt
2503 5428 2706 5491 adhuc,
2734 5434 2789 5481 et
2820 5426 3125 5483 futurarum
3157 5441 3342 5483 rerum

1771 5509 2036 5582 imagines
2082 5532 2096 5568 :
2146 5516 2322 5585 pisces
2369 5516 2586 5584 quidem
2638 5516 2796 5583 muti,
2842 5525 2897 5573 et
2952 5516 3340 5584 irrationales‘;

144 5611 624 5705 (ig-)‘i’ofabulum
649 5616 975 5681 ἀκολούθους
1010 5620 1183 5689 magis
1217 5623 1437 5692 proprie
1496 5623 1684 5678 vellem
1725 5638 1754 5677 a
1822 5624 1964 5696 Syro
2016 5627 2183 5685 fuisse
2222 5631 2511 5687 redditum.
2559 5630 2634 5686 Ita
2687 5631 2852 5687 etiam
2898 5633 3039 5702 quod
3097 5635 3344 5705 sequitur

82 5697 282 5754 σαγηνε
290 5683 441 5746 υτάς.
