  <div class='ocr_page' id='page_1' title='image "/cluster/home/n/w/nwhite01/storage/ocr_20150623/24/nnc1.0046978259/343.png"; bbox 0 0 3858 6214; ppageno 0'>
   <div class='ocr_carea' id='block_1_1' title="bbox 393 275 490 330">
    <p class='ocr_par' dir='ltr' id='par_1_1' title="bbox 393 275 490 330">
     <span class='ocr_line' id='line_1_1' title="bbox 393 275 490 330; baseline -0.041 0"><span class='ocrx_word' id='word_1_1' title='bbox 393 275 490 330; x_wconf 75' lang='grc'><strong>631</strong></span> 
     </span>
    </p>
   </div>
   <div class='ocr_carea' id='block_1_2' title="bbox 1097 253 1969 331">
    <p class='ocr_par' dir='ltr' id='par_1_2' title="bbox 1097 253 1969 331">
     <span class='ocr_line' id='line_1_2' title="bbox 1097 253 1969 331; baseline 0.005 -7"><span class='ocrx_word' id='word_1_2' title='bbox 1097 263 1382 328; x_wconf 66' lang='grc' dir='ltr'>ΕυεΕΒιγ</span> <span class='ocrx_word' id='word_1_3' title='bbox 1403 253 1969 331; x_wconf 58' lang='grc' dir='ltr'>(ῑΑεεΑιιιΕκδιδ-οι</span> 
     </span>
    </p>
   </div>
   <div class='ocr_carea' id='block_1_3' title="bbox 2077 253 2976 331">
    <p class='ocr_par' dir='ltr' id='par_1_3' title="bbox 2108 269 2976 331">
     <span class='ocr_line' id='line_1_3' title="bbox 2108 269 2976 331; baseline 0.002 -3"><span class='ocrx_word' id='word_1_4' title='bbox 2108 270 2298 328; x_wconf 78' lang='lat' dir='ltr'><strong>PARS</strong></span> <span class='ocrx_word' id='word_1_5' title='bbox 2325 269 2413 331; x_wconf 59' lang='lat' dir='ltr'><strong>iV.</strong></span> <span class='ocrx_word' id='word_1_6' title='bbox 2453 306 2522 316; x_wconf 90' lang='lat'><strong>—-</strong></span> <span class='ocrx_word' id='word_1_7' title='bbox 2558 273 2976 330; x_wconf 74' lang='lat' dir='ltr'><strong>DOGMATICA.</strong></span> 
     </span>
    </p>
   </div>
   <div class='ocr_carea' id='block_1_4' title="bbox 3529 279 3631 331">
    <p class='ocr_par' dir='ltr' id='par_1_4' title="bbox 3529 279 3631 331">
     <span class='ocr_line' id='line_1_4' title="bbox 3529 279 3631 331; baseline 0 0"><span class='ocrx_word' id='word_1_8' title='bbox 3529 279 3631 331; x_wconf 67' lang='grc'><strong>652</strong></span> 
     </span>
    </p>
   </div>
   <div class='ocr_carea' id='block_1_5' title="bbox 388 371 1969 468">
    <p class='ocr_par' dir='ltr' id='par_1_5' title="bbox 388 371 1957 468">
     <span class='ocr_line' id='line_1_5' title="bbox 388 371 1957 468; baseline 0.001 -24"><span class='ocrx_word' id='word_1_9' title='bbox 388 371 699 468; x_wconf 30' lang='lat' dir='ltr'><strong>«II-evinctos;</strong></span> <span class='ocrx_word' id='word_1_10' title='bbox 723 404 863 444; x_wconf 86' lang='lat' dir='ltr'><strong>nunc</strong></span> <span class='ocrx_word' id='word_1_11' title='bbox 889 397 1067 445; x_wconf 91' lang='lat' dir='ltr'><strong>autem</strong></span> <span class='ocrx_word' id='word_1_12' title='bbox 1093 390 1268 458; x_wconf 89' lang='lat' dir='ltr'><strong>primo</strong></span> <span class='ocrx_word' id='word_1_13' title='bbox 1292 406 1360 446; x_wconf 92' lang='lat' dir='ltr'><strong>ex</strong></span> <span class='ocrx_word' id='word_1_14' title='bbox 1383 392 1590 460; x_wconf 86' lang='lat' dir='ltr'><strong>impura</strong></span> <span class='ocrx_word' id='word_1_15' title='bbox 1623 394 1957 462; x_wconf 88' lang='lat' dir='ltr'><strong>scelestaque</strong></span> 
     </span>
    </p>
   </div>
   <div class='ocr_carea' id='block_1_6' title="bbox 2077 371 3627 468">
    <p class='ocr_par' dir='ltr' id='par_1_6' title="bbox 2077 391 3627 464">
     <span class='ocr_line' id='line_1_6' title="bbox 2077 391 3627 464; baseline 0 -18"><span class='ocrx_word' id='word_1_16' title='bbox 2077 393 2414 464; x_wconf 84' lang='grc' dir='ltr'>ιαθαίρεσθαι</span> <span class='ocrx_word' id='word_1_17' title='bbox 2467 394 2530 445; x_wconf 91' lang='grc' dir='ltr'><strong>ἐκ</strong></span> <span class='ocrx_word' id='word_1_18' title='bbox 2580 392 2679 462; x_wconf 85' lang='grc' dir='ltr'>τῆς</span> <span class='ocrx_word' id='word_1_19' title='bbox 2727 392 3044 462; x_wconf 87' lang='grc' dir='ltr'>δαιμονικῆς</span> <span class='ocrx_word' id='word_1_20' title='bbox 3101 409 3192 444; x_wconf 90' lang='grc' dir='ltr'><strong>και</strong></span> <span class='ocrx_word' id='word_1_21' title='bbox 3243 391 3627 462; x_wconf 85' lang='grc' dir='ltr'>είδωλολάτρου</span> 
     </span>
    </p>
   </div>
   <div class='ocr_carea' id='block_1_7' title="bbox 389 480 1954 549">
    <p class='ocr_par' dir='ltr' id='par_1_7' title="bbox 389 480 1954 549">
     <span class='ocr_line' id='line_1_7' title="bbox 389 480 1954 549; baseline 0.004 -17"><span class='ocrx_word' id='word_1_22' title='bbox 389 483 496 533; x_wconf 89' lang='lat' dir='ltr'><strong>vita</strong></span> <span class='ocrx_word' id='word_1_23' title='bbox 535 489 837 534; x_wconf 81' lang='lat' dir='ltr'><strong>rev0catos.</strong></span> <span class='ocrx_word' id='word_1_24' title='bbox 891 480 1068 548; x_wconf 86' lang='lat' dir='ltr'><strong>Atque</strong></span> <span class='ocrx_word' id='word_1_25' title='bbox 1127 490 1183 533; x_wconf 95' lang='lat' dir='ltr'><strong>ut</strong></span> <span class='ocrx_word' id='word_1_26' title='bbox 1232 482 1317 536; x_wconf 89' lang='lat' dir='ltr'><strong>bis</strong></span> <span class='ocrx_word' id='word_1_27' title='bbox 1367 483 1632 537; x_wconf 74' lang='lat' dir='ltr'><strong>suadeant</strong></span> <span class='ocrx_word' id='word_1_28' title='bbox 1681 484 1954 549; x_wconf 76' lang='lat' dir='ltr'><strong>admonet,</strong></span> 
     </span>
    </p>
   </div>
   <div class='ocr_carea' id='block_1_8' title="bbox 388 571 1958 645">
    <p class='ocr_par' dir='ltr' id='par_1_8' title="bbox 388 571 1958 645">
     <span class='ocr_line' id='line_1_8' title="bbox 388 571 1958 645; baseline 0.003 -20"><span class='ocrx_word' id='word_1_29' title='bbox 388 581 512 641; x_wconf 90' lang='lat' dir='ltr'><strong>post</strong></span> <span class='ocrx_word' id='word_1_30' title='bbox 573 571 988 640; x_wconf 78' lang='lat' dir='ltr'><strong>purgationem,</strong></span> <span class='ocrx_word' id='word_1_31' title='bbox 1071 572 1282 642; x_wconf 76' lang='lat' dir='ltr'><strong>mystici</strong></span> <span class='ocrx_word' id='word_1_32' title='bbox 1351 574 1646 643; x_wconf 75' lang='lat' dir='ltr'><strong>magisterii</strong></span> <span class='ocrx_word' id='word_1_33' title='bbox 1712 575 1764 627; x_wconf 92' lang='lat' dir='ltr'><strong>vi</strong></span> <span class='ocrx_word' id='word_1_34' title='bbox 1833 589 1958 645; x_wconf 86' lang='lat' dir='ltr'><strong>per-</strong></span> 
     </span>
    </p>
   </div>
   <div class='ocr_carea' id='block_1_9' title="bbox 390 649 1960 735">
    <p class='ocr_par' dir='ltr' id='par_1_9' title="bbox 390 649 1960 735">
     <span class='ocr_line' id='line_1_9' title="bbox 390 649 1960 735; baseline 0.003 -19"><span class='ocrx_word' id='word_1_35' title='bbox 390 673 590 728; x_wconf 85' lang='lat' dir='ltr'><strong>actam,</strong></span> <span class='ocrx_word' id='word_1_36' title='bbox 620 663 759 716; x_wconf 86' lang='lat' dir='ltr'><strong>haud</strong></span> <span class='ocrx_word' id='word_1_37' title='bbox 792 662 902 730; x_wconf 89' lang='lat' dir='ltr'><strong>jam</strong></span> <span class='ocrx_word' id='word_1_38' title='bbox 935 674 1204 734; x_wconf 69' lang='lat' dir='ltr'><strong>prtecepta</strong></span> <span class='ocrx_word' id='word_1_39' title='bbox 1246 663 1494 729; x_wconf 71' lang='lat' dir='ltr'><strong>Iudaica,</strong></span> <span class='ocrx_word' id='word_1_40' title='bbox 1538 649 1718 735; x_wconf 74' lang='lat' dir='ltr'><strong>neque</strong></span> <span class='ocrx_word' id='word_1_41' title='bbox 1758 665 1960 734; x_wconf 81' lang='lat' dir='ltr'><strong>Moysis</strong></span> 
     </span>
    </p>
   </div>
   <div class='ocr_carea' id='block_1_10' title="bbox 394 754 1958 827">
    <p class='ocr_par' dir='ltr' id='par_1_10' title="bbox 394 754 1958 827">
     <span class='ocr_line' id='line_1_10' title="bbox 394 754 1958 827; baseline 0.004 -20"><span class='ocrx_word' id='word_1_42' title='bbox 394 754 653 825; x_wconf 84' lang='lat' dir='ltr'><strong>legitima,</strong></span> <span class='ocrx_word' id='word_1_43' title='bbox 692 755 786 809; x_wconf 83' lang='lat' dir='ltr'><strong>sed</strong></span> <span class='ocrx_word' id='word_1_44' title='bbox 837 770 956 824; x_wconf 71' lang='lat' dir='ltr'><strong>qua:</strong></span> <span class='ocrx_word' id='word_1_45' title='bbox 1012 756 1126 825; x_wconf 89' lang='lat' dir='ltr'><strong>ipse</strong></span> <span class='ocrx_word' id='word_1_46' title='bbox 1171 755 1237 810; x_wconf 82' lang='lat' dir='ltr'><strong>iis</strong></span> <span class='ocrx_word' id='word_1_47' title='bbox 1281 759 1616 827; x_wconf 58' lang='lat' dir='ltr'><strong>praciperet,</strong></span> <span class='ocrx_word' id='word_1_48' title='bbox 1646 757 1958 813; x_wconf 88' lang='lat' dir='ltr'><strong>observare.</strong></span> 
     </span>
    </p>
   </div>
   <div class='ocr_carea' id='block_1_11' title="bbox 391 844 1964 919">
    <p class='ocr_par' dir='ltr' id='par_1_11' title="bbox 391 844 1964 919">
     <span class='ocr_line' id='line_1_11' title="bbox 391 844 1964 919; baseline 0.003 -21"><span class='ocrx_word' id='word_1_49' title='bbox 391 844 517 899; x_wconf 73' lang='lat' dir='ltr'><strong>llaec</strong></span> <span class='ocrx_word' id='word_1_50' title='bbox 545 844 795 900; x_wconf 90' lang='lat' dir='ltr'><strong>videlicet</strong></span> <span class='ocrx_word' id='word_1_51' title='bbox 818 860 923 901; x_wconf 90' lang='lat' dir='ltr'><strong>uno</strong></span> <span class='ocrx_word' id='word_1_52' title='bbox 944 861 1040 900; x_wconf 90' lang='lat' dir='ltr'><strong>ore</strong></span> <span class='ocrx_word' id='word_1_53' title='bbox 1066 847 1245 902; x_wconf 89' lang='lat' dir='ltr'><strong>cuncti</strong></span> <span class='ocrx_word' id='word_1_54' title='bbox 1272 850 1398 902; x_wconf 89' lang='lat' dir='ltr'><strong>dum</strong></span> <span class='ocrx_word' id='word_1_55' title='bbox 1419 863 1514 918; x_wconf 92' lang='lat' dir='ltr'><strong>per</strong></span> <span class='ocrx_word' id='word_1_56' title='bbox 1540 858 1728 919; x_wconf 82' lang='lat' dir='ltr'><strong>gentes</strong></span> <span class='ocrx_word' id='word_1_57' title='bbox 1753 848 1964 904; x_wconf 84' lang='lat' dir='ltr'><strong>discur-</strong></span> 
     </span>
    </p>
   </div>
   <div class='ocr_carea' id='block_1_12' title="bbox 390 923 1962 996">
    <p class='ocr_par' dir='ltr' id='par_1_12' title="bbox 390 923 1962 996">
     <span class='ocr_line' id='line_1_12' title="bbox 390 923 1962 996; baseline 0.003 -6"><span class='ocrx_word' id='word_1_58' title='bbox 390 946 574 990; x_wconf 86' lang='lat' dir='ltr'><strong>rerent</strong></span> <span class='ocrx_word' id='word_1_59' title='bbox 610 937 896 992; x_wconf 88' lang='lat' dir='ltr'><strong>tradebant</strong></span> <span class='ocrx_word' id='word_1_60' title='bbox 918 940 1226 993; x_wconf 88' lang='lat' dir='ltr'><strong>constitutis</strong></span> <span class='ocrx_word' id='word_1_61' title='bbox 1257 939 1307 993; x_wconf 93' lang='lat' dir='ltr'><strong>in</strong></span> <span class='ocrx_word' id='word_1_62' title='bbox 1341 941 1591 996; x_wconf 91' lang='lat' dir='ltr'><strong>universo</strong></span> <span class='ocrx_word' id='word_1_63' title='bbox 1615 940 1748 996; x_wconf 90' lang='lat' dir='ltr'><strong>orbe</strong></span> <span class='ocrx_word' id='word_1_64' title='bbox 1773 923 1962 996; x_wconf 83' lang='lat' dir='ltr'><strong>Eccle-</strong></span> 
     </span>
    </p>
   </div>
   <div class='ocr_carea' id='block_1_13' title="bbox 391 1027 1962 1098">
    <p class='ocr_par' dir='ltr' id='par_1_13' title="bbox 391 1027 1962 1098">
     <span class='ocr_line' id='line_1_13' title="bbox 391 1027 1962 1098; baseline 0.001 -16"><span class='ocrx_word' id='word_1_65' title='bbox 391 1028 510 1082; x_wconf 91' lang='lat' dir='ltr'><strong>siis.</strong></span> <span class='ocrx_word' id='word_1_66' title='bbox 556 1027 731 1098; x_wconf 82' lang='lat' dir='ltr'><strong>Atque</strong></span> <span class='ocrx_word' id='word_1_67' title='bbox 766 1038 824 1081; x_wconf 93' lang='lat' dir='ltr'><strong>ut</strong></span> <span class='ocrx_word' id='word_1_68' title='bbox 863 1044 1000 1098; x_wconf 89' lang='lat' dir='ltr'><strong>opus</strong></span> <span class='ocrx_word' id='word_1_69' title='bbox 1042 1040 1185 1096; x_wconf 90' lang='lat' dir='ltr'><strong>erat,</strong></span> <span class='ocrx_word' id='word_1_70' title='bbox 1231 1031 1501 1095; x_wconf 86' lang='lat' dir='ltr'><strong>hortatur,</strong></span> <span class='ocrx_word' id='word_1_71' title='bbox 1557 1040 1612 1085; x_wconf 89' lang='lat' dir='ltr'><strong>et</strong></span> <span class='ocrx_word' id='word_1_72' title='bbox 1671 1030 1962 1085; x_wconf 87' lang='lat' dir='ltr'><strong>alacriores</strong></span> 
     </span>
    </p>
   </div>
   <div class='ocr_carea' id='block_1_14' title="bbox 391 1118 1961 1198">
    <p class='ocr_par' dir='ltr' id='par_1_14' title="bbox 391 1118 1961 1198">
     <span class='ocr_line' id='line_1_14' title="bbox 391 1118 1961 1198; baseline 0 -24"><span class='ocrx_word' id='word_1_73' title='bbox 391 1118 556 1198; x_wconf 61' lang='lat' dir='ltr'><strong>efﬁcit</strong></span> <span class='ocrx_word' id='word_1_74' title='bbox 581 1120 646 1174; x_wconf 85' lang='lat' dir='ltr'><strong>ad</strong></span> <span class='ocrx_word' id='word_1_75' title='bbox 676 1121 950 1174; x_wconf 89' lang='lat' dir='ltr'><strong>adeundas</strong></span> <span class='ocrx_word' id='word_1_76' title='bbox 978 1132 1297 1176; x_wconf 78' lang='lat' dir='ltr'><strong>venatorum</strong></span> <span class='ocrx_word' id='word_1_77' title='bbox 1324 1137 1474 1177; x_wconf 93' lang='lat' dir='ltr'><strong>more</strong></span> <span class='ocrx_word' id='word_1_78' title='bbox 1499 1131 1710 1193; x_wconf 88' lang='lat' dir='ltr'><strong>gentes,</strong></span> <span class='ocrx_word' id='word_1_79' title='bbox 1745 1132 1799 1178; x_wconf 92' lang='lat' dir='ltr'><strong>et</strong></span> <span class='ocrx_word' id='word_1_80' title='bbox 1825 1123 1961 1176; x_wconf 91' lang='lat' dir='ltr'><strong>uni-</strong></span> 
     </span>
    </p>
   </div>
   <div class='ocr_carea' id='block_1_15' title="bbox 390 1212 1957 1285">
    <p class='ocr_par' dir='ltr' id='par_1_15' title="bbox 390 1212 1957 1285">
     <span class='ocr_line' id='line_1_15' title="bbox 390 1212 1957 1285; baseline 0.003 -21"><span class='ocrx_word' id='word_1_81' title='bbox 390 1227 606 1267; x_wconf 86' lang='lat' dir='ltr'><strong>versqu</strong></span> <span class='ocrx_word' id='word_1_82' title='bbox 647 1215 921 1268; x_wconf 88' lang='lat' dir='ltr'><strong>hominum</strong></span> <span class='ocrx_word' id='word_1_83' title='bbox 957 1230 1128 1285; x_wconf 87' lang='lat' dir='ltr'><strong>genus</strong></span> <span class='ocrx_word' id='word_1_84' title='bbox 1163 1212 1538 1278; x_wconf 81' lang='lat' dir='ltr'><strong>erudiendum,</strong></span> <span class='ocrx_word' id='word_1_85' title='bbox 1595 1214 1777 1268; x_wconf 89' lang='lat' dir='ltr'><strong>addita</strong></span> <span class='ocrx_word' id='word_1_86' title='bbox 1833 1230 1957 1284; x_wconf 88' lang='lat' dir='ltr'><strong>pro-</strong></span> 
     </span>
    </p>
   </div>
   <div class='ocr_carea' id='block_1_16' title="bbox 391 1300 1962 1373">
    <p class='ocr_par' dir='ltr' id='par_1_16' title="bbox 391 1300 1962 1373">
     <span class='ocr_line' id='line_1_16' title="bbox 391 1300 1962 1373; baseline 0.003 -19"><span class='ocrx_word' id='word_1_87' title='bbox 391 1300 686 1356; x_wconf 84' lang='lat' dir='ltr'><strong>missione;</strong></span> <span class='ocrx_word' id='word_1_88' title='bbox 720 1301 857 1356; x_wconf 80' lang='lat' dir='ltr'><strong>Ecce</strong></span> <span class='ocrx_word' id='word_1_89' title='bbox 891 1320 981 1373; x_wconf 82' lang='lat' dir='ltr'><strong>ego</strong></span> <span class='ocrx_word' id='word_1_90' title='bbox 1007 1305 1268 1358; x_wconf 81' lang='lat' dir='ltr'><strong>vobiscum</strong></span> <span class='ocrx_word' id='word_1_91' title='bbox 1295 1320 1446 1369; x_wconf 76' lang='lat' dir='ltr'><strong>sum;</strong></span> <span class='ocrx_word' id='word_1_92' title='bbox 1501 1306 1800 1359; x_wconf 87' lang='lat' dir='ltr'><strong>secundum</strong></span> <span class='ocrx_word' id='word_1_93' title='bbox 1835 1319 1962 1359; x_wconf 84' lang='lat' dir='ltr'><strong>vero</strong></span> 
     </span>
    </p>
   </div>
   <div class='ocr_carea' id='block_1_17' title="bbox 391 1391 1964 1467">
    <p class='ocr_par' dir='ltr' id='par_1_17' title="bbox 391 1391 1964 1467">
     <span class='ocr_line' id='line_1_17' title="bbox 391 1391 1964 1467; baseline 0.003 -21"><span class='ocrx_word' id='word_1_94' title='bbox 391 1391 614 1454; x_wconf 87' lang='lat' dir='ltr'><strong>Lucam.</strong></span> <span class='ocrx_word' id='word_1_95' title='bbox 638 1392 902 1463; x_wconf 85' lang='lat' dir='ltr'><strong>Spiritum</strong></span> <span class='ocrx_word' id='word_1_96' title='bbox 933 1397 1225 1466; x_wconf 87' lang='lat' dir='ltr'><strong>spondens.</strong></span> <span class='ocrx_word' id='word_1_97' title='bbox 1275 1397 1400 1453; x_wconf 84' lang='lat' dir='ltr'><strong>Haec</strong></span> <span class='ocrx_word' id='word_1_98' title='bbox 1434 1409 1613 1452; x_wconf 88' lang='lat' dir='ltr'><strong>autem</strong></span> <span class='ocrx_word' id='word_1_99' title='bbox 1649 1396 1964 1467; x_wconf 89' lang='lat' dir='ltr'><strong>promissio-</strong></span> 
     </span>
    </p>
   </div>
   <div class='ocr_carea' id='block_1_18' title="bbox 392 1482 1964 1554">
    <p class='ocr_par' dir='ltr' id='par_1_18' title="bbox 392 1482 1964 1554">
     <span class='ocr_line' id='line_1_18' title="bbox 392 1482 1964 1554; baseline 0.004 -19"><span class='ocrx_word' id='word_1_100' title='bbox 392 1482 478 1537; x_wconf 89' lang='lat' dir='ltr'><strong>nis</strong></span> <span class='ocrx_word' id='word_1_101' title='bbox 529 1483 694 1537; x_wconf 89' lang='lat' dir='ltr'><strong>verba</strong></span> <span class='ocrx_word' id='word_1_102' title='bbox 751 1485 926 1554; x_wconf 89' lang='lat' dir='ltr'><strong>rcipsa</strong></span> <span class='ocrx_word' id='word_1_103' title='bbox 973 1487 1316 1541; x_wconf 76' lang='lat' dir='ltr'><strong>cumulavit:</strong></span> <span class='ocrx_word' id='word_1_104' title='bbox 1369 1503 1492 1542; x_wconf 91' lang='lat' dir='ltr'><strong>nam</strong></span> <span class='ocrx_word' id='word_1_105' title='bbox 1543 1487 1725 1542; x_wconf 87' lang='lat' dir='ltr'><strong>divina</strong></span> <span class='ocrx_word' id='word_1_106' title='bbox 1762 1487 1964 1542; x_wconf 88' lang='lat' dir='ltr'><strong>virtute</strong></span> 
     </span>
    </p>
   </div>
   <div class='ocr_carea' id='block_1_19' title="bbox 393 1574 1963 1650">
    <p class='ocr_par' dir='ltr' id='par_1_19' title="bbox 393 1574 1963 1650">
     <span class='ocr_line' id='line_1_19' title="bbox 393 1574 1963 1650; baseline 0.005 -24"><span class='ocrx_word' id='word_1_107' title='bbox 393 1574 588 1643; x_wconf 86' lang='lat' dir='ltr'><strong>cuique</strong></span> <span class='ocrx_word' id='word_1_108' title='bbox 639 1585 854 1642; x_wconf 86' lang='lat' dir='ltr'><strong>astans,</strong></span> <span class='ocrx_word' id='word_1_109' title='bbox 909 1579 1180 1647; x_wconf 87' lang='lat' dir='ltr'><strong>inspirans</strong></span> <span class='ocrx_word' id='word_1_110' title='bbox 1220 1579 1385 1634; x_wconf 91' lang='lat' dir='ltr'><strong>simul</strong></span> <span class='ocrx_word' id='word_1_111' title='bbox 1421 1589 1478 1634; x_wconf 92' lang='lat' dir='ltr'><strong>et</strong></span> <span class='ocrx_word' id='word_1_112' title='bbox 1511 1594 1828 1650; x_wconf 91' lang='lat' dir='ltr'><strong>cooperans,</strong></span> <span class='ocrx_word' id='word_1_113' title='bbox 1869 1593 1963 1634; x_wconf 90' lang='lat' dir='ltr'><strong>ne-</strong></span> 
     </span>
    </p>
   </div>
   <div class='ocr_carea' id='block_1_20' title="bbox 392 1667 1962 1740">
    <p class='ocr_par' dir='ltr' id='par_1_20' title="bbox 392 1667 1962 1740">
     <span class='ocr_line' id='line_1_20' title="bbox 392 1667 1962 1740; baseline 0.003 -20"><span class='ocrx_word' id='word_1_114' title='bbox 392 1667 522 1736; x_wconf 90' lang='lat' dir='ltr'><strong>gotii</strong></span> <span class='ocrx_word' id='word_1_115' title='bbox 559 1683 868 1724; x_wconf 89' lang='lat' dir='ltr'><strong>successum</strong></span> <span class='ocrx_word' id='word_1_116' title='bbox 898 1669 1263 1736; x_wconf 80' lang='lat' dir='ltr'><strong>conﬁrmavit,</strong></span> <span class='ocrx_word' id='word_1_117' title='bbox 1281 1684 1479 1739; x_wconf 85' lang='lat' dir='ltr'><strong>eosque</strong></span> <span class='ocrx_word' id='word_1_118' title='bbox 1509 1669 1797 1740; x_wconf 84' lang='lat' dir='ltr'><strong>magistros</strong></span> <span class='ocrx_word' id='word_1_119' title='bbox 1822 1668 1962 1738; x_wconf 90' lang='lat' dir='ltr'><strong>apud</strong></span> 
     </span>
    </p>
   </div>
   <div class='ocr_carea' id='block_1_21' title="bbox 392 1761 1848 1833">
    <p class='ocr_par' dir='ltr' id='par_1_21' title="bbox 392 1761 1848 1833">
     <span class='ocr_line' id='line_1_21' title="bbox 392 1761 1848 1833; baseline 0.001 -21"><span class='ocrx_word' id='word_1_120' title='bbox 392 1774 580 1814; x_wconf 88' lang='lat' dir='ltr'><strong>omnes</strong></span> <span class='ocrx_word' id='word_1_121' title='bbox 622 1771 810 1828; x_wconf 92' lang='lat' dir='ltr'><strong>gentes</strong></span> <span class='ocrx_word' id='word_1_122' title='bbox 844 1763 1054 1817; x_wconf 69' lang='lat' dir='ltr'><strong>tradita:</strong></span> <span class='ocrx_word' id='word_1_123' title='bbox 1084 1779 1112 1816; x_wconf 90' lang='lat' dir='ltr'><strong>a</strong></span> <span class='ocrx_word' id='word_1_124' title='bbox 1157 1779 1218 1818; x_wconf 91' lang='lat' dir='ltr'><strong>se</strong></span> <span class='ocrx_word' id='word_1_125' title='bbox 1255 1761 1526 1833; x_wconf 85' lang='lat' dir='ltr'><strong>religionis</strong></span> <span class='ocrx_word' id='word_1_126' title='bbox 1551 1761 1848 1816; x_wconf 88' lang='lat' dir='ltr'><strong>constituit.</strong></span> 
     </span>
    </p>
   </div>
   <div class='ocr_carea' id='block_1_22' title="bbox 2060 483 3631 555">
    <p class='ocr_par' dir='ltr' id='par_1_22' title="bbox 2060 483 3631 555">
     <span class='ocr_line' id='line_1_22' title="bbox 2060 483 3631 555; baseline -0.001 -18"><span class='ocrx_word' id='word_1_127' title='bbox 2060 485 2288 554; x_wconf 79' lang='grc' dir='ltr'><strong>πλάνης,</strong></span> <span class='ocrx_word' id='word_1_128' title='bbox 2331 484 2601 555; x_wconf 84' lang='grc' dir='ltr'>μιάσμασί</span> <span class='ocrx_word' id='word_1_129' title='bbox 2643 501 2705 537; x_wconf 89' lang='grc' dir='ltr'><strong>τε</strong></span> <span class='ocrx_word' id='word_1_130' title='bbox 2741 483 3014 546; x_wconf 79' lang='grc' dir='ltr'><strong>παντοίοις</strong></span> <span class='ocrx_word' id='word_1_131' title='bbox 3052 483 3461 553; x_wconf 82' lang='grc' dir='ltr'>ἐνισχημένους,</span> <span class='ocrx_word' id='word_1_132' title='bbox 3504 483 3631 555; x_wconf 75' lang='grc' dir='ltr'>ἄρτι</span> 
     </span>
    </p>
   </div>
   <div class='ocr_carea' id='block_1_23' title="bbox 2058 572 3629 645">
    <p class='ocr_par' dir='ltr' id='par_1_23' title="bbox 2058 572 3629 645">
     <span class='ocr_line' id='line_1_23' title="bbox 2058 572 3629 645; baseline -0.001 -17"><span class='ocrx_word' id='word_1_133' title='bbox 2058 592 2118 640; x_wconf 87' lang='grc' dir='ltr'><strong>τε</strong></span> <span class='ocrx_word' id='word_1_134' title='bbox 2147 575 2360 645; x_wconf 86' lang='grc' dir='ltr'>πρῶτον</span> <span class='ocrx_word' id='word_1_135' title='bbox 2381 573 2440 641; x_wconf 78' lang='grc' dir='ltr'>ἐξ</span> <span class='ocrx_word' id='word_1_136' title='bbox 2462 575 2762 628; x_wconf 84' lang='grc' dir='ltr'><strong>ἀκολάστου</strong></span> <span class='ocrx_word' id='word_1_137' title='bbox 2796 573 2890 626; x_wconf 74' lang='grc' dir='ltr'>καὶ</span> <span class='ocrx_word' id='word_1_138' title='bbox 2913 573 3227 643; x_wconf 79' lang='grc' dir='ltr'><strong>παρανόμου</strong></span> <span class='ocrx_word' id='word_1_139' title='bbox 3260 572 3374 642; x_wconf 82' lang='grc' dir='ltr'>βίου</span> <span class='ocrx_word' id='word_1_140' title='bbox 3403 573 3629 643; x_wconf 79' lang='grc' dir='ltr'>μεταδε-</span> 
     </span>
    </p>
   </div>
   <div class='ocr_carea' id='block_1_24' title="bbox 2059 665 3630 737">
    <p class='ocr_par' dir='ltr' id='par_1_24' title="bbox 2059 665 3630 737">
     <span class='ocr_line' id='line_1_24' title="bbox 2059 665 3630 737; baseline -0.002 -18"><span class='ocrx_word' id='word_1_141' title='bbox 2059 666 2379 737; x_wconf 83' lang='grc' dir='ltr'>6λημένους.</span> <span class='ocrx_word' id='word_1_142' title='bbox 2414 666 2648 730; x_wconf 82' lang='grc' dir='ltr'>Τούτους</span> <span class='ocrx_word' id='word_1_143' title='bbox 2673 667 2729 720; x_wconf 82' lang='grc' dir='ltr'>δὲ</span> <span class='ocrx_word' id='word_1_144' title='bbox 2761 667 2854 720; x_wconf 78' lang='grc' dir='ltr'><strong>καί</strong></span> <span class='ocrx_word' id='word_1_145' title='bbox 2893 666 3162 719; x_wconf 82' lang='grc' dir='ltr'><strong>διδάσκειν</strong></span> <span class='ocrx_word' id='word_1_146' title='bbox 3195 665 3452 737; x_wconf 83' lang='grc' dir='ltr'>παραινεῖ</span> <span class='ocrx_word' id='word_1_147' title='bbox 3494 665 3630 734; x_wconf 73' lang='grc' dir='ltr'>μετὰ</span> 
     </span>
    </p>
   </div>
   <div class='ocr_carea' id='block_1_25' title="bbox 2059 757 3632 828">
    <p class='ocr_par' dir='ltr' id='par_1_25' title="bbox 2059 757 3632 828">
     <span class='ocr_line' id='line_1_25' title="bbox 2059 757 3632 828; baseline -0.001 -18"><span class='ocrx_word' id='word_1_148' title='bbox 2059 757 2157 828; x_wconf 83' lang='grc' dir='ltr'>τὴν</span> <span class='ocrx_word' id='word_1_149' title='bbox 2181 757 2553 827; x_wconf 83' lang='grc' dir='ltr'>ἀποκάθαρσιν</span> <span class='ocrx_word' id='word_1_150' title='bbox 2594 758 2692 828; x_wconf 80' lang='grc' dir='ltr'>τὴν</span> <span class='ocrx_word' id='word_1_151' title='bbox 2723 757 2813 812; x_wconf 83' lang='grc' dir='ltr'><strong>διὰ</strong></span> <span class='ocrx_word' id='word_1_152' title='bbox 2850 758 2948 828; x_wconf 80' lang='grc' dir='ltr'>τῆς</span> <span class='ocrx_word' id='word_1_153' title='bbox 2981 757 3144 812; x_wconf 85' lang='grc' dir='ltr'>αὐτοῦ</span> <span class='ocrx_word' id='word_1_154' title='bbox 3182 759 3447 828; x_wconf 82' lang='grc' dir='ltr'><strong>μυστικῆς</strong></span> <span class='ocrx_word' id='word_1_155' title='bbox 3485 757 3632 810; x_wconf 84' lang='grc' dir='ltr'>διδα-</span> 
     </span>
    </p>
   </div>
   <div class='ocr_carea' id='block_1_26' title="bbox 2063 849 3632 922">
    <p class='ocr_par' dir='ltr' id='par_1_26' title="bbox 2063 849 3632 922">
     <span class='ocr_line' id='line_1_26' title="bbox 2063 849 3632 922; baseline -0.001 -19"><span class='ocrx_word' id='word_1_156' title='bbox 2063 850 2310 917; x_wconf 92' lang='grc' dir='ltr'>σκαλίας,</span> <span class='ocrx_word' id='word_1_157' title='bbox 2329 850 2390 903; x_wconf 85' lang='grc' dir='ltr'><strong>ού</strong></span> <span class='ocrx_word' id='word_1_158' title='bbox 2412 851 2481 903; x_wconf 78' lang='grc' dir='ltr'>τὰ</span> <span class='ocrx_word' id='word_1_159' title='bbox 2507 851 2772 904; x_wconf 79' lang='grc' dir='ltr'>Ἰουδαϊκὰ</span> <span class='ocrx_word' id='word_1_160' title='bbox 2788 850 3236 922; x_wconf 84' lang='grc' dir='ltr'>παραγγέλματα,</span> <span class='ocrx_word' id='word_1_161' title='bbox 3253 849 3374 902; x_wconf 84' lang='grc' dir='ltr'>οὐδὲ</span> <span class='ocrx_word' id='word_1_162' title='bbox 3388 849 3458 903; x_wconf 89' lang='grc' dir='ltr'><strong>τά</strong></span> <span class='ocrx_word' id='word_1_163' title='bbox 3484 850 3632 920; x_wconf 79' lang='grc' dir='ltr'>παρὰ</span> 
     </span>
    </p>
   </div>
   <div class='ocr_carea' id='block_1_27' title="bbox 2059 941 3630 1011">
    <p class='ocr_par' dir='ltr' id='par_1_27' title="bbox 2059 941 3630 1011">
     <span class='ocr_line' id='line_1_27' title="bbox 2059 941 3630 1011; baseline 0 -16"><span class='ocrx_word' id='word_1_164' title='bbox 2059 942 2284 995; x_wconf 82' lang='grc' dir='ltr'>Μωῦσεῖ</span> <span class='ocrx_word' id='word_1_165' title='bbox 2322 941 2548 1011; x_wconf 86' lang='grc' dir='ltr'>νόμιμα,</span> <span class='ocrx_word' id='word_1_166' title='bbox 2581 942 2695 996; x_wconf 81' lang='grc' dir='ltr'>ἀλλ’</span> <span class='ocrx_word' id='word_1_167' title='bbox 2731 944 2832 996; x_wconf 81' lang='grc' dir='ltr'>ὅσα</span> <span class='ocrx_word' id='word_1_168' title='bbox 2865 943 3049 1005; x_wconf 85' lang='grc' dir='ltr'>αὐτοῖς</span> <span class='ocrx_word' id='word_1_169' title='bbox 3091 941 3389 994; x_wconf 87' lang='grc' dir='ltr'>ἐνετείλατο</span> <span class='ocrx_word' id='word_1_170' title='bbox 3431 941 3630 1009; x_wconf 82' lang='grc' dir='ltr'>φυλάτ-</span> 
     </span>
    </p>
   </div>
   <div class='ocr_carea' id='block_1_28' title="bbox 2059 1028 3630 1104">
    <p class='ocr_par' dir='ltr' id='par_1_28' title="bbox 2059 1028 3630 1104">
     <span class='ocr_line' id='line_1_28' title="bbox 2059 1028 3630 1104; baseline 0.001 -19"><span class='ocrx_word' id='word_1_171' title='bbox 2059 1049 2192 1085; x_wconf 88' lang='grc' dir='ltr'>τειν.</span> <span class='ocrx_word' id='word_1_172' title='bbox 2229 1032 2412 1086; x_wconf 90' lang='grc' dir='ltr'>Ταῦτα</span> <span class='ocrx_word' id='word_1_173' title='bbox 2440 1031 2484 1084; x_wconf 89' lang='grc' dir='ltr'>δ’</span> <span class='ocrx_word' id='word_1_174' title='bbox 2516 1028 2585 1104; x_wconf 82' lang='grc' dir='ltr'>ἦν</span> <span class='ocrx_word' id='word_1_175' title='bbox 2616 1032 2652 1086; x_wconf 80' lang='grc' dir='ltr'>ἃ</span> <span class='ocrx_word' id='word_1_176' title='bbox 2694 1033 2759 1104; x_wconf 86' lang='grc' dir='ltr'>δὴ</span> <span class='ocrx_word' id='word_1_177' title='bbox 2802 1032 3106 1104; x_wconf 86' lang='grc' dir='ltr'>συμφώνως</span> <span class='ocrx_word' id='word_1_178' title='bbox 3135 1036 3181 1086; x_wconf 82' lang='grc' dir='ltr'>οἱ</span> <span class='ocrx_word' id='word_1_179' title='bbox 3226 1033 3426 1095; x_wconf 88' lang='grc' dir='ltr'>πάντες</span> <span class='ocrx_word' id='word_1_180' title='bbox 3471 1035 3630 1086; x_wconf 75' lang='grc' dir='ltr'>ἐκπε-</span> 
     </span>
    </p>
   </div>
   <div class='ocr_carea' id='block_1_29' title="bbox 2065 1121 3630 1195">
    <p class='ocr_par' dir='ltr' id='par_1_29' title="bbox 2065 1121 3630 1195">
     <span class='ocr_line' id='line_1_29' title="bbox 2065 1121 3630 1195; baseline 0.003 -22"><span class='ocrx_word' id='word_1_181' title='bbox 2065 1121 2363 1193; x_wconf 89' lang='grc' dir='ltr'>ριελθόντες</span> <span class='ocrx_word' id='word_1_182' title='bbox 2405 1122 2583 1176; x_wconf 88' lang='grc' dir='ltr'>πάντα</span> <span class='ocrx_word' id='word_1_183' title='bbox 2615 1123 2684 1176; x_wconf 86' lang='grc' dir='ltr'><strong>τά</strong></span> <span class='ocrx_word' id='word_1_184' title='bbox 2727 1123 2851 1195; x_wconf 75' lang='grc' dir='ltr'>ἔθνη</span> <span class='ocrx_word' id='word_1_185' title='bbox 2905 1123 3320 1195; x_wconf 83' lang='grc' dir='ltr'>παραδεδώκασι</span> <span class='ocrx_word' id='word_1_186' title='bbox 3349 1126 3471 1188; x_wconf 82' lang='grc' dir='ltr'>ταῖς</span> <span class='ocrx_word' id='word_1_187' title='bbox 3508 1124 3630 1177; x_wconf 79' lang='grc' dir='ltr'>καθ’</span> 
     </span>
    </p>
   </div>
   <div class='ocr_carea' id='block_1_30' title="bbox 2060 1213 3632 1286">
    <p class='ocr_par' dir='ltr' id='par_1_30' title="bbox 2060 1213 3632 1286">
     <span class='ocr_line' id='line_1_30' title="bbox 2060 1213 3632 1286; baseline 0.002 -21"><span class='ocrx_word' id='word_1_188' title='bbox 2060 1213 2190 1282; x_wconf 80' lang='grc' dir='ltr'>ὅλης</span> <span class='ocrx_word' id='word_1_189' title='bbox 2215 1213 2315 1282; x_wconf 81' lang='grc' dir='ltr'>τῆς</span> <span class='ocrx_word' id='word_1_190' title='bbox 2347 1215 3049 1286; x_wconf 85' lang='grc' dir='ltr'>οἰκουμένηςἘκκλησίαις.</span> <span class='ocrx_word' id='word_1_191' title='bbox 3086 1216 3420 1285; x_wconf 84' lang='grc' dir='ltr'>Ἀναγκαίως</span> <span class='ocrx_word' id='word_1_192' title='bbox 3455 1216 3511 1269; x_wconf 81' lang='grc' dir='ltr'>δὲ</span> <span class='ocrx_word' id='word_1_193' title='bbox 3539 1217 3632 1268; x_wconf 81' lang='grc' dir='ltr'>αύ-</span> 
     </span>
    </p>
   </div>
   <div class='ocr_carea' id='block_1_31' title="bbox 2061 1304 3632 1379">
    <p class='ocr_par' dir='ltr' id='par_1_31' title="bbox 2061 1304 3632 1379">
     <span class='ocr_line' id='line_1_31' title="bbox 2061 1304 3632 1379; baseline -0.002 -20"><span class='ocrx_word' id='word_1_194' title='bbox 2061 1306 2189 1369; x_wconf 81' lang='grc' dir='ltr'>τοὺς</span> <span class='ocrx_word' id='word_1_195' title='bbox 2210 1305 2528 1377; x_wconf 82' lang='grc' dir='ltr'>προτρέπει,</span> <span class='ocrx_word' id='word_1_196' title='bbox 2563 1306 2656 1359; x_wconf 77' lang='grc' dir='ltr'>καὶ</span> <span class='ocrx_word' id='word_1_197' title='bbox 2681 1307 3120 1379; x_wconf 82' lang='grc' dir='ltr'>προθυμοτέρους</span> <span class='ocrx_word' id='word_1_198' title='bbox 3143 1304 3514 1377; x_wconf 78' lang='grc' dir='ltr'><strong>ἀπεργάζεται</strong></span> <span class='ocrx_word' id='word_1_199' title='bbox 3542 1307 3632 1357; x_wconf 80' lang='grc' dir='ltr'>ἐπὶ</span> 
     </span>
    </p>
   </div>
   <div class='ocr_carea' id='block_1_32' title="bbox 2060 1397 3635 1469">
    <p class='ocr_par' dir='ltr' id='par_1_32' title="bbox 2060 1397 3635 1469">
     <span class='ocr_line' id='line_1_32' title="bbox 2060 1397 3635 1469; baseline 0.001 -19"><span class='ocrx_word' id='word_1_200' title='bbox 2060 1397 2122 1450; x_wconf 85' lang='grc' dir='ltr'>τὸ</span> <span class='ocrx_word' id='word_1_201' title='bbox 2143 1397 2407 1469; x_wconf 87' lang='grc' dir='ltr'>θηρεῦσαι</span> <span class='ocrx_word' id='word_1_202' title='bbox 2436 1397 2738 1469; x_wconf 81' lang='grc' dir='ltr'>περιελθεῖν</span> <span class='ocrx_word' id='word_1_203' title='bbox 2777 1415 2835 1452; x_wconf 92' lang='grc' dir='ltr'><strong>τε</strong></span> <span class='ocrx_word' id='word_1_204' title='bbox 2859 1399 3038 1453; x_wconf 88' lang='grc' dir='ltr'>πάντα</span> <span class='ocrx_word' id='word_1_205' title='bbox 3062 1399 3130 1452; x_wconf 83' lang='grc' dir='ltr'>τὰ</span> <span class='ocrx_word' id='word_1_206' title='bbox 3152 1397 3299 1468; x_wconf 76' lang='grc' dir='ltr'>ἔθνη,</span> <span class='ocrx_word' id='word_1_207' title='bbox 3332 1399 3426 1451; x_wconf 75' lang='grc' dir='ltr'><strong>καὶ</strong></span> <span class='ocrx_word' id='word_1_208' title='bbox 3463 1397 3635 1468; x_wconf 84' lang='grc' dir='ltr'>μαθη-</span> 
     </span>
    </p>
   </div>
   <div class='ocr_carea' id='block_1_33' title="bbox 2059 1484 3632 1560">
    <p class='ocr_par' dir='ltr' id='par_1_33' title="bbox 2059 1484 3632 1560">
     <span class='ocr_line' id='line_1_33' title="bbox 2059 1484 3632 1560; baseline 0 -20"><span class='ocrx_word' id='word_1_209' title='bbox 2059 1487 2250 1542; x_wconf 88' lang='grc' dir='ltr'>τεῦσαι</span> <span class='ocrx_word' id='word_1_210' title='bbox 2289 1489 2397 1541; x_wconf 80' lang='grc' dir='ltr'><strong>πᾶν</strong></span> <span class='ocrx_word' id='word_1_211' title='bbox 2433 1488 2588 1556; x_wconf 87' lang='grc' dir='ltr'>γένος</span> <span class='ocrx_word' id='word_1_212' title='bbox 2620 1487 2941 1559; x_wconf 85' lang='grc' dir='ltr'>ἀνθρώπων,</span> <span class='ocrx_word' id='word_1_213' title='bbox 2970 1488 3036 1541; x_wconf 89' lang='grc' dir='ltr'><strong>δι’</strong></span> <span class='ocrx_word' id='word_1_214' title='bbox 3063 1484 3130 1559; x_wconf 79' lang='grc' dir='ltr'>ἦς</span> <span class='ocrx_word' id='word_1_215' title='bbox 3161 1488 3454 1558; x_wconf 85' lang='grc' dir='ltr'>πεποίηται</span> <span class='ocrx_word' id='word_1_216' title='bbox 3498 1489 3632 1560; x_wconf 78' lang='grc' dir='ltr'>πρὸς</span> 
     </span>
    </p>
   </div>
   <div class='ocr_carea' id='block_1_34' title="bbox 2062 1579 3632 1650">
    <p class='ocr_par' dir='ltr' id='par_1_34' title="bbox 2062 1579 3632 1650">
     <span class='ocr_line' id='line_1_34' title="bbox 2062 1579 3632 1650; baseline 0.001 -18"><span class='ocrx_word' id='word_1_217' title='bbox 2062 1579 2260 1642; x_wconf 87' lang='grc' dir='ltr'>αύτους</span> <span class='ocrx_word' id='word_1_218' title='bbox 2298 1581 2642 1648; x_wconf 82' lang='grc' dir='ltr'>ὑποσχέσεως</span> <span class='ocrx_word' id='word_1_219' title='bbox 2684 1579 2882 1633; x_wconf 86' lang='grc' dir='ltr'>είπών·</span> <span class='ocrx_word' id='word_1_220' title='bbox 2932 1582 3042 1635; x_wconf 80' lang='grc' dir='ltr'><strong>Καὶ</strong></span> <span class='ocrx_word' id='word_1_221' title='bbox 3074 1581 3202 1635; x_wconf 83' lang='grc' dir='ltr'>ἰδοὺ</span> <span class='ocrx_word' id='word_1_222' title='bbox 3226 1581 3340 1650; x_wconf 74' lang='grc' dir='ltr'>ἐγὼ</span> <span class='ocrx_word' id='word_1_223' title='bbox 3367 1583 3482 1650; x_wconf 82' lang='grc' dir='ltr'>εἰμι</span> <span class='ocrx_word' id='word_1_224' title='bbox 3505 1581 3632 1649; x_wconf 75' lang='grc' dir='ltr'>μεθ’</span> 
     </span>
    </p>
   </div>
   <div class='ocr_carea' id='block_1_35' title="bbox 2061 1661 3630 1742">
    <p class='ocr_par' dir='ltr' id='par_1_35' title="bbox 2061 1661 3630 1742">
     <span class='ocr_line' id='line_1_35' title="bbox 2061 1661 3630 1742; baseline -0.001 -18"><span class='ocrx_word' id='word_1_225' title='bbox 2061 1661 2221 1739; x_wconf 58' lang='grc' dir='ltr'>ὑμῶν</span> <span class='ocrx_word' id='word_1_226' title='bbox 2243 1687 2256 1700; x_wconf 87' lang='grc'><strong>·</strong></span> <span class='ocrx_word' id='word_1_227' title='bbox 2291 1670 2433 1723; x_wconf 83' lang='grc' dir='ltr'>κατὰ</span> <span class='ocrx_word' id='word_1_228' title='bbox 2458 1671 2515 1724; x_wconf 83' lang='grc' dir='ltr'>δὲ</span> <span class='ocrx_word' id='word_1_229' title='bbox 2544 1673 2776 1735; x_wconf 82' lang='grc' dir='ltr'>Λουκᾶν,</span> <span class='ocrx_word' id='word_1_230' title='bbox 2807 1671 2869 1724; x_wconf 84' lang='grc' dir='ltr'>τὸ</span> <span class='ocrx_word' id='word_1_231' title='bbox 2902 1671 3124 1742; x_wconf 82' lang='grc' dir='ltr'>Πνεῦμα</span> <span class='ocrx_word' id='word_1_232' title='bbox 3152 1671 3630 1741; x_wconf 84' lang='grc' dir='ltr'>ἐπαγγειλάμενος.</span> 
     </span>
    </p>
   </div>
   <div class='ocr_carea' id='block_1_36' title="bbox 1989 1744 3630 1834">
    <p class='ocr_par' dir='ltr' id='par_1_36' title="bbox 1989 1744 3630 1834">
     <span class='ocr_line' id='line_1_36' title="bbox 1989 1744 3630 1834; baseline 0.002 -21"><span class='ocrx_word' id='word_1_233' title='bbox 1989 1744 2033 1799; x_wconf 79' lang='grc' dir='ltr'>Β</span> <span class='ocrx_word' id='word_1_234' title='bbox 2061 1761 2248 1831; x_wconf 84' lang='grc' dir='ltr'>Τούτῳ</span> <span class='ocrx_word' id='word_1_235' title='bbox 2269 1761 2325 1814; x_wconf 86' lang='grc' dir='ltr'>δὲ</span> <span class='ocrx_word' id='word_1_236' title='bbox 2346 1760 2421 1832; x_wconf 81' lang='grc' dir='ltr'>τῷ</span> <span class='ocrx_word' id='word_1_237' title='bbox 2436 1762 2533 1832; x_wconf 83' lang='grc' dir='ltr'><strong>τῆς</strong></span> <span class='ocrx_word' id='word_1_238' title='bbox 2556 1762 2881 1831; x_wconf 76' lang='grc' dir='ltr'>ἐπαγγελίας</span> <span class='ocrx_word' id='word_1_239' title='bbox 2899 1763 3040 1834; x_wconf 88' lang='grc' dir='ltr'>λόγῳ</span> <span class='ocrx_word' id='word_1_240' title='bbox 3057 1763 3214 1833; x_wconf 75' lang='grc' dir='ltr'>ἔργον</span> <span class='ocrx_word' id='word_1_241' title='bbox 3233 1763 3461 1828; x_wconf 73' lang='grc' dir='ltr'>ἐπιθεὶς,</span> <span class='ocrx_word' id='word_1_242' title='bbox 3477 1764 3630 1833; x_wconf 84' lang='grc' dir='ltr'>θεῖκῇ</span> 
     </span>
    </p>
   </div>
   <div class='ocr_carea' id='block_1_37' title="bbox 393 1853 3634 1928">
    <p class='ocr_par' dir='ltr' id='par_1_37' title="bbox 393 1853 3634 1928">
     <span class='ocr_line' id='line_1_37' title="bbox 393 1853 3634 1928; baseline 0.001 -21"><span class='ocrx_word' id='word_1_243' title='bbox 393 1870 453 1907; x_wconf 87' lang='grc' dir='ltr'><strong>τε</strong></span> <span class='ocrx_word' id='word_1_244' title='bbox 473 1853 696 1924; x_wconf 84' lang='grc' dir='ltr'>δυνάμει</span> <span class='ocrx_word' id='word_1_245' title='bbox 723 1856 936 1927; x_wconf 79' lang='grc' dir='ltr'>ἑκάστῳ</span> <span class='ocrx_word' id='word_1_246' title='bbox 971 1855 1164 1922; x_wconf 86' lang='grc' dir='ltr'>συνὼν,</span> <span class='ocrx_word' id='word_1_247' title='bbox 1198 1857 1489 1926; x_wconf 83' lang='grc' dir='ltr'>συμπνέων</span> <span class='ocrx_word' id='word_1_248' title='bbox 1509 1874 1566 1909; x_wconf 85' lang='grc' dir='ltr'><strong>τε</strong></span> <span class='ocrx_word' id='word_1_249' title='bbox 1589 1856 1770 1919; x_wconf 85' lang='grc' dir='ltr'>αὐτοῖς</span> <span class='ocrx_word' id='word_1_250' title='bbox 1797 1854 1891 1908; x_wconf 73' lang='grc' dir='ltr'>καὶ</span> <span class='ocrx_word' id='word_1_251' title='bbox 1916 1855 2212 1926; x_wconf 83' lang='grc' dir='ltr'>συνεργῶν,</span> <span class='ocrx_word' id='word_1_252' title='bbox 2252 1855 2591 1909; x_wconf 66' lang='grc' dir='ltr'>ἐπιστώσατο</span> <span class='ocrx_word' id='word_1_253' title='bbox 2620 1855 2680 1908; x_wconf 79' lang='grc' dir='ltr'>τὸ</span> <span class='ocrx_word' id='word_1_254' title='bbox 2705 1857 3050 1928; x_wconf 89' lang='grc' dir='ltr'>κατόρθωμα,</span> <span class='ocrx_word' id='word_1_255' title='bbox 3073 1857 3425 1921; x_wconf 83' lang='grc' dir='ltr'>διδασκάλους</span> <span class='ocrx_word' id='word_1_256' title='bbox 3449 1874 3510 1910; x_wconf 88' lang='grc' dir='ltr'><strong>τε</strong></span> <span class='ocrx_word' id='word_1_257' title='bbox 3540 1857 3634 1910; x_wconf 85' lang='grc' dir='ltr'>αύ-</span> 
     </span>
    </p>
   </div>
   <div class='ocr_carea' id='block_1_38' title="bbox 393 1945 2850 2020">
    <p class='ocr_par' dir='ltr' id='par_1_38' title="bbox 393 1945 2850 2020">
     <span class='ocr_line' id='line_1_38' title="bbox 393 1945 2850 2020; baseline 0.002 -22"><span class='ocrx_word' id='word_1_258' title='bbox 393 1946 519 2010; x_wconf 83' lang='grc' dir='ltr'>τοὺς</span> <span class='ocrx_word' id='word_1_259' title='bbox 551 1946 658 1999; x_wconf 88' lang='grc' dir='ltr'><strong>τῶν</strong></span> <span class='ocrx_word' id='word_1_260' title='bbox 680 1947 1132 2002; x_wconf 62' lang='grc' dir='ltr'>ἐθνῶνιάπάντων</span> <span class='ocrx_word' id='word_1_261' title='bbox 1172 1949 1272 2019; x_wconf 80' lang='grc' dir='ltr'>τῆς</span> <span class='ocrx_word' id='word_1_262' title='bbox 1306 1950 1396 2002; x_wconf 82' lang='grc' dir='ltr'><strong>ὑπ’</strong></span> <span class='ocrx_word' id='word_1_263' title='bbox 1425 1948 1587 2002; x_wconf 84' lang='grc' dir='ltr'>αὑτοῦ</span> <span class='ocrx_word' id='word_1_264' title='bbox 1623 1947 2020 2020; x_wconf 84' lang='grc' dir='ltr'>παραδοθείσης</span> <span class='ocrx_word' id='word_1_265' title='bbox 2045 1945 2349 2011; x_wconf 80' lang='grc' dir='ltr'>θεοσεδειας</span> <span class='ocrx_word' id='word_1_266' title='bbox 2377 1947 2850 2018; x_wconf 76' lang='grc' dir='ltr'>ἀποδεικνύμενος.</span> 
     </span>
    </p>
   </div>
   <div class='ocr_carea' id='block_1_39' title="bbox 467 2037 1964 2112">
    <p class='ocr_par' dir='ltr' id='par_1_39' title="bbox 467 2037 1964 2112">
     <span class='ocr_line' id='line_1_39' title="bbox 467 2037 1964 2112; baseline 0.002 -21"><span class='ocrx_word' id='word_1_267' title='bbox 467 2038 521 2091; x_wconf 70' lang='grc'><strong>2.</strong></span> <span class='ocrx_word' id='word_1_268' title='bbox 546 2037 657 2092; x_wconf 82' lang='lat' dir='ltr'><strong>Hac</strong></span> <span class='ocrx_word' id='word_1_269' title='bbox 682 2039 754 2094; x_wconf 92' lang='lat' dir='ltr'><strong>illi</strong></span> <span class='ocrx_word' id='word_1_270' title='bbox 776 2041 1132 2110; x_wconf 88' lang='lat' dir='ltr'><strong>promissione</strong></span> <span class='ocrx_word' id='word_1_271' title='bbox 1149 2042 1282 2106; x_wconf 82' lang='lat' dir='ltr'><strong>nixi,</strong></span> <span class='ocrx_word' id='word_1_272' title='bbox 1299 2055 1463 2110; x_wconf 90' lang='lat' dir='ltr'><strong>opere</strong></span> <span class='ocrx_word' id='word_1_273' title='bbox 1491 2042 1606 2112; x_wconf 90' lang='lat' dir='ltr'><strong>ipso</strong></span> <span class='ocrx_word' id='word_1_274' title='bbox 1637 2041 1781 2094; x_wconf 90' lang='lat' dir='ltr'><strong>illius</strong></span> <span class='ocrx_word' id='word_1_275' title='bbox 1800 2042 1964 2094; x_wconf 86' lang='lat' dir='ltr'><strong>verba</strong></span> 
     </span>
    </p>
   </div>
   <div class='ocr_carea' id='block_1_40' title="bbox 397 2130 1966 2201">
    <p class='ocr_par' dir='ltr' id='par_1_40' title="bbox 397 2130 1966 2201">
     <span class='ocr_line' id='line_1_40' title="bbox 397 2130 1966 2201; baseline -0.002 -14"><span class='ocrx_word' id='word_1_276' title='bbox 397 2130 787 2201; x_wconf 89' lang='lat' dir='ltr'><strong>complebant:</strong></span> <span class='ocrx_word' id='word_1_277' title='bbox 829 2132 1076 2200; x_wconf 86' lang='lat' dir='ltr'><strong>protinus</strong></span> <span class='ocrx_word' id='word_1_278' title='bbox 1126 2133 1270 2187; x_wconf 91' lang='lat' dir='ltr'><strong>enim</strong></span> <span class='ocrx_word' id='word_1_279' title='bbox 1317 2132 1452 2186; x_wconf 91' lang='lat' dir='ltr'><strong>nihil</strong></span> <span class='ocrx_word' id='word_1_280' title='bbox 1491 2141 1785 2196; x_wconf 87' lang='lat' dir='ltr'><strong>morantes,</strong></span> <span class='ocrx_word' id='word_1_281' title='bbox 1820 2131 1966 2186; x_wconf 91' lang='lat' dir='ltr'><strong>omni</strong></span> 
     </span>
    </p>
   </div>
   <div class='ocr_carea' id='block_1_41' title="bbox 397 2223 1964 2294">
    <p class='ocr_par' dir='ltr' id='par_1_41' title="bbox 397 2223 1964 2294">
     <span class='ocr_line' id='line_1_41' title="bbox 397 2223 1964 2294; baseline -0.001 -16"><span class='ocrx_word' id='word_1_282' title='bbox 397 2238 519 2278; x_wconf 92' lang='lat' dir='ltr'><strong>cum</strong></span> <span class='ocrx_word' id='word_1_283' title='bbox 537 2223 817 2278; x_wconf 91' lang='lat' dir='ltr'><strong>alacritate</strong></span> <span class='ocrx_word' id='word_1_284' title='bbox 838 2225 903 2278; x_wconf 89' lang='lat' dir='ltr'><strong>ad</strong></span> <span class='ocrx_word' id='word_1_285' title='bbox 923 2225 1158 2294; x_wconf 88' lang='lat' dir='ltr'><strong>gentium</strong></span> <span class='ocrx_word' id='word_1_286' title='bbox 1183 2225 1544 2294; x_wconf 88' lang='lat' dir='ltr'><strong>magisterium</strong></span> <span class='ocrx_word' id='word_1_287' title='bbox 1566 2225 1964 2279; x_wconf 85' lang='lat' dir='ltr'><strong>discurrebant.</strong></span> 
     </span>
    </p>
   </div>
   <div class='ocr_carea' id='block_1_42' title="bbox 399 2313 1970 2392">
    <p class='ocr_par' dir='ltr' id='par_1_42' title="bbox 399 2313 1970 2392">
     <span class='ocr_line' id='line_1_42' title="bbox 399 2313 1970 2392; baseline 0.003 -25"><span class='ocrx_word' id='word_1_288' title='bbox 399 2313 534 2368; x_wconf 85' lang='lat' dir='ltr'><strong>Tum</strong></span> <span class='ocrx_word' id='word_1_289' title='bbox 564 2315 679 2383; x_wconf 88' lang='lat' dir='ltr'><strong>ipso</strong></span> <span class='ocrx_word' id='word_1_290' title='bbox 707 2317 783 2371; x_wconf 88' lang='lat' dir='ltr'><strong>rei</strong></span> <span class='ocrx_word' id='word_1_291' title='bbox 809 2329 1002 2370; x_wconf 88' lang='lat' dir='ltr'><strong>eventu</strong></span> <span class='ocrx_word' id='word_1_292' title='bbox 1028 2319 1294 2386; x_wconf 88' lang='lat' dir='ltr'><strong>persuasi,</strong></span> <span class='ocrx_word' id='word_1_293' title='bbox 1318 2317 1596 2392; x_wconf 86' lang='lat' dir='ltr'><strong>oculisque</strong></span> <span class='ocrx_word' id='word_1_294' title='bbox 1633 2331 1754 2370; x_wconf 91' lang='lat' dir='ltr'><strong>eum</strong></span> <span class='ocrx_word' id='word_1_295' title='bbox 1785 2317 1970 2371; x_wconf 85' lang='lat' dir='ltr'><strong>viven-</strong></span> 
     </span>
    </p>
   </div>
   <div class='ocr_carea' id='block_1_43' title="bbox 400 2407 1971 2477">
    <p class='ocr_par' dir='ltr' id='par_1_43' title="bbox 400 2407 1971 2477">
     <span class='ocr_line' id='line_1_43' title="bbox 400 2407 1971 2477; baseline 0.001 -17"><span class='ocrx_word' id='word_1_296' title='bbox 400 2418 506 2461; x_wconf 89' lang='lat' dir='ltr'><strong>tem</strong></span> <span class='ocrx_word' id='word_1_297' title='bbox 534 2417 819 2463; x_wconf 87' lang='lat' dir='ltr'><strong>cernentes</strong></span> <span class='ocrx_word' id='word_1_298' title='bbox 841 2408 932 2477; x_wconf 88' lang='lat' dir='ltr'><strong>qui</strong></span> <span class='ocrx_word' id='word_1_299' title='bbox 965 2407 1123 2477; x_wconf 90' lang='lat' dir='ltr'><strong>paulo</strong></span> <span class='ocrx_word' id='word_1_300' title='bbox 1152 2418 1311 2464; x_wconf 90' lang='lat' dir='ltr'><strong>antea</strong></span> <span class='ocrx_word' id='word_1_301' title='bbox 1353 2409 1654 2465; x_wconf 83' lang='lat' dir='ltr'><strong>exstinctus</strong></span> <span class='ocrx_word' id='word_1_302' title='bbox 1687 2408 1885 2476; x_wconf 83' lang='lat' dir='ltr'><strong>fuerat,</strong></span> <span class='ocrx_word' id='word_1_303' title='bbox 1913 2417 1971 2462; x_wconf 91' lang='lat' dir='ltr'><strong>et</strong></span> 
     </span>
    </p>
   </div>
   <div class='ocr_carea' id='block_1_44' title="bbox 398 2497 1967 2570">
    <p class='ocr_par' dir='ltr' id='par_1_44' title="bbox 398 2497 1967 2570">
     <span class='ocr_line' id='line_1_44' title="bbox 398 2497 1967 2570; baseline -0.001 -18"><span class='ocrx_word' id='word_1_304' title='bbox 398 2513 558 2568; x_wconf 88' lang='lat' dir='ltr'><strong>quem</strong></span> <span class='ocrx_word' id='word_1_305' title='bbox 592 2513 713 2552; x_wconf 91' lang='lat' dir='ltr'><strong>cum</strong></span> <span class='ocrx_word' id='word_1_306' title='bbox 753 2499 1128 2566; x_wconf 87' lang='lat' dir='ltr'><strong>jurejurando,</strong></span> <span class='ocrx_word' id='word_1_307' title='bbox 1149 2509 1370 2570; x_wconf 90' lang='lat' dir='ltr'><strong>propter</strong></span> <span class='ocrx_word' id='word_1_308' title='bbox 1401 2513 1462 2553; x_wconf 92' lang='lat' dir='ltr'><strong>ea</strong></span> <span class='ocrx_word' id='word_1_309' title='bbox 1490 2513 1610 2568; x_wconf 74' lang='lat' dir='ltr'><strong>qua:</strong></span> <span class='ocrx_word' id='word_1_310' title='bbox 1636 2497 1967 2564; x_wconf 88' lang='lat' dir='ltr'><strong>acciderant,</strong></span> 
     </span>
    </p>
   </div>
   <div class='ocr_carea' id='block_1_45' title="bbox 399 2589 1972 2659">
    <p class='ocr_par' dir='ltr' id='par_1_45' title="bbox 399 2589 1972 2659">
     <span class='ocr_line' id='line_1_45' title="bbox 399 2589 1972 2659; baseline 0 -19"><span class='ocrx_word' id='word_1_311' title='bbox 399 2597 730 2658; x_wconf 79' lang='lat' dir='ltr'><strong>negaverant</strong></span> <span class='ocrx_word' id='word_1_312' title='bbox 749 2605 765 2654; x_wconf 89' lang='lat'><strong>;</strong></span> <span class='ocrx_word' id='word_1_313' title='bbox 785 2589 946 2655; x_wconf 90' lang='lat' dir='ltr'><strong>hunc,</strong></span> <span class='ocrx_word' id='word_1_314' title='bbox 968 2589 1210 2658; x_wconf 89' lang='lat' dir='ltr'><strong>inquam,</strong></span> <span class='ocrx_word' id='word_1_315' title='bbox 1236 2599 1539 2659; x_wconf 90' lang='lat' dir='ltr'><strong>spectantes</strong></span> <span class='ocrx_word' id='word_1_316' title='bbox 1556 2589 1833 2643; x_wconf 83' lang='lat' dir='ltr'><strong>evidenter</strong></span> <span class='ocrx_word' id='word_1_317' title='bbox 1850 2603 1972 2657; x_wconf 86' lang='lat' dir='ltr'><strong>per-</strong></span> 
     </span>
    </p>
   </div>
   <div class='ocr_carea' id='block_1_46' title="bbox 401 2679 1970 2756">
    <p class='ocr_par' dir='ltr' id='par_1_46' title="bbox 401 2679 1970 2756">
     <span class='ocr_line' id='line_1_46' title="bbox 401 2679 1970 2756; baseline 0.001 -24"><span class='ocrx_word' id='word_1_318' title='bbox 401 2679 772 2756; x_wconf 86' lang='lat' dir='ltr'><strong>sonaliterque</strong></span> <span class='ocrx_word' id='word_1_319' title='bbox 809 2689 1150 2749; x_wconf 87' lang='lat' dir='ltr'><strong>praesentem,</strong></span> <span class='ocrx_word' id='word_1_320' title='bbox 1192 2691 1246 2736; x_wconf 89' lang='lat' dir='ltr'><strong>et</strong></span> <span class='ocrx_word' id='word_1_321' title='bbox 1295 2697 1445 2737; x_wconf 89' lang='lat' dir='ltr'><strong>more</strong></span> <span class='ocrx_word' id='word_1_322' title='bbox 1475 2681 1637 2736; x_wconf 90' lang='lat' dir='ltr'><strong>solito</strong></span> <span class='ocrx_word' id='word_1_323' title='bbox 1689 2680 1970 2749; x_wconf 82' lang='lat' dir='ltr'><strong>alloquen-</strong></span> 
     </span>
    </p>
   </div>
   <div class='ocr_carea' id='block_1_47' title="bbox 403 2771 1969 2849">
    <p class='ocr_par' dir='ltr' id='par_1_47' title="bbox 403 2771 1969 2849">
     <span class='ocr_line' id='line_1_47' title="bbox 403 2771 1969 2849; baseline -0.001 -23"><span class='ocrx_word' id='word_1_324' title='bbox 403 2780 534 2836; x_wconf 89' lang='lat' dir='ltr'><strong>tem,</strong></span> <span class='ocrx_word' id='word_1_325' title='bbox 558 2782 614 2825; x_wconf 90' lang='lat' dir='ltr'><strong>et</strong></span> <span class='ocrx_word' id='word_1_326' title='bbox 635 2787 696 2826; x_wconf 91' lang='lat' dir='ltr'><strong>ea</strong></span> <span class='ocrx_word' id='word_1_327' title='bbox 719 2786 842 2842; x_wconf 62' lang='lat' dir='ltr'><strong>quae</strong></span> <span class='ocrx_word' id='word_1_328' title='bbox 871 2771 984 2840; x_wconf 90' lang='lat' dir='ltr'><strong>jam</strong></span> <span class='ocrx_word' id='word_1_329' title='bbox 1017 2789 1118 2829; x_wconf 85' lang='lat' dir='ltr'><strong>nos</strong></span> <span class='ocrx_word' id='word_1_330' title='bbox 1144 2774 1378 2829; x_wconf 80' lang='lat' dir='ltr'><strong>diximus</strong></span> <span class='ocrx_word' id='word_1_331' title='bbox 1417 2775 1818 2849; x_wconf 88' lang='lat' dir='ltr'><strong>promittentem</strong></span> <span class='ocrx_word' id='word_1_332' title='bbox 1859 2789 1872 2824; x_wconf 93' lang='lat'><strong>:</strong></span> <span class='ocrx_word' id='word_1_333' title='bbox 1915 2771 1969 2825; x_wconf 91' lang='lat' dir='ltr'><strong>in</strong></span> 
     </span>
    </p>
   </div>
   <div class='ocr_carea' id='block_1_48' title="bbox 401 2863 1970 2933">
    <p class='ocr_par' dir='ltr' id='par_1_48' title="bbox 401 2863 1970 2933">
     <span class='ocr_line' id='line_1_48' title="bbox 401 2863 1970 2933; baseline -0.001 -16"><span class='ocrx_word' id='word_1_334' title='bbox 401 2870 640 2929; x_wconf 88' lang='lat' dir='ltr'><strong>tantum,</strong></span> <span class='ocrx_word' id='word_1_335' title='bbox 669 2871 727 2917; x_wconf 90' lang='lat' dir='ltr'><strong>ut</strong></span> <span class='ocrx_word' id='word_1_336' title='bbox 771 2879 800 2918; x_wconf 89' lang='lat' dir='ltr'><strong>a</strong></span> <span class='ocrx_word' id='word_1_337' title='bbox 835 2865 1101 2933; x_wconf 83' lang='lat' dir='ltr'><strong>promisso</strong></span> <span class='ocrx_word' id='word_1_338' title='bbox 1129 2879 1189 2918; x_wconf 91' lang='lat' dir='ltr'><strong>se</strong></span> <span class='ocrx_word' id='word_1_339' title='bbox 1218 2865 1468 2919; x_wconf 83' lang='lat' dir='ltr'><strong>excidere</strong></span> <span class='ocrx_word' id='word_1_340' title='bbox 1511 2863 1651 2917; x_wconf 89' lang='lat' dir='ltr'><strong>baud</strong></span> <span class='ocrx_word' id='word_1_341' title='bbox 1681 2877 1842 2932; x_wconf 85' lang='lat' dir='ltr'><strong>posse</strong></span> <span class='ocrx_word' id='word_1_342' title='bbox 1865 2875 1970 2916; x_wconf 86' lang='lat' dir='ltr'><strong>oo—</strong></span> 
     </span>
    </p>
   </div>
   <div class='ocr_carea' id='block_1_49' title="bbox 403 2955 1968 3025">
    <p class='ocr_par' dir='ltr' id='par_1_49' title="bbox 403 2955 1968 3025">
     <span class='ocr_line' id='line_1_49' title="bbox 403 2955 1968 3025; baseline -0.001 -17"><span class='ocrx_word' id='word_1_343' title='bbox 403 2965 749 3024; x_wconf 87' lang='lat' dir='ltr'><strong>gnoscerent,</strong></span> <span class='ocrx_word' id='word_1_344' title='bbox 799 2966 1016 3025; x_wconf 84' lang='lat' dir='ltr'><strong>propter</strong></span> <span class='ocrx_word' id='word_1_345' title='bbox 1052 2955 1286 3011; x_wconf 88' lang='lat' dir='ltr'><strong>oblatam</strong></span> <span class='ocrx_word' id='word_1_346' title='bbox 1317 2956 1488 3010; x_wconf 91' lang='lat' dir='ltr'><strong>oculis</strong></span> <span class='ocrx_word' id='word_1_347' title='bbox 1549 2956 1968 3025; x_wconf 89' lang='lat' dir='ltr'><strong>apparitionem.</strong></span> 
     </span>
    </p>
   </div>
   <div class='ocr_carea' id='block_1_50' title="bbox 404 3043 1971 3122">
    <p class='ocr_par' dir='ltr' id='par_1_50' title="bbox 404 3043 1971 3122">
     <span class='ocr_line' id='line_1_50' title="bbox 404 3043 1971 3122; baseline -0.001 -22"><span class='ocrx_word' id='word_1_348' title='bbox 404 3046 538 3122; x_wconf 69' lang='lat' dir='ltr'><strong>Quae</strong></span> <span class='ocrx_word' id='word_1_349' title='bbox 566 3047 668 3102; x_wconf 88' lang='lat' dir='ltr'><strong>nisi</strong></span> <span class='ocrx_word' id='word_1_350' title='bbox 719 3049 790 3102; x_wconf 89' lang='lat' dir='ltr'><strong>ita</strong></span> <span class='ocrx_word' id='word_1_351' title='bbox 818 3063 876 3102; x_wconf 87' lang='lat' dir='ltr'><strong>se</strong></span> <span class='ocrx_word' id='word_1_352' title='bbox 903 3049 1184 3114; x_wconf 90' lang='lat' dir='ltr'><strong>haberent,</strong></span> <span class='ocrx_word' id='word_1_353' title='bbox 1229 3047 1470 3117; x_wconf 81' lang='lat' dir='ltr'><strong>profecto</strong></span> <span class='ocrx_word' id='word_1_354' title='bbox 1491 3046 1556 3100; x_wconf 86' lang='lat' dir='ltr'><strong>ad</strong></span> <span class='ocrx_word' id='word_1_355' title='bbox 1585 3054 1851 3114; x_wconf 74' lang='lat' dir='ltr'><strong>praecepta</strong></span> <span class='ocrx_word' id='word_1_356' title='bbox 1883 3043 1971 3098; x_wconf 91' lang='lat' dir='ltr'><strong>illa</strong></span> 
     </span>
    </p>
   </div>
   <div class='ocr_carea' id='block_1_51' title="bbox 407 3136 1973 3209">
    <p class='ocr_par' dir='ltr' id='par_1_51' title="bbox 407 3136 1973 3209">
     <span class='ocr_line' id='line_1_51' title="bbox 407 3136 1973 3209; baseline -0.003 -14"><span class='ocrx_word' id='word_1_357' title='bbox 407 3141 762 3209; x_wconf 86' lang='lat' dir='ltr'><strong>torpuissent,</strong></span> <span class='ocrx_word' id='word_1_358' title='bbox 815 3139 1132 3195; x_wconf 88' lang='lat' dir='ltr'><strong>rusticitatis</strong></span> <span class='ocrx_word' id='word_1_359' title='bbox 1181 3155 1292 3194; x_wconf 74' lang='lat' dir='ltr'><strong>sua:</strong></span> <span class='ocrx_word' id='word_1_360' title='bbox 1349 3147 1405 3194; x_wconf 91' lang='lat' dir='ltr'><strong>et</strong></span> <span class='ocrx_word' id='word_1_361' title='bbox 1478 3139 1710 3193; x_wconf 85' lang='lat' dir='ltr'><strong>idioticae</strong></span> <span class='ocrx_word' id='word_1_362' title='bbox 1749 3136 1973 3205; x_wconf 67' lang='lat' dir='ltr'><strong>loquela:</strong></span> 
     </span>
    </p>
   </div>
   <div class='ocr_carea' id='block_1_52' title="bbox 407 3230 1973 3302">
    <p class='ocr_par' dir='ltr' id='par_1_52' title="bbox 407 3230 1973 3302">
     <span class='ocr_line' id='line_1_52' title="bbox 407 3230 1973 3302; baseline -0.004 -14"><span class='ocrx_word' id='word_1_363' title='bbox 407 3232 638 3300; x_wconf 83' lang='lat' dir='ltr'><strong>conscii,</strong></span> <span class='ocrx_word' id='word_1_364' title='bbox 686 3231 840 3302; x_wconf 83' lang='lat' dir='ltr'><strong>cujus</strong></span> <span class='ocrx_word' id='word_1_365' title='bbox 891 3245 1053 3286; x_wconf 88' lang='lat' dir='ltr'><strong>causa</strong></span> <span class='ocrx_word' id='word_1_366' title='bbox 1101 3230 1332 3286; x_wconf 82' lang='lat' dir='ltr'><strong>cilicium</strong></span> <span class='ocrx_word' id='word_1_367' title='bbox 1387 3231 1620 3285; x_wconf 84' lang='lat' dir='ltr'><strong>fortasse</strong></span> <span class='ocrx_word' id='word_1_368' title='bbox 1675 3231 1973 3283; x_wconf 82' lang='lat' dir='ltr'><strong>detrectas-</strong></span> 
     </span>
    </p>
   </div>
   <div class='ocr_carea' id='block_1_53' title="bbox 2139 2039 3630 2113">
    <p class='ocr_par' dir='ltr' id='par_1_53' title="bbox 2139 2039 3630 2113">
     <span class='ocr_line' id='line_1_53' title="bbox 2139 2039 3630 2113; baseline 0.001 -21"><span class='ocrx_word' id='word_1_369' title='bbox 2139 2039 2200 2110; x_wconf 82' lang='grc' dir='ltr'><strong>β’.</strong></span> <span class='ocrx_word' id='word_1_370' title='bbox 2226 2040 2406 2111; x_wconf 71' lang='grc' dir='ltr'>Ταύτῃ</span> <span class='ocrx_word' id='word_1_371' title='bbox 2430 2039 2561 2109; x_wconf 90' lang='grc' dir='ltr'>γοῦν</span> <span class='ocrx_word' id='word_1_372' title='bbox 2581 2040 2850 2112; x_wconf 81' lang='grc' dir='ltr'>ἐπιθαρσή</span> <span class='ocrx_word' id='word_1_373' title='bbox 2859 2058 3045 2105; x_wconf 88' lang='grc' dir='ltr'>σαντες</span> <span class='ocrx_word' id='word_1_374' title='bbox 3061 2044 3127 2113; x_wconf 82' lang='grc' dir='ltr'><strong>τῇ</strong></span> <span class='ocrx_word' id='word_1_375' title='bbox 3145 2041 3465 2112; x_wconf 75' lang='grc' dir='ltr'>ἐπαγγελίᾳ.</span> <span class='ocrx_word' id='word_1_376' title='bbox 3485 2041 3630 2112; x_wconf 79' lang='grc' dir='ltr'>ἔργῳ</span> 
     </span>
    </p>
   </div>
   <div class='ocr_carea' id='block_1_54' title="bbox 2066 2133 3636 2205">
    <p class='ocr_par' dir='ltr' id='par_1_54' title="bbox 2066 2133 3636 2205">
     <span class='ocr_line' id='line_1_54' title="bbox 2066 2133 3636 2205; baseline 0.001 -21"><span class='ocrx_word' id='word_1_377' title='bbox 2066 2133 2190 2195; x_wconf 84' lang='grc' dir='ltr'>τοὺς</span> <span class='ocrx_word' id='word_1_378' title='bbox 2218 2133 2380 2186; x_wconf 78' lang='grc' dir='ltr'>αὑτοῦ</span> <span class='ocrx_word' id='word_1_379' title='bbox 2413 2133 2606 2201; x_wconf 89' lang='grc' dir='ltr'>λόγους</span> <span class='ocrx_word' id='word_1_380' title='bbox 2640 2133 2942 2205; x_wconf 86' lang='grc' dir='ltr'>ἐπλήρουν·</span> <span class='ocrx_word' id='word_1_381' title='bbox 2984 2135 3181 2188; x_wconf 80' lang='grc' dir='ltr'>αὐτίκα</span> <span class='ocrx_word' id='word_1_382' title='bbox 3207 2134 3369 2205; x_wconf 82' lang='grc' dir='ltr'>μηδὲν</span> <span class='ocrx_word' id='word_1_383' title='bbox 3409 2133 3636 2203; x_wconf 80' lang='grc' dir='ltr'>ὑπερθέ-</span> 
     </span>
    </p>
   </div>
   <div class='ocr_carea' id='block_1_55' title="bbox 2071 2230 3636 2302">
    <p class='ocr_par' dir='ltr' id='par_1_55' title="bbox 2071 2230 3636 2302">
     <span class='ocr_line' id='line_1_55' title="bbox 2071 2230 3636 2302; baseline 0.001 -20"><span class='ocrx_word' id='word_1_384' title='bbox 2071 2246 2240 2299; x_wconf 85' lang='grc' dir='ltr'>μενοι,</span> <span class='ocrx_word' id='word_1_385' title='bbox 2265 2232 2361 2282; x_wconf 75' lang='grc' dir='ltr'>σῦν</span> <span class='ocrx_word' id='word_1_386' title='bbox 2404 2246 2552 2300; x_wconf 83' lang='grc' dir='ltr'>πασῃ</span> <span class='ocrx_word' id='word_1_387' title='bbox 2599 2230 2875 2302; x_wconf 80' lang='grc' dir='ltr'>προθυμίᾳ</span> <span class='ocrx_word' id='word_1_388' title='bbox 2919 2230 3210 2301; x_wconf 82' lang='grc' dir='ltr'>περιῆλθον</span> <span class='ocrx_word' id='word_1_389' title='bbox 3257 2231 3348 2283; x_wconf 74' lang='grc' dir='ltr'>ἐπὶ</span> <span class='ocrx_word' id='word_1_390' title='bbox 3388 2231 3490 2302; x_wconf 75' lang='grc' dir='ltr'>τὴν</span> <span class='ocrx_word' id='word_1_391' title='bbox 3532 2230 3636 2283; x_wconf 81' lang='grc' dir='ltr'><strong>τῶν</strong></span> 
     </span>
    </p>
   </div>
   <div class='ocr_carea' id='block_1_56' title="bbox 2068 2321 3636 2394">
    <p class='ocr_par' dir='ltr' id='par_1_56' title="bbox 2068 2321 3636 2394">
     <span class='ocr_line' id='line_1_56' title="bbox 2068 2321 3636 2394; baseline 0.001 -20"><span class='ocrx_word' id='word_1_392' title='bbox 2068 2322 2235 2376; x_wconf 81' lang='grc' dir='ltr'>ἐθνῶν</span> <span class='ocrx_word' id='word_1_393' title='bbox 2249 2321 2614 2375; x_wconf 84' lang='grc' dir='ltr'>διδασκαλίαν·</span> <span class='ocrx_word' id='word_1_394' title='bbox 2635 2321 2780 2394; x_wconf 72' lang='grc' dir='ltr'>ἔργῳ</span> <span class='ocrx_word' id='word_1_395' title='bbox 2801 2323 2897 2392; x_wconf 87' lang='grc' dir='ltr'>μὲν</span> <span class='ocrx_word' id='word_1_396' title='bbox 2915 2322 3061 2392; x_wconf 84' lang='grc' dir='ltr'><strong>αὐτῷ</strong></span> <span class='ocrx_word' id='word_1_397' title='bbox 3078 2321 3484 2394; x_wconf 77' lang='grc' dir='ltr'>παραλαϐόντες</span> <span class='ocrx_word' id='word_1_398' title='bbox 3504 2322 3636 2393; x_wconf 75' lang='lat'>(53),</span> 
     </span>
    </p>
   </div>
   <div class='ocr_carea' id='block_1_57' title="bbox 2069 2412 3637 2484">
    <p class='ocr_par' dir='ltr' id='par_1_57' title="bbox 2069 2412 3637 2484">
     <span class='ocr_line' id='line_1_57' title="bbox 2069 2412 3637 2484; baseline 0 -17"><span class='ocrx_word' id='word_1_399' title='bbox 2069 2413 2162 2467; x_wconf 76' lang='grc' dir='ltr'>καὶ</span> <span class='ocrx_word' id='word_1_400' title='bbox 2183 2413 2480 2482; x_wconf 81' lang='grc' dir='ltr'>ὀφθαλμοῖς</span> <span class='ocrx_word' id='word_1_401' title='bbox 2508 2413 2742 2484; x_wconf 77' lang='grc' dir='ltr'>ὁρῶντες</span> <span class='ocrx_word' id='word_1_402' title='bbox 2765 2412 2941 2478; x_wconf 81' lang='grc' dir='ltr'>ζῶντα</span> <span class='ocrx_word' id='word_1_403' title='bbox 2966 2414 3056 2466; x_wconf 82' lang='grc' dir='ltr'>τὸν</span> <span class='ocrx_word' id='word_1_404' title='bbox 3083 2414 3188 2484; x_wconf 79' lang='grc' dir='ltr'>πρὸ</span> <span class='ocrx_word' id='word_1_405' title='bbox 3226 2412 3420 2484; x_wconf 81' lang='grc' dir='ltr'>μικροῦ</span> <span class='ocrx_word' id='word_1_406' title='bbox 3458 2413 3637 2467; x_wconf 84' lang='grc' dir='ltr'>θανόν-</span> 
     </span>
    </p>
   </div>
   <div class='ocr_carea' id='block_1_58' title="bbox 2068 2502 3636 2576">
    <p class='ocr_par' dir='ltr' id='par_1_58' title="bbox 2068 2502 3636 2576">
     <span class='ocr_line' id='line_1_58' title="bbox 2068 2502 3636 2576; baseline -0.001 -18"><span class='ocrx_word' id='word_1_407' title='bbox 2068 2523 2158 2568; x_wconf 92' lang='grc' dir='ltr'><strong>τα,</strong></span> <span class='ocrx_word' id='word_1_408' title='bbox 2190 2505 2283 2558; x_wconf 83' lang='grc' dir='ltr'><strong>καί</strong></span> <span class='ocrx_word' id='word_1_409' title='bbox 2305 2504 2363 2558; x_wconf 82' lang='grc' dir='ltr'>ὃν</span> <span class='ocrx_word' id='word_1_410' title='bbox 2389 2502 2735 2574; x_wconf 84' lang='grc' dir='ltr'>ἐξωμόσαντο</span> <span class='ocrx_word' id='word_1_411' title='bbox 2759 2505 3125 2576; x_wconf 81' lang='grc' dir='ltr'>ἀρνησάμενοι</span> <span class='ocrx_word' id='word_1_412' title='bbox 3154 2505 3241 2559; x_wconf 80' lang='grc' dir='ltr'><strong>διὰ</strong></span> <span class='ocrx_word' id='word_1_413' title='bbox 3271 2504 3340 2558; x_wconf 77' lang='grc' dir='ltr'><strong>τά</strong></span> <span class='ocrx_word' id='word_1_414' title='bbox 3364 2504 3636 2576; x_wconf 75' lang='grc' dir='ltr'>συμϐεϐη-</span> 
     </span>
    </p>
   </div>
   <div class='ocr_carea' id='block_1_59' title="bbox 2070 2593 3640 2667">
    <p class='ocr_par' dir='ltr' id='par_1_59' title="bbox 2070 2593 3640 2667">
     <span class='ocr_line' id='line_1_59' title="bbox 2070 2593 3640 2667; baseline -0.002 -18"><span class='ocrx_word' id='word_1_415' title='bbox 2070 2596 2223 2660; x_wconf 89' lang='grc' dir='ltr'>κότα,</span> <span class='ocrx_word' id='word_1_416' title='bbox 2249 2594 2438 2648; x_wconf 89' lang='grc' dir='ltr'>τοῦτον</span> <span class='ocrx_word' id='word_1_417' title='bbox 2465 2595 2624 2649; x_wconf 79' lang='grc' dir='ltr'>αὑτὸν</span> <span class='ocrx_word' id='word_1_418' title='bbox 2645 2595 2890 2667; x_wconf 85' lang='grc' dir='ltr'>ἐναργῶς</span> <span class='ocrx_word' id='word_1_419' title='bbox 2919 2597 3014 2648; x_wconf 72' lang='grc' dir='ltr'>καὶ</span> <span class='ocrx_word' id='word_1_420' title='bbox 3034 2593 3477 2666; x_wconf 84' lang='grc' dir='ltr'>αὐτοπροσώπως</span> <span class='ocrx_word' id='word_1_421' title='bbox 3509 2611 3640 2665; x_wconf 87' lang='grc' dir='ltr'>παρ-</span> 
     </span>
    </p>
   </div>
   <div class='ocr_carea' id='block_1_60' title="bbox 2069 2685 3638 2756">
    <p class='ocr_par' dir='ltr' id='par_1_60' title="bbox 2069 2685 3638 2756">
     <span class='ocr_line' id='line_1_60' title="bbox 2069 2685 3638 2756; baseline -0.003 -16"><span class='ocrx_word' id='word_1_422' title='bbox 2069 2687 2198 2746; x_wconf 86' lang='grc' dir='ltr'>όντα</span> <span class='ocrx_word' id='word_1_423' title='bbox 2229 2686 2323 2740; x_wconf 74' lang='grc' dir='ltr'><strong>καὶ</strong></span> <span class='ocrx_word' id='word_1_424' title='bbox 2365 2685 2609 2756; x_wconf 81' lang='grc' dir='ltr'>συνήθως</span> <span class='ocrx_word' id='word_1_425' title='bbox 2658 2685 3198 2756; x_wconf 87' lang='grc' dir='ltr'>προσδιαλεγόμενον,</span> <span class='ocrx_word' id='word_1_426' title='bbox 3246 2685 3638 2754; x_wconf 87' lang='grc' dir='ltr'>ἐπαγγελλόμε-</span> 
     </span>
    </p>
   </div>
   <div class='ocr_carea' id='block_1_61' title="bbox 2070 2775 3640 2848">
    <p class='ocr_par' dir='ltr' id='par_1_61' title="bbox 2070 2775 3640 2848">
     <span class='ocr_line' id='line_1_61' title="bbox 2070 2775 3640 2848; baseline -0.003 -16"><span class='ocrx_word' id='word_1_427' title='bbox 2070 2777 2160 2832; x_wconf 84' lang='grc' dir='ltr'><strong>νόν</strong></span> <span class='ocrx_word' id='word_1_428' title='bbox 2188 2793 2248 2829; x_wconf 90' lang='grc' dir='ltr'><strong>τε</strong></span> <span class='ocrx_word' id='word_1_429' title='bbox 2269 2776 2452 2840; x_wconf 78' lang='grc' dir='ltr'>αὐτοῖς</span> <span class='ocrx_word' id='word_1_430' title='bbox 2474 2777 2542 2829; x_wconf 81' lang='grc' dir='ltr'><strong>τά</strong></span> <span class='ocrx_word' id='word_1_431' title='bbox 2578 2776 3009 2848; x_wconf 88' lang='grc' dir='ltr'>προλελεγμένα·</span> <span class='ocrx_word' id='word_1_432' title='bbox 3044 2777 3145 2830; x_wconf 84' lang='grc' dir='ltr'><strong>ούκ</strong></span> <span class='ocrx_word' id='word_1_433' title='bbox 3171 2777 3384 2846; x_wconf 76' lang='grc' dir='ltr'>ἔχοντες</span> <span class='ocrx_word' id='word_1_434' title='bbox 3409 2775 3467 2828; x_wconf 86' lang='grc' dir='ltr'><strong>δέ</strong></span> <span class='ocrx_word' id='word_1_435' title='bbox 3497 2777 3640 2839; x_wconf 82' lang='grc' dir='ltr'>ὅπως</span> 
     </span>
    </p>
   </div>
   <div class='ocr_carea' id='block_1_62' title="bbox 2069 2863 3641 2938">
    <p class='ocr_par' dir='ltr' id='par_1_62' title="bbox 2069 2863 3641 2938">
     <span class='ocr_line' id='line_1_62' title="bbox 2069 2863 3641 2938; baseline -0.004 -16"><span class='ocrx_word' id='word_1_436' title='bbox 2069 2870 2134 2922; x_wconf 83' lang='grc' dir='ltr'>ὰν</span> <span class='ocrx_word' id='word_1_437' title='bbox 2155 2868 2512 2938; x_wconf 81' lang='grc' dir='ltr'>’ἀποστήσωσι</span> <span class='ocrx_word' id='word_1_438' title='bbox 2541 2865 2639 2937; x_wconf 85' lang='grc' dir='ltr'>τῆς</span> <span class='ocrx_word' id='word_1_439' title='bbox 2665 2867 2994 2936; x_wconf 87' lang='grc' dir='ltr'>ἐπαγγελίας</span> <span class='ocrx_word' id='word_1_440' title='bbox 3023 2866 3108 2920; x_wconf 85' lang='grc' dir='ltr'><strong>διά</strong></span> <span class='ocrx_word' id='word_1_441' title='bbox 3133 2867 3232 2937; x_wconf 83' lang='grc' dir='ltr'>τὴν</span> <span class='ocrx_word' id='word_1_442' title='bbox 3264 2863 3641 2936; x_wconf 73' lang='grc' dir='ltr'>θεωρουμένην</span> 
     </span>
    </p>
   </div>
   <div class='ocr_carea' id='block_1_63' title="bbox 2069 2954 3638 3030">
    <p class='ocr_par' dir='ltr' id='par_1_63' title="bbox 2069 2954 3638 3030">
     <span class='ocr_line' id='line_1_63' title="bbox 2069 2954 3638 3030; baseline -0.001 -18"><span class='ocrx_word' id='word_1_443' title='bbox 2069 2959 2209 3028; x_wconf 72' lang='grc' dir='ltr'>δψιν.</span> <span class='ocrx_word' id='word_1_444' title='bbox 2243 2954 2322 3012; x_wconf 89' lang='grc' dir='ltr'><strong><em>Ἦ</em></strong></span> <span class='ocrx_word' id='word_1_445' title='bbox 2353 2958 2464 3030; x_wconf 86' lang='grc' dir='ltr'>γὰρ</span> <span class='ocrx_word' id='word_1_446' title='bbox 2493 2960 2558 3013; x_wconf 84' lang='grc' dir='ltr'>ἂν</span> <span class='ocrx_word' id='word_1_447' title='bbox 2581 2960 2675 3014; x_wconf 76' lang='grc' dir='ltr'>καὶ</span> <span class='ocrx_word' id='word_1_448' title='bbox 2703 2958 3033 3028; x_wconf 84' lang='grc' dir='ltr'>ἀπώκνησαν</span> <span class='ocrx_word' id='word_1_449' title='bbox 3067 2957 3202 3027; x_wconf 80' lang='grc' dir='ltr'>πρὸς</span> <span class='ocrx_word' id='word_1_450' title='bbox 3234 2957 3296 3010; x_wconf 84' lang='grc' dir='ltr'>τὸ</span> <span class='ocrx_word' id='word_1_451' title='bbox 3341 2957 3638 3026; x_wconf 77' lang='grc' dir='ltr'>ἐπίταγμα,</span> 
     </span>
    </p>
   </div>
   <div class='ocr_carea' id='block_1_64' title="bbox 2071 3045 3643 3122">
    <p class='ocr_par' dir='ltr' id='par_1_64' title="bbox 2071 3045 3643 3122">
     <span class='ocr_line' id='line_1_64' title="bbox 2071 3045 3643 3122; baseline -0.003 -18"><span class='ocrx_word' id='word_1_452' title='bbox 2071 3050 2362 3122; x_wconf 86' lang='grc' dir='ltr'>ἀγροικίαν</span> <span class='ocrx_word' id='word_1_453' title='bbox 2390 3051 2602 3116; x_wconf 85' lang='grc' dir='ltr'>ἐαυτοῖς</span> <span class='ocrx_word' id='word_1_454' title='bbox 2627 3051 2722 3104; x_wconf 76' lang='grc' dir='ltr'>καὶ</span> <span class='ocrx_word' id='word_1_455' title='bbox 2747 3049 2919 3119; x_wconf 85' lang='grc' dir='ltr'>λόγων</span> <span class='ocrx_word' id='word_1_456' title='bbox 2955 3047 3220 3103; x_wconf 87' lang='grc' dir='ltr'>ἰδιωτείαν</span> <span class='ocrx_word' id='word_1_457' title='bbox 3251 3045 3643 3115; x_wconf 84' lang='grc' dir='ltr'>συγγινώσκον-</span> 
     </span>
    </p>
   </div>
   <div class='ocr_carea' id='block_1_65' title="bbox 2069 3137 3640 3214">
    <p class='ocr_par' dir='ltr' id='par_1_65' title="bbox 2069 3137 3640 3214">
     <span class='ocr_line' id='line_1_65' title="bbox 2069 3137 3640 3214; baseline -0.004 -20"><span class='ocrx_word' id='word_1_458' title='bbox 2069 3158 2182 3207; x_wconf 90' lang='grc' dir='ltr'>τες,</span> <span class='ocrx_word' id='word_1_459' title='bbox 2217 3142 2284 3195; x_wconf 86' lang='grc' dir='ltr'><strong>δι’</strong></span> <span class='ocrx_word' id='word_1_460' title='bbox 2314 3147 2381 3214; x_wconf 75' lang='grc' dir='ltr'>ἢν</span> <span class='ocrx_word' id='word_1_461' title='bbox 2413 3141 2553 3212; x_wconf 83' lang='grc' dir='ltr'>τάχα</span> <span class='ocrx_word' id='word_1_462' title='bbox 2581 3141 2646 3196; x_wconf 84' lang='grc' dir='ltr'>ἂν</span> <span class='ocrx_word' id='word_1_463' title='bbox 2669 3142 2762 3196; x_wconf 80' lang='grc' dir='ltr'>καὶ</span> <span class='ocrx_word' id='word_1_464' title='bbox 2789 3140 3174 3214; x_wconf 80' lang='grc' dir='ltr'>παρῃτήσαντο</span> <span class='ocrx_word' id='word_1_465' title='bbox 3195 3156 3210 3170; x_wconf 97' lang='grc'><strong>·</strong></span> <span class='ocrx_word' id='word_1_466' title='bbox 3247 3138 3470 3200; x_wconf 77' lang='grc' dir='ltr'>εἰκότως</span> <span class='ocrx_word' id='word_1_467' title='bbox 3495 3137 3640 3204; x_wconf 91' lang='grc' dir='ltr'>λογι-</span> 
     </span>
    </p>
   </div>
   <div class='ocr_carea' id='block_1_66' title="bbox 2074 3227 3642 3303">
    <p class='ocr_par' dir='ltr' id='par_1_66' title="bbox 2074 3227 3642 3303">
     <span class='ocr_line' id='line_1_66' title="bbox 2074 3227 3642 3303; baseline -0.004 -18"><span class='ocrx_word' id='word_1_468' title='bbox 2074 3233 2317 3302; x_wconf 90' lang='grc' dir='ltr'>σάμενοι,</span> <span class='ocrx_word' id='word_1_469' title='bbox 2341 3250 2417 3296; x_wconf 88' lang='grc' dir='ltr'><strong>ως</strong></span> <span class='ocrx_word' id='word_1_470' title='bbox 2443 3234 2541 3303; x_wconf 82' lang='grc' dir='ltr'>οὐχ</span> <span class='ocrx_word' id='word_1_471' title='bbox 2567 3229 2676 3285; x_wconf 77' lang='grc' dir='ltr'>οἷόν</span> <span class='ocrx_word' id='word_1_472' title='bbox 2704 3249 2764 3285; x_wconf 90' lang='grc' dir='ltr'><strong>τε</strong></span> <span class='ocrx_word' id='word_1_473' title='bbox 2792 3227 2862 3302; x_wconf 79' lang='grc' dir='ltr'>ἦν</span> <span class='ocrx_word' id='word_1_474' title='bbox 2888 3231 3093 3302; x_wconf 90' lang='grc' dir='ltr'>Σύρους</span> <span class='ocrx_word' id='word_1_475' title='bbox 3119 3229 3216 3301; x_wconf 77' lang='grc' dir='ltr'>τὴν</span> <span class='ocrx_word' id='word_1_476' title='bbox 3242 3228 3509 3297; x_wconf 72' lang='grc' dir='ltr'>γλῶτταν,</span> <span class='ocrx_word' id='word_1_477' title='bbox 3550 3228 3642 3280; x_wconf 70' lang='grc' dir='ltr'>καὶ</span> 
     </span>
    </p>
   </div>
   <div class='ocr_carea' id='block_1_67' title="bbox 408 3315 1969 3394">
    <p class='ocr_par' dir='ltr' id='par_1_67' title="bbox 408 3318 1969 3390">
     <span class='ocr_line' id='line_1_67' title="bbox 408 3318 1969 3390; baseline -0.002 -13"><span class='ocrx_word' id='word_1_478' title='bbox 408 3331 562 3386; x_wconf 90' lang='lat' dir='ltr'><strong>sent;</strong></span> <span class='ocrx_word' id='word_1_479' title='bbox 597 3330 743 3377; x_wconf 88' lang='lat' dir='ltr'><strong>recte</strong></span> <span class='ocrx_word' id='word_1_480' title='bbox 785 3322 1084 3390; x_wconf 85' lang='lat' dir='ltr'><strong>cogitantes</strong></span> <span class='ocrx_word' id='word_1_481' title='bbox 1109 3321 1222 3377; x_wconf 82' lang='lat' dir='ltr'><strong>ﬁeri</strong></span> <span class='ocrx_word' id='word_1_482' title='bbox 1267 3322 1411 3377; x_wconf 85' lang='lat' dir='ltr'><strong>haud</strong></span> <span class='ocrx_word' id='word_1_483' title='bbox 1457 3335 1615 3390; x_wconf 91' lang='lat' dir='ltr'><strong>posse</strong></span> <span class='ocrx_word' id='word_1_484' title='bbox 1640 3330 1700 3374; x_wconf 90' lang='lat' dir='ltr'><strong>ut</strong></span> <span class='ocrx_word' id='word_1_485' title='bbox 1728 3318 1969 3374; x_wconf 85' lang='lat' dir='ltr'><strong>homines</strong></span> 
     </span>
    </p>
   </div>
   <div class='ocr_carea' id='block_1_68' title="bbox 2077 3315 3646 3394">
    <p class='ocr_par' dir='ltr' id='par_1_68' title="bbox 2077 3315 3646 3394">
     <span class='ocr_line' id='line_1_68' title="bbox 2077 3315 3646 3394; baseline -0.004 -20"><span class='ocrx_word' id='word_1_486' title='bbox 2077 3322 2237 3376; x_wconf 86' lang='grc' dir='ltr'>πλέον</span> <span class='ocrx_word' id='word_1_487' title='bbox 2267 3323 2474 3386; x_wconf 89' lang='grc' dir='ltr'>άλιείας</span> <span class='ocrx_word' id='word_1_488' title='bbox 2507 3321 2672 3394; x_wconf 80' lang='grc' dir='ltr'>μηδὲν</span> <span class='ocrx_word' id='word_1_489' title='bbox 2688 3320 3104 3391; x_wconf 88' lang='grc' dir='ltr'>ἐπισταμένους,</span> <span class='ocrx_word' id='word_1_490' title='bbox 3134 3317 3483 3379; x_wconf 81' lang='grc' dir='ltr'>διδασκάλους</span> <span class='ocrx_word' id='word_1_491' title='bbox 3512 3315 3646 3386; x_wconf 85' lang='grc' dir='ltr'>ὁμοῦ</span> 
     </span>
    </p>
   </div>
   <div class='ocr_carea' id='block_1_69' title="bbox 409 3413 1973 3488">
    <p class='ocr_par' dir='ltr' id='par_1_69' title="bbox 409 3413 1973 3488">
     <span class='ocr_line' id='line_1_69' title="bbox 409 3413 1973 3488; baseline -0.003 -18"><span class='ocrx_word' id='word_1_492' title='bbox 409 3417 588 3488; x_wconf 89' lang='lat' dir='ltr'><strong>lingua</strong></span> <span class='ocrx_word' id='word_1_493' title='bbox 622 3416 768 3487; x_wconf 84' lang='lat' dir='ltr'><strong>Syri,</strong></span> <span class='ocrx_word' id='word_1_494' title='bbox 809 3426 864 3470; x_wconf 91' lang='lat' dir='ltr'><strong>et</strong></span> <span class='ocrx_word' id='word_1_495' title='bbox 897 3424 1088 3485; x_wconf 67' lang='lat' dir='ltr'><strong>prmter</strong></span> <span class='ocrx_word' id='word_1_496' title='bbox 1135 3424 1308 3468; x_wconf 89' lang='lat' dir='ltr'><strong>artem</strong></span> <span class='ocrx_word' id='word_1_497' title='bbox 1358 3414 1704 3482; x_wconf 85' lang='lat' dir='ltr'><strong>piscatoriam</strong></span> <span class='ocrx_word' id='word_1_498' title='bbox 1734 3413 1973 3468; x_wconf 79' lang='lat' dir='ltr'><strong>omnium</strong></span> 
     </span>
    </p>
   </div>
   <div class='ocr_carea' id='block_1_70' title="bbox 408 3504 1977 3580">
    <p class='ocr_par' dir='ltr' id='par_1_70' title="bbox 408 3504 1977 3580">
     <span class='ocr_line' id='line_1_70' title="bbox 408 3504 1977 3580; baseline -0.001 -19"><span class='ocrx_word' id='word_1_499' title='bbox 408 3507 608 3578; x_wconf 78' lang='lat' dir='ltr'><strong>ignari,</strong></span> <span class='ocrx_word' id='word_1_500' title='bbox 645 3507 881 3580; x_wconf 82' lang='lat' dir='ltr'><strong>magistri</strong></span> <span class='ocrx_word' id='word_1_501' title='bbox 923 3504 1977 3562; x_wconf 65' lang='lat' dir='ltr'><strong>constituerenturSuccorum—simulet</strong></span> 
     </span>
    </p>
   </div>
   <div class='ocr_carea' id='block_1_71' title="bbox 409 3597 1974 3668">
    <p class='ocr_par' dir='ltr' id='par_1_71' title="bbox 409 3597 1974 3668">
     <span class='ocr_line' id='line_1_71' title="bbox 409 3597 1974 3668; baseline 0.001 -15"><span class='ocrx_word' id='word_1_502' title='bbox 409 3597 802 3664; x_wconf 79' lang='lat' dir='ltr'><strong>Romanorum,</strong></span> <span class='ocrx_word' id='word_1_503' title='bbox 819 3597 1191 3668; x_wconf 68' lang='lat' dir='ltr'><strong>Egyptioruin</strong></span> <span class='ocrx_word' id='word_1_504' title='bbox 1223 3609 1278 3652; x_wconf 93' lang='lat' dir='ltr'><strong>et</strong></span> <span class='ocrx_word' id='word_1_505' title='bbox 1299 3598 1607 3663; x_wconf 86' lang='lat' dir='ltr'><strong>Persarum,</strong></span> <span class='ocrx_word' id='word_1_506' title='bbox 1632 3598 1974 3668; x_wconf 87' lang='lat' dir='ltr'><strong>aliarumque</strong></span> 
     </span>
    </p>
   </div>
   <div class='ocr_carea' id='block_1_72' title="bbox 409 3689 1974 3764">
    <p class='ocr_par' dir='ltr' id='par_1_72' title="bbox 409 3689 1974 3764">
     <span class='ocr_line' id='line_1_72' title="bbox 409 3689 1974 3764; baseline -0.003 -15"><span class='ocrx_word' id='word_1_507' title='bbox 409 3693 646 3764; x_wconf 89' lang='lat' dir='ltr'><strong>gentium</strong></span> <span class='ocrx_word' id='word_1_508' title='bbox 677 3691 1050 3752; x_wconf 89' lang='lat' dir='ltr'><strong>barbararum,</strong></span> <span class='ocrx_word' id='word_1_509' title='bbox 1077 3691 1325 3761; x_wconf 87' lang='lat' dir='ltr'><strong>legesque</strong></span> <span class='ocrx_word' id='word_1_510' title='bbox 1355 3689 1560 3745; x_wconf 82' lang='lat' dir='ltr'><strong>ferrent</strong></span> <span class='ocrx_word' id='word_1_511' title='bbox 1588 3705 1770 3745; x_wconf 86' lang='lat' dir='ltr'><strong>coram</strong></span> <span class='ocrx_word' id='word_1_512' title='bbox 1799 3689 1974 3759; x_wconf 81' lang='lat' dir='ltr'><strong>legum</strong></span> 
     </span>
    </p>
   </div>
   <div class='ocr_carea' id='block_1_73' title="bbox 409 3785 1978 3858">
    <p class='ocr_par' dir='ltr' id='par_1_73' title="bbox 409 3785 1978 3858">
     <span class='ocr_line' id='line_1_73' title="bbox 409 3785 1978 3858; baseline -0.003 -16"><span class='ocrx_word' id='word_1_513' title='bbox 409 3787 674 3844; x_wconf 86' lang='lat' dir='ltr'><strong>latoribus</strong></span> <span class='ocrx_word' id='word_1_514' title='bbox 736 3789 1092 3858; x_wconf 84' lang='lat' dir='ltr'><strong>regibusque,</strong></span> <span class='ocrx_word' id='word_1_515' title='bbox 1157 3787 1460 3841; x_wconf 85' lang='lat' dir='ltr'><strong>contrarias</strong></span> <span class='ocrx_word' id='word_1_516' title='bbox 1512 3786 1577 3840; x_wconf 85' lang='lat' dir='ltr'><strong>iis</strong></span> <span class='ocrx_word' id='word_1_517' title='bbox 1635 3785 1978 3855; x_wconf 88' lang='lat' dir='ltr'><strong>opinionibus</strong></span> 
     </span>
    </p>
   </div>
   <div class='ocr_carea' id='block_1_74' title="bbox 409 3874 1976 3946">
    <p class='ocr_par' dir='ltr' id='par_1_74' title="bbox 409 3874 1976 3946">
     <span class='ocr_line' id='line_1_74' title="bbox 409 3874 1976 3946; baseline -0.004 -13"><span class='ocrx_word' id='word_1_518' title='bbox 409 3893 531 3946; x_wconf 68' lang='lat' dir='ltr'><strong>quae</strong></span> <span class='ocrx_word' id='word_1_519' title='bbox 569 3878 634 3932; x_wconf 92' lang='lat' dir='ltr'><strong>de</strong></span> <span class='ocrx_word' id='word_1_520' title='bbox 658 3877 928 3946; x_wconf 89' lang='lat' dir='ltr'><strong>primariis</strong></span> <span class='ocrx_word' id='word_1_521' title='bbox 955 3877 1057 3930; x_wconf 90' lang='lat' dir='ltr'><strong>diis</strong></span> <span class='ocrx_word' id='word_1_522' title='bbox 1089 3892 1156 3930; x_wconf 92' lang='lat' dir='ltr'><strong>ex</strong></span> <span class='ocrx_word' id='word_1_523' title='bbox 1185 3877 1330 3929; x_wconf 89' lang='lat' dir='ltr'><strong>omni</strong></span> <span class='ocrx_word' id='word_1_524' title='bbox 1364 3889 1478 3929; x_wconf 77' lang='lat' dir='ltr'><strong>awo</strong></span> <span class='ocrx_word' id='word_1_525' title='bbox 1503 3875 1843 3928; x_wconf 80' lang='lat' dir='ltr'><strong>exstiterant.</strong></span> <span class='ocrx_word' id='word_1_526' title='bbox 1871 3874 1976 3928; x_wconf 81' lang='lat' dir='ltr'><strong>Sed</strong></span> 
     </span>
    </p>
   </div>
   <div class='ocr_carea' id='block_1_75' title="bbox 411 3965 1977 4035">
    <p class='ocr_par' dir='ltr' id='par_1_75' title="bbox 411 3965 1977 4035">
     <span class='ocr_line' id='line_1_75' title="bbox 411 3965 1977 4035; baseline -0.002 -13"><span class='ocrx_word' id='word_1_527' title='bbox 411 3969 528 4023; x_wconf 66' lang='lat' dir='ltr'><strong>haec</strong></span> <span class='ocrx_word' id='word_1_528' title='bbox 557 3983 774 4022; x_wconf 85' lang='lat' dir='ltr'><strong>versare</strong></span> <span class='ocrx_word' id='word_1_529' title='bbox 804 3967 986 4021; x_wconf 89' lang='lat' dir='ltr'><strong>animo</strong></span> <span class='ocrx_word' id='word_1_530' title='bbox 1018 3982 1123 4020; x_wconf 94' lang='lat' dir='ltr'><strong>non</strong></span> <span class='ocrx_word' id='word_1_531' title='bbox 1155 3967 1352 4020; x_wconf 89' lang='lat' dir='ltr'><strong>licebat</strong></span> <span class='ocrx_word' id='word_1_532' title='bbox 1389 3966 1518 4029; x_wconf 91' lang='lat' dir='ltr'><strong>illis,</strong></span> <span class='ocrx_word' id='word_1_533' title='bbox 1545 3967 1640 4035; x_wconf 88' lang='lat' dir='ltr'><strong>qui</strong></span> <span class='ocrx_word' id='word_1_534' title='bbox 1661 3981 1846 4020; x_wconf 89' lang='lat' dir='ltr'><strong>vocem</strong></span> <span class='ocrx_word' id='word_1_535' title='bbox 1884 3965 1977 4019; x_wconf 90' lang='lat' dir='ltr'><strong>Dei</strong></span> 
     </span>
    </p>
   </div>
   <div class='ocr_carea' id='block_1_76' title="bbox 412 4056 1975 4126">
    <p class='ocr_par' dir='ltr' id='par_1_76' title="bbox 412 4056 1975 4126">
     <span class='ocr_line' id='line_1_76' title="bbox 412 4056 1975 4126; baseline 0 -16"><span class='ocrx_word' id='word_1_536' title='bbox 412 4057 646 4113; x_wconf 87' lang='lat' dir='ltr'><strong>dicentis</strong></span> <span class='ocrx_word' id='word_1_537' title='bbox 669 4056 1154 4112; x_wconf 78' lang='lat' dir='ltr'><strong>audierantzEcce</strong></span> <span class='ocrx_word' id='word_1_538' title='bbox 1202 4073 1294 4126; x_wconf 78' lang='lat' dir='ltr'><strong>ego</strong></span> <span class='ocrx_word' id='word_1_539' title='bbox 1337 4057 1595 4111; x_wconf 77' lang='lat' dir='ltr'><strong>vobiscum</strong></span> <span class='ocrx_word' id='word_1_540' title='bbox 1645 4073 1794 4121; x_wconf 82' lang='lat' dir='ltr'><strong>sum;</strong></span> <span class='ocrx_word' id='word_1_541' title='bbox 1837 4072 1975 4126; x_wconf 84' lang='lat' dir='ltr'><strong>quo-</strong></span> 
     </span>
    </p>
   </div>
   <div class='ocr_carea' id='block_1_77' title="bbox 413 4147 1976 4218">
    <p class='ocr_par' dir='ltr' id='par_1_77' title="bbox 413 4147 1976 4218">
     <span class='ocr_line' id='line_1_77' title="bbox 413 4147 1976 4218; baseline -0.001 -16"><span class='ocrx_word' id='word_1_542' title='bbox 413 4149 557 4203; x_wconf 87' lang='lat' dir='ltr'><strong>niam</strong></span> <span class='ocrx_word' id='word_1_543' title='bbox 601 4148 879 4204; x_wconf 82' lang='lat' dir='ltr'><strong>evidenter</strong></span> <span class='ocrx_word' id='word_1_544' title='bbox 924 4158 1250 4218; x_wconf 79' lang='lat' dir='ltr'><strong>aspexerant</strong></span> <span class='ocrx_word' id='word_1_545' title='bbox 1309 4147 1579 4216; x_wconf 88' lang='lat' dir='ltr'><strong>loquentis</strong></span> <span class='ocrx_word' id='word_1_546' title='bbox 1639 4147 1976 4202; x_wconf 85' lang='lat' dir='ltr'><strong>divinitatem</strong></span> 
     </span>
    </p>
   </div>
   <div class='ocr_carea' id='block_1_78' title="bbox 413 4239 1978 4310">
    <p class='ocr_par' dir='ltr' id='par_1_78' title="bbox 413 4239 1978 4310">
     <span class='ocr_line' id='line_1_78' title="bbox 413 4239 1978 4310; baseline -0.001 -14"><span class='ocrx_word' id='word_1_547' title='bbox 413 4241 574 4296; x_wconf 89' lang='lat' dir='ltr'><strong>morti</strong></span> <span class='ocrx_word' id='word_1_548' title='bbox 594 4239 926 4310; x_wconf 87' lang='lat' dir='ltr'><strong>superiorem</strong></span> <span class='ocrx_word' id='word_1_549' title='bbox 957 4239 1286 4309; x_wconf 83' lang='lat' dir='ltr'><strong>apparuisse.</strong></span> <span class='ocrx_word' id='word_1_550' title='bbox 1321 4239 1455 4293; x_wconf 88' lang='lat' dir='ltr'><strong>Hinc</strong></span> <span class='ocrx_word' id='word_1_551' title='bbox 1482 4253 1575 4294; x_wconf 90' lang='lat' dir='ltr'><strong>eos</strong></span> <span class='ocrx_word' id='word_1_552' title='bbox 1605 4239 1978 4294; x_wconf 72' lang='lat' dir='ltr'><strong>iuobedientia:</strong></span> 
     </span>
    </p>
   </div>
   <div class='ocr_carea' id='block_1_79' title="bbox 413 4331 1976 4402">
    <p class='ocr_par' dir='ltr' id='par_1_79' title="bbox 413 4331 1976 4402">
     <span class='ocr_line' id='line_1_79' title="bbox 413 4331 1976 4402; baseline -0.001 -14"><span class='ocrx_word' id='word_1_553' title='bbox 413 4334 581 4390; x_wconf 89' lang='lat' dir='ltr'><strong>timor</strong></span> <span class='ocrx_word' id='word_1_554' title='bbox 610 4333 849 4398; x_wconf 81' lang='lat' dir='ltr'><strong>incessit,</strong></span> <span class='ocrx_word' id='word_1_555' title='bbox 875 4333 1102 4402; x_wconf 89' lang='lat' dir='ltr'><strong>ideoque</strong></span> <span class='ocrx_word' id='word_1_556' title='bbox 1138 4332 1391 4402; x_wconf 88' lang='lat' dir='ltr'><strong>periculis</strong></span> <span class='ocrx_word' id='word_1_557' title='bbox 1420 4347 1480 4387; x_wconf 92' lang='lat' dir='ltr'><strong>se</strong></span> <span class='ocrx_word' id='word_1_558' title='bbox 1497 4331 1864 4400; x_wconf 78' lang='lat' dir='ltr'><strong>obiectabant,</strong></span> <span class='ocrx_word' id='word_1_559' title='bbox 1887 4346 1976 4386; x_wconf 87' lang='lat' dir='ltr'><strong>ac-</strong></span> 
     </span>
    </p>
   </div>
   <div class='ocr_carea' id='block_1_80' title="bbox 414 4425 1975 4496">
    <p class='ocr_par' dir='ltr' id='par_1_80' title="bbox 414 4425 1975 4496">
     <span class='ocr_line' id='line_1_80' title="bbox 414 4425 1975 4496; baseline -0.001 -16"><span class='ocrx_word' id='word_1_560' title='bbox 414 4438 568 4496; x_wconf 87' lang='lat' dir='ltr'><strong>cepta</strong></span> <span class='ocrx_word' id='word_1_561' title='bbox 599 4441 628 4478; x_wconf 87' lang='lat' dir='ltr'><strong>a</strong></span> <span class='ocrx_word' id='word_1_562' title='bbox 659 4425 917 4495; x_wconf 87' lang='lat' dir='ltr'><strong>magistro</strong></span> <span class='ocrx_word' id='word_1_563' title='bbox 949 4425 1108 4479; x_wconf 86' lang='lat' dir='ltr'><strong>arrba</strong></span> <span class='ocrx_word' id='word_1_564' title='bbox 1132 4425 1256 4479; x_wconf 71' lang='lat' dir='ltr'><strong>vita:</strong></span> <span class='ocrx_word' id='word_1_565' title='bbox 1287 4434 1404 4493; x_wconf 93' lang='lat' dir='ltr'><strong>post</strong></span> <span class='ocrx_word' id='word_1_566' title='bbox 1437 4435 1664 4478; x_wconf 87' lang='lat' dir='ltr'><strong>mortem</strong></span> <span class='ocrx_word' id='word_1_567' title='bbox 1704 4425 1975 4490; x_wconf 68' lang='lat' dir='ltr'><strong>vivendte;</strong></span> 
     </span>
    </p>
   </div>
   <div class='ocr_carea' id='block_1_81' title="bbox 413 4515 1977 4586">
    <p class='ocr_par' dir='ltr' id='par_1_81' title="bbox 413 4515 1977 4586">
     <span class='ocr_line' id='line_1_81' title="bbox 413 4515 1977 4586; baseline -0.002 -14"><span class='ocrx_word' id='word_1_568' title='bbox 413 4531 720 4586; x_wconf 87' lang='lat' dir='ltr'><strong>magnoque</strong></span> <span class='ocrx_word' id='word_1_569' title='bbox 749 4516 932 4572; x_wconf 90' lang='lat' dir='ltr'><strong>animo</strong></span> <span class='ocrx_word' id='word_1_570' title='bbox 977 4525 1202 4570; x_wconf 90' lang='lat' dir='ltr'><strong>cunctas</strong></span> <span class='ocrx_word' id='word_1_571' title='bbox 1231 4530 1416 4585; x_wconf 85' lang='lat' dir='ltr'><strong>gentes</strong></span> <span class='ocrx_word' id='word_1_572' title='bbox 1453 4515 1698 4577; x_wconf 91' lang='lat' dir='ltr'><strong>obibant,</strong></span> <span class='ocrx_word' id='word_1_573' title='bbox 1733 4516 1977 4584; x_wconf 86' lang='lat' dir='ltr'><strong>magistri</strong></span> 
     </span>
    </p>
   </div>
   <div class='ocr_carea' id='block_1_82' title="bbox 2087 3409 3647 3487">
    <p class='ocr_par' dir='ltr' id='par_1_82' title="bbox 2087 3409 3647 3487">
     <span class='ocr_line' id='line_1_82' title="bbox 2087 3409 3647 3487; baseline -0.004 -20"><span class='ocrx_word' id='word_1_574' title='bbox 2087 3414 2476 3487; x_wconf 62' lang='grc' dir='ltr'>Ἑλλήνων»κώ</span> <span class='ocrx_word' id='word_1_575' title='bbox 2526 3413 2831 3486; x_wconf 81' lang='grc' dir='ltr'>Ῥωμαίων,</span> <span class='ocrx_word' id='word_1_576' title='bbox 2860 3411 3170 3480; x_wconf 84' lang='grc' dir='ltr'>Αἰγυπτίων</span> <span class='ocrx_word' id='word_1_577' title='bbox 3207 3428 3268 3464; x_wconf 90' lang='grc' dir='ltr'><strong>τε</strong></span> <span class='ocrx_word' id='word_1_578' title='bbox 3301 3412 3396 3463; x_wconf 75' lang='grc' dir='ltr'>καὶ</span> <span class='ocrx_word' id='word_1_579' title='bbox 3420 3409 3647 3481; x_wconf 86' lang='grc' dir='ltr'>Περσῶν</span> 
     </span>
    </p>
   </div>
   <div class='ocr_carea' id='block_1_83' title="bbox 2077 3501 3651 3579">
    <p class='ocr_par' dir='ltr' id='par_1_83' title="bbox 2077 3501 3651 3579">
     <span class='ocr_line' id='line_1_83' title="bbox 2077 3501 3651 3579; baseline -0.004 -20"><span class='ocrx_word' id='word_1_580' title='bbox 2077 3506 2169 3559; x_wconf 74' lang='grc' dir='ltr'>καὶ</span> <span class='ocrx_word' id='word_1_581' title='bbox 2211 3506 2320 3560; x_wconf 88' lang='grc' dir='ltr'><strong>τῶν</strong></span> <span class='ocrx_word' id='word_1_582' title='bbox 2353 3505 2555 3559; x_wconf 87' lang='grc' dir='ltr'>λοιπῶν</span> <span class='ocrx_word' id='word_1_583' title='bbox 2584 3505 2872 3579; x_wconf 79' lang='grc' dir='ltr'>βαρὸάρων</span> <span class='ocrx_word' id='word_1_584' title='bbox 2904 3502 3072 3558; x_wconf 82' lang='grc' dir='ltr'>ἐθνῶν</span> <span class='ocrx_word' id='word_1_585' title='bbox 3115 3501 3468 3566; x_wconf 70' lang='grc' dir='ltr'>καταστῆναι,</span> <span class='ocrx_word' id='word_1_586' title='bbox 3501 3505 3651 3554; x_wconf 87' lang='grc' dir='ltr'>άντι-</span> 
     </span>
    </p>
   </div>
   <div class='ocr_carea' id='block_1_84' title="bbox 2076 3595 3648 3669">
    <p class='ocr_par' dir='ltr' id='par_1_84' title="bbox 2076 3595 3648 3669">
     <span class='ocr_line' id='line_1_84' title="bbox 2076 3595 3648 3669; baseline -0.003 -17"><span class='ocrx_word' id='word_1_587' title='bbox 2076 3598 2433 3669; x_wconf 83' lang='grc' dir='ltr'>νομοθετῆσαι</span> <span class='ocrx_word' id='word_1_588' title='bbox 2473 3615 2534 3651; x_wconf 91' lang='grc' dir='ltr'><strong>τε</strong></span> <span class='ocrx_word' id='word_1_589' title='bbox 2578 3601 2692 3662; x_wconf 86' lang='grc' dir='ltr'>τοῖς</span> <span class='ocrx_word' id='word_1_590' title='bbox 2724 3596 3036 3667; x_wconf 85' lang='grc' dir='ltr'>ἁπανταχοῦ</span> <span class='ocrx_word' id='word_1_591' title='bbox 3082 3596 3189 3666; x_wconf 84' lang='grc' dir='ltr'>γῆς</span> <span class='ocrx_word' id='word_1_592' title='bbox 3229 3595 3548 3666; x_wconf 84' lang='grc' dir='ltr'>νομοθέταις</span> <span class='ocrx_word' id='word_1_593' title='bbox 3591 3613 3648 3648; x_wconf 85' lang='grc' dir='ltr'><strong>τε</strong></span> 
     </span>
    </p>
   </div>
   <div class='ocr_carea' id='block_1_85' title="bbox 2077 3686 3651 3760">
    <p class='ocr_par' dir='ltr' id='par_1_85' title="bbox 2077 3686 3651 3760">
     <span class='ocr_line' id='line_1_85' title="bbox 2077 3686 3651 3760; baseline -0.004 -16"><span class='ocrx_word' id='word_1_594' title='bbox 2077 3691 2170 3745; x_wconf 76' lang='grc' dir='ltr'>καὶ</span> <span class='ocrx_word' id='word_1_595' title='bbox 2205 3689 2502 3760; x_wconf 85' lang='grc' dir='ltr'>βασιλεῦσι,</span> <span class='ocrx_word' id='word_1_596' title='bbox 2537 3690 2799 3744; x_wconf 89' lang='grc' dir='ltr'>τάναντία</span> <span class='ocrx_word' id='word_1_597' title='bbox 2830 3692 2942 3752; x_wconf 86' lang='grc' dir='ltr'>τοῖς</span> <span class='ocrx_word' id='word_1_598' title='bbox 2966 3690 3092 3760; x_wconf 81' lang='grc' dir='ltr'>περὶ</span> <span class='ocrx_word' id='word_1_599' title='bbox 3116 3687 3223 3741; x_wconf 84' lang='grc' dir='ltr'><strong>τῶν</strong></span> <span class='ocrx_word' id='word_1_600' title='bbox 3253 3686 3482 3759; x_wconf 82' lang='grc' dir='ltr'>πρώτων</span> <span class='ocrx_word' id='word_1_601' title='bbox 3510 3686 3651 3739; x_wconf 89' lang='grc' dir='ltr'>θεῶν</span> 
     </span>
    </p>
   </div>
   <div class='ocr_carea' id='block_1_86' title="bbox 2077 3775 3653 3850">
    <p class='ocr_par' dir='ltr' id='par_1_86' title="bbox 2077 3775 3653 3850">
     <span class='ocr_line' id='line_1_86' title="bbox 2077 3775 3653 3850; baseline -0.005 -14"><span class='ocrx_word' id='word_1_602' title='bbox 2077 3785 2141 3836; x_wconf 85' lang='grc' dir='ltr'><strong>ἐκ</strong></span> <span class='ocrx_word' id='word_1_603' title='bbox 2181 3781 2274 3836; x_wconf 92' lang='grc' dir='ltr'><strong>τοῦ</strong></span> <span class='ocrx_word' id='word_1_604' title='bbox 2315 3783 2517 3845; x_wconf 84' lang='grc' dir='ltr'>παντὸς</span> <span class='ocrx_word' id='word_1_605' title='bbox 2561 3781 2755 3845; x_wconf 86' lang='grc' dir='ltr'>αἰῶνος</span> <span class='ocrx_word' id='word_1_606' title='bbox 2801 3777 3160 3850; x_wconf 87' lang='grc' dir='ltr'>δεδογμένοις.</span> <span class='ocrx_word' id='word_1_607' title='bbox 3205 3778 3346 3830; x_wconf 84' lang='grc' dir='ltr'>Ἀλλ’</span> <span class='ocrx_word' id='word_1_608' title='bbox 3378 3778 3480 3830; x_wconf 86' lang='grc' dir='ltr'>οὐκ</span> <span class='ocrx_word' id='word_1_609' title='bbox 3523 3775 3653 3844; x_wconf 78' lang='grc' dir='ltr'>ἐξῆν</span> 
     </span>
    </p>
   </div>
   <div class='ocr_carea' id='block_1_87' title="bbox 2076 3869 3652 3942">
    <p class='ocr_par' dir='ltr' id='par_1_87' title="bbox 2076 3869 3652 3942">
     <span class='ocr_line' id='line_1_87' title="bbox 2076 3869 3652 3942; baseline -0.004 -14"><span class='ocrx_word' id='word_1_610' title='bbox 2076 3875 2258 3938; x_wconf 82' lang='grc' dir='ltr'>αὐτοῖς</span> <span class='ocrx_word' id='word_1_611' title='bbox 2280 3873 2455 3928; x_wconf 87' lang='grc' dir='ltr'>ταῦτα</span> <span class='ocrx_word' id='word_1_612' title='bbox 2485 3873 2829 3938; x_wconf 82' lang='grc' dir='ltr'>διανοεῖσθαι,</span> <span class='ocrx_word' id='word_1_613' title='bbox 2860 3871 3125 3926; x_wconf 86' lang='grc' dir='ltr'>ἀκούσασι</span> <span class='ocrx_word' id='word_1_614' title='bbox 3162 3872 3260 3942; x_wconf 87' lang='grc' dir='ltr'><strong>μέν</strong></span> <span class='ocrx_word' id='word_1_615' title='bbox 3294 3870 3430 3924; x_wconf 80' lang='grc' dir='ltr'>Θεοῦ</span> <span class='ocrx_word' id='word_1_616' title='bbox 3467 3869 3652 3938; x_wconf 80' lang='grc' dir='ltr'>φωνῆς</span> 
     </span>
    </p>
   </div>
   <div class='ocr_carea' id='block_1_88' title="bbox 2077 3961 3653 4036">
    <p class='ocr_par' dir='ltr' id='par_1_88' title="bbox 2077 3961 3653 4036">
     <span class='ocr_line' id='line_1_88' title="bbox 2077 3961 3653 4036; baseline -0.005 -17"><span class='ocrx_word' id='word_1_617' title='bbox 2077 3965 2341 4036; x_wconf 83' lang='grc' dir='ltr'>λεγούσης</span> <span class='ocrx_word' id='word_1_618' title='bbox 2365 3966 2568 4029; x_wconf 84' lang='grc' dir='ltr'>αὐτοῖς,</span> <span class='ocrx_word' id='word_1_619' title='bbox 2605 3964 2757 4020; x_wconf 83' lang='grc' dir='ltr'><strong>ἰδοὺ</strong></span> <span class='ocrx_word' id='word_1_620' title='bbox 2794 3963 2908 4034; x_wconf 70' lang='grc' dir='ltr'>ἐγὼ</span> <span class='ocrx_word' id='word_1_621' title='bbox 2952 3966 3078 4034; x_wconf 77' lang='grc' dir='ltr'>μεθ’</span> <span class='ocrx_word' id='word_1_622' title='bbox 3116 3962 3284 4032; x_wconf 79' lang='grc' dir='ltr'>ὑμῶν</span> <span class='ocrx_word' id='word_1_623' title='bbox 3305 3965 3456 4031; x_wconf 84' lang='grc' dir='ltr'>εἰμι,</span> <span class='ocrx_word' id='word_1_624' title='bbox 3480 3961 3653 4032; x_wconf 80' lang='grc' dir='ltr'>ὁρῶσι</span> 
     </span>
    </p>
   </div>
   <div class='ocr_carea' id='block_1_89' title="bbox 2076 4054 3656 4128">
    <p class='ocr_par' dir='ltr' id='par_1_89' title="bbox 2076 4054 3656 4128">
     <span class='ocr_line' id='line_1_89' title="bbox 2076 4054 3656 4128; baseline -0.006 -16"><span class='ocrx_word' id='word_1_625' title='bbox 2076 4058 2134 4112; x_wconf 84' lang='grc' dir='ltr'>δὲ</span> <span class='ocrx_word' id='word_1_626' title='bbox 2168 4058 2374 4128; x_wconf 89' lang='grc' dir='ltr'>ἐναργῆ</span> <span class='ocrx_word' id='word_1_627' title='bbox 2407 4057 2504 4128; x_wconf 84' lang='grc' dir='ltr'>τὴν</span> <span class='ocrx_word' id='word_1_628' title='bbox 2535 4056 2628 4109; x_wconf 88' lang='grc' dir='ltr'><strong>τοῦ</strong></span> <span class='ocrx_word' id='word_1_629' title='bbox 2660 4056 2947 4120; x_wconf 86' lang='grc' dir='ltr'>λαλοῦντος</span> <span class='ocrx_word' id='word_1_630' title='bbox 2973 4055 3199 4124; x_wconf 83' lang='grc' dir='ltr'>θεότητα</span> <span class='ocrx_word' id='word_1_631' title='bbox 3241 4054 3522 4124; x_wconf 84' lang='grc' dir='ltr'>κρείττονα</span> <span class='ocrx_word' id='word_1_632' title='bbox 3559 4055 3656 4104; x_wconf 85' lang='grc' dir='ltr'>θα-</span> 
     </span>
    </p>
   </div>
   <div class='ocr_carea' id='block_1_90' title="bbox 2078 4143 3654 4219">
    <p class='ocr_par' dir='ltr' id='par_1_90' title="bbox 2078 4143 3654 4219">
     <span class='ocr_line' id='line_1_90' title="bbox 2078 4143 3654 4219; baseline -0.006 -14"><span class='ocrx_word' id='word_1_633' title='bbox 2078 4151 2240 4205; x_wconf 87' lang='grc' dir='ltr'>νάτου</span> <span class='ocrx_word' id='word_1_634' title='bbox 2275 4151 2566 4219; x_wconf 85' lang='grc' dir='ltr'>φανθεῖσαν</span> <span class='ocrx_word' id='word_1_635' title='bbox 2585 4167 2597 4180; x_wconf 82' lang='grc'><em>’</em></span> <span class='ocrx_word' id='word_1_636' title='bbox 2639 4149 2720 4202; x_wconf 86' lang='grc' dir='ltr'>διὸ</span> <span class='ocrx_word' id='word_1_637' title='bbox 2752 4150 2846 4202; x_wconf 72' lang='grc' dir='ltr'><strong>καί</strong></span> <span class='ocrx_word' id='word_1_638' title='bbox 2867 4148 2982 4211; x_wconf 85' lang='grc' dir='ltr'>δέος</span> <span class='ocrx_word' id='word_1_639' title='bbox 3027 4149 3210 4210; x_wconf 75' lang='grc' dir='ltr'>αὐτοῖς</span> <span class='ocrx_word' id='word_1_640' title='bbox 3242 4146 3340 4215; x_wconf 82' lang='grc' dir='ltr'>τῆς</span> <span class='ocrx_word' id='word_1_641' title='bbox 3368 4143 3654 4214; x_wconf 82' lang='grc' dir='ltr'>παρακοῆς</span> 
     </span>
    </p>
   </div>
   <div class='ocr_carea' id='block_1_91' title="bbox 2077 4236 3656 4312">
    <p class='ocr_par' dir='ltr' id='par_1_91' title="bbox 2077 4236 3656 4312">
     <span class='ocr_line' id='line_1_91' title="bbox 2077 4236 3656 4312; baseline -0.004 -17"><span class='ocrx_word' id='word_1_642' title='bbox 2077 4242 2249 4312; x_wconf 79' lang='grc' dir='ltr'>εἰσῄει</span> <span class='ocrx_word' id='word_1_643' title='bbox 2275 4241 2409 4311; x_wconf 68' lang='grc'><strong>(54).</strong></span> <span class='ocrx_word' id='word_1_644' title='bbox 2439 4241 2631 4293; x_wconf 88' lang='grc' dir='ltr'>Ἔνθεν</span> <span class='ocrx_word' id='word_1_645' title='bbox 2653 4241 2818 4311; x_wconf 84' lang='grc' dir='ltr'>ὁμόσε</span> <span class='ocrx_word' id='word_1_646' title='bbox 2838 4242 2950 4304; x_wconf 82' lang='grc' dir='ltr'>τοῖς</span> <span class='ocrx_word' id='word_1_647' title='bbox 2979 4238 3240 4302; x_wconf 85' lang='grc' dir='ltr'>κινδύνοις</span> <span class='ocrx_word' id='word_1_648' title='bbox 3273 4236 3533 4308; x_wconf 87' lang='grc' dir='ltr'>ἐχώρουν,</span> <span class='ocrx_word' id='word_1_649' title='bbox 3555 4237 3656 4307; x_wconf 84' lang='grc' dir='ltr'>τῆς</span> 
     </span>
    </p>
   </div>
   <div class='ocr_carea' id='block_1_92' title="bbox 2081 4328 3658 4406">
    <p class='ocr_par' dir='ltr' id='par_1_92' title="bbox 2081 4328 3658 4406">
     <span class='ocr_line' id='line_1_92' title="bbox 2081 4328 3658 4406; baseline -0.003 -19"><span class='ocrx_word' id='word_1_650' title='bbox 2081 4335 2221 4406; x_wconf 82' lang='grc' dir='ltr'>μετὰ</span> <span class='ocrx_word' id='word_1_651' title='bbox 2243 4333 2471 4387; x_wconf 89' lang='grc' dir='ltr'>θάνατον</span> <span class='ocrx_word' id='word_1_652' title='bbox 2501 4333 2645 4403; x_wconf 81' lang='grc' dir='ltr'>ζωῆς</span> <span class='ocrx_word' id='word_1_653' title='bbox 2672 4332 2822 4405; x_wconf 87' lang='grc' dir='ltr'><strong>παρά</strong></span> <span class='ocrx_word' id='word_1_654' title='bbox 2843 4332 2938 4385; x_wconf 86' lang='grc' dir='ltr'><strong>τοῦ</strong></span> <span class='ocrx_word' id='word_1_655' title='bbox 2963 4330 3281 4385; x_wconf 87' lang='grc' dir='ltr'>διδασκάλου</span> <span class='ocrx_word' id='word_1_656' title='bbox 3303 4329 3559 4391; x_wconf 68' lang='grc' dir='ltr'>λαϐόντες</span> <span class='ocrx_word' id='word_1_657' title='bbox 3588 4328 3658 4382; x_wconf 85' lang='grc' dir='ltr'><strong>τὰ</strong></span> 
     </span>
    </p>
   </div>
   <div class='ocr_carea' id='block_1_93' title="bbox 2081 4419 3654 4495">
    <p class='ocr_par' dir='ltr' id='par_1_93' title="bbox 2081 4419 3654 4495">
     <span class='ocr_line' id='line_1_93' title="bbox 2081 4419 3654 4495; baseline -0.005 -17"><span class='ocrx_word' id='word_1_658' title='bbox 2081 4424 2350 4495; x_wconf 78' lang='grc' dir='ltr'>ἐχέγγυα·</span> <span class='ocrx_word' id='word_1_659' title='bbox 2383 4423 2653 4492; x_wconf 79' lang='grc' dir='ltr'>προῆλθόν</span> <span class='ocrx_word' id='word_1_660' title='bbox 2681 4441 2741 4476; x_wconf 90' lang='grc' dir='ltr'><strong>τε</strong></span> <span class='ocrx_word' id='word_1_661' title='bbox 2777 4421 3055 4495; x_wconf 82' lang='grc' dir='ltr'>εὐθαρσῶς</span> <span class='ocrx_word' id='word_1_662' title='bbox 3084 4423 3174 4474; x_wconf 80' lang='grc' dir='ltr'>ἐπὶ</span> <span class='ocrx_word' id='word_1_663' title='bbox 3209 4419 3308 4492; x_wconf 83' lang='grc' dir='ltr'>τὴν</span> <span class='ocrx_word' id='word_1_664' title='bbox 3341 4419 3450 4473; x_wconf 89' lang='grc' dir='ltr'><strong>τῶν</strong></span> <span class='ocrx_word' id='word_1_665' title='bbox 3478 4419 3654 4472; x_wconf 86' lang='grc' dir='ltr'>ἁπάν-</span> 
     </span>
    </p>
   </div>
   <div class='ocr_carea' id='block_1_94' title="bbox 2077 4509 3660 4586">
    <p class='ocr_par' dir='ltr' id='par_1_94' title="bbox 2077 4509 3660 4586">
     <span class='ocr_line' id='line_1_94' title="bbox 2077 4509 3660 4586; baseline -0.005 -17"><span class='ocrx_word' id='word_1_666' title='bbox 2077 4533 2186 4569; x_wconf 93' lang='grc' dir='ltr'><strong>των</strong></span> <span class='ocrx_word' id='word_1_667' title='bbox 2221 4514 2389 4569; x_wconf 86' lang='grc' dir='ltr'>ἐθνῶν</span> <span class='ocrx_word' id='word_1_668' title='bbox 2429 4514 2695 4586; x_wconf 88' lang='grc' dir='ltr'>περίοδον,</span> <span class='ocrx_word' id='word_1_669' title='bbox 2727 4513 2821 4567; x_wconf 90' lang='grc' dir='ltr'><strong>τοῦ</strong></span> <span class='ocrx_word' id='word_1_670' title='bbox 2861 4530 3012 4582; x_wconf 85' lang='grc' dir='ltr'>σφων</span> <span class='ocrx_word' id='word_1_671' title='bbox 3050 4511 3365 4565; x_wconf 85' lang='grc' dir='ltr'>διδασκάλου</span> <span class='ocrx_word' id='word_1_672' title='bbox 3396 4509 3496 4573; x_wconf 81' lang='grc' dir='ltr'>τὰς</span> <span class='ocrx_word' id='word_1_673' title='bbox 3526 4511 3660 4562; x_wconf 85' lang='grc' dir='ltr'>ὑπο-</span> 
     </span>
    </p>
   </div>
   <div class='ocr_carea' id='block_1_95' title="bbox 415 4598 1969 4704">
    <p class='ocr_par' dir='ltr' id='par_1_95' title="bbox 415 4606 1969 4677">
     <span class='ocr_line' id='line_1_95' title="bbox 415 4606 1969 4677; baseline 0.001 -17"><span class='ocrx_word' id='word_1_674' title='bbox 415 4606 496 4660; x_wconf 89' lang='lat' dir='ltr'><strong>sui</strong></span> <span class='ocrx_word' id='word_1_675' title='bbox 543 4607 930 4675; x_wconf 86' lang='lat' dir='ltr'><strong>promissioues</strong></span> <span class='ocrx_word' id='word_1_676' title='bbox 971 4622 1136 4677; x_wconf 89' lang='lat' dir='ltr'><strong>opere</strong></span> <span class='ocrx_word' id='word_1_677' title='bbox 1176 4607 1563 4662; x_wconf 81' lang='lat' dir='ltr'><strong>coniirmantes</strong></span> <span class='ocrx_word' id='word_1_678' title='bbox 1595 4606 1707 4676; x_wconf 79' lang='lat'>(55)</span> <span class='ocrx_word' id='word_1_679' title='bbox 1740 4624 1753 4660; x_wconf 90' lang='lat'><strong>:</strong></span> <span class='ocrx_word' id='word_1_680' title='bbox 1783 4607 1969 4675; x_wconf 80' lang='lat' dir='ltr'><strong>quibus</strong></span> 
     </span>
    </p>
   </div>
   <div class='ocr_carea' id='block_1_96' title="bbox 2077 4598 3657 4704">
    <p class='ocr_par' dir='ltr' id='par_1_96' title="bbox 2086 4598 3657 4678">
     <span class='ocr_line' id='line_1_96' title="bbox 2086 4598 3657 4678; baseline -0.004 -19"><span class='ocrx_word' id='word_1_681' title='bbox 2086 4607 2298 4678; x_wconf 83' lang='grc' dir='ltr'>σχέσεις</span> <span class='ocrx_word' id='word_1_682' title='bbox 2337 4606 2516 4678; x_wconf 74' lang='grc' dir='ltr'>ἔργοις</span> <span class='ocrx_word' id='word_1_683' title='bbox 2556 4605 2934 4676; x_wconf 87' lang='grc' dir='ltr'>πιστούμενοι·</span> <span class='ocrx_word' id='word_1_684' title='bbox 2971 4598 3050 4668; x_wconf 71' lang='grc' dir='ltr'><strong>οἷς</strong></span> <span class='ocrx_word' id='word_1_685' title='bbox 3083 4604 3175 4656; x_wconf 79' lang='grc' dir='ltr'>καὶ</span> <span class='ocrx_word' id='word_1_686' title='bbox 3198 4603 3334 4673; x_wconf 76' lang='grc' dir='ltr'>ἔφη·</span> <span class='ocrx_word' id='word_1_687' title='bbox 3373 4603 3562 4672; x_wconf 83' lang='grc' dir='ltr'>Ὑμεῖς</span> <span class='ocrx_word' id='word_1_688' title='bbox 3598 4601 3657 4653; x_wconf 82' lang='grc' dir='ltr'><strong>δέ</strong></span> 
     </span>
    </p>
   </div>
   <div class='ocr_carea' id='block_1_97' title="bbox 413 4697 1982 4762">
    <p class='ocr_par' dir='ltr' id='par_1_97' title="bbox 413 4697 1982 4762">
     <span class='ocr_line' id='line_1_97' title="bbox 413 4697 1982 4762; baseline 0.001 -10"><span class='ocrx_word' id='word_1_689' title='bbox 413 4699 576 4752; x_wconf 87' lang='lat' dir='ltr'><strong>etiam</strong></span> <span class='ocrx_word' id='word_1_690' title='bbox 599 4700 845 4752; x_wconf 86' lang='lat' dir='ltr'><strong>dixerat:</strong></span> <span class='ocrx_word' id='word_1_691' title='bbox 879 4697 987 4754; x_wconf 77' lang='lat' dir='ltr'><strong>Vos</strong></span> <span class='ocrx_word' id='word_1_692' title='bbox 1021 4699 1150 4753; x_wconf 83' lang='lat' dir='ltr'><strong>estis</strong></span> <span class='ocrx_word' id='word_1_693' title='bbox 1183 4699 1372 4752; x_wconf 86' lang='lat' dir='ltr'><strong>horum</strong></span> <span class='ocrx_word' id='word_1_694' title='bbox 1400 4709 1585 4762; x_wconf 88' lang='lat' dir='ltr'><strong>testes,</strong></span> <span class='ocrx_word' id='word_1_695' title='bbox 1621 4700 1809 4754; x_wconf 88' lang='lat' dir='ltr'><strong>mortis</strong></span> <span class='ocrx_word' id='word_1_696' title='bbox 1835 4700 1982 4753; x_wconf 86' lang='lat' dir='ltr'><strong>vide-</strong></span> 
     </span>
    </p>
   </div>
   <div class='ocr_carea' id='block_1_98' title="bbox 416 4788 1090 4844">
    <p class='ocr_par' dir='ltr' id='par_1_98' title="bbox 416 4788 1090 4844">
     <span class='ocr_line' id='line_1_98' title="bbox 416 4788 1090 4844; baseline -0.001 -2"><span class='ocrx_word' id='word_1_697' title='bbox 416 4788 543 4844; x_wconf 89' lang='lat' dir='ltr'><strong>licet</strong></span> <span class='ocrx_word' id='word_1_698' title='bbox 567 4805 630 4842; x_wconf 91' lang='lat' dir='ltr'><strong>ac</strong></span> <span class='ocrx_word' id='word_1_699' title='bbox 656 4791 1090 4844; x_wconf 88' lang='lat' dir='ltr'><strong>resurrectionis.</strong></span> 
     </span>
    </p>
   </div>
   <div class='ocr_carea' id='block_1_99' title="bbox 486 4881 1984 4952">
    <p class='ocr_par' dir='ltr' id='par_1_99' title="bbox 486 4881 1984 4952">
     <span class='ocr_line' id='line_1_99' title="bbox 486 4881 1984 4952; baseline 0 -14"><span class='ocrx_word' id='word_1_700' title='bbox 486 4884 540 4938; x_wconf 78' lang='lat'><strong>3.</strong></span> <span class='ocrx_word' id='word_1_701' title='bbox 571 4882 703 4937; x_wconf 88' lang='lat' dir='ltr'><strong>Cum</strong></span> <span class='ocrx_word' id='word_1_702' title='bbox 732 4898 862 4952; x_wconf 90' lang='lat' dir='ltr'><strong>ergo</strong></span> <span class='ocrx_word' id='word_1_703' title='bbox 899 4882 1068 4936; x_wconf 91' lang='lat' dir='ltr'><strong>semel</strong></span> <span class='ocrx_word' id='word_1_704' title='bbox 1121 4881 1453 4936; x_wconf 86' lang='lat' dir='ltr'><strong>declarasset</strong></span> <span class='ocrx_word' id='word_1_705' title='bbox 1497 4891 1747 4951; x_wconf 90' lang='lat' dir='ltr'><strong>oportere</strong></span> <span class='ocrx_word' id='word_1_706' title='bbox 1794 4881 1847 4935; x_wconf 90' lang='lat' dir='ltr'><strong>in</strong></span> <span class='ocrx_word' id='word_1_707' title='bbox 1884 4899 1984 4938; x_wconf 92' lang='lat' dir='ltr'><strong>no-</strong></span> 
     </span>
    </p>
   </div>
   <div class='ocr_carea' id='block_1_100' title="bbox 417 4975 1988 5044">
    <p class='ocr_par' dir='ltr' id='par_1_100' title="bbox 417 4975 1988 5044">
     <span class='ocr_line' id='line_1_100' title="bbox 417 4975 1988 5044; baseline 0 -16"><span class='ocrx_word' id='word_1_708' title='bbox 417 4977 564 5029; x_wconf 89' lang='lat' dir='ltr'><strong>mine</strong></span> <span class='ocrx_word' id='word_1_709' title='bbox 593 4975 711 5043; x_wconf 88' lang='lat' dir='ltr'><strong>ejus</strong></span> <span class='ocrx_word' id='word_1_710' title='bbox 751 4975 1030 5043; x_wconf 67' lang='lat' dir='ltr'><strong>praedicari</strong></span> <span class='ocrx_word' id='word_1_711' title='bbox 1073 4976 1447 5044; x_wconf 79' lang='lat' dir='ltr'><strong>paenitentiam</strong></span> <span class='ocrx_word' id='word_1_712' title='bbox 1480 4980 1532 5030; x_wconf 87' lang='lat' dir='ltr'><strong>in</strong></span> <span class='ocrx_word' id='word_1_713' title='bbox 1565 4976 1774 5030; x_wconf 84' lang='lat' dir='ltr'><strong>cunctis</strong></span> <span class='ocrx_word' id='word_1_714' title='bbox 1811 4976 1988 5044; x_wconf 90' lang='lat' dir='ltr'><strong>genti-</strong></span> 
     </span>
    </p>
   </div>
   <div class='ocr_carea' id='block_1_101' title="bbox 417 5065 1983 5134">
    <p class='ocr_par' dir='ltr' id='par_1_101' title="bbox 417 5065 1983 5134">
     <span class='ocr_line' id='line_1_101' title="bbox 417 5065 1983 5134; baseline -0.001 -12"><span class='ocrx_word' id='word_1_715' title='bbox 417 5069 551 5132; x_wconf 86' lang='lat' dir='ltr'><strong>bus;</strong></span> <span class='ocrx_word' id='word_1_716' title='bbox 595 5067 694 5121; x_wconf 89' lang='lat' dir='ltr'><strong>nisi</strong></span> <span class='ocrx_word' id='word_1_717' title='bbox 719 5066 857 5120; x_wconf 84' lang='lat' dir='ltr'><strong>facta</strong></span> <span class='ocrx_word' id='word_1_718' title='bbox 890 5065 1068 5120; x_wconf 89' lang='lat' dir='ltr'><strong>verbis</strong></span> <span class='ocrx_word' id='word_1_719' title='bbox 1101 5076 1281 5134; x_wconf 87' lang='lat' dir='ltr'><strong>postea</strong></span> <span class='ocrx_word' id='word_1_720' title='bbox 1304 5068 1721 5132; x_wconf 83' lang='lat' dir='ltr'><strong>consensissent,</strong></span> <span class='ocrx_word' id='word_1_721' title='bbox 1748 5082 1813 5120; x_wconf 93' lang='lat' dir='ltr'><strong>ne</strong></span> <span class='ocrx_word' id='word_1_722' title='bbox 1837 5067 1983 5120; x_wconf 86' lang='lat' dir='ltr'><strong>illum</strong></span> 
     </span>
    </p>
   </div>
   <div class='ocr_carea' id='block_1_102' title="bbox 418 5159 1986 5230">
    <p class='ocr_par' dir='ltr' id='par_1_102' title="bbox 418 5159 1986 5230">
     <span class='ocr_line' id='line_1_102' title="bbox 418 5159 1986 5230; baseline -0.002 -14"><span class='ocrx_word' id='word_1_723' title='bbox 418 5162 637 5230; x_wconf 88' lang='lat' dir='ltr'><strong>quidem</strong></span> <span class='ocrx_word' id='word_1_724' title='bbox 663 5177 694 5214; x_wconf 93' lang='lat' dir='ltr'><strong>a</strong></span> <span class='ocrx_word' id='word_1_725' title='bbox 719 5161 946 5214; x_wconf 90' lang='lat' dir='ltr'><strong>mortuis</strong></span> <span class='ocrx_word' id='word_1_726' title='bbox 971 5160 1235 5214; x_wconf 86' lang='lat' dir='ltr'><strong>revixisse</strong></span> <span class='ocrx_word' id='word_1_727' title='bbox 1258 5161 1626 5214; x_wconf 89' lang='lat' dir='ltr'><strong>crederemus.</strong></span> <span class='ocrx_word' id='word_1_728' title='bbox 1676 5159 1771 5214; x_wconf 84' lang='lat' dir='ltr'><strong>Siti</strong></span> <span class='ocrx_word' id='word_1_729' title='bbox 1808 5161 1986 5229; x_wconf 89' lang='lat' dir='ltr'><strong>potius</strong></span> 
     </span>
    </p>
   </div>
   <div class='ocr_carea' id='block_1_103' title="bbox 422 5250 1984 5323">
    <p class='ocr_par' dir='ltr' id='par_1_103' title="bbox 422 5250 1984 5323">
     <span class='ocr_line' id='line_1_103' title="bbox 422 5250 1984 5323; baseline -0.004 -17"><span class='ocrx_word' id='word_1_730' title='bbox 422 5253 490 5307; x_wconf 89' lang='lat' dir='ltr'><strong>ad</strong></span> <span class='ocrx_word' id='word_1_731' title='bbox 520 5254 658 5308; x_wconf 87' lang='lat' dir='ltr'><strong>banc</strong></span> <span class='ocrx_word' id='word_1_732' title='bbox 693 5267 862 5323; x_wconf 88' lang='lat' dir='ltr'><strong>usque</strong></span> <span class='ocrx_word' id='word_1_733' title='bbox 893 5252 1033 5306; x_wconf 89' lang='lat' dir='ltr'><strong>diem</strong></span> <span class='ocrx_word' id='word_1_734' title='bbox 1059 5262 1272 5306; x_wconf 87' lang='lat' dir='ltr'><strong>etnunc</strong></span> <span class='ocrx_word' id='word_1_735' title='bbox 1296 5253 1457 5306; x_wconf 81' lang='lat' dir='ltr'><strong>etiam</strong></span> <span class='ocrx_word' id='word_1_736' title='bbox 1483 5251 1761 5319; x_wconf 68' lang='lat' dir='ltr'><strong>prtedictio</strong></span> <span class='ocrx_word' id='word_1_737' title='bbox 1791 5250 1842 5304; x_wconf 92' lang='lat' dir='ltr'><strong>in</strong></span> <span class='ocrx_word' id='word_1_738' title='bbox 1873 5265 1984 5303; x_wconf 87' lang='lat' dir='ltr'><strong>rem</strong></span> 
     </span>
    </p>
   </div>
   <div class='ocr_carea' id='block_1_104' title="bbox 497 5423 1991 5494">
    <p class='ocr_par' dir='ltr' id='par_1_104' title="bbox 497 5423 1991 5494">
     <span class='ocr_line' id='line_1_104' title="bbox 497 5423 1991 5494; baseline 0.001 -19"><span class='ocrx_word' id='word_1_739' title='bbox 497 5425 608 5494; x_wconf 72' lang='lat' dir='ltr'><strong>(F55)</strong></span> <span class='ocrx_word' id='word_1_740' title='bbox 633 5424 802 5479; x_wconf 85' lang='lat' dir='ltr'><strong>Aliter</strong></span> <span class='ocrx_word' id='word_1_741' title='bbox 824 5425 911 5479; x_wconf 90' lang='lat' dir='ltr'><strong>hic</strong></span> <span class='ocrx_word' id='word_1_742' title='bbox 929 5423 1274 5494; x_wconf 83' lang='lat' dir='ltr'><strong>interpungit,</strong></span> <span class='ocrx_word' id='word_1_743' title='bbox 1300 5432 1800 5492; x_wconf 90' lang='lat' dir='ltr'><strong>cousequeuterque</strong></span> <span class='ocrx_word' id='word_1_744' title='bbox 1825 5425 1991 5478; x_wconf 86' lang='lat' dir='ltr'><strong>inter-</strong></span> 
     </span>
    </p>
   </div>
   <div class='ocr_carea' id='block_1_105' title="bbox 422 5495 1109 5568">
    <p class='ocr_par' dir='ltr' id='par_1_105' title="bbox 422 5495 1109 5568">
     <span class='ocr_line' id='line_1_105' title="bbox 422 5495 1109 5568; baseline -0.003 -20"><span class='ocrx_word' id='word_1_745' title='bbox 422 5506 666 5568; x_wconf 79' lang='lat' dir='ltr'><strong>pretatur</strong></span> <span class='ocrx_word' id='word_1_746' title='bbox 689 5497 865 5568; x_wconf 80' lang='lat' dir='ltr'><strong>editor</strong></span> <span class='ocrx_word' id='word_1_747' title='bbox 886 5495 1109 5568; x_wconf 53' lang='lat' dir='ltr'><strong>Anglus.</strong></span> 
     </span>
    </p>
   </div>
   <div class='ocr_carea' id='block_1_106' title="bbox 503 5561 1991 5631">
    <p class='ocr_par' dir='ltr' id='par_1_106' title="bbox 503 5561 1991 5631">
     <span class='ocr_line' id='line_1_106' title="bbox 503 5561 1991 5631; baseline -0.001 -15"><span class='ocrx_word' id='word_1_748' title='bbox 503 5563 614 5631; x_wconf 62' lang='lat' dir='ltr'><strong>(5b)</strong></span> <span class='ocrx_word' id='word_1_749' title='bbox 640 5565 764 5616; x_wconf 87' lang='lat' dir='ltr'><strong>Abit</strong></span> <span class='ocrx_word' id='word_1_750' title='bbox 789 5566 840 5617; x_wconf 92' lang='lat' dir='ltr'><strong>in</strong></span> <span class='ocrx_word' id='word_1_751' title='bbox 869 5561 1032 5618; x_wconf 81' lang='lat' dir='ltr'><strong>alium</strong></span> <span class='ocrx_word' id='word_1_752' title='bbox 1061 5580 1280 5631; x_wconf 85' lang='lat' dir='ltr'><strong>prorsus</strong></span> <span class='ocrx_word' id='word_1_753' title='bbox 1311 5578 1530 5616; x_wconf 84' lang='lat' dir='ltr'><strong>sensum</strong></span> <span class='ocrx_word' id='word_1_754' title='bbox 1564 5563 1780 5629; x_wconf 76' lang='lat' dir='ltr'><strong>Anglica</strong></span> <span class='ocrx_word' id='word_1_755' title='bbox 1807 5577 1870 5614; x_wconf 81' lang='lat' dir='ltr'><strong>ex</strong></span> <span class='ocrx_word' id='word_1_756' title='bbox 1897 5561 1991 5630; x_wconf 85' lang='lat' dir='ltr'><strong>Sy-</strong></span> 
     </span>
    </p>
   </div>
   <div class='ocr_carea' id='block_1_107' title="bbox 425 5632 1989 5701">
    <p class='ocr_par' dir='ltr' id='par_1_107' title="bbox 425 5632 1989 5701">
     <span class='ocr_line' id='line_1_107' title="bbox 425 5632 1989 5701; baseline -0.004 -12"><span class='ocrx_word' id='word_1_757' title='bbox 425 5636 576 5689; x_wconf 88' lang='lat' dir='ltr'><strong>riaco</strong></span> <span class='ocrx_word' id='word_1_758' title='bbox 633 5635 1005 5701; x_wconf 81' lang='lat' dir='ltr'><strong>interpretatio</strong></span> <span class='ocrx_word' id='word_1_759' title='bbox 1043 5651 1055 5686; x_wconf 91' lang='lat'><strong>:</strong></span> <span class='ocrx_word' id='word_1_760' title='bbox 1091 5633 1397 5700; x_wconf 80' lang='lat' dir='ltr'><strong>Respecting</strong></span> <span class='ocrx_word' id='word_1_761' title='bbox 1443 5633 1571 5684; x_wconf 83' lang='lat' dir='ltr'><strong>wich</strong></span> <span class='ocrx_word' id='word_1_762' title='bbox 1609 5632 1839 5684; x_wconf 82' lang='lat' dir='ltr'><strong>however</strong></span> <span class='ocrx_word' id='word_1_763' title='bbox 1872 5633 1989 5699; x_wconf 75' lang='lat' dir='ltr'><strong>they</strong></span> 
     </span>
    </p>
   </div>
   <div class='ocr_carea' id='block_1_108' title="bbox 427 5703 1986 5764">
    <p class='ocr_par' dir='ltr' id='par_1_108' title="bbox 427 5703 1986 5764">
     <span class='ocr_line' id='line_1_108' title="bbox 427 5703 1986 5764; baseline -0.003 -6"><span class='ocrx_word' id='word_1_764' title='bbox 427 5705 533 5758; x_wconf 74' lang='lat' dir='ltr'><strong>Itali</strong></span> <span class='ocrx_word' id='word_1_765' title='bbox 552 5705 874 5758; x_wconf 74' lang='lat' dir='ltr'><strong>entertained</strong></span> <span class='ocrx_word' id='word_1_766' title='bbox 903 5704 1033 5758; x_wconf 74' lang='lat' dir='ltr'><strong>fear.</strong></span> <span class='ocrx_word' id='word_1_767' title='bbox 1075 5703 1320 5764; x_wconf 54' lang='lat' dir='ltr'><strong>(Syriaco</strong></span> <span class='ocrx_word' id='word_1_768' title='bbox 1351 5712 1500 5756; x_wconf 76' lang='lat' dir='ltr'><strong>textu</strong></span> <span class='ocrx_word' id='word_1_769' title='bbox 1535 5716 1619 5754; x_wconf 88' lang='lat' dir='ltr'><strong>me</strong></span> <span class='ocrx_word' id='word_1_770' title='bbox 1647 5717 1835 5755; x_wconf 74' lang='lat' dir='ltr'><strong>carere</strong></span> <span class='ocrx_word' id='word_1_771' title='bbox 1882 5717 1986 5764; x_wconf 82' lang='lat' dir='ltr'><strong>non</strong></span> 
     </span>
    </p>
   </div>
   <div class='ocr_carea' id='block_1_109' title="bbox 2089 4691 3660 4770">
    <p class='ocr_par' dir='ltr' id='par_1_109' title="bbox 2089 4691 3660 4770">
     <span class='ocr_line' id='line_1_109' title="bbox 2089 4691 3660 4770; baseline -0.005 -18"><span class='ocrx_word' id='word_1_772' title='bbox 2089 4703 2213 4753; x_wconf 83' lang='grc' dir='ltr'>ἐστε</span> <span class='ocrx_word' id='word_1_773' title='bbox 2258 4699 2531 4770; x_wconf 86' lang='grc' dir='ltr'>μάρτυρες</span> <span class='ocrx_word' id='word_1_774' title='bbox 2575 4696 2798 4762; x_wconf 87' lang='grc' dir='ltr'>τούτων,</span> <span class='ocrx_word' id='word_1_775' title='bbox 2829 4695 2922 4748; x_wconf 88' lang='grc' dir='ltr'><strong>τοῦ</strong></span> <span class='ocrx_word' id='word_1_776' title='bbox 2945 4695 3173 4748; x_wconf 84' lang='grc' dir='ltr'>θανάτου</span> <span class='ocrx_word' id='word_1_777' title='bbox 3204 4693 3403 4764; x_wconf 84' lang='grc' dir='ltr'>δηλαδὴ</span> <span class='ocrx_word' id='word_1_778' title='bbox 3433 4693 3530 4746; x_wconf 72' lang='grc' dir='ltr'>καὶ</span> <span class='ocrx_word' id='word_1_779' title='bbox 3560 4691 3660 4762; x_wconf 79' lang='grc' dir='ltr'>τῆς</span> 
     </span>
    </p>
   </div>
   <div class='ocr_carea' id='block_1_110' title="bbox 2089 4793 2453 4854">
    <p class='ocr_par' dir='ltr' id='par_1_110' title="bbox 2089 4793 2453 4854">
     <span class='ocr_line' id='line_1_110' title="bbox 2089 4793 2453 4854; baseline -0.005 -10"><span class='ocrx_word' id='word_1_780' title='bbox 2089 4793 2453 4854; x_wconf 86' lang='grc' dir='ltr'>ἀναστάσεως.</span> 
     </span>
    </p>
   </div>
   <div class='ocr_carea' id='block_1_111' title="bbox 2161 4875 3660 4952">
    <p class='ocr_par' dir='ltr' id='par_1_111' title="bbox 2161 4875 3660 4952">
     <span class='ocr_line' id='line_1_111' title="bbox 2161 4875 3660 4952; baseline -0.007 -16"><span class='ocrx_word' id='word_1_781' title='bbox 2161 4881 2369 4952; x_wconf 83' lang='lat'>(55-56)</span> <span class='ocrx_word' id='word_1_782' title='bbox 2397 4889 2464 4950; x_wconf 90' lang='grc' dir='ltr'><strong>γ’.</strong></span> <span class='ocrx_word' id='word_1_783' title='bbox 2500 4881 2679 4946; x_wconf 75' lang='grc' dir='ltr'>Ἀπαξ</span> <span class='ocrx_word' id='word_1_784' title='bbox 2701 4877 2793 4934; x_wconf 82' lang='grc' dir='ltr'>οὖν</span> <span class='ocrx_word' id='word_1_785' title='bbox 2815 4879 3236 4950; x_wconf 84' lang='grc' dir='ltr'>ἀποφηναμένου</span> <span class='ocrx_word' id='word_1_786' title='bbox 3255 4879 3364 4931; x_wconf 86' lang='grc' dir='ltr'>δεῖν</span> <span class='ocrx_word' id='word_1_787' title='bbox 3381 4875 3660 4948; x_wconf 76' lang='grc' dir='ltr'>κηρυχθῆο</span> 
     </span>
    </p>
   </div>
   <div class='ocr_carea' id='block_1_112' title="bbox 2090 4968 3658 5042">
    <p class='ocr_par' dir='ltr' id='par_1_112' title="bbox 2090 4968 3658 5042">
     <span class='ocr_line' id='line_1_112' title="bbox 2090 4968 3658 5042; baseline -0.004 -16"><span class='ocrx_word' id='word_1_788' title='bbox 2090 4973 2182 5026; x_wconf 72' lang='grc' dir='ltr'>ἐπὶ</span> <span class='ocrx_word' id='word_1_789' title='bbox 2200 4973 2276 5042; x_wconf 83' lang='grc' dir='ltr'>τῷ</span> <span class='ocrx_word' id='word_1_790' title='bbox 2299 4973 2519 5042; x_wconf 86' lang='grc' dir='ltr'>ὀνόματι</span> <span class='ocrx_word' id='word_1_791' title='bbox 2539 4972 2700 5026; x_wconf 73' lang='grc' dir='ltr'>αὑτοῦ</span> <span class='ocrx_word' id='word_1_792' title='bbox 2723 4972 3007 5042; x_wconf 90' lang='grc' dir='ltr'>μετάνοιαν</span> <span class='ocrx_word' id='word_1_793' title='bbox 3033 4970 3126 5022; x_wconf 77' lang='grc' dir='ltr'>ἐπὶ</span> <span class='ocrx_word' id='word_1_794' title='bbox 3148 4970 3326 5023; x_wconf 84' lang='grc' dir='ltr'>πάντα</span> <span class='ocrx_word' id='word_1_795' title='bbox 3352 4968 3419 5020; x_wconf 83' lang='grc' dir='ltr'><strong>τά</strong></span> <span class='ocrx_word' id='word_1_796' title='bbox 3438 4968 3590 5038; x_wconf 82' lang='grc' dir='ltr'>ἔθνη,</span> <span class='ocrx_word' id='word_1_797' title='bbox 3609 4968 3658 5019; x_wconf 90' lang='grc' dir='ltr'><strong>εί</strong></span> 
     </span>
    </p>
   </div>
   <div class='ocr_carea' id='block_1_113' title="bbox 2089 5059 3656 5136">
    <p class='ocr_par' dir='ltr' id='par_1_113' title="bbox 2089 5059 3656 5136">
     <span class='ocr_line' id='line_1_113' title="bbox 2089 5059 3656 5136; baseline -0.004 -19"><span class='ocrx_word' id='word_1_798' title='bbox 2089 5083 2176 5117; x_wconf 91' lang='grc' dir='ltr'><strong>ναι</strong></span> <span class='ocrx_word' id='word_1_799' title='bbox 2195 5064 2268 5135; x_wconf 82' lang='grc' dir='ltr'>μὴ</span> <span class='ocrx_word' id='word_1_800' title='bbox 2283 5060 2508 5136; x_wconf 82' lang='grc' dir='ltr'>τοῦργον</span> <span class='ocrx_word' id='word_1_801' title='bbox 2538 5064 2937 5135; x_wconf 82' lang='grc' dir='ltr'>ἐπηκολούθηκε</span> <span class='ocrx_word' id='word_1_802' title='bbox 2957 5061 3034 5131; x_wconf 85' lang='grc' dir='ltr'>τῷ</span> <span class='ocrx_word' id='word_1_803' title='bbox 3049 5061 3209 5131; x_wconf 86' lang='grc' dir='ltr'>λόγῳ,</span> <span class='ocrx_word' id='word_1_804' title='bbox 3235 5060 3367 5132; x_wconf 85' lang='grc' dir='ltr'>μηδὲ</span> <span class='ocrx_word' id='word_1_805' title='bbox 3397 5059 3464 5113; x_wconf 82' lang='grc' dir='ltr'>τὰ</span> <span class='ocrx_word' id='word_1_806' title='bbox 3478 5060 3578 5127; x_wconf 83' lang='grc' dir='ltr'>τῆς</span> <span class='ocrx_word' id='word_1_807' title='bbox 3595 5061 3656 5110; x_wconf 86' lang='grc' dir='ltr'><strong>ἐκ</strong></span> 
     </span>
    </p>
   </div>
   <div class='ocr_carea' id='block_1_114' title="bbox 2089 5147 3655 5226">
    <p class='ocr_par' dir='ltr' id='par_1_114' title="bbox 2089 5147 3655 5226">
     <span class='ocr_line' id='line_1_114' title="bbox 2089 5147 3655 5226; baseline -0.006 -17"><span class='ocrx_word' id='word_1_808' title='bbox 2089 5157 2295 5226; x_wconf 85' lang='grc' dir='ltr'>νεκρῶν</span> <span class='ocrx_word' id='word_1_809' title='bbox 2333 5155 2676 5217; x_wconf 85' lang='grc' dir='ltr'>ἀναϐιώσεως</span> <span class='ocrx_word' id='word_1_810' title='bbox 2709 5153 2872 5208; x_wconf 76' lang='grc' dir='ltr'>αὑτοῦ</span> <span class='ocrx_word' id='word_1_811' title='bbox 2921 5152 3289 5206; x_wconf 80' lang='grc' dir='ltr'>πιστευέσθω·</span> <span class='ocrx_word' id='word_1_812' title='bbox 3319 5152 3367 5202; x_wconf 87' lang='grc' dir='ltr'><strong>εἰ</strong></span> <span class='ocrx_word' id='word_1_813' title='bbox 3401 5149 3457 5201; x_wconf 83' lang='grc' dir='ltr'>δὲ</span> <span class='ocrx_word' id='word_1_814' title='bbox 3490 5147 3655 5200; x_wconf 88' lang='grc' dir='ltr'>εἰσέτι</span> 
     </span>
    </p>
   </div>
   <div class='ocr_carea' id='block_1_115' title="bbox 2091 5233 3654 5318">
    <p class='ocr_par' dir='ltr' id='par_1_115' title="bbox 2091 5233 3654 5318">
     <span class='ocr_line' id='line_1_115' title="bbox 2091 5233 3654 5318; baseline -0.006 -18"><span class='ocrx_word' id='word_1_815' title='bbox 2091 5249 2183 5299; x_wconf 77' lang='grc' dir='ltr'>καὶ</span> <span class='ocrx_word' id='word_1_816' title='bbox 2225 5246 2320 5300; x_wconf 92' lang='grc' dir='ltr'><strong>νῦν</strong></span> <span class='ocrx_word' id='word_1_817' title='bbox 2354 5247 2424 5299; x_wconf 83' lang='grc' dir='ltr'><strong>τά</strong></span> <span class='ocrx_word' id='word_1_818' title='bbox 2466 5247 2564 5318; x_wconf 81' lang='grc' dir='ltr'>τῆς</span> <span class='ocrx_word' id='word_1_819' title='bbox 2608 5248 2962 5317; x_wconf 67' lang='grc' dir='ltr'>προρρήσεως</span> <span class='ocrx_word' id='word_1_820' title='bbox 2997 5247 3075 5308; x_wconf 87' lang='grc' dir='ltr'><strong>εἰς</strong></span> <span class='ocrx_word' id='word_1_821' title='bbox 3117 5243 3276 5313; x_wconf 74' lang='grc' dir='ltr'>ἔργον</span> <span class='ocrx_word' id='word_1_822' title='bbox 3320 5242 3507 5312; x_wconf 88' lang='grc' dir='ltr'>χωρεῖ,</span> <span class='ocrx_word' id='word_1_823' title='bbox 3538 5233 3566 5292; x_wconf 82' lang='grc' dir='ltr'>ὃ</span> <span class='ocrx_word' id='word_1_824' title='bbox 3599 5255 3654 5290; x_wconf 80' lang='grc' dir='ltr'><strong>τε</strong></span> 
     </span>
    </p>
   </div>
   <div class='ocr_carea' id='block_1_116' title="bbox 2098 5423 2606 5493">
    <p class='ocr_par' dir='ltr' id='par_1_116' title="bbox 2098 5423 2606 5493">
     <span class='ocr_line' id='line_1_116' title="bbox 2098 5423 2606 5493; baseline -0.002 -15"><span class='ocrx_word' id='word_1_825' title='bbox 2098 5423 2261 5478; x_wconf 86' lang='lat' dir='ltr'><strong>semel</strong></span> <span class='ocrx_word' id='word_1_826' title='bbox 2286 5424 2410 5476; x_wconf 87' lang='lat' dir='ltr'><strong>alibi</strong></span> <span class='ocrx_word' id='word_1_827' title='bbox 2450 5423 2606 5493; x_wconf 84' lang='lat' dir='ltr'><strong>dixi.)</strong></span> 
     </span>
    </p>
   </div>
   <div class='ocr_carea' id='block_1_117' title="bbox 2168 5486 3653 5562">
    <p class='ocr_par' dir='ltr' id='par_1_117' title="bbox 2168 5486 3653 5562">
     <span class='ocr_line' id='line_1_117' title="bbox 2168 5486 3653 5562; baseline -0.007 -15"><span class='ocrx_word' id='word_1_828' title='bbox 2168 5494 2380 5558; x_wconf 84' lang='lat'>(55-56)</span> <span class='ocrx_word' id='word_1_829' title='bbox 2406 5493 2503 5546; x_wconf 90' lang='lat' dir='ltr'><strong>Hic</strong></span> <span class='ocrx_word' id='word_1_830' title='bbox 2535 5486 3008 5562; x_wconf 66' lang='lat' dir='ltr'><strong>prmlermittitura</strong></span> <span class='ocrx_word' id='word_1_831' title='bbox 3035 5489 3217 5562; x_wconf 80' lang='lat' dir='ltr'><strong>Niceta</strong></span> <span class='ocrx_word' id='word_1_832' title='bbox 3235 5486 3512 5562; x_wconf 69' lang='lat' dir='ltr'><strong>eclogario</strong></span> <span class='ocrx_word' id='word_1_833' title='bbox 3530 5499 3653 5552; x_wconf 83' lang='lat' dir='ltr'><strong>pars</strong></span> 
     </span>
    </p>
   </div>
   <div class='ocr_carea' id='block_1_118' title="bbox 2097 5557 3652 5632">
    <p class='ocr_par' dir='ltr' id='par_1_118' title="bbox 2097 5557 3652 5632">
     <span class='ocr_line' id='line_1_118' title="bbox 2097 5557 3652 5632; baseline -0.008 -16"><span class='ocrx_word' id='word_1_834' title='bbox 2097 5563 2366 5632; x_wconf 86' lang='lat' dir='ltr'><strong>aliquanta</strong></span> <span class='ocrx_word' id='word_1_835' title='bbox 2399 5557 2683 5632; x_wconf 74' lang='lat' dir='ltr'><strong>Eusebiaui</strong></span> <span class='ocrx_word' id='word_1_836' title='bbox 2708 5571 2903 5632; x_wconf 80' lang='lat' dir='ltr'><strong>textus,</strong></span> <span class='ocrx_word' id='word_1_837' title='bbox 2933 5574 3050 5632; x_wconf 63' lang='lat' dir='ltr'><strong>qua:</strong></span> <span class='ocrx_word' id='word_1_838' title='bbox 3071 5559 3262 5632; x_wconf 75' lang='lat' dir='ltr'><strong>legitur</strong></span> <span class='ocrx_word' id='word_1_839' title='bbox 3284 5557 3652 5632; x_wconf 50' lang='lat' dir='ltr'><strong>inAuglicana</strong></span> 
     </span>
    </p>
   </div>
   <div class='ocr_carea' id='block_1_119' title="bbox 2097 5626 3470 5702">
    <p class='ocr_par' dir='ltr' id='par_1_119' title="bbox 2097 5626 3470 5702">
     <span class='ocr_line' id='line_1_119' title="bbox 2097 5626 3470 5702; baseline -0.008 -14"><span class='ocrx_word' id='word_1_840' title='bbox 2097 5626 2348 5701; x_wconf 82' lang='lat' dir='ltr'><strong>cdiiione,</strong></span> <span class='ocrx_word' id='word_1_841' title='bbox 2370 5649 2422 5698; x_wconf 86' lang='lat' dir='ltr'><strong>p.</strong></span> <span class='ocrx_word' id='word_1_842' title='bbox 2455 5633 2578 5688; x_wconf 75' lang='lat'><strong>2&#39;27.</strong></span> <span class='ocrx_word' id='word_1_843' title='bbox 2612 5631 2854 5702; x_wconf 88' lang='lat' dir='ltr'><strong>Tbeoph.</strong></span> <span class='ocrx_word' id='word_1_844' title='bbox 2889 5626 2963 5697; x_wconf 80' lang='lat' dir='ltr'><strong>tv,</strong></span> <span class='ocrx_word' id='word_1_845' title='bbox 2989 5629 3040 5684; x_wconf 86' lang='lat'><strong>9.</strong></span> <span class='ocrx_word' id='word_1_846' title='bbox 3073 5626 3228 5698; x_wconf 78' lang='lat' dir='ltr'><strong>Arigl.</strong></span> <span class='ocrx_word' id='word_1_847' title='bbox 3262 5645 3312 5697; x_wconf 83' lang='lat' dir='ltr'><strong>p.</strong></span> <span class='ocrx_word' id='word_1_848' title='bbox 3343 5626 3470 5680; x_wconf 58' lang='lat'><strong>$28.</strong></span> 
     </span>
    </p>
   </div>
  </div>
