3858 6214
223 330 340 389 ῶὸ

1570 314 1659 369 DE
1697 313 1787 368 ΤΠ
1798 310 2165 368 EOPllANlA.

3364 292 3471 349 634

225 443 387 513 λόγος
414 438 580 495 αὐτοῦ
608 437 720 504 ζῶν
747 438 839 490 καὶ
862 432 1102 509 ἐνεργῶν
1131 431 1253 486 καθ’
1276 429 1403 501 ὅλης
1436 428 1535 499 τῆς
1555 424 1805 497 οἰκουμέ-

1935 422 2276 487 οητοτιίιυη
2310 418 2535 491 ejusque
2569 415 2819 480 verbum,
2853 414 3037 467 vivum
3067 418 3123 463 et
3151 405 3334 464 eﬂlcas
3376 424 3472 479 per

224 553 333 607 νης
362 532 658 604 ὀφθαλμοῖς
687 531 900 602 ὁρᾶται,
938 526 1059 598 ὥρα
1093 523 1228 596 μηδὲ
1252 521 1328 592 τῷ
1356 520 1449 574 τὸν
1480 518 1637 586 λόγον
1682 532 1809 587 προ-

226 606 413 697 σμένῳ
447 624 714 678 ἀπιστεῖν.
745 612 821 673 Οὗ
844 619 952 688 γὰρ
980 615 1254 687 ὴδύναμις
1282 611 1431 677 ζῶσα
1459 611 1555 664 καὶ
1582 606 1808 678 ἐνεργὴς

226 696 448 791 ὁρᾶται,
472 714 665 770 τοῦτον
697 713 910 783 ἀνάγκη
941 711 1091 764 πᾶσα
1113 707 1249 761 πολὺ
1276 705 1539 776 πρότερον
1567 700 1686 770 ζῇν,
1716 696 1809 750 καὶ

226 790 372 864 Θεοῦ
406 807 552 880 ζωὴν
594 806 781 860 τοῦτον
813 801 1049 857 ἐκτελεῖν
1095 799 1230 872 (57),
1267 792 1329 852 οὗ
1358 795 1534 860 ζῶντα
1570 792 1638 846 τά
1676 790 1811 862 ἔργα

231 905 505 976 σύμφωνα
526 903 646 962 ταῖς
661 898 864 967 φωναῖς
877 893 1279 948 ἀποδείκνυται.
1300 889 1484 942 Πᾶσαν
1497 882 1629 954 γοῦν
1642 881 1811 952 ἀκοὴν

229 970 507 1048 mlitem»;
538 989 708 1043 ἐθνῶν
724 987 833 1055 (ss)
851 989 898 1039 οἱ
913 982 1076 1039 αὑτοῦ
1091 982 1239 1051 λόγοι
1257 978 1471 1049 διῆλθον
1487 970 1814 1047 μεταϐαλλό-

235 1102 394 1157 μενοι
438 1083 535 1136 καὶ
578 1076 1109 1152 μεθερμηνευόμενα
1155 1074 1237 1137 είς
1271 1068 1529 1125 παντοίαν
1567 1063 1814 1134 γλῶτταν

245 1150 666 1247 Ἕλληνικήνήτε
703 1150 800 1224 καὶ
836 1168 1141 1242 βάρϐαρον
1176 1165 1252 1228 ὼς
1286 1160 1609 1227 ἐξάκουστον
1647 1150 1813 1211 αὐτοῦ

230 1268 337 1339 τὴν
353 1264 701 1320 διδασκαλίαν
722 1263 857 1315 πᾶσι
884 1262 998 1323 τοῖς
1032 1256 1210 1310 ἔθνεσι
1230 1251 1547 1324 γενομένην,
1582 1249 1662 1311 εἰς
1695 1248 1818 1300 ὲπι-

234 1336 478 1429 στροφὴν
533 1355 627 1408 καὶ
678 1352 965 1423 μετάνοιαν
1015 1347 1242 1417 ἀγαγεῖν
1288 1343 1456 1415 μυρία
1500 1338 1677 1411 πλήθη
1707 1336 1816 1390 τῶν

234 1448 507 1521 πρότερον
538 1447 596 1499 ἐν
625 1443 872 1513 πολυθέῳ
892 1439 1068 1511 πλάνῃ
1093 1437 1187 1491 καὶ
1203 1431 1614 1505 είδωλολατρείᾳ
1646 1429 1751 1500 πλη
1761 1446 1820 1500 μ-

234 1537 419 1609 μελῶς
451 1537 547 1590 καὶ
578 1536 830 1605 ἀσέμνως
848 1532 1123 1603 βιούντων.
1157 1530 1230 1582 Ob
1255 1527 1519 1599 πρότερον
1532 1524 1589 1577 δὲ
1606 1523 1816 1591 ἄφεσιν,

234 1628 363 1685 εἶτα
378 1631 682 1700 μετάνοιαν,
696 1626 832 1682 ἀλλά
843 1625 1131 1696 μετάνοιαν
1145 1620 1379 1694 πρῶτον,
1394 1616 1509 1672 εἶτα
1520 1617 1617 1688 τὴν
1628 1616 1819 1684 ἄφεσιν

1908 513 2216 568 universum
2249 511 2436 566 orbem
2468 505 2856 576 conspicimus,
2880 503 3124 570 sequitur
3144 510 3203 555 ut
3225 515 3292 555 ne
3325 502 3473 556 verbi

1908 604 2126 673 quidem
2182 601 2388 657 auctori
2439 599 2600 653 (idem
2637 600 2975 668 derogemus.
3028 592 3162 648 Nam
3194 595 3346 665 cujus
3393 592 3476 648 vis

1910 696 2097 750 vivens
2145 702 2201 747 et
2248 688 2496 746 eﬂectrix
2545 686 2812 749 cernitur,
2848 685 2993 739 hunc
3039 698 3264 737 necesse
3300 692 3384 737 est
3422 691 3479 736 et

1909 786 2078 842 multo
2112 785 2294 853 potius
2322 782 2526 844 vivere,
2575 788 2629 832 et
2667 776 2759 831 Dei
2793 777 2959 829 vitam
3013 773 3155 829 hunc
3196 782 3475 843 praestare,

1911 877 2065 948 cujus
2093 878 2214 931 viva
2250 889 2413 943 opera
2457 871 2642 927 verbis
2673 868 3030 924 consonantia
3087 875 3476 920 monstrantur.

1910 968 1992 1023 Ad
2023 966 2266 1022 omnium
2298 963 2479 1030 itaque
2511 957 2908 1030 quantumlibet
2938 956 3210 1010 variarum
3236 955 3479 1024 gentium

1911 1058 2154 1113 auditum
2223 1066 2503 1109 sermones
2553 1050 2670 1120 ejus
2706 1050 3059 1112 devenerunt,
3118 1044 3364 1099 translati
3427 1046 3481 1098 in

1915 1148 2208 1220 quamlibet
2258 1147 2493 1215 linguam
2546 1152 2709 1210 atque
2736 1139 3030 1208 esplanati,
3068 1137 3184 1192 sive
3210 1133 3480 1199 Graecam,

1914 1223 2031 1298 sive
2079 1239 2462 1296 barbaricam:
2497 1243 2556 1288 ut
2590 1247 2783 1303 nempe
2824 1231 3067 1285 doctrina
3116 1230 3231 1300 ejus
3274 1228 3485 1283 cunctis

1917 1332 2129 1406 populis
2174 1332 2563 1392 innotesceret,
2591 1340 2700 1393 quo
2732 1330 3178 1377 converterentur
3224 1335 3285 1374 ac
3344 1319 3484 1373 resi-

1916 1423 2188 1491 piscerent
2221 1418 2517 1470 innumerae
2551 1412 2944 1475 multitudines,
2972 1425 3090 1478 qua:
3112 1418 3270 1463 antea
3302 1409 3354 1462 in
3392 1424 3487 1478 po-

1916 1512 2189 1588 lytlieismi
2220 1524 2409 1565 errore
2450 1517 2505 1563 et
2542 1506 2806 1561 idolorum
2839 1503 2986 1558 cultu
3025 1504 3189 1572 impie
3234 1509 3488 1570 turpiter-

1918 1624 2024 1679 que
2085 1606 2360 1660 vivebant.
2431 1601 2617 1670 Neque
2671 1608 2829 1652 antea
2881 1597 3016 1650 dixit
3087 1594 3484 1658 remissionem,

148 1740 155 1749 ‘
236 1685 533 1793 κηρύττειν
556 1685 1007 1794 παρακελεύεται.
1026 1716 1151 1778 Τοῖς
1170 1685 1280 1783 γὰρ
1294 1711 1537 1783 γνησίοις
1558 1685 1821 1780 πρότερον

1935 1709 2104 1770 postea
2133 1693 2529 1768 ptenitentiam,
2580 1690 2676 1745 sed
2706 1689 3082 1759 paenitentiam
3139 1687 3315 1757 primo
3344 1685 3485 1750 loco,

237 1766 431 1865 κάζιῶν
465 1766 754 1881 μετάνόιαν
782 1766 1228 1876 ενέἐέέᾷξιένοξξή
1247 1766 1699 1874 σωτήριος-χάρις
1717 1766 1817 1866 τὴν

1935 1766 2115 1845 leiude
2137 1766 2516 1842 retnissionem
2551 1782 2848 1853 praedicare
2864 1778 3048 1848 jussit.
3080 1778 3209 1831 Nam
3245 1777 3491 1832 ﬁdelibus

240 1902 592 1975 συγχώρησιν
638 1901 747 1954 τῶν
798 1897 1196 1971 πεπραγμένων
1247 1894 1556 1965 ἐδωρήσατο
1574 1906 1599 1923 ολ
1631 1890 1697 1943 δι’
1726 1887 1820 1953 οὓς

239 1996 341 2050 καὶ
386 1995 480 2047 τὸν
525 1994 751 2047 θάνατον
784 1991 1087 2056 ἀνεδέξατο,
1122 1986 1316 2058 λύτρον
1359 1983 1551 2036 ἑαυτὸν
1605 1979 1822 2041 ἐπιδοὺς

232 2088 342 2149 καὶ
381 2086 674 2154 ἀντίψυχον
711 2082 819 2137 τῶν
855 2081 1150 2154 μελλόντων
1172 2078 1238 2131 δι’
1263 2073 1428 2130 αὐτοῦ
1459 2068 1820 2142 σωθήσεσθαι.

229 2173 404 2229 ,οὕτω
440 2173 577 2243 δῆτα
607 2175 655 2225 οί
682 2171 845 2226 αὐτοῦ
880 2169 1140 2242 μαθηται,
1172 2168 1364 2239 ἀνδρες
1403 2164 1618 2233 ἄπειροι
1652 2160 1824 2229 λόγων

241 2262 400 2329 ὄντες
428 2264 526 2318 καὶ
564 2262 796 2334 πάμπαν
832 2260 1057 2326 ἰδιῶται,
1112 2257 1341 2330 πένητές
1384 2272 1443 2309 τε
1467 2255 1561 2308 καὶ
1588 2251 1825 2317 εὐτελεῖς

243 2353 309 2408 τὺ
339 2354 526 2424 σχῆμα
546 2352 680 2424 (59),
713 2354 780 2423 τῇ
804 2351 1027 2422 δυνάμει
1052 2348 1144 2402 τοῦ
1176 2345 1314 2424 μετά
1343 2345 1571 2399 θάνατον
1591 2340 1826 2411 θεωρου-

248 2422 550 2516 passm
581 2422 840 2516 ἐμφανῶς
882 2443 1066 2505 αὐτοῖς
1110 2422 1564 2508 συναυλιζομένου
1597 2432 1827 2504 ἐπιθαρ-

248 2541 536 2612 σήσαντες,
552 2537 658 2592 ἀπὸ
673 2539 770 2607 τῆς
782 2535 1138 2609 Ἰερουσαλὴμ
1153 2532 1360 2595 πόλεως
1378 2529 1672 2602 ἀρξάμενοι
1686 2522 1829 2579 κατά

246 2631 355 2694 τάς
379 2629 543 2684 αὐτοῦ
576 2628 1029 2702 παρακελεύσεις,
1067 2628 1154 2681 ἵνα
1194 2623 1577 2693 ἀναπολόγητα
1602 2617 1687 2690 εἴη
1717 2619 1829 2679 τοῖς

264 2712 539 2786 Ἰουδαίοις
560 2723 942 2794 ἀπιστήσασιν,
972 2720 1066 2774 ἐπὶ
1084 2719 1261 2773 πάντα
1288 2712 1560 2788 προῆλθον
1574 2712 1643 2765 τὰ
1675 2708 1826 2779 ἔθνη,

250 2813 352 2866 καὶ
384 2811 455 2866 τά
492 2813 936 2884 προστεταγμένα
969 2811 1216 2876 ἐποίουν,
1251 2806 1611 2877 κηρύττοντες
1662 2797 1830 2871 μετά-

249 2920 406 2959 νοιαν
437 2907 549 2968 τοῖς
580 2906 737 2970 πᾶσι,
767 2903 863 2957 καὶ
896 2903 1048 2956 λύσιν
1073 2900 1182 2956 τῶν
1212 2898 1475 2972 πρότερον
1519 2892 1620 2964 τῆς
1654 2889 1833 2961 ψυχῆς

252 2996 740 3069 ἀμπλακημάτων.

1001 3171 1075 3237 ς’

331 3263 445 3336 (60)
472 3262 834 3335 Συνηγμένων
864 3263 963 3334 μὲν
1128 3260 1221 3314 ἐπὶ
1248 3258 1309 3313 τὺ
1342 3256 1476 3311 αὐτὸ
1509 3256 1566 3309 ὲν
1591 3254 1703 3317 τοῖς
1742 3251 1841 3305 Ἱε-

258 3356 580 3431 ροσολύμοις
604 3355 713 3410 τῶν
763 3355 1040 3429 ἀρχόντων
1070 3352 1165 3407 τοῦ
1206 3349 1471 3405 Ἰουδαίων
1496 3346 1700 3409 ἔθνους,
1735 3344 1837 3414 ἀρ-

257 3449 496 3521 χιερέων
520 3466 580 3502 τε
622 3448 718 3502 καὶ
768 3445 1258 3519 νομοδιδασκάλων,
1301 3445 1357 3498 ὲν
1396 3439 1547 3510 αὐτῷ
1580 3436 1657 3508 τῷ
1710 3433 1838 3506 ἱερῷ

259 3539 589 3610 ποιούμενος
619 3538 718 3603 τὰς
754 3537 1061 3610 διατριϐὰς,
1089 3538 1159 3591 τά
1205 3533 1466 3607 μέλλοντα
1492 3532 1675 3592 αὐτοῖς
1717 3528 1838 3581 κατ’

260 3628 433 3684 αὐτοῦ
459 3627 781 3700 τολμᾶσθαι,
799 3629 894 3683 καὶ
923 3627 1015 3681 τὸν
1043 3626 1135 3679 ἐπὶ
1154 3628 1220 3696 τῇ
1250 3624 1425 3695 τόλμῃ
1456 3617 1838 3690 καταληψόμε-

261 3737 356 3776 νον
381 3722 578 3785 αὐτοὺς
593 3719 810 3794 ὄλεθρον
844 3717 1291 3788 ὲπεσκιασμὲνως
1308 3715 1496 3769 τοῦτον
1520 3713 1612 3766 τὸν
1640 3709 1842 3782 τρόπον

260 3812 353 3868 διὰ
380 3813 483 3883 τῆς
526 3812 842 3886 παραϐολῆς
892 3810 1297 3882 προηγόρευσεν
1322 3825 1335 3837 ⁸
1369 3804 1704 3872 Ἄνθρωπός
1749 3818 1841 3867 τις

262 3901 347 3977 ἦν
393 3905 846 3972 οἰκοδεσπότης,
899 3903 1070 3968 ὅστις
1126 3901 1461 3970 ἐφύτευσεν
1496 3892 1839 3965 ἀμπελῶνα,

265 3996 369 4052 καὶ
390 3995 662 4066 φραγμὸν
681 3993 841 4060 αὐτῷ
864 3993 1192 4064 περιέθηκε,
1220 3989 1320 4045 καὶ
1342 3987 1571 4058 ὤρυξεν
1593 3988 1663 4041 ἐν
1684 3982 1843 4050 αὐτῷ

263 4087 486 4157 ληνὸν,
516 4088 616 4141 καὶ
654 4086 1003 4155 ᾠκοδόμησε
1048 4086 1299 4155 πύργον,
1344 4082 1445 4137 καὶ
1470 4080 1712 4145 ἐξέδοτο
1739 4080 1847 4133 αὑ·-

267 4183 378 4235 τόν
404 4180 703 4250 γεωργοῖς,
732 4180 831 4234 καὶ
853 4177 1260 4248 ἀπεδήμησεν.
1300 4177 1431 4230 Ὅτε
1475 4172 1545 4227 δὲ
1591 4172 1847 4242 ἤγγισεν

269 4275 306 4327 ὁ
336 4272 543 4341 καιρὸς
588 4271 706 4325 τῶν
743 4269 1006 4339 καρπῶν,
1039 4270 1362 4324 ἀπέστειλε
1401 4266 1543 4332 τοὺς
1586 4264 1847 4329 δούλους

267 4367 460 4422 αὐτοῦ
492 4366 643 4435 πρὸς
662 4364 805 4429 τοὺς
832 4364 1126 4434 γεωργοὺς
1168 4361 1377 4418 λαϐεῖν
1403 4361 1547 4426 τοὺς
1576 4359 1845 4429 καρποὺς

1919 1882 2011 1952 qui
2042 1888 2198 1935 antea
2224 1885 2570 1948 peccatorum
2606 1872 2981 1944 pamitentiam
3023 1885 3132 1941 pra:
3159 1885 3218 1924 se
3248 1869 3488 1935 tulerint,

1923 1972 2229 2028 Servatoris
2261 1969 2432 2040 gratia
2473 1957 2685 2022 veniam
2731 1963 3127 2036 praeteritorum
3167 1963 3349 2017 donat.
3402 1962 3489 2016 Et-

1921 2061 2063 2115 enim
2117 2068 2338 2128 propter
2383 2056 2500 2111 illos
2531 2064 2760 2111 mortem
2801 2056 2916 2123 ipse
2965 2052 3201 2120 excepit,
3259 2052 3491 2120 pretium

1923 2160 2092 2207 semet
2136 2150 2423 2206 conferens
2471 2148 2541 2203 ob
2575 2147 2877 2202 animarum
2922 2143 3344 2215 redemptionem
3376 2158 3495 2212 qua:

1924 2243 2193 2297 salvandte
2240 2250 2386 2295 sunt.
2439 2237 2531 2293 Sic
2567 2237 2782 2292 demum
2811 2235 2927 2306 ejus
2948 2234 3219 2305 discipuli,
3251 2232 3498 2288 homines

1926 2334 2229 2407 linguarum
2263 2332 2437 2403 ignari
2478 2344 2533 2387 et
2563 2331 2784 2387 omnino
2824 2329 3023 2393 idiom,
3075 2340 3339 2398 pauperes
3378 2324 3500 2378 vili-

1927 2442 2031 2497 que
2063 2427 2264 2497 specie,
2287 2425 2476 2480 virtuti
2509 2423 2652 2479 illius
2680 2438 2839 2492 quem
2875 2429 2994 2491 post
3028 2429 3253 2474 mortem
3282 2425 3497 2486 specta-

1928 2526 2135 2580 verant,
2162 2517 2363 2584 quique
2390 2511 2674 2568 manifeste
2702 2525 2824 2564 cum
2851 2508 2983 2578 ipsis
3003 2502 3499 2563 conversatus.fue-

1927 2620 2033 2677 rat,
2059 2610 2413 2670 conﬁdentes.
2454 2613 2614 2676 capto
2645 2603 2742 2659 abs
2780 2599 3168 2672 Hierosolymis
3201 2597 3378 2661 initio,
3414 2611 3502 2650 se-

1930 2705 2163 2760 cundum
2191 2703 2357 2772 ipsius
2382 2700 2555 2769 jussa,
2598 2705 2657 2752 ut
2705 2695 2819 2763 jam
2851 2694 3107 2761 deinceps
3152 2688 3501 2747 excusatione

1931 2805 2182 2852 carerent
2212 2794 2382 2849 .ludazi
2417 2790 2702 2855 increduli,
2757 2792 2821 2843 ad
2847 2796 3076 2842 cunctas
3122 2793 3311 2854 gentes
3338 2769 3501 2835 déve—

1932 2897 2147 2953 nerunt,
2203 2897 2259 2942 et
2313 2885 2569 2940 mandata
2623 2882 2725 2938 sibi
2785 2879 3102 2944 effecerunt,
3150 2875 3505 2940 praedicantes

1931 2985 2181 3042 omnibus
2207 2981 2597 3052 ptenitentiam,
2628 2989 2683 3034 et
2714 2977 2954 3044 priorum
2992 2974 3185 3028 animae
3217 2970 3502 3026 criminum

1859 3107 1907 3166 ο
1935 3075 2346 3133 absolutionem.

2678 3160 2769 3216 Vl.

2013 3261 2150 3317 Cum
2185 3265 2373 3315 essent
2407 3256 2575 3327 igitur
2601 3249 2990 3322 Hierosolymis
3021 3245 3330 3317 congregati
3376 3256 3508 3312 gen-

1943 3354 2012 3409 tis
2036 3352 2274 3407 Judaicae
2305 3350 2603 3420 principes,
2645 3343 2928 3415 pontiﬁces
2959 3357 3022 3397 ac
3053 3340 3187 3410 legis
3234 3338 3508 3403 doctores,

1943 3451 2225 3504 diversans
2267 3447 2319 3500 in
2359 3444 2558 3514 templo
2611 3442 2868 3498 Christus
2917 3437 3096 3493 scelus
3145 3437 3198 3489 in
3238 3448 3299 3489 se
3343 3433 3410 3487 ab
3442 3431 3509 3486 iis

1940 3532 2288 3605 patrandum,
2316 3543 2371 3587 et
2398 3539 2811 3587 consecuturam
2840 3527 3016 3581 scelus
3047 3519 3354 3593 supremam
3391 3535 3508 3590 pm-

1941 3642 2089 3692 nam,
2139 3641 2337 3681 arcano
2376 3626 2581 3692 sic‘per
2610 3621 2917 3692 parabolam
2957 3617 3284 3672 vaticinatus
3317 3622 3396 3668 est
3425 3613 3505 3666 ”:

1948 3718 2117 3772 Homo
2168 3726 2282 3771 erat
2316 3714 2728 3784 paterfamilias,
2758 3712 2847 3780 qui
2892 3708 3146 3780 plantavit
3186 3705 3410 3769 vineam,
3458 3712 3506 3758 et

1946 3828 2117 3879 sepem
2144 3808 2492 3864 circumdedit
2521 3806 2595 3872 ei,
2625 3814 2672 3858 et
2696 3803 2830 3872 fodit
2863 3803 2917 3856 in
2944 3817 3004 3855 ea
3028 3797 3284 3862 torcular,
3320 3805 3366 3850 et
3392 3795 3494 3849 cedi

1947 3902 2124 3973 ﬁcavit
2150 3901 2430 3966 turrim,et
2463 3896 2685 3951 tradidit
2735 3911 2851 3948 eam
2896 3888 3164 3961 agricolis,
3209 3896 3260 3942 'et
3304 3901 3513 3955 peregre

1947 3997 2211 4066 profectus
2262 4001 2359 4047 est.
2403 3989 2537 4045 Cum
2578 3996 2751 4042 autem
2794 3996 2993 4054 tempus
3026 3981 3294 4051 fructuum
3324 3993 3515 4045 appro-

1947 4090 2270 4158 pinquasset,
2294 4085 2435 4139 misit
2474 4097 2646 4138 servos
2672 4096 2793 4134 suos
2819 4079 2888 4133 ad
2920 4074 3182 4147 agricolas
3217 4082 3271 4126 ut
3307 4071 3514 4136 accipe-

1948 4188 2063 4232 rent
2121 4178 2325 4247 fructus
2362 4176 2498 4245 ejus.
2550 4171 2619 4227 Et
2676 4169 2921 4242 agricola:
2969 4166 3302 4236 apprehensis
3352 4161 3517 4217 servis

1948 4273 2083 4341 ejus,
2134 4270 2297 4323 alium
2335 4270 2697 4336 pulsaverunt,
2755 4264 2920 4317 alium
2987 4261 3305 4323 occiderunt,
3350 4254 3516 4309 aliam

1950 4380 2066 4418 vero
2105 4362 2493 4429 lapidaverunt.
2528 4357 2729 4412 lterum
2767 4356 2914 4409 misit
2956 4353 3090 4406 alios
3132 4367 3303 4406 seruos
3336 4347 3515 4417 plures

266 4458 482 4513 αὐτοῦ.
539 4449 649 4511 καὶ
694 4458 985 4522 λαϐόντες
1033 4460 1086 4510 οἱ
1133 4456 1376 4524 γεωργοὶ
1410 4453 1553 4519 τοὺς
1588 4451 1831 4517 δούλους

1948 4456 2238 4525 prioribus,
2265 4463 2315 4507 et
2345 4455 2581 4522 fecerant
2610 4450 2737 4518 ipsis
2770 4446 3035 4501 similiter.
3076 4440 3373 4496 Novissime
3410 4455 3511 4493 au-

267 4550 482 4612 αὑτοῦ,
512 4549 587 4607 ὃν
603 4549 721 4618 μὲν
748 4549 1004 4617 ἔδειραν,
1030 4547 1103 4601 ὃν
1148 4547 1217 4601 δὲ
1268 4546 1645 4608 ἀπέκτειναν,
1675 4544 1749 4599 ὃν
1777 4544 1845 4598 δὲ

266 4642 729 4708 ἐλιθοϐόλησαν.
750 4638 942 4694 Πάλιν
955 4639 1313 4694 ἀπέστειλεν
1340 4637 1569 4703 ἄλλους
1586 4634 1845 4699 δούλους

271 4732 563 4797 πλείονας
607 4728 726 4784 τῶν
779 4728 1044 4797 πρώτων,
1109 4727 1209 4781 καὶ
1276 4727 1575 4793 ἐποίησαν
1642 4723 1847 4791 αὐτοῖς

269 4822 576 4887 ὡσαύτως.
615 4822 897 4887 Ὕστερον
946 4818 1014 4871 δὲ
1056 4816 1374 4872 ἀπέστειλε
1423 4815 1574 4884 πρὸς
1627 4814 1848 4880 ai;sz

270 4912 384 4966 τὸν
428 4912 563 4967 υἱὸν
617 4911 825 4976 αὐτοῦ,
878 4914 1071 4980 λεγων
1091 4926 1106 4940 ·
1166 4907 1679 4977 Ἐντραπήσονται
1742 4908 1850 4959 τόν

271 5005 412 5059 υἱόν
436 5022 577 5074 μου.
612 5006 678 5058 οι
703 5003 773 5057 δὲ
797 5002 1063 5073 γεωργοὶ,
1094 5001 1324 5068 ἰδόντες
1363 5001 1471 5055 τὸν
1500 5000 1657 5065 υἱὸν,
1679 4997 1852 5054 εἷπον

273 5095 349 5149 ἐν
382 5094 648 5162 ἑαυτοῖςη
700 5091 888 5160 Οὗτός
933 5095 1103 5148 ἐστιν
1142 5097 1175 5148 ὁ
1219 5096 1623 5164 κληρονόμος·
1659 5092 1851 5157 δεῦτε,

1950 4559 2052 4603 tem
2082 4549 2226 4601 misit
2255 4546 2324 4599 ad
2353 4560 2439 4598 eos
2472 4543 2642 4611 ﬁlium
2672 4556 2848 4603 suum,
2878 4538 3054 4591 dicens
3077 4550 3095 4587 :
3123 4532 3515 4585 Reverebuntur

1953 4641 2125 4710 ﬁlium.
2151 4655 2341 4693 meum.
2362 4634 2624 4707 Agricola:
2666 4643 2837 4686 autem
2867 4628 3094 4684 videntes
3131 4623 3321 4694 ﬁlium,
3366 4622 3517 4674 dixe-

1954 4741 2073 4784 runt
2133 4731 2273 4783 intra
2318 4744 2373 4782 se
2418 4742 2437 4780 :
2477 4724 2576 4779 llic
2628 4731 2706 4778 est
2760 4723 2945 4783 licet-es,
2982 4717 3165 4780 venite,
3215 4713 3516 4767 occidamus

1953 4838 2094 4887 eum,
2141 4831 2189 4875 et
2236 4836 2544 4886 occupemus
2579 4815 2934 4871 hereditatem
2970 4809 3103 4880 ejus.
3140 4804 3207 4859 Et
3236 4802 3520 4873 apprehen-

1954 4932 2071 4969 sum
2109 4931 2226 4968 eum
2261 4913 2522 4982 ejecerunt
2549 4922 2696 4964 extra
2718 4908 2939 4971 vineam,
2969 4913 3015 4957 et
3046 4901 3364 4955 occiderunt.
3387 4892 3524 4947 Cum

1956 5023 2079 5074 ergo
2129 5006 2325 5058 venerit
2369 5004 2613 5056 dominus
2666 4988 2847 5063 vineae,
2895 4994 3021 5063 quid
3070 4993 3224 5063 faciet
3271 4984 3526 5057 agricolis

1958 5097 2111 5150 illis?
2141 5097 2299 5148 Aiunt
2334 5096 2422 5148 ei:
2452 5092 2623 5147 Malos
2655 5090 2792 5144 male
2835 5088 3036 5156 perdet,
3059 5093 3107 5138 et
3132 5084 3329 5137 vineam
3370 5090 3524 5129 suam

269 5186 719 5256 ἀποκτείνωμεν
742 5186 948 5250 αὑτὸν,
968 5185 1069 5239 καὶ
1094 5183 1487 5254 κατάσχωμεν
1504 5184 1621 5254 τὴν
1639 5187 1831 5253 κληρο

1964 5188 2135 5240 tradet
2182 5187 2305 5239 aliis
2336 5184 2607 5255 agricolis,
2646 5183 2734 5250 qui
2771 5180 2983 5234 reddeat
3026 5176 3075 5230 ei
3124 5174 3350 5243 fructum
3391 5174 3520 5217 tem-

347 5324 398 5357 "
426 5320 614 5376 Matth.
646 5337 760 5385 XXI,
789 5321 860 5376 35
885 5335 1005 5392 seq.

345 5439 461 5503 (57)
491 5438 676 5492 Potest
695 5439 861 5492 etiam
891 5439 997 5493 dici
1034 5454 1050 5493 :
1077 5449 1124 5492 et
1156 5436 1250 5492 Dei
1275 5438 1432 5492 vitam
1461 5437 1646 5497 vivere,
1687 5436 1737 5490 id
1765 5448 1848 5492 est

269 5525 457 5590 parem
489 5508 686 5590 diritate
711 5510 871 5590 vitam,
897 5509 1403 5590 degere._Cliristum
1426 5508 1656 5590 scilicet.
1682 5506 1848 5590 Pa‘ulo

273 5578 438 5632 aliter
475 5578 734 5646 Anglicus
770 5577 993 5647 textus:
1018 5580 1124 5632 and
1165 5579 1280 5631 tltat
1319 5578 1383 5633 lte
1426 5578 1574 5647 bring
1606 5586 1658 5631 to
1698 5577 1849 5646 effect

270 5648 365 5701 tlte
400 5647 564 5716 living
592 5648 767 5716 things
790 5648 851 5715 of
867 5646 1003 5701 Cod.

346 5716 462 5789 (58)
487 5717 602 5773 Non
629 5720 840 5774 v.detur
860 5719 1054 5787 legisse
1082 5717 1253 5785 Syrus
1274 5732 1390 5774 voc.
1409 5716 1597 5780 ἐθνῶν,
1627 5718 1852 5778 ideoque

1950 5438 2156 5507 Anglus
2187 5454 2202 5490 :
2235 5435 2397 5491 These
2425 5432 2507 5485 Itis
2545 5429 2713 5507 toords
2748 5427 2867 5507 then
2888 5424 3036 5507 being
3067 5420 3377 5507 parietis-ﬂ;

2026 5488 2621 5579 (gillhitbiguustuihi
2651 5508 2736 5551 est
2762 5488 3104 5579 aliquantum
3145 5506 3210 5579 es
3242 5490 3381 5564 Syro
3406 5488 3520 5543 An-

1954 5569 2074 5650 glus
2101 5564 2134 5650 ς’
2152 5578 2311 5650 needg
2331 5564 2735 5650 lasl‘tltey‘tvere
2830 5564 2965 5650 taeir
2984 5565 3271 5619 character.

1991 5646 2144 5719 tuo;
2181 5648 2243 5702 A.
2278 5632 2316 5702 ἴ.
2337 5632 2469 5699 sua.
2500 5632 2563 5696 b.‘
2585 5639 2709 5708 Syr.
2750 5633 2836 5701 tv,
2858 5632 2942 5688 ιδ.
