3858 6214
318 289 320 292 ’
329 275 435 333 657

1665 263 1755 320 DE
1797 261 2260 322 THEOPHANIA.

3473 248 3578 306 638

332 393 496 447 Δαϐὶδ
522 391 763 470 γέγονεν,
783 392 871 444 ὅτε
905 388 1086 460 ἔκρινε
1117 384 1214 460 τὴν
1237 385 1554 458 παραϐολὴν
1585 385 1679 440 τοῦ
1704 387 1910 440 Νάθαν.

2047 386 2284 441 lathanis
2309 381 2569 455 parabula
2596 380 2861 449 judicium
2889 375 3034 436 tulit.
3077 373 3465 432 Verumtamen
3499 367 3578 443 illi

346 483 564 554 Ἐπειδὴ
595 482 652 537 δὲ
689 481 916 552 ᾔσθοντο
950 480 1057 534 τῶν
1113 478 1442 550 εἰρημένων,
1478 477 1600 529 τότε
1639 472 1790 530 εἷπον
1836 476 1910 547 μὴ

335 577 562 645 γένοιτο.
597 573 770 627 Τοῦτο
797 573 977 643 μέντοι
1022 571 1124 644 ήδη
1150 571 1330 642 τρίτον
1361 567 1511 640 παρά
1536 567 1800 638 Ματθαίῳ
1827 567 1914 620 διὰ

335 665 504 738 τριῶν
522 663 845 736 παραϐολῶν
856 663 950 716 τοῦ
968 663 1288 734 ἀμπελῶνος
1311 660 1715 732 ἐμνημόνευσεν
1732 675 1746 688 ·
1779 657 1914 712 άλλά

337 757 426 811 διὰ
451 758 572 828 ’μὲν
602 759 700 828 τῆς
727 755 950 828 πρώτης
977 755 1268 826 διαφόρους
1316 753 1539 824 κλήσεις
1583 749 1771 821 ἐδήλου
1808 749 1915 816 τῶν

338 852 431 903 ἐπὶ
458 852 558 921 τὴν
601 849 858 922 ἐργασίαν
894 848 989 902 τοῦ
1027 846 1346 919 ἀμπελῶνος
1398 843 1772 916 παρελθόντων
1793 861 1805 872 ·
1836 837 1918 905 οἷς

343 946 509 998 πᾶσιν
540 942 600 1008 ἐξ
630 944 743 997 ἴσου
785 941 974 1014 μισθὸν
1026 941 1257 995 ἐνεδίδου
1297 940 1357 993 τὸ
1385 939 1638 1011 δηνάριον
1663 955 1676 967 ·
1727 937 1816 992 διὰ
1862 935 1919 988 δὲ

341 1039 444 1110 τῆς
488 1037 768 1108 δευτέρας,
813 1035 907 1088 δύο
958 1033 1090 1088 υἱῶν
1137 1033 1330 1104 κλῆσιν
1362 1033 1631 1104 ᾐνίττετοο
1677 1029 1772 1084 τοῦ
1819 1029 1919 1099 μὲν

340 1126 767 1200 ἀρνουμένουτά
807 1125 1019 1197 πρῶτα,
1043 1123 1135 1177 ἐπὶ
1169 1122 1312 1176 τέλει
1344 1123 1400 1178 δέ
1447 1122 1544 1193 τὴν
1569 1121 1812 1191 ὑπακοὴν
1837 1121 1921 1172 ἐν·

336 1219 713 1289 δεικνυμένου,
739 1219 832 1272 καὶ
850 1220 932 1281 εἰς
962 1217 1053 1270 τὸν
1080 1215 1379 1287 ἀμπελῶνα
1407 1213 1792 1287 ἐργαζομένουο
1823 1211 1918 1268 τοῦ

335 1311 398 1365 δὲ
430 1313 497 1382 τῇ
531 1310 748 1380 ἐναντίᾳ
793 1308 1135 1379 κεχρημένου
1184 1306 1540 1378 προαιρέσει·
1598 1303 1687 1357 διὰ
1721 1303 1777 1356 δὲ
1823 1302 1922 1372 τῆς

344 1401 627 1474 παρούσης
659 1399 979 1472 παραϐολῆς
1012 1398 1301 1470 μετάθεσιν
1331 1395 1569 1465 παντελῆ
1607 1395 1702 1449 τοῦ
1746 1392 1923 1464 dims-

336 1490 512 1557 ἐλῶνος
547 1494 577 1547 ό
607 1493 765 1562 λόγος
799 1491 1040 1545 διδάσκει
1084 1491 1193 1545 ἀπὸ
1225 1488 1504 1562 προτέρων
1539 1484 1802 1557 γεωργῶν
1832 1485 1923 1538 ἐπὶ

337 1585 660 1655 δευτέρους·
699 1584 792 1638 καὶ
818 1583 916 1655 τὴν
950 1584 1130 1638 αἰτίαν
1169 1580 1536 1653 σημαίνειτῆς
1561 1578 1920 1651 μεταθέσεως,

343 1674 530 1746 Κάμοὶ
555 1675 704 1729 δοκεῖ
737 1674 1145 1746 μετατεθεῖσθαι
1174 1674 1272 1746 μὲν
1319 1671 1430 1727 ἀπὸ
1458 1670 1554 1725 τοῦ
1594 1669 1926 1739 ἐπαγγειλα-

339 1765 512 1836 μένου
547 1767 647 1837 μὲν
671 1765 1005 1836 ἐργάσασθαι
1040 1764 1179 1827 υἱοῦ,
1216 1764 1292 1836 μὴ
1329 1765 1433 1836 μὴν
1459 1764 1619 1836 ἔργον
1641 1762 1925 1826 ἐπιθέντος

343 1857 423 1927 τῷ
443 1857 588 1928 λόγῳ
610 1875 626 1888 ·
671 1857 914 1912 δεδόσθαι
947 1857 1005 1910 δὲ
1051 1855 1130 1927 τῷ
1162 1857 1527 1929 ἀρνησαμένῳ
1557 1857 1676 1909 κατ’
1726 1853 1926 1926 ἀρχὰς,

346 1950 496 2023 ἔργῳ
522 1950 579 2004 δὲ
603 1951 696 2004 ἐπὶ⁸
725 1951 866 2004 τέλει
891 1950 953 2003 τὸ
991 1948 1240 2013 εὐπειθὲς
1265 1948 1647 2020 ἐνδειξαμένῳ,

420 2119 758 2190 Σαφέστερος
783 2119 826 2173 δ’
843 2119 910 2173 ἂν
933 2120 1017 2191 εἴη
1040 2120 1068 2173 ό
1091 2118 1270 2187 λόγος,
1302 2120 1352 2172 εί
1401 2117 1463 2171 τὺ
1488 2117 1738 2189 θεοσεϐὲς
1781 2116 1922 2171 πολὺ

350 2228 530 2282 τευμα
569 2210 630 2263 τὸ
667 2211 768 2280 τῆς
806 2209 942 2263 Θεοῦ
979 2209 1256 2280 βασιλείας
1286 2209 1484 2265 οἰκεῖον
1513 2211 1605 2264 τὸν
1635 2209 1934 2282 ἀμπελῶνα

354 2301 494 2369 εἶναι
520 2295 872 2374 ἐπιλάϐξκμεν⁸
907 2303 1207 2375 προτέρους
1237 2303 1293 2357 δὲ
1329 2302 1494 2356 αὐτοῦ
1521 2299 1798 2379 γεωργοὺς
1833 2300 1932 2354 οὐκ

347 2396 532 2468 ὀρθῶς
559 2395 934 2469 κεχρημένους
962 2398 1028 2467 τῇ
1054 2396 1308 2468 ἐργασίᾳ,
1339 2395 1467 2459 τοὺς
1491 2395 1754 2467 πρότερον
1782 2393 1933 2467 παρὰ

367 2489 642 2552 Ἰουδαίοις
671 2489 769 2559 τῆς
803 2489 952 2552 θείας
1005 2487 1260 2558 γνώσεως
1301 2486 1762 2558 κατηξιωμένους,
1807 2487 1933 2551 τοὺς

354 2582 558 2644 αὐτοὺς
585 2581 744 2643 ὄντας
789 2581 869 2633 ἐνὶ
911 2579 1018 2634 τῶν
1055 2578 1183 2634 υἱῶν
1215 2579 1295 2650 τῷ
1325 2577 1762 2649 διαϐεϐλημένῳο
1811 2577 1932 2630 δευ-

351 2676 551 2745 τέρους
592 2674 648 2727 δέ
683 2675 981 2745 γεωργοὺς,
1011 2674 1138 2737 τοὺς
1191 2671 1282 2726 τὸν
1338 2673 1682 2745 ὀφειλόμενον
1724 2674 1936 2745 καρπὸν

361 2765 504 2819 κατὰ
536 2767 725 2836 καιρὸν
749 2765 1118 2829 ἀποδιδόντας,
1146 2765 1272 2827 τοὺς
1313 2762 1373 2828 ἐξ
1397 2764 1562 2817 ἐθνῶν
1585 2764 1671 2818 διά
1701 2761 1936 2833 Χριστοῦ

358 2859 460 2926 τὴν
495 2855 586 2909 τοῦ
614 2855 748 2942 Θερῦ
775 2854 977 2923 γνῶσιν
1003 2853 1378 2926 ἀνειληφότας,
1409 2856 1534 2917 τοὺς
1559 2855 1755 2915 αὐτοὺς
1780 2854 1938 2917 ὄντας

352 2948 440 3017 ’τῷ
463 2947 562 3017 υἱῷ
585 2947 663 3018 τῷ
691 2948 751 3000 τὸ
779 2945 1029 3009 εὐπειθὲς
1055 2947 1150 3000 καὶ
1167 2947 1404 3018 ὑπήκοον
1433 2946 1509 3016 τῷ
1537 2947 1705 3018 πατρὶ
1752 2946 1939 3018 ἔργοις

361 3039 804 3110 ἐπιδεδειγμένῳ.
831 3039 904 3092 Τὸ
933 3037 990 3091 δὲ
1015 3037 1188 3091 αἴτιον
1214 3037 1308 3091 τοῦ
1337 3038 1605 3110 ληφθῆναι
1641 3041 1769 3112 παρ’
1795 3041 1939 3094 ἐκεί·
1966 3083 2011 3142 c

356 3149 472 3185 νων
503 3132 593 3184 τὸν
636 3130 956 3200 ἀμπελῶνα,
1008 3131 1130 3182 ἐπεὶ
1175 3131 1250 3200 μὴ
1294 3129 1511 3202 εἴρηται
1559 3129 1648 3184 διὰ
1691 3131 1792 3202 τῆς
1828 3131 1938 3185 τῶν

363 3224 498 3279 υἱῶν
519 3223 853 3296 παραϐολῆς,
874 3210 1185 3292 ἀναγκαίως
1204 3221 1292 3275 διὰ
1313 3222 1411 3292 τῆς
1443 3222 1580 3293 μετά
1601 3226 1789 3294 χεῖρας
1805 3243 1946 3298 παρ-

369 3318 573 3386 ίστησι.
624 3314 796 3368 Τοῦτο
827 3314 872 3368 δ’
905 3310 975 3386 ἦν
1000 3314 1058 3368 τὸ
1095 3313 1170 3392 μὴ
1218 3314 1357 3367 κατὰ
1394 3314 1486 3368 τὸν
1526 3315 1713 3369 δέοντα
1756 3318 1944 3389 καιρὸν

363 3408 658 3478 ἀποδοῦναι
709 3409 836 3470 τοὺς
891 3409 1136 3478 καρποὺς
1187 3407 1263 3477 τῷ
1309 3406 1691 3479 οἰκοδεσπότῃ·
1735 3410 1827 3462 καὶ
1881 3409 1945 3462 οὐ

366 3503 528 3555 τοῦτο
555 3504 734 3570 μόνον,
767 3500 903 3553 ἀλλά
935 3501 1030 3553 καὶ
1055 3499 1116 3552 τὸ
1140 3499 1526 3556 ἐπιϐουλεῦσαι
1544 3503 1656 3564 τοῖς
1686 3502 1951 3560 ἀπεσταλ-

375 3596 557 3674 μένοις
585 3595 676 3648 ἐπὶ
709 3593 869 3663 λήψει
898 3592 1004 3645 τῶν
1027 3591 1251 3666 καρπῶν
1288 3591 1524 3655 δούλοις
1558 3592 1652 3646 καὶ
1684 3573 1743 3646 οὐ
1788 3573 1948 3646 τοῦτο

373 3661 560 3761 μόνον,
595 3686 734 3741 ἀλλὰ
761 3661 856 3740 καὶ
894 3687 956 3758 τὸ
981 3684 1081 3755 υἱῷ
1101 3661 1296 3756 ’χεῖρας
1327 3684 1604 3738 ἐπιϐαλεῖν
1646 3661 1944 3757 τολμῆσαι·

371 3784 433 3850 ὃν
463 3781 794 3850 ἐπιγνόντες,
827 3779 925 3832 καὶ
967 3777 1130 3846 αὐτὸν
1167 3773 1304 3830 εἶναι
1333 3777 1422 3830 τὸν
1451 3777 1565 3829 υἱὸν
1605 3775 1701 3830 τοῦ
1747 3776 1949 3844 οἰκοδε-

377 3875 577 3930 σπότου
611 3873 1061 3948 ὁμολογήσαντες,
1088 3871 1236 3942 ὅμως
1265 3869 1496 3932 ἀνεῖλον,
1541 3868 1727 3922 ἀσεϐεῖ
1747 3870 1951 3940 χρησά-

382 3987 534 4038 μενοι
559 3965 824 4042 λογισμῷ.
859 3965 980 4040 Τῶν
1010 3966 1067 4036 δὲ
1087 3963 1254 4040 τριῶν
1285 3961 1610 4033 παραϐολῶν
1640 3959 1733 4014 τοῦ
1776 3961 1953 4031 ἀμπε-

379 4061 570 4134 λῶνος,
595 4060 696 4129 τήν
726 4058 822 4128 μὲν
874 4055 1096 4128 πρώτην
1137 4059 1249 4128 τοῖς
1287 4055 1452 4107 αὑτοῦ
1483 4053 1754 4126 μαθηταῖς
1780 4051 1952 4123 παρέ-

377 4156 530 4215 θετο,
554 4153 611 4206 ἐν
623 4154 689 4222 τῇ
712 4140 970 4220 Γαλιλαίᾳ
987 4133 1082 4203 σὺν
1107 4150 1290 4211 αὐτοῖς
1313 4147 1632 4217 ποιούμενος
1652 4144 1951 4216 διατριϐάς·

379 4246 572 4317 διόπερ
599 4245 802 4307 πάντας
831 4241 1148 4327 ἀνθρώπους
1189 4240 1425 4311 ἐργάτας
1457 4241 1642 4309 εἰσῆγε
1685 4235 1958 4320 διαφόροις

289 4408 297 4417 ,
379 4338 554 4414 ᾥραις
595 4337 992 4407 κεκλημένους·
1048 4331 1422 4396 ὺπακούοντάς
1468 4349 1528 4384 τε
1565 4331 1694 4393 τοὺς
1725 4329 1954 4390 πάντας,

2012 493 2073 532 re
2099 480 2312 532 demum
2365 473 2654 536 intellecta,
2698 470 3049 525 infortunium
3110 481 3140 520 a
3186 479 3245 520 se
3307 458 3580 531 deprecati

2015 580 2161 626 sunt.
2195 568 2368 623 Porro
2393 567 2531 636 apud
2567 563 2877 620 Matthaenm
2913 559 3086 615 tribus
3119 559 3185 611 de
3217 556 3374 610 vinea
3423 565 3585 622 para-

2015 662 2154 721 bolis
2207 661 2284 715 rei
2334 659 2496 728 hujus
2542 657 2750 712 mentio
2782 655 2876 707 ﬁt:
2908 665 3216 721 quanquam
3257 647 3433 718 prima
3460 643 3584 713 qui-

2017 755 2137 810 dem
2167 753 2212 787 ”
2249 745 2412 805 v'ariaa
2440 750 2652 806 illorum
2688 745 3000 799 vocationes
3031 741 3434 808 exprimuntur,
3492 733 3584 801 qui

2018 847 2085 900 ad
2131 844 2300 900 vineae
2330 843 2596 896 culturam
2628 844 3031 900 convenerunt;
3082 831 3278 902 quibus
3331 828 3589 884 omnibus

2018 952 2118 1008 par
2155 935 2364 991 denarii
2399 948 2607 988 merces
2632 930 2891 986 attributa
2927 934 3028 980 est.
3061 927 3243 979 Altera
3278 918 3534 991 parabola
3568 918 3586 950 ¹

2020 1031 2248 1086 duorum
2292 1027 2503 1081 vocatio
2540 1025 2774 1078 ﬁliorum
2811 1019 3137 1080 ostenditur,
3180 1029 3409 1085 quorum
3453 1009 3592 1064 alter

2021 1121 2197 1192 primo
2253 1118 2395 1174 haud
2448 1117 2747 1184 morigerus
2801 1112 2927 1177 fuit,
2964 1109 3057 1164 sed
3109 1109 3324 1162 demum
3355 1101 3588 1158 olﬁcium

2021 1212 2299 1283 praestitit,
2326 1221 2488 1280 atque
2516 1209 2568 1260 in
2612 1207 2766 1261 vinea
2795 1213 3052 1272 operatus
3075 1209 3160 1254 est
3185 1217 3200 1253 :
3247 1197 3385 1252 alter
3409 1205 3590 1251 autem

2025 1307 2165 1360 lilius
2193 1303 2533 1359 contrarium
2567 1300 2839 1369 ingenium
2872 1310 2983 1365 pra:
3021 1307 3081 1346 se
3121 1291 3262 1345 tulit.
3305 1288 3411 1343 Sed
3451 1303 3593 1359 prae-

2023 1406 2175 1453 sente
2199 1396 2414 1450 demum
2445 1391 2695 1462 parabola
2733 1389 3052 1442 translatam
3083 1383 3305 1439 omnino
3334 1380 3594 1436 Servatur

2025 1488 2184 1542 docet
2230 1486 2402 1539 vinea:
2459 1483 2780 1538 locationem
2827 1493 2855 1535 a
2902 1475 3175 1546 prioribus
3225 1471 3479 1541 agricolis
3525 1469 3594 1526 ad

2025 1578 2406 1648 posteriores;
2447 1586 2777 1642 causamque
2841 1566 3217 1623 translationis
3278 1563 3473 1634 aperit.
3528 1561 3599 1616 Et

2029 1668 2160 1723 mihi
2207 1667 2422 1721 videtur
2471 1663 2733 1719 translata
2787 1661 2956 1713 vinea:
3011 1659 3211 1712 locatio
3260 1656 3328 1709 ab
3359 1669 3424 1709 eo
3463 1653 3595 1717 ﬁlio,

2028 1763 2118 1833 qui
2153 1776 2211 1816 se
2248 1767 2595 1829 operaturum
2625 1757 2847 1825 recepit,
2877 1768 2999 1807 mox
3038 1751 3206 1805 verba
3249 1749 3304 1802 in
3339 1761 3451 1802 rem
3486 1760 3596 1800 non

2029 1852 2303 1916 contulit;
2341 1849 2536 1904 tradita
2581 1856 2761 1901 autem
2793 1845 2868 1898 illi
2909 1845 2999 1913 qui
3037 1841 3195 1897 initio
3232 1839 3449 1910 quidem
3477 1834 3598 1892 oﬂi-

2030 1947 2173 2001 cium
2207 1942 2552 2003 detrectavit,
2582 1939 2676 1994 sed
2709 1953 2829 1992 mox
2866 1950 3031 2004 opere
3060 1933 3420 1989 obedientiam
3461 1943 3600 1999 prte-

2029 2037 2188 2093 stitit.

2106 2127 2215 2181 Sed
2252 2126 2394 2179 cnim
2427 2123 2598 2194 magis
2639 2121 2958 2192 perspicuus
3005 2130 3184 2178 sermo
3229 2113 3343 2180 ﬁet,
3397 2111 3443 2167 si
3477 2109 3602 2166 reli-

2032 2224 2236 2295 giusam
2270 2222 2464 2285 vitam,
2485 2233 2606 2289 quae
2635 2216 2800 2272 divini
2829 2213 2976 2284 regni
3006 2211 3221 2282 propria
3256 2216 3359 2271 est,
3390 2206 3600 2260 vineam

2032 2292 2154 2368 esse
2193 2311 2541 2382 putabimus:
2591 2315 2752 2375 atque
2797 2305 2874 2357 ita
2923 2300 3134 2371 priores
3181 2295 3298 2366 ejus
3343 2292 3602 2354 cultores,

2034 2406 2123 2478 qui
2157 2405 2478 2471 nonjustam
2500 2413 2718 2468 operam
2744 2397 2796 2450 in
2829 2408 2891 2449 ea
2925 2391 3360 2452 collocaverunt,
3389 2383 3605 2440 Judteos

2034 2473 2157 2555 esse
2201 2495 2510 2554 credemus,
2543 2489 2634 2558 qui
2679 2486 2838 2557 primi
2892 2473 3070 2539 divina
3107 2478 3297 2538 notitia
3321 2476 3607 2546 dignanter

2039 2587 2334 2646 collustrati
2395 2583 2674 2639 fuerunt:
2733 2581 2897 2646 hique
2950 2588 3106 2644 pares
3153 2579 3280 2625 sunt
3331 2568 3407 2623 illi
3449 2563 3604 2620 alteri

2041 2680 2175 2744 ﬁlio,
2205 2693 2365 2748 quem
2409 2671 2754 2744 evangelicus
2785 2681 2965 2725 sermo
2993 2666 3238 2725 damnat,
3270 2657 3608 2716 Posteriores

2040 2783 2220 2837 autem
2252 2769 2510 2832 cultores,
2543 2765 2636 2839 qui
2666 2762 2904 2824 debitum
2945 2757 3180 2816 fructum
3226 2767 3326 2808 suo
3363 2760 3610 2817 tempore

2041 2863 2436 2921 exbibuerunt,
2453 2835 2699 2912 ethnicos
2727 2846 3187 2910 existimabimus,
3213 2843 3300 2914 qui
3327 2853 3426 2910 per
3452 2835 3610 2894 Chri-

2044 2967 2186 3011 stum
2238 2953 2333 3007 Dei
2385 2950 2628 3008 nutitiam
2665 2949 3012 3012 receperunt,
3040 2935 3354 3004 similesque
3386 2930 3464 2992 illi
3499 2929 3612 2984 ﬁlio

2045 3053 2358 3109 evaserunt,
2386 3044 2479 3117 qui
2522 3037 2660 3110 patri
2691 3033 3011 3103 obsequium
3042 3040 3098 3084 et
3124 3026 3488 3083 obedientiam
3523 3037 3614 3077 re-

2001 3117 2011 3149 !
2049 3141 2164 3210 ipsa
2209 3114 2436 3202 testatus
2476 3139 2586 3186 est.
2623 3124 2739 3184 Jam
2781 3138 3003 3180 causam
3058 3120 3253 3176 ablatae
3288 3117 3393 3173 illis
3421 3114 3614 3177 vincar,

2045 3205 2175 3303 quia
2219 3230 2272 3294 in
2327 3226 2562 3280 ﬁliorum
2614 3219 2868 3292 parabola
2917 3216 3177 3272 Servatur
3206 3225 3311 3264 non
3350 3207 3508 3271 dixit,
3534 3205 3617 3261 ld-

2046 3299 2194 3387 circo
2233 3329 2457 3371 necesse
2483 3311 2668 3365 fuitut
2703 3309 2829 3372 hac,
2860 3321 2981 3374 qua:
3008 3304 3064 3357 in
3105 3299 3356 3355 manibus
3390 3304 3496 3360 est,
3523 3309 3618 3365 pa-

2048 3409 2230 3482 rabola
2273 3404 2625 3477 patefaceret.
2671 3399 2846 3454 Causa
2884 3410 3013 3450 vero
3063 3393 3183 3455 fuit,
3232 3390 3354 3459 quia
3380 3401 3489 3441 non
3517 3399 3619 3441 suo

2051 3516 2295 3574 tempore
2335 3499 2544 3553 fructus
2572 3495 2790 3550 domino
2845 3490 3056 3544 debitos
3095 3483 3451 3547 obtuierunt:
3481 3493 3620 3549 prae-

2050 3567 2306 3661 tereaque
2356 3587 2534 3642 servis
2584 3584 2651 3653 ad
2693 3579 3027 3651 colligendos
3070 3576 3280 3633 fructus
3332 3567 3620 3628 submissis

2049 3659 2277 3741 exitium
2306 3680 2478 3736 moliti
2503 3687 2622 3747 sunt
2647 3690 2662 3729 :
2691 3673 2917 3728 necdum
2946 3669 3032 3732 bis
3053 3659 3621 3727 maleﬁciiscuntenti,

2049 3778 2160 3846 lilio
2191 3775 2293 3844 ipsi
2327 3768 2521 3826 aﬂ'erre
2545 3770 2738 3834 manus
2781 3778 2886 3818 non
2922 3759 3274 3818 dubitarunt:
3304 3767 3464 3824 quem
3491 3765 3623 3806 sane

2053 3843 2315 3946 agnitum,
2345 3875 2508 3932 atque
2535 3857 2736 3915 domini
2761 3856 2930 3910 ﬁlium
2955 3867 3058 3907 non
3076 3847 3386 3913 diliitentes,
3415 3843 3618 3898 nihilo-

2054 3937 2233 4017 minus
2278 3958 2443 4026 impio
2482 3950 2712 4009 consilio
2747 3949 3158 4002 interemerunt.
3211 3941 3389 4008 Atque
3427 3937 3622 3991 harum

2056 4056 2128 4109 de
2160 4053 2312 4106 vinea
2343 4045 2722 4122 parabolarnm
2763 4040 2924 4101 trium
2957 4036 3185 4106 primam
3214 4027 3494 4098 discipulis
3515 4026 3628 4082 suis

2058 4143 2312 4200 recitavit
2347 4141 2626 4202 Servatur,
2650 4137 2774 4190 dum
2805 4133 2858 4187 in
2893 4128 3114 4186 Galiltea
3167 4139 3289 4181 cum
3334 4122 3402 4177 iis
3440 4133 3628 4174 versa-

2061 4248 2232 4295 retur.
2268 4235 2452 4302 Quare
2491 4241 2546 4285 et
2570 4243 2759 4284 omnes
2788 4224 3034 4281 homines
3057 4219 3192 4284 dixit
3219 4215 3449 4270 diversis
3480 4209 3630 4267 boris

2060 4328 2125 4382 ad
2154 4303 2370 4396 operam
2397 4331 2614 4376 vocatos
2635 4337 2649 4385 ;
2673 4318 2763 4393 qui
2791 4313 2969 4372 cuncti
3001 4311 3399 4378 obtemperant,
3424 4315 3633 4374 parem-

382 4393 482 4490 κάὶ
517 4393 703 4506 μισθὸν
723 4393 1096 4501 λαμϐάνοντας
1126 4427 1216 4481 τὸν
1249 4393 1414 4480 αὐτόν
1428 4443 1441 4455 ·
1471 4425 1569 4494 τὴν
1607 4422 1663 4492 δὲ
1705 4420 1942 4490 δευτέραε

2068 4435 2171 4489 que
2203 4416 2504 4474 mercedem
2546 4412 2787 4480 capiunt.
2813 4405 3124 4467 Secundam
3163 4396 3474 4471 parabolam
3505 4393 3632 4447 Hie-

384 4529 444 4581 ἐν
484 4524 873 4596 Ἰεροσολύμοις
898 4521 1207 4592 γενόμενος,
1229 4518 1372 4571 ἔνδον
1397 4533 1455 4584 τε
1484 4518 1540 4568 ἐν
1566 4512 1710 4590 αὐτῷ
1725 4511 1801 4582 τῷ
1831 4509 1960 4591 ἱερῷ

383 4619 673 4678 διδάσκων,
699 4618 812 4679 τοῖς
842 4613 1188 4685 ἀρχιερεῦσιν
1227 4610 1421 4678 ἐπῆγε,
1458 4608 1551 4680 καὶ
1580 4609 1693 4670 τοῖς
1733 4605 1964 4679 πρεσϐυο

386 4713 566 4783 τέροις
622 4709 717 4763 τοῦ
773 4706 926 4772 λαοῦ,
980 4703 1118 4776 μετά
1157 4701 1353 4755 πολλοῦ
1391 4699 1486 4752 τοῦ
1528 4697 1961 4768 παραστήματος

389 4800 718 4870 ἐλεγκτικῶς
758 4800 934 4869 φήσας
959 4793 1094 4866 πρὸς
1125 4795 1344 4862 αὐτοὺς,
1483 4791 1592 4863 ἄρα
1636 4791 1685 4842 οἱ
1735 4787 1963 4840 τελῶναι

392 4897 488 4970 καὶ
511 4896 568 4947 αἱ
590 4894 784 4965 πόρναι
811 4892 1100 4962 προάγοιεν
1125 4887 1319 4948 αὐτοὺς
1336 4887 1416 4947 εἰς
1439 4884 1535 4954 τὴν
1561 4881 1832 4954 βασιλείαν
1858 4878 1967 4930 τῶν

391 4985 666 5055 οὐρανῶν·
706 4983 800 5037 καὶ
825 4982 1015 5052 τρίτην
1049 4978 1105 5052 δὲ
1130 4978 1241 5039 τοῖς
1285 4975 1466 5037 αὐτοῖς
1501 4961 1811 5039 ἀναγκαῖως
1847 4985 1974 5037 προ-

467 5097 713 5152 "Matth.
752 5111 846 5158 xx,
888 5092 1034 5148 i-l6.
1114 5093 1130 5123 ί
1163 5089 1351 5144 Matth.
1401 5101 1513 5151 ut,
1543 5081 1736 5138 28-30.

397 5232 554 5296 simu,
572 5227 816 5282 devariis
846 5223 1420 5292 vinem'paralwlis,ea
1452 5221 1704 5296 absunt_a
1736 5215 1964 5296 Syriaca

399 5284 776 5366 Theopham'a‘;
793 5298 1021 5363 ideoque
1044 5284 1108 5348 ex
1130 5284 1736 5366 commentariispotius
1752 5284 1971 5366 Eusebii

398 5373 454 5426 in
486 5355 778 5436 Evangelia
803 5367 905 5419 huc
933 5355 1058 5436 esse
1098 5360 1584 5436 transla‘taaliqjtis
1617 5355 1970 5436 existimabit.

401 5425 509 5495 Sed
535 5425 684 5492 certe
718 5438 770 5489 in
810 5436 995 5490 codice
1036 5435 1105 5490 A.
1132 5449 1184 5501 p.
1209 5431 1339 5486 εδει.
1366 5425 1575 5484 b.4265.
1631 5443 1705 5501 a_.,
1738 5435 1798 5501 ut
1823 5425 1974 5501 dixi,

397 5513 516 5568 sine
532 5507 635 5568 ulla
655 5507 1050 5574 intercapedine
1086 5496 1282 5574 iacent,
1309 5514 1498 5554 nomen
1519 5514 1623 5566 que
1646 5496 1855 5574 Eusebii
1884 5510 1975 5562 ge-

397 5589 552 5634 runt.
588 5576 714 5630 Mihi
756 5568 934 5630 autém
972 5568 1150 5643 partes
1181 5573 1277 5624 lias
1318 5581 1423 5623 tam
1451 5577 1599 5622 arcte
1621 5568 1978 5643 cohaerentes,

400 5661 515 5712 tum
557 5645 848 5708 sententia,
892 5637 1002 5698 tum
1054 5644 1189 5702 loco,
1222 5655 1481 5712 separare
1531 5650 1623 5712 aut
1663 5637 1974 5712 discerpere

396 5707 624 5794 prorsus
645 5733 754 5771 non
780 5715 993 5771 licebat.
1033 5713 1141 5768 Hoc
1161 5712 1266 5777 aio,
1290 5707 1428 5780 quia
1455 5710 1680 5764 credere
1721 5707 1804 5759 vel
1844 5719 1969 5773 spe-

2065 4506 2370 4579 rosolymis,
2405 4503 2531 4568 dum
2561 4503 2698 4553 intra
2723 4496 2978 4566 templum
3008 4493 3249 4555 doceret,
3290 4499 3470 4540 coram
3503 4497 3634 4553 pon-

2068 4599 2307 4654 tiﬁcibus
2364 4577 2651 4664 pupulique
2706 4588 3025 4647 senioribus
3076 4584 3260 4647 dixit;
3314 4589 3369 4635 et
3417 4577 3634 4646 quidem

2067 4686 2584 4744 conﬁdentissimum
2647 4681 2854 4734 addidit
2907 4674 3356 4746 increpationem,
3405 4669 3523 4724 fore
3577 4675 3638 4720 ut

2070 4782 2220 4850 ipsos
2245 4778 2518 4848 publicani
2549 4790 2612 4830 ac
2647 4771 2968 4847 meretrices
3009 4769 3064 4822 in
3113 4765 3378 4821 caelorum
3415 4772 3638 4829 regnum

2071 4870 2466 4942 praecederent.
2500 4865 2738 4939 Tertiam
2767 4861 3001 4928 denique
3027 4856 3166 4926 apud
3193 4854 3410 4910 eusdetn
3448 4863 3640 4904 neces-

2078 4964 2225 5019 sario
2277 4960 2590 5031 parabolam
2635 4957 2876 5028 protulit,
2925 4966 3118 5010 causas
3190 4947 3521 5007 edisserens,
3570 4943 3642 4997 ob

2072 5225 2195 5266 rare
2221 5209 2345 5264 licet
2363 5207 2641 5278 Syriacam
2668 5202 3057 5273 Tlieophauiam
3089 5197 3228 5268 apud
3245 5196 3460 5278 Syrum.
3475 5193 3647 5278 inter-

2073 5263 2279 5352 preteui
2302 5263 2592 5352 integram
2631 5263 2945 5352 lessefnon
2990 5263 3169 5352 autem
3210 5263 3500 5352 aliquando
3533 5263 3646 5346 fur-

2079 5335 2222 5404 iasse
2271 5335 2568 5402 breviavtam
2625 5345 2763 5412 (sive
2813 5359 2908 5410 per
2956 5342 3030 5395 rei
3070 5338 3477 5412 compendium,
3531 5335 3648 5389 sive

2078 5437 2174 5490 per
2201 5415 2600 5490 omissionem),
2620 5407 2760 5490 sicut
2791 5407 2938 5490 certe
2967 5410 3162 5490 accidit
3196 5407 3388 5488 lgtiatii
3439 5415 3646 5490 marty-

2081 5475 2156 5544 ris
2183 5489 2451 5558 epistolis,
2477 5475 2616 5553 quas
2641 5484 2812 5558 Syrus
2850 5484 3114 5558 interpres
3144 5475 3416 5558 breviores
3443 5475 3648 5530 Graecis

2083 5549 2349 5613 interdum
2387 5549 2595 5609 recitat.
2641 5549 2829 5608 Nonne
2877 5567 3007 5604 vero
3054 5549 3382 5613 Qua'stioues
3432 5558 3648 5612 quoque

2083 5627 2300 5683 Eusebii
2326 5624 2670 5694 euangelicos,
2705 5626 2754 5675 in
2779 5622 2964 5694 codice
2989 5620 3106 5673 Vat.
3138 5615 3648 5694 Palatit_t_o__slutliuse

2084 5699 2150 5753 ab
2182 5683 2668 5768 anonymo'vetcre
2697 5693 2990 5761 breviatas,
3019 5705 3116 5745 nos
3146 5689 3242 5758 ipsi
3270 5683 3574 5743 edidimus!
