3858 6214
285 272 392 331 639

1007 269 1279 328 EUSEBII
1316 270 1801 329 CAISARIENSIS
1837 270 1988 328 OPP.
2030 270 2215 327 PARS
2252 269 2346 328 IV.
2381 299 2455 314 —-
2489 265 2910 325 DOGMATICA.

3441 267 3550 325 διο

283 408 422 465 quas
447 391 709 448 caelorum
758 405 985 460 regnum
1030 392 1116 448 his
1174 401 1443 464 ereptum,
1474 396 1540 449 ad
1582 394 1718 450 alios
1746 410 1838 449 era

1968 392 2125 462 φέρει
2169 391 2270 459 τὰς
2315 388 2498 454 αἰτίας
2546 386 2840 459 παριστὰς,
2871 386 2939 439 δι’
2973 386 3039 450 ἀς
3065 384 3289 458 ἔμελλεν
3316 389 3396 450 εἰς
3437 387 3549 442 ἑτέ-

283 480 727 539 transferendum
756 499 771 535 :
804 492 1027 551 tresque
1057 485 1282 539 omnino
1313 500 1509 539 causas
1547 488 1860 556 recensuit;

280 578 537 646 primam,
567 575 635 630 de
665 573 936 631 fructibus
968 591 1105 644 quos
1140 577 1373 647 improbi
1404 580 1660 651 agricolae
1688 583 1861 638 abne-

1971 503 2100 558 ρους
2142 483 2524 557 μετατίθεσθαι
2572 482 2951 555 ἀφαιρουμένη
2985 482 3044 549 ἐξ
3082 482 3260 535 αὐτῶν
3308 484 3342 554 ὴ
3397 482 3548 553 βασι-

1968 578 2089 633 λεία
2108 577 2218 632 τῶν
2251 576 2521 650 οὐρανῶν.
2550 577 2713 648 Τρεῖς
2734 576 2790 628 δὲ
2816 573 2916 638 τὰς
2953 574 3133 636 πάσας
3162 572 3344 637 αἰτίας
3373 591 3545 628 κατα-

278 675 589 735 gaverunt:
617 681 796 736 neque
821 667 968 723 enim
995 667 1264 738 imperata
1293 670 1561 737 fecerunt,
1590 674 1685 741 sed
1716 674 1838 744 lege

1968 671 2136 740 λέγει·
2170 669 2397 743 πρώτην
2430 669 2553 742 μὲν,
2582 670 2681 739 τὴν
2710 668 2837 739 περὶ
2860 667 2988 730 τοὺς
3029 667 3273 739 καρποὺς
3297 666 3547 737 ἀγνωμο-

274 759 356 814 eis
405 758 548 813 latas
600 758 965 815 violaverunt.
1010 759 1245 816 Causam
1306 761 1562 827 alteram,
1612 763 1857 820 facinora

276 852 539 907 adversus
564 852 859 921 prophetas
889 852 1065 909 dixit:
1096 853 1150 908 bi
1178 854 1379 925 quippe
1418 856 1693 925 prannissi
1740 857 1860 913 fue-

274 953 402 997 rant
433 944 579 998 servi
604 942 720 998 Dei.
763 942 1003 999 Tertiam
1033 944 1267 1015 denique
1290 962 1512 1002 causam
1542 949 1728 1004 attulit
1764 967 1859 1022 pa-

1969 763 2135 835 σύνην
2162 763 2271 816 τῶν
2291 761 2583 835 γεωργῶν⁹
2616 762 2677 815 οὐ
2711 761 2823 833 γάρ
2858 758 3123 831 ἔπραττον
3147 758 3286 813 κατά
3304 757 3372 812 τὰ
3400 776 3545 830 παρ-

1963 855 2279 928 ηγγελμένα
2323 856 2506 919 αὐτοῖς
2535 854 2674 927 (65),
2707 852 3024 926 παραϐάται
3052 850 3107 903 δὲ
3128 852 3422 922 ἐτύγχανον
3448 850 3544 904 τοῦ

1962 942 2209 1014 δοθέντος
2264 949 2447 1013 αὐτοῖς
2489 947 2654 1020 νόμου
2673 964 2689 979 σ
2719 946 2976 1019 δευτέραν
3008 944 3085 1011 δὲ,
3117 943 3212 1016 τὴν
3259 943 3402 997 κατὰ
3436 944 3547 995 τῶν

275 1033 620 1090 trisfamilias
672 1035 844 1090 filium
875 1053 1097 1092 caesum.
1131 1038 1496 1105 Quamobrem
1530 1041 1637 1097 fusi
1679 1046 1838 1099 omni:

1965 1041 2260 1114 προφητῶν
2290 1039 2614 1112 ἐπιϐουλήν⁸
2638 1031 2784 1093 οῦτοι
2812 1038 2921 1110 γὰρ
2940 1033 3079 1109 ἦσαν
3097 1038 3146 1090 οἱ
3177 1035 3547 1108 προαπεσταλο

271 1127 554 1197 sanguinis
604 1142 780 1196 poenae
828 1128 896 1183 ab
945 1130 1012 1184 iis
1075 1144 1456 1200 reposcentnr,
1506 1148 1537 1189 a
1595 1136 1858 1206 sanguine

265 1217 403 1287 justi
446 1218 639 1275 Abelis
670 1235 842 1291 usque
873 1221 940 1275 ad
978 1224 1300 1295 sanguinem
1334 1222 1634 1282 Zachariae.

338 1486 464 1543 llaec
508 1488 857 1558 pontificibus
886 1499 1051 1561 atque
1085 1491 1391 1550 senioribus
1428 1497 1479 1551 in
1513 1496 1706 1553 faciem
1745 1500 1852 1556 ob-

261 1578 427 1647 jecta,
476 1596 582 1634 non
618 1582 893 1638 mediocre
925 1584 1012 1641 his
1060 1587 1316 1655 probrum
1356 1592 1636 1646 creabant.
1671 1594 1852 1660 Quare

1965 1133 2116 1204 μένοι
2153 1134 2249 1186 τοῦ
2297 1131 2434 1187 Θεοῦ
2481 1131 2692 1187 δοῦλοι·
2743 1129 2839 1183 καὶ
2878 1128 3091 1202 τρίτην,
3135 1128 3235 1199 τὴν
3269 1126 3410 1181 κατὰ
3451 1126 3545 1179 τοῦ

1962 1223 2077 1277 υἱοῦ
2102 1224 2194 1277 τοῦ
2226 1224 2610 1278 οἰκοδεσπότου
2656 1222 2991 1295 μιαιφονίαν,
3014 1222 3081 1275 δι’
3103 1222 3170 1292 ἥν
3193 1220 3451 1291 ὲκδικηθή
3462 1237 3532 1273 σε-

1957 1332 2049 1369 ται
2082 1315 2140 1384 ἐξ
2165 1317 2347 1371 αὐτῶν
2386 1318 2495 1371 πᾶν
2542 1310 2705 1388 αἷμα,
2734 1315 2842 1370 ἀπὸ
2890 1314 3122 1386 αἵματος
3142 1313 3308 1367 Ἀϐελ
3336 1312 3431 1366 τοῦ
3469 1313 3545 1366 δι-

1960 1407 2117 1460 καίου
2157 1408 2350 1480 μέχρις
2376 1409 2608 1480 αἵματος
2643 1407 2933 1479 Ζαχαρίου.

2030 1498 2220 1554 Ταῦτα
2244 1500 2299 1553 δὲ
2325 1502 2404 1564 εἰς
2426 1501 2720 1572 πρόσωπον
2737 1502 2847 1563 τοῖς
2863 1496 3176 1569 ἀρχιερεῦσι
3192 1496 3287 1549 καὶ
3309 1494 3544 1567 πρεσϐυς

1958 1590 2139 1664 τέροις
2186 1592 2455 1663 λεγόμενα
2497 1593 2557 1645 οὐ
2596 1592 2824 1663 μικροὺς
2861 1592 3047 1654 αὐτοῖς
3083 1587 3344 1661 παρεῖχεν
3382 1589 3538 1656 ἐλέγ-

267 1670 529 1724 admirari
553 1671 676 1727 licet
718 1670 1092 1741 Servatorem,
1124 1677 1215 1745 qui
1244 1687 1442 1748 praeter
1472 1691 1666 1735 caetera
1698 1696 1838 1751 pote-

1956 1701 2104 1755 χους.
2133 1685 2222 1738 Διὸ
2246 1683 2340 1737 τοῦ
2367 1685 2619 1756 Σωτῆρος
2641 1684 2894 1755 θαυμάσα
2912 1682 3045 1736 ιέστι
3076 1683 3213 1754 μετά
3232 1682 3340 1736 τῶν
3365 1681 3539 1737 ἄλλων

266 1772 465 1818 statem
515 1780 736 1837 quoque
786 1769 1059 1824 sermonis
1096 1785 1289 1840 magna
1346 1787 1469 1827 cum
1519 1779 1838 1833 auctoritate

1952 1743 2043 1829 καὶ
2064 1743 2161 1848 τὴν
2195 1777 2442 1844 ἐξουσίαν
2478 1743 2573 1831 {ob
2599 1743 2778 1846 ⁷λόγου
2826 1775 2965 1847 μετά
3010 1743 3209 1847 πολλῆς
3251 1776 3537 1841 αὐθεντίας

264 1857 577 1922 exserebat,
615 1869 782 1929 atque
826 1862 1002 1915 instar
1050 1862 1253 1931 judicia
1284 1879 1501 1933 pinnam
1538 1866 1728 1922 iisdem
1765 1884 1850 1924 sa-

264 1948 605 2015 pientissime
634 1967 817 2006 coram
856 1952 1208 2009 decernebat.
1252 1954 1390 2013 Huic
1435 1968 1614 2014 autem
1642 1959 1849 2016 Serva-

264 2041 399 2096 toris
436 2043 604 2098 nostri
646 2045 922 2112 parabolas
951 2057 1240 2115 consonat,
1287 2052 1360 2105 nti
1387 2051 1588 2106 dictum
1614 2063 1721 2118 est,
1753 2053 1841 2109 illa

262 2132 434 2188 Isaize.
465 2134 571 2189 Sed
612 2146 791 2192 tamen
819 2141 1080 2209 propheta
1122 2144 1335 2199 vineam
1372 2146 1659 2219 obiurgat,
1700 2148 1845 2204 nulla

261 2225 531 2281 cultorum
581 2228 722 2284 facta
767 2235 1042 2288 mentione
1070 2256 1082 2289 :
1110 2244 1165 2289 at
1196 2250 1325 2291 vero
1350 2235 1612 2295 Servator
1642 2242 1843 2299 vinito-

260 2331 347 2371 res
366 2333 551 2372 coram
587 2321 837 2392 objurgat
860 2334 1023 2394 atque
1067 2339 1378 2394 praesentes.
1404 2329 1467 2384 Hi
1498 2348 1661 2400 porro
1688 2344 1846 2391 erant

260 2410 533 2480 principes
565 2411 840 2485 ducesque
879 2420 1099 2488 populi:
1134 2421 1273 2489 apud
1306 2438 1443 2492 quos
1464 2426 1629 2480 etiam
1665 2427 1845 2483 scelus

257 2507 520 2561 adversus
552 2524 612 2565 se
641 2510 710 2565 ab
748 2511 832 2565 his
866 2512 1192 2581 patrandum
1235 2522 1729 2575 commemoravit:
1763 2520 1844 2577 fo-

258 2613 426 2668 reque
453 2601 529 2655 ait
555 2612 614 2657 ut
649 2605 806 2658 vinea
842 2603 909 2660 iis
943 2604 1416 2680 auferatur,atqne
1438 2610 1559 2667 aliis
1599 2614 1845 2671 tradatur

256 2690 578 2747 cultoribus.
634 2692 770 2747 Exin
825 2696 1174 2763 enucleabat,
1220 2714 1465 2769 quamam
1504 2705 1630 2759 vitis
1653 2718 1839 2771 esset;

258 2794 451 2850 nempe
474 2781 564 2836 Dei
588 2797 809 2854 regnum
828 2786 1003 2841 vinea:
1022 2788 1237 2843 nomine
1251 2790 1476 2861 intelligi
1498 2794 1838 2855 declarabat:

257 2874 398 2942 quod
422 2874 638 2943 quidem
674 2876 766 2931 Dei
794 2893 1018 2948 regnum
1064 2896 1160 2950 per
1191 2882 1334 2953 piam
1369 2885 1679 2957 religionem
1709 2890 1840 2946 olim

256 2965 596 3035 principibus
621 2969 824 3037 prioris
872 2973 1056 3042 populi
1095 2975 1467 3031 concreditum
1494 2978 1692 3035 fuerat.
1734 2981 1840 3038 Sed

1948 1869 2391 1940 ἀποφηναμένου,
2428 1871 2521 1922 καὶ
2548 1870 2736 1942 κριτοῦ
2769 1868 2925 1941 δίκην
2960 1869 3057 1942 τὴν
3084 1871 3205 1924 κατ’
3248 1869 3428 1923 αὐτῶν
3456 1887 3538 1922 τι-

1950 1961 2162 2034 μωρίαν
2194 1966 2274 2025 εἰς
2302 1963 2362 2016 τὸ
2395 1962 2574 2016 αὐτῶν
2608 1962 2896 2034 πρόσωπον
2940 1961 3079 2033 μετὰ
3107 1962 3414 2032 βαθυτάτης
3447 1979 3538 2014 στο-

1947 2055 2076 2125 φίας
2105 2054 2502 2124 ὲξενεγκόντος.
2546 2055 2625 2127 Τῇ
2660 2055 2911 2128 παρούσῃ
2943 2056 3037 2110 τοῦ
3080 2057 3333 2128 Σωτῆρος
3376 2055 3533 2126 ήμῶν

1945 2147 2226 2221 παραϐολῇ
2259 2149 2471 2221 συνᾴδει
2494 2152 2526 2222 ή
2547 2150 2699 2224 παρά
2723 2149 2800 2221 τῷ
2816 2148 3118 2220 Ἡσαΐᾳ,ὡς
3136 2148 3350 2221 εἴρηται
3375 2149 3534 2217 (63’).

1945 2241 2093 2313 Πλὴν
2126 2243 2160 2313 ή
2191 2243 2293 2313 μὲν
2322 2242 2418 2297 τοῦ
2447 2245 2726 2316 προφήτου
2745 2242 2837 2297 τὸν
2857 2241 3154 2314 ἀμπελῶνα
3178 2241 3329 2312 διεμέ
3339 2258 3536 2312 μφετο,

1943 2335 2051 2388 τῶν
2097 2334 2360 2407 γεωργῶν
2406 2337 2629 2408 μνήμην
2670 2336 2920 2408 οὐδαμῶς
2965 2335 3347 2406 πεποιημένη·
3402 2337 3431 2388 ὁ
3475 2334 3532 2387 δὲ

1945 2428 2137 2499 Σωτὴρ
2158 2429 2287 2493 τοὺς
2314 2431 2593 2502 γεωργοὺς
2620 2430 2929 2502 ἀπήλεγχεν
2952 2431 3030 2492 εἰς
3053 2428 3340 2500 πρόσωπον
3364 2426 3525 2481 ἑστῶ-

1942 2537 2041 2584 τας
2098 2522 2194 2575 καὶ
2242 2523 2538 2595 παρόντας.
2588 2517 2747 2577 Οὗτοι
2781 2522 2825 2576 δ’
2865 2518 3006 2594 ἦσαν
3046 2522 3097 2574 οἱ
3130 2520 3390 2591 ἄρχοντες
3438 2521 3532 2573 καὶ

1941 2613 2237 2685 ἡγούμενοι
2262 2614 2356 2668 τοῦ
2386 2614 2516 2668 λαοῦ
2542 2633 2554 2646 ·
2587 2610 2668 2680 οἷς
2695 2613 2830 2686 ὁμοῦ
2859 2614 2955 2667 καὶ
2986 2613 3053 2684 ἢν
3077 2615 3389 2684 ποιήσονται
3408 2612 3530 2665 κατ’

1942 2705 2106 2761 αὐτοῦ
2138 2707 2429 2780 ἐπιϐουλὴν
2472 2708 2658 2778 ἐδήλου
2678 2724 2691 2738 ’
2736 2708 2831 2761 καὶ
2861 2706 2936 2770 ὼς
2970 2704 3271 2778 ἀρθήσεται
3304 2707 3399 2758 ἀπ’
3435 2705 3532 2756 αὐ-

1942 2798 2047 2853 τῶν
2092 2802 2121 2854 ό
2177 2801 2458 2872 ἀμπελὼν,
2517 2802 2609 2855 καὶ
2655 2801 2935 2872 δοθήσεται
2969 2799 3176 2869 ἑτέροις
3237 2799 3530 2869 γεωργοῖς,

1941 2889 2229 2962 προῦλεγεο
2255 2892 2531 2964 διασαφῶν
2566 2894 2764 2965 ἐφεξῆς
2788 2892 2870 2956 τίς
2901 2909 3026 2945 ποτε
3061 2893 3144 2963 εἴη
3174 2893 3202 2945 6
3240 2890 3526 2961 ἀμπελὼν,

1941 2983 2036 3037 καὶ
2063 2982 2330 3040 διδάσκων
2361 2984 2459 3058 τὴν
2493 2984 2772 3056 βασιλείαν
2817 2983 2911 3037 τοῦ
2954 2982 3088 3037 Θεοῦ
3120 2978 3257 3036 εἶναι
3296 2982 3387 3035 τὸν
3423 2983 3531 3054 ἀμ-

257 3059 401 3112 e'Aim
443 3076 563 3111 cum
615 3061 667 3113 hi
701 3076 879 3130 neque
906 3063 1118 3121 debitos
1161 3064 1382 3124 fructus
1406 3071 1736 3142 redderent,
1784 3086 1838 3132 et

1948 3075 2158 3131 πελῶνα
2179 3093 2196 3109 °
2226 3078 2348 3150 ἥτις
2378 3077 2627 3150 βασιλεία
2658 3075 2795 3131 Θεοῦ
2828 3075 2917 3130 διά
2936 3073 3032 3128 τοῦ
3062 3063 3347 3139 θεοσεϐοῦς
3377 3074 3529 3128 πολι-

254 3156 455 3215 ρηδιειο
491 3148 622 3217 legis
670 3150 1054 3220 violationem,
1110 3156 1347 3214 caedibus
1394 3175 1613 3232 quoque
1658 3175 1833 3221 semet

258 3236 657 3306 itapiavissent,
686 3240 879 3297 merito
920 3241 1180 3301 Servator
1214 3247 1353 3304 hanc
1379 3250 1432 3305 in
1470 3251 1589 3307 illos
1622 3262 1835 3310 senten-

257 3330 385 3383 tiam
415 3330 556 3396 tttlit,
587 3332 775 3389 dicens
804 3352 818 3389 :
850 3332 1140 3406 Propterea
1188 3339 1308 3396 dico
1358 3343 1522 3409 vobis,
1561 3347 1833 3415 auferetur

255 3438 287 3473 η
320 3421 460 3474 vobis
499 3440 722 3493 regnum
764 3423 861 3480 Det'
885 3467 901 3493 ,
942 3438 990 3482 et
1035 3429 1249 3485 dabitur
1288 3435 1430 3503 genti
1469 3452 1588 3506 qua:
1625 3436 1833 3507 fructus

254 3512 368 3580 ejus
388 3514 1015 3587 exhibebit—Quoniam
1056 3538 1186 3579 vero
1224 3524 1361 3580 dixit
1388 3528 1690 3585 occiderunt
1717 3532 1835 3605 (do-

257 3603 385 3657 mini
418 3604 633 3678 ﬁlium),
666 3626 772 3664 non
790 3609 901 3682 jam
922 3613 1196 3669 videretur
1221 3618 1491 3684 parabolae
1513 3621 1681 3677 series
1703 3603 1834 3693 pati,

255 3694 429 3762 ipsum
478 3697 595 3755 fore
640 3714 965 3769 praesentem
998 3721 1197 3777 paenae,
1235 3724 1339 3779 qua
1386 3711 1508 3766 mali
1560 3715 1831 3783 agricolae,

255 3788 458 3844 domini
515 3794 596 3847 sui
645 3795 1061 3868 interfectores,
1093 3803 1288 3858 merito
1336 3805 1602 3873 plectendi
1652 3819 1830 3864 erant.

250 3879 415 3951 Atqui
448 3898 632 3940 revera
660 3903 779 3945 esse
808 3891 1063 3948 eumdem
1098 3906 1333 3953 constat.
1365 3899 1489 3968 quia
1524 3900 1639 3970 ipse
1662 3901 1831 3969 judex

182 4022 185 4023 ,
251 3981 359 4026 est.

1934 3167 2028 3222 τεύ
2037 3187 2203 3240 ματος
2233 3169 2403 3225 πάλαι
2436 3170 2700 3243 πρότερον
2725 3171 2837 3231 τοῖς
2862 3169 3089 3240 ἄρχουσι
3127 3166 3221 3220 τοῦ
3261 3165 3529 3238 προτέρου

1935 3261 2065 3315 λαοῦ
2093 3263 2475 3318 ἐπεπίστευτο.
2532 3262 2754 3334 Ἐπειδὴ
2802 3262 2935 3334 μηδὲ
2976 3262 3101 3324 τοὺς
3135 3260 3354 3323 δέοντας
3387 3276 3528 3332 κειρ-

1937 3356 2073 3419 ποὺς
2101 3356 2446 3421 ἀπεδίδοσαν,
2489 3356 2626 3429 πρὸς
2661 3355 2719 3409 δὲ
2764 3356 2831 3425 τῇ
2875 3351 2968 3406 τοῦ
3014 3353 3178 3423 νόμου
3219 3350 3527 3422 παραϐάσει

1938 3448 2271 3518 μιαιφονίαις
2299 3450 2524 3513 ἑαυτοὺς
2552 3448 2964 3519 περιέσπειραν,
2998 3446 3224 3513 εἰκότως
3267 3443 3364 3515 τὴν
3404 3444 3526 3497 κατ’

1939 3539 2120 3593 αὐτῶν
2157 3541 2186 3592 ὁ
2228 3541 2421 3613 Σωτὴρ
2467 3541 2790 3609 ἐξενέγκατο
2831 3539 3145 3608 ἀπόφασιν,
3191 3535 3377 3589 εἰπών·
3422 3536 3526 3588 Διά

1937 3632 2114 3686 τοῦτο
2146 3632 2303 3704 λέγω
2339 3633 2502 3704 ὑμῖν,
2538 3633 2864 3702 ἀρθήσεται
2907 3631 3008 3700 ἀφ’
3054 3627 3221 3699 ὑμῶν
3264 3628 3303 3695 ἠ
3336 3628 3525 3692 ,βασι-

1936 3723 2074 3776 λεία
2130 3723 2237 3778 τοῦ
2293 3724 2465 3789 Θεοῦ,
2520 3726 2618 3779 καὶ
2676 3722 3001 3790 δοθήσεται
3041 3722 3199 3775 ἔθνει
3249 3720 3524 3774 ποιοῦντι

1934 3816 2077 3884 τοὺς
2109 3819 2379 3888 καρποὺς
2402 3817 2591 3887 αὐτῆς
2623 3818 2756 3889 (64).
2779 3847 2851 3856 -
2872 3815 2985 3887 (65)
3014 3813 3229 3884 Ἐπειδὴ
3262 3812 3319 3866 δὲ
3348 3808 3522 3876 εἶπεν,

1934 3908 2018 3961 ὅτι
2047 3908 2425 3977 ἀπέκτειναν,
2461 3909 2639 3964 οὐκέθ’
2670 3912 2702 3981 ἡ
2736 3900 3027 3963 ἀκολουθία
3059 3907 3161 3977 τῆς
3209 3904 3523 3977 παραϐολῆς

1934 3999 2079 4072 ἔχειν
2111 4002 2333 4057 δύναται
2358 4004 2519 4057 αὐτὸν
2547 4000 2686 4056 εἶναι
2717 4002 2807 4055 τὸν
2830 4000 3200 4073 παρεσόμενον
3234 3998 3326 4050 ἐπὶ
3349 4014 3516 4067 τιμω-
3616 4070 3625 4083 .

249 4062 373 4140 pla,
403 4065 471 4139 ην
502 4063 642 4141 ἦσαν
666 4071 866 4127 δίκαιοι
898 4074 1155 4148 ὑποσχεῖν
1184 4080 1345 4133 κακοὶ
1374 4083 1610 4153 γεωργοί
1640 4085 1735 4138 καὶ
1768 4090 1948 4156 φονεῖς
1964 4062 2104 4146 ’.τοῦ
2138 4092 2419 4148 δεσπότου.
2458 4096 2580 4147 Ὅτι
2626 4093 2684 4147 δὲ
2745 4062 2922 4155 αὐτός’
2942 4062 3081 4155 ἐστι,
3126 4086 3285 4158 δῆλον
3304 4102 3317 4116 ·
3355 4062 3522 4150 αὐτὸς

288 4158 362 4217 ἀρ
392 4164 606 4217 κριτής.

249 4173 362 4233 γαρ
392 4173 606 4234 κριτής.

320 4254 484 4323 Lapis
515 4258 715 4313 dicitur
757 4259 1016 4318 Dominus
1038 4273 1259 4334 prapter
1283 4275 1557 4322 terrenum
1576 4282 1773 4339 corpus
1803 4289 1819 4327 :

1954 4306 1959 4317 ι
1999 4268 2110 4343 (66)
2130 4271 2288 4336 Λίθος
2310 4271 2338 4324 ὁ
2355 4271 2557 4344 Κύριος
2572 4271 2787 4341 λέγεται
2806 4270 2919 4342 (67)
2934 4268 3023 4323 διὰ
3036 4268 3098 4321 τδ
3113 4265 3315 4336 γεῶδες
3332 4267 3514 4339 σῶμα·

250 4344 389 4416 lapis
440 4344 647 4419 absque
695 4367 949 4407 manuum
1003 4357 1305 4413 ministerio
1345 4360 1607 4428 excisus,
1665 4373 1824 4430 prout

1948 4362 2071 4426 ,ίθος
2095 4363 2422 4435 τεμνόμενος
2450 4364 2578 4418 ἄνευ
2603 4362 2825 4435 χειρῶν,
2851 4362 2993 4416 κατά
3018 4361 3118 4432 τὴν
3149 4358 3348 4429 Δανιὴλ
3382 4360 3519 4431 ὅρα-

252 4438 423 4492 fertur
448 4440 499 4493 in
533 4441 765 4499 Danielis
783 4446 986 4501 visione
1007 4449 1050 4511 ²,
1086 4460 1306 4519 propter
1340 4464 1494 4505 suam
1527 4451 1593 4507 de
1620 4454 1826 4524 virgine

1948 4470 2037 4517 rw,
2069 4450 2160 4506 διὰ
2189 4453 2287 4524 τὴν
2314 4456 2378 4507 ὲκ
2410 4452 2680 4526 παρθένου
2719 4453 3004 4523 γέννησιψ
3051 4453 3112 4504 οὐ
3163 4449 3272 4521 γάρ
3294 4449 3519 4521 ἐδέησεν

249 4531 586 4587 nativitatem
618 4552 631 4588 :
668 4550 842 4605 neque
874 4539 1018 4592 enim
1055 4539 1129 4593 illi
1158 4555 1293 4609 opus
1327 4540 1427 4595 fuit
1469 4543 1706 4598 humano
1740 4561 1826 4600 se-

249 4622 417 4688 mine,
443 4625 651 4681 ctelesti
677 4627 873 4683 virtute
894 4631 1198 4700 genituram
1225 4633 1344 4703 ejus
1375 4636 1821 4707 administrante,

250 4723 588 4784 matremque
618 4719 807 4775 habuit
860 4724 1172 4790 nuptiarum
1225 4738 1505 4796 expertem
1550 4729 1821 4798 puellam,

247 4821 369 4877 qua:
419 4824 562 4865 novo
601 4813 745 4867 inter
782 4814 1030 4870 homines
1080 4830 1233 4871 more
1279 4820 1344 4873 de
1391 4819 1596 4890 Spiritu
1632 4833 1824 4878 sancto

248 4901 519 4971 concepit.
554 4902 717 4974 Lapis
753 4917 904 4970 erat,
943 4922 1049 4963 non
1083 4924 1273 4963 aurum
1311 4926 1487 4981 neque
1508 4924 1819 4983 argentum,

251 5007 425 5062 neque
451 5009 541 5049 rex
567 4996 760 5065 aliquis
783 4997 1071 5069 gloriosus,
1110 5002 1176 5058 iis
1215 5003 1411 5059 similis
1434 5003 1523 5074 qui
1554 5020 1651 5075 per
1676 5007 1824 5076 ejus-

330 5112 351 5142 ¹
394 5113 524 5167 Dan.
554 5129 614 5178 ιι,
640 5113 732 5171 45.

234 5280 239 5285 .
325 5223 440 5295 (65)
470 5226 606 5282 Cod.
645 5227 712 5283 A.
748 5229 786 5284 f.
812 5228 941 5287 265.

236 5350 268 5375 ,_
326 5294 758 5375 (63:)_Nimirut_n
788 5302 886 5356 sub
912 5302 1082 5357 initiis
1114 5302 1273 5375 hujus
1306 5315 1573 5375 enarrata:
1610 5305 1832 5375 parabo-

256 5363 343 5444 lae,
386 5363 475 5444 ubi
506 5379 655 5444 certe
702 5371 892 5444 Syrus,
921 5363 1276 5443 congruebat.
1307 5373 1448 5444 Ergo
1490 5363 1659 5430 totum
1695 5379 1831 5439 hoc,

259 5436 473 5489 etiamsi
513 5438 568 5491 in
596 5436 760 5516 S_yro'
785 5436 1145 5516 desideretur,
1191 5444 1259 5500 ad
1295 5436 1438 5501 idem
1475 5436 1836 5516 TlteOphanite

259 5519 460 5572 corpus
495 5509 768 5572 pertinere
793 5513 1025 5572 videtur,

331 5574 444 5654 (es)
468 5574 762 5654 _llueusque
795 5582 931 5654 sine
955 5584 1057 5654 ulla
1095 5584 1509 5654 interruptione.
1544 5585 1614 5640 ab
1659 5587 1819 5641 initio

262 5643 566 5725 parabolas,
593 5643 760 5725 codex
794 5652 858 5725 l_\_.
901 5650 1185 5725 Reliquum
1237 5643 1365 5710 vero
1408 5643 1766 5725 fragmentum
1798 5699 1813 5720 ,

257 5728 410 5783 a'que
429 5715 532 5771 sub
553 5719 769 5775 nomine
805 5721 1020 5778 Eusebii
1041 5715 1104 5778 ἰιι
1124 5725 1309 5782 codice
1333 5715 1519 5783 eodem
1545 5715 1813 5789 laudatur,

1927 4546 2076 4617 αὐτῷ
2120 4548 2329 4617 σπορᾶς
2378 4545 2745 4618 ἀνθρωπίνης,
2797 4546 3053 4617 οὐρανίου
3108 4544 3390 4614 δυνάμεως
3447 4544 3519 4599 τά

1930 4639 2051 4693 κατ’
2081 4639 2243 4692 αὐτὸν
2270 4640 2730 4711 οἰκονομουμένης
2749 4656 2763 4669 ο
2789 4639 2885 4692 καὶ
2920 4640 3103 4710 μήτηρ
3126 4636 3274 4706 αὐτῷ
3302 4635 3518 4707 ἀπειρό-

1929 4750 2105 4806 γαμος
2158 4735 2315 4806 κόρη,
2358 4734 2543 4789 καινὸν
2591 4734 2857 4806 τρόπονῆ
2900 4733 3022 4787 καθ’
3058 4734 3206 4804 ἡμᾶς
3258 4732 3318 4796 ἐξ
3354 4732 3517 4800 ἀγίου

1930 4827 2246 4899 Πνεῦματος
2283 4829 2505 4883 κύουσα.
2559 4827 2721 4893 Λίθος
2767 4824 2856 4901 ἦν,
2908 4827 3021 4881 ἀλλ’
3065 4826 3125 4879 οὐ
3164 4825 3363 4897 χρυσὸς
3404 4822 3517 4877 οὐδ’

1930 4920 2189 4991 ἄργυρος,
2225 4920 2346 4973 οὐδὲ
2381 4919 2632 4991 βασιλεύς
2671 4937 2756 4984 τις
2784 4910 3015 4983 ἔνδοξος,
3063 4917 3248 4987 ὅμοιος
3272 4916 3387 4977 τοῖς
3427 4913 3515 4967 διὰ

1930 5012 2040 5066 τῶν
2082 5012 2301 5067 τοιῶνδε
2339 5013 2623 5084 συμϐόλων
2658 5012 2810 5085 παρὰ
2852 5010 2931 5083 τῷ
2977 5008 3174 5080 Δανιὴλ
3212 5004 3515 5077 δεδηλωμέ-

1939 5238 2033 5293 sed
2059 5239 2113 5292 in
2151 5239 2342 5307 pagina
2368 5254 2520 5294 versa
2562 5240 2688 5295 265.
2715 5241 2768 5294 h.

2004 5308 2117 5377 (65)
2147 5311 2279 5363 Cod.
2305 5313 2369 5363 Α.
2396 5310 2431 5364 r.
2458 5308 2584 5364 εδδ.
2613 5310 2664 5365 ι).

2142 5380 2276 5457 God.
2300 5382 2364 5433 Α.
2405 5381 2441 5433 f.
2471 5379 2600 5457 264.
2627 5378 2853 5451 Syr.lv,
2884 5379 2972 5457 ΗΣ,
3154 5448 3183 5457 V_
3292 5444 3320 5457 Δ
3405 5451 3419 5457 _
3455 5444 3471 5457 .

2007 5444 2119 5520 (67)
2146 5449 2218 5502 De
2259 5454 2361 5520 hoe
2389 5452 2620 5519 mystico
2664 5444 2801 5520 saxo
2840 5451 3002 5520 verba
3043 5448 3243 5520 partim
3289 5444 3424 5499 fiunt
3454 5444 3511 5497 in

1936 5516 2272 5590 Theophania
2322 5516 2546 5590 Syriaca
2609 5535 2696 5578 tv.
2744 5518 2857 5584 14;
2909 5519 3002 5573 sed
3058 5516 3278 5590 Grmcus
3331 5524 3509 5590 teatus

1937 5591 2038 5641 sub
2073 5589 2287 5645 Eusebii
2329 5584 2549 5643 nomine
2597 5603 2632 5641 τι
2670 5590 2858 5644 Niceta
2905 5589 3112 5642 relatus
3146 5586 3317 5640 multo
3351 5584 3506 5652 plura

1934 5659 2155 5731 recitat,
2219 5662 2334 5715 sive
2393 5675 2460 5715 ex
2521 5657 2857 5731 Theoplmuia
2902 5660 3020 5714 sive
3060 5660 3506 5718 ex,commenta-
