3858 6214
289 347 393 403 est
1606 346 1696 400 DE
1734 346 2201 405 THEOPHANIA.
3460 352 3569 413 642

289 482 425 530 νοις·
456 477 596 519 aluta
608 481 692 527 τις
714 461 941 533 γυμνὸς,
962 460 1057 515 καὶ
1078 460 1298 533 εὐτελὴς
1325 462 1419 515 καὶ
1447 462 1553 517 ἀπε
1560 464 1856 536 ρριμμένος

1990 469 2135 523 modi
2163 468 2407 539 symbola
2463 486 2492 524 ιι
2523 470 2743 527 Danie.e
2771 471 3130 527 demonstrati
3176 469 3427 537 fuerunt;
3464 488 3569 526 nu-

284 557 371 612 διὸ
398 556 494 611 καὶ
528 556 676 619 λίθος
721 553 1168 625 προσκόμματος,
1226 555 1319 607 καὶ
1372 554 1549 627 πέτρα
1585 557 1856 612 σκανδάλοι

1988 564 2111 628 dus,
2140 564 2383 632 inquam,
2417 574 2569 630 erat,
2608 564 2729 619 vilis
2771 575 2933 634 atque
2976 562 3257 632 abiectus;
3306 577 3478 634 quare
3511 573 3565 620 et

287 649 687 721 ἀπηγόρευται.
749 647 807 701 '0
860 648 958 718 μὲν
1008 642 1100 700 οὖν
1151 646 1234 711 τίς
1275 664 1459 719 φησιν·
1515 649 1677 702 Οὕτω
1716 650 1856 721 λέγε

1985 652 2123 724 lapis
2156 653 2475 710 oll‘ensionis
2509 671 2574 710 ac
2622 668 2774 724 petra
2805 657 3048 711 scamlali
3080 657 3256 711 dictus
3291 663 3395 713 e'st.
3432 656 3567 726 Qui-

242 772 247 777 -
288 743 535 812 Κύριος·
582 740 728 795 Ἰδοὺ
748 740 863 810 ἐγὼ
880 739 1157 809 ἐμϐἁλλω
1179 742 1268 806 είς
1294 740 1401 794 τὸν
1428 741 1704 811 θεμέλιον
1726 742 1856 799 Σιὼι

1985 749 2107 804 dam
2136 765 2265 820 ergo
2288 748 2462 803 dicit’
2499 767 2511 802 :
2546 748 2637 804 Sic
2677 751 2749 805 ait
2786 750 3066 815 Dominus,
3099 750 3236 807 Ecce
3263 768 3357 823 ego
3412 753 3564 806 mitto

281 833 461 886 λίθον
474 827 783 898 πολυτελῆ
790 869 805 889 ,
823 826 1130 891 ἐκλεκτὸν,
1147 827 1594 897 ἀκροτωνιαῖον,
1614 828 1873 898 ἔντιμον·

284 924 385 977 καί
430 926 464 977 ό
503 922 806 976 πιστεύων
835 921 929 974 ἐπ’
957 920 1147 973 αὐτὸν
1193 920 1267 974 οὐ
1307 918 1395 988 μὴ
1439 920 1872 990 καταισχυνθῇ·

278 1014 309 1066 6
331 1014 389 1068 δὲ
587 1013 773 1068 Λίθον
803 1011 875 1064 ὃν
905 1010 1360 1080 ἀπεδοκίμασαν
1396 1014 1450 1065 οί
1499 1012 1879 1082 οἰκοδομοῦν-

278 1124 403 1173 τες·
432 1107 528 1161 καὶ
565 1108 751 1162 Λίθον
779 1104 847 1159 δὲ
871 1106 1335 1174 προσκόμματος
1364 1104 1738 1171 κεκλήκασιν
1766 1108 1875 1160 αὺ-

278 1201 415 1253 τόν.
466 1200 694 1263 Ἡσαΐας
734 1198 793 1251 δὲ
850 1197 1155 1268 ἀποτολμᾷ,
1203 1197 1293 1251 καὶ
1330 1198 1422 1251 τὸν
1471 1197 1674 1269 Κύριον
1713 1198 1875 1252 αὐτὸν

276 1287 422 1346 εἶναι
456 1292 547 1345 τὸν
576 1289 721 1343 λίθον
757 1288 1020 1353 διδάσκει,
1056 1281 1276 1359 ὧδέ-πη
1322 1288 1592 1355 θεσπίζων
1613 1308 1626 1320 ·
1651 1292 1874 1359 Κύριον

274 1384 472 1438 αὐτὸν
492 1382 782 1453 ἁγιάσατε
797 1399 811 1413 ·
837 1381 939 1435 καί
967 1381 1152 1446 αὐτὸς
1176 1380 1352 1435 ἔσται
1371 1397 1489 1436 σου
1518 1384 1725 1451 φόϐος.
1745 1382 1872 1437 Κᾶν

275 1477 374 1530 ἐπ’
408 1474 570 1540 αὐτῷ
605 1472 905 1540 πεποιθὼς
940 1468 1037 1545 ᾖς,
1090 1474 1263 1529 ἔσται
1305 1489 1406 1529 σοι
1444 1478 1532 1542 είς
1582 1476 1868 1547 ἀγίασμα,

274 1568 379 1622 καί
418 1570 531 1636 οὐχ
577 1568 659 1633 ὡς
695 1566 869 1621 λίθου
913 1566 1327 1636 προσκόμματι
1369 1567 1867 1635 συναντήσεσθε,

275 1661 408 1716 οὐδ’
430 1663 512 1727 ὠς
543 1658 764 1728 πέτρας
782 1658 1065 1730 πτώματι.
1122 1659 1175 1712 Ὀ
1198 1658 1267 1712 δὲ
1304 1655 1471 1726 οἶκος
1515 1660 1753 1730 Ἰσραὴλ
1797 1662 1868 1716 ἐν

270 1753 508 1823 πατίδι,
539 1752 645 1806 καὶ
691 1753 764 1809 ὲν
794 1750 1155 1823 κοιλὰσματι
1199 1755 1253 1807 ol
1298 1751 1620 1822 καθήμενοι
1653 1754 1724 1807 ἐν
1780 1754 1867 1809 Ἱε-

1981 836 2037 890 in
2062 837 2461 905 fundamentum
2494 836 2672 893 Sionis
2714 840 2943 907 lapidem
2984 842 3293 909 pretiosum,
3318 842 3562 908 electum,

1981 930 2312 999 angularem,
2340 932 2723 986 honorabilem.
2777 931 2843 985 Et
2867 934 2958 1002 qui
2994 934 3275 987 crediderit
3321 933 3377 986 in
3411 950 3555 1000 eum,

1982 1040 2085 1077 non
2116 1024 2487 1090 confundetur.
2523 1025 2641 1096 Ipse
2687 1040 2818 1080 vero
2841 1025 3042 1079 clamat
3074 1044 3086 1079 :
3126 1024 3380 1097 Lapidem
3408 1044 3563 1098 quem

1981 1119 2385 1186 reprobaoerunt
2409 1117 2731 1188 aediﬁcantes
2755 1116 2797 1173 ⁵.
2831 1118 2920 1186 Ει,
2955 1118 3211 1188 Lapidem
3250 1119 3562 1189 o/fensionis

1978 1225 2097 1264 eum
2136 1212 2465 1281 appellarunt
2500 1212 2541 1266 '.
2578 1210 2751 1266 Isaias
2780 1226 2908 1267 vero
2931 1213 3089 1266 audet
3114 1214 3294 1267 dicere
3330 1211 3562 1281 lapidem

1979 1303 2144 1367 hunc,
2170 1304 2344 1373 ipsum
2358 1319 2480 1359 esse
2504 1304 2816 1370 Dominum,
2837 1304 2914 1359 ita
2941 1304 3207 1360 deﬁniens
3240 1322 3253 1357 :
3278 1302 3561 1357 Dominum

1978 1397 2150 1465 ipsum
2183 1398 2552 1467 sanctiﬁcate;
2582 1409 2629 1451 et
2650 1399 2761 1465 ipse
2802 1398 2901 1452 erit
2934 1414 3100 1466 pauor
3130 1408 3274 1452 tuus.
3328 1395 3399 1451 Et
3440 1396 3489 1451 si
3514 1388 3564 1450 ei

1977 1487 2208 1557 conﬁsus
2231 1489 2420 1559 fueris,
2443 1490 2547 1545 erit
2577 1490 2675 1543 tibi
2694 1491 2753 1543 in
2783 1490 3282 1559 sanctiﬁcationem,
3308 1506 3474 1558 neque
3501 1495 3562 1544 ut

1975 1581 2031 1634 in
2075 1581 2300 1649 lapidem
2343 1582 2655 1652 oﬂ'endiculi
2696 1584 3016 1653 impingetis,
3060 1599 3225 1652 neque
3261 1584 3316 1636 in
3356 1597 3559 1653 petram

1975 1670 2176 1738 lapsus.
2213 1669 2415 1725 Domus
2448 1685 2625 1725 autem
2662 1671 2885 1726 Israelis
2907 1674 2963 1725 in
2992 1672 3202 1742 laqueo,
3235 1671 3560 1727 habitatores

1979 1761 2311 1818 Hierusalem
2339 1764 2394 1818 in
2443 1765 2591 1834 fovea
2609 1782 2630 1829 ;
2660 1776 2938 1835 propterea
2988 1766 3299 1834 impotentes
3327 1775 3480 1820 erunt
3510 1765 3556 1823 ‘.

267 1844 631 1916 ρουσαλήμ·
672 1845 772 1900 διὰ
823 1844 999 1900 τοῦτο
1039 1842 1559 1910 ἀδυνατήσουσιν.
1616 1845 1757 1898 Ἀνθ’
1810 1841 1856 1900 οἶ

1970 1854 2078 1911 Pro
2109 1857 2308 1926 quibus
2334 1833 2505 1927 magis
2558 1833 2845 1928 perSpicue
2887 1856 3254 1929 Symmachus
3282 1856 3556 1926 interpre-

274 1939 614 2011 σαφέστερος
638 1940 668 1991 6
688 1937 985 2010 Σύμμαχος
1011 1937 1347 2008 ἡρμήνευσε·
1380 1936 1600 2004 Κύριον
1625 1935 1743 1991 τῶν
1766 1936 1868 1990 δυ-

270 2028 535 2100 νάμεων,
573 2029 767 2084 αὐτὸν
793 2026 1100 2098 ἁγιάσατε·
1133 2026 1232 2081 καί
1259 2027 1443 2093 αὐτὸς
1483 2026 1655 2081 ἔσται
1688 2030 1871 2097 φόϐος

269 2121 447 2191 ὑμῶν
508 2119 609 2176 καί
650 2120 1012 2189 -κραταίωμα
1084 2118 1284 2189 ὑμῶν,
1361 2118 1462 2173 καὶ
1539 2119 1713 2172 ἔσται
1782 2122 1871 2186 είς

276 2213 569 2282 ἀγίασμα·
597 2212 683 2276 είς
707 2209 776 2262 δὲ
822 2211 997 2264 λίθον
1014 2207 1475 2277 προσκόμματος
1510 2206 1609 2259 καὶ
1658 2209 1746 2273 εἰς
1774 2207 1872 2261 πέ-

269 2320 423 2373 τραν
467 2300 821 2356 σκανδάλου
859 2301 985 2368 τοῖς
1020 2299 1204 2354 δυσίν
1242 2298 1432 2363 οἴκοις
1480 2298 1738 2369 Ἰσραὴλ,
1781 2302 1870 2367 είς

270 2394 500 2465 πατίδα
526 2394 625 2448 καί
644 2396 734 2460 είς
764 2391 1117 2447 σκάνδαλον
1141 2390 1221 2456 τῷ
1254 2391 1522 2446 οἰκοῦντι
1548 2392 1619 2446 ἐν
1659 2391 1868 2461 Ἰερου-

266 2487 503 2557 σαλήμ.
538 2486 707 2541 Ἔνθα
734 2485 1024 2555 γενόμενος
1050 2485 1349 2556 ἐπίστησον
1379 2484 1501 2538 τίνα
1542 2485 1736 2556 τρόπον
1769 2485 1867 2538 αὑ-

267 2578 366 2632 τὸν
396 2577 488 2631 τὸν
518 2576 720 2649 Κύριον
740 2574 848 2629 τῶν
874 2575 1159 2646 δυνάμεων
1182 2577 1297 2638 τοῖς
1338 2574 1434 2645 μὲν
1464 2576 1550 2628 ἐπ’
1580 2573 1742 2628 αὐτόν
1770 2592 1866 2627 πε-

269 2670 519 2723 ⁴ιιιοιθόσιν
542 2667 762 2722 ἔσεσθαι
792 2668 874 2732 είς
895 2667 1148 2739 ἀγίασμά
1179 2683 1366 2737 φησιν,
1400 2666 1516 2720 ἀλλ’
1545 2668 1643 2737 οὐχ
1672 2665 1748 2730 ὡς
1785 2664 1866 2718 λί-

270 2763 369 2818 θον
409 2762 856 2835 προσκόμματος,
879 2760 1001 2815 οὐδὲ
1029 2759 1104 2825 ώς
1143 2759 1348 2830 πέτραν
1390 2757 1711 2830 πτώματος·
1753 2761 1864 2822 τοῖς

265 2856 328 2910 δὲ
363 2856 439 2928 μὴ
465 2856 552 2909 ἐπ’
582 2856 741 2919 αὑτὸν
787 2853 1070 2909 πεποιθόσι
1113 2852 1260 2906 λίθον
1305 2851 1730 2922 προσκόμματος
1767 2851 1863 2905 καὶ

267 2948 481 3021 πέτραν
520 2947 816 3020 πτώματος
853 2944 1181 3018 γενήσεσθαι
1214 2946 1411 3009 δοκεῖν,
1450 2945 1714 3000 διδάσκει.
1749 2945 1861 2998 Καὶ

265 3042 417 3104 τίνες
436 3034 600 3107 οὗτοι,
632 3039 988 3112 προφητεύει,
1023 3038 1211 3109 σαφῶς
1233 3037 1480 3110 δηλώσας
1508 3040 1635 3103 τοὺς
1660 3040 1740 3102 είς
1767 3039 1858 3092 τὸν

266 3136 506 3208 Χριστὸν
553 3137 952 3207 ἐπιστήσαντας
992 3135 1099 3189 τῶν
1145 3137 1212 3189 ὲκ
1244 3136 1564 3207 περιτομῆς.
1600 3134 1763 3197 Λίοος
1801 3134 1859 3190 δὲ

265 3187 1015 3299 ᾆιέιήίᾲλωξέχέτίέιάτιξεέ
1033 3187 1087 3280 ι
1132 3187 1328 3300 semp.
1372 3187 1473 3282 εέᾶ
1500 3187 1570 3281 ’ἐδ
1611 3187 1857 3299 θεμέλιος
1885 3187 1930 3248 (³

265 3320 514 3393 ἀρραγὴς
565 3321 657 3374 καὶ
691 3323 947 3393 πετραῖος
989 3319 1390 3392 ὑποὸεδλῆσθαι
1424 3324 1489 3393 τῇ
1531 3320 1681 3393 πάσῃ
1714 3322 1857 3375 οἰκο-

264 3413 432 3485 δομίᾳ
464 3413 563 3484 τῆς
608 3412 750 3466 κατά
790 3412 923 3466 Θεὸν
966 3412 1261 3478 πολιτείας.
1310 3413 1599 3483 Θεμέλιον
1638 3413 1852 3480 ἄλλον,

265 3506 435 3578 φησὶν
476 3507 505 3557 ό
540 3506 680 3569 θεῖος
722 3505 1077 3571 Ἀπόστολος,
1127 3505 1328 3573 οὐδεὶς
1375 3506 1625 3561 δύναται
1667 3507 1854 3561 θεῖναι

270 3598 429 3668 παρὰ
453 3598 560 3652 τόν
601 3600 899 3668 κείμενον,
945 3599 1013 3665 ὅς
1060 3598 1231 3651 ἐστιν
1290 3598 1524 3668 Ἰησοῦς
1569 3600 1851 3669 Χριστός·

262 3692 363 3746 καὶ
388 3687 561 3755 αὖθις·
610 3692 676 3747 Ἡ
699 3690 768 3745 δὲ
796 3691 981 3760 πέτρα
1008 3689 1088 3762 ἦν
1111 3694 1144 3745 ό
1159 3692 1433 3761 Χριστός.
1455 3691 1615 3755 Δίθος
1634 3708 1853 3763 τοιγαρ.

263 3782 359 3836 οὖν
396 3785 491 3838 καὶ
528 3786 706 3855 πέτρα
747 3785 841 3839 καὶ
892 3783 1146 3856 θεμέλιος
1190 3783 1286 3838 τοῦ
1336 3783 1478 3838 κατὰ
1512 3784 1643 3839 Θεὸν
1700 3785 1850 3838 πολι-

260 3876 533 3948 τεύματος
574 3876 736 3940 αὐτὸς
782 3872 883 3948 ἦν·
924 3879 1019 3931 καὶ
1054 3877 1202 3942 λίθος
1245 3878 1655 3951 ἀκρογωνιαῖος,
1694 3878 1850 3931 ἐκλε-

262 3968 415 4033 κτὸς,
444 3968 679 4040 ἔντιμος,
718 3969 925 4040 μηδένα
955 3970 1065 4024 τῶν
1092 3973 1173 4034 εἰς
1205 3970 1368 4024 αὐτὸν
1403 3968 1711 4039 ὴλπικότων
1753 3971 1848 4025 καὶ

261 4061 709 4115 πεπιστευκότων
754 4062 1041 4133 αἰσχύνων·
1074 4065 1103 4117 ό
1139 4063 1182 4116 δ’
1222 4062 1382 4126 αὐτὸς
1409 4062 1556 4127 λίθος
1582 4058 1650 4134 ἦν
1679 4081 1847 4134 προσ-

263 4156 549 4225 κόμματος
589 4153 686 4207 καὶ
738 4154 915 4227 πέτρα
961 4155 1253 4210 σκανδάλου
1304 4155 1392 4210 διὰ
1441 4154 1504 4208 τὸ
1555 4154 1748 4220 πάθος,

260 4246 632 4318 προσκόπτειν
657 4248 784 4308 τοὺς
815 4247 1179 4312 ἀπιστοῦντας
1219 4247 1527 4319 συμϐαίνει·
1574 4249 1668 4302 καὶ
1699 4248 1844 4313 λίθος

258 4336 322 4389 ὃν
370 4337 776 4409 ἀπεδοκίμασαν
821 4343 871 4393 οἱ
922 4339 1346 4411 οἰκοδομοῦντες.
1412 4340 1629 4414 Ταύτην
1682 4341 1843 4406 αὐτὸς

259 4429 719 4500 ὲπισφραγίζεται
764 4433 863 4503 τὴν
905 4434 1201 4505 ἑρμηνείαν
1246 4433 1335 4487 διὰ
1371 4435 1470 4506 τῆς
1506 4434 1839 4507 παραϐολῆς,

1971 1958 2121 2029 tatus
2147 1958 2232 2003 est
2265 1948 2590 2003 :Dominum
2621 1952 2905 2015 uirtutum,
2944 1951 3117 2019 ipsum
3156 1949 3491 2018 sancti/icate
3536 1966 3556 2003 :

1969 2053 2017 2097 et
2039 2044 2147 2112 ipse
2171 2043 2266 2097 erit
2302 2059 2470 2110 pauor
2494 2053 2660 2097 uester
2695 2052 2744 2098 et
2766 2043 3051 2114 fortitudo,
3077 2044 3281 2113 eritque
3320 2045 3377 2098 in
3423 2060 3554 2098 san-

1968 2136 2385 2204 ctiﬁcationem;
2421 2135 2556 2204 lapis
2600 2152 2719 2192 vero
2749 2136 3059 2206 olfendiculi
3112 2146 3162 2191 et
3212 2147 3363 2207 petra
3397 2150 3557 2191 scan-

1968 2230 2078 2283 dali
2107 2228 2314 2284 duabus
2351 2228 2595 2284 domibus
2638 2229 2885 2295 Israelis,
2920 2229 3139 2299 laqueus
3168 2239 3217 2282 et
3238 2227 3555 2282 scandalum

1966 2321 2156 2377 incola:
2197 2320 2557 2378 Hierusalem.
2594 2323 2772 2389 Atque
2797 2322 2900 2377 hoc
2931 2321 3053 2377 loco
3076 2320 3389 2385 considera,
3417 2333 3557 2390 quo-

1967 2413 2128 2468 modo
2176 2414 2351 2483 ipsum
2410 2412 2700 2468 Dominum
2743 2414 3005 2468 virtutum
3060 2411 3459 2467 conlidentibus
3501 2410 3550 2466 ei

1967 2504 2203 2559 futurum
2236 2520 2358 2560 esse
2406 2506 2538 2560 dicit
2565 2506 2617 2559 in
2643 2504 3133 2560 salictilicationem
3161 2542 3177 2569 ,
3210 2519 3321 2557 non
3351 2512 3537 2556 autem

1964 2596 2019 2651 in
2045 2595 2356 2652 oﬂ’endiculi
2404 2596 2640 2666 lapidem
2671 2635 2689 2660 ,
2723 2605 2779 2651 et
2812 2596 2865 2650 in
2897 2604 3103 2665 petram
3136 2593 3340 2662 lapsus.
3377 2594 3552 2648 Secus

1963 2703 2092 2744 vero
2116 2688 2337 2742 minime
2366 2688 2415 2742 ei
2455 2688 2880 2750 conlidentibus,
2915 2686 3148 2756 lapidem
3179 2686 3422 2740 futurum
3463 2683 3553 2738 of-

1962 2779 2219 2835 fendiculi
2245 2820 2260 2845 ,
2308 2788 2364 2834 et
2395 2791 2603 2849 petram
2642 2778 2849 2849 lapsus,
2880 2778 3050 2833 videri
3098 2778 3277 2832 ducet.
3313 2775 3546 2844 Quinam

1962 2882 2143 2926 autem
2195 2871 2249 2925 hi
2278 2872 2420 2935 sint,
2448 2872 2805 2935 vaticinatur,
2848 2868 3136 2923 manifeste
3164 2870 3549 2924 demonstrans

1962 2962 2345 3017 circumcisum
2399 2963 2490 3032 qui
2551 2963 2815 3017 adversus
2870 2961 3146 3016 Christum
3200 2959 3551 3016 consurrexit

1960 3055 2233 3125 p0pulum.
2289 3054 2463 3109 Aliter
2515 3068 2732 3124 quoque
2763 3054 2901 3124 lapis
2957 3064 3039 3108 est
3069 3053 3352 3117 Servatur,
3408 3053 3538 3123 quia

1962 3162 2059 3202 ceu
2095 3146 2506 3202 fundamentum
2557 3145 2833 3201 immobile
2879 3161 2943 3200 ac
2976 3146 3268 3213 lapideum,
3299 3146 3549 3213 supposi-

1970 3252 2055 3295 tus
2106 3239 2207 3294 fuit
2253 3241 2509 3293 universo
2564 3240 2796 3294 aedilicio
2847 3239 2973 3293 vitae
3022 3238 3321 3294 secnmlum
3376 3239 3544 3292 Deum

1962 3333 2203 3403 agendae.
2231 3329 2665 3385 Fundamentum
2698 3331 2848 3384 aliud
2875 3372 2890 3396 ,
2921 3331 2998 3385 ait
3028 3331 3185 3385 divus
3219 3329 3543 3399 Aposlolus,

1963 3439 2110 3477 nemo
2155 3432 2323 3493 potest
2369 3437 2560 3488 ponere
2593 3432 2786 3489 praeter
2830 3420 2949 3489 jam
2982 3421 3210 3488 positum
3237 3460 3252 3484 ,
3286 3420 3427 3491 quod
3467 3430 3544 3474 est

1961 3515 2201 3569 Christus
2230 3512 2387 3567 Jesus
2413 3514 2458 3568 '.
2488 3513 2551 3566 Et
2583 3528 2774 3567 rursus
2813 3529 2827 3566 :
2857 3511 3022 3565 Petra
3059 3522 3235 3565 autem
3255 3524 3369 3565 erat
3397 3510 3545 3566 Clari-

1958 3618 2069 3661 stus
2097 3606 2139 3659 ⁸.
2171 3606 2332 3674 Lapis
2384 3608 2563 3675 itaque
2600 3614 2655 3660 et
2702 3614 2855 3675 petra
2886 3615 2943 3660 et
2976 3604 3386 3658 fundamentum
3419 3607 3545 3656 vita:

1957 3700 2252 3753 secundum
2289 3698 2458 3752 Deum
2485 3695 2729 3767 agendae,
2752 3697 2865 3765 ipse
2885 3705 3040 3760 erat;
3070 3695 3207 3765 lapis
3237 3695 3537 3764 singularis,

1957 3790 2181 3853 electus,
2214 3789 2567 3854 honorabilis,
2598 3788 2868 3843 neminem
2904 3789 2957 3841 in
2992 3802 3057 3842 eo
3078 3788 3414 3856 sperantinm
3451 3794 3539 3840 at-

1956 3896 2060 3951 que
2075 3882 2457 3937 conlidentium
2488 3880 2847 3935 confundens.
2869 3880 3077 3934 Rursus
3105 3879 3242 3933 idem
3266 3878 3401 3947 lapis
3421 3886 3541 3933 erat

1954 3973 2264 4029 oﬂ'endiculi
2284 3982 2340 4028 et
2381 3982 2531 4042 petra
2558 3972 2801 4027 scandali
2848 3981 3069 4042 propter
3098 3972 3429 4041 passionem,
3481 3970 3536 4026 iu

1953 4082 2116 4136 quam
2167 4064 2442 4121 otiendere
2487 4064 2786 4120 incredulis
2834 4065 3070 4129 accidit;
3112 4074 3165 4120 et
3215 4062 3352 4133 lapis
3376 4077 3535 4132 quem

1954 4161 2383 4226 reprobaverunt
2442 4158 2792 4213 aediﬁcantes.
2855 4157 3008 4213 llanc
3063 4158 3181 4227 ipse
3248 4157 3535 4212 conﬁrmat

1953 4250 2457 4322 interpretationem
2478 4265 2576 4321 per
2607 4248 2916 4319 parabolam
2944 4289 2960 4315 ,
2992 4250 3205 4304 vineam
3238 4247 3536 4315 agricolas-

1951 4359 2059 4412 que
2094 4342 2379 4405 inducens.
2438 4355 2736 4411 servosque
2774 4341 2968 4402 missos
3005 4341 3212 4410 primos
3239 4350 3293 4394 et
3323 4340 3534 4395 alteros

1950 4438 2019 4488 ab
2063 4432 2319 4505 agricolis
2354 4434 2550 4500 injuria
2602 4432 2875 4489 aﬂ'cctos:
2919 4444 3302 4501 postremoque
3351 4432 3523 4486 lilium

260 4522 560 4593 ἀμπελῶνα
592 4524 685 4579 καὶ
707 4528 986 4598 γεωργοὺς
1008 4527 1241 4596 εἰσάγων
1259 4527 1475 4592 δούλους
1497 4546 1557 4582 τε
1581 4528 1843 4582 ἀπεσταλ-

1965 4544 1976 4577 I
2004 4538 2156 4590 patre
2188 4527 2433 4589 missum,
2476 4534 2529 4579 et
2558 4527 2627 4580 ab
2660 4525 2839 4595 impiis
2864 4524 3120 4595 agricolis
3156 4523 3529 4578 interfectum.

261 4616 459 4686 μένους
480 4618 726 4689 πρώτους
746 4619 838 4671 καὶ
862 4619 1148 4691 δευτέρους
1167 4619 1553 4692 ύδριζομένους
1577 4620 1713 4693 πρὸς
1737 4620 1847 4674 τῶν

257 4708 543 4780 γεωργῶν·
561 4711 654 4763 καὶ
678 4710 828 4773 τέλος
862 4711 1004 4763 ’Υίὸν
1032 4712 1314 4784 ἀγαπητὸν
1343 4714 1446 4766 ὑπὸ
1477 4713 1575 4785 μὲν
1604 4713 1699 4767 τοῦ
1731 4715 1846 4767 Πα-

264 4800 390 4871 τρὸς
439 4802 877 4874 ἐκπεμπόμενον,
926 4804 1030 4857 ὑπὸ
1057 4805 1112 4858 δὲ
1142 4805 1354 4859 ἀσεϐῶν
1407 4807 1668 4878 γεωργῶν
1703 4807 1840 4860 ἀπο-

1953 4617 2265 4688 Postquam
2287 4617 2602 4689 parabolam
2630 4618 2812 4684 infert,
2835 4617 2962 4685 quid
2990 4617 3080 4679 sit,
3103 4614 3353 4682 Lapidem
3376 4630 3529 4682 quem

1951 4715 2355 4781 reprobauerunt
2397 4712 2722 4779 aedificantes
2750 4751 2767 4778 ,
2820 4710 2902 4764 hic
2956 4709 3132 4778 factus
3173 4720 3248 4763 est
3279 4710 3336 4763 in
3369 4717 3531 4779 caput

1950 4805 2133 4872 anguli
2158 4804 2201 4858 ⁸.

263 4893 631 4965 κτιννύμενον.
665 4895 799 4949 Μεθ’
832 4895 901 4966 ἢν
924 4896 1233 4969 παραϐολὴν
1261 4898 1532 4970 ἐπιφέρει,
1566 4900 1620 4952 τί
1649 4901 1766 4953 ἐστι
1805 4898 1887 4963 τὸ,
1926 4898 2108 4952 Λίθον
2165 4895 2238 4950 ὃν
2274 4895 2730 4965 ἀπεδοκίμασαν
2755 4897 2808 4948 οι
2835 4890 3311 4963 οἰκοδομοῦντες,
3343 4887 3526 4957 οὗτος

258 4983 513 5056 ἐγενήθη
539 4988 626 5053 εις
646 4987 924 5059 κεφαλὴν
948 4990 1184 5058 γωνίας.

999 5080 1053 5133 Ζ,

327 5167 443 5242 (68)
481 5168 699 5240 Ἐπειδὴ
730 5168 897 5224 δὲκαὶ
921 5171 1055 5243 περὶ
1086 5171 1181 5225 τοῦ
1203 5172 1371 5227 τόπου
1406 5173 1640 5245 ἔχρησεν
1675 5173 1705 5226 ὁ
1738 5171 1835 5227 τοῦ

250 5260 392 5315 Θεοῦ
416 5261 610 5331 Λόγος,
638 5262 772 5334 φέρε
795 5262 993 5335 ἴδωμεν
1024 5263 1125 5329 τὰς
1153 5264 1316 5319 αὑτοῦ
1342 5266 1471 5338 περὶ
1503 5264 1693 5320 τούτου
1724 5283 1838 5336 φω-

2014 5172 2152 5240 Quia
2174 5185 2307 5226 vero
2330 5168 2539 5227 deloco
2560 5074 3038 5225 etiaiiiriiracmum
3076 5165 3245 5221 edidit
3275 5163 3366 5219 Dei
3394 5164 3524 5220 Ver-

1940 5264 2109 5332 bum,
2156 5263 2333 5335 agesis
2360 5262 2529 5332 ipsius
2574 5261 2677 5315 hac
2725 5260 2792 5314 de
2839 5273 3082 5313 revoces
3110 5258 3517 5311 aniinadverta-

251 5351 371 5415 νάς.
390 5352 467 5406 Οὐ
488 5354 746 5424 φέροντες
770 5353 937 5409 αὐτοῦ
966 5355 1065 5427 τὴν
1089 5356 1291 5430 σεμνὴν
1320 5357 1691 5421 διδασκαλίαν,
1710 5357 1835 5413 οὔτε

1965 5372 2084 5412 nus.
2116 5355 2249 5412 Cum
2279 5369 2380 5410 nec
2411 5354 2529 5422 ejus
2559 5353 2920 5407 venerandam
2965 5350 3265 5404 doctrinam
3297 5388 3314 5416 ,
3341 5364 3518 5418 neque

251 5443 354 5516 τὴν
385 5444 693 5517 πρόρρησιν
708 5445 819 5519 (69)
834 5448 1067 5512 καὶτοὺς
1084 5447 1361 5520 ἐλέγχους.
1379 5450 1428 5503 οἱ
1444 5449 1551 5504 τῶν
1566 5449 1834 5505 Ἰουδαίων

1965 5448 2283 5511 raticinium,
2313 5458 2490 5514 neque
2513 5442 2964 5513 reprehensiones
2989 5455 3145 5511 aequo
3171 5441 3353 5495 animo
3401 5439 3514 5496 ler-

324 5559 348 5591 ³
377 5559 715 5632 ιεαίειινιιι,
740 5559 826 5616 16.
913 5559 938 5593 ⁸
962 5559 1107 5617 Psal.
1136 5562 1415 5628 cxvuﬂﬂ.
1489 5564 1512 5597 '
1531 5563 1657 5624 Isai.
1681 5580 1800 5632 vm,
1825 5565 1849 5620 1

1992 5563 2161 5620 “ibid.
2195 5563 2285 5620 15.
2361 5563 2382 5594 ⁷
2405 5562 2423 5616 l
2444 5559 2571 5617 Cor.
2599 5576 2679 5627 ιιι,
2699 5560 2786 5616 11.
2853 5557 2877 5590 ⁸
2906 5558 2929 5613 ι
2956 5557 3086 5617 Cor.
3108 5572 3164 5623 ι,
3186 5555 3240 5611 4.
3321 5555 3345 5588 ⁸
3366 5553 3512 5612 Psal.

251 5644 426 5696 (ιιι-ιι,
452 5629 547 5685 22.

325 5742 441 5819 (fg)
461 5742 593 5819 (loti.
620 5746 683 5798 Α.
708 5743 746 5819 ί.
772 5744 895 5819 Hi9.
929 5744 1053 5819 Syr.
1081 5762 1155 5812 Iv,
1189 5747 1277 5801 18.

328 5811 443 5883 (69)
467 5811 690 5871 Videtur
714 5811 990 5875 declinare
1012 5832 1042 5873 a
1088 5811 1252 5875 sensu
1282 5817 1471 5886 Syrus,
1510 5818 1599 5885 qui
1654 5816 1824 5873 dirut-

1938 5750 2198 5820 gationem
2226 5788 2243 5818 ,
2300 5760 2407 5803 non
2467 5754 2647 5803 autem
2696 5746 3130 5819 pradictionem,
3177 5752 3509 5815 Interpreta-

1935 5832 2040 5875 1111⁸.
