3858 6214
333 365 440 422 645

943 328 949 334 ’
1036 364 1307 423 E'USEBII
1344 366 1822 448 (:{ESARIENSIS
1864 366 1902 421 o

2006 410 2013 424 .
2057 366 2235 445 mas
2272 362 2360 420 iv.
2401 399 2469 408 _
2508 365 2928 422 DOGMATIGA.
3468 367 3569 421 su

333 495 455 538 rent
483 479 788 537 Judarorum
835 481 1105 549 principes
1137 521 1152 543 ,
1203 484 1333 534 urbe
1365 484 1510 536 illunt
1568 485 1719 537 abire
1745 501 1899 537 cura-

2006 486 2288 555 ἄρχοντες,
2333 485 2432 556 τῆς
2477 484 2682 548 πόλεως
2729 483 3104 554 ἀπαλλαγῆναι
3138 483 3376 536 ἐποίουν.
3425 485 3481 534 '0
3527 464 3571 536 δ’

326 584 480 630 runt.
535 565 825 626 Discedens
873 584 1052 624 autem
1097 571 1484 642 Hierosolymis
1510 574 1762 627 Christus
1805 578 1899 630 Itas

331 666 500 719 edidit
527 673 715 717 contra
749 663 935 716 urbem
989 679 1151 716 voces
1185 683 1198 717 :
1235 663 1594 732 Hierusalem,
1640 666 1898 720 Hierusa-

330 754 453 814 lem.
491 763 846 819 strpennmero
887 753 1062 819 aptavi
1107 753 1249 820 ﬁlios
1290 765 1406 807 (nos
1439 773 1788 824 congregare,
1820 767 1900 810 at-

332 847 506 898 tamen
533 861 618 896 ros
645 844 914 896 renuislis.
949 843 1032 896 En
1063 845 1380 914 relinquitur
1416 847 1560 899 vobis
1589 848 1775 900 domus
1820 864 1901 901 ne-

331 947 443 990 τινα
469 937 674 989 deserta
702 936 766 990 ¹⁰.
793 933 910 987 Jam
939 951 1043 988 non
1078 935 1167 988 Dei
1201 936 1415 988 domum
1455 939 1709 1003 templum
1747 939 1897 1001 illud,

333 1027 817 1093 sanctuariumque
850 1040 970 1078 esse
1009 1028 1407 1090 demonstrans,
1443 1030 1535 1081 sed
1567 1028 1780 1082 illorunt
1813 1030 1902 1082 do-

332 1132 503 1180 mum,
533 1125 754 1186 propter
781 1115 957 1170 scelus
981 1115 1261 1168 infandum
1291 1117 1434 1185 quod
1462 1128 1759 1172 cousecuto
1781 1136 1899 1174 mox

333 1215 574 1277 tempere
609 1208 804 1262 ibidem
835 1217 1102 1274 patratum
1139 1219 1222 1261 est
1256 1225 1268 1260 :
1303 1223 1494 1277 nempe
1542 1208 1776 1263 immane
1807 1210 1901 1264 Ju-

332 1302 570 1355 daorum
594 1309 782 1354 contra
808 1299 1153 1354 Servatorem
1184 1299 1472 1369 piacnlmu.
1495 1301 1664 1354 Porro
1685 1317 1902 1356 necesse

332 1392 448 1448 erat
480 1395 587 1446 non
623 1393 773 1445 urbis
820 1392 991 1446 solum
1029 1391 1234 1445 incolas
1259 1432 1272 1452 ,
1319 1406 1502 1445 verum
1546 1393 1708 1445 etiam
1750 1395 1898 1462 pavi-

333 1490 575 1538 mentum
609 1483 758 1547 illud,
791 1498 900 1552 quo
931 1491 1211 1551 tantopere
1239 1483 1652 1552 gloriabantur;
1679 1485 1898 1554 dignum

333 1573 538 1628 referre
564 1573 791 1641 pretium
822 1572 1122 1625 facinorum
1169 1574 1237 1624 ab
1297 1573 1487 1627 incolis
1537 1585 1898 1641 patratorum;

332 1663 388 1718 Id
416 1664 560 1732 quod
594 1678 699 1716 non
743 1663 915 1716 multo
947 1673 1066 1729 post
1097 1664 1320 1727 accidit,
1352 1678 1474 1716 cum
1525 1663 1756 1718 Romani
1809 1681 1902 1718 ur-

332 1759 451 1812 bent
477 1757 649 1811 ΜΙοηί
679 1796 693 1820 ,
737 1756 880 1810 cives
912 1755 1029 1824 eius
1073 1758 1265 1826 partim
1303 1756 1426 1810 belli
1456 1755 1578 1824 inre
1611 1758 1896 1812 intereme-

332 1857 481 1912 runt,
514 1848 709 1920 partim
746 1849 991 1918 captivos
1029 1850 1405 1913 abduxerunt;
1446 1859 1501 1904 et
1531 1860 1728 1918 praeter
1760 1848 1900 1903 fame

333 1948 578 2003 necatos,
630 1940 892 2009 reliquam
923 1940 1320 1995 multitudinem
1347 1943 1465 1996 loco
1491 1945 1818 1998 abstractam
1847 1946 1898 1998 in

331 2034 482 2087 orbis
517 2030 675 2087 terrae
720 2033 1031 2086 vastitatem
1087 2032 1499 2102 disperserunt:
1537 2034 1770 2106 denique
1807 2051 1901 2090 eo-

333 2136 453 2180 rum
504 2126 721 2180 domum
771 2141 865 2179 seu
905 2125 1158 2194 templum
1197 2125 1610 2192 inﬂammantes,
1643 2128 1692 2181 in
1720 2129 1901 2182 deser-

335 2217 599 2271 tissimam
631 2215 980 2271 solitudinem
1034 2225 1441 2270 converterunt.
1489 2217 1634 2270 Sane
1667 2217 1779 2271 haec
1808 2233 1902 2287 po-

333 2312 480 2364 stero
548 2318 790 2378 tempore
853 2307 1249 2376 contigerunt;
1299 2308 1392 2361 sed
1447 2308 1588 2361 enim
1625 2307 1898 2373 Servator,

334 2399 476 2455 Detis
497 2399 704 2455 scilicet
727 2399 979 2462 Verbum,
1011 2399 1351 2467 priescientia
1381 2408 1557 2458 utens.
1580 2415 1699 2468 qua:
1721 2400 1898 2453 futura

331 2501 490 2546 erant
517 2491 904 2560 suprascriptis
934 2489 1119 2544 verbis
1154 2499 1278 2543 ante
1303 2491 1590 2546 nuntiavit.
1626 2490 1787 2546 Urbis
1807 2507 1901 2544 au-

334 2593 441 2638 tem
491 2582 631 2636 ﬁlios
665 2582 897 2651 appellat
931 2591 1145 2652 gentem
1183 2579 1462 2634 Judaicam
1485 2620 1500 2644 ,
1533 2583 1747 2636 domum
1773 2596 1904 2636 vero

330 2682 520 2728 eorum
554 2674 686 2728 dicit
739 2687 838 2743 pro
891 2673 1111 2740 templo.
1175 2672 1378 2726 Deinde
1415 2683 1643 2725 testatur
1675 2672 1793 2726 fore
1845 2682 1903 2725 ut

334 2768 570 2834 ipsorum
607 2764 760 2834 culpa
819 2765 952 2818 diris
998 2767 1212 2819 casibus
1257 2765 1607 2830 irretiantur;
1658 2765 1903 2831 quando-

332 2858 549 2926 quidem
603 2856 716 2925 ipse
750 2856 894 2908 haud
940 2855 1104 2909 semel
1151 2864 1379 2908 conatus
1435 2853 1614 2909 fuerat
1662 2855 1898 2909 sobolem

331 2966 518 3005 eorum
550 2949 648 3002 sub
683 2946 899 3016 pietatis
926 2944 1113 3014 jugum
1149 2945 1386 3006 mittere,
1427 2944 1550 2996 dum
1583 2959 1768 2997 curam
1805 2957 1900 2997 eo-

334 3045 578 3099 rnmdcnt
601 3049 910 3110 perpetuam
933 3047 1164 3106 gereret,
1198 3051 1295 3104 per
1315 3035 1558 3102 singulos
1592 3036 1890 3104 pmphetas

333 3132 684 3202 singulasque
729 3137 915 3182 aetates
967 3143 994 3180 a
1040 3127 1310 3195 pravitate
1362 3140 1456 3179 eos
1506 3127 1791 3180 retrahens
1836 3140 1898 3179 ac

337 3232 628 3273 revocans.
666 3215 935 3270 Caeterum
977 3216 1028 3268 bi
1057 3217 1269 3268 vocanti
1308 3214 1528 3267 minime
1555 3215 1899 3284 obtempera-

335 3319 562 3375 verunt;
621 3307 1146 3376 quamobrem-tulit
1201 3307 1254 3360 in
1290 3320 1386 3360 eos
1439 3305 1524 3359 his
1570 3305 1751 3361 verbis
1781 3321 1904 3360 sen-

337 3400 559 3454 tentiam
587 3417 602 3454 :
629 3398 763 3453 Ecce
787 3399 1097 3469 relinquitur
1119 3399 1258 3452 vobis
1279 3398 1462 3450 domus
1478 3405 1650 3450 vestra
1677 3398 1900 3453 deserta.

336 3491 708 3547 Solertissime
743 3505 870 3545 vero
917 3505 1025 3544 non
1073 3489 1263 3544 urbem
1313 3491 1586 3545 desertam
1635 3489 1749 3544 fore
1790 3490 1901 3554 ait,

335 3583 432 3638 sed
457 3583 676 3639 domum
704 3596 823 3651 qua:
858 3581 927 3634 ibi
955 3589 1098 3646 erat,
1129 3581 1181 3634 id
1215 3590 1297 3634 est
1324 3580 1601 3649 templum,
1626 3580 1768 3650 quod
1791 3579 1903 3647 jam

337 3689 445 3728 non
473 3689 630 3730 suum
686 3687 862 3742 neque
904 3672 998 3726 Dei
1042 3671 1404 3726 habitaculum
1441 3671 1627 3726 haberi
1656 3670 1787 3736 vult,
1811 3672 1904 3726 sed

338 3769 550 3822 illorum
591 3753 712 3821 eese
755 3767 853 3818 ait.
905 3764 1186 3819 Desertum
1237 3779 1366 3818 vero
1408 3764 1549 3818 haud
1586 3763 1744 3818 aliter
1790 3763 1904 3819 fore

335 3860 683 3925 vaticinatur,
705 3859 806 3912 nisi
835 3860 959 3925 quia
1003 3867 1264 3910 consueta
1299 3857 1384 3910 illa
1423 3857 1517 3910 Dei
1548 3873 1677 3912 cura
1715 3871 1779 3912 ac
1818 3872 1906 3925 pa-

337 3951 571 4006 trocinio
612 3932 949 4018 spoliandum
994 3961 1135 4004 erat.
1186 3949 1369 4002 Mirari
1406 3960 1584 4003 autem
1617 3950 1759 4005 subit
1791 3965 1905 4004 ser-

339 4043 517 4097 monis
545 4041 819 4106 eﬂ’ectum,
853 4041 976 4110 quia
1012 4056 1282 4107 nunquam
1309 4040 1447 4094 alias
1487 4039 1554 4094 ad
1587 4050 1790 4093 tantam
1819 4054 1906 4094 so-

339 4135 620 4190 litudinem
668 4134 713 4187 is
747 4133 896 4186 locus
949 4132 1196 4186 redactus
1247 4132 1375 4196 fuit;
1427 4146 1494 4186 ne
1539 4141 1653 4184 tum
1687 4131 1903 4200 quidem

337 4240 462 4279 cum
493 4223 564 4278 ob
589 4223 916 4292 impietatem
943 4222 1240 4276 incolarum
1279 4231 1439 4290 atque
1471 4222 1827 4276 idololatriam
1851 4231 1907 4276 et

338 4317 724 4388 prophetarum
764 4318 976 4381 caedes,
1029 4315 1082 4368 in
1115 4313 1534 4384 Babyloniorum
1585 4323 1902 4384 potestatem

341 4408 488 4462 venit
525 4425 542 4461 :
588 4407 681 4461 illo
729 4409 876 4461 enim
919 4416 1161 4476 tempore
1197 4405 1609 4475 septuagenaria
1653 4403 1758 4458 fuit
1803 4405 1903 4458 loci

2001 577 2298 648 ἀναχωρῶν
2319 577 2427 630 τῶν
2477 577 2737 647 Ίεροσολύ
2746 594 2858 646 μων
2883 575 3094 628 τοίασδε
3137 578 3413 647 προήκατο
3433 575 3574 629 κατά

2000 667 2100 738 τῆς
2150 670 2354 732 πόλεως
2399 669 2600 736 φωνάς·
2649 667 3079 735 Ἰερουσαλὴμ,
3133 667 3570 735 ἰεροι.ισαλὴμ,

2002 759 2259 826 ποσάκις
2292 760 2563 826 ἠθέλησα
2587 759 3050 828 ἐπισινναγαγεῖν
3090 757 3271 812 τέκνα
3302 776 3449 822 σου,
3475 761 3572 812 καί

2000 854 2111 904 οὐκ
2142 850 2496 918 ἠθελήσατε.
2553 850 2696 903 Ἰδοὺ
2728 852 2961 918 ἀφίεται
2986 850 3127 918 ὑμῖν
3151 853 3183 902 ό
3211 845 3374 914 οἶκος
3408 849 3574 916 ὑμῶν

2001 942 2243 1010 ἕρημοςο
2277 941 2456 994 οὐκέτι
2493 937 2637 994 οἷκον
2667 939 2802 993 Θεοῦ
2835 941 2925 993 τὸν
2958 939 3090 994 νεὼν
3126 940 3217 992 καὶ
3251 940 3313 992 τὺ
3342 940 3402 991 ἐν
3425 940 3575 1008 αὐτῷ

2001 1032 2416 1102 ἀγίασμα,ἀλλά
2451 1032 2628 1085 αὐτῶν
2659 1027 2798 1085 εἶναι
2821 1028 2966 1084 οἷκον
2982 1031 3414 1101 ἀποφηνάμενοςο
3451 1033 3573 1101 μιάο

2005 1139 2206 1192 σματος
2222 1124 2329 1193 γὰρ
2351 1123 2576 1192 ἐναγοῦς
2595 1124 2652 1174 ἐν
2682 1122 2759 1192 τῷ
2783 1123 2920 1192 μετά
2936 1121 3110 1175 ταῦτα
3125 1121 3298 1192 χρόνῳ
3311 1120 3572 1191 δρασθέν-

2001 1231 2089 1278 τος
2123 1215 2214 1267 ὑπ’
2237 1214 2434 1277 αὐτῶν,
2458 1214 2614 1268 τοῦτο
2651 1213 2695 1264 δ’
2731 1210 2799 1282 ἦν
2823 1214 2884 1266 τὸ
2913 1213 3181 1282 τολμηθὲν
3210 1213 3392 1275 αὐτοῖς
3441 1211 3574 1278 ἄγος

2003 1306 2141 1359 κατὰ
2175 1306 2269 1359 τοῦ
2303 1306 2573 1376 Σωτῆρος,
2609 1306 2774 1376 ἐχρῆν
2808 1300 2978 1376 δήπου
3023 1303 3096 1374 μὴ
3127 1303 3283 1374 μόνον
3317 1303 3445 1366 τοὺς
3470 1303 3566 1372 τῆς

2001 1398 2208 1461 πόλεως
2245 1399 2564 1468 οἰκήτορας,
2600 1395 2733 1449 ἀλλά
2772 1397 2863 1448 καὶ
2899 1395 3031 1449 αὐτὸ
3063 1395 3120 1446 τὸ
3165 1394 3376 1462 ἔδαφος,
3412 1395 3496 1462 ἐφ’
3527 1387 3575 1460 ᾧ

2005 1487 2145 1558 μέγα
2189 1488 2468 1558 ἐφρόνουν,
2519 1485 2809 1556 τάπίχειρα
2866 1478 2940 1538 ὧν
2991 1485 3218 1555 ἔδρασαν
3269 1485 3570 1554 οἰκήτορες,

2002 1579 2192 1632 παθεῖν
2211 1595 2223 1608 ’
2260 1577 2295 1631 ἃ
2325 1577 2388 1648 δὴ
2425 1578 2516 1630 καὶ
2547 1577 2880 1630 πεπόνθασιν
2912 1577 3010 1628 οὐκ
3041 1577 3120 1638 είς
3165 1575 3395 1644 μακρὸν,
3437 1575 3571 1627 Ῥω-

2006 1671 2178 1742 μαίων
2216 1668 2547 1722 ἐπελθόντων
2569 1671 2632 1739 τῇ
2665 1668 2839 1731 πόλει,
2871 1668 2965 1720 καὶ
2996 1667 3104 1720 τῶν
3122 1666 3418 1736 οἰκητόρων
3446 1665 3571 1726 τοὺς

2005 1763 2102 1832 μὲν
2135 1761 2366 1831 πολέμου
2399 1760 2547 1830 νόμῳ
2565 1759 3045 1829 κατασφαξάντων,
3079 1759 3202 1820 τοὺς
3226 1757 3270 1809 δ’
3295 1754 3574 1825 αἰχμαλώ-

1999 1869 2124 1915 τους
2154 1852 2565 1920 ἀπαγαγόντων,
2587 1851 2712 1913 τοὺς
2733 1849 2788 1903 δὲ
2811 1849 2954 1919 λιμῷ
2983 1847 3427 1920 διαφθειράντων,
3444 1847 3572 1908 τοὺς

1959 1993 1972 2011 ,
1997 1943 2042 1995 δ’
2091 1942 2476 1996 ἀπελασάντων
2529 1942 2622 1994 καὶ
2650 1943 2728 2003 εἰς
2768 1941 2943 1993 πάντα
2981 1939 3143 1992 τόπον
3183 1938 3569 1991 διασκεδάσω-

1998 2043 2104 2087 των
2133 2033 2264 2105 (70),
2295 2034 2385 2086 τὸν
2413 2033 2454 2084 δ’
2479 2027 2626 2085 οἷκον
2653 2031 2832 2085 αὐτῶν
2861 2032 2954 2084 καὶ
2975 2031 3065 2084 τὸν
3090 2029 3223 2085 νεὼν
3253 2030 3571 2101 ἐμπρησάν-

1997 2143 2125 2187 των,
2148 2126 2225 2188 είς
2262 2123 2462 2194 ἔσχατά
2484 2140 2543 2177 τε
2569 2122 2804 2193 ἐρημίας
2825 2121 3242 2192 περιϐαλόντων.
3281 2120 3443 2175 Ἀλλά
3464 2119 3574 2191 γὰρ

1997 2217 2200 2270 τούτων
2222 2218 2278 2269 ἐν
2304 2220 2416 2278 τοῖς
2445 2216 2582 2286 μετά
2613 2214 2782 2268 ταῦτα
2813 2215 3025 2286 χρόνοις
3055 2213 3384 2283 γενομένων,
3433 2229 3571 2282 προ-

1999 2309 2177 2363 λαϐὼν
2209 2311 2237 2361 ὁ
2280 2309 2471 2380 Σωτὴρ
2511 2309 2571 2360 τὸ
2620 2307 2808 2377 μέλλον
2841 2310 2905 2377 τῇ
2949 2305 3274 2379 προγνώσει,
3321 2301 3408 2358 οἷα
3439 2305 3572 2368 Θεὸς

2000 2403 2191 2471 Λόγος,
2243 2401 2314 2453 τά
2357 2400 2747 2471 συμϐησόμενα
2781 2398 3140 2471 προαγορεύει
3170 2397 3260 2451 διὰ
3290 2398 3396 2450 τῶν
3439 2415 3572 2468 προ-

2001 2496 2286 2565 κειμένων.
2305 2492 2479 2544 Τέκνα
2499 2492 2552 2544 δὲ
2585 2493 2684 2562 τῆς
2714 2490 2919 2554 πόλεως
2941 2489 3192 2560 ὀνομάζει
3214 2489 3275 2542 τὸ
3308 2489 3573 2543 Ἰουδαίων

2005 2587 2110 2638 πᾶν
2143 2584 2325 2646 ἔθνος·
2360 2577 2580 2635 οἷκονδέ
2615 2580 2794 2634 αὐτῶν
2830 2579 3098 2634 ἀποκαλεῖ
3134 2580 3222 2632 τὸν
3255 2578 3410 2633 νεών.
3442 2575 3576 2631 Εἶτα

2003 2673 2358 2746 μαρτύρεται,
2391 2674 2469 2726 ὅτι
2489 2671 2641 2742 παρά
2655 2671 2752 2742 τὴν
2783 2671 2960 2728 αὐτῶν
2989 2671 3166 2725 αίτίαν
3181 2671 3249 2723 τά
3278 2670 3577 2740 σκυθρωπά

1999 2768 2194 2830 αὐτοὺς
2220 2765 2599 2836 μετελεύσεται
2619 2781 2632 2793 °
2669 2764 2965 2835 ἐπειδήπερ
2998 2763 3160 2826 αὐτὸς
3193 2763 3289 2833 μὲν
3318 2761 3573 2823 πολλάκις

1999 2859 2417 2925 ἐπισυναγαγεῖν
2437 2857 2614 2909 αὐτῶν
2633 2856 2701 2908 τὰ
2715 2857 2878 2908 τέκνα
2905 2854 3012 2907 ὑπὸ
3037 2854 3126 2906 τὸν
3152 2855 3249 2922 τῆς
3269 2851 3577 2913 θεοσεϐείας

2001 2949 2161 3018 ζυγὸν
2190 2949 2531 3019 βεϐούληται,
2563 2943 2650 3000 οἶα
2681 2950 2744 3000 ἐκ
2774 2947 2866 3000 τοῦ
2897 2947 3097 3009 παντὸς
3124 2947 3376 3017 πρόνοιαν
3399 2945 3578 2998 αὐτῶν

2001 3041 2388 3111 πεποιημένος,
2415 3040 2482 3113 δι’
2520 3040 2750 3092 ἑκάστου
2777 3055 2837 3090 τε
2863 3039 3143 3108 προφήτου
3179 3037 3274 3089 καὶ
3306 3035 3429 3088 καθ’
3457 3037 3582 3088 ἐκά-

2003 3150 2132 3203 στην
2149 3132 2338 3199 γενεὰν
2363 3129 2701 3200 ἐπιστρέφων
2717 3127 2914 3189 αὐτοὺς
2935 3128 3028 3179 καὶ
3043 3125 3500 3195 ἀνακαλούμενος·
3523 3126 3578 3176 οὲ

2009 3222 2066 3273 δὲ
2088 3222 2187 3274 οὐκ
2221 3222 2410 3292 ἤθελον
2437 3217 2740 3272 ὑπακοῦσαι
2771 3220 2837 3289 τῇ
2873 3217 3091 3287 κλήσει’
3127 3210 3186 3268 οὗ
3208 3214 3272 3286 δὴ
3295 3215 3453 3287 χάριν
3481 3215 3579 3284 τὴν

2009 3313 2130 3367 κατ’
2168 3312 2346 3366 αὐτῶν
2401 3311 2676 3379 ἀπόφασιν
2733 3309 3118 3381 προενήνεκται
3161 3306 3329 3361 εἰπών
3355 3324 3369 3338 ο
3425 3304 3578 3367 Ἰδοὺ

2008 3405 2243 3473 ἀφίεται
2296 3402 2442 3472 ὑμῖν
2478 3405 2512 3455 ό
2549 3397 2715 3466 οἶκος
2757 3398 2924 3470 ὑμῶν
2972 3400 3210 3468 ἕρημος.
3259 3399 3474 3469 Σφόδρα
3522 3388 3582 3452 δὲ

2008 3493 2250 3565 ἀκριϐῶς
2269 3493 2329 3545 ού
2346 3492 2442 3562 τὴν
2462 3491 2614 3544 πόλιν
2637 3489 2841 3560 ἔρημον
2867 3487 3083 3541 ἔσεσθαί
3109 3505 3292 3558 φησιν,
3325 3487 3461 3542 ἀλλά
3486 3487 3582 3540 τὸν

2009 3589 2067 3639 ἐν
2107 3585 2243 3655 αὐτῇ
2278 3579 2448 3647 οἷκον,
2487 3582 2684 3653 δηλαδὴ
2716 3581 2806 3636 τὸν
2838 3578 2973 3634 νεών
2994 3596 3006 3607 ·
3036 3579 3094 3634 ὃν
3126 3579 3308 3632 οὐκέτι
3351 3579 3581 3644 ἑαυτοῦ,

2009 3675 2122 3749 ἀλλ’
2147 3675 2268 3729 οὐδὲ
2287 3673 2380 3726 τοῦ
2413 3672 2549 3727 Θεοῦ
2593 3667 2739 3725 οἷκον
2765 3670 3008 3742 βούλεται
3037 3668 3415 3740 χρηματίζειν,
3461 3659 3580 3749 ἀλλ,

2009 3748 2187 3820 αὐτῶν
2215 3760 2351 3818 εἷναί
2372 3779 2554 3834 φησιν.
2590 3761 2832 3831 Ἐρημον
2859 3758 2915 3813 δὲ
2949 3757 3108 3811 αὐτὸν
3141 3754 3359 3809 ἔσεσθαι
3389 3748 3578 3806 θεσπίο

2011 3857 2113 3920 ζει,
2146 3857 2246 3911 οὐκ
2277 3855 2502 3926 ἄλλωςῆ
2532 3852 2751 3922 ὑπὸτῆς
2779 3850 3043 3923 πρότερον
3066 3847 3467 3917 ἐπισκοπούσης
3484 3836 3582 3899 αὖ·

2009 3951 2098 4005 τὸν
2135 3949 2391 4023 προνοίας
2427 3945 3009 4017 καταλειφθησόμενον.
3057 3941 3166 3994 Καὶ
3194 3940 3258 4011 δὴ
3305 3939 3582 4009 θαυμάσαι

2010 4043 2122 4097 ἔστι
2170 4041 2264 4096 τοῦ
2315 4040 2474 4109 λόγου
2522 4039 2584 4092 τὸ
2629 4037 2999 4106 ἀποτέλεσμα,
3035 4034 3116 4086 ὅτι
3144 4033 3208 4102 δὴ
3245 4032 3365 4103 μηδ’
3395 4032 3581 4086 ἄλλοτε

2010 4133 2231 4188 πώποτε
2267 4132 2536 4203 τοσαύτην
2575 4129 2862 4200 ὑπέμεινεν
2895 4125 3131 4198 ἐρημίαν
3172 4125 3201 4176 ὁ
3242 4123 3434 4186 τόπος,
3472 4121 3580 4174 οὐδ’

2010 4227 2098 4280 ὅτε
2132 4226 2220 4279 διὰ
2271 4224 2370 4288 τὰς
2413 4220 2857 4294 ὑπερϐαλλούσας
2913 4216 3091 4271 αὐτῶν
3128 4205 3442 4276 δυσσεϐείας
3486 4209 3583 4266 καὶ

2011 4315 2472 4386 εἰδωλολατρείας,
2515 4314 2610 4377 τάς
2641 4329 2701 4365 τε
2731 4310 2874 4365 κατά
2898 4309 3005 4362 τῶν
3039 4305 3330 4380 προφητῶν
3369 4320 3582 4376 μιαιφο-

2010 4409 2149 4471 νίας,
2183 4406 2288 4460 ὑπὺ
2307 4406 2586 4460 Βαϐυλῶνι
2611 4404 2746 4474 ῆλωο
2777 4399 3271 4474 ἑϐδομηκονταετὴς
3293 4397 3401 4470 γάρ
3421 4399 3451 4448 ό
3473 4397 3583 4459 πᾶς

341 4500 602 4553 solitudo.
631 4500 809 4564 Quare
843 4515 907 4551 ne
944 4497 1181 4551 fataliter
1206 4497 1422 4566 quidem
1457 4505 1587 4550 tunc
1612 4495 1678 4550 iis
1701 4495 1902 4550 dictum

2012 4499 2109 4569 τῆς
2137 4497 2472 4569 ἐρημώσεως
2504 4495 2596 4550 τοῦ
2625 4496 2790 4548 τόπου
2817 4494 3003 4564 χρόνος
3035 4490 3152 4548 κατ’
3191 4488 3429 4575 ἐκείνους
3461 4486 3584 4554 ἐγε-

342 4589 467 4655 fuit,
504 4587 843 4659 Relinquitur
867 4590 1009 4642 vobis
1036 4588 1219 4642 domus
1253 4597 1422 4641 vestra
1455 4588 1659 4641 deserta
1689 4601 1706 4639 :
1737 4601 1909 4654 neque

339 4685 485 4739 enim
537 4683 793 4736 derelicta
826 4720 841 4746 ,
892 4683 998 4735 imo
1052 4681 1416 4735 visitationem
1469 4679 1728 4749 Opiferam
1762 4679 1908 4733 haud

345 4773 512 4830 multo
549 4781 670 4844 post
695 4782 920 4842 experta
949 4781 1050 4834 est,
1087 4785 1192 4840 quo
1221 4780 1462 4837 tempore
1487 4767 1906 4837 splendidiorem

344 4865 524 4934 priore
546 4874 686 4918 statu
721 4864 1160 4917 instaurationem
1200 4862 1529 4930 impetravit,
1580 4861 1653 4914 ita
1690 4871 1747 4914 ut
1773 4877 1911 4931 prte-

345 4955 541 5009 dixerit
562 4955 822 5024 propheta
859 4954 1079 5027 quidam
1106 4994 1121 5017 ,
1174 4961 1500 5021 postremam
1528 4953 1720 5005 domus
1754 4950 1912 5018 hujus

345 5047 573 5117 gloriam
622 5045 804 5116 priore
850 5044 1198 5099 illustriorem
1246 5043 1366 5096 fore
1416 5043 1480 5094 “.
1532 5041 1908 5095 Verumtamen

346 5149 468 5206 post
501 5137 810 5192 Servatoris
843 5137 1012 5191 nostri
1045 5135 1287 5198 eﬂ‘atum,
1315 5142 1650 5202 quanmpere
1667 5132 1911 5187 derclicti

344 5231 512 5288 Judaei
545 5232 768 5296 fuerint,
816 5240 1182 5300 quantamque
1228 5231 1280 5283 in
1329 5229 1675 5283 solitudinem
1725 5226 1914 5279 domus

346 5339 538 5377 eorum
580 5325 832 5390 venerit,
867 5325 932 5377 iis
969 5324 1184 5392 quidem
1221 5323 1312 5390 qui
1347 5320 1468 5375 loca
1509 5319 1600 5374 illa
1657 5320 1908 5384 lustrant,

346 5415 485 5470 visio
514 5415 626 5484 ipsa
665 5423 719 5470 et
750 5423 825 5470 tot.
857 5429 1121 5468 annorum
1150 5411 1485 5468 diuturnitas
1508 5408 1714 5463 oraculi
1748 5421 1911 5461 even-

348 5513 463 5560 tuut
511 5511 847 5562 demonstrat
896 5523 912 5559 :
955 5506 1155 5559 etenim
1208 5514 1418 5573 tempus
1468 5519 1573 5557 non
1632 5499 1792 5570 duplo
1823 5513 1909 5551 so-

347 5598 491 5665 lum,
537 5613 702 5668 quam
743 5597 1215 5666 septuagenarium
1259 5583 1609 5649 desolationis
1661 5592 1760 5647 sub
1808 5589 1911 5643 Ba-

417 5713 463 5744 "
489 5711 678 5766 Matth.
701 5726 859 5794 “tu.
879 5707 1068 5762 57-58.
1113 5707 1124 5778 |
1163 5708 1204 5738 ”
1226 5710 1360 5778 Agg.
1384 5723 1446 5770 tt,
1480 5706 1568 5760 10.

2013 4589 2169 4659 νήθη.
2221 4587 2313 4640 Διὸ
2362 4588 2462 4640 οὐκ
2504 4585 2570 4639 ἂν
2622 4586 2826 4658 κυρίως
2865 4581 3059 4654 ἐλέχθη
3101 4571 3285 4642 αὐτοῖς
3322 4574 3441 4631 τότε
3498 4578 3583 4640 τὺ,

2027 4680 2285 4748 Ἀφίεται
2305 4678 2447 4748 ὑμῖν
2469 4682 2502 4732 ό
2517 4675 2676 4744 οἶκος
2697 4675 2865 4747 ὑμῶν
2884 4676 3120 4743 ἕρημος·
3149 4672 3210 4724 ού
3242 4673 3349 4742 γὰρ
3362 4670 3582 4742 ἀφείθη·

2015 4773 2170 4843 ἔτυχε
2215 4774 2271 4826 δὲ
2314 4773 2622 4843 ἐπισκοπῆς
2663 4774 2777 4843 μετ’
2809 4772 2868 4824 οὺ
2907 4771 3074 4822 πολὺν
3115 4756 3325 4838 χρόνον,
3369 4762 3487 4816 καθ’
3523 4761 3586 4814 ὃν

2014 4863 2362 4927 ἀνανεώσεως
2411 4863 2650 4935 μείζονος
2693 4863 2726 4933 ἢ
2759 4861 2901 4915 κατὰ
2937 4860 3034 4929 τὴν
3063 4857 3332 4932 προτέραν
3355 4851 3586 4922 ἠξιώθη,

2015 4956 2090 5018 ὡς
2129 4955 2384 5026 προεῖπόν
2417 4971 2560 5016 τινες
2597 4953 2703 5005 τῶν
2733 4950 3048 5024 προφητῶν,
3079 4948 3158 4999 ὅτι
3209 4947 3274 5012 δὴ
3299 4947 3514 4998 Ἔσται
3548 4944 3589 5012 ἠ

2017 5046 2165 5110 δόξα
2190 5045 2294 5098 τοῦ
2327 5046 2494 5098 οἴκου
2518 5046 2731 5097 τούτου
2771 5043 2810 5109 ἠ
2859 5039 3084 5109 ἐσχάτη
3125 5036 3277 5103 ὑπὲρ
3306 5034 3421 5103 τὴν
3448 5049 3593 5100 προ-

2018 5136 2215 5205 τέραν.
2245 5136 2401 5190 Μετά
2429 5136 2486 5189 δὲ
2514 5136 2610 5206 τὴν
2626 5134 2718 5186 τοῦ
2751 5133 3000 5203 Σωτῆρος
3027 5128 3181 5199 ὑμῶν
3208 5125 3409 5197 φωνὴν,
3440 5127 3591 5188 ὅπως

2019 5229 2340 5300 ἀφείθησαν,
2389 5230 2417 5281 ὃ
2461 5246 2519 5280 τε
2563 5224 2706 5290 οἶκος
2744 5225 2922 5278 αὐτῶν
2971 5225 3050 5286 εἰς
3093 5217 3592 5300 ἔσχατονηέρημίας

2017 5320 2204 5391 ήλασε,
2240 5323 2349 5383 τοῖς
2401 5322 2479 5382 εἰς
2517 5320 2640 5380 τοὺς
2673 5317 2871 5378 τόπους
2916 5299 3420 5385 ἀφικνουμένοις⁹ή
3465 5307 3590 5376 όψις

2017 5413 2150 5482 αὐτὴ
2183 5411 2276 5465 τοῦ
2303 5411 2458 5480 λόγου
2495 5409 2690 5481 μᾶλλον
2729 5408 2965 5460 δείκνυσι
2992 5405 3054 5458 τὸ
3083 5401 3431 5470 ἀποτέλεσμα
3449 5417 3464 5431 ·
3493 5399 3589 5455 καὶ

2013 5506 2042 5556 ό
2090 5503 2279 5576 χρόνος
2321 5502 2374 5555 δὲ
2429 5501 2690 5572 πολυετὴς
2736 5497 2974 5568 γεγονὼς
3016 5496 3111 5550 καὶ
3141 5494 3369 5565 μακρὸς,
3401 5490 3476 5552 ὠς
3513 5490 3588 5560 μὴ

2020 5595 2178 5664 μόνον
2221 5593 2538 5649 διπλασίονα
2575 5589 2712 5646 εἶναι
2757 5591 2855 5660 τῆς
2894 5580 3440 5658 ἐϐὼμηκονταετοῦς⁹
3463 5582 3592 5653 ὲρηει

421 5805 531 5872 (70)
590 5806 672 5860 Ab
720 5789 819 5858 hoc
874 5818 1031 5858 St‘nsu
1070 5801 1325 5856 recedunt
1355 5799 1537 5866 verba,
1569 5797 1674 5850 and
1699 5798 1870 5850 others
1910 5793 2028 5861 they
2056 5789 2372 5859 persecutcd.
