3858 6214
197 374 309 431 665

1542 373 1630 427 DE
1669 371 2132 430 TIIEOPHANIA.

3349 387 3454 442 646

203 489 354 560 μίας,
392 489 492 561 τῆς
527 489 619 543 ἐπὶ
657 488 934 542 Βαϐυλῶνι
968 491 1361 560 γεγενημένης,
1397 489 1532 543 ἀλλὰ
1573 491 1668 543 καὶ
1696 507 1753 542 τε

1885 490 2078 561 bylone
2131 496 2366 564 spatium
2403 477 2571 561 ,ἐρα
2641 487 2941 566 quadruplo
3006 498 3170 552 etiam
3233 499 3448 567 majus,

198 580 569 652 τραπλασίονα
621 572 969 651 ύπερϐαίνειν
1021 581 1120 652 τήν
1170 581 1264 633 τοῦ
1321 581 1572 651 Σωτῆρος
1626 579 1779 650 ήμῶν

201 672 478 742 ἀπόφασιν
498 671 798 726 πιστοῦται.

274 765 388 818 Καὶ
429 763 542 834 (71)
568 765 650 816 ὅτι
683 763 781 834 μὲν
797 755 1088 828 άξιοθέατα
1121 759 1188 834 ἦν
1217 763 1396 818 πάντα
1423 761 1489 815 τὰ
1518 763 1618 832 τῆς
1637 763 1780 814 οἰκο-

199 856 394 927 δομῆς,
421 856 490 910 τά
520 872 578 907 τε
609 859 708 926 τῆς
737 855 900 925 ἄλλης
931 857 1272 926 κατασκευῆς
1311 854 1404 908 τοῦ
1437 853 1621 906 αὐτόθι
1652 851 1774 915 νεὼ,

198 949 450 1020 δηλοῦσιν
477 953 534 1003 αί
560 950 810 1021 ἱστορίαιο
835 948 1123 1018 δείγματος
1153 940 1210 998 δὲ
1240 947 1399 1018 χάριν
1422 945 1585 998 εἰσέτι
1621 943 1778 1014 δεῦρο

197 1043 428 1111 λείψανά
451 1059 570 1095 τινα
601 1041 964 1111 πεφύλακται,
988 1039 1056 1092 δι’
1079 1032 1154 1091 ὧν
1178 1038 1244 1091 τὰ
1276 1039 1396 1108 ἰχνη
1421 1037 1774 1106 καταλαμϐά-

195 1152 348 1188 νεται
376 1134 484 1187 τῶν
503 1134 668 1188 πάλαι
701 1131 1258 1202 κατασκευασμάτων.
1289 1132 1512 1186 Παντων
1543 1131 1599 1184 δὲ
1640 1129 1772 1183 θαυμ-

198 1225 516 1294 μασιωτέρα
546 1223 803 1294 τυγχάνει
838 1225 871 1293 ή
915 1222 1070 1294 θεῖκὴ
1103 1219 1254 1293 φωνή
1278 1221 1376 1292 τῆς
1404 1221 1497 1274 τοῦ
1527 1222 1774 1292 Σωτῆρος

191 1314 226 1390 ἡ
237 1317 356 1388 μῶν
390 1317 746 1389 προγνώσεως
764 1334 776 1348 ·
809 1318 928 1370 Ὅτι
959 1317 1056 1388 μὲν
1080 1310 1223 1386 ἀμφὶ
1249 1315 1310 1367 τὸ
1341 1309 1486 1386 ἱερὸν
1506 1315 1769 1379 ἐϐάδιζεν,

190 1413 242 1463 oi
263 1409 310 1462 δ’
337 1408 503 1464 αὐτοῦ
527 1409 786 1481 μαθηταὶ,
808 1408 902 1462 τοῦ
937 1409 1223 1480 περιϐόλου
1251 1407 1352 1468 τὰς
1366 1406 1654 1478 οἰκοδομὰς
1682 1408 1772 1460 αύ-

189 1501 289 1555 τοῦ
307 1519 368 1554 τε
392 1501 486 1555 τοῦ
512 1500 658 1573 ίεροῦ
690 1500 750 1555 τὸ
777 1500 1004 1571 μέγεθος
1037 1501 1130 1555 καὶ
1160 1499 1223 1553 τὸ
1255 1498 1450 1564 κάλλος
1495 1499 1768 1562 ὑπερθαυ-

193 1591 478 1660 μάζοντες,
507 1591 775 1644 ἐδείκνυον
799 1591 965 1661 αὐτῷ.
1011 1591 1068 1643 '0
1086 1591 1142 1643 δὲ
1172 1590 1517 1662 καταλλήλως
1533 1593 1644 1651 τοῖς
1670 1588 1769 1652 τὰς

187 1683 481 1754 οἰκοδομὰς
523 1683 993 1754 ἐκπεπληγμένοις
1037 1684 1371 1754 ἀπεφήνατο,
1407 1684 1463 1736 ἐν
1505 1678 1585 1746 οἷς
1612 1681 1769 1736 ἐθαυ-

190 1775 448 1846 μάζοντο,
483 1774 599 1838 πῶς
619 1775 680 1828 ού
718 1774 794 1846 μὴ
824 1775 980 1848 μείνῃ
1010 1773 1156 1838 λίθος
1177 1774 1270 1826 ἐπὶ
1295 1773 1439 1828 λίθον
1472 1773 1767 1843 ὰκαθαίρε-

184 1883 280 1930 τος
301 1883 314 1895 ·
351 1866 462 1919 δεῖν
491 1864 599 1937 γὰρ
633 1865 722 1918 διὰ
747 1865 816 1918 τὰ
855 1865 1303 1936 τολμηθησόμενα
1341 1867 1452 1929 τοῖς
1483 1866 1762 1936 οἰκήτορσι

185 1957 430 2028 παντελῆ
471 1957 675 2032 φθορὰν
707 1958 801 2012 καὶ
844 1958 1078 2029 ἐρημίαν
1118 1957 1210 2010 τὸν
1263 1957 1426 2010 τόπον
1453 1957 1760 2028 ὑπομείναι,

184 2050 285 2104 ᾰτε
314 2042 379 2120 δὴ
401 2048 610 2102 ἀσεϐῶν
639 2049 848 2122 ἀνδρῶν
881 2051 1168 2122 γενόμενον
1197 2049 1528 2122 οἰκητήριον.
1574 2051 1761 2112 Ὅπως

181 2133 243 2192 δὲ
275 2130 346 2193 τὰ
375 2139 476 2210 τῆς
510 2125 865 2214 προρρήσεως
897 2145 976 2206 εἰς
1002 2143 1140 2214 ἔργα
1175 2141 1759 2216 προκεχωρηκενζὸθτε

183 2227 300 2298 πᾶς
331 2226 466 2298 νεὼς
491 2235 583 2286 καὶ
619 2236 648 2288 ὁ
683 2234 986 2307 περίϐολος,
1011 2235 1080 2290 τά
1107 2253 1166 2289 τε
1194 2237 1263 2290 ἐν’
1287 2235 1434 2307 αὐτῷ
1465 2237 1634 2308 σεμνὰ
1667 2236 1760 2291 καὶ

181 2323 493 2396 περικαλλῆ
532 2321 817 2397 ἱδρύματα,
853 2326 1029 2379 πάντα
1045 2326 1199 2395 λόγον
1237 2325 1614 2381 καλύπτουσαν
1645 2327 1755 2397 (72)

181 2413 423 2485 ἐρημίαν
453 2412 512 2479 ἐξ
535 2413 741 2468 ἐκείνου
766 2415 860 2468 καὶ
894 2417 976 2478 εἰς
994 2414 1152 2486 δεῦρο
1184 2416 1494 2487 ὑπέμεινενο
1525 2414 1676 2482 αῠξει
1698 2434 1756 2470 τε

181 2507 328 2559 κατὰ
355 2499 596 2578 χρόνους,
639 2507 734 2560 καὶ
771 2507 1085 2578 ἐπινέμεται
1119 2509 1153 2580 ή
1183 2508 1276 2562 τοῦ
1309 2509 1467 2578 λόγου
1507 2509 1752 2582 δύναμις,

180 2597 262 2662 ὡς
293 2597 429 2670 μηδὲ
467 2597 610 2669 ίχνος
637 2598 899 2670 Θεμελίων
937 2599 994 2654 ἐν
1031 2617 1139 2654 τισι
1171 2600 1454 2669 φαίνεσθαι
1485 2602 1690 2667 τόποις,
1725 2603 1753 2656 ὃ

181 2679 364 2757 ἔξεστι
398 2688 474 2760 τῷ
512 2688 818 2762 βουλομένῳ
859 2691 1304 2764 παραλαμϐάνειν
1341 2694 1654 2766 ὀφθαλμοῖς.
1691 2697 1752 2749 Εἰ

179 2781 239 2834 δὲ
273 2782 410 2853 φαίη
437 2799 522 2846 τις
551 2783 692 2854 μέρη
725 2782 846 2836 τινὰ
874 2783 954 2836 ἔτι
991 2787 1328 2852 συνεστάναι,
1355 2787 1488 2841 ἀλλὰ
1515 2789 1608 2842 καὶ
1634 2790 1755 2842 τού-

179 2891 296 2928 των
340 2873 447 2946 χρὴ
480 2875 783 2948 προσδοκᾷν
820 2877 909 2929 τὸν
947 2877 1288 2948 ἀφανισμὸν,
1333 2879 1601 2950 ὁσημέραι
1655 2883 1752 2952 τῆς

178 2966 422 3036 ἐρημίας
466 2967 754 3038 αὐξούσης,
811 2969 904 3021 καὶ
949 2969 1050 3039 τῆς
1078 2971 1372 3041 εἰρημένης
1397 2972 1751 3042 προρρήσεως

179 3058 480 3129 ἀπορρήτῳ
503 3057 728 3128 δυνάμει
776 3061 946 3113 εἰσαεὶ
972 3060 1317 3133 ἐνεργούσης.
1349 3058 1479 3116 Οἶδα
1509 3062 1562 3114 δέ
1593 3080 1751 3116 τινων

1882 594 2002 652 post
2020 585 2326 642 Servatoris
2350 589 2521 643 nostri
2543 590 2867 644 sententiam
2893 589 3081 658 fuisse,
3110 591 3450 663 exploratum
3533 599 3541 612 ‘

1879 685 1982 730 εει.

1950 765 2017 820 Ει
2039 769 2180 834 quod
2221 769 2438 838 quidem
2468 771 2585 824 visu
2613 771 2888 826 mirabiles
2919 783 3102 827 essent
3133 773 3449 830 aediﬁcatio-

1881 873 2016 925 nes,
2060 861 2348 929 Omnisque
2387 862 2628 931 reliquus
2670 862 2851 930 templi
2907 863 3053 916 illitis
3111 875 3446 932 apparatus,

1878 949 2116 1004 historiae
2146 953 2543 1007 demonstrant.
2573 953 2757 1007 lndicii
2795 965 2972 1008 autem
3007 955 3204 1022 gratia,
3241 955 3447 1024 aliquot

1877 1039 2055 1094 adhuc
2078 1042 2316 1110 reliquia:
2340 1051 2756 1108 conservantur,
2786 1060 2850 1098 ex
2883 1044 3078 1112 quibus
3095 1054 3331 1098 veterum
3357 1061 3446 1099 or-

1876 1141 2254 1185 namentorum
2293 1135 2514 1202 vestigia
2561 1146 2883 1190 noscuntur.
2920 1133 3024 1190 Sed
3062 1151 3172 1204 pra:
3193 1136 3446 1190 omnibus

1874 1223 2145 1276 mirabilis
2196 1234 2278 1278 est
2321 1226 2678 1280 vaticinantis
2720 1226 2892 1280 nostri
2928 1225 3233 1280 Servatoris
3262 1225 3444 1281 divina

1873 1325 1999 1365 vox.
2025 1311 2158 1365 Nam
2197 1329 2319 1368 cum
2361 1314 2474 1383 ipse
2509 1316 2654 1370 circa
2687 1316 2945 1383 templum
2975 1315 3298 1381 ambularet,
3326 1317 3445 1384 ejus

1873 1412 2051 1456 autem
2081 1404 2330 1473 discipuli
2370 1408 2509 1474 septi
2555 1407 2782 1460 aedilicia
2814 1419 2868 1460 et
2906 1407 3075 1476 ipsius
3101 1408 3284 1476 templi
3312 1406 3444 1463 'ma-

1870 1494 2208 1562 gnitudiuem
2235 1506 2397 1566 atque
2423 1497 2764 1566 splendorem
2797 1513 3125 1566 magnopere
3171 1499 3445 1554 adiniran-

1872 1594 1953 1640 tes
1987 1585 2470 1654 demonstrarent,
2524 1590 2762 1644 vicissim
2817 1591 2928 1659 ipse
2973 1592 3039 1645 iis
3089 1593 3180 1662 qui
3214 1593 3437 1650 aedilicia

1869 1675 2567 1748 suspiciebantaﬂirmavit,
2601 1684 2653 1737 in
2693 1685 2777 1739 his
2805 1700 3040 1754 quorum
3084 1687 3184 1757 ipsi
3217 1698 3440 1757 stupore

1871 1767 2194 1821 tenebantur
2248 1785 2354 1824 non
2403 1786 2778 1827 rentansurum
2833 1774 3068 1842 lapidem
3111 1792 3272 1845 supra
3305 1777 3441 1845 lapi-

1870 1855 2016 1922 dem,
2043 1859 2173 1926 quin
2199 1862 2380 1914 omnia
2418 1864 2848 1920 destruereutnr.
2886 1867 3096 1921 Etenim
3128 1869 3439 1924 necessario

1872 1946 2007 2011 fore,
2043 1959 2100 2002 ut
2139 1965 2362 2020 propter
2393 1954 2760 2009 habitatorum
2816 1956 3085 2022 facinora,
3129 1960 3438 2014 universale

1869 2039 2091 2094 exitium
2117 2059 2180 2098 ac
2223 2046 2534 2101 vastitatem
2567 2049 2613 2102 is
2651 2049 2801 2103 locus
2845 2061 3149 2118 pateretur,
3183 2056 3308 2122 quia
3336 2056 3436 2108 im-

1867 2145 2082 2200 piorum
2142 2135 2425 2191 hominum
2473 2151 2725 2195 evaserat
2776 2143 3168 2200 habitaculum.
3225 2146 3433 2200 Revera

1866 2238 1986 2278 cum
2033 2235 2236 2282 emtum
2289 2238 2445 2283 nacta
2493 2240 2576 2284 est
2625 2233 2927 2300 praedictio,
2966 2243 3138 2290 totum
3173 2239 3432 2307 templum

1865 2331 1987 2370 cum
2025 2330 2180 2388 septo
2205 2336 2324 2378 suo.
2348 2336 2402 2375 et
2427 2323 2638 2377 cunctis
2664 2324 2769 2379 illis
2809 2326 3102 2395 splendidis
3145 2337 3308 2396 atque
3345 2345 3435 2384 or-

1866 2412 2171 2468 natissimis
2193 2413 2462 2477 aediliciis,
2518 2415 2850 2470 iueﬂ‘abilem
2897 2419 3044 2473 dictu
3095 2421 3428 2486 vastitatem,

1861 2514 1927 2555 ex
1956 2516 2022 2556 eo
2057 2512 2300 2572 tempore
2323 2520 2386 2558 ac
2417 2505 2669 2575 deinceps
2692 2518 2970 2576 expertum
3009 2520 3092 2564 est
3120 2527 3134 2564 :
3163 2525 3282 2580 quae
3323 2511 3435 2565 imo

1862 2607 1960 2662 per
1982 2602 2224 2662 tempora
2250 2595 2562 2662 augebitur,
2607 2597 2938 2666 depasceute
2984 2600 3430 2657 locumvaticinii

1863 2687 2125 2752 potentia,
2170 2696 2227 2740 ut
2268 2685 2380 2755 jam
2419 2701 2486 2741 ne
2525 2689 2749 2758 vestigia
2788 2691 3008 2758 quidem
3051 2691 3432 2748 filudatnento-

1860 2791 1980 2830 rum
2012 2777 2208 2832 alicubi
2237 2790 2554 2847 appareant,
2581 2780 2633 2833 id
2653 2782 2797 2848 quod
2835 2781 3034 2836 volenti
3059 2784 3278 2839 cuilibet
3303 2801 3429 2855 spe-

1860 2882 2009 2923 etare
2044 2884 2228 2923 coram
2272 2870 2477 2925 licebit.
2502 2870 2656 2938 Quod
2697 2875 2739 2927 si
2770 2874 2891 2940 quis
2921 2875 3089 2937 dicat,
3125 2889 3307 2946 partes
3329 2878 3430 2932 ali-

1858 2971 1990 3028 quot
2031 2961 2208 3016 adliuc
2249 2961 2581 3027 subsistere,
2633 2964 2731 3018 bas
2796 2981 3010 3034 quoque
3061 2968 3199 3021 idem
3250 2981 3429 3024 manet

1857 3052 2104 3117 exitium,
2134 3065 2424 3108 crescente
2457 3056 2697 3123 quotidie
2721 3056 3031 3120 solitudine,
3069 3060 3308 3128 dictique
3334 3077 3428 3115 va-

178 3138 422 3211 ἀκούσας
473 3150 922 3220 ἐρμηνευσάντων
983 3152 1081 3221 τὴν
1133 3153 1536 3224 προειρημένην
1568 3153 1748 3224 φωνὴν

1865 3145 2028 3196 licinii
2052 3145 2352 3199 insensibili
2378 3146 2426 3198 vi
2455 3161 2669 3214 semper
2696 3158 2940 3216 urgente.
2969 3149 3188 3204 Memini
3213 3166 3430 3220 quoque

178 3238 411 3310 ἑτέρως’
471 3239 545 3311 μὴ
583 3240 694 3313 γὰρ
735 3242 863 3314 περὶ
907 3242 1122 3296 πάντων
1152 3243 1259 3296 τῶν
1305 3245 1750 3316 οἰκοδομημάτων

1865 3251 1939 3288 me
1960 3239 2149 3291 audire
2179 3239 2444 3306 quosdam
2491 3238 2806 3305 praedictum
2837 3242 3118 3295 oraculum
3151 3243 3312 3298 aliter
3340 3245 3420 3299 in-

177 3330 452 3402 είρῆσθαι,
484 3331 618 3386 ἀλλὰ
652 3333 779 3405 περί
819 3351 964 3398 τινος
1004 3335 1218 3406 μέρους,
1253 3332 1282 3388 ὃ
1330 3335 1396 3407 δὴ
1422 3337 1471 3389 οἱ
1512 3336 1750 3407 μαθηταὶ

176 3423 347 3476 αὐτοῦ
378 3423 746 3496 Θαυμάζοντες
777 3426 1327 3499 ἐπεδείκνυοΐπΰτῷ·
1376 3429 1515 3484 κας’.
1540 3429 1748 3484 ἐκείνου

177 3516 292 3587 γὰρ
327 3513 696 3587 ἐξενηνοχέναι
714 3519 876 3571 αὑτὸν
908 3519 1004 3590 τὴν
1031 3512 1354 3592 πρόρρησιν.

921 3675 1002 3728 Η¹.

278 3743 367 3815 73)
387 3743 543 3798 Ἰδὼν
564 3742 676 3812 τὴν
698 3745 896 3809 πόλιν,
913 3745 1215 3798 ἔκλαυσεν
1238 3744 1328 3797 ἐπ’
1344 3744 1517 3814 αὐτῇ,
1536 3745 1745 3815 λέγων,

175 3835 291 3901 ὅτι,
326 3837 394 3889 Εἰ
419 3834 608 3904 ἔγνως
645 3834 742 3890 καί
772 3835 877 3898 σὺ,
910 3835 1011 3889 καί
1039 3851 1104 3905 γε
1134 3836 1204 3888 ἐν
1236 3834 1308 3903 τῇ
1340 3835 1529 3905 ἡμέρᾳ
1563 3838 1748 3906 ταύτῃ

175 3927 251 3980 τὰ
277 3925 427 3995 πρὸς
449 3922 698 3994 είρήνην
719 3939 850 3979 σοι·
881 3925 996 3979 νῦν
1027 3924 1095 3978 δὲ
1130 3925 1346 3993 ἐκρύϐη
1376 3925 1492 3980 ἀπὸ
1527 3927 1748 3995 ὀφθαλ-

175 4015 308 4086 μῶν
334 4031 470 4070 σου.
502 4017 630 4069 Ὀτι
660 4015 920 4082 ἥξουσιν
950 4015 1159 4085 ἡμέραι
1190 4016 1287 4069 ἐπὶ
1321 4015 1415 4080 σὲ,
1452 4015 1548 4068 καὶ
1587 4030 1747 4084 περι-

173 4106 573 4162 κυκλώσουσὶ
601 4121 674 4161 σε
695 4109 746 4160 οἰ
775 4105 974 4174 ἐχθροί
1005 4121 1124 4169 σοι,
1169 4106 1266 4159 καί
1314 4107 1649 4171 συνέξουσί
1675 4123 1748 4160 σε

175 4197 498 4260 πάντοθεν,
528 4196 627 4249 καὶ
655 4193 971 4264 ἐδαφιοῦσί
1000 4208 1074 4248 σε
1104 4194 1200 4247 καί
1231 4193 1303 4248 τὰ
1330 4193 1509 4248 τέκνα
1533 4209 1649 4248 σου
1679 4193 1749 4248 ἐν

173 4291 300 4344 σοι.
345 4288 448 4362 [Τὰ
485 4287 585 4359 μὲν
619 4287 990 4359 προλεγόμενα
1028 4286 1156 4358 περὶ
1184 4284 1279 4338 τοῦ
1304 4285 1432 4340 ναοῦ
1457 4281 1524 4358 ἦν
1614 4285 1746 4340 ταῦ-

173 4399 245 4436 τα
279 4381 338 4435 δὲ
370 4381 498 4450 περὶ
533 4383 632 4451 τῆς
671 4381 878 4441 πόλεως
921 4377 1088 4448 αὐτῆς
1126 4377 1458 4442 ἐθεσπίζετο,
1503 4380 1568 4449 ἢν
1613 4377 1746 4432 Θεοῦ

176 4475 336 4528 πόλιν
360 4473 638 4544 ὠνόμαζον
660 4474 708 4525 οἱ
745 4472 984 4525 Ἰουδαῖοι
1015 4470 1102 4524 διὰ
1130 4469 1219 4523 τὸν
1243 4472 1299 4523 ὲν
1331 4471 1466 4542 αὐτῇ
1491 4470 1584 4524 τοῦ
1612 4471 1747 4525 Θεοῦ

175 4565 464 4637 ἱδρυμένον
505 4563 660 4618 νεὼν.
713 4562 1089 4616 Ἀποκλαίεται
1139 4562 1275 4632 δῆτα
1320 4561 1418 4633 τὴν
1461 4559 1748 4631 σύμπασαν

174 4659 333 4710 πόλιν
359 4659 388 4710 ό
410 4655 809 4726 φιλάνθρωπος,
841 4653 936 4723 οὐχ
953 4651 1095 4705 οὕτω
1114 4651 1182 4704 τὰ
1197 4652 1600 4722 οἰκοδομήματα
1629 4651 1749 4704 ούδέ

171 4750 439 4818 τοῦδαφος
467 4749 618 4810 αὐτὸ,
650 4745 724 4810 ὡς
756 4745 854 4810 τὰς
886 4745 1062 4815 ψυχὰς
1092 4744 1198 4798 τῶν
1238 4743 1402 4797 πάλαι
1451 4743 1748 4815 οἰκητόρων

173 4843 270 4894 καὶ
314 4841 414 4912 τὴν
462 4839 735 4894 ἀπώλειαν
773 4838 950 4891 αὐτῶν
1005 4836 1200 4890 ἐλεῶν·
1237 4834 1372 4888 ἀλλὰ
1416 4836 1510 4888 καὶ
1548 4837 1614 4887 τὰ
1650 4837 1748 4906 τῆς

174 4933 413 5004 ἐρημίας
435 4931 612 4985 αὐτῶν
644 4930 939 5001 παρίστησι
971 4929 1144 4996 λέγων
1167 4945 1180 4957 °
1228 4931 1295 4981 El
1333 4927 1520 4997 ἔγνως
1552 4929 1652 4983 καί
1683 4943 1748 4996 γε

173 5027 257 5080 σὺ
297 5027 368 5079 ἐν
408 5023 484 5093 τῇ
516 5023 702 5094 ἡμέρᾳ
729 5023 912 5088 ταύτῃ
949 5022 1020 5073 τὰ
1041 5019 1190 5088 πρὲς
1217 5018 1462 5088 εἰρήνην
1493 5033 1612 5071 σοι.
1653 5019 1750 5088 Ση-

109 5147 120 5156 ο
179 5119 360 5188 μαίνει
397 5117 453 5170 δὲ
485 5117 582 5186 τὴν
616 5114 779 5168 αὐτοῦ
823 5112 1122 5182 παρουσίαν
1155 5112 1238 5162 ἐπ’
1268 5112 1455 5181 εἰρήνη
1485 5110 1575 5162 τοῦ
1608 5109 1668 5161 σύ
1679 5128 1739 5180 μο

175 5227 380 5272 παντος
428 5209 633 5278 κόσμου
661 5205 1048 5276 γεγενημένην.
1081 5203 1250 5265 Αὐτὸς
1278 5201 1385 5272 γὰρ
1415 5197 1482 5270 ἦν
1529 5203 1656 5272 περὶ
1687 5193 1747 5254 οὗ

174 5303 419 5372 εἴρηταιο
465 5298 771 5354 Ἀνατελεῒ
796 5298 866 5352 ἐν
886 5296 1014 5361 ταῖς
1041 5293 1288 5364 ἡμέραις
1315 5293 1497 5350 αὐτοῦ
1528 5293 1748 5349 δικαιο-

250 5396 296 5424 ¹³
326 5393 455 5446 Luc.
488 5407 601 5454 xu,
633 5388 819 5444 ιι-ιι.
899 5388 942 5419 ⁸³
982 5387 1100 5441 lsai.
1131 5401 1251 5451 λιν,
1291 5383 1344 5439 8.

269 5485 363 5554 7|)
401 5484 465 5538 Α.
515 5484 550 5536 ί.
581 5482 707 5536 267.
734 5482 880 5554 Syr.
929 5497 1002 5554 iv,
1044 5480 1126 5534 18.
1157 5479 1321 5554 'i‘otus
1357 5478 1446 5554 qui
1504 5480 1747 5554 sequitur

177 5548 547 5622 locus'nsqne
606 5555 672 5606 ad
725 5548 1092 5622 ἐξενηνοχέναι
1139 5549 1316 5622 αὑτὸν
1350 5548 1445 5618 τὴν
1503 5549 1748 5622 πρόρρη-

177 5643 284 5685 σιν,
339 5619 543 5676 diserte
582 5622 637 5676 in
684 5619 879 5676 codice
930 5619 1245 5673 inscribitur
1275 5619 1352 5671 sic
1399 5637 1412 5671 :
1449 5619 1744 5675 Εὐσεϐἶοὺ

177 5691 590 5762 Εὐαγτελικῆς
608 5693 966 5760 Θεοφανείας
993 5693 1064 5743 Δ’.
1098 5689 1305 5762 Eusebii
1335 5704 1398 5742 ea:
1416 5687 1744 5762 Evangelica:

181 5760 532 5831 ΐικορίιαηὶω
579 5763 710 5814 libro
738 5772 944 5830 quarto.
978 5761 1136 5830 Atqui
1167 5760 1330 5831 etiam
1352 5760 1741 5831 placedenletn

178 5826 381 5890 locum.
410 5833 514 5887 etsi
553 5833 598 5887 is
638 5831 690 5886 in
718 5826 903 5887 codice
933 5826 1142 5886 nonnisi
1165 5826 1367 5884 nudum
1399 5826 1614 5882 Eusebii
1644 5843 1739 5882 no-

1855 3335 2249 3397 terpretantes;
2280 3330 2488 3384 scilicet
2527 3345 2630 3384 non
2665 3332 2730 3384 de
2771 3339 2884 3384 toto
2915 3332 3146 3386 aedilicio
3169 3333 3426 3388 Senato-

1853 3435 1966 3474 rem
1991 3435 2112 3475 esse
2140 3420 2400 3486 locutum,
2433 3421 2526 3476 sed
2552 3423 2618 3476 de
2649 3421 2736 3476 illa
2762 3432 2938 3490 parte,
2974 3437 3134 3491 quam
3167 3426 3216 3479 ei
3259 3427 3424 3481 disci-

1851 3513 1960 3580 puli
1991 3513 2296 3566 mirabundi
2334 3514 2730 3578 ostendebant;
2763 3514 2828 3566 de
2863 3514 2962 3566 hac
2989 3515 3244 3568 nimirum
3273 3527 3427 3584 parte

1851 3603 2128 3658 Christum
2153 3603 2490 3672 praedixisse.
2570 3671 2678 3726 vm

1928 3740 2122 3796 Viden:
2158 3742 2435 3808 ciritatem,
2454 3743 2590 3810 ﬂevit
2612 3759 2769 3810 super
2791 3743 2936 3796 illam
2961 3742 3176 3798 dicens:
3209 3743 3346 3810 Quia
3377 3747 3426 3800 si

1851 3834 2178 3902 cognovisse:
2209 3845 2255 3888 et
2288 3845 2368 3899 tu,
2404 3843 2453 3887 et
2482 3835 2691 3904 quidem
2715 3835 2814 3888 hac
2850 3836 2955 3896 die,
2986 3852 3105 3901 quia
3135 3839 3203 3889 ad
3241 3854 3421 3904 pacem

1851 3927 1982 3990 tibi;
2005 3942 2143 3979 nunc
2168 3936 2341 3979 autem
2367 3927 2671 3979 abscondita
2701 3935 2820 3980 sunt
2850 3927 2914 3978 ab
2939 3927 3102 3981 oculis
3127 3928 3255 3982 tuis.
3283 3927 3422 3992 Quia

1831 4020 1959 4074 ,ἄξει
1982 4020 2075 4073 tibi
2094 4019 2675 4088 supervenienl,quibus
2698 4020 2898 4074 inimici
2926 4021 3004 4072 tui
3026 4019 3422 4076 circumdabant

1853 4120 1921 4175 te,
1953 4123 2000 4166 et
2026 4113 2438 4182 coangustabunt
2479 4121 2528 4165 te
2572 4115 2804 4182 undique
2827 4152 2842 4176 ,
2879 4123 2928 4166 et
2959 4115 3027 4165 ad
3071 4122 3265 4182 terram
3301 4130 3422 4183 pro—

1853 4212 2082 4256 sternent
2129 4212 2198 4265 te,
2230 4211 2276 4255 et
2314 4201 2452 4269 ﬁlios
2485 4203 2575 4267 qui
2609 4206 2664 4256 in
2713 4213 2760 4256 te
2815 4213 2934 4256 sunt
2992 4203 3055 4256 “.
3105 4201 3422 4275 [Superiora

1851 4294 2068 4362 quidem
2096 4294 2164 4348 de
2204 4293 2404 4363 templo
2435 4294 2692 4363 praedicta
2735 4292 3030 4366 fuerunt;]
3081 4293 3197 4350 haec
3240 4302 3419 4350 autem

1855 4385 2103 4440 Christus
2156 4386 2225 4441 de
2291 4386 2404 4456 ipsa
2458 4385 2589 4439 urbe
2631 4385 3050 4452 vaticinabatur,
3102 4400 3266 4455 quam
3323 4385 3421 4442 Dei

1782 4513 1825 4568 υ
1857 4479 2043 4532 urbem
2075 4477 2421 4568 appellabant
2447 4473 2637 4541 Judaei,
2657 4485 2880 4546 propter
2904 4477 3195 4568 conditum
3218 4475 3293 4531 ibi
3322 4475 3420 4535 Dei

1858 4568 2134 4638 templum.
2181 4568 2325 4623 Sane
2361 4567 2600 4623 clemens
2651 4568 2908 4621 Servatur
2938 4565 3086 4634 luget
3111 4567 3418 4622 universam

1856 4661 2162 4727 civitatem;
2199 4673 2371 4728 neque
2399 4668 2505 4712 tam
2532 4657 2756 4713 aedilicia
2785 4673 2847 4712 ac
2875 4656 3048 4712 solum
3084 4655 3220 4724 ejus,
3259 4671 3420 4726 quam

1854 4752 2064 4805 animas
2106 4749 2429 4816 incolarum,
2489 4748 2791 4816 horumque
2839 4746 3061 4802 exitium
3111 4746 3418 4800 miseratur.

1854 4844 1990 4898 Tum
2018 4844 2250 4896 futuram
2277 4840 2392 4909 ejus
2423 4839 2765 4895 solitudinem
2805 4846 3153 4907 repraesentat
3190 4837 3376 4893 dicens
3403 4855 3418 4891 :

1856 4935 1920 4990 Si
1957 4934 2279 5004 cognovisse:
2330 4943 2376 4986 et
2417 4943 2470 4984 tu
2511 4933 2595 4984 die
2629 4931 2762 4996 hac,
2802 4945 2918 4998 qua:
2947 4928 3017 4981 ad
3073 4944 3252 4996 pacem
3303 4929 3419 4983 tibi.

1855 5025 2178 5093 Signilicans
2209 5023 2458 5076 videlicet
2485 5023 2772 5076 adventum
2816 5034 2970 5074 suum
3007 5021 3260 5076 universo
3301 5019 3421 5074 orbi

1854 5134 1949 5188 per
1981 5131 2039 5172 se
2062 5131 2180 5171 esse
2212 5116 2530 5183 pacilerum.
2581 5112 2695 5181 Ipse
2734 5111 2877 5163 enim
2906 5118 2989 5164 est
3011 5110 3079 5164 de
3108 5125 3215 5178 quo
3243 5119 3422 5165 exsta-

1853 5209 1946 5262 bat
1983 5204 2283 5267 oraculum,
2312 5204 2427 5272 fore
2462 5214 2514 5256 ut
2539 5203 2593 5255 in
2614 5201 2795 5253 diebus
2822 5199 2936 5267 ejus
2959 5199 3190 5251 miretur
3219 5197 3420 5260 iustitia

1855 5315 1899 5354 et
1925 5300 2067 5370 pacis
2089 5297 2242 5366 copia
2265 5295 2330 5348 “.
2359 5294 2571 5364 Reapse
2602 5293 2648 5346 is
2688 5299 2910 5345 venerat
2949 5304 3136 5380 pacem
3159 5287 3422 5359 proximis

1857 5496 1977 5535 men
2018 5479 2190 5549 gerit,
2230 5476 2398 5531 nihilo
2444 5483 2622 5549 tamen
2659 5471 2836 5527 minus
2869 5487 2936 5527 ex
2969 5469 3306 5540 Theophania
3353 5468 3419 5525 ad

1855 5544 2086 5604 littera'tn
2128 5556 2400 5614 sumptum
2435 5544 2690 5614 vidimus.

1921 5620 2035 5687 (72)
2064 5617 2239 5697 _Syrns
2254 5611 2391 5684 legit
2421 5611 2808 5678 καλύπτοντα,,
2837 5611 3126 5684 retulitque
3152 5613 3269 5686 ejus
3297 5626 3421 5669 sen-

1854 5706 1970 5746 Stlm
2012 5688 2076 5742 ad
2110 5688 2258 5755 prius
2285 5701 2518 5755 comma.

1926 5758 2038 5830 (73)
2070 5751 2202 5812 Cod.
2237 5757 2296 5809 Α.
2337 5755 2379 5809 l'.
2414 5753 2540 5808 “260.
2567 5751 2618 5807 b.
2653 5753 2775 5822 Syr.
2809 5767 2882 5817 Iv,
2923 5753 3003 5806 l9.
