3858 6214
435 278 539 335 647

1096 276 1365 335 EUSEBII
1405 278 1883 336 CIESARIENSIS
1920 278 2072 335 OPP.
2101 276 2296 333 PARS
2335 276 2424 333 IV.
2467 309 2536 318 —-
2577 278 3004 337 DOGMATICA.

3594 283 3685 340 643

433 412 498 451 ac
524 395 826 467 longinquis
864 394 1279 464 praedicaturus.
1326 398 1507 466 Quare
1555 408 1608 454 et
1664 399 1750 453 his
1798 399 1889 469 qui
1947 413 1990 453 st

2109 399 2271 465 σὺνη
2292 398 2391 453 καὶ
2413 398 2648 466 πλῆθος
2675 398 2934 469 ειρήνης·
2959 396 3206 468 ἐληλύθει
3219 414 3279 450 τε
3295 397 3375 461 εἰς
3392 398 3524 452 αὐτὸ
3542 399 3685 453 τοῦτο

435 496 751 555 receperunt
774 486 850 539 ait
885 504 898 540 :
931 484 1127 541 Pacem
1155 490 1393 559 relinquo
1438 492 1600 555 vobis,
1628 506 1808 557 pacem
1838 505 1990 544 mean

2118 489 2351 561 κηρῦξαι
2371 491 2602 562 εἰρήνην
2626 495 2739 554 τοῖς
2773 491 2941 559 ἐγγὺς
2964 491 3188 553 καὶτοῖς
3202 490 3426 561 μακράν
3445 508 3458 520 ’
3499 494 3610 555 τοῖς
3631 510 3682 544 τε

428 581 498 633 do
535 578 676 631 vobis
718 575 765 609 “
794 594 809 631 :
842 593 1003 646 quam
1040 592 1172 633 sane
1220 578 1392 648 ipsius
1447 595 1634 649 pacem
1681 594 1985 648 exceperuu

2112 582 2574 654 παραδεχομένοις
2593 585 2753 637 αὐτόν
2781 600 2945 655 φησιν
2964 599 2977 613 ⁸
3006 581 3271 651 Εἰρήνην
3287 578 3503 652 ἀερίὴμι
3531 584 3679 652 ὑμῖν,

424 667 628 724 ethnici
669 668 759 738 qui
797 682 893 738 per
922 667 1114 724 orbem
1161 672 1478 726 universum
1533 671 1581 725 ei
1641 670 2008 726 crediderunt.

420 761 794 816 Circumcisus
853 777 981 817 vero
1047 764 1322 832 populus,
1375 764 1504 818 dum
1564 764 1613 819 ei
1664 778 2007 834 nequaquam

417 847 619 914 credit,
656 847 795 901 haud
824 851 1077 920 cognovit
1138 866 1260 920 quas
1313 852 1433 922 paci
1485 867 1599 907 suae
1630 852 2003 908 conferebant.

419 937 602 1006 Quare
641 938 1082 997 addit'Servator
1107 959 1125 995 :
1158 940 1318 996 Nunc
1344 952 1517 997 autem
1549 944 1858 999 abscondita
1885 955 2008 1000 sunt

416 1031 480 1083 ab
512 1031 679 1087 oculis
703 1033 847 1097 tuis;
873 1034 998 1103 quia
1019 1035 1132 1089 dies
1163 1036 1256 1088 tibi
1290 1037 1672 1103 supervenient,
1693 1047 1741 1091 et
1776 1040 2004 1092 circum-

417 1119 622 1175 dabant
656 1132 704 1177 te
736 1123 937 1177 inimici
982 1125 1081 1178 tui.
1128 1124 1381 1180 Profecto
1408 1140 1530 1196 quae
1565 1126 1669 1182 illis
1702 1128 1860 1196 paulo
1883 1139 2005 1199 post

423 1225 838 1284 superventurze
894 1226 1056 1271 erant
1104 1217 1289 1273 clades
1342 1216 1398 1271 iu
1466 1218 1619 1273 urbis
1675 1220 2001 1285 obsidione,

422 1319 708 1380 propterea
739 1310 886 1381 quod
922 1326 1111 1380 pacem
1145 1313 1565 1381 praznuntiatam
1609 1327 1715 1367 non
1753 1314 2002 1384 excepis—

424 1411 564 1466 sent,
618 1402 723 1467 has,
775 1404 1021 1473 inquam,
1064 1403 1249 1458 clades
1291 1405 1505 1458 illorum
1554 1403 1726 1459 oculis
1785 1405 2001 1460 interim

421 1495 900 1559 subducebantur,
957 1502 1050 1566 qui
1096 1496 1231 1551 nihil
1282 1497 1547 1566 ejusmodi
1596 1498 1996 1567 praavidebant;

421 1588 536 1656 ipse
559 1598 738 1644 tamen
769 1590 988 1644 easdem
1023 1588 1315 1644 manifesto
1350 1590 1607 1644 vaticinio
1648 1590 1998 1658 praecinebat,

419 1680 657 1734 futuram
705 1679 1072 1734 Romanorum
1103 1681 1444 1736 obsidionem
1480 1683 1728 1749 innitens,
1767 1683 1999 1753 bellique

418 1772 688 1826 rationem
719 1771 891 1841 ipsam
920 1771 1183 1841 graphice
1213 1786 1517 1841 exponens.
1565 1771 1683 1826 iam
1728 1777 1998 1844 quomodo

417 1874 640 1933 peracta
687 1863 802 1917 haec
840 1863 1062 1928 fuerint,
1108 1878 1442 1933 cognoscere
1493 1865 1624 1919 licet
1653 1880 1718 1921 ex
1775 1864 1995 1937 Iosephi

425 1958 696 2021 historiis,
727 1956 844 2025 qui,
873 1955 1137 2010 Hebraico
1166 1971 1364 2024 genere
1402 1967 1564 2027 atque
1606 1959 1658 2013 in
1706 1960 1818 2030 ipsa
1846 1960 1998 2016 ludas

417 2050 560 2104 tribu
587 2050 829 2119 genitus,
855 2048 1055 2104 nobilis
1080 2050 1210 2105 item
1237 2060 1406 2121 atque
1444 2052 1586 2105 inter
1610 2066 1739 2107 suos
1772 2054 1997 2123 popula-

415 2157 506 2198 res
549 2156 645 2211 per
694 2142 995 2197 obsidionis
1031 2152 1270 2213 tempora
1319 2142 1524 2208 clarus,
1584 2142 1727 2200 facta
1783 2146 1992 2217 singula

414 2233 623 2289 calamo
646 2245 964 2303 persecutus
988 2244 1092 2298 est,
1123 2244 1517 2292 consentaneus
1543 2237 1816 2294 vaticiniis
1835 2254 1997 2295 even-

414 2334 504 2381 tus
526 2326 813 2380 exhibens.
861 2323 1014 2392 Quod
1063 2325 1233 2395 igitur
1272 2324 1394 2380 belli
1442 2326 1663 2382 casibus
1696 2330 1998 2386 ceciderint

415 2425 604 2471 sancta
643 2415 732 2470 illa
775 2427 832 2471 et
869 2412 1078 2471 [uitiosa
1104 2414 1500 2486 Hierosolyma,
1550 2431 1639 2472 res
1670 2416 1783 2490 ipsa
1828 2429 1998 2476 testa-

417 2516 470 2561 ιΙΙ
479 2524 523 2562 1⁸.

2110 674 2360 744 εἰρήνην
2378 674 2492 744 τὴν
2505 675 2660 745 ἐμὴν
2683 674 2887 743 δίδωμι
2905 672 3075 743 ὐμῖν’
3103 674 3292 744 ἥντινα
3319 675 3543 747 εἰρήνην
3571 671 3681 730 fau-

2109 766 2204 821 τοῦ
2233 767 2355 821 καθ’
2382 767 2508 837 ὅλης
2541 768 2641 837 τῆς
2671 767 2996 837 οἰκουμένης
3025 768 3106 830 είς
3134 766 3294 819 αὑτὸν
3326 767 3679 823 πιστεύσαντα

2108 857 2234 931 ἔθνη
2265 858 2617 929 παρεδέξατο.
2649 860 2707 912 '0
2725 858 2781 911 δὲ
2805 860 2869 910 ἐκ
2885 858 3183 929 περιτομῆς
3202 858 3348 924 λαὸς,
3376 860 3451 932 μὴ
3475 861 3679 914 πιστεύι

2110 966 2209 1013 σας
2241 950 2322 1013 εἰς
2350 950 2530 1013 αὐτὸν,
2553 949 2652 1002 οὐκ
2684 949 2825 1018 ἔγνω
2848 948 2916 1002 τὰ
2944 950 3079 1019 πρὸς
3101 949 3323 1020 εἰρήνην
3347 949 3565 1004 ἐαυτοῦ.
3599 950 3678 1004 Διὸ

2107 1043 2202 1095 καὶ
2230 1042 2505 1111 ἐπιλέγει·
2534 1042 2666 1096 Νῦν
2692 1041 2760 1094 δὲ
2802 1042 3022 1110 ἐκρύϐη
3054 1040 3172 1094 ἀπὸ
3209 1040 3330 1095 τῶν
3361 1042 3675 1113 ὀφθαλμῶν

2105 1149 2221 1188 σου
2241 1152 2255 1164 ·
2287 1132 2377 1187 ὅτι
2406 1133 2666 1202 ἥξουσιν
2694 1131 2907 1202 ἡμέραι
2934 1133 3034 1186 ἐπὶ
3067 1132 3162 1195 σὲ,
3197 1133 3295 1186 καὶ
3323 1135 3678 1201 περικυκλώ-

2105 1226 2292 1280 σουσί
2323 1239 2397 1279 σε
2432 1228 2486 1279 ol
2522 1225 2723 1295 ἐχθροί
2758 1241 2896 1279 σου.
2942 1224 3022 1277 Τὰ
3047 1223 3178 1292 γοῦν
3204 1224 3463 1295 μέλλοντα
3490 1229 3676 1291 αὐτοὺς

2104 1316 2511 1389 καταλήψεσθαι
2560 1316 2756 1388 μικρὸν
2790 1316 3014 1386 ὕστερον
3047 1317 3105 1369 ἐν
3132 1318 3196 1387 τῇ
3229 1317 3348 1369 κατ’
3380 1317 3563 1370 αὐτῶν
3590 1335 3676 1371 πο-

2102 1410 2337 1483 λιορκίᾳ,
2356 1409 2444 1463 διὰ
2468 1408 2528 1463 τὸ
2560 1409 2634 1481 μὴ
2669 1406 3062 1480 προσδέξασθαι
3093 1407 3290 1471 αὐτοὺς
3319 1408 3420 1479 τὴν
3448 1427 3675 1480 προκατ-

2103 1501 2458 1571 αγγελθεῖσαν
2486 1500 2670 1562 αὐτοῖς
2706 1498 2951 1570 εἰρήνην,
2988 1496 3193 1568 ἐκρύϐη
3220 1497 3328 1550 ἀπὸ
3356 1497 3466 1549 τῶν
3487 1498 3676 1566 ὀφθαλ-

2105 1592 2222 1665 μῶν
2242 1592 2439 1646 αὐτῶν.
2478 1592 2703 1644 Ἐκεῖνοι
2741 1589 2838 1660 μὲν
2865 1584 2957 1642 οῦν
2982 1587 3155 1641 ταῦτα
3181 1588 3240 1640 οὐ
3274 1588 3549 1660 προεῖδον·
3586 1590 3675 1642 αύ-

2100 1685 2191 1749 τὸς
2210 1684 2266 1738 δέ
2287 1684 2425 1737 αὐτὰ
2457 1683 2547 1736 διὰ
2567 1685 2667 1754 τῆς
2699 1683 3053 1754 προρρήσεως
3077 1678 3321 1743 θεσπίζει
3347 1680 3670 1750 σαφέστατα,

2102 1777 2199 1849 τὴν
2229 1776 2332 1830 ὑπὸ
2377 1775 2660 1846 Ῥωμαίων
2699 1772 3012 1844 πολιορκίαν
3037 1769 3448 1825 καταλαϐοῦσαν
3483 1771 3673 1835 αὐτοὺς

2103 1870 2480 1944 προσημάνας,
2511 1866 2605 1921 καὶ
2636 1863 2957 1932 ὑπογράψας
2975 1861 3065 1915 τὸν
3092 1860 3292 1945 τρόπον
3318 1859 3414 1914 τοῦ
3449 1862 3569 1915 κατ’
3591 1862 3675 1914 αὑ-

2101 1963 2207 2017 τῶν
2239 1960 2602 2032 γενησομένου
2636 1956 2894 2027 πολέμου.
2920 1956 3105 2017 Ὅπως
3131 1953 3187 2007 δέ
3211 1953 3304 2006 ἐπὶ
3337 1952 3513 2023 πέρας
3537 1952 3671 2023 ἤχθη

2098 2055 2292 2118 ταῦτα,
2340 2053 2604 2124 πάρεστιν
2651 2049 2759 2103 ἀπὸ
2778 2050 2876 2119 τῆς
2917 2045 3176 2117 Ἰωσήπου
3216 2043 3437 2115 γραφῆς
3484 2042 3671 2096 ἀναλέι

2101 2147 2317 2217 ξασθαι,
2348 2146 2407 2209 ὃς
2432 2145 2496 2215 δὴ
2533 2142 2780 2204 Ἰουδαῖος
2806 2137 2902 2204 ὣν,
2937 2137 3151 2208 καὶτῆς
3182 2137 3313 2208 παρ’
3339 2136 3523 2199 αὐτοῖς
3548 2135 3673 2188 Ἰουο

2097 2239 2288 2310 δαῐκῆς
2321 2236 2492 2307 φυλῆς
2519 2230 2779 2302 γεγονὼς,
2811 2228 2919 2283 τῶν
2954 2246 3013 2282 τε
3043 2227 3327 2298 ἐπισήμων
3357 2225 3453 2279 καὶ
3480 2227 3672 2292 ἐπιφα-

2095 2334 2202 2389 νῶν
2239 2334 2297 2385 ἐν
2333 2328 2411 2400 τῷ
2444 2328 2585 2383 ἔθνει
2622 2325 2765 2378 κατὰ
2803 2324 2927 2386 τοὺς
2959 2321 3184 2392 χρόνους
3211 2318 3313 2388 τῆς
3339 2316 3668 2390 πολιορκίας,

2094 2426 2302 2479 ἐκαστα
2352 2418 2462 2473 τῶν
2504 2413 2906 2486 πεπραγμένων
2948 2409 3221 2483 ἱστόρησε,
3255 2407 3526 2478 σύμφωνα
3554 2408 3670 2469 ταῖς

2095 2513 2484 2590 προκειμέναις
2541 2506 2879 2582 προρρήσεσι
2922 2500 2991 2555 τὰ
3038 2500 3449 2571 ἀποτελέσματα
3493 2516 3670 2590 παραέ

415 2601 640 2672 στήσας.
674 2601 798 2654 ’Ότι
831 2599 929 2670 μὲν
955 2595 1048 2655 οὖν
1076 2601 1195 2663 ταῖς
1221 2600 1286 2652 ἐκ
1320 2598 1415 2653 τοῦ
1448 2601 1688 2675 πολέμου
1733 2612 2042 2682 συμφοραῖς
2074 2606 2493 2682 περιπέπτωκεν
2522 2602 2556 2673 ή
2594 2597 2727 2667 ἁγία
2765 2595 2861 2648 καὶ
2902 2592 3183 2664 διαϐόητος
3213 2590 3585 2664 Ἰερουσαλὴμ,
3612 2589 3668 2656 ἐξ

413 2696 593 2751 αὐτῶν
625 2696 807 2751 ἐνεστι
841 2696 946 2750 τῶν
971 2696 1309 2768 πραγμάτων
1343 2695 1490 2753 ἰδεῖν.

1154 2784 1247 2841 ΙΧ.

483 2876 614 2931 Cum
652 2888 827 2932 autem
865 2878 1097 2933 videritis
1150 2881 1535 2934 circumdatam
1568 2883 1634 2935 ab
1676 2885 1991 2941 exercitibus

414 2967 785 3032 Hierusalem,
826 2977 951 3022 tunc
1012 2970 1194 3022 scitote
1239 2971 1659 3039 appropinquare
1708 2974 1991 3028 desolatio-

2848 2776 2926 2830 6’.

2169 2880 2280 2950 (74)
2316 2879 2491 2931 Ὅταν
2517 2873 2586 2928 δὲ
2623 2871 2789 2939 ἴδητε
2815 2863 3237 2935 κυκλουμένην
3265 2860 3386 2917 ὑπὸ
3418 2877 3666 2929 στρατο-

2094 2973 2292 3027 πέδων
2320 2971 2435 3038 τὴν
2473 2964 2879 3035 Ἰερουσαλὴμ,
2914 2958 3049 3012 τότε
3072 2954 3273 3029 γνῶτε,
3304 2952 3396 3006 ὅτι
3424 2952 3668 3023 ἤγγικεν·

412 3075 529 3113 nem
562 3057 697 3126 ejus.
732 3056 877 3111 Tunc
897 3064 991 3127 qut
1010 3059 1065 3110 in
1094 3057 1292 3112 Iudaea
1325 3068 1472 3124 sunt,
1501 3061 1705 3130 fugiant
1733 3064 1802 3116 ad
1838 3080 1988 3117 mon-

2095 3064 2385 3133 ἐρήμωσις
2408 3056 2618 3126 αὐτῆς.
2656 3055 2792 3110 Τότε
2828 3054 2880 3106 ol
2904 3050 2973 3103 ἐν
3005 3047 3082 3117 τῇ
3114 3045 3364 3113 Ἰουδαίᾳ
3387 3043 3667 3114 φευγέτω-

413 3160 524 3212 tes;
550 3159 598 3202 et
623 3149 714 3218 qui
733 3150 787 3202 in
808 3149 979 3202 medio
1010 3148 1149 3217 ejus,
1167 3149 1471 3214 discedant;
1505 3161 1554 3204 et
1574 3154 1729 3221 quiin
1757 3154 1985 3223 regioni-

413 3240 529 3306 bus,
558 3255 663 3292 non
692 3240 883 3293 intrent
916 3238 969 3292 in
991 3253 1145 3302 eam;
1175 3239 1300 3308 quia
1327 3239 1439 3293 dies
1478 3240 1695 3294 ultionis
1736 3243 1791 3295 lii
1839 3252 1984 3306 sunt,

412 3340 469 3383 ut
502 3331 823 3400 impleantur
844 3330 1022 3385 omnia
1046 3344 1164 3399 qum
1200 3329 1391 3390 scripta
1421 3330 1660 3400 fuerunt.
1699 3329 1789 3385 Va:
1811 3344 1985 3388 autem

411 3426 803 3494 prazgnantibus
856 3434 905 3480 et
947 3425 1264 3478 lactantibus
1312 3424 1367 3477 in
1421 3424 1531 3477 illis
1585 3424 1804 3479 diebus!
1867 3426 1986 3479 Erit

410 3518 550 3571 enim
590 3534 834 3586 pressura
872 3533 1065 3586 magna
1110 3532 1267 3583 super
1326 3527 1520 3570 terram
1545 3557 1562 3582 ,
1624 3528 1673 3571 et
1708 3518 1792 3573 ira
1833 3535 1988 3586 super

410 3608 603 3679 populo
641 3611 758 3664 hoc.
783 3606 852 3661 Et
887 3610 1000 3662 acie
1021 3609 1186 3678 gladii
1210 3613 1418 3678 cadent,
1443 3620 1489 3663 et
1513 3611 1703 3678 captivi
1732 3612 1989 3664 ducentur

410 3702 468 3754 in
492 3716 670 3754 omnes
699 3714 895 3769 gentes.
949 3698 1013 3754 Et
1053 3699 1389 3755 Hierusalem
1429 3702 1721 3754 calcabitur
1753 3719 1784 3755 a
1819 3705 1987 3770 genti-

360 3821 365 3825 ~
411 3793 526 3858 bus,
579 3792 743 3845 donec
790 3791 1110 3862 impleantur
1159 3803 1396 3862 tempora
1452 3794 1724 3845 nationum
1780 3793 1842 3845 ".
1893 3794 1986 3850 His

414 3883 595 3937 verbis
622 3882 884 3938 Dominus
918 3884 1114 3938 indicia
1143 3884 1351 3953 profert
1382 3884 1499 3953 ejus
1531 3884 1789 3953 temporis
1814 3923 1829 3949 ,
1878 3900 1986 3955 quo

412 3976 503 4030 ille
530 3975 682 4029 locus
712 3977 783 4031 ad
805 3977 1171 4031 omnimodam
1203 3976 1513 4031 vastitatem
1543 3979 1820 4033 vocandus
1842 3990 1980 4033 erat.

411 4063 580 4119 Nemo
617 4066 835 4135 quippe,
886 4066 985 4131 ait,
1034 4074 1159 4133 post
1204 4080 1356 4131 eam,
1418 4081 1539 4135 quae
1572 4077 1832 4121 eventura
1878 4077 1982 4132 est,

409 4156 805 4225 obsessionem,
834 4167 891 4212 et
916 4157 1020 4212 loci
1045 4158 1354 4213 vastitatem
1382 4158 1509 4212 inde
1537 4169 1979 4224 consecuturum,

409 4262 591 4314 nemo,
617 4248 862 4318 inquam,
887 4247 1113 4303 alteram
1163 4258 1442 4318 exspectet
1500 4250 1980 4316 instaurationem;

410 4338 782 4407 cuiuscemodi
811 4337 937 4410 Cyri
974 4337 1263 4392 Persarum
1291 4337 1435 4407 regis
1466 4338 1799 4408 temporibus
1837 4341 1982 4393 acci—

2088 3172 2210 3209 σαν
2232 3156 2319 3219 εὶς
2343 3152 2414 3205 τὰ
2433 3151 2538 3218 ὅρη
2559 3165 2572 3178 ·
2602 3146 2699 3201 καὶ
2722 3147 2773 3199 ol
2801 3143 2871 3196 ἐν
2900 3140 3072 3211 μέσῳ
3095 3137 3284 3211 αὐτῆς
3314 3136 3666 3206 ἐκχωρείτω-

2088 3262 2241 3301 σανο
2278 3242 2376 3297 καὶ
2405 3244 2460 3294 οἱ
2483 3239 2553 3292 ἐν
2573 3236 2702 3303 ταῖς
2735 3233 2952 3305 χώραις
2990 3231 3077 3302 μὴ
3112 3227 3553 3284 εὶσελθέτωσαν
3583 3228 3667 3291 εις

2087 3334 2315 3400 αὑτήνο
2369 3329 2460 3383 ὅτι
2503 3325 2714 3396 ἡμέραι
2755 3318 3119 3387 ἐκδικήσεως
3150 3311 3328 3370 αὗται
3371 3316 3515 3375 εισι,
3559 3309 3667 3400 τοῦ

2087 3399 2433 3491 πλησθῆναι
2463 3418 2697 3473 ἅπαντα
2723 3412 2794 3467 τὰ
2818 3407 3211 3482 γεγραμμένα.
3260 3403 3407 3458 Οὐαὶ
3447 3401 3519 3456 δὲ
3542 3399 3667 3466 ταῖς

2086 3518 2157 3571 ἐν
2209 3512 2419 3585 γαστρὶ
2468 3510 2763 3591 ἐχούσαις.
2814 3504 2915 3557 καὶ
2966 3499 3099 3566 ταῖς
3152 3496 3553 3566 θηλαζούσαις
3574 3494 3668 3591 ,ἐν

2084 3610 2341 3673 ἐκείναις
2361 3605 2490 3671 ταῖς
2776 3597 2796 3650 !
2820 3598 3027 3649 Ἔσται
3048 3592 3156 3664 γὰρ
3183 3588 3413 3659 ἀνάγκη
3433 3586 3667 3658 μεγάλη

2085 3701 2185 3756 ἐπὶ
2213 3699 2324 3767 τῆς
2349 3695 2483 3767 τῆς,
2514 3693 2613 3747 καὶ
2640 3689 2786 3761 ὀργὴ
2818 3689 2888 3742 ἐν
2919 3685 2998 3751 τῷ
3023 3681 3152 3748 ,1αῷ
3180 3683 3392 3747 τούτῳ.
3417 3680 3534 3734 Kal
3562 3695 3666 3732 πε-

2085 3792 2336 3847 σοῦνται
2356 3789 2425 3841 έν
2449 3788 2699 3855 στόματι
2723 3779 3043 3851 μαχαίρας,
3064 3772 3163 3829 καὶ
3182 3767 3670 3841 αἰχμαλωτισθή-

2085 3900 2297 3940 σονται
2324 3883 2410 3946 εἰς
2435 3877 2631 3931 πάντα
2651 3874 2725 3929 τὰ
2752 3873 2918 3939 ἔθνη.
2936 3869 3046 3923 Kal
3080 3862 3470 3934 Ἰερουσαλὴμ
3496 3860 3670 3915 ἔσται

2085 3972 2426 4043 πατουμένη
2476 3966 2594 4023 ὑπὸ
2644 3963 2855 4027 ἐθνῶν,
2906 3960 3045 4028 ἄχρι
3082 3951 3440 4047 πληρωθώσι
3472 3948 3670 4047 καιροέ

2083 4039 2294 4121 eoi-«3r;
2348 4060 2446 4114 Διὰ
2496 4059 2602 4112 τῶν
2651 4051 3028 4123 προκειμένων
3088 4045 3290 4115 σημεῖα
3339 4039 3530 4094 δίδωσι
3573 4039 3669 4091 τοῦ

2085 4142 2277 4228 καιροῦ
2334 4156 2431 4224 τῆς
2470 4146 2764 4209 παντελοῦς
2809 4141 3045 4216 ἐρημίας
3090 4134 3183 4190 τοῦ
3225 4135 3391 4228 τόπου
3411 4171 3427 4184 .
3460 4130 3671 4228 Μηδεὶς

2049 4222 2214 4320 ,γὰρ,
2256 4222 2407 4316 φησὶ,
2444 4239 2797 4314 προσδοκάτω
2845 4232 2985 4306 μετὰ
3014 4231 3111 4301 τὴν
3147 4225 3414 4296 ἐσομένην
3448 4222 3675 4320 atole:

2084 4311 2229 4405 κίειν,
2258 4311 2352 4392 καὶ
2380 4311 2605 4406 τὴννέπὶ
2630 4329 2836 4399 ταύτην
2877 4321 3248 4396 γενησομένην
3289 4315 3533 4389 ἐρημίαν
3576 4311 3672 4368 τοῦ

409 4432 509 4497 dit,
542 4442 651 4485 tum
700 4408 869 4485 etiam
915 4429 1018 4485 sub
1068 4428 1339 4484 Antiocho
1366 4429 1585 4496 illustri,
1643 4439 1698 4483 et
1751 4430 1984 4500 denique

2095 4432 2271 4494 τόπου,
2298 4428 2489 4499 ἐτέραν
2518 4425 2685 4495 αὐτῆς
2709 4420 2926 4475 ἔσεσθαι
2959 4414 3286 4471 ἀνανέωσιν
3317 4411 3392 4474 ὡς
3426 4409 3523 4462 ἐπὶ
3560 4408 3673 4463 τῶν

409 4524 511 4577 sub
544 4520 824 4591 Pompeio.
855 4518 1011 4589 Saepe
1040 4520 1183 4573 enim
1212 4519 1438 4574 bellicas
1467 4519 1806 4574 incursiones
1828 4536 1985 4588 passa

409 4616 561 4681 urbs,
593 4613 849 4682 majorem
874 4620 1056 4683 postea
1092 4611 1411 4680 dignitatem
1439 4612 1800 4679 recuperavit.
1833 4610 1985 4666 Nunc

412 4717 589 4761 tamen
608 4715 904 4761 extremam
935 4704 1057 4758 urbi
1079 4704 1383 4757 vastitatem
1406 4713 1565 4772 atque
1596 4703 1983 4757 internecivum

411 4796 679 4852 excidium
703 4796 894 4849 adesse
917 4794 1199 4859 creditote,
1255 4808 1380 4847 cum
1416 4807 1537 4846 eam
1566 4794 1634 4847 ab
1654 4793 1983 4847 exercitibus

409 4893 685 4945 obsessam
726 4887 995 4942 videritis.
1019 4885 1138 4941 Jam
1166 4900 1297 4940 vero
1324 4887 1637 4941 vastitatem
1668 4885 1981 4957 Hierosoly-

410 4995 622 5038 morum
662 4979 792 5034 dicit
829 4979 1003 5048 ipsum
1048 4977 1232 5047 templi
1271 4977 1680 5041 exterminium,
1721 4993 1785 5032 ac
1831 4978 1983 5031 eseri-

411 5074 746 5137 mouiarum,
797 5086 918 5142 quae
962 5070 1171 5141 jamdiu
1228 5070 1305 5126 ibi
1364 5084 1430 5123 ex
1486 5069 1735 5124 instituto
1784 5068 1984 5139 Moysis

410 5163 833 5234 peragebantur,
875 5160 1244 5214 abolitionem.
1294 5157 1439 5214 Cave
1468 5159 1614 5215 enim
1642 5170 1798 5228 putes
1833 5160 1984 5214 urbis

413 5255 582 5322 ipsius
627 5253 863 5308 futuram
908 5251 1251 5307 solitudinem
1306 5250 1391 5304 his
1437 5249 1622 5305 verbis
1661 5249 1981 5320 signiﬁcari,

411 5345 566 5414 quasi
593 5359 750 5398 nemo
784 5345 926 5398 inea
955 5342 1210 5411 deinceps
1255 5340 1598 5397 habitaturus
1635 5350 1803 5397 esset.
1840 5341 1979 5395 Dicit

410 5436 553 5489 enim
585 5434 726 5488 infra
748 5474 764 5499 ,
806 5437 921 5488 fore
956 5443 1014 5488 ut
1056 5434 1194 5488 urbs
1222 5432 1361 5485 haud
1389 5432 1502 5501 jam
1532 5433 1627 5487 abs
1661 5431 1857 5487 Judaeis
1884 5432 1979 5486 sed

411 5528 482 5583 ab
511 5528 744 5583 ethnicis
771 5528 1120 5584 incoleretur.
1176 5524 1498 5580 Solitudinis
1532 5533 1714 5581 autem
1756 5525 1978 5580 nomine

484 5619 528 5651 “
559 5618 715 5674 Joun.
746 5635 856 5684 xw,
888 5618 980 5673 27.
1050 5620 1092 5650 ’⁸
1118 5617 1248 5673 Luc.
1279 5632 1394 5672 xxi.
1420 5616 1509 5669 20.

481 5713 593 5785 (74)
621 5712 752 5768 Co‘.l.
787 5715 847 5765 A.
883 5710 919 5766 Γ.
943 5709 1068 5765 ετο.
1108 5709 1232 5781 Syr.
1262 5724 1334 5776 tv,
1369 5706 1565 5763 20-24.

2089 4521 2295 4594 χρόνων
2326 4519 2509 4589 Κύρου
2533 4514 2627 4568 τοῦ
2654 4510 2878 4583 Περσῶν
2910 4505 3172 4594 βασιλέως
3200 4503 3412 4594 γέγονε,
3436 4500 3546 4594 ’καὶ
3581 4517 3675 4594 ps:

2196 4610 2371 4663 ταῦτα
2414 4609 2500 4660 ἐπ’
2541 4603 2809 4673 Ἀντιόχου
2858 4592 3206 4667 Ἐπιφανοῦς,
3256 4592 3351 4645 καὶ
3376 4590 3545 4643 πάλιν
3577 4589 3676 4642 ἐπὶ

2087 4703 2392 4775 Πομπηΐου.
2418 4698 2681 4759 Πολλάκις
2702 4694 2810 4765 γὰρ
2833 4692 2932 4762 ἥδη
2968 4686 3281 4759 πολιορκίας
3308 4681 3675 4775 ὑπομείνας-ὁ

2084 4770 2540 4864 τότξοςίμεεζονος
2570 4786 2775 4859 ἠξιώθη
2809 4781 2947 4854 μετὰ
2968 4778 3137 4833 ταῦτα
3158 4775 3345 4846 τιμῆς.
3386 4772 3557 4826 Ἀλλὰ

2084 4889 2184 4960 τὴν
2215 4863 2448 4957 ἐσχάτην
2494 4885 2591 4954 τῆς
2635 4879 2841 4940 πόλεως
2878 4874 3115 4945 ἐρημίαν
3164 4869 3261 4960 καὶ
3297 4866 3390 4919 τὸν
3421 4863 3675 4960 παντελῆ

2085 4956 2389 5050 ἀςρανισμδν
2441 4970 2826 5029 ἐπελεύσεσθαι
2880 4967 3014 5035 αὐτῇ
3066 4959 3393 5031 γινώσκητε,
3445 4956 3674 5050 tres—wh

2085 5072 2233 5143 ἴδητε
2257 5048 2427 5141 αύτὴν
2454 5067 2561 5120 ὑπὸ
2587 5059 2963 5135 στρατοπέδων
2990 5048 3675 5146 πολιορκουμένηνςερή-
3735 5096 3749 5113 ,

2088 5137 2261 5233 μωσιν
2291 5158 2348 5212 δέ
2386 5137 2490 5227 τῆς
2534 5149 2888 5225 Ἰερουσαλὴμ
2928 5141 3183 5215 ὀνομάζει
3229 5138 3324 5233 τοῦ
3365 5137 3519 5208 ἱεροῦ
3580 5137 3675 5233 τὸν

2085 5226 2410 5321 ἀφανισμὸν,
2445 5226 2538 5301 καὶ
2569 5245 2678 5310 τῶν
2724 5244 2783 5296 ἐν
2826 5237 2973 5309 αὐτῷ
3013 5235 3179 5289 πάλαι
3220 5231 3487 5303 πρότερον
3526 5226 3675 5282 κατὰ

2084 5343 2177 5396 τὸν
2205 5342 2482 5404 Μωῦσέως
2512 5341 2676 5409 νόμον
2717 5329 3146 5402 ἐπιτελουμένων
3190 5320 3667 5416 τὴνᾷκαθαίρεσιν.

2083 5434 2178 5505 Μὴ
2202 5433 2311 5504 γὰρ
2339 5433 2404 5504 δὴ
2441 5433 2542 5502 τῆς
2569 5429 2775 5490 πόλεως
2799 5423 2968 5492 αὐτῆς
2996 5416 3233 5492 ἐρημίαν
3253 5411 3443 5505 νόμιζε
3472 5409 3669 5480 δηλοῦ-

2086 5503 2210 5581 σθαι
2248 5503 2336 5580 διὰ
2371 5503 2595 5589 τούτων,
2620 5520 2695 5584 ὡς
2726 5514 2951 5589 μηδενὸς
2987 5514 3046 5565 ἐν
3073 5510 3211 5579 αὐτῇ
3246 5503 3448 5579 μηκέτι
3481 5515 3671 5556 κατοι-
