3858 6214
173 251 285 301 629

1523 259 1610 313 DE
1649 257 2115 314 ΤΠΕΘΡΗΑΝΙᾹ.

3328 251 3433 308 650

172 366 472 436 κήσοντος·
514 367 757 438 ἐπιλέγει
803 369 846 422 δ’
881 365 973 425 οὖν
1004 373 1152 443 ἑξῆς,
1184 373 1267 427 ὅτι
1305 375 1750 447 κατοικηθήσεται

1865 375 2118 446 intelligit
2141 373 2548 430 derelictionem
2578 387 2608 428 a
2635 373 2772 437 suis,
2824 385 2890 428 ac
2942 385 3219 426 sacrarum
3249 384 3433 423 rerum

172 458 210 528 ἡ
242 457 418 521 πόλις,
451 460 514 512 οὐ
539 461 635 528 μὲν
659 463 764 514 ὑπὸ
798 464 1087 529 Ἰουδαίων,
1115 465 1228 519 ἀλλ’
1259 467 1362 520 ὑπὸ
1376 468 1564 524 ἐθνῶν.
1606 469 1757 540 Ἐρή-

176 565 356 618 μωσιν
377 549 435 602 δὲ
467 550 636 620 αὐτῆς
665 553 932 606 ἀποκαλεῖ
955 555 1016 608 τὸ
1039 557 1235 626 μηκέτι
1263 556 1368 611 ὑπὸ
1387 557 1494 611 τῶν
1517 558 1753 622 οἰκείων,

176 638 314 708 μηδὲ
338 639 480 694 κατὰ
503 643 599 713 τὴν
630 643 860 714 νόμιμον
881 645 1135 716 λατρείαν
1167 649 1535 718 συστήσασθαι
1565 650 1754 721 αὐτήν.

174 730 364 794 Ὅπως
389 731 445 786 δὲ
479 734 571 786 καὶ
597 733 769 788 ταῦτα
804 736 1126 808 ἐπληροῦτο,
1161 739 1311 793 οὐδὲν
1333 739 1414 793 δεῖ
1439 741 1647 794 πόλλων
1672 740 1758 794 λό-

169 837 317 889 γωνο
344 824 576 895 πάρεστι
605 826 713 898 γάρ
743 827 834 880 ὑπ’
861 827 1047 898 ὕψεσιν
1076 832 1208 902 όρᾷν
1241 831 1524 896 Ἰουδαίους
1556 834 1652 904 μὲν
1678 834 1758 898 είς

170 913 355 966 πάντα
389 913 457 966 τά
489 913 618 984 ἔθνη
661 916 1168 989 διεσκεδασμένους,
1222 921 1548 991 ἀλλοφύλους
1573 924 1630 977 δὲ
1661 925 1756 978 καὶ

167 1005 482 1072 ἁλλογενεῖς
541 1008 828 1079 οἰκήτορας
875 1011 973 1080 τῆς
1021 1012 1188 1066 πάλαι
1239 1015 1336 1084 μὲν
1381 1015 1754 1087 Ἰερουσαλὴμ,

167 1096 270 1149 νῦν
292 1097 339 1149 δ’
364 1098 470 1150 ἀπὸ
490 1098 582 1151 τοῦ
607 1099 964 1172 πολιορκητοῦ
984 1103 1165 1156 Αἰλίου
1204 1104 1479 1175 Ἀδριανοῦ
1501 1106 1632 1176 (74‘)
1663 1108 1758 1160 Ai-

166 1189 292 1253 λίας
326 1193 840 1266 μετωνομασμένης.
875 1195 948 1248 Τὸ
969 1196 1100 1265 γοῦν
1127 1197 1427 1269 παράδοξον
1452 1199 1548 1252 τοῦ
1579 1199 1758 1254 θεσπί-

169 1298 381 1352 σματος
411 1284 556 1337 τοῦτ’
591 1285 657 1338 ἂν
690 1285 798 1356 εἴη,
841 1288 921 1339 ὅτι
955 1305 1061 1359 περ
1108 1289 1348 1344 Ἰουδαῖοι
1405 1291 1523 1362 μὲν,
1571 1294 1754 1361 φησιν,

166 1374 775 1447 αἰχμαλωτισθήσονται
806 1380 886 1442 εἰς
915 1379 1092 1433 πάντα
1120 1381 1186 1433 τὰ
1216 1381 1340 1452 ἔθνη
1363 1399 1376 1413 '
1405 1384 1530 1452 περὶ
1561 1382 1617 1436 δὲ
1649 1383 1757 1442 τῶν

165 1466 365 1532 ἐθνῶν,
396 1468 489 1521 καὶ
531 1468 884 1542 Ἰερουσαλὴμ
910 1471 1060 1526 ἔσται
1088 1475 1397 1547 πατουμένη
1427 1475 1518 1528 ὑπ’
1563 1476 1752 1531 ἐθνῶν.

178 1553 579 1630 Ἐκπληκτικὸν
615 1562 671 1614 δὲ
695 1563 756 1615 τὸ
785 1564 1150 1634 ἀποτέλεσμα,
1175 1565 1308 1634 εἴγε
1353 1567 1591 1620 Ἰουδαῖοι
1621 1568 1757 1638 πλη-

165 1651 395 1720 ροῦντες
435 1653 532 1724 τὴν
571 1655 865 1725 σύμπασαν
895 1656 1200 1730 ἀνθρώπων
1233 1660 1579 1731 οἰκουμένην,
1613 1659 1754 1713 ὥστε

164 1743 264 1796 καίΙ
309 1744 501 1815 μέχρις
538 1745 814 1801 Αἰθιόπων
843 1751 1087 1820 χωρῆσαι
1120 1751 1213 1803 καὶ
1257 1751 1500 1816 Σκυθῶν,
1543 1753 1636 1805 καὶ
1669 1752 1757 1804 αύ-

159 1833 276 1886 τῶν
297 1834 407 1886 τῶν
439 1836 691 1906 περάτων
728 1839 828 1908 τῆς
866 1839 990 1908 γῆς,
1023 1841 1081 1893 ἐν
1112 1840 1250 1912 μόνῃ
1293 1843 1356 1912 τῇ
1387 1841 1566 1894 αὐτῶν
1599 1840 1750 1894 πόλει

160 1926 260 1978 καὶ
292 1925 373 1996 τῷ
403 1926 567 1980 πάλαι
599 1927 1024 2001 θρησκευομένῳ
1066 1932 1197 2003 παρ’
1231 1932 1416 1995 αὐτοῖς
1449 1931 1622 2002 τόπῳ,
1655 1932 1752 2003 οὐχ

158 2011 266 2070 οἷοί
301 2018 361 2070 τέ
382 2020 518 2072 εἰσιν
541 2020 858 2075 ἐπιϐαίνειν.
879 2022 990 2075 Καὶ
1023 2023 1071 2074 εί
1096 2023 1194 2093 μὲν
1226 2019 1294 2094 ῆν
1325 2022 1603 2086 παντελῶς
1629 2022 1756 2094 ἔρη-

164 2126 268 2179 μος
317 2112 349 2180 ἡ
391 2111 544 2176 πόλις
591 2113 688 2166 καὶ
729 2114 1000 2185 ἀοίκητος,
1045 2115 1148 2168 κᾶν
1181 2115 1448 2186 ὑπενόησέ
1481 2133 1564 2178 τις
1608 2115 1752 2168 τοῦτ’

160 2199 310 2256 εἶναι
341 2205 403 2258 τὸ
427 2204 627 2258 αἴτιον·
655 2207 751 2259 νῦν
774 2207 829 2260 δὲ
854 2207 958 2260 ὑπὸ
983 2207 1286 2276 ἀλλογενῶν
1320 2208 1413 2260 καὶ
1440 2206 1752 2276 ἀλλοφύλων

160 2296 340 2350 ἐθνῶν
403 2297 498 2350 τοῦ
562 2299 726 2352 τόπου
785 2300 1209 2370 κατοικουμένου
1235 2340 1250 2364 ,
1325 2301 1509 2372 μόνοις
1570 2301 1753 2363 αὐτοῖς

159 2387 367 2452 ἄϐατος
412 2392 692 2461 τυγχάνει,
760 2392 835 2455 ὡς
886 2393 1009 2462 μήτ’
1063 2389 1122 2456 ἐξ
1180 2393 1448 2446 αὐτόπτου
1494 2392 1752 2446 δύνασθαι

159 2481 223 2532 τὸ
285 2482 539 2553 πατρῷον
588 2483 771 2537 αὐτῶν
829 2483 1024 2553 ἔδαφος
1069 2483 1329 2554 θεωρεῖν
1378 2484 1414 2538 ἀ
1455 2484 1519 2556 δὴ
1565 2483 1752 2538 τοῦτον

1863 468 2104 537 legitimo
2139 466 2245 521 ritu
2277 467 2673 534 operandarum
2704 466 2886 518 linem.
2912 462 3068 529 Quod
3098 464 3216 517 haec
3251 471 3432 514 autent

1861 560 1933 614 ita
1952 575 2010 616 se
2027 558 2338 622 habuerint,
2364 557 2549 612 multis
2566 557 2747 611 verbis
2773 554 3102 610 conﬁrmare
3127 568 3234 608 non
3266 554 3435 607 inter-

1861 658 1964 706 est.
2006 647 2192 702 Palam
2258 646 2460 716 quippe
2502 645 2690 700 videre
2733 653 2818 700 est
2865 643 3076 699 Judaeos
3123 643 3323 713 passim
3379 644 3432 696 in

1861 741 2006 798 omni
2033 749 2193 812 gente
2221 739 2528 809 dispersos,
2555 748 2845 794 extraneos
2882 751 3014 792 vero
3059 743 3223 814 atqu‘e
3255 735 3436 789 alieni-

1863 847 2026 904 genas
2054 831 2260 887 versari
2291 831 2344 885 in
2377 829 2530 894 urbe,
2565 844 2685 899 quae
2716 828 2845 883 olim
2875 826 3272 896 Hierosolyma,
3293 841 3437 880 nunc

1862 923 1931 979 ab
1965 931 2336 994 expugnatore
2380 920 2524 976 ,λΕΙΙο
2583 914 3009 974 Adriano‘jElia
3049 917 3436 972 transformato

1862 1015 2078 1070 nomine
2107 1015 2250 1070 dicta
2274 1023 2376 1070 est.
2430 1015 2571 1083 Ergo
2611 1012 2890 1068 oraculum
2931 1011 3136 1066 idcirco
3174 1009 3233 1062 ﬁt
3271 1010 3438 1063 mira-

1861 1108 1986 1175 bile,
2013 1107 2138 1178 quia
2167 1105 2356 1170 Judaei,
2388 1107 2588 1177 inquit,
2608 1106 2752 1160 inter
2772 1118 2960 1159 omnes
2981 1102 3209 1173 populos
3238 1101 3436 1171 captivi

1863 1200 2292 1270 diSpergentur:
2335 1197 2402 1253 ad
2464 1207 2652 1268 gentes
2686 1207 2869 1250 autem
2926 1209 3070 1264 quoa
3117 1193 3342 1260 attinet,
3382 1200 3439 1244 et

1860 1291 2263 1362 Hierosolyma,
2330 1289 2527 1358 inquit,
2589 1287 2932 1344 ethnicorum
2990 1285 3125 1355 pede
3171 1291 3436 1339 terentur.

1860 1384 2141 1440 Terribilis
2170 1397 2301 1438 sane
2326 1383 2585 1437 eventus!
2624 1378 3062 1450 quandoquidem
3092 1371 3296 1444 Judazi,
3343 1378 3438 1447 qtti

1859 1477 2172 1531 universum
2213 1485 2479 1531 terrarum
2517 1475 2706 1530 orbem
2753 1479 3044 1542 occupant,
3093 1459 3255 1540 alqu'e
3295 1469 3441 1522 inter

1858 1567 2143 1638 Ethiopes
2206 1575 2261 1622 et
2316 1567 2551 1639 Scythas
2598 1580 2766 1636 usque
2822 1564 2887 1618 ad
2956 1561 3144 1617 mundi
3201 1559 3436 1615 conﬁnia

1858 1661 2082 1730 degunt,
2128 1659 2194 1715 ad
2229 1659 2418 1714 urbem
2466 1667 2671 1712 tantum
2721 1670 2875 1710 suam
2919 1653 3257 1724 propriaeque
3306 1650 3436 1705 olim

1788 1733 1831 1791 Β
1860 1753 2139 1821 religionis
2171 1753 2356 1808 sedem
2402 1751 2661 1807 accedere
2692 1754 2982 1816 nequeunt.
3040 1743 3159 1799 Jam
3207 1743 3251 1797 si
3308 1743 3438 1796 urbs

1856 1852 2068 1897 vastata
2097 1853 2242 1899 esset
2286 1845 2608 1910 desertaque
2652 1839 2721 1894 ab
2758 1836 2974 1900 incolis,
3025 1836 3163 1889 hanc
3208 1831 3440 1887 fortasse

1860 1935 2054 2004 aliquis
2106 1935 2352 2006 prtedicti
2390 1933 2567 1990 exsilii
2606 1945 2826 1987 causam
2884 1916 3225 1982 existimaret
3256 1942 3268 1978 :
3297 1937 3441 1977 nunc

1864 2042 1997 2082 vero
2021 2028 2086 2082 ab
2113 2028 2386 2082 extraneis
2434 2033 2598 2094 atque
2641 2022 2707 2076 ab
2742 2017 3060 2088 alienigenis
3090 2015 3243 2070 locus
3285 2011 3439 2067 babi-

1864 2127 2030 2183 tatur,
2062 2117 2193 2172 solis
2215 2127 2398 2172 autem
2441 2114 2645 2170 Judasis
2677 2112 2987 2166 inaccessus
3027 2113 3133 2170 est,
3171 2106 3244 2158 ita
3277 2112 3336 2155 ut
3368 2116 3439 2156 ne

1861 2209 2106 2279 aspicere
2138 2209 2352 2278 quidem
2377 2206 2609 2277 patrium
2649 2205 2820 2258 solum
2860 2199 3033 2255 oculis
3071 2197 3182 2252 suis
3205 2193 3433 2265 possint.

1860 2302 1988 2368 Quae
2033 2302 2244 2380 scilicet
2288 2302 2433 2355 hunc
2489 2299 2692 2354 exitum
2751 2295 3084 2355 habuerunt,
3121 2299 3182 2342 ut
3219 2285 3440 2342 oraculo

1815 2447 1817 2452 ,
1863 2394 2017 2450 ﬁeret
2069 2395 2202 2450 satis
2248 2391 2447 2449 dicenti
2497 2409 2514 2446 :
2558 2390 2626 2443 Et
2681 2387 3051 2456 Hierosolyma
3108 2381 3437 2435 ethnicorum

1860 2487 1986 2552 pede
2017 2495 2272 2540 terentur.

157 2573 591 2626 ἀποτετέλεσται
645 2575 738 2627 τὸν
804 2576 1002 2647 τρόπον
1047 2575 1352 2639 ἀκολούθως
1391 2575 1470 2647 τῷ
1521 2578 1752 2647 φήσαντι
1790 2577 2055 2650 χρησμῷ·
2085 2579 2194 2632 Καὶ
2249 2575 2666 2646 Ἰερουσαλὴμ’
2694 2573 2866 2628 ἔσται
2937 2567 3282 2639 πατουμένη
3316 2565 3435 2619 ὑπὸ

155 2665 382 2717 ἑθνωγ.

226 2757 342 2809 Καὶ
368 2756 600 2821 δεικνὺς,
635 2758 715 2810 ὅτι
767 2757 876 2811 οὔτ’
914 2761 1274 2833 ἀναστήσεται
1321 2762 1503 2815 λοιπὸν
1545 2763 1574 2815 ὁ
1610 2761 1753 2826 ναὸς,

154 2848 276 2901 οὒτ’
309 2850 389 2912 είς
435 2849 536 2919 τὴν
565 2851 840 2920 προτέραν
885 2855 1251 2924 ὲπανήξουσιν
1313 2854 1551 2908 Ἰουδαῖοι
1608 2857 1758 2908 πολι-

153 2939 336 3004 τείαν,
367 2941 694 3012 προστίθησι
732 2945 854 3006 ταῖς
913 2945 1078 2998 αὐτοῦ
1143 2948 1505 3018 προρρήσεσι,
1564 2948 1756 3018 χρόνον

153 3033 381 3104 ορίζων,
437 3033 598 3104 μέχρι
639 3034 780 3097 τίνος
819 3034 970 3089 ἔσται
1016 3037 1369 3109 Ἰερουσαλὴμ
1429 3039 1745 3111 πατουμένη

154 3126 268 3180 ὑπὸ
320 3125 521 3178 ἐθνῶν⁸
559 3125 708 3193 λέγει
757 3125 802 3178 δ’
834 3123 944 3192 οὖν,
1004 3127 1142 3197 ἄχρι
1179 3129 1535 3197 πληρωθῶσι
1569 3130 1759 3198 καιροὶ

152 3217 353 3273 ἐθνῶν
372 3233 386 3246 ·
415 3216 558 3270 οὕτω
609 3218 856 3287 σημάνας
886 3220 984 3290 τὴν
1015 3219 1108 3273 τοῦ
1160 3219 1274 3290 βίου
1307 3220 1630 3285 συντέλειαν,
1668 3223 1760 3274 καὶ

152 3308 251 3360 τὸν
286 3307 453 3378 μέχρι
491 3308 798 3362 συντέλειαν
827 3309 1001 3379 λέγων
1027 3312 1245 3383 χρόνονο
1283 3312 1536 3383 σημαίνει
1569 3314 1624 3366 δὲ
1665 3315 1757 3366 καὶ

151 3401 247 3452 τὸν
265 3398 376 3469 πρὸ
400 3399 499 3468 τῆς
521 3397 898 3468 αἰχμαλωσίας
916 3400 1025 3471 (75)
1051 3400 1304 3471 πόλεμον.
1332 3401 1519 3455 εἰπών⁸
1549 3403 1756 3456 Ἔσται

153 3488 268 3558 γὰρ
308 3485 542 3557 ἀνάγκη
570 3487 668 3540 ἐπὶ
710 3486 821 3556 τῆς
840 3488 970 3557 γῆς,
1005 3490 1102 3543 καὶ
1143 3489 1288 3559 ὀργὴ
1308 3490 1542 3560 μεγάλη
1570 3491 1639 3544 ἐν
1675 3491 1756 3556 τῷ

152 3576 287 3642 λαῷ
313 3578 524 3641 τούτῳ,
557 3577 656 3632 καὶ
684 3579 1013 3634 πεσοῦνται
1032 3580 1102 3634 ἐν
1130 3584 1382 3651 στόματι
1429 3584 1750 3651 μαχαίρας.

155 3672 349 3723 Ταῦτα
402 3671 459 3723 δὲ
511 3671 659 3734 ὅπως
711 3669 851 3723 κατά
911 3671 1075 3744 μέρος
1139 3673 1410 3744 ἐπράχθη,
1453 3675 1546 3726 καὶ
1583 3674 1657 3738 ὡς
1685 3675 1752 3728 τὰ

155 3764 621 3834 προηγορευμένα
647 3763 748 3816 ὑπὸ
770 3763 863 3816 τοῦ
884 3765 1134 3835 Σωτῆρος
1156 3764 1313 3836 ἡμῶν
1327 3766 1514 3830 τέλους
1539 3766 1750 3836 ἔτυχεν,

156 3856 376 3923 ἔξεστιν
410 3855 520 3909 ἀπὸ
555 3857 652 3927 τῆς
690 3856 952 3927 Ἱστορίας
995 3857 1258 3928 Ἰωσήπου
1293 3857 1482 3929 μαθεῖν
1512 3859 1642 3930 (76)·
1693 3859 1752 3924 ὃς

156 3949 257 4001 καὶ
309 3948 411 4018 τῆς
455 3949 708 4018 φησάσης
739 3947 831 4001 τοῦ
865 3949 1118 4020 Σωτῆρος
1149 3949 1308 4020 ήμῶν
1367 3953 1746 4024 προρρήσεως,

160 4041 314 4096 Οὐαὶ
339 4041 410 4094 δὲ
440 4041 569 4107 ταῖς
607 4040 1006 4110 θηλαζούσαις
1033 4042 1102 4094 ἐν
1133 4043 1390 4110 ἐκείναις
1439 4043 1568 4108 ταῖς
1609 4044 1750 4113 ἠμέ-

154 4131 332 4198 ραιςί
361 4131 424 4184 το
450 4132 800 4203 ἀποτέλεσμα
831 4132 1016 4201 σαφῶς
1038 4133 1334 4204 παρίστησι
1360 4173 1376 4197 ,
1443 4134 1747 4204 μνημονεύ-

159 4243 285 4290 σας,
310 4226 390 4290 ὡς
422 4229 700 4294 γυναῖκες,
721 4226 790 4279 τὰ
829 4226 1034 4279 ἑαυτῶν
1075 4226 1249 4297 βρέφη
1281 4227 1588 4296 ὀπτήσασαι
1615 4229 1748 4300 πυρὶ

156 4322 247 4375 διὰ
280 4321 382 4392 τὴν
406 4321 712 4393 ὑπερϐολὴν
736 4320 829 4373 τοῦ
868 4319 1230 4389 κατασχόντος
1252 4317 1411 4389 λιμοῦ
1440 4318 1538 4390 τὴν
1570 4320 1742 4386 πόλιν,

156 4417 389 4488 ἔφαγον.

1931 2781 2108 2846 AtQue
2139 2786 2198 2831 ut
2226 2774 2476 2830 Christus
2506 2772 2948 2834 demonstraret,
2993 2768 3248 2838 templum
3278 2767 3434 2822 dein-

1859 2887 1984 2941 ceps
2007 2871 2149 2926 haud
2179 2875 2534 2924 Instattratum
2566 2867 2654 2931 iri,
2681 2879 2859 2934 neque
2893 2861 3108 2918 Judaeos
3142 2861 3425 2932 pristinam

1859 2977 2013 3019 suam
2081 2959 2468 3030 rempublicam
2522 2967 2983 3026 recuperaturos,
3043 2954 3254 3009 cteteris
3322 2951 3438 3008 suis

1861 3054 2306 3126 praedictionibus
2381 3051 2589 3106 addidit
2667 3050 2928 3118 temporis
3009 3047 3377 3103 deﬁnitionem
3414 3086 3433 3109 ,

1861 3144 2119 3214 quamdiu
2178 3142 2389 3198 scilicet
2450 3139 2821 3209 Hierosolyma
2891 3136 3231 3192 ethnicorum
3299 3134 3435 3203 pede

1864 3237 2088 3291 terenda
2137 3245 2358 3290 essent:
2389 3234 2467 3288 ait
2503 3232 2685 3295 enim,
2718 3233 2880 3284 donec
2927 3240 3160 3298 tempora
3204 3229 3436 3298 gentium

1862 3328 2259 3396 compleantur:
2287 3326 2356 3380 ita
2405 3323 2716 3394 signiﬁcans
2763 3322 2946 3376 saeculi
3004 3321 3433 3375 consummatio-

1863 3434 2008 3483 ttem,
2042 3431 2141 3472 nec
2182 3432 2286 3471 non
2315 3415 2570 3484 temporis
2605 3428 2772 3482 usque
2805 3412 2873 3466 ad
2913 3411 3431 3466 consummationem

1860 3509 2228 3584 intervallum.
2259 3507 2542 3578 Signiﬁcat
2581 3507 2748 3561 etiam
2789 3505 2985 3560 bellum
3021 3504 3164 3573 quod
3204 3503 3434 3572 captivi—

1859 3614 2025 3659 tatem
2058 3616 2452 3673 praecessurum
2480 3610 2599 3655 erat
2630 3615 2646 3654 :
2676 3597 2887 3652 Futura
2921 3605 3017 3660 est,
3048 3595 3254 3664 inquit,
3285 3609 3430 3660 pres-

1856 3712 1981 3751 sura
2003 3695 2060 3748 in
2090 3702 2255 3759 terra,
2275 3707 2566 3762 magnaque
2589 3691 2672 3743 ira
2693 3704 2849 3756 super
2867 3687 3057 3755 populo
3086 3686 3201 3747 hoc.
3235 3694 3284 3739 et
3317 3686 3432 3738 acie

1853 3786 2019 3857 gladii
2065 3785 2271 3838 cadent.
2326 3783 2502 3853 Atque
2560 3781 2678 3836 hazc
2721 3778 2930 3850 singula
2973 3776 3430 3846 quemadmodum

1853 3875 2174 3941 acciderint,
2210 3885 2372 3943 atque
2400 3883 2462 3928 ut
2506 3871 2819 3927 Servatoris
2855 3869 3024 3924 nostri
3074 3868 3289 3924 oracula
3319 3868 3430 3922 sint

1851 3969 2055 4024 exitum
2089 3977 2401 4031 consecuta,
2452 3980 2519 4020 ex
2571 3963 2793 4032 Josephi
2824 3960 3066 4017 Historia
3102 3973 3428 4031 cognoscere

1850 4061 1999 4117 lcet.
2034 4059 2177 4117 Idem
2211 4060 2439 4114 alterum
2481 4070 2697 4127 quoque
2740 4054 3051 4111 Servatoris
3090 4052 3426 4117 vaticinium,

1850 4151 2107 4206 nimirum
2143 4147 2234 4204 Va:
2257 4147 2579 4202 lactantibus
2604 4147 2656 4200 in
2679 4145 2864 4200 diebus
2889 4144 3038 4198 illis!
3079 4152 3274 4198 eventu
3303 4155 3425 4211 per-

1848 4244 2033 4313 spicue
2091 4243 2495 4312 comprobatum
2541 4239 2704 4293 tradit
2758 4256 2772 4291 :
2820 4238 3019 4293 etenim
3081 4245 3350 4291 memorat
3395 4249 3424 4287 a

1847 4333 2442 4402 mulieribus'parvulos
2477 4331 2726 4400 proprios
2773 4332 2896 4402 igne
2928 4337 3100 4383 tostos
3127 4327 3182 4381 in
3213 4341 3422 4381 summa

1847 4429 1999 4486 urbis
2025 4427 2168 4482 fame
2200 4426 2367 4482 fuisse
2393 4429 2704 4482 devoratos.

222 4512 343 4582 (77)
377 4509 578 4562 Τοῦτον
608 4507 717 4580 γὰρ
753 4507 916 4562 αὐτὸν
954 4505 1044 4560 τὸν
1075 4506 1438 4585 γενησόμενον
1460 4507 1518 4560 ἐν
1556 4508 1620 4577 τῇ
1656 4505 1746 4558 πό-

1922 4519 2074 4574 Hanc
2112 4519 2282 4588 ipsam
2324 4517 2443 4573 urbi
2495 4527 2814 4570 eventuram
2870 4513 3067 4568 famem
3116 4509 3422 4582 praevidens

155 4601 238 4655 λει
271 4602 435 4670 λιμὸν
466 4601 853 4672 προθεωρήσας
879 4603 907 4653 ὁ
928 4600 1136 4670 Σωτὴρ,
1172 4600 1403 4671 παρῄνει
1423 4602 1536 4662 τοῖς
1579 4599 1769 4653 αύτού-

160 4695 438 4767 μαθηταῖς
473 4697 530 4748 ὲν
553 4697 621 4765 τῇ
648 4693 914 4767 μελλούσῃ
944 4691 1084 4746 κατὰ
1121 4693 1386 4746 Ἰουδαίων
1418 4692 1743 4763 γενήσεσθαι

158 4789 472 4861 πολιορκία,
513 4789 587 4860 μὴ
612 4787 687 4852 ὡς
734 4789 820 4841 ἐπ’
856 4787 1070 4858 ἀσφαλῆ
1109 4786 1275 4840 τόπον
1330 4787 1423 4840 καὶ
1479 4785 1741 4855 φυλαττό-

160 4901 324 4954 μενον
351 4881 458 4936 ὑπὸ
487 4882 580 4935 τοῦ
608 4880 745 4934 Θεοῦ
769 4879 1132 4949 καταφεύγειν
1155 4880 1247 4932 ἐπὶ
1273 4879 1372 4951 τὴν
1403 4879 1575 4946 πόλιν,
1604 4880 1742 4950 ὅπερ

157 4973 494 5028 πεπόνθασιν
522 4975 572 5027 οί
612 4973 816 5037 πολλοὶ,
866 4972 981 5026 ἀλλ’
1018 4971 1225 5025 ἐκεῖθεν
1279 4971 1375 5042 μὲν
1415 4972 1740 5042 ἀναχωρεῖν,

159 5068 387 5136 φεύγειν
415 5065 473 5120 δὲ
507 5067 587 5129 είς
619 5067 687 5119 τά
713 5066 846 5137 ὅρη·
900 5066 994 5119 καὶ
1033 5065 1160 5128 τοὺς
1201 5067 1258 5118 ὲν
1295 5064 1442 5135 μέσῳ
1481 5064 1577 5136 τῆς
1621 5064 1745 5117 Ἰου-

156 5162 316 5224 δαίας
350 5161 613 5230 ἐκχωρεῖν
658 5161 738 5222 εἰς
779 5158 848 5212 τὰ
891 5158 1018 5229 ἔθνη
1054 5157 1200 5229 (78);
1247 5158 1342 5212 καὶ
1399 5158 1525 5220 τοὺς
1575 5159 1632 5210 ὲν
1674 5158 1741 5227 τῇ

227 5359 371 5430 (74⁸)
398 5356 1106 5430 -Νοηηιοῐῃεηγὶηοι-υεηιο
1140 5357 1403 5430 _victo_ria.
1460 5357 1551 5430 Ait
1601 5358 1747 5430 enim

152 5427 366 5484 Fronto
386 5427 464 5482 De
491 5427 623 5483 bello
648 5427 898 5482 Parthico
919 5443 938 5482 :
967 5446 985 5478 ι
1024 5427 1263 5482 Adriano
1294 5428 1580 5495 imperium
1609 5428 1748 5481 obti-

156 5509 342 5564 nente,
381 5508 644 5569 quantum
678 5499 912 5552 militum
977 5497 1407 5568 (Romanorum)
1462 5514 1492 5552 a
1542 5497 1742 5552 Judmis

152 5568 678 5637 crsumltbegesis
744 5583 922 5622 autem
996 5570 1288 5624 historicos
1329 5585 1359 5623 a
1408 5583 1494 5624 me
1541 5569 1738 5624 ibidetn

161 5642 216 5694 in
249 5639 698 5694 adnotationibus
720 5638 983 5694 laudatos.

230 5710 345 5782 (75)
400 5708 504 5764 Hic
555 5707 725 5779 Syrus
771 5708 1010 5764 deﬂectit
1067 5707 1403 5777 aliquantum
1461 5725 1492 5766 a
1541 5708 1734 5766 Graeco

470 5810 746 5872 Parnm.
793 5809 911 5870 (in.
957 5807 1191 5870 XXIV.

1853 4612 2134 4677 Servator,
2168 4610 2493 4666 admonebat
2519 4607 2810 4677 discipulos
2843 4622 2972 4663 suos
3006 4606 3143 4660 utin
3176 4607 3419 4676 proxima

1848 4700 2158 4758 Iudaeorum
2193 4699 2542 4764 obsessione,
2575 4698 2778 4752 nollent
2827 4705 3086 4766 tanquam
3133 4697 3201 4750 ad
3251 4704 3420 4749 tutum

1847 4795 2024 4850 locum
2071 4802 2128 4850 et
2166 4809 2196 4847 a
2235 4793 2346 4849 Deo
2389 4791 2716 4847 custoditum
2769 4790 2821 4844 in
2871 4793 3060 4844 urbem
3112 4788 3418 4858 confugere,

1847 4889 1990 4956 quod
2024 4886 2242 4957 plurimi
2270 4885 2534 4948 fecerunt,
2586 4882 2680 4937 sed
2727 4881 2853 4936 inde
2895 4882 3074 4950 potius
3105 4879 3422 4934 recederent

1848 4976 2090 5046 atquein
2122 4984 2330 5029 montes
2365 4976 2650 5042 fugerent;
2695 4983 2751 5026 et
2795 4971 2888 5041 qui
2934 4980 3092 5025 erant
3141 4970 3195 5023 in
3245 4968 3418 5022 media

1849 5066 2033 5123 Iudaea
2059 5067 2124 5121 ad
2143 5076 2337 5137 gentes
2362 5067 2683 5134 migrarent,
2715 5070 2768 5118 et
2794 5062 2888 5132 qui
2921 5063 2973 5115 in
3000 5076 3131 5132 agro
3157 5060 3419 5130 degebant

1853 5170 2196 5228 nequaquam
2229 5155 2297 5210 ad
2327 5155 2563 5209 munitas
2604 5165 2757 5208 arces
2784 5158 3202 5216 concurrerent,
3244 5163 3418 5219 nequc

1847 5372 2050 5422 sensu;
2079 5367 2134 5412 et
2162 5364 2425 5426 praeterea
2463 5355 2664 5410 desunt
2703 5353 2842 5424 Syro
2883 5350 3251 5423 praecedentes
3294 5359 3418 5406 octo

1843 5427 2114 5482 versiculi.

1913 5499 2025 5568 (76)
2059 5495 2193 5568 Bell.
2552 5510 2677 5568 _vttt,
2716 5494 2769 5549 8.

1923 5563 2015 5620 ’77
2064 5567 2199 5620 Cod.
2225 5567 2288 5620 Α.
2326 5567 2364 5620 f.
2390 5565 2516 5619 270.
2547 5563 2671 5635 Syr.
2707 5580 2779 5628 tv,
2809 5566 2902 5630 ‘20,
2937 5563 3028 5620 2|.

1910 5569 2024 5709 ίῖὸζ
2052 5638 2146 5694 llic
2170 5653 2279 5694 non
2313 5635 2453 5694 bene
2491 5637 2662 5708 Syrus
2689 5635 2938 5692 Graecum
2984 5634 3198 5689 videtur
3257 5631 3269 5687 i

1837 5713 1851 5764 Ι
1910 5630 2022 5720 (78)
2052 5638 2146 5694 llic
2170 5653 2279 5694 non
2313 5635 2453 5694 bene
2491 5630 2662 5708 Syrus
2689 5635 2938 5692 Graecum
2984 5634 3198 5689 videtur
3257 5630 3416 5687 intel-

1855 5725 2049 5767 exisse.

3019 5797 3093 5858 21
