  <div class='ocr_page' id='page_1' title='image "/cluster/home/n/w/nwhite01/storage/ocr_20150623/24/nnc1.0046978259/353.png"; bbox 0 0 3858 6214; ppageno 0'>
   <div class='ocr_carea' id='block_1_1' title="bbox 478 272 573 328">
    <p class='ocr_par' dir='ltr' id='par_1_1' title="bbox 478 272 573 328">
     <span class='ocr_line' id='line_1_1' title="bbox 478 272 573 328; baseline 0 -1"><span class='ocrx_word' id='word_1_1' title='bbox 478 272 573 328; x_wconf 75' lang='grc'><strong>651</strong></span> 
     </span>
    </p>
   </div>
   <div class='ocr_carea' id='block_1_2' title="bbox 1145 265 3028 325">
    <p class='ocr_par' dir='ltr' id='par_1_2' title="bbox 1145 265 3028 325">
     <span class='ocr_line' id='line_1_2' title="bbox 1145 265 3028 325; baseline -0.002 0"><span class='ocrx_word' id='word_1_2' title='bbox 1145 267 1413 325; x_wconf 79' lang='lat' dir='ltr'><strong>EUSEBII</strong></span> <span class='ocrx_word' id='word_1_3' title='bbox 1449 265 1929 325; x_wconf 70' lang='lat' dir='ltr'><strong>CAESARIENSIS</strong></span> <span class='ocrx_word' id='word_1_4' title='bbox 1964 269 2115 325; x_wconf 85' lang='lat' dir='ltr'><strong>OPP.</strong></span> <span class='ocrx_word' id='word_1_5' title='bbox 2157 268 2337 324; x_wconf 77' lang='lat' dir='ltr'><strong>PARS</strong></span> <span class='ocrx_word' id='word_1_6' title='bbox 2375 267 2462 324; x_wconf 81' lang='lat' dir='ltr'><strong>IV.</strong></span> <span class='ocrx_word' id='word_1_7' title='bbox 2504 298 2572 310; x_wconf 93' lang='lat'><strong><em>—</em></strong></span> <span class='ocrx_word' id='word_1_8' title='bbox 2609 265 3028 322; x_wconf 75' lang='lat' dir='ltr'><strong>DOGMATICA.</strong></span> 
     </span>
    </p>
   </div>
   <div class='ocr_carea' id='block_1_3' title="bbox 3617 271 3712 325">
    <p class='ocr_par' dir='ltr' id='par_1_3' title="bbox 3617 271 3712 325">
     <span class='ocr_line' id='line_1_3' title="bbox 3617 271 3712 325; baseline 0.011 -1"><span class='ocrx_word' id='word_1_9' title='bbox 3617 271 3712 325; x_wconf 72' lang='lat'><strong>(359.</strong></span> 
     </span>
    </p>
   </div>
   <div class='ocr_carea' id='block_1_4' title="bbox 431 385 2053 462">
    <p class='ocr_par' dir='ltr' id='par_1_4' title="bbox 431 386 2046 457">
     <span class='ocr_line' id='line_1_4' title="bbox 431 386 2046 457; baseline 0.003 -19"><span class='ocrx_word' id='word_1_10' title='bbox 431 425 434 428; x_wconf 74' lang='lat'><strong>.</strong></span> <span class='ocrx_word' id='word_1_11' title='bbox 479 387 795 457; x_wconf 82' lang='lat' dir='ltr'><strong>prudentem</strong></span> <span class='ocrx_word' id='word_1_12' title='bbox 847 387 1131 442; x_wconf 85' lang='lat' dir='ltr'><strong>crederent</strong></span> <span class='ocrx_word' id='word_1_13' title='bbox 1159 386 1214 441; x_wconf 89' lang='lat' dir='ltr'><strong>in</strong></span> <span class='ocrx_word' id='word_1_14' title='bbox 1253 387 1450 457; x_wconf 84' lang='lat' dir='ltr'><strong>oppida</strong></span> <span class='ocrx_word' id='word_1_15' title='bbox 1485 401 1786 453; x_wconf 80' lang='lat' dir='ltr'><strong>secessum,</strong></span> <span class='ocrx_word' id='word_1_16' title='bbox 1833 388 2046 443; x_wconf 89' lang='lat' dir='ltr'><strong>etiamsi</strong></span> 
     </span>
    </p>
   </div>
   <div class='ocr_carea' id='block_1_5' title="bbox 2157 385 3714 462">
    <p class='ocr_par' dir='ltr' id='par_1_5' title="bbox 2157 385 3714 462">
     <span class='ocr_line' id='line_1_5' title="bbox 2157 385 3714 462; baseline -0.001 -19"><span class='ocrx_word' id='word_1_17' title='bbox 2157 389 2302 462; x_wconf 69' lang='grc' dir='ltr'>χώρᾳ.</span> <span class='ocrx_word' id='word_1_18' title='bbox 2335 388 2411 460; x_wconf 81' lang='grc' dir='ltr'>μὴ</span> <span class='ocrx_word' id='word_1_19' title='bbox 2445 386 2808 457; x_wconf 77' lang='grc' dir='ltr'>καταφεύγειν</span> <span class='ocrx_word' id='word_1_20' title='bbox 2837 386 2914 450; x_wconf 84' lang='grc' dir='ltr'>ὼς</span> <span class='ocrx_word' id='word_1_21' title='bbox 2955 386 3052 439; x_wconf 75' lang='grc' dir='ltr'><strong>ἐπὶ</strong></span> <span class='ocrx_word' id='word_1_22' title='bbox 3093 385 3288 457; x_wconf 81' lang='grc' dir='ltr'>ὀχυρὸν</span> <span class='ocrx_word' id='word_1_23' title='bbox 3342 386 3526 452; x_wconf 80' lang='grc' dir='ltr'>τόπον,</span> <span class='ocrx_word' id='word_1_24' title='bbox 3590 389 3714 460; x_wconf 80' lang='grc' dir='ltr'>μηδὲ</span> 
     </span>
    </p>
   </div>
   <div class='ocr_carea' id='block_1_6' title="bbox 480 480 2048 552">
    <p class='ocr_par' dir='ltr' id='par_1_6' title="bbox 480 480 2048 552">
     <span class='ocr_line' id='line_1_6' title="bbox 480 480 2048 552; baseline 0.001 -16"><span class='ocrx_word' id='word_1_25' title='bbox 480 482 531 536; x_wconf 90' lang='lat' dir='ltr'><strong>id</strong></span> <span class='ocrx_word' id='word_1_26' title='bbox 559 490 768 549; x_wconf 88' lang='lat' dir='ltr'><strong>tempus</strong></span> <span class='ocrx_word' id='word_1_27' title='bbox 793 481 1064 550; x_wconf 88' lang='lat' dir='ltr'><strong>postulare</strong></span> <span class='ocrx_word' id='word_1_28' title='bbox 1094 480 1406 546; x_wconf 74' lang='lat' dir='ltr'><strong>videretur;</strong></span> <span class='ocrx_word' id='word_1_29' title='bbox 1459 480 1554 536; x_wconf 88' lang='lat' dir='ltr'><strong>sed</strong></span> <span class='ocrx_word' id='word_1_30' title='bbox 1604 487 1817 535; x_wconf 80' lang='lat' dir='ltr'><strong>lucrum</strong></span> <span class='ocrx_word' id='word_1_31' title='bbox 1871 483 2048 552; x_wconf 88' lang='lat' dir='ltr'><strong>potius</strong></span> 
     </span>
    </p>
   </div>
   <div class='ocr_carea' id='block_1_7' title="bbox 389 559 2048 640">
    <p class='ocr_par' dir='ltr' id='par_1_7' title="bbox 389 559 2048 640">
     <span class='ocr_line' id='line_1_7' title="bbox 389 559 2048 640; baseline 0 -14"><span class='ocrx_word' id='word_1_32' title='bbox 389 559 405 610; x_wconf 71' lang='grc' dir='ltr'>ῗ</span> <span class='ocrx_word' id='word_1_33' title='bbox 479 571 848 626; x_wconf 73' lang='lat' dir='ltr'><strong>existimarent</strong></span> <span class='ocrx_word' id='word_1_34' title='bbox 879 570 1081 638; x_wconf 71' lang='lat' dir='ltr'><strong>ﬁngam,</strong></span> <span class='ocrx_word' id='word_1_35' title='bbox 1111 579 1334 640; x_wconf 90' lang='lat' dir='ltr'><strong>propter</strong></span> <span class='ocrx_word' id='word_1_36' title='bbox 1361 569 1760 639; x_wconf 75' lang='lat' dir='ltr'><strong>impendentem</strong></span> <span class='ocrx_word' id='word_1_37' title='bbox 1791 570 1885 626; x_wconf 87' lang='lat' dir='ltr'><strong>Dei</strong></span> <span class='ocrx_word' id='word_1_38' title='bbox 1910 571 2048 626; x_wconf 90' lang='lat' dir='ltr'><strong>iram</strong></span> 
     </span>
    </p>
   </div>
   <div class='ocr_carea' id='block_1_8' title="bbox 479 661 2049 733">
    <p class='ocr_par' dir='ltr' id='par_1_8' title="bbox 479 661 2049 733">
     <span class='ocr_line' id='line_1_8' title="bbox 479 661 2049 733; baseline 0 -16"><span class='ocrx_word' id='word_1_39' title='bbox 479 674 590 717; x_wconf 90' lang='lat' dir='ltr'><strong>tum</strong></span> <span class='ocrx_word' id='word_1_40' title='bbox 621 662 820 733; x_wconf 89' lang='lat' dir='ltr'><strong>templo</strong></span> <span class='ocrx_word' id='word_1_41' title='bbox 849 672 960 716; x_wconf 87' lang='lat' dir='ltr'><strong>tum</strong></span> <span class='ocrx_word' id='word_1_42' title='bbox 996 661 1225 716; x_wconf 74' lang='lat' dir='ltr'><strong>civitati.</strong></span> <span class='ocrx_word' id='word_1_43' title='bbox 1274 661 1401 716; x_wconf 64' lang='lat' dir='ltr'><strong>Haec</strong></span> <span class='ocrx_word' id='word_1_44' title='bbox 1447 664 1746 732; x_wconf 83' lang='lat' dir='ltr'><strong>perspicue.</strong></span> <span class='ocrx_word' id='word_1_45' title='bbox 1789 673 1845 716; x_wconf 90' lang='lat' dir='ltr'><strong>et</strong></span> <span class='ocrx_word' id='word_1_46' title='bbox 1895 673 2049 719; x_wconf 81' lang='lat' dir='ltr'><strong>extra</strong></span> 
     </span>
    </p>
   </div>
   <div class='ocr_carea' id='block_1_9' title="bbox 481 753 2052 824">
    <p class='ocr_par' dir='ltr' id='par_1_9' title="bbox 481 753 2052 824">
     <span class='ocr_line' id='line_1_9' title="bbox 481 753 2052 824; baseline 0.001 -16"><span class='ocrx_word' id='word_1_47' title='bbox 481 769 698 809; x_wconf 88' lang='lat' dir='ltr'><strong>omnem</strong></span> <span class='ocrx_word' id='word_1_48' title='bbox 718 753 1124 824; x_wconf 80' lang='lat' dir='ltr'><strong>ambiguitatem</strong></span> <span class='ocrx_word' id='word_1_49' title='bbox 1149 753 1595 809; x_wconf 88' lang='lat' dir='ltr'><strong>demonstrabant</strong></span> <span class='ocrx_word' id='word_1_50' title='bbox 1611 769 1832 811; x_wconf 81' lang='lat' dir='ltr'><strong>causam</strong></span> <span class='ocrx_word' id='word_1_51' title='bbox 1861 770 2052 823; x_wconf 91' lang='lat' dir='ltr'><strong>quam-</strong></span> 
     </span>
    </p>
   </div>
   <div class='ocr_carea' id='block_1_10' title="bbox 479 845 2051 918">
    <p class='ocr_par' dir='ltr' id='par_1_10' title="bbox 479 845 2051 918">
     <span class='ocr_line' id='line_1_10' title="bbox 479 845 2051 918; baseline 0 -16"><span class='ocrx_word' id='word_1_52' title='bbox 479 847 666 906; x_wconf 88' lang='lat' dir='ltr'><strong>obrem</strong></span> <span class='ocrx_word' id='word_1_53' title='bbox 712 846 1036 901; x_wconf 86' lang='lat' dir='ltr'><strong>hortabatur</strong></span> <span class='ocrx_word' id='word_1_54' title='bbox 1099 847 1167 902; x_wconf 91' lang='lat' dir='ltr'><strong>ad</strong></span> <span class='ocrx_word' id='word_1_55' title='bbox 1221 855 1432 901; x_wconf 84' lang='lat' dir='ltr'><strong>montes</strong></span> <span class='ocrx_word' id='word_1_56' title='bbox 1499 845 1718 917; x_wconf 78' lang='lat' dir='ltr'><strong>fugere,</strong></span> <span class='ocrx_word' id='word_1_57' title='bbox 1774 862 1950 918; x_wconf 86' lang='lat' dir='ltr'><strong>neque</strong></span> <span class='ocrx_word' id='word_1_58' title='bbox 1996 848 2051 902; x_wconf 93' lang='lat' dir='ltr'><strong>in</strong></span> 
     </span>
    </p>
   </div>
   <div class='ocr_carea' id='block_1_11' title="bbox 478 935 2053 1010">
    <p class='ocr_par' dir='ltr' id='par_1_11' title="bbox 478 935 2053 1010">
     <span class='ocr_line' id='line_1_11' title="bbox 478 935 2053 1010; baseline 0 -17"><span class='ocrx_word' id='word_1_59' title='bbox 478 939 673 1010; x_wconf 87' lang='lat' dir='ltr'><strong>oppida</strong></span> <span class='ocrx_word' id='word_1_60' title='bbox 709 938 915 993; x_wconf 89' lang='lat' dir='ltr'><strong>munita</strong></span> <span class='ocrx_word' id='word_1_61' title='bbox 944 937 1162 993; x_wconf 85' lang='lat' dir='ltr'><strong>reverti.</strong></span> <span class='ocrx_word' id='word_1_62' title='bbox 1208 935 1336 992; x_wconf 83' lang='lat' dir='ltr'><strong>Ideo</strong></span> <span class='ocrx_word' id='word_1_63' title='bbox 1385 937 1463 992; x_wconf 89' lang='lat' dir='ltr'><strong>ait</strong></span> <span class='ocrx_word' id='word_1_64' title='bbox 1499 955 1515 994; x_wconf 91' lang='lat'><strong>:</strong></span> <span class='ocrx_word' id='word_1_65' title='bbox 1548 937 1615 993; x_wconf 89' lang='lat' dir='ltr'><strong>Et</strong></span> <span class='ocrx_word' id='word_1_66' title='bbox 1657 939 1748 1008; x_wconf 91' lang='lat' dir='ltr'><strong>qui</strong></span> <span class='ocrx_word' id='word_1_67' title='bbox 1798 938 1853 994; x_wconf 94' lang='lat' dir='ltr'><strong>in</strong></span> <span class='ocrx_word' id='word_1_68' title='bbox 1905 937 2053 1007; x_wconf 83' lang='lat' dir='ltr'><strong>agris</strong></span> 
     </span>
    </p>
   </div>
   <div class='ocr_carea' id='block_1_12' title="bbox 479 1029 2052 1100">
    <p class='ocr_par' dir='ltr' id='par_1_12' title="bbox 479 1029 2052 1100">
     <span class='ocr_line' id='line_1_12' title="bbox 479 1029 2052 1100; baseline -0.003 -14"><span class='ocrx_word' id='word_1_69' title='bbox 479 1039 625 1098; x_wconf 88' lang='lat' dir='ltr'><strong>sunt,</strong></span> <span class='ocrx_word' id='word_1_70' title='bbox 663 1039 893 1086; x_wconf 84' lang='lat' dir='ltr'><strong>caveant</strong></span> <span class='ocrx_word' id='word_1_71' title='bbox 923 1030 1211 1100; x_wconf 85' lang='lat' dir='ltr'><strong>quominus</strong></span> <span class='ocrx_word' id='word_1_72' title='bbox 1254 1029 1390 1084; x_wconf 90' lang='lat' dir='ltr'><strong>urbe</strong></span> <span class='ocrx_word' id='word_1_73' title='bbox 1430 1044 1490 1085; x_wconf 87' lang='lat' dir='ltr'><strong>se</strong></span> <span class='ocrx_word' id='word_1_74' title='bbox 1529 1029 1872 1085; x_wconf 85' lang='lat' dir='ltr'><strong>concludant.</strong></span> <span class='ocrx_word' id='word_1_75' title='bbox 1909 1033 2052 1084; x_wconf 64' lang='lat' dir='ltr'><strong>Sunt</strong></span> 
     </span>
    </p>
   </div>
   <div class='ocr_carea' id='block_1_13' title="bbox 479 1118 2056 1190">
    <p class='ocr_par' dir='ltr' id='par_1_13' title="bbox 479 1118 2056 1190">
     <span class='ocr_line' id='line_1_13' title="bbox 479 1118 2056 1190; baseline 0 -18"><span class='ocrx_word' id='word_1_76' title='bbox 479 1119 624 1173; x_wconf 88' lang='lat' dir='ltr'><strong>enim</strong></span> <span class='ocrx_word' id='word_1_77' title='bbox 651 1119 708 1174; x_wconf 78' lang='lat' dir='ltr'><strong>lii</strong></span> <span class='ocrx_word' id='word_1_78' title='bbox 741 1121 854 1174; x_wconf 89' lang='lat' dir='ltr'><strong>dies</strong></span> <span class='ocrx_word' id='word_1_79' title='bbox 889 1119 1132 1184; x_wconf 77' lang='lat' dir='ltr'><strong>ultionis,</strong></span> <span class='ocrx_word' id='word_1_80' title='bbox 1172 1127 1228 1173; x_wconf 91' lang='lat' dir='ltr'><strong>et</strong></span> <span class='ocrx_word' id='word_1_81' title='bbox 1262 1118 1446 1174; x_wconf 86' lang='lat' dir='ltr'><strong>omnia</strong></span> <span class='ocrx_word' id='word_1_82' title='bbox 1487 1118 1648 1174; x_wconf 85' lang='lat' dir='ltr'><strong>liendi</strong></span> <span class='ocrx_word' id='word_1_83' title='bbox 1679 1135 1799 1190; x_wconf 86' lang='lat' dir='ltr'><strong>quae</strong></span> <span class='ocrx_word' id='word_1_84' title='bbox 1825 1133 2056 1188; x_wconf 75' lang='lat' dir='ltr'><strong>praeser-</strong></span> 
     </span>
    </p>
   </div>
   <div class='ocr_carea' id='block_1_14' title="bbox 482 1209 2052 1280">
    <p class='ocr_par' dir='ltr' id='par_1_14' title="bbox 482 1209 2052 1280">
     <span class='ocr_line' id='line_1_14' title="bbox 482 1209 2052 1280; baseline 0 -16"><span class='ocrx_word' id='word_1_85' title='bbox 482 1212 579 1265; x_wconf 88' lang='lat' dir='ltr'><strong>tim</strong></span> <span class='ocrx_word' id='word_1_86' title='bbox 632 1213 773 1280; x_wconf 89' lang='lat' dir='ltr'><strong>apud</strong></span> <span class='ocrx_word' id='word_1_87' title='bbox 817 1209 1090 1264; x_wconf 88' lang='lat' dir='ltr'><strong>Dauielem</strong></span> <span class='ocrx_word' id='word_1_88' title='bbox 1137 1210 1342 1280; x_wconf 88' lang='lat' dir='ltr'><strong>scripta</strong></span> <span class='ocrx_word' id='word_1_89' title='bbox 1389 1219 1535 1267; x_wconf 90' lang='lat' dir='ltr'><strong>sunt.</strong></span> <span class='ocrx_word' id='word_1_90' title='bbox 1597 1209 1702 1266; x_wconf 90' lang='lat' dir='ltr'><strong>Sed</strong></span> <span class='ocrx_word' id='word_1_91' title='bbox 1764 1221 1822 1266; x_wconf 91' lang='lat' dir='ltr'><strong>et</strong></span> <span class='ocrx_word' id='word_1_92' title='bbox 1869 1212 2052 1276; x_wconf 63' lang='lat' dir='ltr'><strong>minae,</strong></span> 
     </span>
    </p>
   </div>
   <div class='ocr_carea' id='block_1_15' title="bbox 489 1299 2057 1368">
    <p class='ocr_par' dir='ltr' id='par_1_15' title="bbox 489 1299 2057 1368">
     <span class='ocr_line' id='line_1_15' title="bbox 489 1299 2057 1368; baseline -0.004 -11"><span class='ocrx_word' id='word_1_93' title='bbox 489 1300 728 1357; x_wconf 63' lang='lat' dir='ltr'><strong>Vanum:</strong></span> <span class='ocrx_word' id='word_1_94' title='bbox 748 1302 1119 1365; x_wconf 76' lang='lat' dir='ltr'><strong>nutrientibus,</strong></span> <span class='ocrx_word' id='word_1_95' title='bbox 1145 1301 1414 1368; x_wconf 92' lang='lat' dir='ltr'><strong>quomodo</strong></span> <span class='ocrx_word' id='word_1_96' title='bbox 1434 1299 1646 1355; x_wconf 85' lang='lat' dir='ltr'><strong>&#39;exitum</strong></span> <span class='ocrx_word' id='word_1_97' title='bbox 1696 1299 1805 1354; x_wconf 88' lang='lat' dir='ltr'><strong>sint</strong></span> <span class='ocrx_word' id='word_1_98' title='bbox 1848 1305 2057 1354; x_wconf 61' lang='lat' dir='ltr'><strong>sortitae</strong></span> 
     </span>
    </p>
   </div>
   <div class='ocr_carea' id='block_1_16' title="bbox 481 1392 2054 1465">
    <p class='ocr_par' dir='ltr' id='par_1_16' title="bbox 481 1392 2054 1465">
     <span class='ocr_line' id='line_1_16' title="bbox 481 1392 2054 1465; baseline -0.001 -16"><span class='ocrx_word' id='word_1_99' title='bbox 481 1395 976 1465; x_wconf 82' lang='lat' dir='ltr'><strong>Hierosolymorum</strong></span> <span class='ocrx_word' id='word_1_100' title='bbox 999 1394 1343 1448; x_wconf 84' lang='lat' dir='ltr'><strong>obsessorum</strong></span> <span class='ocrx_word' id='word_1_101' title='bbox 1368 1401 1630 1461; x_wconf 88' lang='lat' dir='ltr'><strong>tempore,</strong></span> <span class='ocrx_word' id='word_1_102' title='bbox 1657 1392 1810 1446; x_wconf 88' lang='lat' dir='ltr'><strong>testis</strong></span> <span class='ocrx_word' id='word_1_103' title='bbox 1831 1392 2054 1447; x_wconf 86' lang='lat' dir='ltr'><strong>idoneus</strong></span> 
     </span>
    </p>
   </div>
   <div class='ocr_carea' id='block_1_17' title="bbox 481 1483 2052 1554">
    <p class='ocr_par' dir='ltr' id='par_1_17' title="bbox 481 1483 2052 1554">
     <span class='ocr_line' id='line_1_17' title="bbox 481 1483 2052 1554; baseline -0.006 -11"><span class='ocrx_word' id='word_1_104' title='bbox 481 1499 566 1544; x_wconf 84' lang='lat' dir='ltr'><strong>est</strong></span> <span class='ocrx_word' id='word_1_105' title='bbox 613 1487 829 1542; x_wconf 82' lang='lat' dir='ltr'><strong>Flavius</strong></span> <span class='ocrx_word' id='word_1_106' title='bbox 877 1484 1165 1554; x_wconf 85' lang='lat' dir='ltr'><strong>Josephus,</strong></span> <span class='ocrx_word' id='word_1_107' title='bbox 1214 1485 1306 1554; x_wconf 89' lang='lat' dir='ltr'><strong>qui</strong></span> <span class='ocrx_word' id='word_1_108' title='bbox 1340 1492 1594 1539; x_wconf 87' lang='lat' dir='ltr'><strong>accurate</strong></span> <span class='ocrx_word' id='word_1_109' title='bbox 1639 1493 1852 1554; x_wconf 91' lang='lat' dir='ltr'><strong>tempus</strong></span> <span class='ocrx_word' id='word_1_110' title='bbox 1899 1483 2052 1548; x_wconf 83' lang='lat' dir='ltr'><strong>illud,</strong></span> 
     </span>
    </p>
   </div>
   <div class='ocr_carea' id='block_1_18' title="bbox 481 1573 2052 1651">
    <p class='ocr_par' dir='ltr' id='par_1_18' title="bbox 481 1573 2052 1651">
     <span class='ocr_line' id='line_1_18' title="bbox 481 1573 2052 1651; baseline -0.004 -19"><span class='ocrx_word' id='word_1_111' title='bbox 481 1589 604 1651; x_wconf 86' lang='lat' dir='ltr'><strong>post</strong></span> <span class='ocrx_word' id='word_1_112' title='bbox 637 1577 945 1633; x_wconf 81' lang='lat' dir='ltr'><strong>Servatoris</strong></span> <span class='ocrx_word' id='word_1_113' title='bbox 977 1576 1147 1630; x_wconf 91' lang='lat' dir='ltr'><strong>nostri</strong></span> <span class='ocrx_word' id='word_1_114' title='bbox 1172 1575 1340 1639; x_wconf 88' lang='lat' dir='ltr'><strong>diras,</strong></span> <span class='ocrx_word' id='word_1_115' title='bbox 1360 1573 1722 1639; x_wconf 89' lang='lat' dir='ltr'><strong>dcscribit;et</strong></span> <span class='ocrx_word' id='word_1_116' title='bbox 1753 1573 2052 1642; x_wconf 83' lang='lat' dir='ltr'><strong>quomodo,</strong></span> 
     </span>
    </p>
   </div>
   <div class='ocr_carea' id='block_1_19' title="bbox 481 1663 2056 1742">
    <p class='ocr_par' dir='ltr' id='par_1_19' title="bbox 481 1663 2056 1742">
     <span class='ocr_line' id='line_1_19' title="bbox 481 1663 2056 1742; baseline -0.004 -18"><span class='ocrx_word' id='word_1_117' title='bbox 481 1671 848 1742; x_wconf 89' lang='lat' dir='ltr'><strong>prementibus</strong></span> <span class='ocrx_word' id='word_1_118' title='bbox 878 1669 1136 1724; x_wconf 82' lang='lat' dir='ltr'><strong>Romanis</strong></span> <span class='ocrx_word' id='word_1_119' title='bbox 1164 1667 1462 1735; x_wconf 88' lang='lat' dir='ltr'><strong>urbemque</strong></span> <span class='ocrx_word' id='word_1_120' title='bbox 1483 1665 1846 1734; x_wconf 85' lang='lat' dir='ltr'><strong>capientibus,</strong></span> <span class='ocrx_word' id='word_1_121' title='bbox 1881 1663 2056 1718; x_wconf 87' lang='lat' dir='ltr'><strong>maxi-</strong></span> 
     </span>
    </p>
   </div>
   <div class='ocr_carea' id='block_1_20' title="bbox 2151 477 3716 552">
    <p class='ocr_par' dir='ltr' id='par_1_20' title="bbox 2151 477 3716 552">
     <span class='ocr_line' id='line_1_20' title="bbox 2151 477 3716 552; baseline -0.003 -17"><span class='ocrx_word' id='word_1_122' title='bbox 2151 481 2445 536; x_wconf 86' lang='grc' dir='ltr'>σπουδαίαν</span> <span class='ocrx_word' id='word_1_123' title='bbox 2497 480 2748 552; x_wconf 81' lang='grc' dir='ltr'>ἡγεῖσθαι</span> <span class='ocrx_word' id='word_1_124' title='bbox 2778 479 2876 550; x_wconf 84' lang='grc' dir='ltr'>τὴν</span> <span class='ocrx_word' id='word_1_125' title='bbox 2915 479 3007 532; x_wconf 74' lang='grc' dir='ltr'><strong>ἐπὶ</strong></span> <span class='ocrx_word' id='word_1_126' title='bbox 3042 478 3142 549; x_wconf 82' lang='grc' dir='ltr'>τὴν</span> <span class='ocrx_word' id='word_1_127' title='bbox 3187 477 3339 532; x_wconf 88' lang='grc' dir='ltr'>πόλιν</span> <span class='ocrx_word' id='word_1_128' title='bbox 3370 479 3716 552; x_wconf 71' lang='grc' dir='ltr'>ἐπιστροφὴν,</span> 
     </span>
    </p>
   </div>
   <div class='ocr_carea' id='block_1_21' title="bbox 2149 570 3720 645">
    <p class='ocr_par' dir='ltr' id='par_1_21' title="bbox 2149 570 3720 645">
     <span class='ocr_line' id='line_1_21' title="bbox 2149 570 3720 645; baseline -0.001 -17"><span class='ocrx_word' id='word_1_129' title='bbox 2149 574 2255 629; x_wconf 79' lang='grc' dir='ltr'><strong>κᾶν</strong></span> <span class='ocrx_word' id='word_1_130' title='bbox 2294 574 2352 627; x_wconf 89' lang='grc' dir='ltr'>αἱ</span> <span class='ocrx_word' id='word_1_131' title='bbox 2401 576 2581 644; x_wconf 83' lang='grc' dir='ltr'><strong>χρεῖαι</strong></span> <span class='ocrx_word' id='word_1_132' title='bbox 2620 571 2890 626; x_wconf 84' lang='grc' dir='ltr'>καλῶσιν·</span> <span class='ocrx_word' id='word_1_133' title='bbox 2923 571 3192 642; x_wconf 77' lang='grc' dir='ltr'>ἅρπαγμα</span> <span class='ocrx_word' id='word_1_134' title='bbox 3230 570 3288 623; x_wconf 89' lang='grc' dir='ltr'><strong>δέ</strong></span> <span class='ocrx_word' id='word_1_135' title='bbox 3342 571 3585 625; x_wconf 85' lang='grc' dir='ltr'>τίθεσθαι</span> <span class='ocrx_word' id='word_1_136' title='bbox 3629 572 3720 645; x_wconf 71' lang='grc' dir='ltr'>τὴν</span> 
     </span>
    </p>
   </div>
   <div class='ocr_carea' id='block_1_22' title="bbox 2150 663 3720 738">
    <p class='ocr_par' dir='ltr' id='par_1_22' title="bbox 2150 663 3720 738">
     <span class='ocr_line' id='line_1_22' title="bbox 2150 663 3720 738; baseline 0 -18"><span class='ocrx_word' id='word_1_137' title='bbox 2150 666 2347 738; x_wconf 78' lang='grc' dir='ltr'>φυγὴν,</span> <span class='ocrx_word' id='word_1_138' title='bbox 2376 665 2464 719; x_wconf 83' lang='grc' dir='ltr'>διὰ</span> <span class='ocrx_word' id='word_1_139' title='bbox 2487 666 2586 736; x_wconf 82' lang='grc' dir='ltr'>τὴν</span> <span class='ocrx_word' id='word_1_140' title='bbox 2615 664 3045 736; x_wconf 75' lang='grc' dir='ltr'>ἐπελευσομένην</span> <span class='ocrx_word' id='word_1_141' title='bbox 3065 664 3130 716; x_wconf 87' lang='grc' dir='ltr'><strong>ἐκ</strong></span> <span class='ocrx_word' id='word_1_142' title='bbox 3161 663 3293 716; x_wconf 88' lang='grc' dir='ltr'><strong>Θεοῦ</strong></span> <span class='ocrx_word' id='word_1_143' title='bbox 3321 664 3490 735; x_wconf 83' lang='grc' dir='ltr'>ὀργὴν</span> <span class='ocrx_word' id='word_1_144' title='bbox 3535 663 3618 734; x_wconf 85' lang='grc' dir='ltr'>τῷ</span> <span class='ocrx_word' id='word_1_145' title='bbox 3663 681 3720 720; x_wconf 81' lang='grc' dir='ltr'><strong>τε</strong></span> 
     </span>
    </p>
   </div>
   <div class='ocr_carea' id='block_1_23' title="bbox 2150 755 3720 830">
    <p class='ocr_par' dir='ltr' id='par_1_23' title="bbox 2150 755 3720 830">
     <span class='ocr_line' id='line_1_23' title="bbox 2150 755 3720 830; baseline -0.003 -18"><span class='ocrx_word' id='word_1_146' title='bbox 2150 758 2265 830; x_wconf 83' lang='grc' dir='ltr'>ναῷ</span> <span class='ocrx_word' id='word_1_147' title='bbox 2289 758 2384 813; x_wconf 70' lang='grc' dir='ltr'>καὶ</span> <span class='ocrx_word' id='word_1_148' title='bbox 2409 760 2476 829; x_wconf 76' lang='grc' dir='ltr'>τῇ</span> <span class='ocrx_word' id='word_1_149' title='bbox 2512 757 2682 811; x_wconf 82' lang='grc' dir='ltr'>πόλει.</span> <span class='ocrx_word' id='word_1_150' title='bbox 2714 755 2902 810; x_wconf 85' lang='grc' dir='ltr'>Ταῦτα</span> <span class='ocrx_word' id='word_1_151' title='bbox 2924 755 3034 829; x_wconf 85' lang='grc' dir='ltr'>γὰρ</span> <span class='ocrx_word' id='word_1_152' title='bbox 3056 757 3314 826; x_wconf 82' lang='grc' dir='ltr'>ἄντικρυς</span> <span class='ocrx_word' id='word_1_153' title='bbox 3337 757 3429 809; x_wconf 76' lang='grc' dir='ltr'><strong>καὶ</strong></span> <span class='ocrx_word' id='word_1_154' title='bbox 3455 755 3578 826; x_wconf 83' lang='grc' dir='ltr'>δίχα</span> <span class='ocrx_word' id='word_1_155' title='bbox 3624 755 3720 808; x_wconf 83' lang='grc' dir='ltr'>πά-</span> 
     </span>
    </p>
   </div>
   <div class='ocr_carea' id='block_1_24' title="bbox 2152 847 3721 924">
    <p class='ocr_par' dir='ltr' id='par_1_24' title="bbox 2152 847 3721 924">
     <span class='ocr_line' id='line_1_24' title="bbox 2152 847 3721 924; baseline -0.003 -19"><span class='ocrx_word' id='word_1_156' title='bbox 2152 869 2253 924; x_wconf 88' lang='grc' dir='ltr'><strong>σης</strong></span> <span class='ocrx_word' id='word_1_157' title='bbox 2283 850 2614 923; x_wconf 87' lang='grc' dir='ltr'>ἀμφιϐολίας</span> <span class='ocrx_word' id='word_1_158' title='bbox 2647 849 3036 922; x_wconf 88' lang='grc' dir='ltr'>παραστατικά</span> <span class='ocrx_word' id='word_1_159' title='bbox 3063 849 3129 903; x_wconf 84' lang='grc' dir='ltr'><strong>ἂν</strong></span> <span class='ocrx_word' id='word_1_160' title='bbox 3168 849 3279 919; x_wconf 77' lang='grc' dir='ltr'>εἴη,</span> <span class='ocrx_word' id='word_1_161' title='bbox 3299 849 3399 919; x_wconf 83' lang='grc' dir='ltr'>τῆς</span> <span class='ocrx_word' id='word_1_162' title='bbox 3430 848 3631 912; x_wconf 76' lang='grc' dir='ltr'>αἰτίας,</span> <span class='ocrx_word' id='word_1_163' title='bbox 3662 847 3721 901; x_wconf 72' lang='grc' dir='ltr'>δι’</span> 
     </span>
    </p>
   </div>
   <div class='ocr_carea' id='block_1_25' title="bbox 2149 941 3724 1017">
    <p class='ocr_par' dir='ltr' id='par_1_25' title="bbox 2149 941 3724 1017">
     <span class='ocr_line' id='line_1_25' title="bbox 2149 941 3724 1017; baseline -0.004 -19"><span class='ocrx_word' id='word_1_164' title='bbox 2149 945 2218 1017; x_wconf 80' lang='grc' dir='ltr'>ἢν</span> <span class='ocrx_word' id='word_1_165' title='bbox 2267 944 2663 1017; x_wconf 78' lang='grc' dir='ltr'>παρεκελεύετο</span> <span class='ocrx_word' id='word_1_166' title='bbox 2715 943 2934 1014; x_wconf 84' lang='grc' dir='ltr'>φεύγειν</span> <span class='ocrx_word' id='word_1_167' title='bbox 2988 943 3083 996; x_wconf 72' lang='grc' dir='ltr'>ἐπὶ</span> <span class='ocrx_word' id='word_1_168' title='bbox 3112 941 3180 996; x_wconf 86' lang='grc' dir='ltr'><strong>τά</strong></span> <span class='ocrx_word' id='word_1_169' title='bbox 3220 943 3320 1014; x_wconf 75' lang='grc' dir='ltr'>ὅρη</span> <span class='ocrx_word' id='word_1_170' title='bbox 3345 981 3360 1005; x_wconf 91' lang='grc'><strong>,</strong></span> <span class='ocrx_word' id='word_1_171' title='bbox 3383 941 3479 994; x_wconf 85' lang='grc' dir='ltr'>καὶ</span> <span class='ocrx_word' id='word_1_172' title='bbox 3516 941 3590 1011; x_wconf 73' lang='grc' dir='ltr'>μὴ</span> <span class='ocrx_word' id='word_1_173' title='bbox 3614 942 3724 992; x_wconf 84' lang='grc' dir='ltr'>ἐπι-</span> 
     </span>
    </p>
   </div>
   <div class='ocr_carea' id='block_1_26' title="bbox 2153 1035 3725 1107">
    <p class='ocr_par' dir='ltr' id='par_1_26' title="bbox 2153 1035 3725 1107">
     <span class='ocr_line' id='line_1_26' title="bbox 2153 1035 3725 1107; baseline -0.001 -18"><span class='ocrx_word' id='word_1_174' title='bbox 2153 1035 2406 1107; x_wconf 80' lang='grc' dir='ltr'>στρέφειν</span> <span class='ocrx_word' id='word_1_175' title='bbox 2448 1036 2541 1090; x_wconf 80' lang='grc' dir='ltr'><strong>ἐπὶ</strong></span> <span class='ocrx_word' id='word_1_176' title='bbox 2571 1035 2672 1100; x_wconf 91' lang='grc' dir='ltr'><strong>τάς</strong></span> <span class='ocrx_word' id='word_1_177' title='bbox 2715 1035 2919 1099; x_wconf 89' lang='grc' dir='ltr'>πόλεις.</span> <span class='ocrx_word' id='word_1_178' title='bbox 2951 1035 3042 1088; x_wconf 92' lang='grc' dir='ltr'>Διό</span> <span class='ocrx_word' id='word_1_179' title='bbox 3079 1050 3242 1106; x_wconf 71' lang='grc' dir='ltr'>φησισ</span> <span class='ocrx_word' id='word_1_180' title='bbox 3282 1035 3392 1089; x_wconf 75' lang='grc' dir='ltr'><strong>Καὶ</strong></span> <span class='ocrx_word' id='word_1_181' title='bbox 3429 1037 3479 1088; x_wconf 93' lang='grc' dir='ltr'>οἱ</span> <span class='ocrx_word' id='word_1_182' title='bbox 3516 1037 3575 1088; x_wconf 89' lang='grc' dir='ltr'><strong>ἐν</strong></span> <span class='ocrx_word' id='word_1_183' title='bbox 3612 1039 3725 1098; x_wconf 79' lang='grc' dir='ltr'>ταῖς</span> 
     </span>
    </p>
   </div>
   <div class='ocr_carea' id='block_1_27' title="bbox 2153 1127 3726 1200">
    <p class='ocr_par' dir='ltr' id='par_1_27' title="bbox 2153 1127 3726 1200">
     <span class='ocr_line' id='line_1_27' title="bbox 2153 1127 3726 1200; baseline 0 -20"><span class='ocrx_word' id='word_1_184' title='bbox 2153 1127 2392 1200; x_wconf 85' lang='grc' dir='ltr'>χώραις,</span> <span class='ocrx_word' id='word_1_185' title='bbox 2435 1128 2512 1198; x_wconf 84' lang='grc' dir='ltr'><strong>μὴ</strong></span> <span class='ocrx_word' id='word_1_186' title='bbox 2550 1127 2945 1182; x_wconf 86' lang='grc' dir='ltr'>είσελθέτωσαν</span> <span class='ocrx_word' id='word_1_187' title='bbox 3005 1129 3084 1191; x_wconf 85' lang='grc' dir='ltr'><strong>είς</strong></span> <span class='ocrx_word' id='word_1_188' title='bbox 3130 1127 3338 1197; x_wconf 77' lang='grc' dir='ltr'>αὐτήνο</span> <span class='ocrx_word' id='word_1_189' title='bbox 3395 1127 3478 1180; x_wconf 82' lang='grc' dir='ltr'><strong>ὅτι</strong></span> <span class='ocrx_word' id='word_1_190' title='bbox 3529 1127 3726 1198; x_wconf 76' lang='grc' dir='ltr'>ἡμέραι</span> 
     </span>
    </p>
   </div>
   <div class='ocr_carea' id='block_1_28' title="bbox 2154 1216 3725 1294">
    <p class='ocr_par' dir='ltr' id='par_1_28' title="bbox 2154 1216 3725 1294">
     <span class='ocr_line' id='line_1_28' title="bbox 2154 1216 3725 1294; baseline -0.004 -18"><span class='ocrx_word' id='word_1_191' title='bbox 2154 1222 2486 1294; x_wconf 72' lang='grc' dir='ltr'><strong>ἐκδικήσεως</strong></span> <span class='ocrx_word' id='word_1_192' title='bbox 2539 1216 2702 1275; x_wconf 69' lang='grc' dir='ltr'>αὗταί</span> <span class='ocrx_word' id='word_1_193' title='bbox 2748 1222 2879 1286; x_wconf 80' lang='grc' dir='ltr'>εἱσι,</span> <span class='ocrx_word' id='word_1_194' title='bbox 2919 1219 3016 1272; x_wconf 88' lang='grc' dir='ltr'><strong>τοῦ</strong></span> <span class='ocrx_word' id='word_1_195' title='bbox 3057 1218 3408 1290; x_wconf 84' lang='grc' dir='ltr'>πληρωθῆναι</span> <span class='ocrx_word' id='word_1_196' title='bbox 3448 1220 3626 1273; x_wconf 87' lang='grc' dir='ltr'>πάντα</span> <span class='ocrx_word' id='word_1_197' title='bbox 3661 1220 3725 1270; x_wconf 81' lang='grc' dir='ltr'><strong>τά</strong></span> 
     </span>
    </p>
   </div>
   <div class='ocr_carea' id='block_1_29' title="bbox 2153 1309 3726 1382">
    <p class='ocr_par' dir='ltr' id='par_1_29' title="bbox 2153 1309 3726 1382">
     <span class='ocr_line' id='line_1_29' title="bbox 2153 1309 3726 1382; baseline -0.001 -17"><span class='ocrx_word' id='word_1_198' title='bbox 2153 1311 2514 1382; x_wconf 77' lang='grc' dir='ltr'>γεγραμμένα</span> <span class='ocrx_word' id='word_1_199' title='bbox 2552 1312 2611 1363; x_wconf 84' lang='grc' dir='ltr'><strong>ἐν</strong></span> <span class='ocrx_word' id='word_1_200' title='bbox 2647 1309 2724 1380; x_wconf 79' lang='grc' dir='ltr'>τῷ</span> <span class='ocrx_word' id='word_1_201' title='bbox 2763 1309 2960 1381; x_wconf 83' lang='grc' dir='ltr'>Δανιὴλ</span> <span class='ocrx_word' id='word_1_202' title='bbox 3001 1309 3254 1380; x_wconf 62' lang='grc' dir='ltr'>μάλιστα.</span> <span class='ocrx_word' id='word_1_203' title='bbox 3306 1309 3467 1362; x_wconf 80' lang='grc' dir='ltr'>’Λλλά</span> <span class='ocrx_word' id='word_1_204' title='bbox 3510 1311 3604 1364; x_wconf 69' lang='grc' dir='ltr'><strong>καὶ</strong></span> <span class='ocrx_word' id='word_1_205' title='bbox 3640 1309 3726 1374; x_wconf 75' lang='grc' dir='ltr'><strong>τὸ,</strong></span> 
     </span>
    </p>
   </div>
   <div class='ocr_carea' id='block_1_30' title="bbox 2158 1401 3726 1471">
    <p class='ocr_par' dir='ltr' id='par_1_30' title="bbox 2158 1401 3726 1471">
     <span class='ocr_line' id='line_1_30' title="bbox 2158 1401 3726 1471; baseline -0.002 -14"><span class='ocrx_word' id='word_1_206' title='bbox 2158 1404 2304 1457; x_wconf 75' lang='grc' dir='ltr'>Οὐαί</span> <span class='ocrx_word' id='word_1_207' title='bbox 2342 1402 2472 1469; x_wconf 85' lang='grc' dir='ltr'>ταῖς</span> <span class='ocrx_word' id='word_1_208' title='bbox 2505 1402 2903 1470; x_wconf 74' lang='grc' dir='ltr'>θηλαζούσαις</span> <span class='ocrx_word' id='word_1_209' title='bbox 2953 1405 3106 1466; x_wconf 83' lang='grc' dir='ltr'>τότε,</span> <span class='ocrx_word' id='word_1_210' title='bbox 3135 1403 3282 1464; x_wconf 84' lang='grc' dir='ltr'>ὅπως</span> <span class='ocrx_word' id='word_1_211' title='bbox 3332 1401 3521 1465; x_wconf 81' lang='grc' dir='ltr'>τέλους</span> <span class='ocrx_word' id='word_1_212' title='bbox 3574 1402 3726 1471; x_wconf 75' lang='grc' dir='ltr'>ἔτυχε</span> 
     </span>
    </p>
   </div>
   <div class='ocr_carea' id='block_1_31' title="bbox 2159 1491 3726 1566">
    <p class='ocr_par' dir='ltr' id='par_1_31' title="bbox 2159 1491 3726 1566">
     <span class='ocr_line' id='line_1_31' title="bbox 2159 1491 3726 1566; baseline -0.003 -16"><span class='ocrx_word' id='word_1_213' title='bbox 2159 1495 2296 1550; x_wconf 85' lang='grc' dir='ltr'><strong>κατά</strong></span> <span class='ocrx_word' id='word_1_214' title='bbox 2322 1497 2415 1550; x_wconf 84' lang='grc' dir='ltr'><strong>τὸν</strong></span> <span class='ocrx_word' id='word_1_215' title='bbox 2465 1491 2654 1566; x_wconf 77' lang='grc' dir='ltr'>καιρὸν</span> <span class='ocrx_word' id='word_1_216' title='bbox 2703 1495 2803 1565; x_wconf 81' lang='grc' dir='ltr'>τῆς</span> <span class='ocrx_word' id='word_1_217' title='bbox 2835 1494 3148 1565; x_wconf 77' lang='grc' dir='ltr'>πολιορκίας</span> <span class='ocrx_word' id='word_1_218' title='bbox 3188 1495 3295 1547; x_wconf 89' lang='grc' dir='ltr'><strong>τῶν</strong></span> <span class='ocrx_word' id='word_1_219' title='bbox 3327 1493 3726 1565; x_wconf 78' lang='grc' dir='ltr'>Ἱεροσολύμων,</span> 
     </span>
    </p>
   </div>
   <div class='ocr_carea' id='block_1_32' title="bbox 2155 1586 3729 1658">
    <p class='ocr_par' dir='ltr' id='par_1_32' title="bbox 2155 1586 3729 1658">
     <span class='ocr_line' id='line_1_32' title="bbox 2155 1586 3729 1658; baseline -0.003 -17"><span class='ocrx_word' id='word_1_220' title='bbox 2155 1587 2341 1652; x_wconf 75' lang='grc' dir='ltr'>ἱκανὸς</span> <span class='ocrx_word' id='word_1_221' title='bbox 2367 1587 2743 1642; x_wconf 82' lang='grc' dir='ltr'>πιστώσασθαι</span> <span class='ocrx_word' id='word_1_222' title='bbox 2773 1586 3001 1650; x_wconf 83' lang='grc' dir='ltr'>Φλάϐιος</span> <span class='ocrx_word' id='word_1_223' title='bbox 3031 1586 3324 1658; x_wconf 85' lang='grc' dir='ltr'>Ἰώσηπος,</span> <span class='ocrx_word' id='word_1_224' title='bbox 3353 1586 3598 1658; x_wconf 79' lang='grc' dir='ltr'>ἀκριϐῶς</span> <span class='ocrx_word' id='word_1_225' title='bbox 3644 1587 3729 1638; x_wconf 77' lang='grc' dir='ltr'><strong>τὸν</strong></span> 
     </span>
    </p>
   </div>
   <div class='ocr_carea' id='block_1_33' title="bbox 2160 1679 3729 1753">
    <p class='ocr_par' dir='ltr' id='par_1_33' title="bbox 2160 1679 3729 1753">
     <span class='ocr_line' id='line_1_33' title="bbox 2160 1679 3729 1753; baseline -0.001 -21"><span class='ocrx_word' id='word_1_226' title='bbox 2160 1681 2298 1753; x_wconf 77' lang='grc' dir='ltr'><strong>μετά</strong></span> <span class='ocrx_word' id='word_1_227' title='bbox 2316 1680 2416 1744; x_wconf 89' lang='grc' dir='ltr'><strong>τάς</strong></span> <span class='ocrx_word' id='word_1_228' title='bbox 2437 1680 2576 1752; x_wconf 79' lang='grc' dir='ltr'>ἀρὰς</span> <span class='ocrx_word' id='word_1_229' title='bbox 2605 1679 2700 1734; x_wconf 86' lang='grc' dir='ltr'><strong>τοῦ</strong></span> <span class='ocrx_word' id='word_1_230' title='bbox 2726 1680 2975 1750; x_wconf 82' lang='grc' dir='ltr'>Σωτῆρος</span> <span class='ocrx_word' id='word_1_231' title='bbox 2990 1680 3146 1749; x_wconf 76' lang='grc' dir='ltr'>ἡμῶν</span> <span class='ocrx_word' id='word_1_232' title='bbox 3164 1679 3397 1748; x_wconf 83' lang='grc' dir='ltr'>πόλεμον</span> <span class='ocrx_word' id='word_1_233' title='bbox 3421 1681 3729 1750; x_wconf 80' lang='grc' dir='ltr'>ἱστορήσας·</span> 
     </span>
    </p>
   </div>
   <div class='ocr_carea' id='block_1_34' title="bbox 483 1753 2053 1842">
    <p class='ocr_par' dir='ltr' id='par_1_34' title="bbox 483 1753 2048 1829">
     <span class='ocr_line' id='line_1_34' title="bbox 483 1753 2048 1829; baseline -0.006 -13"><span class='ocrx_word' id='word_1_234' title='bbox 483 1778 568 1816; x_wconf 88' lang='lat' dir='ltr'><strong>ma</strong></span> <span class='ocrx_word' id='word_1_235' title='bbox 595 1761 899 1816; x_wconf 71' lang='lat' dir='ltr'><strong>Judworum</strong></span> <span class='ocrx_word' id='word_1_236' title='bbox 936 1759 1223 1813; x_wconf 88' lang='lat' dir='ltr'><strong>multitudo</strong></span> <span class='ocrx_word' id='word_1_237' title='bbox 1265 1757 1447 1829; x_wconf 85' lang='lat' dir='ltr'><strong>gladio</strong></span> <span class='ocrx_word' id='word_1_238' title='bbox 1489 1764 1812 1824; x_wconf 87' lang='lat' dir='ltr'><strong>consumpta</strong></span> <span class='ocrx_word' id='word_1_239' title='bbox 1863 1753 2048 1817; x_wconf 81' lang='lat' dir='ltr'><strong>fuerit,</strong></span> 
     </span>
    </p>
   </div>
   <div class='ocr_carea' id='block_1_35' title="bbox 2157 1753 3732 1842">
    <p class='ocr_par' dir='ltr' id='par_1_35' title="bbox 2157 1769 3732 1842">
     <span class='ocr_line' id='line_1_35' title="bbox 2157 1769 3732 1842; baseline -0.005 -14"><span class='ocrx_word' id='word_1_240' title='bbox 2157 1782 2247 1828; x_wconf 81' lang='grc' dir='ltr'><strong>και</strong></span> <span class='ocrx_word' id='word_1_241' title='bbox 2274 1772 2371 1838; x_wconf 84' lang='grc' dir='ltr'>ὡς,</span> <span class='ocrx_word' id='word_1_242' title='bbox 2401 1773 2738 1826; x_wconf 79' lang='grc' dir='ltr'>ἐπιστάντων</span> <span class='ocrx_word' id='word_1_243' title='bbox 2775 1770 3059 1841; x_wconf 86' lang='grc' dir='ltr'>Ῥωμαίων</span> <span class='ocrx_word' id='word_1_244' title='bbox 3091 1771 3187 1825; x_wconf 66' lang='grc' dir='ltr'>καὶ</span> <span class='ocrx_word' id='word_1_245' title='bbox 3205 1771 3302 1842; x_wconf 82' lang='grc' dir='ltr'>τὴν</span> <span class='ocrx_word' id='word_1_246' title='bbox 3323 1769 3477 1824; x_wconf 87' lang='grc' dir='ltr'>πόλιν</span> <span class='ocrx_word' id='word_1_247' title='bbox 3506 1770 3732 1823; x_wconf 75' lang='grc' dir='ltr'>ἑλόντων</span> 
     </span>
    </p>
   </div>
   <div class='ocr_carea' id='block_1_36' title="bbox 483 1843 2052 1920">
    <p class='ocr_par' dir='ltr' id='par_1_36' title="bbox 483 1843 2052 1920">
     <span class='ocr_line' id='line_1_36' title="bbox 483 1843 2052 1920; baseline -0.006 -14"><span class='ocrx_word' id='word_1_248' title='bbox 483 1852 762 1920; x_wconf 88' lang='lat' dir='ltr'><strong>multoque</strong></span> <span class='ocrx_word' id='word_1_249' title='bbox 791 1850 974 1920; x_wconf 85' lang='lat' dir='ltr'><strong>plures</strong></span> <span class='ocrx_word' id='word_1_250' title='bbox 1002 1852 1142 1904; x_wconf 82' lang='lat' dir='ltr'><strong>fame</strong></span> <span class='ocrx_word' id='word_1_251' title='bbox 1185 1863 1350 1918; x_wconf 89' lang='lat' dir='ltr'><strong>quam</strong></span> <span class='ocrx_word' id='word_1_252' title='bbox 1387 1846 1533 1903; x_wconf 80' lang='lat' dir='ltr'><strong>ferro</strong></span> <span class='ocrx_word' id='word_1_253' title='bbox 1575 1845 1861 1916; x_wconf 89' lang='lat' dir='ltr'><strong>perierint.</strong></span> <span class='ocrx_word' id='word_1_254' title='bbox 1908 1843 2052 1912; x_wconf 85' lang='lat' dir='ltr'><strong>Quin</strong></span> 
     </span>
    </p>
   </div>
   <div class='ocr_carea' id='block_1_37' title="bbox 481 1938 2054 2010">
    <p class='ocr_par' dir='ltr' id='par_1_37' title="bbox 481 1938 2054 2010">
     <span class='ocr_line' id='line_1_37' title="bbox 481 1938 2054 2010; baseline -0.005 -13"><span class='ocrx_word' id='word_1_255' title='bbox 481 1945 616 1998; x_wconf 83' lang='lat' dir='ltr'><strong>adeo</strong></span> <span class='ocrx_word' id='word_1_256' title='bbox 643 1943 896 1997; x_wconf 79' lang='lat' dir='ltr'><strong>mulieres</strong></span> <span class='ocrx_word' id='word_1_257' title='bbox 921 1955 1136 2010; x_wconf 89' lang='lat' dir='ltr'><strong>quoque</strong></span> <span class='ocrx_word' id='word_1_258' title='bbox 1161 1939 1415 2010; x_wconf 84' lang='lat' dir='ltr'><strong>parvulos</strong></span> <span class='ocrx_word' id='word_1_259' title='bbox 1457 1953 1586 1994; x_wconf 91' lang='lat' dir='ltr'><strong>suos</strong></span> <span class='ocrx_word' id='word_1_260' title='bbox 1629 1938 1753 2008; x_wconf 84' lang='lat' dir='ltr'><strong>igne</strong></span> <span class='ocrx_word' id='word_1_261' title='bbox 1797 1945 2054 1996; x_wconf 67' lang='lat' dir='ltr'><strong>assauites.</strong></span> 
     </span>
    </p>
   </div>
   <div class='ocr_carea' id='block_1_38' title="bbox 480 2027 2056 2099">
    <p class='ocr_par' dir='ltr' id='par_1_38' title="bbox 480 2027 2056 2099">
     <span class='ocr_line' id='line_1_38' title="bbox 480 2027 2056 2099; baseline -0.004 -11"><span class='ocrx_word' id='word_1_262' title='bbox 480 2049 663 2089; x_wconf 90' lang='lat' dir='ltr'><strong>escam</strong></span> <span class='ocrx_word' id='word_1_263' title='bbox 702 2034 804 2088; x_wconf 84' lang='lat' dir='ltr'><strong>sibi</strong></span> <span class='ocrx_word' id='word_1_264' title='bbox 831 2033 900 2088; x_wconf 82' lang='lat' dir='ltr'><strong>ob</strong></span> <span class='ocrx_word' id='word_1_265' title='bbox 925 2043 1222 2086; x_wconf 79' lang='lat' dir='ltr'><strong>extremam</strong></span> <span class='ocrx_word' id='word_1_266' title='bbox 1255 2031 1534 2099; x_wconf 86' lang='lat' dir='ltr'><strong>penuriam</strong></span> <span class='ocrx_word' id='word_1_267' title='bbox 1577 2027 1842 2083; x_wconf 83' lang='lat' dir='ltr'><strong>fecerunt.</strong></span> <span class='ocrx_word' id='word_1_268' title='bbox 1877 2029 2056 2097; x_wconf 87' lang='lat' dir='ltr'><strong>Atque</strong></span> 
     </span>
    </p>
   </div>
   <div class='ocr_carea' id='block_1_39' title="bbox 480 2116 2057 2192">
    <p class='ocr_par' dir='ltr' id='par_1_39' title="bbox 480 2116 2057 2192">
     <span class='ocr_line' id='line_1_39' title="bbox 480 2116 2057 2192; baseline -0.005 -14"><span class='ocrx_word' id='word_1_269' title='bbox 480 2123 599 2178; x_wconf 60' lang='lat' dir='ltr'><strong>huic</strong></span> <span class='ocrx_word' id='word_1_270' title='bbox 629 2124 975 2192; x_wconf 82' lang='lat' dir='ltr'><strong>contigerunt</strong></span> <span class='ocrx_word' id='word_1_271' title='bbox 1008 2123 1183 2191; x_wconf 91' lang='lat' dir='ltr'><strong>primo</strong></span> <span class='ocrx_word' id='word_1_272' title='bbox 1211 2120 1428 2189; x_wconf 89' lang='lat' dir='ltr'><strong>quidem</strong></span> <span class='ocrx_word' id='word_1_273' title='bbox 1467 2119 1567 2174; x_wconf 88' lang='lat' dir='ltr'><strong>sub</strong></span> <span class='ocrx_word' id='word_1_274' title='bbox 1597 2117 1718 2173; x_wconf 87' lang='lat' dir='ltr'><strong>Tito</strong></span> <span class='ocrx_word' id='word_1_275' title='bbox 1744 2133 1808 2171; x_wconf 87' lang='lat' dir='ltr'><strong>ac</strong></span> <span class='ocrx_word' id='word_1_276' title='bbox 1851 2116 2057 2186; x_wconf 81' lang='lat' dir='ltr'><strong>Vespa-</strong></span> 
     </span>
    </p>
   </div>
   <div class='ocr_carea' id='block_1_40' title="bbox 480 2196 2058 2283">
    <p class='ocr_par' dir='ltr' id='par_1_40' title="bbox 480 2196 2058 2283">
     <span class='ocr_line' id='line_1_40' title="bbox 480 2196 2058 2283; baseline -0.004 -14"><span class='ocrx_word' id='word_1_277' title='bbox 480 2216 658 2278; x_wconf 83' lang='lat' dir='ltr'><strong>siano,</strong></span> <span class='ocrx_word' id='word_1_278' title='bbox 686 2223 872 2283; x_wconf 89' lang='lat' dir='ltr'><strong>postea</strong></span> <span class='ocrx_word' id='word_1_279' title='bbox 914 2196 1037 2268; x_wconf 83' lang='lat' dir='ltr'><strong>sub</strong></span> <span class='ocrx_word' id='word_1_280' title='bbox 1068 2212 1332 2276; x_wconf 86' lang='lat' dir='ltr'><strong>Adriano,</strong></span> <span class='ocrx_word' id='word_1_281' title='bbox 1367 2210 1734 2266; x_wconf 80' lang='lat' dir='ltr'><strong>Romanorum</strong></span> <span class='ocrx_word' id='word_1_282' title='bbox 1766 2209 2058 2278; x_wconf 90' lang='lat' dir='ltr'><strong>imperato-</strong></span> 
     </span>
    </p>
   </div>
   <div class='ocr_carea' id='block_1_41' title="bbox 482 2297 2060 2376">
    <p class='ocr_par' dir='ltr' id='par_1_41' title="bbox 482 2297 2060 2376">
     <span class='ocr_line' id='line_1_41' title="bbox 482 2297 2060 2376; baseline -0.005 -16"><span class='ocrx_word' id='word_1_283' title='bbox 482 2306 665 2371; x_wconf 86' lang='lat' dir='ltr'><strong>ribus;</strong></span> <span class='ocrx_word' id='word_1_284' title='bbox 694 2321 798 2376; x_wconf 89' lang='lat' dir='ltr'><strong>qua</strong></span> <span class='ocrx_word' id='word_1_285' title='bbox 825 2314 983 2360; x_wconf 74' lang='lat' dir='ltr'><strong>aetate</strong></span> <span class='ocrx_word' id='word_1_286' title='bbox 1019 2303 1370 2358; x_wconf 87' lang='lat' dir='ltr'><strong>interdictum</strong></span> <span class='ocrx_word' id='word_1_287' title='bbox 1425 2316 1646 2372; x_wconf 90' lang='lat' dir='ltr'><strong>prorsus</strong></span> <span class='ocrx_word' id='word_1_288' title='bbox 1700 2299 1906 2355; x_wconf 61' lang='lat' dir='ltr'><strong>ludatis</strong></span> <span class='ocrx_word' id='word_1_289' title='bbox 1955 2297 2060 2352; x_wconf 82' lang='lat' dir='ltr'><strong>fuit</strong></span> 
     </span>
    </p>
   </div>
   <div class='ocr_carea' id='block_1_42' title="bbox 480 2385 2058 2469">
    <p class='ocr_par' dir='ltr' id='par_1_42' title="bbox 480 2385 2058 2469">
     <span class='ocr_line' id='line_1_42' title="bbox 480 2385 2058 2469; baseline -0.006 -19"><span class='ocrx_word' id='word_1_290' title='bbox 480 2395 658 2469; x_wconf 88' lang='lat' dir='ltr'><strong>patrio</strong></span> <span class='ocrx_word' id='word_1_291' title='bbox 684 2395 820 2460; x_wconf 92' lang='lat' dir='ltr'><strong>solo,</strong></span> <span class='ocrx_word' id='word_1_292' title='bbox 856 2394 1006 2449; x_wconf 90' lang='lat' dir='ltr'><strong>etab</strong></span> <span class='ocrx_word' id='word_1_293' title='bbox 1031 2391 1266 2446; x_wconf 85' lang='lat' dir='ltr'><strong>ethnicis</strong></span> <span class='ocrx_word' id='word_1_294' title='bbox 1302 2389 1642 2446; x_wconf 79' lang='lat' dir='ltr'><strong>Hierusalem</strong></span> <span class='ocrx_word' id='word_1_295' title='bbox 1689 2387 1794 2442; x_wconf 80' lang='lat' dir='ltr'><strong>fuit</strong></span> <span class='ocrx_word' id='word_1_296' title='bbox 1833 2385 2058 2442; x_wconf 89' lang='lat' dir='ltr'><strong>concul-</strong></span> 
     </span>
    </p>
   </div>
   <div class='ocr_carea' id='block_1_43' title="bbox 479 2481 2056 2554">
    <p class='ocr_par' dir='ltr' id='par_1_43' title="bbox 479 2481 2056 2554">
     <span class='ocr_line' id='line_1_43' title="bbox 479 2481 2056 2554; baseline -0.005 -10"><span class='ocrx_word' id='word_1_297' title='bbox 479 2499 624 2554; x_wconf 87' lang='lat' dir='ltr'><strong>cata,</strong></span> <span class='ocrx_word' id='word_1_298' title='bbox 685 2488 822 2542; x_wconf 86' lang='lat' dir='ltr'><strong>adeo</strong></span> <span class='ocrx_word' id='word_1_299' title='bbox 871 2495 933 2540; x_wconf 90' lang='lat' dir='ltr'><strong>ut</strong></span> <span class='ocrx_word' id='word_1_300' title='bbox 987 2484 1162 2540; x_wconf 83' lang='lat' dir='ltr'><strong>nullos</strong></span> <span class='ocrx_word' id='word_1_301' title='bbox 1221 2482 1424 2538; x_wconf 88' lang='lat' dir='ltr'><strong>incolas</strong></span> <span class='ocrx_word' id='word_1_302' title='bbox 1465 2484 1615 2538; x_wconf 83' lang='lat' dir='ltr'><strong>cives</strong></span> <span class='ocrx_word' id='word_1_303' title='bbox 1665 2482 1891 2536; x_wconf 78' lang='lat' dir='ltr'><strong>haberet</strong></span> <span class='ocrx_word' id='word_1_304' title='bbox 1953 2481 2056 2536; x_wconf 92' lang='lat' dir='ltr'><strong>nisi</strong></span> 
     </span>
    </p>
   </div>
   <div class='ocr_carea' id='block_1_44' title="bbox 478 2570 2048 2642">
    <p class='ocr_par' dir='ltr' id='par_1_44' title="bbox 478 2570 2048 2642">
     <span class='ocr_line' id='line_1_44' title="bbox 478 2570 2048 2642; baseline -0.005 -8"><span class='ocrx_word' id='word_1_305' title='bbox 478 2587 768 2634; x_wconf 85' lang='lat' dir='ltr'><strong>extraneos</strong></span> <span class='ocrx_word' id='word_1_306' title='bbox 799 2583 854 2630; x_wconf 91' lang='lat' dir='ltr'><strong>et</strong></span> <span class='ocrx_word' id='word_1_307' title='bbox 882 2573 1236 2642; x_wconf 83' lang='lat' dir='ltr'><strong>alienigenas,</strong></span> <span class='ocrx_word' id='word_1_308' title='bbox 1274 2571 1556 2628; x_wconf 87' lang='lat' dir='ltr'><strong>translatis</strong></span> <span class='ocrx_word' id='word_1_309' title='bbox 1585 2571 1710 2626; x_wconf 93' lang='lat' dir='ltr'><strong>illuc</strong></span> <span class='ocrx_word' id='word_1_310' title='bbox 1747 2570 2048 2641; x_wconf 89' lang='lat' dir='ltr'><strong>inquilinis,</strong></span> 
     </span>
    </p>
   </div>
   <div class='ocr_carea' id='block_1_45' title="bbox 481 2664 2058 2735">
    <p class='ocr_par' dir='ltr' id='par_1_45' title="bbox 481 2664 2058 2735">
     <span class='ocr_line' id='line_1_45' title="bbox 481 2664 2058 2735; baseline -0.003 -12"><span class='ocrx_word' id='word_1_311' title='bbox 481 2667 782 2723; x_wconf 87' lang='lat' dir='ltr'><strong>incolarum</strong></span> <span class='ocrx_word' id='word_1_312' title='bbox 828 2667 1070 2735; x_wconf 92' lang='lat' dir='ltr'><strong>priorum</strong></span> <span class='ocrx_word' id='word_1_313' title='bbox 1112 2664 1252 2720; x_wconf 89' lang='lat' dir='ltr'><strong>loco.</strong></span> <span class='ocrx_word' id='word_1_314' title='bbox 1296 2664 1502 2720; x_wconf 83' lang='lat' dir='ltr'><strong>Exinde</strong></span> <span class='ocrx_word' id='word_1_315' title='bbox 1539 2664 1684 2721; x_wconf 90' lang='lat' dir='ltr'><strong>enim</strong></span> <span class='ocrx_word' id='word_1_316' title='bbox 1725 2665 2058 2720; x_wconf 89' lang='lat' dir='ltr'><strong>circumdata</strong></span> 
     </span>
    </p>
   </div>
   <div class='ocr_carea' id='block_1_46' title="bbox 479 2755 2059 2825">
    <p class='ocr_par' dir='ltr' id='par_1_46' title="bbox 479 2755 2059 2825">
     <span class='ocr_line' id='line_1_46' title="bbox 479 2755 2059 2825; baseline -0.003 -11"><span class='ocrx_word' id='word_1_317' title='bbox 479 2767 566 2814; x_wconf 84' lang='lat' dir='ltr'><strong>est</strong></span> <span class='ocrx_word' id='word_1_318' title='bbox 595 2757 764 2812; x_wconf 85' lang='lat' dir='ltr'><strong>armis</strong></span> <span class='ocrx_word' id='word_1_319' title='bbox 795 2757 948 2822; x_wconf 87' lang='lat' dir='ltr'><strong>urbs,</strong></span> <span class='ocrx_word' id='word_1_320' title='bbox 978 2765 1142 2824; x_wconf 90' lang='lat' dir='ltr'><strong>atque</strong></span> <span class='ocrx_word' id='word_1_321' title='bbox 1183 2755 1344 2825; x_wconf 89' lang='lat' dir='ltr'><strong>hujus</strong></span> <span class='ocrx_word' id='word_1_322' title='bbox 1387 2757 1754 2813; x_wconf 83' lang='lat' dir='ltr'><strong>sanctuarium</strong></span> <span class='ocrx_word' id='word_1_323' title='bbox 1794 2756 1863 2811; x_wconf 87' lang='lat' dir='ltr'><strong>ad</strong></span> <span class='ocrx_word' id='word_1_324' title='bbox 1913 2770 2059 2810; x_wconf 88' lang='lat' dir='ltr'><strong>sum-</strong></span> 
     </span>
    </p>
   </div>
   <div class='ocr_carea' id='block_1_47' title="bbox 482 2846 2057 2917">
    <p class='ocr_par' dir='ltr' id='par_1_47' title="bbox 482 2846 2057 2917">
     <span class='ocr_line' id='line_1_47' title="bbox 482 2846 2057 2917; baseline -0.003 -12"><span class='ocrx_word' id='word_1_325' title='bbox 482 2865 624 2905; x_wconf 79' lang='lat' dir='ltr'><strong>tuam</strong></span> <span class='ocrx_word' id='word_1_326' title='bbox 654 2849 1003 2905; x_wconf 89' lang='lat' dir='ltr'><strong>solitudinem</strong></span> <span class='ocrx_word' id='word_1_327' title='bbox 1035 2848 1311 2904; x_wconf 89' lang='lat' dir='ltr'><strong>redactum</strong></span> <span class='ocrx_word' id='word_1_328' title='bbox 1343 2847 1447 2902; x_wconf 81' lang='lat' dir='ltr'><strong>fuit</strong></span> <span class='ocrx_word' id='word_1_329' title='bbox 1473 2865 1488 2904; x_wconf 88' lang='lat'><strong>:</strong></span> <span class='ocrx_word' id='word_1_330' title='bbox 1518 2847 1606 2902; x_wconf 93' lang='lat' dir='ltr'><strong>illa</strong></span> <span class='ocrx_word' id='word_1_331' title='bbox 1633 2846 1866 2917; x_wconf 90' lang='lat' dir='ltr'><strong>denique</strong></span> <span class='ocrx_word' id='word_1_332' title='bbox 1895 2848 2057 2902; x_wconf 88' lang='lat' dir='ltr'><strong>deso-</strong></span> 
     </span>
    </p>
   </div>
   <div class='ocr_carea' id='block_1_48' title="bbox 479 2951 2059 3022">
    <p class='ocr_par' dir='ltr' id='par_1_48' title="bbox 479 2951 2059 3022">
     <span class='ocr_line' id='line_1_48' title="bbox 479 2951 2059 3022; baseline -0.001 -15"><span class='ocrx_word' id='word_1_333' title='bbox 479 2951 703 3007; x_wconf 87' lang='lat' dir='ltr'><strong>lationis</strong></span> <span class='ocrx_word' id='word_1_334' title='bbox 722 2951 1074 3018; x_wconf 89' lang='lat' dir='ltr'><strong>abominatio,</strong></span> <span class='ocrx_word' id='word_1_335' title='bbox 1101 2965 1264 3022; x_wconf 91' lang='lat' dir='ltr'><strong>quam</strong></span> <span class='ocrx_word' id='word_1_336' title='bbox 1290 2951 1477 3006; x_wconf 90' lang='lat' dir='ltr'><strong>Daniel</strong></span> <span class='ocrx_word' id='word_1_337' title='bbox 1505 2951 1856 3021; x_wconf 69' lang='lat' dir='ltr'><strong>praedixerat,</strong></span> <span class='ocrx_word' id='word_1_338' title='bbox 1882 2953 2059 3006; x_wconf 89' lang='lat' dir='ltr'><strong>medio</strong></span> 
     </span>
    </p>
   </div>
   <div class='ocr_carea' id='block_1_49' title="bbox 2155 1861 3732 1938">
    <p class='ocr_par' dir='ltr' id='par_1_49' title="bbox 2155 1861 3732 1938">
     <span class='ocr_line' id='line_1_49' title="bbox 2155 1861 3732 1938; baseline -0.005 -18"><span class='ocrx_word' id='word_1_339' title='bbox 2155 1864 2465 1938; x_wconf 72' lang='grc' dir='ltr'>πολιορκίᾳ,</span> <span class='ocrx_word' id='word_1_340' title='bbox 2500 1864 2671 1938; x_wconf 85' lang='grc' dir='ltr'>μυρία</span> <span class='ocrx_word' id='word_1_341' title='bbox 2705 1863 2804 1936; x_wconf 86' lang='grc' dir='ltr'><strong>μὲν</strong></span> <span class='ocrx_word' id='word_1_342' title='bbox 2833 1863 3010 1936; x_wconf 82' lang='grc' dir='ltr'>πλήθη</span> <span class='ocrx_word' id='word_1_343' title='bbox 3040 1864 3133 1918; x_wconf 88' lang='grc' dir='ltr'><strong>τοῦ</strong></span> <span class='ocrx_word' id='word_1_344' title='bbox 3167 1863 3434 1917; x_wconf 85' lang='grc' dir='ltr'>Ἰουδαίων</span> <span class='ocrx_word' id='word_1_345' title='bbox 3464 1861 3650 1925; x_wconf 73' lang='grc' dir='ltr'>ἔθνους</span> <span class='ocrx_word' id='word_1_346' title='bbox 3679 1864 3732 1913; x_wconf 85' lang='grc' dir='ltr'><strong>ἐν</strong></span> 
     </span>
    </p>
   </div>
   <div class='ocr_carea' id='block_1_50' title="bbox 2157 1953 3734 2030">
    <p class='ocr_par' dir='ltr' id='par_1_50' title="bbox 2157 1953 3734 2030">
     <span class='ocr_line' id='line_1_50' title="bbox 2157 1953 3734 2030; baseline -0.004 -16"><span class='ocrx_word' id='word_1_347' title='bbox 2157 1960 2386 2030; x_wconf 76' lang='grc' dir='ltr'>στόματι</span> <span class='ocrx_word' id='word_1_348' title='bbox 2418 1959 2689 2030; x_wconf 85' lang='grc' dir='ltr'>μαχαίρας</span> <span class='ocrx_word' id='word_1_349' title='bbox 2716 1957 2953 2029; x_wconf 82' lang='grc' dir='ltr'>ἀνῃρέθη</span> <span class='ocrx_word' id='word_1_350' title='bbox 2973 1998 2988 2022; x_wconf 89' lang='grc'><strong>,</strong></span> <span class='ocrx_word' id='word_1_351' title='bbox 3023 1957 3240 2020; x_wconf 84' lang='grc' dir='ltr'>πλείους</span> <span class='ocrx_word' id='word_1_352' title='bbox 3272 1957 3330 2010; x_wconf 83' lang='grc' dir='ltr'>δὲ</span> <span class='ocrx_word' id='word_1_353' title='bbox 3357 1953 3488 2010; x_wconf 76' lang='grc' dir='ltr'>’τῶν</span> <span class='ocrx_word' id='word_1_354' title='bbox 3533 1955 3734 2028; x_wconf 58' lang='grc' dir='ltr'>ἀνῃρη-</span> 
     </span>
    </p>
   </div>
   <div class='ocr_carea' id='block_1_51' title="bbox 2159 2047 3731 2123">
    <p class='ocr_par' dir='ltr' id='par_1_51' title="bbox 2159 2047 3731 2123">
     <span class='ocr_line' id='line_1_51' title="bbox 2159 2047 3731 2123; baseline -0.004 -18"><span class='ocrx_word' id='word_1_355' title='bbox 2159 2053 2336 2123; x_wconf 84' lang='grc' dir='ltr'>μένων</span> <span class='ocrx_word' id='word_1_356' title='bbox 2362 2051 2441 2122; x_wconf 85' lang='grc' dir='ltr'>τῷ</span> <span class='ocrx_word' id='word_1_357' title='bbox 2471 2050 2614 2122; x_wconf 86' lang='grc' dir='ltr'>λιμῷ</span> <span class='ocrx_word' id='word_1_358' title='bbox 2645 2049 3011 2121; x_wconf 79' lang='grc' dir='ltr'>διεφθάρησαν</span> <span class='ocrx_word' id='word_1_359' title='bbox 3030 2065 3044 2080; x_wconf 88' lang='grc'><strong>·</strong></span> <span class='ocrx_word' id='word_1_360' title='bbox 3084 2049 3184 2120; x_wconf 77' lang='grc' dir='ltr'>ἥδη</span> <span class='ocrx_word' id='word_1_361' title='bbox 3215 2049 3272 2102; x_wconf 87' lang='grc' dir='ltr'><strong>δέ</strong></span> <span class='ocrx_word' id='word_1_362' title='bbox 3308 2047 3401 2102; x_wconf 70' lang='grc' dir='ltr'><strong>καὶ</strong></span> <span class='ocrx_word' id='word_1_363' title='bbox 3428 2047 3498 2101; x_wconf 87' lang='grc' dir='ltr'><strong>τά</strong></span> <span class='ocrx_word' id='word_1_364' title='bbox 3529 2048 3731 2101; x_wconf 89' lang='grc' dir='ltr'>ἐαυτῶν</span> 
     </span>
    </p>
   </div>
   <div class='ocr_carea' id='block_1_52' title="bbox 2156 2139 3731 2215">
    <p class='ocr_par' dir='ltr' id='par_1_52' title="bbox 2156 2139 3731 2215">
     <span class='ocr_line' id='line_1_52' title="bbox 2156 2139 3731 2215; baseline -0.004 -18"><span class='ocrx_word' id='word_1_365' title='bbox 2156 2143 2334 2215; x_wconf 84' lang='grc' dir='ltr'>βρέφη</span> <span class='ocrx_word' id='word_1_366' title='bbox 2365 2145 2622 2213; x_wconf 89' lang='grc' dir='ltr'>γυναῖκες</span> <span class='ocrx_word' id='word_1_367' title='bbox 2674 2143 2981 2212; x_wconf 80' lang='grc' dir='ltr'>ὀπτὴσασαι</span> <span class='ocrx_word' id='word_1_368' title='bbox 3030 2140 3184 2211; x_wconf 75' lang='grc' dir='ltr'>πυρὶ,</span> <span class='ocrx_word' id='word_1_369' title='bbox 3230 2142 3404 2212; x_wconf 84' lang='grc' dir='ltr'>τροφῇ</span> <span class='ocrx_word' id='word_1_370' title='bbox 3441 2139 3731 2210; x_wconf 81' lang='grc' dir='ltr'>κέχρηνται</span> 
     </span>
    </p>
   </div>
   <div class='ocr_carea' id='block_1_53' title="bbox 2153 2230 3733 2306">
    <p class='ocr_par' dir='ltr' id='par_1_53' title="bbox 2153 2230 3733 2306">
     <span class='ocr_line' id='line_1_53' title="bbox 2153 2230 3733 2306; baseline -0.004 -17"><span class='ocrx_word' id='word_1_371' title='bbox 2153 2235 2222 2289; x_wconf 84' lang='grc' dir='ltr'>δι’</span> <span class='ocrx_word' id='word_1_372' title='bbox 2249 2234 2696 2306; x_wconf 83' lang='grc' dir='ltr'>ὑπερϐάλλουσαν</span> <span class='ocrx_word' id='word_1_373' title='bbox 2730 2233 2954 2288; x_wconf 76' lang='grc' dir='ltr'>ἔνδειαν.</span> <span class='ocrx_word' id='word_1_374' title='bbox 2986 2231 3274 2286; x_wconf 85' lang='grc' dir='ltr'>Συνέϐαινε</span> <span class='ocrx_word' id='word_1_375' title='bbox 3307 2231 3363 2284; x_wconf 83' lang='grc' dir='ltr'>δὲ</span> <span class='ocrx_word' id='word_1_376' title='bbox 3400 2230 3575 2284; x_wconf 86' lang='grc' dir='ltr'>ταῦτα</span> <span class='ocrx_word' id='word_1_377' title='bbox 3613 2232 3733 2302; x_wconf 80' lang='grc' dir='ltr'>πρό-</span> 
     </span>
    </p>
   </div>
   <div class='ocr_carea' id='block_1_54' title="bbox 2155 2321 3732 2398">
    <p class='ocr_par' dir='ltr' id='par_1_54' title="bbox 2155 2321 3732 2398">
     <span class='ocr_line' id='line_1_54' title="bbox 2155 2321 3732 2398; baseline -0.003 -19"><span class='ocrx_word' id='word_1_378' title='bbox 2155 2343 2313 2398; x_wconf 86' lang='grc' dir='ltr'>τερον</span> <span class='ocrx_word' id='word_1_379' title='bbox 2359 2327 2460 2397; x_wconf 88' lang='grc' dir='ltr'><strong>μέν</strong></span> <span class='ocrx_word' id='word_1_380' title='bbox 2493 2326 2635 2380; x_wconf 83' lang='grc' dir='ltr'>κατὰ</span> <span class='ocrx_word' id='word_1_381' title='bbox 2671 2325 2829 2380; x_wconf 84' lang='grc' dir='ltr'>Τῖτον</span> <span class='ocrx_word' id='word_1_382' title='bbox 2864 2325 2960 2380; x_wconf 74' lang='grc' dir='ltr'>καὶ</span> <span class='ocrx_word' id='word_1_383' title='bbox 2991 2323 3429 2378; x_wconf 81' lang='grc' dir='ltr'>Οὐεσπασιανόν·</span> <span class='ocrx_word' id='word_1_384' title='bbox 3493 2321 3634 2392; x_wconf 88' lang='grc' dir='ltr'><strong>μετά</strong></span> <span class='ocrx_word' id='word_1_385' title='bbox 3680 2322 3732 2375; x_wconf 81' lang='grc' dir='ltr'><strong>δὲ</strong></span> 
     </span>
    </p>
   </div>
   <div class='ocr_carea' id='block_1_55' title="bbox 2156 2414 3732 2487">
    <p class='ocr_par' dir='ltr' id='par_1_55' title="bbox 2156 2414 3732 2487">
     <span class='ocr_line' id='line_1_55' title="bbox 2156 2414 3732 2487; baseline -0.003 -16"><span class='ocrx_word' id='word_1_386' title='bbox 2156 2417 2400 2483; x_wconf 77' lang='grc' dir='ltr'>τούτους,</span> <span class='ocrx_word' id='word_1_387' title='bbox 2447 2418 2566 2471; x_wconf 86' lang='grc' dir='ltr'>κατ’</span> <span class='ocrx_word' id='word_1_388' title='bbox 2617 2417 2911 2487; x_wconf 79' lang='grc' dir='ltr'>Ἀδριανὸν,</span> <span class='ocrx_word' id='word_1_389' title='bbox 2947 2417 3074 2480; x_wconf 85' lang='grc' dir='ltr'>τοὺς</span> <span class='ocrx_word' id='word_1_390' title='bbox 3126 2415 3410 2486; x_wconf 85' lang='grc' dir='ltr'>Ῥωμαίων</span> <span class='ocrx_word' id='word_1_391' title='bbox 3465 2414 3732 2484; x_wconf 78' lang='grc' dir='ltr'>αὐτοκρά-</span> 
     </span>
    </p>
   </div>
   <div class='ocr_carea' id='block_1_56' title="bbox 2156 2505 3735 2580">
    <p class='ocr_par' dir='ltr' id='par_1_56' title="bbox 2156 2505 3735 2580">
     <span class='ocr_line' id='line_1_56' title="bbox 2156 2505 3735 2580; baseline -0.004 -18"><span class='ocrx_word' id='word_1_392' title='bbox 2156 2525 2342 2575; x_wconf 79' lang='grc' dir='ltr'>τορας,</span> <span class='ocrx_word' id='word_1_393' title='bbox 2367 2509 2488 2564; x_wconf 85' lang='grc' dir='ltr'>καθ’</span> <span class='ocrx_word' id='word_1_394' title='bbox 2516 2509 2610 2572; x_wconf 83' lang='grc' dir='ltr'><strong>οὓς</strong></span> <span class='ocrx_word' id='word_1_395' title='bbox 2636 2509 2836 2572; x_wconf 79' lang='grc' dir='ltr'>ἄϐατος</span> <span class='ocrx_word' id='word_1_396' title='bbox 2869 2509 2968 2580; x_wconf 83' lang='grc' dir='ltr'>μὲν</span> <span class='ocrx_word' id='word_1_397' title='bbox 3001 2509 3060 2570; x_wconf 84' lang='grc' dir='ltr'><strong>ἐς</strong></span> <span class='ocrx_word' id='word_1_398' title='bbox 3089 2507 3150 2560; x_wconf 82' lang='grc' dir='ltr'><strong>τὸ</strong></span> <span class='ocrx_word' id='word_1_399' title='bbox 3176 2506 3437 2569; x_wconf 83' lang='grc' dir='ltr'>παντελὲς</span> <span class='ocrx_word' id='word_1_400' title='bbox 3464 2505 3735 2567; x_wconf 79' lang='grc' dir='ltr'>Ἰουδαίοις</span> 
     </span>
    </p>
   </div>
   <div class='ocr_carea' id='block_1_57' title="bbox 2155 2597 3725 2671">
    <p class='ocr_par' dir='ltr' id='par_1_57' title="bbox 2155 2597 3725 2671">
     <span class='ocr_line' id='line_1_57' title="bbox 2155 2597 3725 2671; baseline -0.005 -15"><span class='ocrx_word' id='word_1_401' title='bbox 2155 2602 2186 2656; x_wconf 83' lang='grc' dir='ltr'>ὁ</span> <span class='ocrx_word' id='word_1_402' title='bbox 2216 2601 2442 2671; x_wconf 90' lang='grc' dir='ltr'>πάτριος</span> <span class='ocrx_word' id='word_1_403' title='bbox 2463 2599 2642 2655; x_wconf 84' lang='grc' dir='ltr'>αὐτῶν</span> <span class='ocrx_word' id='word_1_404' title='bbox 2673 2600 2908 2671; x_wconf 86' lang='grc' dir='ltr'>κατέστη</span> <span class='ocrx_word' id='word_1_405' title='bbox 2941 2601 3126 2663; x_wconf 88' lang='grc' dir='ltr'>τόπος,</span> <span class='ocrx_word' id='word_1_406' title='bbox 3158 2599 3348 2668; x_wconf 85' lang='grc' dir='ltr'>γέγονε</span> <span class='ocrx_word' id='word_1_407' title='bbox 3374 2597 3431 2651; x_wconf 86' lang='grc' dir='ltr'><strong>δέ</strong></span> <span class='ocrx_word' id='word_1_408' title='bbox 3464 2597 3725 2668; x_wconf 77' lang='grc' dir='ltr'>Ἰερουσα-</span> 
     </span>
    </p>
   </div>
   <div class='ocr_carea' id='block_1_58' title="bbox 2156 2689 3734 2766">
    <p class='ocr_par' dir='ltr' id='par_1_58' title="bbox 2156 2689 3734 2766">
     <span class='ocr_line' id='line_1_58' title="bbox 2156 2689 3734 2766; baseline -0.003 -20"><span class='ocrx_word' id='word_1_409' title='bbox 2156 2694 2271 2766; x_wconf 75' lang='grc' dir='ltr'><strong>λὴμ</strong></span> <span class='ocrx_word' id='word_1_410' title='bbox 2300 2693 2614 2765; x_wconf 89' lang='grc' dir='ltr'>πατουμένη</span> <span class='ocrx_word' id='word_1_411' title='bbox 2647 2694 2738 2747; x_wconf 86' lang='grc' dir='ltr'>ὑπ’</span> <span class='ocrx_word' id='word_1_412' title='bbox 2789 2695 2979 2762; x_wconf 88' lang='grc' dir='ltr'>ἐθνῶν,</span> <span class='ocrx_word' id='word_1_413' title='bbox 3009 2695 3086 2758; x_wconf 87' lang='grc' dir='ltr'>ὠς</span> <span class='ocrx_word' id='word_1_414' title='bbox 3138 2691 3273 2764; x_wconf 83' lang='grc' dir='ltr'>μηδὲ</span> <span class='ocrx_word' id='word_1_415' title='bbox 3323 2691 3545 2761; x_wconf 84' lang='grc' dir='ltr'>ἐτέρους</span> <span class='ocrx_word' id='word_1_416' title='bbox 3595 2689 3734 2760; x_wconf 73' lang='grc' dir='ltr'>ἔχειν</span> 
     </span>
    </p>
   </div>
   <div class='ocr_carea' id='block_1_59' title="bbox 2156 2780 3735 2857">
    <p class='ocr_par' dir='ltr' id='par_1_59' title="bbox 2156 2780 3735 2857">
     <span class='ocr_line' id='line_1_59' title="bbox 2156 2780 3735 2857; baseline -0.004 -18"><span class='ocrx_word' id='word_1_417' title='bbox 2156 2788 2450 2857; x_wconf 76' lang='grc' dir='ltr'>οἰκήτορας</span> <span class='ocrx_word' id='word_1_418' title='bbox 2477 2785 2699 2850; x_wconf 87' lang='grc' dir='ltr'>πολίτας</span> <span class='ocrx_word' id='word_1_419' title='bbox 2729 2786 2762 2856; x_wconf 82' lang='grc' dir='ltr'>ἢ</span> <span class='ocrx_word' id='word_1_420' title='bbox 2801 2786 2992 2857; x_wconf 87' lang='grc' dir='ltr'>μόνους</span> <span class='ocrx_word' id='word_1_421' title='bbox 3025 2783 3352 2854; x_wconf 81' lang='grc' dir='ltr'>ἀλλοφύλους</span> <span class='ocrx_word' id='word_1_422' title='bbox 3390 2780 3486 2836; x_wconf 74' lang='grc' dir='ltr'>καὶ</span> <span class='ocrx_word' id='word_1_423' title='bbox 3519 2781 3735 2849; x_wconf 84' lang='grc' dir='ltr'>ἀλλογε-</span> 
     </span>
    </p>
   </div>
   <div class='ocr_carea' id='block_1_60' title="bbox 2157 2872 3736 2947">
    <p class='ocr_par' dir='ltr' id='par_1_60' title="bbox 2157 2872 3736 2947">
     <span class='ocr_line' id='line_1_60' title="bbox 2157 2872 3736 2947; baseline -0.003 -18"><span class='ocrx_word' id='word_1_424' title='bbox 2157 2879 2289 2944; x_wconf 60' lang='grc' dir='ltr'>νεῖςς</span> <span class='ocrx_word' id='word_1_425' title='bbox 2325 2876 2590 2947; x_wconf 86' lang='grc' dir='ltr'>μετοίκων</span> <span class='ocrx_word' id='word_1_426' title='bbox 2616 2876 2804 2932; x_wconf 75' lang='grc' dir='ltr'>αὐτόθι</span> <span class='ocrx_word' id='word_1_427' title='bbox 2829 2875 3280 2931; x_wconf 82' lang='grc' dir='ltr'>κατοικισθέντων</span> <span class='ocrx_word' id='word_1_428' title='bbox 3317 2874 3436 2928; x_wconf 77' lang='grc' dir='ltr'>ἀντὶ</span> <span class='ocrx_word' id='word_1_429' title='bbox 3464 2873 3576 2926; x_wconf 88' lang='grc' dir='ltr'><strong>τῶν</strong></span> <span class='ocrx_word' id='word_1_430' title='bbox 3607 2872 3736 2943; x_wconf 74' lang='grc' dir='ltr'>πρό-</span> 
     </span>
    </p>
   </div>
   <div class='ocr_carea' id='block_1_61' title="bbox 2158 2964 3735 3042">
    <p class='ocr_par' dir='ltr' id='par_1_61' title="bbox 2158 2964 3735 3042">
     <span class='ocr_line' id='line_1_61' title="bbox 2158 2964 3735 3042; baseline -0.005 -18"><span class='ocrx_word' id='word_1_431' title='bbox 2158 2987 2316 3042; x_wconf 87' lang='grc' dir='ltr'>τερον</span> <span class='ocrx_word' id='word_1_432' title='bbox 2365 2971 2687 3042; x_wconf 85' lang='grc' dir='ltr'>οίκητόρων.</span> <span class='ocrx_word' id='word_1_433' title='bbox 2746 2970 2836 3037; x_wconf 78' lang='grc' dir='ltr'>Ἐξ</span> <span class='ocrx_word' id='word_1_434' title='bbox 2868 2969 3077 3023; x_wconf 87' lang='grc' dir='ltr'>ἐκείνου</span> <span class='ocrx_word' id='word_1_435' title='bbox 3110 2969 3167 3022; x_wconf 89' lang='grc' dir='ltr'><strong>δέ</strong></span> <span class='ocrx_word' id='word_1_436' title='bbox 3219 2965 3596 3037; x_wconf 82' lang='grc' dir='ltr'>κυκλωθείσης</span> <span class='ocrx_word' id='word_1_437' title='bbox 3633 2964 3735 3018; x_wconf 81' lang='grc' dir='ltr'><strong>ὑπὸ</strong></span> 
     </span>
    </p>
   </div>
   <div class='ocr_carea' id='block_1_62' title="bbox 481 3053 2053 3135">
    <p class='ocr_par' dir='ltr' id='par_1_62' title="bbox 481 3053 2053 3121">
     <span class='ocr_line' id='line_1_62' title="bbox 481 3053 2053 3121; baseline 0.003 -13"><span class='ocrx_word' id='word_1_438' title='bbox 481 3053 537 3108; x_wconf 86' lang='lat' dir='ltr'><strong>in</strong></span> <span class='ocrx_word' id='word_1_439' title='bbox 568 3055 879 3111; x_wconf 83' lang='lat' dir='ltr'><strong>sanctuario</strong></span> <span class='ocrx_word' id='word_1_440' title='bbox 901 3055 1195 3111; x_wconf 90' lang='lat' dir='ltr'><strong>constituta</strong></span> <span class='ocrx_word' id='word_1_441' title='bbox 1232 3054 1363 3121; x_wconf 89' lang='lat' dir='ltr'><strong>l&#39;uit,</strong></span> <span class='ocrx_word' id='word_1_442' title='bbox 1394 3069 1601 3110; x_wconf 64' lang='lat' dir='ltr'><strong>aeneum</strong></span> <span class='ocrx_word' id='word_1_443' title='bbox 1655 3055 1777 3111; x_wconf 91' lang='lat' dir='ltr'><strong>dico</strong></span> <span class='ocrx_word' id='word_1_444' title='bbox 1832 3055 2053 3112; x_wconf 88' lang='lat' dir='ltr'><strong>victoris</strong></span> 
     </span>
    </p>
   </div>
   <div class='ocr_carea' id='block_1_63' title="bbox 2157 3053 3734 3135">
    <p class='ocr_par' dir='ltr' id='par_1_63' title="bbox 2162 3056 3734 3135">
     <span class='ocr_line' id='line_1_63' title="bbox 2162 3056 3734 3135; baseline -0.004 -21"><span class='ocrx_word' id='word_1_445' title='bbox 2162 3063 2539 3134; x_wconf 85' lang='grc' dir='ltr'>στρατοπέδων</span> <span class='ocrx_word' id='word_1_446' title='bbox 2565 3063 2665 3135; x_wconf 81' lang='grc' dir='ltr'>τῆς</span> <span class='ocrx_word' id='word_1_447' title='bbox 2705 3061 3080 3135; x_wconf 83' lang='grc' dir='ltr'>Ἰερουσαλὴμ,</span> <span class='ocrx_word' id='word_1_448' title='bbox 3108 3060 3203 3114; x_wconf 68' lang='grc' dir='ltr'>καὶ</span> <span class='ocrx_word' id='word_1_449' title='bbox 3229 3059 3360 3114; x_wconf 80' lang='grc' dir='ltr'>αὐτὸ</span> <span class='ocrx_word' id='word_1_450' title='bbox 3393 3058 3455 3112; x_wconf 85' lang='grc' dir='ltr'><strong>τὸ</strong></span> <span class='ocrx_word' id='word_1_451' title='bbox 3490 3056 3734 3126; x_wconf 86' lang='grc' dir='ltr'>ἀγίασμα</span> 
     </span>
    </p>
   </div>
   <div class='ocr_carea' id='block_1_64' title="bbox 481 3137 2053 3226">
    <p class='ocr_par' dir='ltr' id='par_1_64' title="bbox 481 3145 2042 3216">
     <span class='ocr_line' id='line_1_64' title="bbox 481 3145 2042 3216; baseline 0.002 -17"><span class='ocrx_word' id='word_1_452' title='bbox 481 3145 830 3201; x_wconf 77' lang='lat' dir='ltr'><strong>simulacrum</strong></span> <span class='ocrx_word' id='word_1_453' title='bbox 865 3148 1008 3216; x_wconf 92' lang='lat' dir='ltr'><strong>quod</strong></span> <span class='ocrx_word' id='word_1_454' title='bbox 1041 3148 1095 3201; x_wconf 90' lang='lat' dir='ltr'><strong>in</strong></span> <span class='ocrx_word' id='word_1_455' title='bbox 1145 3148 1321 3202; x_wconf 89' lang='lat' dir='ltr'><strong>medio</strong></span> <span class='ocrx_word' id='word_1_456' title='bbox 1369 3146 1571 3216; x_wconf 90' lang='lat' dir='ltr'><strong>templo</strong></span> <span class='ocrx_word' id='word_1_457' title='bbox 1599 3147 1908 3201; x_wconf 88' lang='lat' dir='ltr'><strong>dedicatum</strong></span> <span class='ocrx_word' id='word_1_458' title='bbox 1938 3157 2042 3202; x_wconf 88' lang='lat' dir='ltr'><strong>est.</strong></span> 
     </span>
    </p>
   </div>
   <div class='ocr_carea' id='block_1_65' title="bbox 2157 3137 3733 3226">
    <p class='ocr_par' dir='ltr' id='par_1_65' title="bbox 2157 3147 3733 3226">
     <span class='ocr_line' id='line_1_65' title="bbox 2157 3147 3733 3226; baseline -0.001 -21"><span class='ocrx_word' id='word_1_459' title='bbox 2157 3152 2209 3206; x_wconf 82' lang='grc' dir='ltr'><strong>τὸ</strong></span> <span class='ocrx_word' id='word_1_460' title='bbox 2237 3155 2299 3207; x_wconf 80' lang='grc' dir='ltr'><strong>ἐν,</strong></span> <span class='ocrx_word' id='word_1_461' title='bbox 2323 3155 2462 3226; x_wconf 74' lang='grc' dir='ltr'>αὐτῇ</span> <span class='ocrx_word' id='word_1_462' title='bbox 2491 3157 2572 3218; x_wconf 84' lang='grc' dir='ltr'><strong>είς</strong></span> <span class='ocrx_word' id='word_1_463' title='bbox 2599 3154 2699 3226; x_wconf 80' lang='grc' dir='ltr'>τὴν</span> <span class='ocrx_word' id='word_1_464' title='bbox 2727 3153 2961 3224; x_wconf 80' lang='grc' dir='ltr'>ἐσχάτην</span> <span class='ocrx_word' id='word_1_465' title='bbox 2985 3147 3324 3224; x_wconf 85' lang='grc' dir='ltr'>περιετράπη</span> <span class='ocrx_word' id='word_1_466' title='bbox 3346 3151 3585 3221; x_wconf 80' lang='grc' dir='ltr'>ἐρημίαν</span> <span class='ocrx_word' id='word_1_467' title='bbox 3605 3167 3618 3180; x_wconf 90' lang='grc'><strong>·</strong></span> <span class='ocrx_word' id='word_1_468' title='bbox 3645 3154 3733 3204; x_wconf 78' lang='grc' dir='ltr'><strong>καὶ</strong></span> 
     </span>
    </p>
   </div>
   <div class='ocr_carea' id='block_1_66' title="bbox 471 3235 3733 3319">
    <p class='ocr_par' dir='ltr' id='par_1_66' title="bbox 471 3235 3733 3319">
     <span class='ocr_line' id='line_1_66' title="bbox 471 3235 3733 3319; baseline 0.001 -27"><span class='ocrx_word' id='word_1_469' title='bbox 471 3235 544 3292; x_wconf 72' lang='grc' dir='ltr'>τὸ</span> <span class='ocrx_word' id='word_1_470' title='bbox 572 3237 845 3310; x_wconf 85' lang='grc' dir='ltr'>βδέλυγμα</span> <span class='ocrx_word' id='word_1_471' title='bbox 877 3239 976 3309; x_wconf 82' lang='grc' dir='ltr'><strong>τῆς</strong></span> <span class='ocrx_word' id='word_1_472' title='bbox 994 3238 1324 3312; x_wconf 74' lang='grc' dir='ltr'>ἐρημώσεως</span> <span class='ocrx_word' id='word_1_473' title='bbox 1347 3238 1410 3290; x_wconf 84' lang='grc' dir='ltr'>τὸ</span> <span class='ocrx_word' id='word_1_474' title='bbox 1434 3237 1596 3311; x_wconf 80' lang='grc' dir='ltr'>ῥηθὲν</span> <span class='ocrx_word' id='word_1_475' title='bbox 1623 3236 1710 3290; x_wconf 83' lang='grc' dir='ltr'>διὰ</span> <span class='ocrx_word' id='word_1_476' title='bbox 1732 3237 1934 3309; x_wconf 83' lang='grc' dir='ltr'>Δανιὴλ</span> <span class='ocrx_word' id='word_1_477' title='bbox 1955 3239 2050 3292; x_wconf 89' lang='grc' dir='ltr'><strong>τοῦ</strong></span> <span class='ocrx_word' id='word_1_478' title='bbox 2089 3246 2369 3316; x_wconf 76' lang='grc' dir='ltr'>προφήτου</span> <span class='ocrx_word' id='word_1_479' title='bbox 2398 3247 2532 3319; x_wconf 72' lang='grc' dir='ltr'>ἔστη</span> <span class='ocrx_word' id='word_1_480' title='bbox 2595 3246 2653 3302; x_wconf 85' lang='grc' dir='ltr'><strong>ἐν</strong></span> <span class='ocrx_word' id='word_1_481' title='bbox 2689 3245 2769 3318; x_wconf 82' lang='grc' dir='ltr'>τῷ</span> <span class='ocrx_word' id='word_1_482' title='bbox 2831 3244 3154 3317; x_wconf 87' lang='grc' dir='ltr'>ἁγιάσματι,</span> <span class='ocrx_word' id='word_1_483' title='bbox 3206 3243 3269 3296; x_wconf 80' lang='grc' dir='ltr'><strong>τὸ</strong></span> <span class='ocrx_word' id='word_1_484' title='bbox 3315 3243 3544 3314; x_wconf 82' lang='grc' dir='ltr'>χάλκεόν</span> <span class='ocrx_word' id='word_1_485' title='bbox 3597 3259 3733 3314; x_wconf 84' lang='grc' dir='ltr'>φημι</span> 
     </span>
    </p>
   </div>
   <div class='ocr_carea' id='block_1_67' title="bbox 479 3327 2554 3412">
    <p class='ocr_par' dir='ltr' id='par_1_67' title="bbox 479 3327 2554 3412">
     <span class='ocr_line' id='line_1_67' title="bbox 479 3327 2554 3412; baseline 0 -22"><span class='ocrx_word' id='word_1_486' title='bbox 479 3334 848 3404; x_wconf 76' lang='grc' dir='ltr'>ἀπεικόνισμα</span> <span class='ocrx_word' id='word_1_487' title='bbox 901 3329 997 3384; x_wconf 86' lang='grc' dir='ltr'><strong>τοῦ</strong></span> <span class='ocrx_word' id='word_1_488' title='bbox 1065 3327 1419 3402; x_wconf 86' lang='grc' dir='ltr'>πολιορκητοῦ</span> <span class='ocrx_word' id='word_1_489' title='bbox 1476 3328 1534 3382; x_wconf 90' lang='grc' dir='ltr'><strong>ἐν</strong></span> <span class='ocrx_word' id='word_1_490' title='bbox 1580 3327 1730 3399; x_wconf 80' lang='grc' dir='ltr'>αὐτῷ</span> <span class='ocrx_word' id='word_1_491' title='bbox 1773 3329 1924 3401; x_wconf 87' lang='grc' dir='ltr'>μέσῳ</span> <span class='ocrx_word' id='word_1_492' title='bbox 1972 3330 2052 3402; x_wconf 83' lang='grc' dir='ltr'>τῷ</span> <span class='ocrx_word' id='word_1_493' title='bbox 2095 3334 2223 3408; x_wconf 80' lang='grc' dir='ltr'>ἱερῷ</span> <span class='ocrx_word' id='word_1_494' title='bbox 2253 3339 2554 3412; x_wconf 79' lang='grc' dir='ltr'>ἱδρυμένον.</span> 
     </span>
    </p>
   </div>
   <div class='ocr_carea' id='block_1_68' title="bbox 551 3423 2053 3505">
    <p class='ocr_par' dir='ltr' id='par_1_68' title="bbox 551 3423 2047 3498">
     <span class='ocr_line' id='line_1_68' title="bbox 551 3423 2047 3498; baseline -0.005 -13"><span class='ocrx_word' id='word_1_495' title='bbox 551 3429 679 3485; x_wconf 72' lang='lat' dir='ltr'><strong>Haec</strong></span> <span class='ocrx_word' id='word_1_496' title='bbox 710 3429 876 3498; x_wconf 79' lang='lat' dir='ltr'><strong>igitur</strong></span> <span class='ocrx_word' id='word_1_497' title='bbox 908 3441 939 3481; x_wconf 94' lang='lat' dir='ltr'><strong>e</strong></span> <span class='ocrx_word' id='word_1_498' title='bbox 969 3425 1215 3496; x_wconf 81' lang='lat' dir='ltr'><strong>plurimis</strong></span> <span class='ocrx_word' id='word_1_499' title='bbox 1245 3423 1550 3478; x_wconf 84' lang='lat' dir='ltr'><strong>adnotanda</strong></span> <span class='ocrx_word' id='word_1_500' title='bbox 1587 3437 1774 3479; x_wconf 76' lang='lat' dir='ltr'><strong>curavr</strong></span> <span class='ocrx_word' id='word_1_501' title='bbox 1824 3432 2047 3494; x_wconf 90' lang='lat' dir='ltr'><strong>propter</strong></span> 
     </span>
    </p>
   </div>
   <div class='ocr_carea' id='block_1_69' title="bbox 2157 3423 3735 3505">
    <p class='ocr_par' dir='ltr' id='par_1_69' title="bbox 2229 3425 3735 3505">
     <span class='ocr_line' id='line_1_69' title="bbox 2229 3425 3735 3505; baseline -0.007 -17"><span class='ocrx_word' id='word_1_502' title='bbox 2229 3434 2340 3504; x_wconf 82' lang='lat'><strong>(79)</strong></span> <span class='ocrx_word' id='word_1_503' title='bbox 2371 3433 2558 3488; x_wconf 90' lang='grc' dir='ltr'>Ταῦτα</span> <span class='ocrx_word' id='word_1_504' title='bbox 2591 3433 2690 3505; x_wconf 81' lang='grc' dir='ltr'>μὲν</span> <span class='ocrx_word' id='word_1_505' title='bbox 2721 3425 2815 3487; x_wconf 82' lang='grc' dir='ltr'><strong>οῦν</strong></span> <span class='ocrx_word' id='word_1_506' title='bbox 2846 3431 2955 3486; x_wconf 76' lang='grc' dir='ltr'>ἀπὸ</span> <span class='ocrx_word' id='word_1_507' title='bbox 2990 3429 3198 3502; x_wconf 87' lang='grc' dir='ltr'>μυρίων</span> <span class='ocrx_word' id='word_1_508' title='bbox 3243 3427 3466 3482; x_wconf 83' lang='grc' dir='ltr'>τέθεικα</span> <span class='ocrx_word' id='word_1_509' title='bbox 3507 3426 3597 3480; x_wconf 85' lang='grc' dir='ltr'><strong>διά</strong></span> <span class='ocrx_word' id='word_1_510' title='bbox 3639 3427 3735 3494; x_wconf 77' lang='grc' dir='ltr'>τὴν</span> 
     </span>
    </p>
   </div>
   <div class='ocr_carea' id='block_1_70' title="bbox 476 3514 2053 3596">
    <p class='ocr_par' dir='ltr' id='par_1_70' title="bbox 476 3514 2052 3583">
     <span class='ocr_line' id='line_1_70' title="bbox 476 3514 2052 3583; baseline -0.005 -5"><span class='ocrx_word' id='word_1_511' title='bbox 476 3522 722 3578; x_wconf 71' lang='lat' dir='ltr'><strong>divinum</strong></span> <span class='ocrx_word' id='word_1_512' title='bbox 756 3519 1064 3574; x_wconf 82' lang='lat' dir='ltr'><strong>Servatoris</strong></span> <span class='ocrx_word' id='word_1_513' title='bbox 1093 3515 1264 3571; x_wconf 90' lang='lat' dir='ltr'><strong>nostri</strong></span> <span class='ocrx_word' id='word_1_514' title='bbox 1299 3515 1614 3569; x_wconf 83' lang='lat' dir='ltr'><strong>vaticinium</strong></span> <span class='ocrx_word' id='word_1_515' title='bbox 1651 3515 1918 3583; x_wconf 78' lang='lat' dir='ltr'><strong>dicentis,</strong></span> <span class='ocrx_word' id='word_1_516' title='bbox 1963 3514 2052 3570; x_wconf 82' lang='lat' dir='ltr'><strong>Va:</strong></span> 
     </span>
    </p>
   </div>
   <div class='ocr_carea' id='block_1_71' title="bbox 2157 3514 3732 3596">
    <p class='ocr_par' dir='ltr' id='par_1_71' title="bbox 2158 3519 3732 3596">
     <span class='ocr_line' id='line_1_71' title="bbox 2158 3519 3732 3596; baseline -0.006 -18"><span class='ocrx_word' id='word_1_517' title='bbox 2158 3525 2308 3579; x_wconf 89' lang='grc' dir='ltr'>θείαν</span> <span class='ocrx_word' id='word_1_518' title='bbox 2354 3526 2448 3579; x_wconf 90' lang='grc' dir='ltr'><strong>τοῦ</strong></span> <span class='ocrx_word' id='word_1_519' title='bbox 2505 3525 2757 3596; x_wconf 86' lang='grc' dir='ltr'>Σωτῆρος</span> <span class='ocrx_word' id='word_1_520' title='bbox 2807 3523 2964 3596; x_wconf 87' lang='grc' dir='ltr'>ημῶν</span> <span class='ocrx_word' id='word_1_521' title='bbox 2994 3523 3297 3593; x_wconf 75' lang='grc' dir='ltr'>πρόρρησιν</span> <span class='ocrx_word' id='word_1_522' title='bbox 3317 3519 3414 3590; x_wconf 85' lang='grc' dir='ltr'>τὴν</span> <span class='ocrx_word' id='word_1_523' title='bbox 3448 3524 3732 3589; x_wconf 80' lang='grc' dir='ltr'>φήσασαν·</span> 
     </span>
    </p>
   </div>
   <div class='ocr_carea' id='block_1_72' title="bbox 478 3606 2053 3686">
    <p class='ocr_par' dir='ltr' id='par_1_72' title="bbox 478 3606 2053 3686">
     <span class='ocr_line' id='line_1_72' title="bbox 478 3606 2053 3686; baseline -0.004 -17"><span class='ocrx_word' id='word_1_524' title='bbox 478 3614 876 3686; x_wconf 54' lang='lat' dir='ltr'><strong>praegnantibus</strong></span> <span class='ocrx_word' id='word_1_525' title='bbox 897 3621 951 3666; x_wconf 81' lang='lat' dir='ltr'><strong>et</strong></span> <span class='ocrx_word' id='word_1_526' title='bbox 975 3610 1293 3664; x_wconf 76' lang='lat' dir='ltr'><strong>lactantibus</strong></span> <span class='ocrx_word' id='word_1_527' title='bbox 1316 3609 1372 3662; x_wconf 87' lang='lat' dir='ltr'><strong>in</strong></span> <span class='ocrx_word' id='word_1_528' title='bbox 1397 3608 1576 3662; x_wconf 80' lang='lat' dir='ltr'><strong>diebus</strong></span> <span class='ocrx_word' id='word_1_529' title='bbox 1600 3606 1748 3662; x_wconf 76' lang='lat' dir='ltr'><strong>illis!</strong></span> <span class='ocrx_word' id='word_1_530' title='bbox 1777 3607 1883 3663; x_wconf 90' lang='lat' dir='ltr'><strong>Sed</strong></span> <span class='ocrx_word' id='word_1_531' title='bbox 1915 3623 2053 3679; x_wconf 86' lang='lat' dir='ltr'><strong>quo-</strong></span> 
     </span>
    </p>
   </div>
   <div class='ocr_carea' id='block_1_73' title="bbox 2157 3606 3736 3686">
    <p class='ocr_par' dir='ltr' id='par_1_73' title="bbox 2160 3609 3736 3686">
     <span class='ocr_line' id='line_1_73' title="bbox 2160 3609 3736 3686; baseline -0.002 -19"><span class='ocrx_word' id='word_1_532' title='bbox 2160 3615 2305 3670; x_wconf 80' lang='grc' dir='ltr'><strong>Οὐαὶ</strong></span> <span class='ocrx_word' id='word_1_533' title='bbox 2333 3615 2402 3668; x_wconf 82' lang='grc' dir='ltr'>δὲ</span> <span class='ocrx_word' id='word_1_534' title='bbox 2430 3615 2560 3682; x_wconf 84' lang='grc' dir='ltr'>ταῖς</span> <span class='ocrx_word' id='word_1_535' title='bbox 2607 3615 2678 3668; x_wconf 81' lang='grc' dir='ltr'>ἐν</span> <span class='ocrx_word' id='word_1_536' title='bbox 2710 3615 2922 3686; x_wconf 58' lang='grc' dir='ltr'>γαστρί</span> <span class='ocrx_word' id='word_1_537' title='bbox 2953 3615 3240 3684; x_wconf 79' lang='grc' dir='ltr'>ἐχουσαις</span> <span class='ocrx_word' id='word_1_538' title='bbox 3269 3613 3368 3666; x_wconf 78' lang='grc' dir='ltr'>καὶ</span> <span class='ocrx_word' id='word_1_539' title='bbox 3398 3609 3529 3676; x_wconf 82' lang='grc' dir='ltr'>ταῖς</span> <span class='ocrx_word' id='word_1_540' title='bbox 3560 3613 3736 3678; x_wconf 78' lang='grc' dir='ltr'>θηλα-</span> 
     </span>
    </p>
   </div>
   <div class='ocr_carea' id='block_1_74' title="bbox 479 3699 2053 3775">
    <p class='ocr_par' dir='ltr' id='par_1_74' title="bbox 479 3699 2050 3770">
     <span class='ocr_line' id='line_1_74' title="bbox 479 3699 2050 3770; baseline -0.003 -9"><span class='ocrx_word' id='word_1_541' title='bbox 479 3709 626 3762; x_wconf 89' lang='lat' dir='ltr'><strong>niam</strong></span> <span class='ocrx_word' id='word_1_542' title='bbox 667 3705 735 3760; x_wconf 88' lang='lat' dir='ltr'><strong>ad</strong></span> <span class='ocrx_word' id='word_1_543' title='bbox 761 3715 990 3760; x_wconf 78' lang='lat' dir='ltr'><strong>caeteras</strong></span> <span class='ocrx_word' id='word_1_544' title='bbox 1027 3700 1334 3757; x_wconf 83' lang='lat' dir='ltr'><strong>Servatoris</strong></span> <span class='ocrx_word' id='word_1_545' title='bbox 1367 3699 1742 3770; x_wconf 62' lang='lat' dir='ltr'><strong>praedictiones</strong></span> <span class='ocrx_word' id='word_1_546' title='bbox 1771 3700 1884 3755; x_wconf 72' lang='lat' dir='ltr'><strong>haec</strong></span> <span class='ocrx_word' id='word_1_547' title='bbox 1914 3715 2050 3770; x_wconf 91' lang='lat' dir='ltr'><strong>quo-</strong></span> 
     </span>
    </p>
   </div>
   <div class='ocr_carea' id='block_1_75' title="bbox 2157 3699 3735 3775">
    <p class='ocr_par' dir='ltr' id='par_1_75' title="bbox 2158 3699 3735 3775">
     <span class='ocr_line' id='line_1_75' title="bbox 2158 3699 3735 3775; baseline -0.008 -10"><span class='ocrx_word' id='word_1_548' title='bbox 2158 3705 2399 3774; x_wconf 78' lang='grc' dir='ltr'>ζούσαις</span> <span class='ocrx_word' id='word_1_549' title='bbox 2423 3707 2494 3760; x_wconf 81' lang='grc' dir='ltr'><strong>ἐν</strong></span> <span class='ocrx_word' id='word_1_550' title='bbox 2520 3707 2780 3773; x_wconf 80' lang='grc' dir='ltr'>ἐκείναις</span> <span class='ocrx_word' id='word_1_551' title='bbox 2805 3705 2935 3772; x_wconf 83' lang='grc' dir='ltr'>ταῖς</span> <span class='ocrx_word' id='word_1_552' title='bbox 2966 3706 3212 3775; x_wconf 76' lang='grc' dir='ltr'>ἡμέραις</span> <span class='ocrx_word' id='word_1_553' title='bbox 3229 3722 3243 3736; x_wconf 72' lang='grc' dir='ltr'><strong>ο</strong></span> <span class='ocrx_word' id='word_1_554' title='bbox 3273 3703 3398 3757; x_wconf 75' lang='grc' dir='ltr'>ἐπεὶ</span> <span class='ocrx_word' id='word_1_555' title='bbox 3411 3702 3470 3755; x_wconf 84' lang='grc' dir='ltr'><strong>δέ</strong></span> <span class='ocrx_word' id='word_1_556' title='bbox 3501 3703 3598 3755; x_wconf 80' lang='grc' dir='ltr'><strong>καὶ</strong></span> <span class='ocrx_word' id='word_1_557' title='bbox 3623 3699 3735 3754; x_wconf 64' lang='grc' dir='ltr'>τοῦς</span> 
     </span>
    </p>
   </div>
   <div class='ocr_carea' id='block_1_76' title="bbox 481 3790 2052 3866">
    <p class='ocr_par' dir='ltr' id='par_1_76' title="bbox 481 3790 2052 3866">
     <span class='ocr_line' id='line_1_76' title="bbox 481 3790 2052 3866; baseline -0.004 -16"><span class='ocrx_word' id='word_1_558' title='bbox 481 3813 587 3866; x_wconf 86' lang='lat' dir='ltr'><strong>que</strong></span> <span class='ocrx_word' id='word_1_559' title='bbox 626 3795 840 3851; x_wconf 87' lang='lat' dir='ltr'><strong>accedit</strong></span> <span class='ocrx_word' id='word_1_560' title='bbox 870 3811 885 3848; x_wconf 90' lang='lat'><strong>:</strong></span> <span class='ocrx_word' id='word_1_561' title='bbox 920 3793 1034 3847; x_wconf 82' lang='lat' dir='ltr'><strong>Erit</strong></span> <span class='ocrx_word' id='word_1_562' title='bbox 1063 3807 1310 3861; x_wconf 75' lang='lat' dir='ltr'><strong>pressura</strong></span> <span class='ocrx_word' id='word_1_563' title='bbox 1355 3806 1546 3860; x_wconf 88' lang='lat' dir='ltr'><strong>magna</strong></span> <span class='ocrx_word' id='word_1_564' title='bbox 1578 3790 1634 3843; x_wconf 85' lang='lat' dir='ltr'><strong>in</strong></span> <span class='ocrx_word' id='word_1_565' title='bbox 1685 3799 1849 3859; x_wconf 83' lang='lat' dir='ltr'><strong>terra,</strong></span> <span class='ocrx_word' id='word_1_566' title='bbox 1883 3801 1931 3844; x_wconf 79' lang='lat' dir='ltr'><strong>et</strong></span> <span class='ocrx_word' id='word_1_567' title='bbox 1970 3792 2052 3844; x_wconf 87' lang='lat' dir='ltr'><strong>ira</strong></span> 
     </span>
    </p>
   </div>
   <div class='ocr_carea' id='block_1_77' title="bbox 405 3879 2053 3958">
    <p class='ocr_par' dir='ltr' id='par_1_77' title="bbox 405 3879 2053 3958">
     <span class='ocr_line' id='line_1_77' title="bbox 405 3879 2053 3958; baseline -0.004 -18"><span class='ocrx_word' id='word_1_568' title='bbox 405 3953 410 3958; x_wconf 27' lang='grc' dir='ltr'>ι</span> <span class='ocrx_word' id='word_1_569' title='bbox 481 3903 638 3954; x_wconf 79' lang='lat' dir='ltr'><strong>super</strong></span> <span class='ocrx_word' id='word_1_570' title='bbox 659 3884 850 3954; x_wconf 85' lang='lat' dir='ltr'><strong>papula</strong></span> <span class='ocrx_word' id='word_1_571' title='bbox 886 3883 1019 3948; x_wconf 86' lang='lat' dir='ltr'><strong>hoc;</strong></span> <span class='ocrx_word' id='word_1_572' title='bbox 1050 3882 1134 3936; x_wconf 90' lang='lat' dir='ltr'><strong>vel</strong></span> <span class='ocrx_word' id='word_1_573' title='bbox 1148 3881 1441 3936; x_wconf 89' lang='lat' dir='ltr'><strong>secundum</strong></span> <span class='ocrx_word' id='word_1_574' title='bbox 1465 3879 1801 3945; x_wconf 72' lang='lat' dir='ltr'><strong>Mattlimum,</strong></span> <span class='ocrx_word' id='word_1_575' title='bbox 1833 3881 2053 3935; x_wconf 86' lang='lat' dir='ltr'><strong>tribula-</strong></span> 
     </span>
    </p>
   </div>
   <div class='ocr_carea' id='block_1_78' title="bbox 481 3971 2051 4045">
    <p class='ocr_par' dir='ltr' id='par_1_78' title="bbox 481 3971 2051 4045">
     <span class='ocr_line' id='line_1_78' title="bbox 481 3971 2051 4045; baseline -0.003 -15"><span class='ocrx_word' id='word_1_576' title='bbox 481 3978 610 4031; x_wconf 84' lang='lat' dir='ltr'><strong>latio</strong></span> <span class='ocrx_word' id='word_1_577' title='bbox 637 3975 937 4045; x_wconf 78' lang='lat' dir='ltr'><strong>cujusmodi</strong></span> <span class='ocrx_word' id='word_1_578' title='bbox 974 3982 1134 4027; x_wconf 86' lang='lat' dir='ltr'><strong>antea</strong></span> <span class='ocrx_word' id='word_1_579' title='bbox 1166 3987 1436 4042; x_wconf 83' lang='lat' dir='ltr'><strong>nunquam</strong></span> <span class='ocrx_word' id='word_1_580' title='bbox 1470 3971 1666 4040; x_wconf 78' lang='lat' dir='ltr'><strong>fuit&quot;;</strong></span> <span class='ocrx_word' id='word_1_581' title='bbox 1698 3985 1878 4040; x_wconf 68' lang='lat' dir='ltr'><strong>Opera:</strong></span> <span class='ocrx_word' id='word_1_582' title='bbox 1929 3987 2051 4042; x_wconf 88' lang='lat' dir='ltr'><strong>pre-</strong></span> 
     </span>
    </p>
   </div>
   <div class='ocr_carea' id='block_1_79' title="bbox 483 4061 2054 4131">
    <p class='ocr_par' dir='ltr' id='par_1_79' title="bbox 483 4061 2054 4131">
     <span class='ocr_line' id='line_1_79' title="bbox 483 4061 2054 4131; baseline -0.001 -11"><span class='ocrx_word' id='word_1_583' title='bbox 483 4069 618 4121; x_wconf 87' lang='lat' dir='ltr'><strong>tium</strong></span> <span class='ocrx_word' id='word_1_584' title='bbox 654 4076 740 4122; x_wconf 89' lang='lat' dir='ltr'><strong>est</strong></span> <span class='ocrx_word' id='word_1_585' title='bbox 782 4066 972 4120; x_wconf 89' lang='lat' dir='ltr'><strong>audire</strong></span> <span class='ocrx_word' id='word_1_586' title='bbox 992 4064 1332 4128; x_wconf 86' lang='lat' dir='ltr'><strong>historicum,</strong></span> <span class='ocrx_word' id='word_1_587' title='bbox 1366 4064 1459 4131; x_wconf 91' lang='lat' dir='ltr'><strong>qui</strong></span> <span class='ocrx_word' id='word_1_588' title='bbox 1494 4077 1652 4117; x_wconf 86' lang='lat' dir='ltr'><strong>casus</strong></span> <span class='ocrx_word' id='word_1_589' title='bbox 1683 4062 1805 4117; x_wconf 91' lang='lat' dir='ltr'><strong>illos</strong></span> <span class='ocrx_word' id='word_1_590' title='bbox 1833 4063 1911 4118; x_wconf 90' lang='lat' dir='ltr'><strong>sic</strong></span> <span class='ocrx_word' id='word_1_591' title='bbox 1938 4061 2054 4118; x_wconf 84' lang='lat' dir='ltr'><strong>fere</strong></span> 
     </span>
    </p>
   </div>
   <div class='ocr_carea' id='block_1_80' title="bbox 482 4153 2052 4224">
    <p class='ocr_par' dir='ltr' id='par_1_80' title="bbox 482 4153 2052 4224">
     <span class='ocr_line' id='line_1_80' title="bbox 482 4153 2052 4224; baseline -0.002 -12"><span class='ocrx_word' id='word_1_592' title='bbox 482 4166 672 4212; x_wconf 86' lang='lat' dir='ltr'><strong>narrat</strong></span> <span class='ocrx_word' id='word_1_593' title='bbox 699 4174 713 4210; x_wconf 87' lang='lat'><strong>:</strong></span> <span class='ocrx_word' id='word_1_594' title='bbox 749 4175 768 4209; x_wconf 77' lang='grc' dir='ltr'><strong>ι</strong></span> <span class='ocrx_word' id='word_1_595' title='bbox 792 4154 859 4209; x_wconf 86' lang='grc' dir='ltr'>Ει</span> <span class='ocrx_word' id='word_1_596' title='bbox 889 4154 1204 4224; x_wconf 82' lang='lat' dir='ltr'><strong>singillatim</strong></span> <span class='ocrx_word' id='word_1_597' title='bbox 1233 4153 1451 4223; x_wconf 87' lang='lat' dir='ltr'><strong>quidem</strong></span> <span class='ocrx_word' id='word_1_598' title='bbox 1477 4154 1708 4208; x_wconf 88' lang='lat' dir='ltr'><strong>crimina</strong></span> <span class='ocrx_word' id='word_1_599' title='bbox 1733 4153 1935 4208; x_wconf 88' lang='lat' dir='ltr'><strong>civium</strong></span> <span class='ocrx_word' id='word_1_600' title='bbox 1965 4169 2052 4209; x_wconf 85' lang='lat' dir='ltr'><strong>re-</strong></span> 
     </span>
    </p>
   </div>
   <div class='ocr_carea' id='block_1_81' title="bbox 481 4243 2050 4315">
    <p class='ocr_par' dir='ltr' id='par_1_81' title="bbox 481 4243 2050 4315">
     <span class='ocr_line' id='line_1_81' title="bbox 481 4243 2050 4315; baseline -0.003 -13"><span class='ocrx_word' id='word_1_601' title='bbox 481 4247 692 4303; x_wconf 87' lang='lat' dir='ltr'><strong>censeri</strong></span> <span class='ocrx_word' id='word_1_602' title='bbox 724 4255 1025 4315; x_wconf 88' lang='lat' dir='ltr'><strong>nequeunt;</strong></span> <span class='ocrx_word' id='word_1_603' title='bbox 1058 4246 1367 4300; x_wconf 89' lang='lat' dir='ltr'><strong>summatim</strong></span> <span class='ocrx_word' id='word_1_604' title='bbox 1384 4257 1511 4299; x_wconf 91' lang='lat' dir='ltr'><strong>vero</strong></span> <span class='ocrx_word' id='word_1_605' title='bbox 1544 4245 1742 4310; x_wconf 89' lang='lat' dir='ltr'><strong>dicam,</strong></span> <span class='ocrx_word' id='word_1_606' title='bbox 1767 4257 1940 4314; x_wconf 91' lang='lat' dir='ltr'><strong>neque</strong></span> <span class='ocrx_word' id='word_1_607' title='bbox 1967 4243 2050 4299; x_wconf 88' lang='lat' dir='ltr'><strong>ul-</strong></span> 
     </span>
    </p>
   </div>
   <div class='ocr_carea' id='block_1_82' title="bbox 479 4336 2052 4408">
    <p class='ocr_par' dir='ltr' id='par_1_82' title="bbox 479 4336 2052 4408">
     <span class='ocr_line' id='line_1_82' title="bbox 479 4336 2052 4408; baseline -0.003 -14"><span class='ocrx_word' id='word_1_608' title='bbox 479 4337 588 4394; x_wconf 88' lang='lat' dir='ltr'><strong>lam</strong></span> <span class='ocrx_word' id='word_1_609' title='bbox 615 4337 804 4393; x_wconf 88' lang='lat' dir='ltr'><strong>urbem</strong></span> <span class='ocrx_word' id='word_1_610' title='bbox 831 4337 980 4408; x_wconf 90' lang='lat' dir='ltr'><strong>paria</strong></span> <span class='ocrx_word' id='word_1_611' title='bbox 1011 4336 1151 4390; x_wconf 85' lang='lat' dir='ltr'><strong>mala</strong></span> <span class='ocrx_word' id='word_1_612' title='bbox 1183 4350 1425 4407; x_wconf 88' lang='lat' dir='ltr'><strong>passam,</strong></span> <span class='ocrx_word' id='word_1_613' title='bbox 1457 4350 1630 4404; x_wconf 88' lang='lat' dir='ltr'><strong>neque</strong></span> <span class='ocrx_word' id='word_1_614' title='bbox 1670 4336 1799 4390; x_wconf 87' lang='lat' dir='ltr'><strong>item</strong></span> <span class='ocrx_word' id='word_1_615' title='bbox 1825 4351 2052 4406; x_wconf 85' lang='lat' dir='ltr'><strong>genera-</strong></span> 
     </span>
    </p>
   </div>
   <div class='ocr_carea' id='block_1_83' title="bbox 2157 3791 3732 3870">
    <p class='ocr_par' dir='ltr' id='par_1_83' title="bbox 2157 3791 3732 3870">
     <span class='ocr_line' id='line_1_83' title="bbox 2157 3791 3732 3870; baseline -0.006 -18"><span class='ocrx_word' id='word_1_616' title='bbox 2157 3816 2218 3852; x_wconf 86' lang='grc' dir='ltr'><strong>το</strong></span> <span class='ocrx_word' id='word_1_617' title='bbox 2244 3801 2364 3864; x_wconf 84' lang='grc' dir='ltr'>ταῖς</span> <span class='ocrx_word' id='word_1_618' title='bbox 2421 3800 2757 3870; x_wconf 77' lang='grc' dir='ltr'>προρρήσεσι</span> <span class='ocrx_word' id='word_1_619' title='bbox 2805 3797 2900 3851; x_wconf 83' lang='grc' dir='ltr'><strong>τοῦ</strong></span> <span class='ocrx_word' id='word_1_620' title='bbox 2949 3798 3202 3867; x_wconf 84' lang='grc' dir='ltr'>Σωτῆρος</span> <span class='ocrx_word' id='word_1_621' title='bbox 3265 3795 3603 3867; x_wconf 81' lang='grc' dir='ltr'>πρόσκειται,</span> <span class='ocrx_word' id='word_1_622' title='bbox 3654 3791 3732 3852; x_wconf 76' lang='grc' dir='ltr'><strong>τὸ,</strong></span> 
     </span>
    </p>
   </div>
   <div class='ocr_carea' id='block_1_84' title="bbox 2162 3879 3734 3959">
    <p class='ocr_par' dir='ltr' id='par_1_84' title="bbox 2162 3879 3734 3959">
     <span class='ocr_line' id='line_1_84' title="bbox 2162 3879 3734 3959; baseline -0.005 -19"><span class='ocrx_word' id='word_1_623' title='bbox 2162 3887 2367 3942; x_wconf 82' lang='grc' dir='ltr'>Ἔσται</span> <span class='ocrx_word' id='word_1_624' title='bbox 2402 3887 2634 3959; x_wconf 77' lang='grc' dir='ltr'>ἀνάγκη</span> <span class='ocrx_word' id='word_1_625' title='bbox 2666 3885 2900 3957; x_wconf 75' lang='grc' dir='ltr'>μεγάλη</span> <span class='ocrx_word' id='word_1_626' title='bbox 2937 3887 3034 3939; x_wconf 78' lang='grc' dir='ltr'><strong>ἐπὶ</strong></span> <span class='ocrx_word' id='word_1_627' title='bbox 3059 3886 3170 3954; x_wconf 86' lang='grc' dir='ltr'>τῆς</span> <span class='ocrx_word' id='word_1_628' title='bbox 3215 3885 3328 3956; x_wconf 71' lang='grc' dir='ltr'><strong>γῆς</strong></span> <span class='ocrx_word' id='word_1_629' title='bbox 3356 3884 3454 3937; x_wconf 78' lang='grc' dir='ltr'>καὶ</span> <span class='ocrx_word' id='word_1_630' title='bbox 3483 3882 3630 3951; x_wconf 77' lang='grc' dir='ltr'>ὀργὴ</span> <span class='ocrx_word' id='word_1_631' title='bbox 3659 3879 3734 3944; x_wconf 84' lang='grc' dir='ltr'>τῷ</span> 
     </span>
    </p>
   </div>
   <div class='ocr_carea' id='block_1_85' title="bbox 2157 3975 3736 4051">
    <p class='ocr_par' dir='ltr' id='par_1_85' title="bbox 2157 3975 3736 4051">
     <span class='ocr_line' id='line_1_85' title="bbox 2157 3975 3736 4051; baseline -0.004 -19"><span class='ocrx_word' id='word_1_632' title='bbox 2157 3978 2286 4044; x_wconf 79' lang='grc' dir='ltr'><strong>λαῷ</strong></span> <span class='ocrx_word' id='word_1_633' title='bbox 2314 3980 2501 4044; x_wconf 82' lang='grc' dir='ltr'>τούτῳ</span> <span class='ocrx_word' id='word_1_634' title='bbox 2524 3997 2538 4011; x_wconf 75' lang='grc' dir='ltr'><strong><em>ο</em></strong></span> <span class='ocrx_word' id='word_1_635' title='bbox 2566 3979 2600 4051; x_wconf 78' lang='grc' dir='ltr'><strong>ἢ</strong></span> <span class='ocrx_word' id='word_1_636' title='bbox 2634 3980 2774 4034; x_wconf 87' lang='grc' dir='ltr'><strong>κατά</strong></span> <span class='ocrx_word' id='word_1_637' title='bbox 2798 3980 2890 4032; x_wconf 86' lang='grc' dir='ltr'><strong>τὸν</strong></span> <span class='ocrx_word' id='word_1_638' title='bbox 2913 3977 3189 4032; x_wconf 89' lang='grc' dir='ltr'>Ματθαῖον</span> <span class='ocrx_word' id='word_1_639' title='bbox 3210 4019 3224 4043; x_wconf 86' lang='grc'><strong>,</strong></span> <span class='ocrx_word' id='word_1_640' title='bbox 3266 3976 3473 4044; x_wconf 72' lang='grc' dir='ltr'>θλίψις</span> <span class='ocrx_word' id='word_1_641' title='bbox 3509 3975 3606 4028; x_wconf 82' lang='lat' dir='ltr'><strong>oia</strong></span> <span class='ocrx_word' id='word_1_642' title='bbox 3641 3975 3736 4026; x_wconf 78' lang='grc' dir='ltr'><strong>οὐ-</strong></span> 
     </span>
    </p>
   </div>
   <div class='ocr_carea' id='block_1_86' title="bbox 2157 4064 3735 4141">
    <p class='ocr_par' dir='ltr' id='par_1_86' title="bbox 2157 4064 3735 4141">
     <span class='ocr_line' id='line_1_86' title="bbox 2157 4064 3735 4141; baseline -0.004 -18"><span class='ocrx_word' id='word_1_643' title='bbox 2157 4069 2370 4124; x_wconf 82' lang='grc' dir='ltr'>δέποτε</span> <span class='ocrx_word' id='word_1_644' title='bbox 2393 4069 2657 4141; x_wconf 73' lang='grc' dir='ltr'>γέγονεν’</span> <span class='ocrx_word' id='word_1_645' title='bbox 2680 4070 2982 4126; x_wconf 87' lang='grc' dir='ltr'>ἐπακοῦσαι</span> <span class='ocrx_word' id='word_1_646' title='bbox 3009 4069 3169 4122; x_wconf 81' lang='grc' dir='ltr'>καλὸν</span> <span class='ocrx_word' id='word_1_647' title='bbox 3199 4068 3294 4121; x_wconf 88' lang='grc' dir='ltr'><strong>τοῦ</strong></span> <span class='ocrx_word' id='word_1_648' title='bbox 3316 4064 3591 4138; x_wconf 72' lang='grc' dir='ltr'>ἱστορικοῦ</span> <span class='ocrx_word' id='word_1_649' title='bbox 3619 4064 3735 4117; x_wconf 78' lang='grc' dir='ltr'><strong>τοὺ-</strong></span> 
     </span>
    </p>
   </div>
   <div class='ocr_carea' id='block_1_87' title="bbox 2158 4154 3732 4233">
    <p class='ocr_par' dir='ltr' id='par_1_87' title="bbox 2158 4154 3732 4233">
     <span class='ocr_line' id='line_1_87' title="bbox 2158 4154 3732 4233; baseline -0.002 -17"><span class='ocrx_word' id='word_1_650' title='bbox 2158 4179 2264 4217; x_wconf 89' lang='grc' dir='ltr'><strong>των</strong></span> <span class='ocrx_word' id='word_1_651' title='bbox 2284 4163 2462 4216; x_wconf 81' lang='grc' dir='ltr'>αὐτῶν</span> <span class='ocrx_word' id='word_1_652' title='bbox 2492 4163 2560 4216; x_wconf 88' lang='grc' dir='ltr'><strong>τά</strong></span> <span class='ocrx_word' id='word_1_653' title='bbox 2592 4162 3002 4233; x_wconf 78' lang='grc' dir='ltr'>ἀποτελέσματα</span> <span class='ocrx_word' id='word_1_654' title='bbox 3025 4154 3128 4214; x_wconf 83' lang='grc' dir='ltr'>ὧδέ</span> <span class='ocrx_word' id='word_1_655' title='bbox 3144 4177 3220 4232; x_wconf 89' lang='grc' dir='ltr'><strong>πη</strong></span> <span class='ocrx_word' id='word_1_656' title='bbox 3239 4157 3579 4231; x_wconf 74' lang='grc' dir='ltr'>ἱστοροῦντος</span> <span class='ocrx_word' id='word_1_657' title='bbox 3600 4156 3732 4228; x_wconf 72' lang='grc' dir='ltr'><strong>(8ὑ)·</strong></span> 
     </span>
    </p>
   </div>
   <div class='ocr_carea' id='block_1_88' title="bbox 2163 4251 3736 4326">
    <p class='ocr_par' dir='ltr' id='par_1_88' title="bbox 2163 4251 3736 4326">
     <span class='ocr_line' id='line_1_88' title="bbox 2163 4251 3736 4326; baseline -0.002 -21"><span class='ocrx_word' id='word_1_658' title='bbox 2163 4272 2182 4305; x_wconf 70' lang='grc' dir='ltr'><strong>ι</strong></span> <span class='ocrx_word' id='word_1_659' title='bbox 2217 4254 2353 4308; x_wconf 84' lang='grc' dir='ltr'>Καθ’</span> <span class='ocrx_word' id='word_1_660' title='bbox 2371 4255 2602 4309; x_wconf 75' lang='grc' dir='ltr'>ἕκαστον</span> <span class='ocrx_word' id='word_1_661' title='bbox 2622 4255 2718 4326; x_wconf 78' lang='grc' dir='ltr'>μὲν</span> <span class='ocrx_word' id='word_1_662' title='bbox 2739 4251 2833 4309; x_wconf 85' lang='grc' dir='ltr'><strong>οὖν</strong></span> <span class='ocrx_word' id='word_1_663' title='bbox 2852 4253 3124 4320; x_wconf 74' lang='grc' dir='ltr'>ἐπεξιέναι</span> <span class='ocrx_word' id='word_1_664' title='bbox 3151 4253 3250 4323; x_wconf 78' lang='grc' dir='ltr'><strong>τὴν</strong></span> <span class='ocrx_word' id='word_1_665' title='bbox 3271 4251 3616 4324; x_wconf 86' lang='grc' dir='ltr'>παρανομίαν</span> <span class='ocrx_word' id='word_1_666' title='bbox 3639 4251 3736 4303; x_wconf 78' lang='grc' dir='ltr'>αῦ-</span> 
     </span>
    </p>
   </div>
   <div class='ocr_carea' id='block_1_89' title="bbox 2156 4341 3736 4414">
    <p class='ocr_par' dir='ltr' id='par_1_89' title="bbox 2156 4341 3736 4414">
     <span class='ocr_line' id='line_1_89' title="bbox 2156 4341 3736 4414; baseline -0.003 -16"><span class='ocrx_word' id='word_1_667' title='bbox 2156 4347 2265 4399; x_wconf 89' lang='grc' dir='ltr'><strong>τῶν</strong></span> <span class='ocrx_word' id='word_1_668' title='bbox 2289 4385 2304 4411; x_wconf 92' lang='grc'><strong>,</strong></span> <span class='ocrx_word' id='word_1_669' title='bbox 2357 4346 2648 4400; x_wconf 75' lang='grc' dir='ltr'>ἀδύνατονο</span> <span class='ocrx_word' id='word_1_670' title='bbox 2698 4345 2986 4399; x_wconf 88' lang='grc' dir='ltr'>συνελόντα</span> <span class='ocrx_word' id='word_1_671' title='bbox 3039 4345 3084 4400; x_wconf 84' lang='grc' dir='ltr'>δ’</span> <span class='ocrx_word' id='word_1_672' title='bbox 3114 4345 3320 4408; x_wconf 72' lang='grc' dir='ltr'>εἰπεῖν,</span> <span class='ocrx_word' id='word_1_673' title='bbox 3384 4343 3522 4414; x_wconf 82' lang='grc' dir='ltr'>μήτε</span> <span class='ocrx_word' id='word_1_674' title='bbox 3582 4341 3736 4396; x_wconf 80' lang='grc' dir='ltr'>πόλιν</span> 
     </span>
    </p>
   </div>
   <div class='ocr_carea' id='block_1_90' title="bbox 481 4425 2053 4505">
    <p class='ocr_par' dir='ltr' id='par_1_90' title="bbox 481 4425 2051 4486">
     <span class='ocr_line' id='line_1_90' title="bbox 481 4425 2051 4486; baseline -0.003 -2"><span class='ocrx_word' id='word_1_675' title='bbox 481 4429 683 4486; x_wconf 89' lang='lat' dir='ltr'><strong>tionem</strong></span> <span class='ocrx_word' id='word_1_676' title='bbox 710 4428 874 4483; x_wconf 91' lang='lat' dir='ltr'><strong>ullam</strong></span> <span class='ocrx_word' id='word_1_677' title='bbox 897 4429 966 4483; x_wconf 87' lang='lat' dir='ltr'><strong>ab</strong></span> <span class='ocrx_word' id='word_1_678' title='bbox 988 4429 1120 4482; x_wconf 89' lang='lat' dir='ltr'><strong>orbe</strong></span> <span class='ocrx_word' id='word_1_679' title='bbox 1141 4428 1361 4482; x_wconf 83' lang='lat' dir='ltr'><strong>condito</strong></span> <span class='ocrx_word' id='word_1_680' title='bbox 1385 4426 1650 4482; x_wconf 89' lang='lat' dir='ltr'><strong>scelerum</strong></span> <span class='ocrx_word' id='word_1_681' title='bbox 1679 4425 2051 4481; x_wconf 86' lang='lat' dir='ltr'><strong>l&#39;ecundiorem</strong></span> 
     </span>
    </p>
   </div>
   <div class='ocr_carea' id='block_1_91' title="bbox 2157 4425 3736 4505">
    <p class='ocr_par' dir='ltr' id='par_1_91' title="bbox 2157 4431 3736 4505">
     <span class='ocr_line' id='line_1_91' title="bbox 2157 4431 3736 4505; baseline -0.003 -19"><span class='ocrx_word' id='word_1_682' title='bbox 2157 4433 2323 4505; x_wconf 79' lang='grc' dir='ltr'>ἀλλην</span> <span class='ocrx_word' id='word_1_683' title='bbox 2349 4433 2572 4488; x_wconf 87' lang='grc' dir='ltr'>τοιαῦτα</span> <span class='ocrx_word' id='word_1_684' title='bbox 2620 4435 2974 4498; x_wconf 87' lang='grc' dir='ltr'>πεπονθέναι,</span> <span class='ocrx_word' id='word_1_685' title='bbox 3020 4435 3156 4504; x_wconf 81' lang='grc' dir='ltr'>μήτε</span> <span class='ocrx_word' id='word_1_686' title='bbox 3185 4431 3378 4500; x_wconf 88' lang='grc' dir='ltr'>γενεάν</span> <span class='ocrx_word' id='word_1_687' title='bbox 3433 4431 3494 4497; x_wconf 80' lang='grc' dir='ltr'><strong>ἐξ</strong></span> <span class='ocrx_word' id='word_1_688' title='bbox 3545 4431 3736 4494; x_wconf 75' lang='grc' dir='ltr'>αἰῶνος</span> 
     </span>
    </p>
   </div>
   <div class='ocr_carea' id='block_1_92' title="bbox 481 4517 2053 4596">
    <p class='ocr_par' dir='ltr' id='par_1_92' title="bbox 481 4517 2050 4589">
     <span class='ocr_line' id='line_1_92' title="bbox 481 4517 2050 4589; baseline -0.006 -12"><span class='ocrx_word' id='word_1_689' title='bbox 481 4521 779 4577; x_wconf 87' lang='lat' dir='ltr'><strong>exstitisse.</strong></span> <span class='ocrx_word' id='word_1_690' title='bbox 804 4520 871 4574; x_wconf 88' lang='lat' dir='ltr'><strong>Et</strong></span> <span class='ocrx_word' id='word_1_691' title='bbox 902 4520 1120 4589; x_wconf 88' lang='lat' dir='ltr'><strong>quidem</strong></span> <span class='ocrx_word' id='word_1_692' title='bbox 1148 4521 1334 4574; x_wconf 91' lang='lat' dir='ltr'><strong>urbem</strong></span> <span class='ocrx_word' id='word_1_693' title='bbox 1365 4519 1534 4575; x_wconf 63' lang='lat' dir='ltr'><strong>Judaei</strong></span> <span class='ocrx_word' id='word_1_694' title='bbox 1581 4518 1682 4589; x_wconf 93' lang='lat' dir='ltr'><strong>ipsi</strong></span> <span class='ocrx_word' id='word_1_695' title='bbox 1733 4517 2050 4586; x_wconf 87' lang='lat' dir='ltr'><strong>pessumde-</strong></span> 
     </span>
    </p>
   </div>
   <div class='ocr_carea' id='block_1_93' title="bbox 2157 4517 3738 4596">
    <p class='ocr_par' dir='ltr' id='par_1_93' title="bbox 2157 4523 3738 4596">
     <span class='ocr_line' id='line_1_93' title="bbox 2157 4523 3738 4596; baseline -0.002 -18"><span class='ocrx_word' id='word_1_696' title='bbox 2157 4525 2436 4594; x_wconf 88' lang='grc' dir='ltr'>γεγονέναι</span> <span class='ocrx_word' id='word_1_697' title='bbox 2494 4527 2693 4588; x_wconf 90' lang='grc' dir='ltr'>κακίας</span> <span class='ocrx_word' id='word_1_698' title='bbox 2723 4527 3114 4596; x_wconf 83' lang='grc' dir='ltr'>γονιμωτέραν.</span> <span class='ocrx_word' id='word_1_699' title='bbox 3148 4523 3258 4596; x_wconf 85' lang='grc' dir='ltr'><strong>Τὴν</strong></span> <span class='ocrx_word' id='word_1_700' title='bbox 3290 4523 3388 4594; x_wconf 82' lang='grc' dir='ltr'><strong>μὲν</strong></span> <span class='ocrx_word' id='word_1_701' title='bbox 3444 4523 3601 4576; x_wconf 80' lang='grc' dir='ltr'>πόλιν</span> <span class='ocrx_word' id='word_1_702' title='bbox 3658 4525 3738 4576; x_wconf 81' lang='grc' dir='ltr'>ἀν-</span> 
     </span>
    </p>
   </div>
   <div class='ocr_carea' id='block_1_94' title="bbox 485 4609 2053 4686">
    <p class='ocr_par' dir='ltr' id='par_1_94' title="bbox 485 4609 2052 4681">
     <span class='ocr_line' id='line_1_94' title="bbox 485 4609 2052 4681; baseline -0.007 -12"><span class='ocrx_word' id='word_1_703' title='bbox 485 4615 704 4678; x_wconf 75' lang='lat' dir='ltr'><strong>derunt‘,</strong></span> <span class='ocrx_word' id='word_1_704' title='bbox 752 4611 1135 4681; x_wconf 80' lang='lat' dir='ltr'><strong>Romanosque</strong></span> <span class='ocrx_word' id='word_1_705' title='bbox 1175 4612 1373 4667; x_wconf 83' lang='lat' dir='ltr'><strong>invitos</strong></span> <span class='ocrx_word' id='word_1_706' title='bbox 1420 4613 1596 4666; x_wconf 90' lang='lat' dir='ltr'><strong>diram</strong></span> <span class='ocrx_word' id='word_1_707' title='bbox 1640 4609 1922 4664; x_wconf 85' lang='lat' dir='ltr'><strong>victoriam</strong></span> <span class='ocrx_word' id='word_1_708' title='bbox 1956 4623 2052 4675; x_wconf 89' lang='lat' dir='ltr'><strong>pa-</strong></span> 
     </span>
    </p>
   </div>
   <div class='ocr_carea' id='block_1_95' title="bbox 2157 4609 3736 4686">
    <p class='ocr_par' dir='ltr' id='par_1_95' title="bbox 2158 4613 3736 4686">
     <span class='ocr_line' id='line_1_95' title="bbox 2158 4613 3736 4686; baseline -0.002 -20"><span class='ocrx_word' id='word_1_709' title='bbox 2158 4614 2390 4685; x_wconf 70' lang='grc' dir='ltr'>έτρεψαν</span> <span class='ocrx_word' id='word_1_710' title='bbox 2423 4615 2575 4668; x_wconf 73' lang='grc' dir='ltr'>αὐτοὶ</span> <span class='ocrx_word' id='word_1_711' title='bbox 2603 4656 2618 4681; x_wconf 89' lang='grc'><strong>,</strong></span> <span class='ocrx_word' id='word_1_712' title='bbox 2675 4615 2975 4686; x_wconf 83' lang='grc' dir='ltr'>Ῥωμαίους</span> <span class='ocrx_word' id='word_1_713' title='bbox 3033 4615 3091 4668; x_wconf 80' lang='grc' dir='ltr'>δὲ</span> <span class='ocrx_word' id='word_1_714' title='bbox 3137 4615 3368 4676; x_wconf 82' lang='grc' dir='ltr'>ἄκοντας</span> <span class='ocrx_word' id='word_1_715' title='bbox 3420 4613 3736 4682; x_wconf 68' lang='grc' dir='ltr'>ἠνάγκασαν</span> 
     </span>
    </p>
   </div>
   <div class='ocr_carea' id='block_1_96' title="bbox 487 4702 2053 4776">
    <p class='ocr_par' dir='ltr' id='par_1_96' title="bbox 487 4702 2053 4775">
     <span class='ocr_line' id='line_1_96' title="bbox 487 4702 2053 4775; baseline -0.004 -17"><span class='ocrx_word' id='word_1_716' title='bbox 487 4716 634 4760; x_wconf 84' lang='lat' dir='ltr'><strong>trare</strong></span> <span class='ocrx_word' id='word_1_717' title='bbox 659 4712 976 4775; x_wconf 85' lang='lat' dir='ltr'><strong>coegerunt,</strong></span> <span class='ocrx_word' id='word_1_718' title='bbox 1024 4714 1186 4773; x_wconf 89' lang='lat' dir='ltr'><strong>atque</strong></span> <span class='ocrx_word' id='word_1_719' title='bbox 1216 4704 1392 4774; x_wconf 83' lang='lat' dir='ltr'><strong>ignem</strong></span> <span class='ocrx_word' id='word_1_720' title='bbox 1417 4702 1806 4773; x_wconf 89' lang='lat' dir='ltr'><strong>propemodum</strong></span> <span class='ocrx_word' id='word_1_721' title='bbox 1838 4715 2053 4754; x_wconf 85' lang='lat' dir='ltr'><strong>moran-</strong></span> 
     </span>
    </p>
   </div>
   <div class='ocr_carea' id='block_1_97' title="bbox 2157 4702 3739 4776">
    <p class='ocr_par' dir='ltr' id='par_1_97' title="bbox 2158 4702 3739 4776">
     <span class='ocr_line' id='line_1_97' title="bbox 2158 4702 3739 4776; baseline -0.001 -21"><span class='ocrx_word' id='word_1_722' title='bbox 2158 4705 2524 4775; x_wconf 79' lang='grc' dir='ltr'>ἐπιγραφῆναι</span> <span class='ocrx_word' id='word_1_723' title='bbox 2558 4703 2864 4776; x_wconf 86' lang='grc' dir='ltr'>σκυθρωπῴ</span> <span class='ocrx_word' id='word_1_724' title='bbox 2891 4703 3305 4774; x_wconf 76' lang='grc' dir='ltr'>κατορθώματιο</span> <span class='ocrx_word' id='word_1_725' title='bbox 3327 4702 3423 4756; x_wconf 77' lang='lat' dir='ltr'><strong>xa‘t</strong></span> <span class='ocrx_word' id='word_1_726' title='bbox 3451 4704 3612 4773; x_wconf 86' lang='grc' dir='ltr'>μόνον</span> <span class='ocrx_word' id='word_1_727' title='bbox 3644 4703 3739 4772; x_wconf 71' lang='grc' dir='ltr'><strong>οὐχ</strong></span> 
     </span>
    </p>
   </div>
   <div class='ocr_carea' id='block_1_98' title="bbox 482 4791 2053 4867">
    <p class='ocr_par' dir='ltr' id='par_1_98' title="bbox 482 4791 2051 4864">
     <span class='ocr_line' id='line_1_98' title="bbox 482 4791 2051 4864; baseline -0.001 -15"><span class='ocrx_word' id='word_1_728' title='bbox 482 4805 590 4849; x_wconf 72' lang='lat' dir='ltr'><strong>tem</strong></span> <span class='ocrx_word' id='word_1_729' title='bbox 643 4797 710 4849; x_wconf 89' lang='lat' dir='ltr'><strong>ad</strong></span> <span class='ocrx_word' id='word_1_730' title='bbox 767 4795 1026 4864; x_wconf 90' lang='lat' dir='ltr'><strong>templum</strong></span> <span class='ocrx_word' id='word_1_731' title='bbox 1067 4803 1468 4864; x_wconf 81' lang='lat' dir='ltr'><strong>pertraxerunt.</strong></span> <span class='ocrx_word' id='word_1_732' title='bbox 1519 4793 1685 4848; x_wconf 78' lang='lat' dir='ltr'><strong>Certe</strong></span> <span class='ocrx_word' id='word_1_733' title='bbox 1735 4791 1790 4846; x_wconf 90' lang='lat' dir='ltr'><strong>id</strong></span> <span class='ocrx_word' id='word_1_734' title='bbox 1841 4795 1970 4846; x_wconf 90' lang='lat' dir='ltr'><strong>dum</strong></span> <span class='ocrx_word' id='word_1_735' title='bbox 2019 4805 2051 4847; x_wconf 86' lang='lat' dir='ltr'><strong>e</strong></span> 
     </span>
    </p>
   </div>
   <div class='ocr_carea' id='block_1_99' title="bbox 2157 4791 3738 4867">
    <p class='ocr_par' dir='ltr' id='par_1_99' title="bbox 2157 4793 3738 4867">
     <span class='ocr_line' id='line_1_99' title="bbox 2157 4793 3738 4867; baseline -0.003 -20"><span class='ocrx_word' id='word_1_736' title='bbox 2157 4795 2402 4849; x_wconf 78' lang='grc' dir='ltr'>εἵλκυσαν</span> <span class='ocrx_word' id='word_1_737' title='bbox 2470 4795 2732 4867; x_wconf 83' lang='grc' dir='ltr'>βραδῦνον</span> <span class='ocrx_word' id='word_1_738' title='bbox 2792 4797 2884 4848; x_wconf 80' lang='grc' dir='ltr'><strong>ἐπὶ</strong></span> <span class='ocrx_word' id='word_1_739' title='bbox 2916 4795 3008 4849; x_wconf 75' lang='grc' dir='ltr'><strong>τὸν</strong></span> <span class='ocrx_word' id='word_1_740' title='bbox 3079 4795 3205 4848; x_wconf 83' lang='grc' dir='ltr'>ναὸν</span> <span class='ocrx_word' id='word_1_741' title='bbox 3239 4794 3302 4848; x_wconf 81' lang='grc' dir='ltr'>τὸ</span> <span class='ocrx_word' id='word_1_742' title='bbox 3349 4793 3495 4864; x_wconf 86' lang='grc' dir='ltr'>πῦρ·</span> <span class='ocrx_word' id='word_1_743' title='bbox 3549 4794 3738 4866; x_wconf 77' lang='grc' dir='ltr'>ἀμέλει</span> 
     </span>
    </p>
   </div>
   <div class='ocr_carea' id='block_1_100' title="bbox 481 4885 2053 4960">
    <p class='ocr_par' dir='ltr' id='par_1_100' title="bbox 481 4885 2052 4958">
     <span class='ocr_line' id='line_1_100' title="bbox 481 4885 2052 4958; baseline -0.003 -18"><span class='ocrx_word' id='word_1_744' title='bbox 481 4889 761 4958; x_wconf 81' lang='lat' dir='ltr'><strong>superiore</strong></span> <span class='ocrx_word' id='word_1_745' title='bbox 794 4889 927 4942; x_wconf 88' lang='lat' dir='ltr'><strong>urbe</strong></span> <span class='ocrx_word' id='word_1_746' title='bbox 959 4887 1348 4940; x_wconf 81' lang='lat' dir='ltr'><strong>inﬂammatum</strong></span> <span class='ocrx_word' id='word_1_747' title='bbox 1391 4894 1705 4950; x_wconf 84' lang='lat' dir='ltr'><strong>cernerent,</strong></span> <span class='ocrx_word' id='word_1_748' title='bbox 1745 4897 1923 4952; x_wconf 89' lang='lat' dir='ltr'><strong>neque</strong></span> <span class='ocrx_word' id='word_1_749' title='bbox 1955 4885 2052 4935; x_wconf 81' lang='lat' dir='ltr'><strong>do-</strong></span> 
     </span>
    </p>
   </div>
   <div class='ocr_carea' id='block_1_101' title="bbox 2157 4885 3738 4960">
    <p class='ocr_par' dir='ltr' id='par_1_101' title="bbox 2157 4885 3738 4960">
     <span class='ocr_line' id='line_1_101' title="bbox 2157 4885 3738 4960; baseline -0.001 -21"><span class='ocrx_word' id='word_1_750' title='bbox 2157 4886 2436 4958; x_wconf 71' lang='grc' dir='ltr'>καιόμενον</span> <span class='ocrx_word' id='word_1_751' title='bbox 2470 4889 2534 4940; x_wconf 86' lang='grc' dir='ltr'><strong>ἐκ</strong></span> <span class='ocrx_word' id='word_1_752' title='bbox 2562 4889 2660 4958; x_wconf 84' lang='grc' dir='ltr'>τῆς</span> <span class='ocrx_word' id='word_1_753' title='bbox 2684 4887 2798 4942; x_wconf 84' lang='grc' dir='ltr'><strong>ἀνω</strong></span> <span class='ocrx_word' id='word_1_754' title='bbox 2827 4887 3034 4951; x_wconf 84' lang='grc' dir='ltr'>πόλεως</span> <span class='ocrx_word' id='word_1_755' title='bbox 3056 4886 3388 4960; x_wconf 84' lang='grc' dir='ltr'>ἀφορῶντες,</span> <span class='ocrx_word' id='word_1_756' title='bbox 3413 4885 3542 4940; x_wconf 76' lang='grc' dir='ltr'>οὔτε</span> <span class='ocrx_word' id='word_1_757' title='bbox 3565 4887 3738 4958; x_wconf 73' lang='grc' dir='ltr'>ἤλγη-</span> 
     </span>
    </p>
   </div>
   <div class='ocr_carea' id='block_1_102' title="bbox 479 4973 2053 5050">
    <p class='ocr_par' dir='ltr' id='par_1_102' title="bbox 479 4973 2051 5050">
     <span class='ocr_line' id='line_1_102' title="bbox 479 4973 2051 5050; baseline -0.003 -18"><span class='ocrx_word' id='word_1_758' title='bbox 479 4978 699 5036; x_wconf 80' lang='lat' dir='ltr'><strong>luerunt</strong></span> <span class='ocrx_word' id='word_1_759' title='bbox 734 4993 909 5048; x_wconf 86' lang='lat' dir='ltr'><strong>neque</strong></span> <span class='ocrx_word' id='word_1_760' title='bbox 950 4977 1210 5050; x_wconf 82' lang='lat' dir='ltr'><strong>lacrymis</strong></span> <span class='ocrx_word' id='word_1_761' title='bbox 1247 4977 1453 5047; x_wconf 81' lang='lat' dir='ltr'><strong>dignati</strong></span> <span class='ocrx_word' id='word_1_762' title='bbox 1502 4985 1649 5030; x_wconf 91' lang='lat' dir='ltr'><strong>sunt.</strong></span> <span class='ocrx_word' id='word_1_763' title='bbox 1674 4995 1694 5027; x_wconf 72' lang='grc' dir='ltr'><strong>ι</strong></span> <span class='ocrx_word' id='word_1_764' title='bbox 1728 4975 1906 5044; x_wconf 79' lang='lat' dir='ltr'><strong>Atque</strong></span> <span class='ocrx_word' id='word_1_765' title='bbox 1936 4973 2051 5028; x_wconf 74' lang='lat' dir='ltr'><strong>lucc</strong></span> 
     </span>
    </p>
   </div>
   <div class='ocr_carea' id='block_1_103' title="bbox 2157 4973 3738 5050">
    <p class='ocr_par' dir='ltr' id='par_1_103' title="bbox 2157 4977 3738 5050">
     <span class='ocr_line' id='line_1_103' title="bbox 2157 4977 3738 5050; baseline 0.001 -19"><span class='ocrx_word' id='word_1_766' title='bbox 2157 4995 2246 5031; x_wconf 73' lang='grc' dir='ltr'><strong>σαν</strong></span> <span class='ocrx_word' id='word_1_767' title='bbox 2268 5017 2282 5042; x_wconf 91' lang='grc'><strong>,</strong></span> <span class='ocrx_word' id='word_1_768' title='bbox 2323 4977 2444 5030; x_wconf 73' lang='grc' dir='ltr'>οὔτε</span> <span class='ocrx_word' id='word_1_769' title='bbox 2480 4978 2804 5050; x_wconf 88' lang='grc' dir='ltr'>ἐδάκρυσαν.</span> <span class='ocrx_word' id='word_1_770' title='bbox 2845 4999 2863 5031; x_wconf 75' lang='grc' dir='ltr'><strong>ι</strong></span> <span class='ocrx_word' id='word_1_771' title='bbox 2898 4979 3083 5033; x_wconf 84' lang='grc' dir='ltr'>Ταῦτα</span> <span class='ocrx_word' id='word_1_772' title='bbox 3127 4978 3218 5033; x_wconf 86' lang='grc' dir='ltr'>διὰ</span> <span class='ocrx_word' id='word_1_773' title='bbox 3261 4977 3345 5043; x_wconf 84' lang='grc' dir='ltr'><strong>τὸ,</strong></span> <span class='ocrx_word' id='word_1_774' title='bbox 3377 4978 3590 5032; x_wconf 84' lang='grc' dir='ltr'>Ἔσται</span> <span class='ocrx_word' id='word_1_775' title='bbox 3628 4979 3738 5047; x_wconf 73' lang='grc' dir='ltr'>γὰρ</span> 
     </span>
    </p>
   </div>
   <div class='ocr_carea' id='block_1_104' title="bbox 482 5061 2053 5142">
    <p class='ocr_par' dir='ltr' id='par_1_104' title="bbox 482 5061 2048 5138">
     <span class='ocr_line' id='line_1_104' title="bbox 482 5061 2048 5138; baseline -0.007 -14"><span class='ocrx_word' id='word_1_776' title='bbox 482 5071 795 5124; x_wconf 86' lang='lat' dir='ltr'><strong>acciderunt</strong></span> <span class='ocrx_word' id='word_1_777' title='bbox 824 5080 1044 5138; x_wconf 87' lang='lat' dir='ltr'><strong>propter</strong></span> <span class='ocrx_word' id='word_1_778' title='bbox 1074 5067 1163 5122; x_wconf 89' lang='lat' dir='ltr'><strong>illa</strong></span> <span class='ocrx_word' id='word_1_779' title='bbox 1196 5069 1380 5131; x_wconf 87' lang='lat' dir='ltr'><strong>verba,</strong></span> <span class='ocrx_word' id='word_1_780' title='bbox 1420 5065 1538 5119; x_wconf 85' lang='lat' dir='ltr'><strong>Erit</strong></span> <span class='ocrx_word' id='word_1_781' title='bbox 1587 5065 1724 5118; x_wconf 84' lang='lat' dir='ltr'><strong>enim</strong></span> <span class='ocrx_word' id='word_1_782' title='bbox 1773 5061 2048 5115; x_wconf 82' lang='lat' dir='ltr'><strong>tribulatio</strong></span> 
     </span>
    </p>
   </div>
   <div class='ocr_carea' id='block_1_105' title="bbox 2157 5061 3737 5142">
    <p class='ocr_par' dir='ltr' id='par_1_105' title="bbox 2157 5067 3737 5142">
     <span class='ocr_line' id='line_1_105' title="bbox 2157 5067 3737 5142; baseline -0.006 -12"><span class='ocrx_word' id='word_1_783' title='bbox 2157 5071 2353 5138; x_wconf 69' lang='grc' dir='ltr'>θλίψις</span> <span class='ocrx_word' id='word_1_784' title='bbox 2374 5070 2606 5140; x_wconf 70' lang='grc' dir='ltr'>μεγάλη</span> <span class='ocrx_word' id='word_1_785' title='bbox 2632 5087 2646 5102; x_wconf 89' lang='grc'><strong>·</strong></span> <span class='ocrx_word' id='word_1_786' title='bbox 2706 5071 2736 5124; x_wconf 81' lang='grc' dir='ltr'><strong>ὃ</strong></span> <span class='ocrx_word' id='word_1_787' title='bbox 2792 5071 2857 5142; x_wconf 84' lang='grc' dir='ltr'>δὴ</span> <span class='ocrx_word' id='word_1_788' title='bbox 2885 5071 2981 5125; x_wconf 77' lang='grc' dir='ltr'>καὶ</span> <span class='ocrx_word' id='word_1_789' title='bbox 3011 5069 3326 5142; x_wconf 78' lang='grc' dir='ltr'>προρρηθὲν</span> <span class='ocrx_word' id='word_1_790' title='bbox 3357 5069 3467 5124; x_wconf 77' lang='grc' dir='ltr'><strong>ὑπὸ</strong></span> <span class='ocrx_word' id='word_1_791' title='bbox 3495 5067 3590 5123; x_wconf 89' lang='grc' dir='ltr'><strong>τοῦ</strong></span> <span class='ocrx_word' id='word_1_792' title='bbox 3626 5071 3737 5122; x_wconf 78' lang='grc' dir='ltr'><strong>Σω-</strong></span> 
     </span>
    </p>
   </div>
   <div class='ocr_carea' id='block_1_106' title="bbox 479 5159 2053 5234">
    <p class='ocr_par' dir='ltr' id='par_1_106' title="bbox 479 5159 2048 5231">
     <span class='ocr_line' id='line_1_106' title="bbox 479 5159 2048 5231; baseline -0.005 -18"><span class='ocrx_word' id='word_1_793' title='bbox 479 5178 670 5231; x_wconf 85' lang='lat' dir='ltr'><strong>mugna</strong></span> <span class='ocrx_word' id='word_1_794' title='bbox 695 5175 714 5212; x_wconf 90' lang='lat'><em>:</em></span> <span class='ocrx_word' id='word_1_795' title='bbox 740 5163 792 5215; x_wconf 89' lang='lat' dir='ltr'><strong>id</strong></span> <span class='ocrx_word' id='word_1_796' title='bbox 841 5161 984 5230; x_wconf 87' lang='lat' dir='ltr'><strong>quod</strong></span> <span class='ocrx_word' id='word_1_797' title='bbox 1031 5176 1060 5214; x_wconf 93' lang='lat' dir='ltr'><strong>a</strong></span> <span class='ocrx_word' id='word_1_798' title='bbox 1099 5159 1390 5214; x_wconf 89' lang='lat' dir='ltr'><strong>Servatore</strong></span> <span class='ocrx_word' id='word_1_799' title='bbox 1420 5159 1759 5224; x_wconf 64' lang='lat' dir='ltr'><strong>praadietum,</strong></span> <span class='ocrx_word' id='word_1_800' title='bbox 1798 5164 1919 5223; x_wconf 88' lang='lat' dir='ltr'><strong>post</strong></span> <span class='ocrx_word' id='word_1_801' title='bbox 1950 5169 2048 5205; x_wconf 89' lang='lat' dir='ltr'><strong>an-</strong></span> 
     </span>
    </p>
   </div>
   <div class='ocr_carea' id='block_1_107' title="bbox 2157 5159 3735 5234">
    <p class='ocr_par' dir='ltr' id='par_1_107' title="bbox 2157 5161 3735 5234">
     <span class='ocr_line' id='line_1_107' title="bbox 2157 5161 3735 5234; baseline -0.001 -20"><span class='ocrx_word' id='word_1_802' title='bbox 2157 5161 2335 5232; x_wconf 84' lang='grc' dir='ltr'>τῆρος,</span> <span class='ocrx_word' id='word_1_803' title='bbox 2368 5163 2785 5234; x_wconf 82' lang='grc' dir='ltr'>μεμαρτύρηται</span> <span class='ocrx_word' id='word_1_804' title='bbox 2819 5165 2923 5217; x_wconf 79' lang='grc' dir='ltr'>ὑπὸ</span> <span class='ocrx_word' id='word_1_805' title='bbox 2970 5163 3065 5216; x_wconf 89' lang='grc' dir='ltr'><strong>τοῦ</strong></span> <span class='ocrx_word' id='word_1_806' title='bbox 3100 5162 3460 5234; x_wconf 87' lang='grc' dir='ltr'>συγγραφέως</span> <span class='ocrx_word' id='word_1_807' title='bbox 3488 5163 3606 5232; x_wconf 80' lang='grc' dir='ltr'>μεθ’</span> <span class='ocrx_word' id='word_1_808' title='bbox 3639 5163 3735 5214; x_wconf 76' lang='grc' dir='ltr'><strong>ὅλα</strong></span> 
     </span>
    </p>
   </div>
   <div class='ocr_carea' id='block_1_108' title="bbox 481 5248 2053 5324">
    <p class='ocr_par' dir='ltr' id='par_1_108' title="bbox 481 5248 2047 5323">
     <span class='ocr_line' id='line_1_108' title="bbox 481 5248 2047 5323; baseline -0.004 -19"><span class='ocrx_word' id='word_1_809' title='bbox 481 5269 608 5305; x_wconf 89' lang='lat' dir='ltr'><strong>num</strong></span> <span class='ocrx_word' id='word_1_810' title='bbox 630 5255 861 5322; x_wconf 89' lang='lat' dir='ltr'><strong>denique</strong></span> <span class='ocrx_word' id='word_1_811' title='bbox 883 5252 1375 5323; x_wconf 82' lang='lat' dir='ltr'><strong>quadragesimum,</strong></span> <span class='ocrx_word' id='word_1_812' title='bbox 1399 5249 1730 5320; x_wconf 68' lang='lat' dir='ltr'><strong>Vespasianum</strong></span> <span class='ocrx_word' id='word_1_813' title='bbox 1747 5248 2047 5301; x_wconf 78' lang='lat' dir='ltr'><strong>Romanum</strong></span> 
     </span>
    </p>
   </div>
   <div class='ocr_carea' id='block_1_109' title="bbox 2157 5248 3735 5324">
    <p class='ocr_par' dir='ltr' id='par_1_109' title="bbox 2157 5251 3735 5324">
     <span class='ocr_line' id='line_1_109' title="bbox 2157 5251 3735 5324; baseline 0.001 -21"><span class='ocrx_word' id='word_1_814' title='bbox 2157 5251 2247 5321; x_wconf 75' lang='grc' dir='ltr'>ἔτη</span> <span class='ocrx_word' id='word_1_815' title='bbox 2296 5255 2736 5324; x_wconf 79' lang='grc' dir='ltr'>τεσσαράκοντα,</span> <span class='ocrx_word' id='word_1_816' title='bbox 2805 5257 2942 5308; x_wconf 83' lang='grc' dir='ltr'><strong>κατὰ</strong></span> <span class='ocrx_word' id='word_1_817' title='bbox 3000 5254 3096 5323; x_wconf 77' lang='grc' dir='ltr'><strong>τὴν</strong></span> <span class='ocrx_word' id='word_1_818' title='bbox 3153 5253 3564 5306; x_wconf 74' lang='grc' dir='ltr'>Οὐεσπασιανοῦ</span> <span class='ocrx_word' id='word_1_819' title='bbox 3603 5254 3735 5306; x_wconf 78' lang='grc' dir='ltr'><strong>Ῥωο</strong></span> 
     </span>
    </p>
   </div>
   <div class='ocr_carea' id='block_1_110' title="bbox 481 5335 2053 5418">
    <p class='ocr_par' dir='ltr' id='par_1_110' title="bbox 481 5335 2048 5413">
     <span class='ocr_line' id='line_1_110' title="bbox 481 5335 2048 5413; baseline -0.004 -17"><span class='ocrx_word' id='word_1_820' title='bbox 481 5345 767 5413; x_wconf 86' lang='lat' dir='ltr'><strong>imperium</strong></span> <span class='ocrx_word' id='word_1_821' title='bbox 810 5354 1052 5410; x_wconf 85' lang='lat' dir='ltr'><strong>tenente,</strong></span> <span class='ocrx_word' id='word_1_822' title='bbox 1101 5352 1238 5398; x_wconf 90' lang='lat' dir='ltr'><strong>teste</strong></span> <span class='ocrx_word' id='word_1_823' title='bbox 1284 5340 1568 5408; x_wconf 89' lang='lat' dir='ltr'><strong>historico,</strong></span> <span class='ocrx_word' id='word_1_824' title='bbox 1623 5351 1814 5408; x_wconf 88' lang='lat' dir='ltr'><strong>reapse</strong></span> <span class='ocrx_word' id='word_1_825' title='bbox 1864 5335 2048 5391; x_wconf 82' lang='lat' dir='ltr'><strong>conl‘e—</strong></span> 
     </span>
    </p>
   </div>
   <div class='ocr_carea' id='block_1_111' title="bbox 2157 5335 3274 5418">
    <p class='ocr_par' dir='ltr' id='par_1_111' title="bbox 2157 5343 3274 5418">
     <span class='ocr_line' id='line_1_111' title="bbox 2157 5343 3274 5418; baseline 0.004 -24"><span class='ocrx_word' id='word_1_826' title='bbox 2157 5343 2330 5412; x_wconf 87' lang='grc' dir='ltr'>μαίων</span> <span class='ocrx_word' id='word_1_827' title='bbox 2360 5345 2786 5417; x_wconf 78' lang='grc' dir='ltr'>αὑτοκρατορίαν</span> <span class='ocrx_word' id='word_1_828' title='bbox 2820 5345 3108 5418; x_wconf 87' lang='grc' dir='ltr'>πληρωθέν</span> <span class='ocrx_word' id='word_1_829' title='bbox 3139 5344 3274 5416; x_wconf 74' lang='grc'><strong>(81).</strong></span> 
     </span>
    </p>
   </div>
   <div class='ocr_carea' id='block_1_112' title="bbox 479 5435 3009 5490">
    <p class='ocr_par' dir='ltr' id='par_1_112' title="bbox 479 5435 3009 5490">
     <span class='ocr_line' id='line_1_112' title="bbox 479 5435 3009 5490; baseline 0.011 -4"><span class='ocrx_word' id='word_1_830' title='bbox 479 5445 625 5488; x_wconf 72' lang='grc' dir='ltr'>ειιιιιι</span> <span class='ocrx_word' id='word_1_831' title='bbox 655 5448 756 5490; x_wconf 87' lang='lat' dir='ltr'><strong>est.</strong></span> <span class='ocrx_word' id='word_1_832' title='bbox 3005 5435 3009 5441; x_wconf 38' lang='grc' dir='ltr'><strong>Ι</strong></span> 
     </span>
    </p>
   </div>
   <div class='ocr_carea' id='block_1_113' title="bbox 550 5526 1102 5595">
    <p class='ocr_par' dir='ltr' id='par_1_113' title="bbox 550 5526 1102 5595">
     <span class='ocr_line' id='line_1_113' title="bbox 550 5526 1102 5595; baseline 0.007 -17"><span class='ocrx_word' id='word_1_833' title='bbox 550 5526 595 5556; x_wconf 86' lang='grc'><strong>¹⁶</strong></span> <span class='ocrx_word' id='word_1_834' title='bbox 629 5526 813 5582; x_wconf 78' lang='lat' dir='ltr'><strong>Matth.</strong></span> <span class='ocrx_word' id='word_1_835' title='bbox 853 5528 1102 5595; x_wconf 55' lang='lat' dir='ltr'><strong>xxwﬁi.</strong></span> 
     </span>
    </p>
   </div>
   <div class='ocr_carea' id='block_1_114' title="bbox 549 5615 1564 5688">
    <p class='ocr_par' dir='ltr' id='par_1_114' title="bbox 549 5615 1564 5688">
     <span class='ocr_line' id='line_1_114' title="bbox 549 5615 1564 5688; baseline -0.003 -18"><span class='ocrx_word' id='word_1_836' title='bbox 549 5619 662 5686; x_wconf 81' lang='lat'><strong>(79)</strong></span> <span class='ocrx_word' id='word_1_837' title='bbox 699 5619 832 5688; x_wconf 80' lang='lat' dir='ltr'><strong>Cod.</strong></span> <span class='ocrx_word' id='word_1_838' title='bbox 865 5623 927 5673; x_wconf 78' lang='grc' dir='ltr'><strong>Α.</strong></span> <span class='ocrx_word' id='word_1_839' title='bbox 967 5621 1002 5672; x_wconf 80' lang='lat' dir='ltr'><strong>f.</strong></span> <span class='ocrx_word' id='word_1_840' title='bbox 1034 5617 1318 5688; x_wconf 20' lang='lat' dir='ltr'><strong>‘270.ASyr.</strong></span> <span class='ocrx_word' id='word_1_841' title='bbox 1354 5615 1442 5678; x_wconf 76' lang='lat' dir='ltr'><strong>IV,</strong></span> <span class='ocrx_word' id='word_1_842' title='bbox 1471 5617 1564 5688; x_wconf 74' lang='lat'><strong>22.</strong></span> 
     </span>
    </p>
   </div>
   <div class='ocr_carea' id='block_1_115' title="bbox 549 5686 1619 5759">
    <p class='ocr_par' dir='ltr' id='par_1_115' title="bbox 549 5686 1619 5759">
     <span class='ocr_line' id='line_1_115' title="bbox 549 5686 1619 5759; baseline -0.004 -17"><span class='ocrx_word' id='word_1_843' title='bbox 549 5688 661 5756; x_wconf 83' lang='lat'><strong>(80)</strong></span> <span class='ocrx_word' id='word_1_844' title='bbox 699 5687 963 5759; x_wconf 69' lang='lat' dir='ltr'><strong>Iosephus</strong></span> <span class='ocrx_word' id='word_1_845' title='bbox 989 5689 1124 5744; x_wconf 76' lang='lat' dir='ltr'><strong>Bell.</strong></span> <span class='ocrx_word' id='word_1_846' title='bbox 1149 5686 1278 5742; x_wconf 68' lang='lat' dir='ltr'><strong>Jun.</strong></span> <span class='ocrx_word' id='word_1_847' title='bbox 1307 5691 1393 5742; x_wconf 86' lang='lat' dir='ltr'><strong>lib.</strong></span> <span class='ocrx_word' id='word_1_848' title='bbox 1426 5703 1498 5750; x_wconf 71' lang='grc' dir='ltr'><strong>γι,</strong></span> <span class='ocrx_word' id='word_1_849' title='bbox 1532 5687 1619 5739; x_wconf 79' lang='lat' dir='ltr'><strong>il.</strong></span> 
     </span>
    </p>
   </div>
   <div class='ocr_carea' id='block_1_116' title="bbox 2219 5601 3732 5683">
    <p class='ocr_par' dir='ltr' id='par_1_116' title="bbox 2219 5601 3732 5683">
     <span class='ocr_line' id='line_1_116' title="bbox 2219 5601 3732 5683; baseline -0.006 -20"><span class='ocrx_word' id='word_1_850' title='bbox 2219 5611 2331 5680; x_wconf 83' lang='lat' dir='ltr'><strong>(8i)</strong></span> <span class='ocrx_word' id='word_1_851' title='bbox 2350 5609 2708 5683; x_wconf 60' lang='lat' dir='ltr'><strong>Pratcedentia</strong></span> <span class='ocrx_word' id='word_1_852' title='bbox 2735 5610 3066 5664; x_wconf 83' lang='lat' dir='ltr'><strong>adamussim</strong></span> <span class='ocrx_word' id='word_1_853' title='bbox 3088 5616 3217 5663; x_wconf 89' lang='lat' dir='ltr'><strong>sunt</strong></span> <span class='ocrx_word' id='word_1_854' title='bbox 3241 5607 3292 5683; x_wconf 78' lang='lat' dir='ltr'><strong>in</strong></span> <span class='ocrx_word' id='word_1_855' title='bbox 3319 5605 3546 5683; x_wconf 54' lang='lat' dir='ltr'><strong>Syriaca</strong></span> <span class='ocrx_word' id='word_1_856' title='bbox 3567 5601 3732 5658; x_wconf 75' lang='lat' dir='ltr'><strong>Theo-</strong></span> 
     </span>
    </p>
   </div>
   <div class='ocr_carea' id='block_1_117' title="bbox 2150 5679 3731 5751">
    <p class='ocr_par' dir='ltr' id='par_1_117' title="bbox 2150 5679 3731 5751">
     <span class='ocr_line' id='line_1_117' title="bbox 2150 5679 3731 5751; baseline -0.004 -19"><span class='ocrx_word' id='word_1_857' title='bbox 2150 5679 2371 5749; x_wconf 81' lang='lat' dir='ltr'><strong>pltnnia.</strong></span> <span class='ocrx_word' id='word_1_858' title='bbox 2401 5680 2532 5735; x_wconf 88' lang='lat' dir='ltr'><strong>Item</strong></span> <span class='ocrx_word' id='word_1_859' title='bbox 2561 5687 2704 5751; x_wconf 86' lang='lat' dir='ltr'><strong>quod</strong></span> <span class='ocrx_word' id='word_1_860' title='bbox 2742 5683 2900 5750; x_wconf 86' lang='lat' dir='ltr'><strong>paulo</strong></span> <span class='ocrx_word' id='word_1_861' title='bbox 2943 5685 3063 5748; x_wconf 85' lang='lat' dir='ltr'><strong>post</strong></span> <span class='ocrx_word' id='word_1_862' title='bbox 3110 5679 3574 5745; x_wconf 45' lang='lat' dir='ltr'><strong>sequitur-ﬂabra</strong></span> <span class='ocrx_word' id='word_1_863' title='bbox 3613 5690 3731 5740; x_wconf 60' lang='grc' dir='ltr'>σαγ-</span> 
     </span>
    </p>
   </div>
  </div>
