3858 6214
243 289 352 345 653

320 487 458 548 Εἶτα
489 491 775 564 μεθίστησι
807 498 933 559 τοὺς
963 497 1153 566 λόγους
1179 500 1208 550 ὁ
1238 497 1443 569 Κύριος
1470 498 1565 551 ἐπὶ
1600 499 1690 552 τὸν
1724 499 1822 569 τῆς
1854 463 1869 476 δ

245 586 558 650 συντελείας
607 587 818 664 καιρὸν,
847 589 943 642 καί
997 605 1165 660 φησι·
1219 591 1331 644 Καὶ
1378 591 1549 644 ἔσται
1606 591 1826 659 σημεῖα

242 677 490 745 arrisum
533 677 631 731 καί
687 676 920 748 σελήνῃ
976 679 1076 732 καὶ
1131 679 1398 750 ἄστροις.
1446 679 1822 752 Συγκεχύσθαι

241 769 395 822 δοκεῖ
422 768 492 822 τὰ
515 769 615 840 τῆς
641 770 783 824 κατὰ
809 771 910 842 τὴν
939 770 1084 839 λέξιν
1111 773 1452 841 ἀκολουθίας,
1503 772 1593 827 διὰ
1636 773 1700 827 τὸ
1747 773 1822 846 μὴ

240 861 553 916 διεστάλθαι
573 862 969 933 ἀφωρισμένως
996 865 1065 919 τά
1092 881 1153 918 τε
1198 866 1329 937 περὶ
1356 865 1460 936 τῆς
1507 866 1824 938 πολιορκίας

240 952 338 1006 τοῦ
380 953 546 1006 τόπου
579 953 896 1024 λελεγμένα,
929 955 1123 1008 καὶτὰ
1171 956 1301 1028 περὶ
1347 957 1447 1028 τῆς
1513 957 1824 1022 συντελείας

238 1043 336 1098 τοῦ
366 1044 580 1109 αἰῶνος.
612 1047 747 1099 Κατ’
778 1045 1088 1117 οἰκονομίαν
1113 1047 1171 1101 δὲ
1199 1046 1308 1118 ἄρα
1339 1047 1434 1101 τοῦ
1463 1047 1609 1102 θείου
1655 1049 1824 1103 Πνεύ-

243 1153 416 1206 ματος
445 1137 478 1206 ή
505 1136 739 1205 ἀσάφεια
778 1137 968 1206 γέγονε
991 1177 1007 1202 ,
1043 1138 1377 1210 κρύπτοντος
1431 1141 1686 1212 ἐπίτηδες
1724 1143 1822 1214 τῆς

244 1228 357 1283 τῶν
384 1227 594 1282 πολλῶν
618 1228 871 1298 γνώσεως
898 1229 965 1283 τὰ
988 1232 1045 1285 έν
1081 1231 1415 1303 ἀπορρήτοις
1442 1233 1546 1288 ὑπὸ
1574 1233 1670 1287 τοῦ
1718 1236 1824 1289 Σω-

243 1321 412 1392 τῆρος
442 1321 623 1392 μόνοις
665 1323 776 1384 τοῖς
833 1322 996 1375 αὐτοῦ
1055 1323 1322 1393 μαθηταῖς
1374 1326 1778 1397 παραδεδομένα
1802 1344 1816 1358 ·

237 1411 386 1466 οὕτω
433 1413 612 1465 τοίνυν
661 1411 1117 1482 ὰναγνωσόμεθα,
1141 1411 1218 1474 ὼς
1246 1414 1296 1465 εἰ
1349 1413 1487 1484 μετὰ
1535 1413 1823 1486 διαστολῆς

237 1507 426 1577 εῐρητο
480 1504 668 1559 τοῦτον
714 1504 807 1558 τὸν
859 1505 1086 1575 τρόπον·
1131 1505 1266 1576 Περὶ
1320 1505 1420 1576 μὲν
1481 1507 1578 1577 τῆς
1632 1523 1819 1560 συντε-

236 1595 389 1662 λείας
423 1597 518 1650 τοῦ
558 1596 788 1662 αἰῶνος,
831 1596 1058 1667 βλέπετε
1113 1597 1186 1667 μή
1223 1613 1309 1660 τις
1362 1597 1506 1668 ὑμᾶς
1543 1597 1816 1670 πλανήσῃ·

238 1687 427 1741 πολλοὶ
476 1687 585 1758 γάρ
634 1686 940 1740 ἐλεύσονται
991 1688 1083 1740 ἐπὶ
1135 1685 1212 1757 τῷ
1260 1686 1482 1758 ὀνόματὶ
1535 1704 1665 1757 μου·
1725 1688 1819 1741 καὶ

1590 287 1676 342 DE
1715 287 2176 345 THEOPHANIA.

3233 233 3289 262 κς-

3387 298 3492 351 654

2665 411 2736 466 Χ.

1995 501 2133 556 Exin
2165 501 2466 556 orationem
2494 503 2759 556 convertit
2806 501 3063 557 Scrvator
3120 501 3188 558 ad
3245 512 3490 574 tempora

1924 593 2443 654 consummationis,
2470 593 2656 662 aitque
2686 611 2699 646 :
2729 593 2798 648 Et
2828 606 2978 649 erunt
3010 597 3163 666 signa
3190 596 3244 648 in
3272 596 3402 659 sole,
3444 605 3492 650 et

1923 683 2072 750 luna,
2124 694 2172 739 et
2209 684 2371 739 stellis
2394 686 2460 739 "’.
2491 684 2760 741 Confusus
2799 687 3012 742 videtur
3045 689 3313 742 sermonis
3360 703 3490 742 con-

1927 784 2126 839 textus,
2162 777 2286 844 quia
2336 777 2560 846 praecise
2606 791 2712 831 non
2763 787 2890 833 sunt
2935 779 3212 845 distincta,
3251 793 3374 847 quae
3423 781 3492 834 de

1924 866 2030 922 loci
2059 866 2374 922 obsessione
2406 866 2682 934 dicuntur,
2707 862 2776 923 ab
2809 868 2875 923 iis
2903 884 3022 939 quaI
3051 870 3116 924 de
3141 869 3326 924 saaculi
3359 885 3491 925 con-

1924 956 2305 1013 summatione.
2345 957 2603 1013 Prudenti
2636 967 2814 1014 tamen
2837 958 3003 1014 divini
3035 958 3270 1028 Spiritus
3298 959 3493 1016 volun.

1926 1059 2036 1104 tate
2070 1053 2185 1106 haec
2221 1051 2528 1106 obscuritas
2563 1051 2782 1118 accidit,
2819 1059 2878 1106 ut
2907 1050 3268 1106 multitudinis
3302 1053 3494 1122 cogni-

1925 1139 2058 1194 tioni
2108 1149 2270 1196 caute
2318 1141 2791 1206 subtraherentur,
2825 1153 2947 1209 quae
2993 1153 3194 1195 arcano
3237 1138 3493 1194 Servatur

1923 1232 2040 1287 suis
2093 1239 2305 1286 tantum
2353 1231 2634 1304 discipulis
2677 1231 3174 1288 commendaverat.
3219 1231 3313 1288 Sic
3357 1246 3492 1302 ergo

1924 1324 2179 1394 legemus,
2217 1325 2372 1395 quasi
2418 1341 2542 1380 cum
2585 1326 3024 1396 interpunctione
3069 1325 3274 1381 dictum
3325 1323 3491 1380 fuerit

1923 1424 1982 1470 ut
2006 1416 2250 1486 sequitur
2276 1433 2291 1471 :
2321 1416 2398 1473 De
2429 1419 2894 1474 consummatione
2927 1427 3108 1474 autem
3152 1416 3354 1484 seculi,
3388 1432 3484 1473 ca-

1921 1517 2136 1586 vetepe
2177 1510 2298 1579 quis
2341 1524 2438 1565 vos
2478 1509 2746 1580 decipiat;
2782 1510 2934 1566 multi
2981 1511 3125 1566 enim
3158 1510 3213 1566 in
3262 1510 3481 1568 nomine

1921 1613 2041 1654 meo
2067 1598 2313 1666 venient;
2346 1607 2402 1655 et
2433 1613 2552 1668 qua:
2582 1599 2654 1654 ibi
2685 1607 2982 1668 sequuntur
3010 1599 3238 1669 reliqua.
3271 1599 3476 1658 Postre-

1921 1707 2024 1745 mae
2055 1699 2237 1747 autem
2277 1691 2377 1746 loci
2420 1691 2739 1756 obsidionis,
2763 1701 2883 1761 post
2916 1706 3078 1761 quam
3119 1691 3487 1748 restitutionis

233 1777 308 1832 τὰ
333 1779 543 1842 τούτοις
565 1778 835 1849 ἑπόμενα·
868 1779 997 1849 περὶ
1026 1778 1084 1832 δὲ
1112 1779 1211 1850 τῆς
1241 1777 1553 1850 πολιορκίας
1583 1777 1679 1832 τοῦ
1726 1780 1814 1832 τό·

1924 1782 2062 1837 nulla
2091 1797 2234 1852 spes,
2258 1782 2361 1837 hoc
2389 1783 2642 1838 indicium
2671 1795 2790 1837 esse
2819 1782 2979 1838 debet
3005 1799 3019 1836 :
3045 1797 3208 1852 quum
3242 1782 3489 1839 videritis

235 1882 343 1918 που
389 1866 492 1942 ,τῆς
551 1865 808 1936 ὑστάτης,
843 1866 964 1937 μεθ’
1012 1868 1076 1937 ἢν
1119 1868 1220 1920 οὐκ
1266 1867 1412 1920 ἔστιν
1461 1864 1617 1932 αὖθις
1660 1869 1822 1942 αὑτὸν

233 1931 1192 2027 ἀνοικοδομηθησερθαι’προσδοκᾷῆ
1224 1957 1367 2010 τοῦτ’
1392 1956 1535 2028 ἔχειν
1563 1931 1831 2030 ὠφείλετᾷ

233 2049 301 2102 τὸ
339 2051 562 2122 σημεῖον
582 2067 595 2080 ο
627 2049 755 2103 ὅταν
814 2049 965 2118 ίδητε
992 2047 1362 2120 κυκλουμένην
1390 2049 1495 2103 ὑπὸ
1521 2049 1632 2102 τῶν
1665 2067 1828 2122 στρα-

233 2142 483 2196 τοπέδων
519 2141 620 2214 τὴν
669 2139 1060 2215 Ἰερουσαλὴμ,
1101 2141 1224 2196 τότε
1265 2141 1440 2212 γνῶτε
1483 2141 1566 2196 ὃτι
1597 2143 1824 2213 ἤγγικεν

233 2235 270 2305 ἡ
301 2235 584 2305 ἐρήμωσις
617 2235 808 2306 αὐτῆς,
839 2234 932 2288 καί⁸
957 2234 1026 2288 τὰ
1057 2234 1266 2297 τούτοις
1287 2233 1559 2287 ἀκόλουθα
1585 2235 1821 2287 ποιεῖτε·

232 2328 370 2399 περὶ
393 2326 452 2380 δὲ
477 2326 577 2398 τῆς
609 2327 751 2382 κατὰ
779 2327 880 2398 τὴν
921 2326 1232 2380 συντέλειαν
1259 2326 1354 2380 τοῦ
1391 2325 1589 2389 αίῶνος
1621 2344 1826 2398 παρου-

1917 1877 2310 1931 circumdatam
2344 1875 2412 1930 ab
2445 1875 2779 1930 exercitibus
2816 1874 3176 1942 Hierusalem,
3213 1883 3344 1930 tunc
3379 1876 3490 1932 sci-

1909 1976 2030 2023 'tote
2055 1967 2362 2023 vastitatem
2389 1967 2508 2036 ejus
2537 1967 2761 2030 instare,
2792 1969 3018 2036 ideoque
3042 1982 3162 2036 qua:
3184 1967 3232 2021 ei
3259 1967 3336 2022 rei
3363 1975 3492 2022 sunt

1919 2055 2111 2111 idonea
2142 2053 2324 2111 facite.
2361 2055 2601 2126 Denique
2627 2057 2693 2111 de
2719 2056 3042 2112 Antichristi
3066 2057 3212 2111 circa
3235 2071 3491 2112 consum-

1921 2149 2214 2201 mationem
2242 2145 2421 2202 stcculi
2453 2147 2708 2212 adventu,
2743 2147 2845 2203 hoc
2872 2148 3028 2204 vobis
3053 2147 3142 2202 aio
3167 2165 3180 2201 :
3207 2143 3328 2200 Erit
3366 2155 3491 2200 tum:

1918 2230 2196 2292 tribulatio
2227 2254 2438 2309 magna.
2469 2237 2744 2295 Hactenus
2771 2242 2838 2294 de
2869 2239 3034 2310 hujus
3063 2237 3358 2310 evangelici
3385 2236 3491 2292 loci

1919 2338 2104 2398 putata
2136 2329 2475 2386 confusione.

234 2424 359 2488 σίας
389 2423 483 2477 τυῦ
529 2423 914 2496 Ἀντιχρίστου,
945 2423 1096 2478 ταῦθ’
1132 2423 1260 2495 ύμῖν
1289 2422 1678 2493 λέγωοἜσται
1700 2425 1833 2478 τότε
1861 2426 2064 2495 θλίψις
2088 2425 2354 2497 μεγάληο
2399 2425 2569 2481 ταῦτα
2609 2426 2707 2497 μὲν
2747 2426 2877 2497 περὶ
2919 2425 3017 2498 τῆς
3042 2426 3184 2481 κατὰ
3208 2425 3297 2479 τὸν
3326 2423 3492 2479 τόπον

231 2515 597 2588 νομιζομένης
622 2514 951 2586 συγχύσεως.

309 2607 425 2678 (82)
454 2608 664 2674 Ταῦτα,
701 2607 938 2678 συγγενῆ
968 2608 1096 2662 ὄντα
1121 2611 1232 2672 τοῖς
1265 2606 1417 2678 ’παρὰ
1443 2607 1529 2679 ’τῷ
1555 2608 1820 2681 Ματθαίῳ

231 2703 295 2754 ὲν
322 2700 402 2772 τῷ
425 2700 540 2772 ὄρει
577 2699 687 2754 τῶν
718 2700 943 2754 Ἐλαιῶν
972 2699 1108 2771 πρὸς
1147 2699 1272 2762 τοὺς
1316 2699 1647 2764 ἀποστόλους
1690 2701 1820 2771 περὶ

233 2791 549 2856 συντελείας
581 2791 1056 2864 παραδεδομένοις,
1091 2791 1318 2862 φέρεται
1349 2789 1500 2862 παρὰ
1531 2790 1610 2862 τῷ
1632 2793 1817 2864 Λουκᾷ

229 2884 312 2947 ὼς
333 2882 600 2955 εἰρημένα
621 2883 726 2954 πρὸ
744 2883 842 2953 τῆς
872 2882 1079 2935 εἰσόδου
1108 2880 1272 2935 αὑτοῦ
1301 2881 1402 2952 τῆς
1439 2881 1815 2953 Ἰερουσαλὴμ,

232 2973 624 3046 ἐνδιατρίϐοντι
654 2973 854 3045 μεταξὺ
887 2973 1200 3046 Σαμαρείας
1225 2973 1320 3027 καί
1357 2973 1666 3038 Γαλιλαίας.
1725 2977 1817 3026 Διο-

230 3065 425 3122 δάσκει
453 3066 510 3120 δὲ
531 3065 618 3118 διὰ
636 3064 840 3119 τούτων
869 3067 944 3136 μὴ
969 3065 1080 3118 δεῖν
1111 3064 1572 3137 συναρπάζεσθαι,
1596 3065 1649 3118 εί
1663 3082 1813 3134 ποτε,

233 3159 559 3223 ἐπιστάντος
593 3158 688 3212 τοῦ
716 3157 1102 3230 ’Δντιχρίστου,
1159 3156 1426 3228 διατρέχοι
1485 3157 1644 3230 φήμη
1689 3157 1819 3228 περ)⁸

233 3251 624 3316 αύτοῦ,ὠςτοῢ
655 3250 890 3322 Χριστοῦ
923 3250 1199 3318 φανέντος.
1227 3250 1318 3305 Διό
1339 3267 1505 3321 φησι·
1555 3250 1688 3302 Ἐὰν
1719 3249 1818 3304 λέ-

233 3360 427 3414 γωσιν
457 3343 620 3412 ὑμῖν,
649 3343 803 3398 Ἰδοὺ
831 3337 968 3408 ὦδε,
992 3344 1031 3412 ἣ
1067 3343 1196 3398 ἰδοὺ
1226 3343 1368 3410 ἐκεῖ,
1397 3341 1482 3412 μὴ
1515 3341 1815 3410 ἐξέλθητε,

228 3433 393 3504 μηδὲ
451 3433 734 3503 διώξητε’
801 3434 1060 3490 ἀδύνατον
1121 3435 1230 3506 γὰρ
1290 3434 1475 3488 λοιπὸν
1529 3434 1620 3487 τὸν
1671 3433 1817 3500 ἅπαξ

231 3527 330 3579 ἐπὶ
369 3527 475 3598 γῆς
525 3526 761 3596 φανέντα
813 3525 974 3580 πάλιν
1023 3526 1082 3580 ἐν
1137 3524 1362 3594 γωνίαις
1409 3525 1515 3596 γῆς
1564 3524 1666 3588 τὰς
1702 3524 1818 3578 δια-

230 3619 430 3691 τριϐὰς
481 3619 830 3691 ποιήσασθαι.
880 3620 943 3672 Ei
1001 3613 1094 3680 οὖν
1138 3635 1223 3682 τις
1271 3616 1424 3672 ἔσται
1473 3611 1576 3672 ὧδε
1615 3617 1648 3688 ἢ
1703 3617 1818 3670 ἐκεῖ

232 3709 674 3782 θρυλλούμενος,
745 3710 820 3781 μὴ
888 3708 1183 3780 ἐξέρχησθε
1248 3709 1440 3779 ὑμεῖς,
1521 3709 1660 3780 μηδὲ
1733 3707 1818 3762 πι-

234 3802 469 3872 στεύητε
527 3805 641 3866 τοῖς
705 3801 1051 3872 λεγομένοις*
1118 3799 1276 3864 ἄλλος
1344 3799 1452 3875 γὰρ
1521 3800 1674 3855 ἔσται
1730 3818 1816 3865 τις

231 3886 430 3959 οὗτος,
486 3895 584 3948 καὶ
640 3893 738 3965 οὐχ
795 3894 825 3946 ὁ
881 3891 1088 3964 ἀληθὴς
1149 3891 1415 3962 Χριστός⁶
1473 3883 1519 3959 ᾧ
1571 3892 1678 3963 Χρὴ
1739 3891 1815 3964 μὴ

233 3985 546 4058 προσέχειν.
586 3985 660 4039 Τὸ
707 3984 816 4056 γὰρ
855 3984 1110 4056 μέγιστον
1162 3985 1385 4054 σημεῖον
1423 3983 1523 4048 τῆς
1560 3983 1816 4056 δευτέρας

231 4077 330 4132 τοῦ
355 4076 610 4147 Σωτῆρος
632 4075 792 4146 ἡμῶν
824 4075 1122 4147 παρουσίας
1148 4075 1223 4138 ὼς
1241 4074 1494 4147 αστραπὴ
1529 4073 1701 4138 ἔσται,
1717 4075 1816 4145 οὐχ

232 4168 399 4239 ὁμοία
431 4171 552 4231 ταῖς
580 4167 801 4230 πολλαῖς
824 4167 916 4220 καὶ
947 4167 1005 4221 ὲν
1039 4167 1197 4238 μέρει
1231 4165 1323 4220 τοῦ
1356 4166 1553 4230 παντὸς
1581 4166 1670 4220 ἀεὶ
1691 4183 1818 4235 φαι-

231 4259 510 4330 νομέναις,
557 4258 693 4312 ἀλλά
738 4276 821 4322 τις
849 4257 1124 4322 ἰδιάζουσα
1168 4257 1262 4322 καὶ
1294 4255 1441 4329 ξένη,
1498 4256 1590 4311 τὸν
1639 4256 1816 4310 πάντα

1999 2606 2146 2672 Haec,
2204 2613 2431 2676 cognata
2479 2605 2586 2661 illis
2633 2621 2752 2676 qua:
2808 2606 2948 2678 apud
2995 2606 3304 2662 Matthaeum
3337 2609 3380 2641 "
3435 2608 3490 2662 in

1923 2703 2106 2752 monte
2149 2694 2425 2750 Olivarum
2472 2696 2727 2750 dicuntur
2760 2697 3018 2762 apostolis
3038 2698 3104 2752 de
3143 2698 3325 2752 mundi
3359 2698 3489 2765 fine,
3581 2751 3585 2758 .

1921 2789 2062 2858 apud
2092 2787 2296 2843 Lucam
2311 2786 2356 2818 ¹⁹
2389 2797 2684 2841 narrantur
2714 2802 2816 2842 ceu
2848 2788 2990 2843 dicta
3025 2798 3150 2844 ante
3184 2789 3490 2860 ingressum

1922 2882 1977 2936 in
2009 2882 2200 2937 urbem
2235 2877 2603 2944 Hierusalem,
2641 2889 2888 2936 morante
2927 2878 3052 2936 Jesu
3103 2881 3246 2936 inter
3296 2880 3489 2939 Sama-

1921 2973 2059 3027 riam
2095 2979 2152 3027 et
2201 2969 2499 3026 Galilaeam.
2549 2968 2716 3025 Docet
2760 2980 2938 3025 autem
2991 2971 3077 3028 his
3126 2972 3326 3040 verbis,
3381 2988 3490 3028 non

1919 3073 2170 3135 oportere
2199 3076 2524 3134 quemquam
2545 3076 2731 3118 errore
2761 3063 2951 3135 abripi,
2977 3065 3022 3121 si
3056 3062 3366 3136 aliquando,
3409 3067 3491 3122 in-

1919 3165 2098 3214 stante
2124 3157 2451 3213 Antichristi
2479 3165 2741 3226 tempore,
2779 3155 2925 3212 fama
2972 3159 3039 3214 de
3068 3173 3134 3213 eo
3163 3169 3490 3230 pervagetur

1919 3249 2073 3319 quasi
2122 3247 2372 3304 Christus
2421 3249 2752 3319 apparuerit.
2805 3249 3012 3304 Idcirco
3059 3250 3134 3306 ait
3175 3268 3189 3305 :
3225 3249 3286 3306 Si
3345 3253 3489 3306 vobis

1918 3341 2170 3406 dixerint,
2205 3338 2339 3395 Ecce
2394 3341 2495 3408 hic,
2551 3350 2598 3396 et
2636 3358 2750 3396 ecce
2807 3341 2937 3407 illic,
2993 3343 3153 3396 nolite
3209 3342 3283 3392 ire
3326 3359 3490 3401 neque

1917 3433 2183 3487 sectamini
2229 3448 2249 3487 :
2304 3433 2636 3502 impossibile
2687 3433 2832 3489 enim
2869 3443 2969 3500 est,
3002 3448 3124 3491 eum
3176 3437 3268 3506 qui
3319 3435 3491 3492 semel

1918 3521 1973 3576 in
2002 3532 2148 3578 terra
2179 3525 2517 3594 apparuerit,
2553 3539 2744 3580 rursus
2773 3525 2826 3580 in
2857 3523 3067 3596 angulis
3107 3535 3270 3581 terras
3306 3542 3488 3582 moras

1919 3613 2157 3668 trahere.
2194 3615 2252 3670 Si
2282 3629 2412 3686 ergo
2453 3632 2638 3672 rumor
2685 3615 2922 3682 dicatur,
2980 3616 3110 3672 Ecce
3137 3619 3242 3682 hic,
3286 3629 3334 3672 et
3373 3636 3488 3674 ecce

1916 3707 2051 3772 illic,
2072 3721 2235 3764 nonte
2259 3722 2352 3764 vos
2376 3708 2476 3773 ire,
2505 3723 2680 3778 neque
2701 3708 2864 3764 dictis
2885 3707 3140 3763 credatis.
3170 3707 3322 3765 Alius
3341 3710 3485 3764 enim

1917 3798 2145 3866 quilibet
2195 3799 2302 3853 erit
2350 3798 2477 3862 iste,
2515 3811 2620 3852 non
2657 3805 2840 3852 autem
2871 3810 3032 3852 verus
3074 3798 3354 3864 Christus;
3399 3799 3489 3854 cui

1919 3898 2205 3958 propterea
2235 3903 2340 3942 non
2363 3897 2447 3944 est
2469 3887 2882 3943 attendendum.
2907 3885 3043 3942 Nam
3066 3889 3278 3958 signum
3313 3890 3490 3945 maxi-

1917 3993 2064 4032 mum
2095 3978 2320 4032 secundi
2349 3977 2618 4033 adventus
2647 3977 2956 4034 Servatoris
2999 3979 3194 4048 nostri,
3231 3988 3488 4051 tanquam

1917 4070 2095 4139 fulgur
2124 4071 2230 4125 erit
2285 4070 2510 4126 minime
2542 4071 2720 4126 simile
2751 4071 2873 4127 aliis
2899 4073 3086 4129 multis
3129 4074 3182 4129 in
3211 4085 3366 4144 parte
3388 4074 3489 4130 ali-

1916 4178 2024 4234 qua
2054 4164 2236 4217 mundi
2265 4164 2676 4233 apparentibus,
2721 4165 2817 4221 sed
2845 4166 3123 4237 singulare
3157 4183 3222 4224 ac
3248 4169 3489 4239 peregri-

1917 4269 2047 4309 num
2091 4265 2255 4324 atque
2303 4255 2615 4312 universum
2661 4258 2847 4312 orbem
2891 4269 3115 4327 repente
3164 4262 3486 4330 pervadens.

233 4353 444 4422 κόσμον
474 4350 686 4421 ἀθρόως
711 4349 1012 4421 πληροῦσα.
1041 4349 1130 4402 Διό
1161 4366 1294 4420 φησι
1317 4365 1330 4378 ·
1372 4347 1816 4417 Ἀστράπτουσα

1924 4344 2040 4400 ideo
2069 4345 2200 4400 dicit
2223 4360 2238 4399 :
2262 4343 2558 4400 Coruscans
2581 4347 2645 4401 de
2666 4347 2898 4401 subdiali
2919 4350 3291 4404 in'subdialem
3319 4352 3486 4419 regio-

233 4445 304 4498 ἐκ
330 4443 442 4512 τῆς
465 4444 564 4497 ὑπ’
592 4443 850 4512 οὐρανὸν
879 4445 964 4509 εἰς
1001 4441 1116 4511 τὴν
1145 4443 1245 4498 ὑπ’
1271 4443 1528 4510 οὐρανὸν
1549 4440 1771 4510 λάμπει
1798 4459 1812 4473 ·

233 4537 428 4602 οὕτως
449 4531 562 4591 οὖν
581 4537 772 4600 ἔσται,
805 4535 989 4607 φησὶν,
1019 4538 1052 4589 ό
1095 4534 1227 4601 Υἱὸς
1249 4533 1356 4588 τοῦ
1378 4531 1690 4601 ἀνθρώπου
1715 4533 1812 4587 ἐπὶ

234 4629 543 4698 παρουσίᾳ
621 4628 808 4683 αὑτοῦ
833 4645 847 4660 ·
917 4628 1100 4682 οὐκέτι
1173 4627 1281 4699 γὰρ
1355 4625 1814 4699 περιϐεϐλημένος

235 4722 422 4793 σάρκα
479 4719 722 4792 φθαρτὴν
777 4719 838 4785 ἐξ
897 4720 1122 4789 αἵματος
1175 4719 1270 4772 καὶ
1324 4719 1524 4772 ὀστέων
1589 4735 1810 4785 συγκει-

239 4813 412 4883 μένην
453 4810 566 4878 (8'5)
607 4810 838 4880 βαδίζει,
877 4808 986 4862 ουδ’
1024 4809 1118 4862 ἐπὶ
1167 4807 1273 4872 γῆς
1329 4807 1557 4876 βαδίζων
1603 4803 1693 4860 οἶά
1727 4824 1812 4871 τις

235 4902 418 4967 κοινὸς
484 4902 767 4974 ἄνθρωπος
843 4904 1140 4976 ὀφθήσεται
1167 4943 1183 4968 ,
1253 4899 1368 4955 ἀλλ’
1439 4899 1474 4960 ἢ
1548 4899 1817 4972 ὲκλάμψει

235 4993 358 5056 ὅλος
419 4991 488 5046 δι’
537 4992 658 5046 ὅλου
683 5032 699 5058 ,
749 4991 812 5045 τὸ
859 4992 976 5060 φῶς
1027 4991 1124 5062 τῆς
1176 4990 1340 5045 αὑτοῦ
1400 4989 1652 5058 θεότητος
1704 4991 1817 5051 τοῖς

238 5084 377 5137 πᾶσι
442 5081 654 5145 δεικνὺς
675 5120 689 5143 ,
750 5081 846 5135 ἆτε
906 5079 1067 5142 αὐτὸς
1128 5077 1204 5132 ὢν
1251 5077 1312 5130 τὸ
1369 5077 1602 5146 φωτίζον
1639 5077 1818 5131 πάντα

235 5173 527 5245 ἄνθρωπον
582 5172 873 5244 ἐρχόμενον
931 5173 1011 5234 εἰς
1064 5169 1156 5223 τὸν
1207 5171 1427 5240 κόσμον.
1481 5167 1667 5232 Οὕτως
1721 5164 1816 5222 οὖν

242 5290 438 5344 "Luc.
483 5305 594 5352 ut,
632 5290 722 5342 25.
801 5289 845 5320 ¹⁸
890 5288 1235 5347 Mattlt.xxtv.
1269 5286 1322 5339 5.
1366 5286 1408 5316 ¹⁹
1437 5284 1572 5338 Luc.
1606 5300 1740 5348 xvn,
1771 5285 1861 5342 25.

238 5386 395 5458 γενῆ,
430 5395 560 5458 etc.,
590 5385 908 5458 uoirtinatim
935 5384 1131 5458 dicitur
1157 5383 1209 5434 in
1233 5383 1420 5458 codice
1537 5379 1574 5432 f.
1602 5379 1812 5458 255,_b,

1921 4453 2058 4491 nent.
2094 4435 2184 4491 Sic
2211 4439 2328 4501 erit,
2355 4438 2548 4508 inquit,
2575 4435 2751 4491 Filius
2776 4439 3004 4493 hominis
3029 4440 3083 4492 in
3113 4441 3339 4496 adventu
3365 4459 3485 4500 suo.

1918 4527 2134 4583 Etenim
2181 4529 2322 4583 haud
2369 4528 2484 4598 jam
2529 4529 2873 4598 corruptibili
2931 4543 3094 4585 carne
3143 4529 3382 4598 indutus,
3432 4545 3488 4589 et

1918 4619 2182 4689 sanguine
2209 4621 2529 4690 ossibusque
2558 4631 2878 4690 compactus
2912 4621 3189 4691 procedet.
3220 4638 3400 4694 neque
3431 4625 3484 4680 in

1919 4721 2064 4767 terra
2099 4712 2384 4768 ambulans
2414 4727 2564 4767 more
2591 4713 2897 4769 communis
2930 4713 3168 4770 hominis
3193 4717 3488 4787 conspicie-

1921 4810 2028 4868 tur,
2060 4804 2154 4860 sed
2183 4804 2490 4860 coruscabit
2523 4810 2669 4859 totus
2697 4819 2791 4874 per
2816 4813 3008 4873 totum,
3033 4805 3337 4862 divinitatis
3375 4822 3488 4863 suae

1919 4895 2100 4952 lumen
2144 4899 2356 4954 cunctis
2395 4901 2710 4964 ostendens,
2743 4914 2909 4966 quum
2943 4901 3016 4956 sit
3064 4901 3182 4971 ipse
3213 4901 3308 4972 qui
3363 4903 3487 4958 illu-

1920 4986 2090 5040 minat
2119 5001 2333 5041 omnem
2385 4987 2658 5042 hominem
2690 4986 2993 5042 venientem
3037 4987 3094 5042 in
3149 4989 3293 5043 hunc
3331 5004 3486 5042 mun-

1919 5077 2070 5132 dum.
2094 5076 2184 5132 Sic
2205 5078 2386 5148 itaque
2401 5093 2430 5132 a
2453 5079 2606 5135 nobis
2632 5093 2692 5134 se
2729 5094 2852 5136 esse
2871 5079 3288 5149 exspectandum
3307 5080 3481 5134 docet.

1919 5167 2072 5233 Quod
2108 5169 2154 5223 si
2185 5169 2236 5223 in
2277 5179 2420 5225 terra
2457 5171 2641 5227 dicant
2673 5172 2928 5242 aliquem,
2965 5170 3054 5227 vel
3103 5171 3266 5226 fando
3297 5171 3486 5225 audia-

1913 5377 2119 5440 debnit,
2151 5375 2266 5450 sive
2308 5390 2498 5450 reapse
2545 5377 2613 5432 ad
2655 5377 3045 5450 Theophaniam
3087 5375 3378 5450 pertineat,
3424 5386 3484 5432 ut

240 5445 304 5510 ἐς
344 5445 560 5508 Eusebii
588 5453 936 5520 TheOphoniw
967 5454 1104 5505 libro
1135 5461 1351 5520 quarto.
1379 5450 1481 5517 Qui
1509 5460 1688 5504 autem
1727 5451 1813 5504 hic
1911 5445 2391 5520 videtur,_sive_ad_
2408 5448 2882 5520 commentarium:

242 5528 528 5589 interiacet
555 5533 756 5579 tractus
774 5519 891 5576 εἷτα
913 5521 1222 5592 μεθίστησι,
1245 5531 1376 5584 etc.,
1395 5535 1517 5574 cum
1543 5521 1594 5573 in
1625 5520 1812 5592 codice

241 5598 308 5648 Α.
363 5597 396 5646 i.
447 5592 576 5658 270,
630 5595 850 5649 omnino
886 5591 1246 5646 connectatur
1295 5605 1417 5644 cum
1471 5591 1811 5656 praecedente

1980 5517 2093 5598 iga)
2120 5516 2256 5598 de.
2276 5517 2341 5569 A.
2367 5516 2409 5598 ε.
2435 5516 2561 5571 235.
2591 5517 2794 5598 b._syr.
2832 5515 2920 5581 IV,
2948 5516 3065 5598 δερ.

1979 5585 2250 5658 (85LHoc
2313 5586 2544 5641 refertur
2578 5587 2660 5658 ad
2715 5585 3314 5656 incorruptibilitatem;
3375 5603 3484 5643 non

243 5657 865 5736 zlnpmﬂéyeidemque
896 5661 1126 5717 Eusebio
1172 5660 1519 5736 inscribntur,
1555 5659 1811 5736 ruinaque
1907 5660 2049 5726 quod
2085 5657 2349 5715 Eusebius
2385 5666 2539 5728 neget
2561 5657 2761 5715 Christi
2785 5672 3006 5715 carnem
3030 5658 3086 5714 iu
3115 5661 3352 5716 secundo
3383 5661 3483 5714 ad.

247 5729 649 5805 intercapedine
672 5729 1005 5804 sejungatur,
1051 5745 1276 5803 prorsus
1301 5745 1331 5786 λ
1381 5729 1654 5804 nobisjtic
1680 5730 1807 5799 poni
1909 5737 2095 5786 ventu.
