3858 6214
363 289 481 348 655

1042 283 1311 341 EUSE'BII
1347 276 1826 339 CESARIENSlS
1863 273 2016 333 OPP.
2056 272 2241 328 PARS
2278 271 2368 327 ιγ.
2409 298 2480 312 -
2517 267 2945 325 υοαΜΑΤιοΑ.

3532 263 3633 320 656

374 406 463 466 tur
493 425 560 466 ex
599 406 892 462 multorum
940 417 1180 469 rumore,
1239 403 1414 473 ipsum
1461 414 1583 456 esse
1628 405 1951 469 praesentem

2071 392 2162 444 isiv
2194 388 2500 463 προσδοκᾶν
2531 386 2693 441 αὐτὸν
2725 385 2987 439 διδάσκει.
3012 383 3074 436 Ei
3099 382 3157 435 δὲ
3189 381 3282 435 ἐπὶ
3310 380 3414 451 γῆς
3428 380 3636 449 λέγοιτό

373 505 652 560 Christum
691 501 750 555 in
800 497 1039 555 secundo
1084 512 1183 553 suo
1233 497 1467 552 adventu
1500 511 1516 549 :
1547 491 1684 557 Vos,
1746 490 1947 562 inquit,

361 595 541 652 .nolite
553 591 989 661 credere,neque
1014 587 1083 645 de
1109 587 1233 645 loco
1264 594 1451 643 vestro
1470 583 1703 641 exeatis.

445 846 646 943 Utique
702 865 1032 925 Samaritani
1107 860 1446 924 Dositheum,
1497 856 1590 927 qui
1638 854 1949 911 Servatoris

375 968 519 1025 aetati
556 964 843 1028 successit,
880 959 1201 1031 prophetam
1237 953 1386 1009 illum
1420 964 1541 1007 esse
1582 948 1784 1019 Moysis
1812 947 1951 1001 vati-

373 1060 520 1116 cinio
538 1055 891 1128 promissum,
917 1047 1146 1104 ﬁrmiter
1172 1041 1420 1100 arbitrati
1450 1047 1602 1106 sunt;
1630 1039 1769 1093 adeo
1798 1036 1950 1091 frau-

375 1153 535 1207 dibus
560 1150 678 1216 ejus
708 1145 873 1215 capti,
908 1151 968 1196 ut
993 1136 1195 1196 Christi
1228 1136 1348 1191 loco
1380 1132 1687 1189 habendum
1716 1145 1951 1186 censue-

375 1246 505 1299 rint.
537 1241 643 1296 Alii
687 1253 818 1292 vero
878 1237 994 1300 ipsa
1033 1228 1416 1302 Apostolorum
1462 1235 1622 1282 aetate
1671 1222 1950 1278 Simonem

377 1348 592 1404 magum
658 1343 908 1401 magnam
971 1325 1065 1381 Dei
1125 1324 1380 1378 virtutem
1455 1316 1825 1389 appellabant,
1897 1322 1953 1368 et

376 1427 652 1484 Christum
680 1437 802 1478 esse
830 1419 1093 1490 putabant
1120 1435 1134 1471 :
1168 1424 1283 1471 tum
1319 1412 1411 1467 alii
1451 1410 1657 1481 pariter
1686 1408 1740 1463 in
1772 1406 1951 1476 Phry—

364 1520 462 1590 .gia
492 1517 806 1572 Montanum
838 1531 851 1567 :
886 1511 975 1566 alii
995 1509 1230 1579 denique
1259 1505 1394 1560 alios
1417 1501 1651 1558 diversis
1690 1499 1825 1554 locis
1851 1499 1954 1553 hac

377 1610 629 1681 opinione
662 1604 935 1676 prosecuti
964 1611 1111 1657 sunt.
1151 1597 1337 1667 Neque
1376 1595 1537 1650 linem
1575 1591 1779 1647 facient
1804 1600 1954 1645 vete-

366 1680 607 1756 -ratores.
654 1696 790 1751 Nam
854 1703 911 1750 et
955 1693 1045 1748 alii
1080 1691 1262 1761 plures
1296 1684 1559 1756 ejusmodi
1596 1680 1951 1754 esspectandi

366 1806 506 1853 sunt
532 1814 548 1849 :
575 1794 666 1865 qui
700 1807 837 1848 sane
864 1798 921 1846 et
944 1788 1045 1858 ipsi
1080 1783 1426 1842 oraculorum
1449 1795 1480 1836 a
1510 1779 1804 1837 Servatore
1839 1778 1955 1833 edi--

380 1899 558 1946 torum
578 1887 864 1943 veritatem
892 1881 1238 1938 conﬁrmant.

1124 1968 1216 2023 XI.

450 2069 560 2124 Par
585 2075 668 2124 est
698 2064 955 2122 admirari
987 2078 1083 2117 nos
1108 2062 1383 2116 sinceram
1407 2069 1765 2126 veracemque
1802 2054 1958 2109 indo-

2049 500 2136 547 τις
2156 483 2249 536 καὶ
2264 480 2516 539 άκούοιτο
2541 476 2769 551 θρυλλού
2778 494 2938 549 μενος
2960 475 3055 530 καὶ
3078 468 3459 546 φημιζόμενος
3486 473 3639 545 παρὰ

2050 578 2162 640 τοῖς
2194 573 2433 639 πολλοῖς,
2454 572 2531 637 ὼς
2559 572 2720 636 αὐτὸς
2746 569 2938 642 παρὼν
2970 570 2999 622 ὁ
3055 566 3290 640 Χριστὸς
3344 565 3488 618 κατὰ
3543 565 3638 635 τὴν

2049 666 2311 738 δευτέραν
2356 663 2521 720 αὐτοῦ
2573 661 2898 735 παρουσίαν,
2948 660 3156 732 Ὑμεῖς,
3207 658 3363 729 φησι,
3426 657 3506 729 μὴ
3551 673 3639 709 πι-

2056 756 2340 828 στεύσητε,
2378 755 2512 827 μηδὲ
2541 751 2841 826 ὲξέρχησθε
2863 750 2959 805 τοῦ
2988 751 3119 804 ἰδίου
3157 749 3323 803 τόπου

2125 848 2236 919 (84)
2263 848 2470 900 Αὐτίκα
2492 846 2827 917 Σαμαρεῖται
2852 841 3100 895 Δοσίθεον
3119 838 3257 911 μετὰ
3270 838 3399 901 τοὺς
3416 838 3642 909 χρένους

2050 941 2147 997 τοῦ
2186 942 2438 1012 Σωτῆρος
2480 938 2792 1010 γενόμενον,
2837 935 3003 990 αὑτὸν
3034 929 3173 987 εἶναι
3209 932 3299 986 τὸν
3333 931 3438 984 ὑπὸ
3479 931 3645 984 Mos.

2055 1034 2193 1098 σέως
2212 1031 2689 1105 προφητευόμενον
2713 1024 3351 1101 προφήτηνξὲπείσθησαν
3373 1040 3388 1055 ο
3428 1024 3644 1094 ἀπατη-

2053 1126 2238 1191 θέντες
2267 1124 2359 1180 ὑπ’
2392 1124 2581 1189 αὐτοῦ,
2626 1123 2702 1187 ὡς
2734 1122 2825 1176 τὸν
2857 1119 3092 1193 Χριστὸν
3130 1117 3293 1173 αὐτὸν
3323 1112 3462 1170 εἶναι
3504 1115 3644 1167 ἀπο-

2055 1219 2344 1291 φήνασθαι.
2397 1218 2580 1272 ’Δλλοι
2606 1216 2664 1270 δὲ
2695 1214 2836 1270 κατὰ
2866 1216 2994 1278 τοὺς
3017 1213 3246 1285 χρόνους
3276 1210 3386 1263 τῶν
3415 1209 3647 1261 ἀποστό-

2053 1313 2159 1367 λων
2190 1313 2410 1384 Σίμωνα
2455 1311 2546 1365 τὸν
2575 1310 2748 1379 μάγον
2777 1309 2877 1379 τὴν
2920 1305 3161 1378 μεγάλην
3198 1301 3294 1357 τοῦ
3326 1300 3450 1355 θεοῦ
3486 1299 3647 1353 δύνα-

2058 1424 2150 1477 μιν
2178 1405 2427 1469 ἐκάλουν,
2457 1403 2619 1457 αὑτὸν
2635 1397 2776 1454 εἷναι
2802 1400 3127 1470 νομίσαντες
3144 1397 3237 1449 τὸν
3255 1394 3518 1465 Χριστόν*
3553 1390 3650 1445 καὶ

2055 1497 2197 1552 κατὰ
2228 1497 2326 1570 τὴν
2366 1495 2610 1569 Φρυγίαν
2642 1494 2700 1547 δὲ
2738 1491 3018 1547 Μοντανδν
3062 1490 3274 1560 ἕτερον
3314 1486 3551 1557 ἀλλαχοῦ
3587 1484 3647 1539 δὲ

2055 1589 2223 1644 πάλαι
2266 1588 2486 1660 ἑτέρους
2532 1586 2682 1641 ἄλλοι
2717 1585 3054 1656 νενομίκασι.
3105 1584 3215 1636 Καὶ
3250 1582 3310 1634 οὺ
3346 1574 3651 1634 παύσοκὲταί

2054 1698 2119 1751 γε
2147 1680 2463 1745 ἀπατεῶνες
2482 1697 2496 1710 ο
2545 1679 2852 1752 προσδοκᾷν
2887 1677 2997 1749 γάρ
3030 1675 3137 1747 χρὴ
3161 1675 3256 1729 καὶ
3291 1674 3510 1736 πλείους
3541 1689 3654 1726 τοι·

2056 1772 2248 1837 ούτους
2281 1772 2499 1827 ἔσεσθαι
2522 1789 2537 1804 ⁸
2582 1768 2644 1836 ἐξ
2678 1764 2753 1824 ὧν
2781 1771 2845 1841 δὴ
2879 1771 2974 1825 καὶ
3002 1768 3180 1824 αὐτῶν
3219 1770 3252 1839 ἡ
3284 1766 3515 1838 ἀλήθεια
3541 1764 3652 1819 τῶν

2059 1869 2341 1942 σωτηρίων
2369 1866 2732 1940 προγνώσεων
2752 1867 2852 1937 τὴν
2890 1865 3194 1938 μαρτυρίαν
3224 1862 3469 1935 εἴληφεν.

2804 1961 2907 2014 IA'.

2131 2052 2243 2125 (85)
2280 2054 2465 2120 Ἀξιον
2520 2050 2802 2126 θαυμάσαι
2856 2053 2916 2107 τὸ
2956 2052 3230 2107 ἄπλαστον
3276 2052 3371 2105 καὶ
3424 2048 3653 2120 φιλάλη-

379 2160 485 2217 lem
518 2175 582 2214 ac
609 2157 1005 2230 philosophiam
1026 2150 1369 2222 evangelista:
1399 2148 1661 2205 Matthsei.
1694 2146 1790 2201 llic
1810 2145 1956 2200 enim

2071 2146 2153 2210 95c;
2177 2143 2330 2219 ἦθος,
2362 2148 2457 2202 καὶ
2478 2147 2577 2219 τὴν
2611 2148 2931 2218 φιλοσοφίαν
2956 2144 3050 2198 τοῦ
3083 2140 3470 2213 εὐαγγελιστοῦ
3501 2143 3654 2195 Mar-

380 2252 720 2321 superiorem
744 2248 869 2301 vita:
916 2253 1127 2315 partem
1160 2241 1303 2296 haud
1348 2254 1380 2294 a
1425 2247 1610 2293 sancta
1644 2235 1959 2304 auspicatus

381 2342 563 2396 fuerat
592 2339 950 2412 professione,
1005 2335 1098 2391 sed
1142 2335 1211 2389 ab
1269 2330 1447 2386 oliicio
1475 2328 1744 2385 telonario
1794 2335 1959 2395 atque

380 2438 451 2492 ab
477 2435 717 2489 avaritia:
747 2432 945 2488 studio.
973 2429 1158 2499 Neque
1191 2428 1293 2481 hoc
1320 2425 1606 2495 quisquam
1633 2430 1957 2476 caeterorum

383 2527 840 2598 evangelistarum
881 2523 1039 2577 nobis
1081 2519 1434 2583 revelaverat,
1465 2530 1571 2570 non
1605 2512 1722 2582 ejus
1760 2524 1959 2580 coapo-

383 2623 557 2677 stolns
589 2620 850 2683 Joannes,
883 2632 991 2672 non
1022 2616 1222 2678 Lucas,
1256 2608 1696 2680 nequeMarcus,
1724 2606 1815 2675 qui
1841 2619 1960 2659 cae—

384 2727 499 2770 tera
530 2713 821 2783 Evangelia
849 2711 1205 2779 scripserunt.
1226 2706 1332 2761 Sed
1354 2704 1528 2757 Lucas
1555 2702 1793 2771 quidem,
1829 2712 1962 2766 snp-

382 2820 578 2877 presso
605 2810 871 2874 praesente
896 2800 1135 2863 nomine,
1178 2798 1458 2866 antiquam
1500 2793 1620 2864 ejus
1647 2790 1960 2861 appellatio-

384 2914 509 2953 nem
581 2896 885 2967 usurpavit.
960 2893 1158 2946 Vcrum
1238 2891 1354 2958 ipse
1431 2886 1740 2947 Matthaaus,
1805 2897 1958 2936 suam

381 2989 673 3060 divulgans
719 2987 907 3048 vitam,
961 2984 1150 3052 suique
1206 2987 1495 3035 accusator
1543 2977 1742 3041 factus,
1795 2975 1862 3029 de
1902 2989 1960 3028 se

2061 2236 2215 2291 θαίου
2236 2256 2249 2270 ·
2282 2233 2436 2304 οὗτος
2479 2239 2589 2313 γὰρ
2617 2238 2710 2295 τὸν
2741 2240 3004 2314 πρότερον
3043 2237 3155 2308 βίον
3181 2237 3281 2290 οὐκ
3314 2234 3423 2289 ἀπὸ
3450 2234 3654 2306 σεμνῆς

2059 2330 2343 2405 διατριϐῆς
2370 2334 2615 2407 ὡρμᾶτο,
2648 2335 2711 2387 ὲκ
2742 2333 2799 2387 δὲ
2824 2333 2933 2385 τῶν
2958 2330 3099 2402 ἀμφὶ
3132 2330 3231 2392 τὰς
3280 2326 3542 2389 τελωνίας
3562 2327 3656 2378 καὶ

2061 2423 2372 2491 πλεονεξίας
2399 2427 2788 2497 σχολαζόντων.
2820 2425 2929 2479 Καὶ
2954 2423 3114 2478 τοῦτο
3138 2422 3246 2475 τῶν
3274 2419 3475 2474 λοιπῶν
3500 2419 3659 2487 εὐαγ-

2061 2519 2323 2591 γελιστῶν
2366 2519 2543 2581 οὐδεὶς
2571 2518 2731 2588 δῆλον
2766 2519 2898 2589 ἡμῖν
2938 2516 3211 2587 ἐποίησεν,
3243 2515 3341 2584 οὐχ
3372 2515 3401 2566 δ
3423 2512 3656 2566 συναπὸ-

2063 2613 2247 2677 στολος
2301 2610 2467 2664 αὐτοῦ
2510 2610 2788 2680 Ἰωάννης,
2821 2609 2946 2663 οὐδέ
2983 2625 3046 2677 γε
3077 2609 3311 2672 Λουκᾶς,
3341 2606 3465 2659 οὐδὲ
3497 2604 3657 2675 Μάρ-

2063 2722 2177 2770 κος,
2215 2706 2264 2758 οἱ
2306 2703 2414 2757 τῶν
2455 2702 2657 2757 λοιπῶν
2684 2702 3033 2771 Εὑαγγελίων
3078 2702 3443 2771 συγγραιρεῖςε
3485 2694 3602 2750 ἀλλ’
3628 2699 3659 2751 ὁ

2066 2796 2163 2868 μὲν
2202 2796 2417 2859 Λουκᾶς
2456 2794 2853 2864 συγκαλύπτων
2886 2794 2947 2847 τὸ
2985 2794 3177 2858 ὄνομα,
3224 2794 3290 2862 τῇ
3327 2791 3661 2862 ἀρχαιοτέρα

2063 2889 2403 2960 προσηγορίᾳ
2428 2889 2801 2959 κατεχρήσατο
2821 2904 2834 2918 ·
2862 2886 3024 2950 αὐτὸς
3050 2886 3108 2939 δὲ
3130 2884 3407 2947 Ματθαῖος
3430 2885 3522 2935 τὸν
3542 2884 3661 2935 ἐαυ-

2062 2979 2156 3034 τοῦ
2190 2979 2521 3051 στηλιτεύων
2554 2979 2687 3050 βίον,
2724 2980 2819 3033 καὶ
2860 2981 3164 3051 κατήγορος
3202 2976 3398 3030 ἑαυτοῦ
3444 2976 3664 3045 γινόμε-

383 3082 705 3139 nominatim
740 3080 794 3132 in
818 3075 1036 3146 proprio
1063 3072 1339 3128 volumine
1372 3072 1445 3125 ita
1474 3069 1668 3124 scribit
1700 3084 1713 3119 :
1749 3067 1814 3121 Et
1839 3083 1959 3121 cum

2071 3092 2173 3139 νος,
2226 3074 2488 3146 ὀνομαστὶ
2520 3074 2683 3137 αὐτὸς
2717 3071 2915 3128 ἑαυτοῦ
2964 3070 3331 3143 μεμνημένος,
3368 3072 3425 3123 ἐν
3468 3069 3548 3140 τῷ
3586 3070 3664 3120 οξ·

386 3174 633 3229 transiret
662 3170 785 3225 inde
815 3168 995 3231 Iesus,
1027 3164 1162 3220 vidit
1196 3164 1457 3217 hominem
1489 3162 1750 3215 sedentem
1785 3160 1841 3212 in
1884 3166 1962 3210 te-

386 3266 551 3329 lom‘o,
599 3262 911 3319 Hatthwum
947 3259 1154 3313 nomine
1195 3257 1264 3310 ⁸ο.
1311 3254 1517 3322 Quibus
1553 3254 1735 3308 verbis
1770 3251 1964 3305 vulnus

390 3371 556 3422 suum
583 3353 896 3417 accusabat,
949 3358 1010 3405 ut
1061 3347 1327 3403 medentis
1373 3356 1547 3401 artem
1589 3345 1961 3399 admirareris.

386 3448 706 3516 Rursusque
733 3458 965 3515 pergens
1015 3440 1263 3503 ulterius,
1296 3447 1353 3494 et
1384 3437 1688 3506 catalogum
1725 3435 1966 3505 discipu-

387 3541 564 3596 lorum
597 3550 944 3612 percenseas,
978 3533 1093 3603 ipse
1119 3532 1223 3587 sibi
1250 3529 1523 3600 publicani
1561 3544 1757 3584 nomen
1794 3527 1966 3596 impo-

388 3635 491 3698 nit,
520 3628 1009 3701 proptcreximiam
1045 3640 1196 3678 suam
1222 3623 1518 3678 bonitatem
1543 3622 1685 3676 haud
1712 3621 1967 3674 dissimu-

389 3725 513 3780 lans
536 3720 835 3793 superioris
864 3719 989 3773 vita:
1018 3731 1210 3786 genus,
1240 3724 1296 3769 et
1336 3713 1716 3785 peccatoribus
1742 3726 1803 3767 se
1831 3726 1965 3766 con-

393 3825 666 3880 numerat,
704 3828 870 3883 seque
917 3810 1211 3865 secundum
1245 3817 1369 3878 post
1407 3805 1782 3876 coapostolum
1833 3802 1969 3857 scri-

390 3913 488 3967 bit.
521 3909 657 3964 Nam
697 3922 758 3962 se
788 3904 1109 3961 combinans
1134 3916 1256 3955 cum
1283 3900 1513 3965 ’l'homa,
1539 3909 1599 3953 ut
1642 3912 1763 3953 cum
1805 3896 1968 3951 Petro

332 3986 337 3995 ’
392 3999 709 4063 Andream},
754 4009 877 4049 cum
926 3991 1128 4047 Jacobo
1180 3989 1476 4046 Joannem.
1538 4004 1662 4059 eum
1722 3988 1969 4054 Philippo

395 4088 872 4150 Barthotomazum,
921 4085 1024 4165 sibi
1054 4083 1269 4155 quidem
1312 4081 1581 4137 Thomam
1609 4080 1871 4150 prmponit
1901 4081 1968 4144 ιί,

396 4179 689 4251 praeferens
746 4178 845 4234 sibi
889 4177 1034 4231 hunc
1080 4174 1451 4245 coapostolum
1477 4174 1634 4238 quasi
1677 4173 1966 4243 potiorem,

396 4290 521 4330 cum
571 4272 765 4342 reliqui
796 4270 1143 4342 evangelistae
1195 4282 1355 4323 secus
1393 4267 1643 4323 iccerint.

465 4549 571 4605 Per
601 4551 703 4604 hos
732 4557 913 4604 autem
949 4546 1196 4602 homines
1226 4544 1566 4617 polytheismi
1608 4557 1767 4599 error
1808 4541 1969 4613 paulo

396 4651 519 4712 pou
544 4656 773 4698 eversus
803 4641 923 4707 fuit,
953 4641 1160 4711 Deique
1184 4654 1409 4709 regnum
1429 4636 1682 4693 omnibus
1705 4637 1974 4707 priedica-

402 4743 514 4788 tum
543 4733 612 4786 ι’.
642 4728 881 4800 ideoque
924 4730 1166 4801 oportuit
1219 4744 1317 4785 nos
1373 4743 1442 4784 ne
1496 4728 1716 4783 nomina
1750 4726 1969 4796 quidem

397 4823 612 4878 illorum
646 4824 914 4892 ignorare.
953 4821 1190 4875 Primum
1220 4835 1353 4890 ergo
1389 4834 1506 4889 par.
1546 4818 1740 4872 Petrus
1777 4826 1832 4871 et
1862 4817 1974 4870 An-

399 4916 582 4981 dreas,
613 4930 749 4985 quos
793 4915 907 4985 jam
946 4926 1113 4968 antea
1164 4914 1399 4968 diximus
1454 4911 1753 4981 piscatores
1784 4911 1969 4964 fuisse.

401 5005 648 5061 Alterum
705 5019 802 5074 par
831 5003 1068 5060 Jacobus
1114 5014 1171 5058 et
1215 5001 1473 5067 Joannes,
1505 5004 1669 5057 ambo
1710 5001 1973 5057 Zcbedaeo

402 5095 593 5164 geniti,
620 5103 675 5150 et
696 5096 748 5150 hi
774 5094 1021 5150 similiter
1047 5094 1368 5164 piscatores.
1393 5092 1522 5146 Post
1561 5094 1661 5148 hos
1697 5091 1976 5161 Philippus

404 5195 460 5237 et
491 5184 938 5241 Bartholomaeus.
973 5184 1232 5251 Quisnam
1274 5176 1408 5238 vero
1460 5193 1516 5238 et
1560 5184 1652 5239 hic
1699 5183 1978 5253 Philippus

406 5278 590 5345 fuerit,
631 5278 869 5334 Joannes
900 5277 1228 5347 evangelista
1269 5277 1430 5332 docet
1453 5277 1520 5341 ",
1551 5278 1679 5331 dum
1705 5278 1782 5331 ait
1813 5277 1980 5333 fuisse

2072 3167 2204 3237 κείῳ
2240 3167 2633 3238 συγγράμματι
2675 3165 2812 3219 τόνδ’
2859 3166 3061 3235 ἱστορεῖ
3108 3163 3199 3216 τὸν
3253 3162 3499 3233 τρόπον’
3554 3161 3661 3214 Καὶ

2072 3259 2353 3329 παράγων
2390 3258 2621 3314 ἐκεῖθεν
2651 3262 2684 3312 ὀ
2721 3257 2961 3326 Ἰησοῦς
3005 3253 3155 3311 εἶδεν
3203 3254 3518 3324 ἄνθρωπον
3563 3270 3667 3307 κα-

2073 3350 2331 3420 θήμενον
2355 3350 2455 3403 ἐπὶ
2492 3351 2556 3403 τὸ
2595 3349 2899 3414 τελώνιον,
2945 3348 3246 3405 Ματθαῖον
3289 3349 3537 3417 ὀνόματι
3561 3364 3575 3377 ·
3606 3347 3665 3399 ὲ-

2072 3443 2280 3514 λέγχων
2314 3441 2507 3497 ἑαυτοῦ
2543 3444 2603 3496 τὸ
2631 3442 2871 3514 τραῦμα,
2909 3442 2997 3496 ἵνα
3035 3441 3321 3512 θαυμάσῃς
3342 3440 3440 3511 τὴν
3472 3436 3667 3508 τέχνην

2072 3534 2166 3589 τοῦ
2205 3534 2604 3607 ίατρεύσαντος.
2642 3535 2751 3588 Καὶ
2782 3535 2942 3589 πάλιν
2975 3532 3178 3607 προῖὼν
3208 3532 3336 3603 ἑξῆς
3361 3532 3454 3585 τόν
3479 3548 3540 3584 τε
3565 3548 3668 3583 κα-

2072 3629 2298 3698 τάλογον
2354 3628 2462 3681 τῶν
2484 3628 2687 3681 λοιπῶν
2741 3627 2997 3699 μαθητῶν
3031 3626 3517 3698 ἐξαριθμούμενος,
3572 3623 3671 3677 αὖ-

2072 3720 2165 3784 τὸς
2196 3720 2374 3793 ἑαυτῷ
2416 3720 2477 3773 τὸ
2513 3721 2607 3773 τοῦ
2640 3721 2872 3774 τελώνου
2913 3719 3268 3792 προστίθησιν
3300 3720 3491 3790 ὄνομα,
3523 3718 3588 3770 δι’
3610 3718 3671 3771 0-

2075 3810 2346 3882 περϐολὴν
2385 3810 2683 3873 ἐπιεικείας
2732 3810 2807 3880 μὴ
2854 3809 3207 3881 ἐπικρύπτων
3249 3807 3342 3860 τὸν
3399 3807 3671 3879 πρότερον

2075 3902 2269 3957 ἑαυτοῦ
2295 3902 2435 3973 βίοψ
2478 3902 2572 3955 καὶ
2606 3901 2951 3973 ἁμαρτωλοῖς
2979 3902 3169 3955 ἑαυτὸν
3205 3900 3548 3972 συναριθμεῖ,
3575 3901 3670 3953 καὶ

2075 3996 2169 4050 τοῦ
2202 3995 2599 4050 συναποστόλου
2642 3994 2894 4066 δεύτερον
2929 3994 3118 4048 ἑαυτὸν
3163 3993 3476 4061 καταλέγει.
3538 3993 3673 4044 Συν-

2078 4086 2405 4159 εζευγμένος
2437 4085 2570 4156 γοῦν
2597 4085 2676 4157 τῷ
2703 4085 2894 4158 Θωμᾷ,
2928 4087 3005 4151 ῶς
3048 4086 3253 4155 Πέτρος
3296 4084 3540 4156 Ἀνδρέᾳ,
3578 4084 3675 4137 καὶ

2090 4180 2345 4244 Ἰάκωϐος
2398 4179 2642 4251 Ἰωάννῃ,
2695 4178 2962 4243 Φίλιππός
3014 4196 3073 4232 τε
3108 4180 3203 4232 καὶ
3246 4177 3672 4248 Βαρθολομαῖος,

2080 4272 2371 4343 προτάττει
2398 4269 2591 4323 ἑαυτοῦ
2621 4256 2714 4323 τὸν
2749 4270 2970 4340 Θωμᾶν,
3000 4268 3281 4341 προτιμῶν
3314 4268 3391 4331 ὡς
3424 4267 3676 4335 κρείττο-

2082 4382 2146 4418 να
2175 4364 2267 4417 τὸν
2296 4362 2715 4428 συναπὸστολον,
2745 4361 2855 4414 τῶν
2892 4362 3096 4416 λοιπῶν
3132 4359 3532 4429 εὐαγγελιστῶν
3556 4358 3677 4412 τού-

1998 4444 2043 4500 Ῐ)
2073 4456 2283 4512 ναντίον
2314 4454 2713 4524 πεποιηκότων.

2146 4543 2261 4616 (86)
2295 4544 2397 4597 Διὰ
2425 4545 2489 4614 δὴ
2514 4543 2718 4596 τούτων
2749 4542 2857 4595 τῶν
2887 4526 3097 4610 άνδρῶν
3126 4543 3159 4612 ἡ
3204 4540 3465 4605 πολύθεος
3494 4543 3677 4615 πλάνη

2079 4640 2271 4710 μικρὸν
2312 4636 2537 4707 ὕστερον
2578 4634 2926 4708 ἁνετρέπετο,
2964 4634 2998 4704 ἦ
3033 4651 3092 4687 τε
3126 4632 3220 4686 τοῦ
3251 4632 3385 4686 Θεοῦ
3428 4634 3681 4703 βασιλεία

2074 4735 2189 4795 τοῖς
2221 4732 2389 4784 πᾶσιν
2418 4727 2768 4799 ὲκηρύττετο.
2815 4727 2907 4780 Διὸ
2940 4727 3036 4780 καὶ
3069 4726 3382 4794 ἀναγκαίως
3414 4728 3590 4799 ἐχρῆν
3616 4731 3681 4799 ή-

2082 4825 2188 4895 μᾶς
2215 4821 2336 4894 μηδ’
2368 4821 2429 4886 ἐξ
2456 4822 2720 4893 ὀνόματος
2756 4820 3017 4890 ἀγνοῆσαι
3050 4819 3193 4883 τίνες
3225 4814 3365 4889 ἦσαν
3388 4812 3562 4875 οὗτοι.
3611 4822 3681 4875 Ἠ

2077 4917 2175 4988 μὲν
2202 4910 2295 4969 οῦν
2321 4912 2510 4987 πρώτη
2545 4912 2776 4981 συζυγία
2797 4913 3001 4984 Πέτρος
3017 4912 3111 4965 καὶ
3151 4912 3423 4983 Ἀνδρέας,
3453 4912 3551 4978 οὓς
3581 4916 3682 4985 ἐμ-

2074 5008 2307 5081 προσθεν
2334 5006 2681 5077 ἐδηλώσαμεν
2711 5004 2879 5069 ἁλιεῖς
2903 5006 3062 5067 ὄντας
3082 5021 3094 5033 ’
3128 5003 3357 5077 δευτέρα
3392 5006 3450 5059 δὲ
3489 5007 3683 5060 Ἰάκω-

2075 5100 2169 5164 ϐος
2198 5100 2293 5153 καὶ
2335 5098 2609 5170 Ἰωάννης,
2643 5098 2810 5168 ἄμφω
2838 5097 3129 5151 Ζεϐεδαίου
3156 5099 3368 5162 παῖδες,
3398 5100 3497 5153 καὶ
3533 5095 3678 5153 οὗτοι

2076 5192 2249 5255 ἁλιεῖς
2275 5208 2289 5222 ο
2338 5191 2466 5263 ἑξῆς
2504 5190 2561 5244 δὲ
2593 5189 2803 5254 τούτοις
2849 5186 2918 5261 ἦν
2965 5190 3229 5254 Φίλιππος
3272 5192 3366 5245 καὶ
3403 5192 3650 5264 Βαρθολο

2082 5289 2240 5356 μαῖος
2264 5302 2277 5316 ’
2316 5286 2402 5349 τίς
2430 5301 2563 5337 ποτε
2596 5283 2653 5336 δὲ
2684 5279 2754 5355 ἦν
2783 5284 2880 5337 καὶ
2906 5277 3060 5347 οὗτος
3087 5286 3117 5337 ὁ
3152 5283 3439 5348 Φίλιππος,
3491 5285 3658 5338 Ἰωάν-

473 5394 521 5427 ²⁶
542 5393 737 5450 Mattn.
770 5408 853 5459 Ix,
881 5392 936 5447 9.
1013 5394 1058 5426 ²¹
1087 5392 1277 5446 Matth.
1316 5408 1370 5456 κ,
1401 5391 1454 5445 5.
1532 5393 1578 5423 “
1628 5390 1761 5448 Luc.
1795 5409 1870 5460 vi,
1902 5396 1962 5450 15

2071 5399 2112 5430 ’³
2137 5398 2298 5454 Joan.
2332 5415 2373 5464 ι,
2408 5398 2499 5453 45.

475 5505 589 5645 (8i)
618 5506 750 5562 Cod.
773 5508 837 5562 Α.
870 5509 912 5561 i.
935 5506 1063 5562 269.
1090 5506 1213 5575 Syr.
1244 5506 1336 5570 IV,
1358 5506 1447 5560 55.

477 5576 567 5645 (85
612 5578 735 5645 Syr.
767 5575 833 5641 ν,
865 5577 954 5631 58.
975 5577 1299 5631 Nominatim
1325 5579 1447 5630 recil

477 5575 589 5647 (85)
612 5578 735 5646 Syr.
767 5575 833 5641 ν,
865 5577 1299 5647 58.§ominatim
1325 5579 1584 5647 recitatur
1622 5576 1710 5632 hic
1739 5578 1887 5631 locus
1910 5593 1975 5631 ex

410 5646 623 5716 Eusebii
642 5648 932 5716 evangelica
962 5646 1293 5715 Themi/mnia
1316 5648 1369 5699 in
1389 5646 1505 5699 cod.
1540 5647 1605 5699 Α.
1628 5647 1650 5698 ί
1653 5687 1667 5700 .
1681 5648 1749 5702 88
1768 5649 1819 5708 b;
1848 5648 1974 5701 item

403 5714 901 5784 inVindobonénsi,
930 5714 1182 5784 proutud
1211 5716 1369 5769 Lrum
1396 5718 1612 5787 scripsit
1637 5717 1963 5789 Κυιιξιλρμς.

2087 5511 2339 5594 Ple‘ndum
2389 5520 2569 5566 autem
2602 5510 2913 5594 ρεοφάνους
2956 5528 3056 5594 pro
3091 5513 3471 5594 βεσφῳείας,
3521 5532 3661 5583 :rqm

2088 5580 2489 5719 ξηιζῗιὶιίοοηυιη
2516 5580 2757 5651 codicem
2783 5580 2972 5646 atque'
3002 5586 3057 5639 in
3091 5580 3564 5643 Vindoboncnsem
3589 5580 3650 5642 ἐι·

2149 5722 2261 5789 (86)
2305 5721 2439 5778 Cod.
2477 5722 2540 5776 A.
2575 5721 2615 5776 f.
2651 5721 2721 5777 94
2748 5726 2817 5789 b;
2872 5722 2998 5791 Syr.
3032 5723 3098 5792 Υ,
3129 5726 3217 5780 45.
