3858 6214
376 329 480 386 659

1037 339 1308 403 EUSEBII
1346 345 1822 405 CESARIENSIS
1856 347 2009 406 OPP.
2048 347 2225 404 PARS
2259 346 2350 403 ιν.
2389 378 2457 388 -—
2497 340 2910 402 DOGMATICA.

3499 341 3607 401 660

377 452 518 508 rium
557 455 778 514 oraculo
823 458 989 517 fuisse
1021 467 1442 533 praenuntiatum
1471 481 1631 542 atque
1656 487 1686 527 s
1727 472 1932 543 Spiritu

2064 471 2460 542 ιροτεθέσπιστο
2507 470 2601 524 καὶ⁸
2649 466 2988 540 προελαλήθη
3040 465 3118 538 τῷ
3166 458 3475 537 Πνέύματι,
3531 464 3611 527 ὡς

376 543 729 615 praedictum,
786 549 905 605 fore
960 553 1220 611 nimirum
1269 567 1328 614 ut
1363 560 1468 616 sub
1512 576 1580 617 eo
1624 572 1941 618 nasceretur

375 631 648 705 Christus,
695 641 788 709 qui
820 642 1053 701 humana
1100 658 1294 706 cuncta
1325 667 1488 722 regna
1521 654 1846 721 destrueret,
1887 663 1942 712 et

325 768 342 786 ,
377 740 534 780 suum
576 737 948 807 tantummodo
998 739 1198 809 ubique
1241 741 1528 810 stabiliret,
1579 745 1732 814 cujus
1763 747 1942 803 nullus

379 814 520 870 foret
551 816 693 873 ﬁnis.
735 820 876 893 Ergo
901 825 1001 880 viri
1029 827 1421 886 desideriorum
1454 833 1676 889 oracula
1706 834 1805 891 hoc
1834 833 1943 891 fer-

378 919 467 960 me
499 922 874 980 argumentum
915 916 1237 975 habuerunt.

451 999 912 1067 Quemadmodum
967 1008 1096 1064 olim
1147 1009 1375 1082 Egyptl
1413 1013 1645 1086 principi
1681 1016 1944 1086 interpres

381 1102 713 1159 somniorum
751 1107 960 1162 exstitit
1004 1107 1225 1180 Ioseph,
1260 1111 1332 1164 ita
1360 1109 1547 1165 Daniel
1571 1108 1942 1164 Chaldaeorum

378 1191 708 1251 dominatori
775 1196 1314 1256 Nabuchodonosoro
1389 1200 1563 1256 visum
1630 1199 1938 1257 declaravit.

381 1282 585 1355 Nempe
631 1288 775 1357 quod
819 1298 997 1346 statua
1031 1293 1084 1346 in
1128 1293 1332 1349 somnis
1378 1293 1480 1364 ipsi
1504 1300 1744 1359 ostensa,
1793 1291 1946 1362 cujus

381 1385 543 1444 caput
592 1391 847 1444 aureum,
894 1389 1080 1450 pectus
1121 1391 1474 1452 argenteum,
1515 1391 1705 1438 venter
1741 1397 1944 1445 ancus,

383 1467 548 1534 pedes
590 1465 774 1534 ferrei,
818 1478 1056 1539 quatuor
1115 1473 1338 1542 imperia
1398 1473 1750 1544 signiﬁcaret.
1829 1471 1948 1540 Ipse

383 1554 599 1622 quidem
630 1567 794 1626 caput
820 1572 1064 1625 aureum,
1095 1572 1312 1631 propter
1340 1575 1471 1628 opes
1501 1560 1766 1614 maximas
1789 1568 1950 1628 atque

383 1647 607 1706 delicias
633 1666 820 1722 regum
849 1653 1288 1727 Assyriacorum.
1346 1652 1596 1724 Magnum
1628 1661 1808 1707 autem
1845 1651 1950 1706 fuit

382 1741 725 1813 Assyriorum
774 1745 1082 1815 imperium,
1115 1746 1240 1816 quia
1275 1745 1446 1800 tenuit
1485 1742 1804 1815 Egyptum,
1853 1741 1945 1797 Li-

383 1832 568 1904 byam,
597 1842 651 1889 et
685 1835 990 1890 universam
1029 1836 1240 1901 Asiam,
1279 1847 1335 1891 et
1371 1849 1543 1905 usque
1591 1835 1657 1888 ad
1698 1833 1947 1888 Indorum
1979 1817 2024 1876 Β

387 1925 660 1993 regionem
688 1925 820 1981 ﬁnes
850 1926 1068 1996 protulit
1105 1944 1118 1979 :
1153 1926 1459 1996 mansitque
1488 1925 1662 1996 longis
1684 1937 1951 1978 annorum

386 2015 652 2084 periodis;
691 2033 814 2072 nam
855 2029 1016 2088 capto
1050 2034 1080 2073 a
1117 2018 1420 2074 Nembrodo
1461 2018 1639 2081 initio,
1682 2031 1858 2085 usque
1885 2015 1953 2070 ad

389 2103 969 2163 Nabuchodonosorum
1015 2108 1232 2162 devenit
1280 2123 1295 2159 :
1342 2121 1518 2177 neque
1553 2115 1715 2161 antea
1773 2105 1950 2171 desiit,

387 2210 547 2264 quam
587 2198 672 2252 ille
698 2197 792 2254 Dei
828 2199 1025 2268 templo
1066 2198 1560 2270 Hierosolymitano
1600 2212 1789 2253 manus
1819 2197 1955 2267 inje-

389 2293 487 2346 cit.
526 2291 636 2348 lloc
659 2301 804 2348 enim
839 2304 1054 2364 patrato
1091 2293 1356 2362 facinore,
1403 2295 1590 2350 statim
1626 2293 1761 2350 Medi
1791 2300 1956 2364 Assy-

389 2383 592 2437 riorum
638 2385 922 2455 imperium
967 2386 1364 2454 dissolverant;
1416 2387 1738 2457 primusque
1783 2386 1956 2456 Cyrus

390 2475 458 2531 ad
500 2474 694 2532 Persas
739 2477 1019 2534 transtulit
1072 2487 1432 2548 potentatum.
1502 2475 1736 2532 Secundi
1796 2477 1958 2546 igitur

391 2577 512 2637 post
535 2569 788 2640 Assyrios
814 2571 994 2626 Persae
1028 2572 1148 2626 orbi
1199 2572 1576 2642 imperitarunt
1599 2569 1880 2639 splendide
1904 2579 1959 2622 et

392 2659 586 2730 insigni
619 2675 742 2715 cum
778 2662 949 2732 gloria
983 2679 997 2714 :
1027 2677 1189 2732 quam
1223 2677 1334 2718 rem
1374 2661 1751 2732 signiﬁcabant
1777 2670 1960 2730 partes

393 2750 643 2807 secundae
704 2752 758 2806 in
813 2761 1012 2816 statua,
1070 2765 1294 2823 argento
1352 2761 1680 2809 constantes.
1744 2752 1959 2806 Tertius

394 2857 526 2898 vero
545 2844 931 2912 superveniens
958 2844 1268 2900 Alexander
1294 2845 1512 2901 Macedo
1550 2844 1806 2914 pugnavit
1837 2859 1956 2899 cum

393 2932 558 2990 Persa
586 2934 769 3001 Dario,
805 2949 980 3005 eoque
1011 2936 1177 3002 victo,
1209 2937 1497 3007 imperium
1537 2938 1604 2990 ad
1635 2935 1960 2992 Macedones

396 3023 629 3079 devolvit
659 3039 675 3077 :
709 3025 873 3093 hique
899 3025 1151 3094 gentibus
1189 3025 1398 3080 cunctis
1427 3025 1586 3095 potiti
1614 3033 1761 3090 sunt,
1814 3025 1958 3081 tertii

397 3124 520 3184 post
547 3114 771 3184 primos.
795 3115 1186 3185 Significabant
1222 3126 1403 3170 autem
1451 3115 1550 3171 hos
1580 3130 1816 3186 quoque,
1854 3124 1962 3170 ter-

399 3206 489 3261 tiae
534 3214 727 3261 statua
760 3216 946 3277 partes
981 3221 1048 3262 ex
1094 3221 1202 3262 mre
1230 3224 1245 3262 :
1277 3216 1363 3262 est
1400 3207 1545 3262 enim
1593 3205 1708 3262 hare
1738 3207 1962 3262 materia

398 3299 557 3356 valde
591 3301 814 3369 vocalis,
845 3310 902 3358 et
959 3301 1120 3373 longe
1169 3302 1384 3370 lateque
1433 3315 1716 3356 resonans.
1770 3299 1967 3372 Hujus-

401 3391 546 3446 modi
575 3391 675 3446 fuit
712 3391 1062 3448 Macedonum
1111 3392 1418 3460 imperium,
1481 3391 1577 3460 qui
1612 3390 1782 3446 Grazci
1812 3399 1968 3447 erant

400 3491 455 3537 et
482 3483 754 3538 idiomatis
781 3483 1172 3554 exquisitioris.
1214 3483 1344 3539 Post
1376 3483 1492 3538 haec
1518 3483 1758 3538 ferreum
1798 3483 1966 3538 deno-

405 3575 616 3629 labatur
641 3575 954 3645 imperium,
982 3574 1240 3640 validum,
1269 3584 1325 3630 et
1362 3588 1532 3644 super
1579 3574 1757 3628 omnia
1784 3574 1967 3644 priora

404 3665 760 3723 fortissimum
793 3682 810 3722 :
837 3683 958 3722 nam
983 3676 1038 3722 et
1061 3665 1190 3722 ferri
1217 3676 1409 3721 natura
1444 3665 1684 3736 reliquas
1714 3667 1972 3722 materias

403 3753 704 3830 propellere
743 3767 799 3816 et
838 3773 1097 3829 superare
1141 3758 1299 3813 solet.
1346 3756 1632 3824 Quodnam
1686 3771 1815 3812 vero
1865 3758 1970 3813 hoc

407 3862 510 3916 est,
543 3853 645 3906 nisi
673 3852 1039 3908 Romanorum
1083 3852 1390 3920 imperium,
1437 3849 1580 3919 quod
1629 3848 1972 3905 Macedonico

407 3943 704 3997 successit?
753 3942 863 3996 Sub
898 3943 1000 3996 hoc
1025 3941 1202 3997 ferreo
1229 3941 1456 4010 imperio
1504 3939 1755 3995 Christus
1787 3942 1971 3997 nasci-

407 4043 516 4098 tur,
552 4032 686 4101 lapis
709 4032 774 4088 de
802 4040 984 4088 monte
1011 4047 1110 4088 nec
1136 4033 1288 4086 ferro
1320 4045 1423 4086 nec
1453 4033 1704 4087 manibus
1726 4032 1968 4088 excisus.

410 4121 535 4176 Haec
577 4137 705 4177 vero
753 4122 978 4190 imperia
1043 4122 1144 4177 sub
1199 4121 1526 4191 imaginibus
1574 4121 1970 4176 irrationaiium

411 4227 783 4283 saavarumque
810 4213 1051 4268 ferarum
1084 4223 1301 4268 ostensa
1336 4215 1610 4284 prophetae
1643 4213 1882 4268 fuerunt.

2039 564 2161 616 κατ’
2191 561 2359 632 αὐτὴν
2395 560 2674 632 μέλλοντος
2700 555 3024 629 γεννηθῆναι
3052 555 3315 635 Χριστοῦ,
3333 557 3392 620 ὃς
3413 553 3607 626 ἔμελλε

2040 658 2222 720 πάσας
2250 655 2350 719 τὰς
2391 657 2449 710 ἐν
2494 653 2801 726 ἀνθρώποις
2851 651 3123 724 βασιλείας
3166 649 3470 719 καθαιρεῖν,
3511 647 3610 700 καὶ

2039 748 2139 819 τὴν
2181 747 2317 802 ἰδίαν
2376 745 2744 800 ἀποδεικνύειν
2793 744 2960 816 μόνην
3015 741 3230 796 πάντων
3277 736 3608 811 κρατοῦσαν,

2041 843 2136 896 καὶ
2162 841 2314 904 τέλος
2353 839 2455 892 οὐκ
2485 836 2894 909 ὲπιδεχομένην.
2926 834 3010 888 Τά
3035 850 3100 903 γε
3137 833 3242 904 μὴν
3279 829 3375 883 τοῦ
3414 827 3611 897 ἀνδρὸς

2041 932 2150 986 τῶν
2182 930 2484 1002 ἐπιθυμιῶν
2514 929 2856 1000 θεσπίσματα
2876 922 2980 981 ὧδέ
3005 943 3082 996 πη
3114 922 3255 993 εἶχεν
3279 919 3608 981 ὑποθέσεως.

2115 1025 2324 1093 ’Ὥσπερ
2367 1021 2496 1074 ποτὲ
2543 1019 2622 1091 τῷ
2660 1019 2762 1090 τῆς
2782 1018 3058 1088 Αἰγύπτου
3091 1015 3309 1086 ἄρχοντι
3341 1009 3614 1082 ἑρμηνεὺς

2043 1115 2150 1169 τῶν
2179 1114 2516 1185 τεθεαμένων
2543 1115 2602 1166 ἐν
2641 1111 2829 1174 ὕπνοις
2860 1109 3095 1177 κατέστη
3122 1107 3152 1159 6
3194 1103 3407 1173 Ἰωσὴφ,
3440 1101 3614 1162 οὓτως

2044 1208 2073 1259 6
2106 1202 2302 1272 Δανιὴλ
2330 1201 2409 1272 τῷ
2435 1199 2715 1254 Χαλδαίων
2755 1200 2975 1269 ἄρχοντι
3017 1191 3489 1263 Ναϐουχοδονόσορ
3514 1188 3616 1257 τὴν

2045 1297 2166 1366 δψιν
2206 1295 2478 1364 διασαφεῖ,
2519 1293 2597 1356 ὡς
2634 1291 2743 1363 ἄρα
2775 1293 2808 1361 ἠ
2855 1288 3018 1342 εἰκὼν
3059 1285 3198 1339 κατά
3241 1284 3369 1345 τοὺς
3415 1281 3618 1340 ὕπνους

2047 1387 2196 1460 αὐτῷ
2237 1387 2484 1458 ὀφθεῖσα,
2515 1381 2583 1458 ἦς
2629 1387 2664 1455 ή
2705 1381 2914 1452 κεφαλὴ
2967 1379 3166 1451 χρυσῆ,
3212 1377 3272 1430 τὸ
3314 1374 3372 1428 δὲ
3422 1371 3620 1442 στῆθος

2047 1481 2337 1553 ἀργύρεον,
2381 1481 2416 1550 ή
2453 1479 2508 1534 δὲ
2540 1477 2714 1531 κοιλία
2741 1474 2936 1546 χαλκῆ,
2976 1472 3069 1525 καὶ
3099 1471 3150 1524 οἰ
3195 1468 3354 1529 πόδες
3389 1463 3620 1534 σιδηροῖ,

2047 1575 2316 1644 τέσσαρας
2358 1571 2505 1641 δηλοῖ
2547 1567 2844 1639 βασιλείας·
2884 1563 3044 1628 αὐτὸς
3077 1563 3170 1632 μὲν
3211 1559 3357 1613 ἔστιν
3383 1558 3418 1627 ἡ
3445 1553 3621 1644 χρυσῆ

2051 1643 2257 1734 κεφαλὴ
2288 1660 2376 1714 διὰ
2405 1660 2464 1712 τὸ
2498 1656 2864 1730 βαθύπλουτον
2893 1653 2985 1707 καὶ
3016 1649 3287 1722 τρυφηλὸν
3319 1647 3426 1700 τῶν
3467 1643 3625 1715 παρὰ

2063 1754 2365 1824 Ἀσσυρίοις
2411 1747 2884 1822 βεδασιλευκότων.
2930 1741 3155 1812 Μεγάλη
3200 1740 3258 1792 δὲ
3291 1738 3386 1792 καὶ
3412 1735 3553 1806 αὕτη
3585 1736 3621 1804 ἡ

2049 1844 2160 1898 τῶν
2221 1842 2521 1912 Ἀσσυρίων
2571 1837 2844 1910 βασιλεία·
2880 1835 3141 1904 κατέσχον
3186 1831 3295 1902 γὰρ
3343 1829 3626 1898 Αἰγύπτου

2052 1936 2147 1988 καὶ
2174 1932 2379 2004 Λιϐύης
2419 1931 2600 1993 Ἀσίας
2633 1947 2694 1983 τε
2739 1929 2940 1998 πάσης,
2971 1923 3181 1995 διῆλθόν
3217 1939 3276 1975 τε
3318 1921 3412 1974 καὶ
3461 1919 3627 1990 μέχρι

2051 2026 2151 2095 τῆς
2199 2022 2376 2076 Ἰνδῶν
2427 2020 2750 2091 οἰκουμένης
2772 2034 2787 2049 ·
2825 2013 3079 2087 διήρκεσέ
3114 2029 3174 2066 τε
3218 2013 3454 2083 μακραῖς
3486 2009 3629 2062 ἐτῶν

2053 2115 2342 2188 περιόδοις,
2373 2111 2654 2185 ἀρξαμένη
2693 2110 2792 2178 μὲν
2831 2105 2939 2160 ἀπὸ
2966 2103 3060 2158 τοῦ
3088 2101 3335 2173 Νεὸρὼδ,
3367 2100 3632 2172 παρατεί-

2053 2225 2186 2262 νασα
2229 2207 2286 2260 δὲ
2327 2205 2420 2258 ἐπὶ
2469 2204 2560 2256 τὸν
2604 2196 3104 2269 Ναϐουχοδονόσορ·
3139 2194 3201 2247 ού
3256 2193 3518 2266 πρότερον
3573 2190 3631 2244 δὲ

2053 2297 2385 2369 ἀπεσϐέσθη,
2419 2296 2453 2366 ἢ
2484 2296 2672 2367 χεῖρας
2718 2292 2811 2344 ἐπὶ
2846 2291 2936 2343 τὸν
2976 2291 3034 2342 ὲν
3075 2285 3465 2359 Ἱεροσολύμοις
3493 2282 3633 2336 νεὼν

2053 2392 2147 2447 τοῦ
2181 2387 2319 2444 Θεοῦ
2357 2387 2556 2459 βαλεῖν.
2593 2384 2795 2438 Τούτου
2833 2382 2942 2452 γὰρ
2975 2379 3287 2450 γενομένου,
3317 2377 3492 2448 Μῆδοι
3524 2393 3632 2459 πα-

2057 2481 2318 2554 ραχρῆμα
2358 2457 2470 2550 τὴν
2539 2474 2837 2545 Ἀσσυρίων
2895 2471 3068 2542 ἀρχὴν
3123 2466 3513 2522 καταλύουσιν·
3557 2457 3634 2516 ὧν

2056 2571 2270 2645 πρῶτος
2303 2568 2485 2641 Κῦρος
2527 2569 2608 2631 εἰς
2636 2565 2854 2637 Πέρσας
2886 2560 3254 2633 μετεστήσατο
3297 2557 3396 2628 τὴν
3427 2557 3636 2627 ἡγεμο-

2056 2665 2196 2718 νίαν.
2230 2661 2342 2716 Καὶ
2383 2661 2440 2715 δὲ
2471 2658 2710 2728 δεύτεροι
2757 2653 2894 2726 μετὰ
2928 2649 3244 2720 Ἀσσυρίους
3289 2648 3494 2720 Πέρσαι
3535 2646 3636 2716 τῆς

2056 2753 2380 2824 οἰκουμένης
2411 2749 2651 2820 ἐπῆρξαν
2674 2746 3031 2818 λαμπρότατα
3055 2743 3150 2797 καὶ
3181 2738 3453 2808 διαφανῶς
3473 2756 3485 2769 ·
3512 2738 3541 2790 ὃ
3569 2737 3636 2807 δὴ

2057 2848 2150 2902 καὶ
2177 2845 2366 2917 ἐδήλου
2396 2843 2466 2896 τὰ
2496 2842 2723 2912 δεύτερα
2762 2838 2902 2910 μέρη
2935 2838 3034 2908 τῆς
3067 2835 3272 2898 εἰκόνος
3301 2831 3358 2898 ἐξ
3390 2830 3636 2901 ἀργύρου

2059 2937 2422 3010 πεποιημένα.
2447 2935 2639 3007 Τρίτος
2675 2931 2732 2984 δὲ
2759 2927 2998 2983 ἐπελθὼν
3023 2925 3364 2994 Ἀλέξανδρος
3393 2925 3421 2977 ὁ
3451 2924 3640 2976 Μακε-

2058 3032 2162 3087 δὼν
2193 3027 2488 3101 συμϐάλλει
2523 3024 2622 3096 μὲν
2653 3022 2732 3094 τῷ
2768 3021 2951 3092 Πέρσῃ
2984 3017 3214 3089 Δαρείῳ·
3249 3013 3384 3068 ἐλὼν
3425 3014 3484 3067 δὲ
3511 3013 3639 3064 τοῦ-

2063 3143 2175 3188 τον,
2208 3122 2308 3193 τήν
2333 3118 2504 3191 ἀρχὴν
2532 3117 2612 3180 εἰς
2627 3113 2940 3176 Μακεδόνας
2971 3110 3359 3181 μετεστήσατο·
3384 3105 3480 3159 καὶ
3501 3121 3643 3175 κρα-

2066 3217 2248 3271 τοῦσιν
2283 3208 2427 3267 οὗτοι
2474 3207 2583 3262 τῶν
2631 3205 2800 3259 ἐθνῶν
2841 3203 3093 3258 ἁπάντων
3129 3199 3300 3272 τρίτοι
3349 3197 3486 3269 μετὰ
3513 3197 3642 3259 τοὺς

2067 3307 2335 3380 πρώτους.
2399 3303 2690 3373 Ἐσήμαινε
2743 3297 2800 3351 δὲ
2834 3296 2942 3368 ἄρα
2989 3295 3084 3348 καὶ
3137 3292 3356 3355 τούτους
3390 3289 3462 3343 τά
3484 3290 3644 3360 τρίτα

2071 3399 2210 3470 μέρη
2247 3396 2346 3466 τῆς
2377 3393 2584 3470 εἰκόνος
2614 3388 2704 3444 διὰ
2733 3387 2825 3442 τοῦ
2854 3384 3083 3457 χαλκοῦ·
3108 3383 3349 3452 εὒφωνος
3369 3380 3476 3450 γὰρ
3503 3381 3640 3449 αὔτη

2068 3490 2102 3560 ὴ
2131 3485 2230 3555 ὕλη
2265 3483 2359 3539 καὶ
2399 3479 2614 3553 μακρὰν
2641 3479 2794 3550 ἠχεῖν
2823 3474 3110 3546 δυναμένη.
3143 3472 3379 3541 Τοιαύτη
3409 3471 3468 3523 δέ
3495 3487 3578 3532 τις
3604 3470 3640 3538 ἡ

2068 3579 2175 3632 τῶν
2207 3573 2531 3630 Μακεδόνων
2570 3569 2854 3642 ἡγεμονία,
2897 3565 3163 3636 Ἑλλήνων
3193 3563 3358 3616 ὄντων
3397 3561 3493 3614 καὶ
3543 3560 3645 3629 τὴν

2070 3667 2314 3738 γλῶτταν
2340 3661 2744 3733 λογικωτέρων·
2785 3657 2878 3711 ἐπὶ
2918 3657 2975 3710 δὲ
3018 3654 3228 3718 τούτοις
3266 3652 3364 3724 τὴν
3395 3652 3644 3722 σιδήρεον

2071 3759 2290 3832 ᾐνίξατο
2320 3755 2615 3827 βασιλείαν,
2647 3748 2915 3823 κραταιὰν
2955 3747 3047 3801 καὶ
3090 3745 3454 3817 διαφερόντως
3491 3741 3647 3812 παρὰ

2075 3851 2253 3913 πάσας
2299 3849 2398 3909 τὰς
2439 3845 2544 3916 πρὸ
2573 3843 2740 3912 αὐτῆς
2785 3839 3138 3911 ἰσχυροτάτην
3159 3855 3172 3867 ·
3209 3838 3331 3890 ἐπεὶ
3362 3837 3458 3890 καὶ
3483 3837 3517 3906 ἡ
3549 3833 3642 3886 τοῦ

2075 3941 2292 4011 σιδήρου
2329 3938 2555 4006 δύναμις
2601 3932 2842 3985 ἐλαύνειν
2887 3931 2979 3983 καὶ
3021 3929 3279 4000 δαμάζειν
3320 3927 3420 3990 τὰς
3453 3925 3646 3988 λοιπὰς

2075 4033 2206 4096 ὔλας
2229 4029 2387 4100 φύσιν
2411 4029 2542 4098 ἔχει.
2573 4026 2669 4088 Τίς
2695 4024 2752 4077 δὲ
2777 4022 2938 4094 αὕτη,
2961 4022 2994 4093 ἢ
3021 4022 3129 4074 τῶν
3164 4019 3452 4090 Ῥωμαίων
3480 4016 3645 4088 ἁρχὴ,

2071 4126 2171 4196 τῆς
2201 4122 2310 4177 τῶν
2347 4118 2668 4175 Μακεδόνων
2707 4116 3024 4169 καταστᾶσα
3055 4111 3323 4181 διάδοχος;
3372 4110 3430 4162 ὲν
3477 4108 3649 4178 ταύτῃ

2073 4219 2140 4288 τῇ
2172 4214 2364 4285 σιδηρᾷ
2387 4209 2631 4282 βασιλείᾳ
2651 4207 2881 4278 Χριστὸς
2901 4207 3175 4275 γεννᾶται,
3198 4205 3226 4258 6
3243 4202 3476 4272 τμηθεὶς
3501 4201 3649 4264 λίθος

2073 4311 2134 4375 ἐξ
2159 4307 2335 4378 ὅρους,
2355 4303 2415 4356 ού
2439 4302 2662 4372 σιδήρῳ,
2681 4299 2792 4352 ἀλλ’
2816 4299 2942 4352 ἄνευ
2969 4295 3183 4366 χειρῶν·
3210 4295 3286 4364 τῷ
3310 4295 3368 4347 δὲ
3395 4294 3649 4365 προφήτῃ

2079 4396 2282 4468 θηρίων
2315 4391 2522 4460 ἀλόγων
2547 4407 2606 4442 τε
2633 4389 2726 4442 καὶ
2756 4385 2962 4456 ἀγρίων
2995 4385 3052 4436 ὲν
3089 4383 3320 4453 μορφαῖς
3351 4379 3648 4433 ἐδείκνυτο.

482 4487 634 4544 Sicut
675 4502 807 4543 auro
845 4486 1191 4557 Assyriorum
1241 4501 1370 4557 opes
1403 4487 1836 4558 repraesentavit,
1894 4490 1961 4546 sic

2123 4485 2468 4560 (90⁶)”Ωσπερ
2487 4480 2665 4551 μέντοι
2678 4479 2763 4533 διὰ
2777 4475 2870 4530 τοῦ
2883 4473 3080 4549 χρυσοῦ
3091 4473 3149 4526 τὸ
3163 4472 3528 4568 βαθύπλουτον
3544 4469 3652 4568 τῶν

412 4581 578 4638 leuata
606 4581 970 4658 effeminatam
1003 4581 1215 4636 illorum
1259 4580 1582 4650 mollemque
1611 4582 1776 4636 vitam
1810 4582 1980 4638 deno-

414 4673 570 4727 tavit.
601 4671 887 4727 Persarum
917 4688 1046 4728 vero
1080 4673 1389 4727 tarditatem
1418 4680 1475 4726 et
1507 4673 1719 4742 pondus
1766 4689 1862 4742 per
1891 4690 1984 4728 ur-

414 4780 549 4841 sam.
591 4765 876 4820 Panthem
917 4763 1230 4836 pernicitati
1273 4763 1639 4818 Alexandrum
1700 4779 1983 4834 compara-

415 4858 513 4921 vit,
541 4867 760 4928 propter
816 4858 1016 4914 indolis
1058 4858 1176 4928 ejus
1203 4872 1428 4913 acumen
1484 4864 1540 4910 et
1577 4857 1932 4910 mobilitatem
1964 4871 1980 4909 :

419 4951 506 5004 hic
532 4949 674 5002 enim
708 4963 830 5003 cum
882 4949 1138 5003 tredecim
1191 4956 1245 5004 et
1305 4946 1520 5016 quidem
1553 4945 1694 4998 haud
1755 4945 1976 5015 integris

418 5043 575 5098 armis
628 5041 961 5112 regnaverit,
1019 5041 1276 5093 mundum
1342 5037 1654 5091 universum
1704 5035 1978 5099 decurrit,

418 5134 658 5204 qualibet
681 5147 779 5188 ave
817 5130 1112 5196 volucrior,
1147 5130 1415 5198 Europam
1453 5141 1645 5196 nempe
1677 5137 1733 5181 et
1769 5126 1976 5192 Asiam,

420 5227 592 5288 donec
622 5229 795 5294 ipsum
839 5238 1101 5278 oceanum
1140 5223 1339 5284 attigit.
1371 5219 1600 5273 Romani
1632 5229 1815 5271 autem
1874 5217 1982 5270 Ma-

421 5318 654 5371 cedones
699 5313 930 5383 imperio
960 5310 1354 5380 spoliaverunt,
1392 5319 1729 5376 postremum.
1770 5305 1980 5358 illorum

421 5408 751 5476 deponentes
804 5419 982 5473 regem
1043 5402 1323 5456 Perseum.
1400 5399 1571 5470 Syros
1623 5409 1839 5466 quoque
1888 5409 1984 5464 per

420 5497 732 5567 Pompeium
783 5507 949 5567 atque
1008 5494 1301 5552 Gabinium
1359 5493 1525 5546 duces
1582 5491 1982 5558 subjugarunt,

422 5588 713 5658 Asiamque
773 5603 867 5656 per
940 5586 1155 5642 eosdem
1208 5581 1619 5652 stipendiariam
1713 5578 1982 5633 fecerunt.

422 5704 733 5792 vobg‘abtoﬁ
761 5703 1070 5796 κατέγραψε
1109 5702 1325 5796 νόμους,
1350 5699 1454 5796 2atati
1485 5696 1766 5796 παρεδίδου
1782 5711 1860 5796 ἢγε
1887 5694 1985 5796 τήν

428 5793 527 5796 ..μη
553 5793 613 5796 .___
651 5780 664 5796 Δ
684 5776 905 5796 γμιὶκζμμμ
966 5773 1205 5796 --------ἶ’-
1232 5789 1296 5796 .-.-
1382 5786 1492 5796 ...ιιλ
1521 5784 1604 5796 -.Α
1643 5784 1772 5796 ιιι-νη
1817 5783 1921 5796 una.
1943 5793 1985 5796 ,_

423 5765 614 5847 tmth
636 5765 919 5845 Διαθήκην
931 5765 1205 5842 λογισμοῖς
1232 5771 1322 5824 καὶ
1349 5765 1604 5831 διανοίαις
1643 5765 1987 5833 κεκαθαρμέ-

2091 4559 2386 4648 Ἀσσυρίων
2412 4571 2732 4643 παρίστατο,
2753 4567 2895 4621 οὕτω
2921 4565 3008 4619 διὰ
3034 4565 3136 4634 τῆς
3161 4561 3378 4630 λεαίνης
3401 4559 3464 4612 τὸ
3494 4559 3655 4629 τεθη-

2078 4673 2140 4725 λυ
2150 4669 2306 4740 μένον
2334 4663 2511 4719 αὐτῶν
2537 4661 2631 4714 καὶ
2656 4658 2851 4730 χαῦνον
2882 4655 3133 4726 ἐδηλοῦτο
3151 4671 3163 4683 ·
3191 4652 3250 4705 τὸ
3271 4651 3326 4704 δὲ
3351 4650 3520 4722 βραδὺ
3547 4649 3655 4702 τῶν

2078 4759 2302 4832 Περσῶν
2334 4756 2428 4809 καὶ
2443 4751 2780 4820 δυσκίνητον,
2800 4748 2886 4801 διὰ
2915 4747 3013 4817 τῆς
3046 4747 3214 4817 ἄρκου
3233 4759 3248 4772 ·
3305 4742 3571 4813 παρδάλει
3595 4741 3655 4794 δὲ

2078 4852 2328 4924 πτερωτῇ
2364 4847 2456 4900 τὸν
2515 4841 2856 4910 Ἀλέξανδρον
2892 4837 3172 4908 ἀφωμοίου
3201 4834 3288 4924 διὰ
3313 4833 3376 4924 τὸ
3409 4835 3508 4904 τῆς
3554 4832 3655 4924 φύε

2081 4921 2216 5000 σεως
2247 4935 2339 4999 ὀξυ
2375 4932 2469 4986 καὶ
2513 4929 2819 4998 εὐκίνητον·
2851 4927 2957 4978 οὐδ’
2987 4925 3128 4988 ὅλοις
3159 4923 3291 4992 γοῦν
3320 4921 3470 4974 ἔτεσι
3508 4921 3657 4990 τρισὶ

2081 5029 2174 5082 καὶ
2205 5027 2336 5079 δέκα
2386 5023 2481 5094 τὴν
2523 5021 2698 5093 ἀρχὴν
2745 5018 3141 5089 ἐπικρατήσας,
3188 5012 3285 5084 τὴν
3329 5011 3656 5082 οἰκουμένην

2081 5116 2311 5186 ἐπῆλθεν
2347 5115 2586 5176 ἃπασαν,
2618 5109 2817 5171 παντὸς
2846 5105 3030 5172 ὀρνέου
3062 5104 3250 5158 θᾶττον
3275 5101 3531 5163 διαπτάς,
3557 5101 3659 5153 Εὐ-

2087 5208 2274 5279 ρώπην
2316 5205 2451 5275 ὁμοῦ
2495 5203 2590 5255 καὶ
2631 5200 2836 5261 Ἀσίαν,
2883 5198 2960 5259 ὡς
3004 5197 3196 5267 μέχρις
3234 5194 3399 5247 αὐτοῦ
3453 5192 3660 5261 ψαῦσαι

2084 5295 2353 5350 ὠκεανοῦ·
2416 5293 2676 5362 Ῥωμαῖοι
2724 5289 2781 5339 δὲ
2837 5287 3150 5347 Μακεδόνας
3195 5284 3290 5354 μὲν
3333 5283 3437 5353 τῆς
3484 5280 3656 5352 ἀρχῆς

2089 5387 2477 5459 ἀφαιροῦνται,
2530 5383 2758 5436 ύστατον
2817 5379 2994 5433 αὐτῶν
3053 5374 3274 5446 βασιλέα
3340 5373 3661 5442 καθελόντες

2089 5481 2335 5553 Περσέα·
2385 5478 2588 5548 Σύρους
2635 5475 2694 5528 δὲ
2740 5473 3094 5526 ὑποτάττουσι
3133 5468 3221 5522 διὰ
3257 5468 3549 5536 Πομπηΐου
3570 5463 3660 5516 καὶ

2091 5573 2339 5627 Γαϐινίου
2371 5567 2710 5641 στρατηγῶν,
2744 5567 2842 5637 τήν
2872 5581 2930 5618 τε
2975 5562 3157 5617 Ἀσίαν
3178 5559 3398 5629 -ἐλόντες
3433 5558 3524 5610 διὰ
3556 5554 3662 5610 τῶν

2093 5708 2308 5818 ναῖὶὐη
2337 5757 2470 5813 Cod.
2503 5757 2562 5808 A.
2594 5755 2632 5808 ι.
2667 5751 2751 5816 ιι,
2778 5752 2833 5806 ι».
2860 5751 2992 5804 Cod.
3021 5748 3080 5801 E.
3113 5745 3150 5802 ι.
3183 5744 3271 5799 65.
