  <div class='ocr_page' id='page_1' title='image "/cluster/home/n/w/nwhite01/storage/ocr_20150623/24/nnc1.0046978259/359.png"; bbox 0 0 3858 6214; ppageno 0'>
   <div class='ocr_carea' id='block_1_1' title="bbox 394 304 497 359">
    <p class='ocr_par' dir='ltr' id='par_1_1' title="bbox 394 304 497 359">
     <span class='ocr_line' id='line_1_1' title="bbox 394 304 497 359; baseline 0 0"><span class='ocrx_word' id='word_1_1' title='bbox 394 304 497 359; x_wconf 76' lang='grc'><strong>663</strong></span> 
     </span>
    </p>
   </div>
   <div class='ocr_carea' id='block_1_2' title="bbox 1078 290 2980 354">
    <p class='ocr_par' dir='ltr' id='par_1_2' title="bbox 1078 290 2980 354">
     <span class='ocr_line' id='line_1_2' title="bbox 1078 290 2980 354; baseline -0.003 -1"><span class='ocrx_word' id='word_1_2' title='bbox 1078 297 1351 354; x_wconf 85' lang='lat' dir='ltr'><strong>EUSEBll</strong></span> <span class='ocrx_word' id='word_1_3' title='bbox 1388 293 1868 353; x_wconf 72' lang='grc' dir='ltr'><strong>ϐᾹΞδΑΒΙΕΝΞιδ</strong></span> <span class='ocrx_word' id='word_1_4' title='bbox 1905 293 2057 351; x_wconf 86' lang='grc' dir='ltr'><strong>ΟΡΡ.</strong></span> <span class='ocrx_word' id='word_1_5' title='bbox 2098 292 2282 349; x_wconf 73' lang='lat' dir='ltr'><strong>PARS</strong></span> <span class='ocrx_word' id='word_1_6' title='bbox 2317 291 2405 348; x_wconf 84' lang='lat' dir='ltr'><strong>IV.</strong></span> <span class='ocrx_word' id='word_1_7' title='bbox 2446 321 2517 334; x_wconf 91' lang='lat'><strong><em>—</em></strong></span> <span class='ocrx_word' id='word_1_8' title='bbox 2555 290 2980 349; x_wconf 75' lang='lat' dir='ltr'><strong>DOGMATICA.</strong></span> 
     </span>
    </p>
   </div>
   <div class='ocr_carea' id='block_1_3' title="bbox 3553 289 3661 346">
    <p class='ocr_par' dir='ltr' id='par_1_3' title="bbox 3553 289 3661 346">
     <span class='ocr_line' id='line_1_3' title="bbox 3553 289 3661 346; baseline 0 -1"><span class='ocrx_word' id='word_1_9' title='bbox 3553 289 3661 346; x_wconf 64' lang='lat'><strong>66$</strong></span> 
     </span>
    </p>
   </div>
   <div class='ocr_carea' id='block_1_4' title="bbox 394 410 3659 492">
    <p class='ocr_par' dir='ltr' id='par_1_4' title="bbox 394 410 3659 492">
     <span class='ocr_line' id='line_1_4' title="bbox 394 410 3659 492; baseline -0.005 -13"><span class='ocrx_word' id='word_1_10' title='bbox 394 439 606 479; x_wconf 79' lang='grc' dir='ltr'>σονται</span> <span class='ocrx_word' id='word_1_11' title='bbox 664 420 957 492; x_wconf 73' lang='grc' dir='ltr'><strong>ὀφθαλμοὶ</strong></span> <span class='ocrx_word' id='word_1_12' title='bbox 988 419 1255 490; x_wconf 65' lang='grc' dir='ltr'>τυφλῶν,</span> <span class='ocrx_word' id='word_1_13' title='bbox 1300 421 1399 474; x_wconf 74' lang='grc' dir='ltr'><strong>καί</strong></span> <span class='ocrx_word' id='word_1_14' title='bbox 1439 415 1561 475; x_wconf 86' lang='grc' dir='ltr'>ὦτα</span> <span class='ocrx_word' id='word_1_15' title='bbox 1620 417 1836 488; x_wconf 70' lang='grc' dir='ltr'>κωφῶν</span> <span class='ocrx_word' id='word_1_16' title='bbox 1863 418 2225 472; x_wconf 77' lang='grc' dir='ltr'>ἀκούσονται</span> <span class='ocrx_word' id='word_1_17' title='bbox 2248 434 2262 450; x_wconf 74' lang='grc' dir='ltr'><strong>ο</strong></span> <span class='ocrx_word' id='word_1_18' title='bbox 2298 416 2433 470; x_wconf 81' lang='grc' dir='ltr'>τότε</span> <span class='ocrx_word' id='word_1_19' title='bbox 2488 413 2717 469; x_wconf 74' lang='grc' dir='ltr'>ἀλεῖται</span> <span class='ocrx_word' id='word_1_20' title='bbox 2770 414 2850 480; x_wconf 87' lang='grc' dir='ltr'><strong>ὠς</strong></span> <span class='ocrx_word' id='word_1_21' title='bbox 2918 414 3147 482; x_wconf 69' lang='grc' dir='ltr'><strong>ἔλαφος</strong></span> <span class='ocrx_word' id='word_1_22' title='bbox 3189 413 3225 466; x_wconf 80' lang='grc' dir='ltr'><em>ὁ</em></span> <span class='ocrx_word' id='word_1_23' title='bbox 3272 410 3467 480; x_wconf 73' lang='grc' dir='ltr'><strong>χωλὸς</strong></span> <span class='ocrx_word' id='word_1_24' title='bbox 3490 450 3505 473; x_wconf 94' lang='grc'><strong>,</strong></span> <span class='ocrx_word' id='word_1_25' title='bbox 3558 411 3659 464; x_wconf 68' lang='grc' dir='ltr'><strong>καί</strong></span> 
     </span>
    </p>
   </div>
   <div class='ocr_carea' id='block_1_5' title="bbox 394 503 3663 585">
    <p class='ocr_par' dir='ltr' id='par_1_5' title="bbox 394 503 3663 585">
     <span class='ocr_line' id='line_1_5' title="bbox 394 503 3663 585; baseline -0.003 -16"><span class='ocrx_word' id='word_1_26' title='bbox 394 515 581 584; x_wconf 82' lang='grc' dir='ltr'>τρανὴ</span> <span class='ocrx_word' id='word_1_27' title='bbox 626 514 802 571; x_wconf 65' lang='grc' dir='ltr'>ἔσται</span> <span class='ocrx_word' id='word_1_28' title='bbox 870 513 1125 585; x_wconf 74' lang='grc' dir='ltr'>γλῶσσα</span> <span class='ocrx_word' id='word_1_29' title='bbox 1195 511 1570 583; x_wconf 56' lang='lat' dir='ltr'><strong>mutam»-</strong></span> <span class='ocrx_word' id='word_1_30' title='bbox 1614 511 1705 567; x_wconf 85' lang='grc' dir='ltr'>ὅτι</span> <span class='ocrx_word' id='word_1_31' title='bbox 1757 510 1977 582; x_wconf 74' lang='grc' dir='ltr'>ἐρράγη</span> <span class='ocrx_word' id='word_1_32' title='bbox 2044 514 2115 567; x_wconf 83' lang='grc' dir='ltr'><strong>ἐν</strong></span> <span class='ocrx_word' id='word_1_33' title='bbox 2182 509 2259 581; x_wconf 77' lang='grc' dir='ltr'>τῇ</span> <span class='ocrx_word' id='word_1_34' title='bbox 2321 509 2520 581; x_wconf 83' lang='grc' dir='ltr'>ἐρήμῳ</span> <span class='ocrx_word' id='word_1_35' title='bbox 2550 508 2728 578; x_wconf 81' lang='grc' dir='ltr'>ὕδωρ,</span> <span class='ocrx_word' id='word_1_36' title='bbox 2761 509 2861 563; x_wconf 78' lang='grc' dir='ltr'>καὶ</span> <span class='ocrx_word' id='word_1_37' title='bbox 2898 508 2937 575; x_wconf 82' lang='grc' dir='ltr'><strong><em>ἠ</em></strong></span> <span class='ocrx_word' id='word_1_38' title='bbox 2980 506 3217 578; x_wconf 74' lang='grc' dir='ltr'>φάραγξ</span> <span class='ocrx_word' id='word_1_39' title='bbox 3239 506 3313 561; x_wconf 82' lang='grc' dir='ltr'>ἐν</span> <span class='ocrx_word' id='word_1_40' title='bbox 3371 504 3452 577; x_wconf 75' lang='grc' dir='ltr'><strong>τῇ</strong></span> <span class='ocrx_word' id='word_1_41' title='bbox 3473 503 3663 576; x_wconf 62' lang='grc' dir='ltr'>διψώ-</span> 
     </span>
    </p>
   </div>
   <div class='ocr_carea' id='block_1_6' title="bbox 394 606 641 677">
    <p class='ocr_par' dir='ltr' id='par_1_6' title="bbox 394 606 641 677">
     <span class='ocr_line' id='line_1_6' title="bbox 394 606 641 677; baseline -0.004 0"><span class='ocrx_word' id='word_1_42' title='bbox 394 620 474 677; x_wconf 73' lang='grc' dir='ltr'>σῃ</span> <span class='ocrx_word' id='word_1_43' title='bbox 503 606 641 677; x_wconf 59' lang='grc' dir='ltr'>(θυι</span> 
     </span>
    </p>
   </div>
   <div class='ocr_carea' id='block_1_7' title="bbox 462 690 1966 771">
    <p class='ocr_par' dir='ltr' id='par_1_7' title="bbox 462 690 1966 762">
     <span class='ocr_line' id='line_1_7' title="bbox 462 690 1966 762; baseline -0.007 -7"><span class='ocrx_word' id='word_1_44' title='bbox 462 699 591 755; x_wconf 57' lang='lat' dir='ltr'><strong>Haec</strong></span> <span class='ocrx_word' id='word_1_45' title='bbox 624 698 680 752; x_wconf 89' lang='lat' dir='ltr'><strong>in</strong></span> <span class='ocrx_word' id='word_1_46' title='bbox 733 695 907 751; x_wconf 83' lang='lat' dir='ltr'><strong>sacris</strong></span> <span class='ocrx_word' id='word_1_47' title='bbox 937 693 1117 758; x_wconf 89' lang='lat' dir='ltr'><strong>libris,</strong></span> <span class='ocrx_word' id='word_1_48' title='bbox 1163 701 1421 762; x_wconf 88' lang='lat' dir='ltr'><strong>tanquam</strong></span> <span class='ocrx_word' id='word_1_49' title='bbox 1455 692 1509 747; x_wconf 94' lang='lat' dir='ltr'><strong>in</strong></span> <span class='ocrx_word' id='word_1_50' title='bbox 1544 690 1840 757; x_wconf 82' lang='lat' dir='ltr'><strong>columnis,</strong></span> <span class='ocrx_word' id='word_1_51' title='bbox 1870 690 1966 745; x_wconf 88' lang='lat' dir='ltr'><strong>im-</strong></span> 
     </span>
    </p>
   </div>
   <div class='ocr_carea' id='block_1_8' title="bbox 2072 690 3660 771">
    <p class='ocr_par' dir='ltr' id='par_1_8' title="bbox 2148 695 3660 771">
     <span class='ocr_line' id='line_1_8' title="bbox 2148 695 3660 771; baseline -0.003 -19"><span class='ocrx_word' id='word_1_52' title='bbox 2148 697 2332 752; x_wconf 80' lang='grc' dir='ltr'>Ταῦτα</span> <span class='ocrx_word' id='word_1_53' title='bbox 2365 697 2567 770; x_wconf 78' lang='grc' dir='ltr'>βίϐλοις</span> <span class='ocrx_word' id='word_1_54' title='bbox 2609 697 2803 771; x_wconf 80' lang='grc' dir='ltr'><strong>ἱεραῖς,</strong></span> <span class='ocrx_word' id='word_1_55' title='bbox 2829 695 3021 769; x_wconf 85' lang='grc' dir='ltr'>ὥσπερ</span> <span class='ocrx_word' id='word_1_56' title='bbox 3050 696 3110 750; x_wconf 87' lang='grc' dir='ltr'><strong>ἐν</strong></span> <span class='ocrx_word' id='word_1_57' title='bbox 3137 695 3377 767; x_wconf 75' lang='grc' dir='ltr'><strong>στήλαις,</strong></span> <span class='ocrx_word' id='word_1_58' title='bbox 3408 708 3660 748; x_wconf 79' lang='grc' dir='ltr'>τετυπω-</span> 
     </span>
    </p>
   </div>
   <div class='ocr_carea' id='block_1_9' title="bbox 393 784 1965 865">
    <p class='ocr_par' dir='ltr' id='par_1_9' title="bbox 393 784 1965 865">
     <span class='ocr_line' id='line_1_9' title="bbox 393 784 1965 865; baseline -0.005 -20"><span class='ocrx_word' id='word_1_59' title='bbox 393 808 579 865; x_wconf 80' lang='lat' dir='ltr'><strong>pressa</strong></span> <span class='ocrx_word' id='word_1_60' title='bbox 608 790 737 846; x_wconf 93' lang='lat' dir='ltr'><strong>olim</strong></span> <span class='ocrx_word' id='word_1_61' title='bbox 773 787 910 859; x_wconf 89' lang='lat' dir='ltr'><strong>apud</strong></span> <span class='ocrx_word' id='word_1_62' title='bbox 942 802 1001 842; x_wconf 91' lang='lat' dir='ltr'><strong>se</strong></span> <span class='ocrx_word' id='word_1_63' title='bbox 1015 786 1275 841; x_wconf 86' lang='lat' dir='ltr'><strong>habentes</strong></span> <span class='ocrx_word' id='word_1_64' title='bbox 1305 784 1546 840; x_wconf 67' lang='lat' dir='ltr'><strong>Hebraeae</strong></span> <span class='ocrx_word' id='word_1_65' title='bbox 1573 784 1752 853; x_wconf 84' lang='lat' dir='ltr'><strong>gentis</strong></span> <span class='ocrx_word' id='word_1_66' title='bbox 1779 784 1965 846; x_wconf 88' lang='lat' dir='ltr'><strong>duces,</strong></span> 
     </span>
    </p>
   </div>
   <div class='ocr_carea' id='block_1_10' title="bbox 394 874 1970 956">
    <p class='ocr_par' dir='ltr' id='par_1_10' title="bbox 394 874 1970 956">
     <span class='ocr_line' id='line_1_10' title="bbox 394 874 1970 956; baseline -0.005 -18"><span class='ocrx_word' id='word_1_67' title='bbox 394 896 677 956; x_wconf 77' lang='lat' dir='ltr'><strong>postquam</strong></span> <span class='ocrx_word' id='word_1_68' title='bbox 711 881 846 951; x_wconf 85' lang='lat' dir='ltr'><strong>ipsis</strong></span> <span class='ocrx_word' id='word_1_69' title='bbox 877 877 1240 933; x_wconf 91' lang='lat' dir='ltr'><strong>renuntiatum</strong></span> <span class='ocrx_word' id='word_1_70' title='bbox 1263 885 1346 931; x_wconf 89' lang='lat' dir='ltr'><strong>est</strong></span> <span class='ocrx_word' id='word_1_71' title='bbox 1368 874 1631 930; x_wconf 78' lang='lat' dir='ltr'><strong>Joannem</strong></span> <span class='ocrx_word' id='word_1_72' title='bbox 1667 876 1722 931; x_wconf 90' lang='lat' dir='ltr'><strong>in</strong></span> <span class='ocrx_word' id='word_1_73' title='bbox 1755 876 1970 933; x_wconf 84' lang='lat' dir='ltr'><strong>deserto</strong></span> 
     </span>
    </p>
   </div>
   <div class='ocr_carea' id='block_1_11' title="bbox 392 967 1975 1045">
    <p class='ocr_par' dir='ltr' id='par_1_11' title="bbox 392 967 1975 1045">
     <span class='ocr_line' id='line_1_11' title="bbox 392 967 1975 1045; baseline -0.006 -14"><span class='ocrx_word' id='word_1_74' title='bbox 392 988 446 1032; x_wconf 91' lang='lat' dir='ltr'><strong>et</strong></span> <span class='ocrx_word' id='word_1_75' title='bbox 472 976 630 1045; x_wconf 83' lang='lat' dir='ltr'><strong>juxta</strong></span> <span class='ocrx_word' id='word_1_76' title='bbox 658 972 952 1028; x_wconf 86' lang='lat' dir='ltr'><strong>Jordanem</strong></span> <span class='ocrx_word' id='word_1_77' title='bbox 1002 969 1221 1024; x_wconf 90' lang='lat' dir='ltr'><strong>ﬂuvium</strong></span> <span class='ocrx_word' id='word_1_78' title='bbox 1273 968 1599 1038; x_wconf 66' lang='lat' dir='ltr'><strong>praedicare;</strong></span> <span class='ocrx_word' id='word_1_79' title='bbox 1654 967 1812 1023; x_wconf 85' lang='lat' dir='ltr'><strong>factis</strong></span> <span class='ocrx_word' id='word_1_80' title='bbox 1840 983 1975 1037; x_wconf 37' lang='lat' dir='ltr'><strong>pra?</strong></span> 
     </span>
    </p>
   </div>
   <div class='ocr_carea' id='block_1_12' title="bbox 393 1060 1965 1130">
    <p class='ocr_par' dir='ltr' id='par_1_12' title="bbox 393 1060 1965 1130">
     <span class='ocr_line' id='line_1_12' title="bbox 393 1060 1965 1130; baseline -0.006 -7"><span class='ocrx_word' id='word_1_81' title='bbox 393 1068 661 1123; x_wconf 78' lang='lat' dir='ltr'><strong>dictiones</strong></span> <span class='ocrx_word' id='word_1_82' title='bbox 709 1062 1075 1124; x_wconf 79' lang='lat' dir='ltr'><strong>conferentes,</strong></span> <span class='ocrx_word' id='word_1_83' title='bbox 1129 1060 1303 1130; x_wconf 88' lang='lat' dir='ltr'><strong>ipsum</strong></span> <span class='ocrx_word' id='word_1_84' title='bbox 1332 1074 1453 1114; x_wconf 90' lang='lat' dir='ltr'><strong>esse</strong></span> <span class='ocrx_word' id='word_1_85' title='bbox 1494 1068 1551 1114; x_wconf 90' lang='lat' dir='ltr'><strong>et</strong></span> <span class='ocrx_word' id='word_1_86' title='bbox 1581 1073 1687 1113; x_wconf 90' lang='lat' dir='ltr'><strong>non</strong></span> <span class='ocrx_word' id='word_1_87' title='bbox 1717 1060 1905 1124; x_wconf 83' lang='lat' dir='ltr'><strong>alium,</strong></span> <span class='ocrx_word' id='word_1_88' title='bbox 1936 1076 1965 1114; x_wconf 87' lang='lat' dir='ltr'><strong>a</strong></span> 
     </span>
    </p>
   </div>
   <div class='ocr_carea' id='block_1_13' title="bbox 392 1150 1969 1228">
    <p class='ocr_par' dir='ltr' id='par_1_13' title="bbox 392 1150 1969 1228">
     <span class='ocr_line' id='line_1_13' title="bbox 392 1150 1969 1228; baseline -0.004 -16"><span class='ocrx_word' id='word_1_89' title='bbox 392 1156 655 1228; x_wconf 86' lang='lat' dir='ltr'><strong>propheta</strong></span> <span class='ocrx_word' id='word_1_90' title='bbox 694 1154 1076 1224; x_wconf 79' lang='lat' dir='ltr'><strong>signiﬁcatum,</strong></span> <span class='ocrx_word' id='word_1_91' title='bbox 1122 1151 1523 1221; x_wconf 83' lang='lat' dir='ltr'><strong>conjiciebant;</strong></span> <span class='ocrx_word' id='word_1_92' title='bbox 1575 1150 1865 1219; x_wconf 87' lang='lat' dir='ltr'><strong>missisque</strong></span> <span class='ocrx_word' id='word_1_93' title='bbox 1893 1150 1969 1206; x_wconf 84' lang='lat' dir='ltr'><strong>le-</strong></span> 
     </span>
    </p>
   </div>
   <div class='ocr_carea' id='block_1_14' title="bbox 392 1240 1966 1319">
    <p class='ocr_par' dir='ltr' id='par_1_14' title="bbox 392 1240 1966 1319">
     <span class='ocr_line' id='line_1_14' title="bbox 392 1240 1966 1319; baseline -0.004 -16"><span class='ocrx_word' id='word_1_94' title='bbox 392 1251 535 1319; x_wconf 75' lang='lat' dir='ltr'><strong>gatis</strong></span> <span class='ocrx_word' id='word_1_95' title='bbox 561 1249 819 1317; x_wconf 86' lang='lat' dir='ltr'><strong>rogabant</strong></span> <span class='ocrx_word' id='word_1_96' title='bbox 871 1262 999 1300; x_wconf 89' lang='lat' dir='ltr'><strong>num</strong></span> <span class='ocrx_word' id='word_1_97' title='bbox 1052 1244 1167 1311; x_wconf 90' lang='lat' dir='ltr'><strong>ipse</strong></span> <span class='ocrx_word' id='word_1_98' title='bbox 1193 1255 1342 1300; x_wconf 85' lang='lat' dir='ltr'><strong>esset</strong></span> <span class='ocrx_word' id='word_1_99' title='bbox 1378 1242 1649 1299; x_wconf 86' lang='lat' dir='ltr'><strong>Christus.</strong></span> <span class='ocrx_word' id='word_1_100' title='bbox 1700 1240 1750 1298; x_wconf 90' lang='lat' dir='ltr'><strong>ls</strong></span> <span class='ocrx_word' id='word_1_101' title='bbox 1787 1252 1966 1297; x_wconf 87' lang='lat' dir='ltr'><strong>autem</strong></span> 
     </span>
    </p>
   </div>
   <div class='ocr_carea' id='block_1_15' title="bbox 393 1335 1967 1413">
    <p class='ocr_par' dir='ltr' id='par_1_15' title="bbox 393 1335 1967 1413">
     <span class='ocr_line' id='line_1_15' title="bbox 393 1335 1967 1413; baseline -0.004 -16"><span class='ocrx_word' id='word_1_102' title='bbox 393 1343 655 1413; x_wconf 76' lang='lat' dir='ltr'><strong>negabat;</strong></span> <span class='ocrx_word' id='word_1_103' title='bbox 711 1349 766 1395; x_wconf 89' lang='lat' dir='ltr'><strong>et</strong></span> <span class='ocrx_word' id='word_1_104' title='bbox 812 1353 871 1394; x_wconf 90' lang='lat' dir='ltr'><strong>se</strong></span> <span class='ocrx_word' id='word_1_105' title='bbox 923 1353 1027 1393; x_wconf 92' lang='lat' dir='ltr'><strong>non</strong></span> <span class='ocrx_word' id='word_1_106' title='bbox 1074 1350 1196 1392; x_wconf 91' lang='lat' dir='ltr'><strong>esse</strong></span> <span class='ocrx_word' id='word_1_107' title='bbox 1239 1351 1585 1391; x_wconf 77' lang='lat' dir='ltr'><strong>communem</strong></span> <span class='ocrx_word' id='word_1_108' title='bbox 1620 1335 1967 1391; x_wconf 87' lang='lat' dir='ltr'><strong>Servatorem</strong></span> 
     </span>
    </p>
   </div>
   <div class='ocr_carea' id='block_1_16' title="bbox 394 1430 1970 1500">
    <p class='ocr_par' dir='ltr' id='par_1_16' title="bbox 394 1430 1970 1500">
     <span class='ocr_line' id='line_1_16' title="bbox 394 1430 1970 1500; baseline -0.006 -10"><span class='ocrx_word' id='word_1_109' title='bbox 394 1434 663 1490; x_wconf 80' lang='lat' dir='ltr'><strong>fatebatur</strong></span> <span class='ocrx_word' id='word_1_110' title='bbox 695 1448 711 1487; x_wconf 86' lang='lat'><strong>:</strong></span> <span class='ocrx_word' id='word_1_111' title='bbox 744 1432 838 1488; x_wconf 89' lang='lat' dir='ltr'><strong>sed</strong></span> <span class='ocrx_word' id='word_1_112' title='bbox 868 1431 1011 1486; x_wconf 88' lang='lat' dir='ltr'><strong>enim</strong></span> <span class='ocrx_word' id='word_1_113' title='bbox 1042 1439 1308 1499; x_wconf 67' lang='lat' dir='ltr'><strong>prrcsente</strong></span> <span class='ocrx_word' id='word_1_114' title='bbox 1330 1430 1442 1500; x_wconf 88' lang='lat' dir='ltr'><strong>jam</strong></span> <span class='ocrx_word' id='word_1_115' title='bbox 1468 1443 1534 1484; x_wconf 86' lang='lat' dir='ltr'><strong>eo</strong></span> <span class='ocrx_word' id='word_1_116' title='bbox 1565 1430 1655 1498; x_wconf 93' lang='lat' dir='ltr'><strong>qui</strong></span> <span class='ocrx_word' id='word_1_117' title='bbox 1686 1439 1970 1497; x_wconf 80' lang='lat' dir='ltr'><strong>exspecta-</strong></span> 
     </span>
    </p>
   </div>
   <div class='ocr_carea' id='block_1_17' title="bbox 393 1519 1969 1596">
    <p class='ocr_par' dir='ltr' id='par_1_17' title="bbox 393 1519 1969 1596">
     <span class='ocr_line' id='line_1_17' title="bbox 393 1519 1969 1596; baseline -0.006 -14"><span class='ocrx_word' id='word_1_118' title='bbox 393 1527 579 1591; x_wconf 88' lang='lat' dir='ltr'><strong>batur,</strong></span> <span class='ocrx_word' id='word_1_119' title='bbox 612 1524 856 1596; x_wconf 87' lang='lat' dir='ltr'><strong>ejusdem</strong></span> <span class='ocrx_word' id='word_1_120' title='bbox 902 1538 965 1578; x_wconf 89' lang='lat' dir='ltr'><strong>se</strong></span> <span class='ocrx_word' id='word_1_121' title='bbox 1011 1536 1403 1592; x_wconf 72' lang='lat' dir='ltr'><strong>praecursorem</strong></span> <span class='ocrx_word' id='word_1_122' title='bbox 1446 1519 1708 1575; x_wconf 88' lang='lat' dir='ltr'><strong>dicebat:</strong></span> <span class='ocrx_word' id='word_1_123' title='bbox 1745 1535 1969 1576; x_wconf 83' lang='lat' dir='ltr'><strong>verum-</strong></span> 
     </span>
    </p>
   </div>
   <div class='ocr_carea' id='block_1_18' title="bbox 393 1610 1970 1681">
    <p class='ocr_par' dir='ltr' id='par_1_18' title="bbox 393 1610 1970 1681">
     <span class='ocr_line' id='line_1_18' title="bbox 393 1610 1970 1681; baseline -0.003 -11"><span class='ocrx_word' id='word_1_124' title='bbox 393 1627 574 1671; x_wconf 80' lang='lat' dir='ltr'><strong>tamen</strong></span> <span class='ocrx_word' id='word_1_125' title='bbox 607 1629 669 1670; x_wconf 90' lang='lat' dir='ltr'><strong>se</strong></span> <span class='ocrx_word' id='word_1_126' title='bbox 710 1614 848 1669; x_wconf 89' lang='lat' dir='ltr'><strong>nihil</strong></span> <span class='ocrx_word' id='word_1_127' title='bbox 882 1613 1025 1668; x_wconf 89' lang='lat' dir='ltr'><strong>aliud</strong></span> <span class='ocrx_word' id='word_1_128' title='bbox 1070 1625 1233 1681; x_wconf 86' lang='lat' dir='ltr'><strong>quam</strong></span> <span class='ocrx_word' id='word_1_129' title='bbox 1283 1626 1474 1667; x_wconf 88' lang='lat' dir='ltr'><strong>vocem</strong></span> <span class='ocrx_word' id='word_1_130' title='bbox 1506 1610 1812 1667; x_wconf 88' lang='lat' dir='ltr'><strong>Servatoris</strong></span> <span class='ocrx_word' id='word_1_131' title='bbox 1837 1626 1970 1671; x_wconf 88' lang='lat' dir='ltr'><strong>nun-</strong></span> 
     </span>
    </p>
   </div>
   <div class='ocr_carea' id='block_1_19' title="bbox 392 1700 1971 1770">
    <p class='ocr_par' dir='ltr' id='par_1_19' title="bbox 392 1700 1971 1770">
     <span class='ocr_line' id='line_1_19' title="bbox 392 1700 1971 1770; baseline -0.001 -12"><span class='ocrx_word' id='word_1_132' title='bbox 392 1704 543 1765; x_wconf 91' lang='lat' dir='ltr'><strong>tiam,</strong></span> <span class='ocrx_word' id='word_1_133' title='bbox 571 1717 693 1761; x_wconf 88' lang='lat' dir='ltr'><strong>esse</strong></span> <span class='ocrx_word' id='word_1_134' title='bbox 722 1702 973 1757; x_wconf 87' lang='lat' dir='ltr'><strong>docebat.</strong></span> <span class='ocrx_word' id='word_1_135' title='bbox 1008 1701 1174 1770; x_wconf 89' lang='lat' dir='ltr'><strong>ldque</strong></span> <span class='ocrx_word' id='word_1_136' title='bbox 1222 1700 1505 1769; x_wconf 75' lang='lat' dir='ltr'><strong>Evangelii</strong></span> <span class='ocrx_word' id='word_1_137' title='bbox 1535 1700 1719 1755; x_wconf 86' lang='lat' dir='ltr'><strong>divina</strong></span> <span class='ocrx_word' id='word_1_138' title='bbox 1746 1700 1971 1768; x_wconf 81' lang='lat' dir='ltr'><strong>exponit</strong></span> 
     </span>
    </p>
   </div>
   <div class='ocr_carea' id='block_1_20' title="bbox 392 1792 1969 1864">
    <p class='ocr_par' dir='ltr' id='par_1_20' title="bbox 392 1792 1969 1864">
     <span class='ocr_line' id='line_1_20' title="bbox 392 1792 1969 1864; baseline 0 -15"><span class='ocrx_word' id='word_1_139' title='bbox 392 1794 722 1864; x_wconf 85' lang='lat' dir='ltr'><strong>Scriptura:</strong></span> <span class='ocrx_word' id='word_1_140' title='bbox 755 1792 961 1850; x_wconf 87' lang='lat' dir='ltr'><strong>Fassus</strong></span> <span class='ocrx_word' id='word_1_141' title='bbox 997 1803 1102 1861; x_wconf 90' lang='lat' dir='ltr'><strong>est,</strong></span> <span class='ocrx_word' id='word_1_142' title='bbox 1144 1793 1343 1864; x_wconf 92' lang='lat' dir='ltr'><strong>inquit,</strong></span> <span class='ocrx_word' id='word_1_143' title='bbox 1375 1808 1434 1849; x_wconf 91' lang='lat' dir='ltr'><strong>se</strong></span> <span class='ocrx_word' id='word_1_144' title='bbox 1485 1808 1593 1848; x_wconf 91' lang='lat' dir='ltr'><strong>non</strong></span> <span class='ocrx_word' id='word_1_145' title='bbox 1643 1809 1764 1850; x_wconf 89' lang='lat' dir='ltr'><strong>esse</strong></span> <span class='ocrx_word' id='word_1_146' title='bbox 1810 1794 1969 1850; x_wconf 82' lang='lat' dir='ltr'><strong>Chri-</strong></span> 
     </span>
    </p>
   </div>
   <div class='ocr_carea' id='block_1_21' title="bbox 391 1885 1970 1958">
    <p class='ocr_par' dir='ltr' id='par_1_21' title="bbox 391 1885 1970 1958">
     <span class='ocr_line' id='line_1_21' title="bbox 391 1885 1970 1958; baseline 0 -15"><span class='ocrx_word' id='word_1_147' title='bbox 391 1898 558 1952; x_wconf 86' lang='lat' dir='ltr'><strong>stum,</strong></span> <span class='ocrx_word' id='word_1_148' title='bbox 592 1887 685 1943; x_wconf 92' lang='lat' dir='ltr'><strong>sed</strong></span> <span class='ocrx_word' id='word_1_149' title='bbox 711 1901 900 1943; x_wconf 86' lang='lat' dir='ltr'><strong>vocem</strong></span> <span class='ocrx_word' id='word_1_150' title='bbox 951 1887 1004 1941; x_wconf 94' lang='lat' dir='ltr'><strong>in</strong></span> <span class='ocrx_word' id='word_1_151' title='bbox 1041 1888 1258 1942; x_wconf 88' lang='lat' dir='ltr'><strong>deserto</strong></span> <span class='ocrx_word' id='word_1_152' title='bbox 1305 1886 1637 1941; x_wconf 87' lang='lat' dir='ltr'><strong>clamantem</strong></span> <span class='ocrx_word' id='word_1_153' title='bbox 1679 1904 1694 1940; x_wconf 88' lang='lat'>:</span> <span class='ocrx_word' id='word_1_154' title='bbox 1739 1885 1970 1958; x_wconf 81' lang='lat' dir='ltr'><strong>Dirigite</strong></span> 
     </span>
    </p>
   </div>
   <div class='ocr_carea' id='block_1_22' title="bbox 392 1975 1970 2049">
    <p class='ocr_par' dir='ltr' id='par_1_22' title="bbox 392 1975 1970 2049">
     <span class='ocr_line' id='line_1_22' title="bbox 392 1975 1970 2049; baseline 0 -16"><span class='ocrx_word' id='word_1_155' title='bbox 392 1980 529 2034; x_wconf 79' lang='lat' dir='ltr'><strong>viam</strong></span> <span class='ocrx_word' id='word_1_156' title='bbox 561 1978 791 2032; x_wconf 78' lang='lat' dir='ltr'><strong>Domini.</strong></span> <span class='ocrx_word' id='word_1_157' title='bbox 821 1978 935 2049; x_wconf 86' lang='lat' dir='ltr'><strong>Ego</strong></span> <span class='ocrx_word' id='word_1_158' title='bbox 969 1975 1368 2048; x_wconf 70' lang='lat' dir='ltr'><strong>aqua&#39;baptiso,</strong></span> <span class='ocrx_word' id='word_1_159' title='bbox 1407 1980 1613 2033; x_wconf 85' lang='lat' dir='ltr'><strong>medius</strong></span> <span class='ocrx_word' id='word_1_160' title='bbox 1660 1985 1839 2034; x_wconf 84' lang='lat' dir='ltr'><strong>autem</strong></span> <span class='ocrx_word' id='word_1_161' title='bbox 1883 1995 1970 2033; x_wconf 84' lang='lat' dir='ltr'><strong>ve-</strong></span> 
     </span>
    </p>
   </div>
   <div class='ocr_carea' id='block_1_23' title="bbox 2074 782 3661 865">
    <p class='ocr_par' dir='ltr' id='par_1_23' title="bbox 2074 782 3661 865">
     <span class='ocr_line' id='line_1_23' title="bbox 2074 782 3661 865; baseline -0.006 -19"><span class='ocrx_word' id='word_1_162' title='bbox 2074 792 2211 863; x_wconf 83' lang='grc' dir='ltr'>μένα</span> <span class='ocrx_word' id='word_1_163' title='bbox 2240 791 2408 846; x_wconf 84' lang='grc' dir='ltr'>πάλαι</span> <span class='ocrx_word' id='word_1_164' title='bbox 2432 792 2562 863; x_wconf 85' lang='grc' dir='ltr'>παρ’</span> <span class='ocrx_word' id='word_1_165' title='bbox 2588 791 2800 853; x_wconf 74' lang='grc' dir='ltr'>ἑαυτοῖς</span> <span class='ocrx_word' id='word_1_166' title='bbox 2825 787 3040 861; x_wconf 73' lang='grc' dir='ltr'>ἔχοντες</span> <span class='ocrx_word' id='word_1_167' title='bbox 3070 788 3120 841; x_wconf 82' lang='lat' dir='ltr'><strong>oi</strong></span> <span class='ocrx_word' id='word_1_168' title='bbox 3156 784 3533 857; x_wconf 74' lang='grc' dir='ltr'><strong>καθηγεμόνες</strong></span> <span class='ocrx_word' id='word_1_169' title='bbox 3561 782 3661 865; x_wconf 70' lang='grc' dir='ltr'><strong>τοῦ</strong></span> 
     </span>
    </p>
   </div>
   <div class='ocr_carea' id='block_1_24' title="bbox 2084 875 3661 953">
    <p class='ocr_par' dir='ltr' id='par_1_24' title="bbox 2084 875 3661 953">
     <span class='ocr_line' id='line_1_24' title="bbox 2084 875 3661 953; baseline -0.005 -16"><span class='ocrx_word' id='word_1_170' title='bbox 2084 883 2354 937; x_wconf 80' lang='grc' dir='ltr'><strong>Ἰουδαίων</strong></span> <span class='ocrx_word' id='word_1_171' title='bbox 2391 881 2599 950; x_wconf 78' lang='grc' dir='ltr'><strong>ἔθνους,</strong></span> <span class='ocrx_word' id='word_1_172' title='bbox 2630 880 2818 952; x_wconf 82' lang='grc' dir='ltr'>ἐπειδὴ</span> <span class='ocrx_word' id='word_1_173' title='bbox 2864 882 3121 953; x_wconf 80' lang='grc' dir='ltr'><strong>Ἰωάννης</strong></span> <span class='ocrx_word' id='word_1_174' title='bbox 3148 879 3332 942; x_wconf 85' lang='grc' dir='ltr'>αὐτοῖς</span> <span class='ocrx_word' id='word_1_175' title='bbox 3362 875 3661 948; x_wconf 80' lang='grc' dir='ltr'><strong>κηρύττειν</strong></span> 
     </span>
    </p>
   </div>
   <div class='ocr_carea' id='block_1_25' title="bbox 2070 968 3664 1047">
    <p class='ocr_par' dir='ltr' id='par_1_25' title="bbox 2070 968 3664 1047">
     <span class='ocr_line' id='line_1_25' title="bbox 2070 968 3664 1047; baseline -0.001 -21"><span class='ocrx_word' id='word_1_176' title='bbox 2070 975 2163 1027; x_wconf 78' lang='grc' dir='ltr'>ἐπὶ</span> <span class='ocrx_word' id='word_1_177' title='bbox 2186 975 2289 1046; x_wconf 83' lang='grc' dir='ltr'>τῆς</span> <span class='ocrx_word' id='word_1_178' title='bbox 2315 975 2523 1047; x_wconf 83' lang='grc' dir='ltr'>ἐρήμου</span> <span class='ocrx_word' id='word_1_179' title='bbox 2556 976 2651 1030; x_wconf 74' lang='grc' dir='ltr'><strong>καὶ</strong></span> <span class='ocrx_word' id='word_1_180' title='bbox 2688 974 2832 1045; x_wconf 74' lang='grc' dir='ltr'><strong>ἀμφὶ</strong></span> <span class='ocrx_word' id='word_1_181' title='bbox 2858 972 2950 1028; x_wconf 77' lang='grc' dir='ltr'>τὸν</span> <span class='ocrx_word' id='word_1_182' title='bbox 2989 972 3261 1046; x_wconf 85' lang='grc' dir='ltr'><strong>Ἰορδάνην</strong></span> <span class='ocrx_word' id='word_1_183' title='bbox 3289 968 3534 1040; x_wconf 78' lang='grc' dir='ltr'>ποταμὸν</span> <span class='ocrx_word' id='word_1_184' title='bbox 3556 969 3664 1037; x_wconf 83' lang='grc' dir='ltr'>ήγ-</span> 
     </span>
    </p>
   </div>
   <div class='ocr_carea' id='block_1_26' title="bbox 2070 1060 3664 1142">
    <p class='ocr_par' dir='ltr' id='par_1_26' title="bbox 2070 1060 3664 1142">
     <span class='ocr_line' id='line_1_26' title="bbox 2070 1060 3664 1142; baseline -0.004 -22"><span class='ocrx_word' id='word_1_185' title='bbox 2070 1067 2310 1135; x_wconf 77' lang='grc' dir='ltr'>γέλλετο,</span> <span class='ocrx_word' id='word_1_186' title='bbox 2339 1070 2451 1132; x_wconf 89' lang='grc' dir='ltr'>τοῖς</span> <span class='ocrx_word' id='word_1_187' title='bbox 2491 1067 2781 1142; x_wconf 82' lang='grc' dir='ltr'><strong>πράγμασι</strong></span> <span class='ocrx_word' id='word_1_188' title='bbox 2812 1064 2913 1129; x_wconf 81' lang='grc' dir='ltr'>τὰς</span> <span class='ocrx_word' id='word_1_189' title='bbox 2946 1065 3282 1139; x_wconf 78' lang='grc' dir='ltr'>προρρήσεις</span> <span class='ocrx_word' id='word_1_190' title='bbox 3323 1060 3664 1133; x_wconf 50' lang='lat' dir='ltr'><strong>«suam».</strong></span> 
     </span>
    </p>
   </div>
   <div class='ocr_carea' id='block_1_27' title="bbox 2069 1150 3661 1223">
    <p class='ocr_par' dir='ltr' id='par_1_27' title="bbox 2069 1150 3661 1223">
     <span class='ocr_line' id='line_1_27' title="bbox 2069 1150 3661 1223; baseline -0.006 -12"><span class='ocrx_word' id='word_1_191' title='bbox 2069 1175 2181 1223; x_wconf 88' lang='grc' dir='ltr'>τες,</span> <span class='ocrx_word' id='word_1_192' title='bbox 2216 1157 2381 1213; x_wconf 84' lang='grc' dir='ltr'>αὑτὸν</span> <span class='ocrx_word' id='word_1_193' title='bbox 2406 1153 2545 1213; x_wconf 75' lang='grc' dir='ltr'>εἶναι</span> <span class='ocrx_word' id='word_1_194' title='bbox 2574 1157 2670 1212; x_wconf 80' lang='grc' dir='ltr'>καὶ</span> <span class='ocrx_word' id='word_1_195' title='bbox 2712 1158 2812 1210; x_wconf 76' lang='grc' dir='ltr'><strong>οὐκ</strong></span> <span class='ocrx_word' id='word_1_196' title='bbox 2835 1155 2993 1210; x_wconf 81' lang='grc' dir='ltr'>ἄλλον</span> <span class='ocrx_word' id='word_1_197' title='bbox 3028 1154 3120 1207; x_wconf 83' lang='grc' dir='ltr'><strong>τὸν</strong></span> <span class='ocrx_word' id='word_1_198' title='bbox 3146 1152 3235 1206; x_wconf 76' lang='grc' dir='ltr'>διὰ</span> <span class='ocrx_word' id='word_1_199' title='bbox 3255 1150 3349 1206; x_wconf 78' lang='grc' dir='ltr'><strong>τοῦ</strong></span> <span class='ocrx_word' id='word_1_200' title='bbox 3372 1152 3661 1222; x_wconf 78' lang='grc' dir='ltr'><strong>προφήτου</strong></span> 
     </span>
    </p>
   </div>
   <div class='ocr_carea' id='block_1_28' title="bbox 2071 1245 3663 1322">
    <p class='ocr_par' dir='ltr' id='par_1_28' title="bbox 2071 1245 3663 1322">
     <span class='ocr_line' id='line_1_28' title="bbox 2071 1245 3663 1322; baseline -0.004 -18"><span class='ocrx_word' id='word_1_201' title='bbox 2071 1252 2469 1322; x_wconf 81' lang='grc' dir='ltr'><strong>σημαινόμενον</strong></span> <span class='ocrx_word' id='word_1_202' title='bbox 2511 1249 2861 1321; x_wconf 78' lang='grc' dir='ltr'>ὑπετοπησαν</span> <span class='ocrx_word' id='word_1_203' title='bbox 2880 1263 2895 1279; x_wconf 88' lang='grc'>⁶</span> <span class='ocrx_word' id='word_1_204' title='bbox 2936 1246 3164 1319; x_wconf 78' lang='grc' dir='ltr'>ἠρώτων</span> <span class='ocrx_word' id='word_1_205' title='bbox 3200 1263 3261 1300; x_wconf 89' lang='grc' dir='ltr'><strong>τε</strong></span> <span class='ocrx_word' id='word_1_206' title='bbox 3300 1245 3663 1301; x_wconf 79' lang='grc' dir='ltr'>ἀποστείλαν-</span> 
     </span>
    </p>
   </div>
   <div class='ocr_carea' id='block_1_29' title="bbox 2067 1333 3667 1413">
    <p class='ocr_par' dir='ltr' id='par_1_29' title="bbox 2067 1333 3667 1413">
     <span class='ocr_line' id='line_1_29' title="bbox 2067 1333 3667 1413; baseline -0.003 -18"><span class='ocrx_word' id='word_1_207' title='bbox 2067 1359 2183 1408; x_wconf 85' lang='grc' dir='ltr'><strong>τες,</strong></span> <span class='ocrx_word' id='word_1_208' title='bbox 2215 1342 2264 1395; x_wconf 82' lang='grc' dir='ltr'><strong>εί</strong></span> <span class='ocrx_word' id='word_1_209' title='bbox 2290 1342 2448 1407; x_wconf 82' lang='grc' dir='ltr'>αὐτὸς</span> <span class='ocrx_word' id='word_1_210' title='bbox 2476 1343 2563 1413; x_wconf 82' lang='grc' dir='ltr'><strong>εῐη</strong></span> <span class='ocrx_word' id='word_1_211' title='bbox 2590 1344 2619 1396; x_wconf 86' lang='grc' dir='ltr'>ὁ</span> <span class='ocrx_word' id='word_1_212' title='bbox 2643 1341 2897 1413; x_wconf 87' lang='grc' dir='ltr'>Χριστός.</span> <span class='ocrx_word' id='word_1_213' title='bbox 2948 1341 3005 1393; x_wconf 91' lang='grc' dir='ltr'>Ὁ</span> <span class='ocrx_word' id='word_1_214' title='bbox 3033 1339 3089 1393; x_wconf 85' lang='grc' dir='ltr'>δὲ</span> <span class='ocrx_word' id='word_1_215' title='bbox 3117 1337 3190 1410; x_wconf 83' lang='grc' dir='ltr'><strong>μή</strong></span> <span class='ocrx_word' id='word_1_216' title='bbox 3214 1333 3350 1392; x_wconf 84' lang='grc' dir='ltr'>εἶναι</span> <span class='ocrx_word' id='word_1_217' title='bbox 3380 1339 3480 1410; x_wconf 80' lang='grc' dir='ltr'><strong>μὲν</strong></span> <span class='ocrx_word' id='word_1_218' title='bbox 3508 1338 3667 1409; x_wconf 75' lang='grc' dir='ltr'>ὠμοο</span> 
     </span>
    </p>
   </div>
   <div class='ocr_carea' id='block_1_30' title="bbox 2068 1428 3661 1503">
    <p class='ocr_par' dir='ltr' id='par_1_30' title="bbox 2068 1428 3661 1503">
     <span class='ocr_line' id='line_1_30' title="bbox 2068 1428 3661 1503; baseline -0.004 -19"><span class='ocrx_word' id='word_1_219' title='bbox 2068 1432 2237 1500; x_wconf 87' lang='grc' dir='ltr'>λόγει,</span> <span class='ocrx_word' id='word_1_220' title='bbox 2282 1433 2405 1487; x_wconf 78' lang='grc' dir='ltr'>ἐπεὶ</span> <span class='ocrx_word' id='word_1_221' title='bbox 2440 1432 2564 1503; x_wconf 86' lang='grc' dir='ltr'>μηδ’</span> <span class='ocrx_word' id='word_1_222' title='bbox 2595 1431 2755 1494; x_wconf 85' lang='grc' dir='ltr'>αὐτὸς</span> <span class='ocrx_word' id='word_1_223' title='bbox 2778 1430 2840 1483; x_wconf 84' lang='grc' dir='ltr'><strong>τὸ</strong></span> <span class='ocrx_word' id='word_1_224' title='bbox 2867 1428 3044 1483; x_wconf 83' lang='grc' dir='ltr'>κοινὸν</span> <span class='ocrx_word' id='word_1_225' title='bbox 3070 1428 3328 1482; x_wconf 81' lang='grc' dir='ltr'>ἁπάντων</span> <span class='ocrx_word' id='word_1_226' title='bbox 3364 1428 3661 1497; x_wconf 77' lang='grc' dir='ltr'>σωτήριονο</span> 
     </span>
    </p>
   </div>
   <div class='ocr_carea' id='block_1_31' title="bbox 2071 1511 3666 1596">
    <p class='ocr_par' dir='ltr' id='par_1_31' title="bbox 2071 1511 3666 1596">
     <span class='ocr_line' id='line_1_31' title="bbox 2071 1511 3666 1596; baseline -0.005 -18"><span class='ocrx_word' id='word_1_227' title='bbox 2071 1525 2339 1596; x_wconf 78' lang='grc' dir='ltr'><strong>παρόντος</strong></span> <span class='ocrx_word' id='word_1_228' title='bbox 2381 1523 2440 1578; x_wconf 85' lang='grc' dir='ltr'>δὲ</span> <span class='ocrx_word' id='word_1_229' title='bbox 2473 1523 2573 1595; x_wconf 85' lang='grc' dir='ltr'><strong>ήδη</strong></span> <span class='ocrx_word' id='word_1_230' title='bbox 2620 1520 2714 1575; x_wconf 82' lang='grc' dir='ltr'>τοῦ</span> <span class='ocrx_word' id='word_1_231' title='bbox 2756 1520 3207 1593; x_wconf 82' lang='grc' dir='ltr'><strong>προσδοκωμένου</strong></span> <span class='ocrx_word' id='word_1_232' title='bbox 3228 1558 3243 1583; x_wconf 96' lang='grc'><strong>,</strong></span> <span class='ocrx_word' id='word_1_233' title='bbox 3290 1518 3481 1571; x_wconf 77' lang='grc' dir='ltr'>ἑαυτὸν</span> <span class='ocrx_word' id='word_1_234' title='bbox 3514 1511 3666 1570; x_wconf 81' lang='grc' dir='ltr'>εἶναι</span> 
     </span>
    </p>
   </div>
   <div class='ocr_carea' id='block_1_32' title="bbox 2070 1609 3669 1689">
    <p class='ocr_par' dir='ltr' id='par_1_32' title="bbox 2070 1609 3669 1689">
     <span class='ocr_line' id='line_1_32' title="bbox 2070 1609 3669 1689; baseline -0.006 -19"><span class='ocrx_word' id='word_1_235' title='bbox 2070 1616 2397 1689; x_wconf 86' lang='grc' dir='ltr'>πρόδρομον,</span> <span class='ocrx_word' id='word_1_236' title='bbox 2425 1615 2519 1669; x_wconf 79' lang='grc' dir='ltr'><strong>καὶ</strong></span> <span class='ocrx_word' id='word_1_237' title='bbox 2547 1613 2645 1686; x_wconf 83' lang='grc' dir='ltr'>τὴν</span> <span class='ocrx_word' id='word_1_238' title='bbox 2676 1613 2768 1666; x_wconf 75' lang='grc' dir='ltr'><strong>ἐπὶ</strong></span> <span class='ocrx_word' id='word_1_239' title='bbox 2799 1612 2899 1684; x_wconf 80' lang='grc' dir='ltr'>τῆς</span> <span class='ocrx_word' id='word_1_240' title='bbox 2942 1613 3148 1684; x_wconf 79' lang='grc' dir='ltr'>ἐρήμου</span> <span class='ocrx_word' id='word_1_241' title='bbox 3181 1609 3365 1680; x_wconf 82' lang='grc' dir='ltr'>φωνὴν</span> <span class='ocrx_word' id='word_1_242' title='bbox 3390 1609 3492 1680; x_wconf 76' lang='grc' dir='ltr'><strong>τήν</strong></span> <span class='ocrx_word' id='word_1_243' title='bbox 3526 1624 3669 1662; x_wconf 79' lang='grc' dir='ltr'>κατ-</span> 
     </span>
    </p>
   </div>
   <div class='ocr_carea' id='block_1_33' title="bbox 2069 1698 3665 1780">
    <p class='ocr_par' dir='ltr' id='par_1_33' title="bbox 2069 1698 3665 1780">
     <span class='ocr_line' id='line_1_33' title="bbox 2069 1698 3665 1780; baseline -0.008 -18"><span class='ocrx_word' id='word_1_244' title='bbox 2069 1707 2365 1780; x_wconf 79' lang='grc' dir='ltr'>αγγελικὴν</span> <span class='ocrx_word' id='word_1_245' title='bbox 2403 1706 2498 1761; x_wconf 76' lang='grc' dir='ltr'>τοῦ</span> <span class='ocrx_word' id='word_1_246' title='bbox 2551 1705 2820 1778; x_wconf 87' lang='grc' dir='ltr'>σωτηρίου</span> <span class='ocrx_word' id='word_1_247' title='bbox 2841 1744 2857 1770; x_wconf 93' lang='grc'><strong>,</strong></span> <span class='ocrx_word' id='word_1_248' title='bbox 2899 1703 3062 1766; x_wconf 73' lang='grc' dir='ltr'>αὐτὸς</span> <span class='ocrx_word' id='word_1_249' title='bbox 3126 1701 3320 1755; x_wconf 78' lang='grc' dir='ltr'>ἑαυτὸν</span> <span class='ocrx_word' id='word_1_250' title='bbox 3364 1699 3504 1753; x_wconf 77' lang='grc' dir='ltr'>εἶναι</span> <span class='ocrx_word' id='word_1_251' title='bbox 3551 1698 3665 1755; x_wconf 72' lang='grc' dir='ltr'>ἰδί-</span> 
     </span>
    </p>
   </div>
   <div class='ocr_carea' id='block_1_34' title="bbox 2068 1790 3663 1869">
    <p class='ocr_par' dir='ltr' id='par_1_34' title="bbox 2068 1790 3663 1869">
     <span class='ocr_line' id='line_1_34' title="bbox 2068 1790 3663 1869; baseline -0.006 -17"><span class='ocrx_word' id='word_1_252' title='bbox 2068 1799 2270 1852; x_wconf 82' lang='grc' dir='ltr'>δασκε’</span> <span class='ocrx_word' id='word_1_253' title='bbox 2315 1799 2411 1851; x_wconf 79' lang='grc' dir='ltr'>καὶ</span> <span class='ocrx_word' id='word_1_254' title='bbox 2445 1795 2604 1851; x_wconf 77' lang='grc' dir='ltr'>τοῦτο</span> <span class='ocrx_word' id='word_1_255' title='bbox 2632 1798 2665 1869; x_wconf 90' lang='grc' dir='ltr'><strong>ή</strong></span> <span class='ocrx_word' id='word_1_256' title='bbox 2704 1795 2824 1849; x_wconf 89' lang='grc' dir='ltr'>θεία</span> <span class='ocrx_word' id='word_1_257' title='bbox 2861 1793 2956 1848; x_wconf 78' lang='grc' dir='ltr'><strong>τοῦ</strong></span> <span class='ocrx_word' id='word_1_258' title='bbox 2990 1792 3322 1862; x_wconf 80' lang='grc' dir='ltr'>Εὑαγγελίου</span> <span class='ocrx_word' id='word_1_259' title='bbox 3357 1790 3663 1864; x_wconf 82' lang='grc' dir='ltr'>παρίστησι</span> 
     </span>
    </p>
   </div>
   <div class='ocr_carea' id='block_1_35' title="bbox 2075 1888 3663 1967">
    <p class='ocr_par' dir='ltr' id='par_1_35' title="bbox 2075 1888 3663 1967">
     <span class='ocr_line' id='line_1_35' title="bbox 2075 1888 3663 1967; baseline -0.003 -19"><span class='ocrx_word' id='word_1_260' title='bbox 2075 1896 2266 1967; x_wconf 81' lang='grc' dir='ltr'>Γραφή</span> <span class='ocrx_word' id='word_1_261' title='bbox 2287 1912 2300 1925; x_wconf 90' lang='grc'><strong>·</strong></span> <span class='ocrx_word' id='word_1_262' title='bbox 2341 1894 2676 1966; x_wconf 84' lang='grc' dir='ltr'>Ὠμολὸγησε</span> <span class='ocrx_word' id='word_1_263' title='bbox 2698 1893 2828 1964; x_wconf 86' lang='grc' dir='ltr'>γὰρ,</span> <span class='ocrx_word' id='word_1_264' title='bbox 2865 1893 3048 1964; x_wconf 71' lang='grc' dir='ltr'>φησὶν,</span> <span class='ocrx_word' id='word_1_265' title='bbox 3070 1892 3151 1945; x_wconf 85' lang='grc' dir='ltr'>ὅτι</span> <span class='ocrx_word' id='word_1_266' title='bbox 3180 1892 3302 1944; x_wconf 81' lang='grc' dir='ltr'><strong>Οὐκ</strong></span> <span class='ocrx_word' id='word_1_267' title='bbox 3326 1889 3444 1959; x_wconf 78' lang='grc' dir='ltr'>εἰμὶ</span> <span class='ocrx_word' id='word_1_268' title='bbox 3479 1888 3597 1959; x_wconf 64' lang='grc' dir='ltr'><strong>ἐγὼ</strong></span> <span class='ocrx_word' id='word_1_269' title='bbox 3626 1892 3663 1944; x_wconf 85' lang='lat' dir='ltr'><strong>d</strong></span> 
     </span>
    </p>
   </div>
   <div class='ocr_carea' id='block_1_36' title="bbox 2069 1981 3659 2056">
    <p class='ocr_par' dir='ltr' id='par_1_36' title="bbox 2069 1981 3659 2056">
     <span class='ocr_line' id='line_1_36' title="bbox 2069 1981 3659 2056; baseline -0.004 -15"><span class='ocrx_word' id='word_1_270' title='bbox 2069 1985 2343 2056; x_wconf 81' lang='grc' dir='ltr'>Χριστὸς,</span> <span class='ocrx_word' id='word_1_271' title='bbox 2379 1986 2517 2041; x_wconf 73' lang='grc' dir='ltr'><strong>ἀλλ’</strong></span> <span class='ocrx_word' id='word_1_272' title='bbox 2549 1986 2666 2056; x_wconf 76' lang='grc' dir='ltr'>ἐγὼ</span> <span class='ocrx_word' id='word_1_273' title='bbox 2692 1985 2861 2056; x_wconf 71' lang='grc' dir='ltr'>φωνὴ</span> <span class='ocrx_word' id='word_1_274' title='bbox 2894 1982 3162 2050; x_wconf 81' lang='grc' dir='ltr'>,βοῶντος</span> <span class='ocrx_word' id='word_1_275' title='bbox 3208 1983 3279 2037; x_wconf 84' lang='grc' dir='ltr'><strong>ἐν</strong></span> <span class='ocrx_word' id='word_1_276' title='bbox 3320 1982 3398 2052; x_wconf 81' lang='grc' dir='ltr'>τῇ</span> <span class='ocrx_word' id='word_1_277' title='bbox 3433 1981 3659 2052; x_wconf 79' lang='grc' dir='ltr'>ἐρήμῳ,</span> 
     </span>
    </p>
   </div>
   <div class='ocr_carea' id='block_1_37' title="bbox 390 2068 1966 2144">
    <p class='ocr_par' dir='ltr' id='par_1_37' title="bbox 390 2069 1966 2139">
     <span class='ocr_line' id='line_1_37' title="bbox 390 2069 1966 2139; baseline -0.001 -13"><span class='ocrx_word' id='word_1_278' title='bbox 390 2081 556 2126; x_wconf 85' lang='lat' dir='ltr'><strong>strum</strong></span> <span class='ocrx_word' id='word_1_279' title='bbox 582 2070 747 2134; x_wconf 77' lang='lat' dir='ltr'><strong>stetit,</strong></span> <span class='ocrx_word' id='word_1_280' title='bbox 778 2087 929 2139; x_wconf 82' lang='lat' dir='ltr'><strong>quem</strong></span> <span class='ocrx_word' id='word_1_281' title='bbox 953 2087 1041 2125; x_wconf 81' lang='lat' dir='ltr'><strong>vos</strong></span> <span class='ocrx_word' id='word_1_282' title='bbox 1064 2072 1275 2126; x_wconf 76' lang='lat' dir='ltr'><strong>nescitis</strong></span> <span class='ocrx_word' id='word_1_283' title='bbox 1301 2072 1369 2126; x_wconf 77' lang='lat'><strong>&quot;.</strong></span> <span class='ocrx_word' id='word_1_284' title='bbox 1399 2069 1575 2125; x_wconf 86' lang='lat' dir='ltr'><strong>Lucas</strong></span> <span class='ocrx_word' id='word_1_285' title='bbox 1610 2071 1737 2127; x_wconf 85' lang='lat' dir='ltr'><strong>item</strong></span> <span class='ocrx_word' id='word_1_286' title='bbox 1784 2069 1966 2127; x_wconf 88' lang='lat' dir='ltr'><strong>simili-</strong></span> 
     </span>
    </p>
   </div>
   <div class='ocr_carea' id='block_1_38' title="bbox 2072 2068 3663 2144">
    <p class='ocr_par' dir='ltr' id='par_1_38' title="bbox 2072 2068 3663 2144">
     <span class='ocr_line' id='line_1_38' title="bbox 2072 2068 3663 2144; baseline -0.004 -13"><span class='ocrx_word' id='word_1_287' title='bbox 2072 2078 2376 2131; x_wconf 82' lang='grc' dir='ltr'>Εὐθύνατε</span> <span class='ocrx_word' id='word_1_288' title='bbox 2408 2074 2523 2144; x_wconf 79' lang='grc' dir='ltr'><strong>τὴν</strong></span> <span class='ocrx_word' id='word_1_289' title='bbox 2562 2073 2708 2129; x_wconf 83' lang='grc' dir='ltr'>ὁδὸν</span> <span class='ocrx_word' id='word_1_290' title='bbox 2747 2075 3000 2142; x_wconf 78' lang='grc' dir='ltr'>Κυρίουο</span> <span class='ocrx_word' id='word_1_291' title='bbox 3047 2071 3162 2142; x_wconf 73' lang='grc' dir='ltr'><strong>ἐγὼ</strong></span> <span class='ocrx_word' id='word_1_292' title='bbox 3192 2070 3460 2138; x_wconf 75' lang='grc' dir='ltr'><strong>βαπτίζω</strong></span> <span class='ocrx_word' id='word_1_293' title='bbox 3498 2068 3663 2140; x_wconf 83' lang='grc' dir='ltr'><strong>ὑμᾶς</strong></span> 
     </span>
    </p>
   </div>
   <div class='ocr_carea' id='block_1_39' title="bbox 391 2161 1965 2227">
    <p class='ocr_par' dir='ltr' id='par_1_39' title="bbox 391 2161 1965 2227">
     <span class='ocr_line' id='line_1_39' title="bbox 391 2161 1965 2227; baseline 0.001 -10"><span class='ocrx_word' id='word_1_294' title='bbox 391 2171 479 2218; x_wconf 88' lang='lat' dir='ltr'><strong>ter</strong></span> <span class='ocrx_word' id='word_1_295' title='bbox 507 2169 715 2227; x_wconf 86' lang='lat' dir='ltr'><strong>narrat,</strong></span> <span class='ocrx_word' id='word_1_296' title='bbox 751 2161 1220 2217; x_wconf 86' lang='lat' dir='ltr'><strong>confabulantibus</strong></span> <span class='ocrx_word' id='word_1_297' title='bbox 1252 2162 1466 2218; x_wconf 90' lang='lat' dir='ltr'><strong>cunctis</strong></span> <span class='ocrx_word' id='word_1_298' title='bbox 1495 2164 1640 2219; x_wconf 88' lang='lat' dir='ltr'><strong>circa</strong></span> <span class='ocrx_word' id='word_1_299' title='bbox 1673 2161 1965 2219; x_wconf 87' lang='lat' dir='ltr'><strong>Jordanem</strong></span> 
     </span>
    </p>
   </div>
   <div class='ocr_carea' id='block_1_40' title="bbox 390 2252 1958 2323">
    <p class='ocr_par' dir='ltr' id='par_1_40' title="bbox 390 2252 1958 2323">
     <span class='ocr_line' id='line_1_40' title="bbox 390 2252 1958 2323; baseline 0 -13"><span class='ocrx_word' id='word_1_300' title='bbox 390 2257 459 2310; x_wconf 88' lang='lat' dir='ltr'><strong>de</strong></span> <span class='ocrx_word' id='word_1_301' title='bbox 511 2252 742 2318; x_wconf 86' lang='lat' dir='ltr'><strong>Joanne,</strong></span> <span class='ocrx_word' id='word_1_302' title='bbox 801 2269 927 2307; x_wconf 92' lang='lat' dir='ltr'><strong>num</strong></span> <span class='ocrx_word' id='word_1_303' title='bbox 983 2255 1029 2308; x_wconf 88' lang='lat' dir='ltr'><strong>is</strong></span> <span class='ocrx_word' id='word_1_304' title='bbox 1075 2253 1326 2308; x_wconf 86' lang='lat' dir='ltr'><strong>Christus</strong></span> <span class='ocrx_word' id='word_1_305' title='bbox 1380 2262 1543 2322; x_wconf 87' lang='lat' dir='ltr'><strong>esset,</strong></span> <span class='ocrx_word' id='word_1_306' title='bbox 1609 2254 1958 2323; x_wconf 87' lang='lat' dir='ltr'><strong>respondisse</strong></span> 
     </span>
    </p>
   </div>
   <div class='ocr_carea' id='block_1_41' title="bbox 389 2341 1967 2415">
    <p class='ocr_par' dir='ltr' id='par_1_41' title="bbox 389 2341 1967 2415">
     <span class='ocr_line' id='line_1_41' title="bbox 389 2341 1967 2415; baseline -0.002 -13"><span class='ocrx_word' id='word_1_307' title='bbox 389 2343 652 2402; x_wconf 77' lang='lat' dir='ltr'><strong>Joannem</strong></span> <span class='ocrx_word' id='word_1_308' title='bbox 691 2359 705 2396; x_wconf 89' lang='lat'><strong>:</strong></span> <span class='ocrx_word' id='word_1_309' title='bbox 735 2341 849 2413; x_wconf 84' lang='lat' dir='ltr'><strong>Ego</strong></span> <span class='ocrx_word' id='word_1_310' title='bbox 880 2343 1094 2413; x_wconf 82' lang='lat' dir='ltr'><strong>quidem</strong></span> <span class='ocrx_word' id='word_1_311' title='bbox 1147 2359 1235 2396; x_wconf 75' lang='lat' dir='ltr'><strong>vos</strong></span> <span class='ocrx_word' id='word_1_312' title='bbox 1266 2360 1406 2414; x_wconf 87' lang='lat' dir='ltr'><strong>aqua</strong></span> <span class='ocrx_word' id='word_1_313' title='bbox 1450 2345 1677 2415; x_wconf 76' lang='lat' dir='ltr'><strong>baptizo,</strong></span> <span class='ocrx_word' id='word_1_314' title='bbox 1707 2347 1843 2399; x_wconf 82' lang='lat' dir='ltr'><strong>venit</strong></span> <span class='ocrx_word' id='word_1_315' title='bbox 1866 2362 1967 2399; x_wconf 81' lang='lat' dir='ltr'><strong>au-</strong></span> 
     </span>
    </p>
   </div>
   <div class='ocr_carea' id='block_1_42' title="bbox 390 2433 1968 2505">
    <p class='ocr_par' dir='ltr' id='par_1_42' title="bbox 390 2433 1968 2505">
     <span class='ocr_line' id='line_1_42' title="bbox 390 2433 1968 2505; baseline -0.001 -15"><span class='ocrx_word' id='word_1_316' title='bbox 390 2448 495 2490; x_wconf 85' lang='lat' dir='ltr'><strong>tem</strong></span> <span class='ocrx_word' id='word_1_317' title='bbox 520 2435 610 2505; x_wconf 85' lang='lat' dir='ltr'><strong>qui</strong></span> <span class='ocrx_word' id='word_1_318' title='bbox 643 2450 726 2488; x_wconf 84' lang='lat' dir='ltr'><strong>me</strong></span> <span class='ocrx_word' id='word_1_319' title='bbox 755 2434 949 2504; x_wconf 75' lang='lat' dir='ltr'><strong>fortior</strong></span> <span class='ocrx_word' id='word_1_320' title='bbox 971 2442 1086 2499; x_wconf 87' lang='lat' dir='ltr'><strong>est;</strong></span> <span class='ocrx_word' id='word_1_321' title='bbox 1139 2435 1249 2502; x_wconf 81' lang='lat' dir='ltr'><strong>ipse</strong></span> <span class='ocrx_word' id='word_1_322' title='bbox 1295 2451 1383 2488; x_wconf 83' lang='lat' dir='ltr'><strong>vos</strong></span> <span class='ocrx_word' id='word_1_323' title='bbox 1426 2435 1712 2503; x_wconf 78' lang='lat' dir='ltr'><strong>baptizabit</strong></span> <span class='ocrx_word' id='word_1_324' title='bbox 1765 2433 1968 2505; x_wconf 80' lang='lat' dir='ltr'><strong>Spiritu</strong></span> 
     </span>
    </p>
   </div>
   <div class='ocr_carea' id='block_1_43' title="bbox 389 2525 1967 2597">
    <p class='ocr_par' dir='ltr' id='par_1_43' title="bbox 389 2525 1967 2597">
     <span class='ocr_line' id='line_1_43' title="bbox 389 2525 1967 2597; baseline -0.001 -15"><span class='ocrx_word' id='word_1_325' title='bbox 389 2537 574 2582; x_wconf 82' lang='lat' dir='ltr'><strong>sancto</strong></span> <span class='ocrx_word' id='word_1_326' title='bbox 607 2538 654 2579; x_wconf 83' lang='lat' dir='ltr'><strong>et</strong></span> <span class='ocrx_word' id='word_1_327' title='bbox 680 2527 798 2594; x_wconf 84' lang='lat' dir='ltr'><strong>igne</strong></span> <span class='ocrx_word' id='word_1_328' title='bbox 826 2525 893 2580; x_wconf 78' lang='grc' dir='ltr'><strong>³ο.</strong></span> <span class='ocrx_word' id='word_1_329' title='bbox 930 2525 1067 2592; x_wconf 83' lang='lat' dir='ltr'><strong>Quid</strong></span> <span class='ocrx_word' id='word_1_330' title='bbox 1097 2534 1181 2579; x_wconf 90' lang='lat' dir='ltr'><strong>est</strong></span> <span class='ocrx_word' id='word_1_331' title='bbox 1222 2535 1404 2581; x_wconf 89' lang='lat' dir='ltr'><strong>autem</strong></span> <span class='ocrx_word' id='word_1_332' title='bbox 1437 2526 1616 2597; x_wconf 85' lang='lat' dir='ltr'><strong>ignis?</strong></span> <span class='ocrx_word' id='word_1_333' title='bbox 1662 2541 1851 2596; x_wconf 89' lang='lat' dir='ltr'><strong>nempe</strong></span> <span class='ocrx_word' id='word_1_334' title='bbox 1886 2527 1967 2581; x_wconf 88' lang='lat' dir='ltr'><strong>rei</strong></span> 
     </span>
    </p>
   </div>
   <div class='ocr_carea' id='block_1_44' title="bbox 388 2615 1966 2686">
    <p class='ocr_par' dir='ltr' id='par_1_44' title="bbox 388 2615 1966 2686">
     <span class='ocr_line' id='line_1_44' title="bbox 388 2615 1966 2686; baseline -0.001 -13"><span class='ocrx_word' id='word_1_335' title='bbox 388 2615 605 2673; x_wconf 76' lang='lat' dir='ltr'><strong>inutilis</strong></span> <span class='ocrx_word' id='word_1_336' title='bbox 635 2615 1000 2686; x_wconf 88' lang='lat' dir='ltr'><strong>consumptio,</strong></span> <span class='ocrx_word' id='word_1_337' title='bbox 1028 2626 1085 2671; x_wconf 91' lang='lat' dir='ltr'><strong>et</strong></span> <span class='ocrx_word' id='word_1_338' title='bbox 1109 2616 1274 2671; x_wconf 89' lang='lat' dir='ltr'><strong>ardor</strong></span> <span class='ocrx_word' id='word_1_339' title='bbox 1300 2617 1542 2686; x_wconf 86' lang='lat' dir='ltr'><strong>spiritus.</strong></span> <span class='ocrx_word' id='word_1_340' title='bbox 1576 2616 1777 2671; x_wconf 87' lang='lat' dir='ltr'><strong>Eodem</strong></span> <span class='ocrx_word' id='word_1_341' title='bbox 1804 2631 1966 2672; x_wconf 87' lang='lat' dir='ltr'><strong>sensu</strong></span> 
     </span>
    </p>
   </div>
   <div class='ocr_carea' id='block_1_45' title="bbox 388 2706 1968 2779">
    <p class='ocr_par' dir='ltr' id='par_1_45' title="bbox 388 2706 1968 2779">
     <span class='ocr_line' id='line_1_45' title="bbox 388 2706 1968 2779; baseline -0.003 -12"><span class='ocrx_word' id='word_1_342' title='bbox 388 2706 629 2767; x_wconf 78' lang='lat' dir='ltr'><strong>Joannes</strong></span> <span class='ocrx_word' id='word_1_343' title='bbox 664 2723 880 2778; x_wconf 90' lang='lat' dir='ltr'><strong>quoque</strong></span> <span class='ocrx_word' id='word_1_344' title='bbox 938 2707 1257 2779; x_wconf 87' lang='lat' dir='ltr'><strong>(apostolus)</strong></span> <span class='ocrx_word' id='word_1_345' title='bbox 1310 2709 1538 2762; x_wconf 88' lang='lat' dir='ltr'><strong>aiebat:</strong></span> <span class='ocrx_word' id='word_1_346' title='bbox 1574 2707 1675 2762; x_wconf 79' lang='lat' dir='ltr'><strong>llic</strong></span> <span class='ocrx_word' id='word_1_347' title='bbox 1722 2710 1863 2763; x_wconf 77' lang='lat' dir='ltr'><strong>venit</strong></span> <span class='ocrx_word' id='word_1_348' title='bbox 1911 2711 1968 2763; x_wconf 82' lang='lat' dir='ltr'><strong>in</strong></span> 
     </span>
    </p>
   </div>
   <div class='ocr_carea' id='block_1_46' title="bbox 390 2800 1965 2869">
    <p class='ocr_par' dir='ltr' id='par_1_46' title="bbox 390 2800 1965 2869">
     <span class='ocr_line' id='line_1_46' title="bbox 390 2800 1965 2869; baseline -0.001 -14"><span class='ocrx_word' id='word_1_349' title='bbox 390 2801 772 2867; x_wconf 84' lang='lat' dir='ltr'><strong>testimonium,</strong></span> <span class='ocrx_word' id='word_1_350' title='bbox 806 2810 860 2853; x_wconf 90' lang='lat' dir='ltr'><strong>ut</strong></span> <span class='ocrx_word' id='word_1_351' title='bbox 901 2801 1258 2855; x_wconf 84' lang='lat' dir='ltr'><strong>testimonium</strong></span> <span class='ocrx_word' id='word_1_352' title='bbox 1301 2800 1591 2869; x_wconf 83' lang='lat' dir='ltr'><strong>perhiberet</strong></span> <span class='ocrx_word' id='word_1_353' title='bbox 1624 2801 1689 2854; x_wconf 82' lang='lat' dir='ltr'><strong>de</strong></span> <span class='ocrx_word' id='word_1_354' title='bbox 1743 2801 1965 2869; x_wconf 83' lang='lat' dir='ltr'><strong>lumine,</strong></span> 
     </span>
    </p>
   </div>
   <div class='ocr_carea' id='block_1_47' title="bbox 389 2890 1960 2961">
    <p class='ocr_par' dir='ltr' id='par_1_47' title="bbox 389 2890 1960 2961">
     <span class='ocr_line' id='line_1_47' title="bbox 389 2890 1960 2961; baseline 0.001 -16"><span class='ocrx_word' id='word_1_355' title='bbox 389 2901 448 2945; x_wconf 77' lang='lat' dir='ltr'><strong>ut</strong></span> <span class='ocrx_word' id='word_1_356' title='bbox 480 2908 655 2946; x_wconf 84' lang='lat' dir='ltr'><strong>omnes</strong></span> <span class='ocrx_word' id='word_1_357' title='bbox 682 2895 950 2946; x_wconf 76' lang='lat' dir='ltr'><strong>crederent</strong></span> <span class='ocrx_word' id='word_1_358' title='bbox 984 2907 1075 2961; x_wconf 75' lang='lat' dir='ltr'><strong>per</strong></span> <span class='ocrx_word' id='word_1_359' title='bbox 1107 2893 1299 2959; x_wconf 84' lang='lat' dir='ltr'><strong>ipsum.</strong></span> <span class='ocrx_word' id='word_1_360' title='bbox 1333 2890 1458 2945; x_wconf 83' lang='lat' dir='ltr'><strong>Non</strong></span> <span class='ocrx_word' id='word_1_361' title='bbox 1487 2902 1599 2945; x_wconf 86' lang='lat' dir='ltr'><strong>erat</strong></span> <span class='ocrx_word' id='word_1_362' title='bbox 1632 2892 1722 2946; x_wconf 86' lang='lat' dir='ltr'><strong>ille</strong></span> <span class='ocrx_word' id='word_1_363' title='bbox 1760 2892 1960 2958; x_wconf 85' lang='lat' dir='ltr'><strong>lumen,</strong></span> 
     </span>
    </p>
   </div>
   <div class='ocr_carea' id='block_1_48' title="bbox 391 2981 1967 3052">
    <p class='ocr_par' dir='ltr' id='par_1_48' title="bbox 391 2981 1967 3052">
     <span class='ocr_line' id='line_1_48' title="bbox 391 2981 1967 3052; baseline -0.001 -14"><span class='ocrx_word' id='word_1_364' title='bbox 391 2983 484 3038; x_wconf 82' lang='lat' dir='ltr'><strong>sed</strong></span> <span class='ocrx_word' id='word_1_365' title='bbox 510 2994 566 3036; x_wconf 88' lang='lat' dir='ltr'><strong>ut</strong></span> <span class='ocrx_word' id='word_1_366' title='bbox 601 2982 956 3036; x_wconf 87' lang='lat' dir='ltr'><strong>testimonium</strong></span> <span class='ocrx_word' id='word_1_367' title='bbox 986 2982 1276 3052; x_wconf 82' lang='lat' dir='ltr'><strong>perhiberet</strong></span> <span class='ocrx_word' id='word_1_368' title='bbox 1307 2983 1372 3036; x_wconf 84' lang='lat' dir='ltr'><strong>de</strong></span> <span class='ocrx_word' id='word_1_369' title='bbox 1408 2982 1606 3036; x_wconf 82' lang='lat' dir='ltr'><strong>lumine</strong></span> <span class='ocrx_word' id='word_1_370' title='bbox 1636 2982 1703 3036; x_wconf 82' lang='grc'><strong>³¹.</strong></span> <span class='ocrx_word' id='word_1_371' title='bbox 1742 2981 1848 3038; x_wconf 89' lang='lat' dir='ltr'><strong>Sed</strong></span> <span class='ocrx_word' id='word_1_372' title='bbox 1876 2982 1967 3037; x_wconf 86' lang='lat' dir='ltr'><strong>hic</strong></span> 
     </span>
    </p>
   </div>
   <div class='ocr_carea' id='block_1_49' title="bbox 393 3071 1969 3142">
    <p class='ocr_par' dir='ltr' id='par_1_49' title="bbox 393 3071 1969 3142">
     <span class='ocr_line' id='line_1_49' title="bbox 393 3071 1969 3142; baseline 0.001 -15"><span class='ocrx_word' id='word_1_373' title='bbox 393 3073 612 3142; x_wconf 86' lang='lat' dir='ltr'><strong>quidem</strong></span> <span class='ocrx_word' id='word_1_374' title='bbox 661 3073 737 3126; x_wconf 87' lang='lat' dir='ltr'><strong>ita</strong></span> <span class='ocrx_word' id='word_1_375' title='bbox 785 3072 997 3126; x_wconf 89' lang='lat' dir='ltr'><strong>initium</strong></span> <span class='ocrx_word' id='word_1_376' title='bbox 1042 3071 1442 3141; x_wconf 63' lang='lat' dir='ltr'><strong>praedicationis</strong></span> <span class='ocrx_word' id='word_1_377' title='bbox 1490 3072 1744 3140; x_wconf 87' lang='lat' dir='ltr'><strong>faciebat,</strong></span> <span class='ocrx_word' id='word_1_378' title='bbox 1796 3073 1969 3129; x_wconf 88' lang='lat' dir='ltr'><strong>dedu-</strong></span> 
     </span>
    </p>
   </div>
   <div class='ocr_carea' id='block_1_50' title="bbox 392 3163 1967 3234">
    <p class='ocr_par' dir='ltr' id='par_1_50' title="bbox 392 3163 1967 3234">
     <span class='ocr_line' id='line_1_50' title="bbox 392 3163 1967 3234; baseline 0.003 -17"><span class='ocrx_word' id='word_1_379' title='bbox 392 3177 524 3218; x_wconf 86' lang='lat' dir='ltr'><strong>cens</strong></span> <span class='ocrx_word' id='word_1_380' title='bbox 589 3163 738 3218; x_wconf 86' lang='lat' dir='ltr'><strong>vocis</strong></span> <span class='ocrx_word' id='word_1_381' title='bbox 798 3164 973 3218; x_wconf 87' lang='lat' dir='ltr'><strong>instar</strong></span> <span class='ocrx_word' id='word_1_382' title='bbox 1026 3164 1302 3218; x_wconf 88' lang='lat' dir='ltr'><strong>hominum</strong></span> <span class='ocrx_word' id='word_1_383' title='bbox 1372 3164 1583 3219; x_wconf 88' lang='lat' dir='ltr'><strong>animas</strong></span> <span class='ocrx_word' id='word_1_384' title='bbox 1617 3165 1686 3219; x_wconf 88' lang='lat' dir='ltr'><strong>ad</strong></span> <span class='ocrx_word' id='word_1_385' title='bbox 1736 3165 1967 3234; x_wconf 82' lang='lat' dir='ltr'><strong>perfecti</strong></span> 
     </span>
    </p>
   </div>
   <div class='ocr_carea' id='block_1_51' title="bbox 392 3253 1968 3324">
    <p class='ocr_par' dir='ltr' id='par_1_51' title="bbox 392 3253 1968 3324">
     <span class='ocr_line' id='line_1_51' title="bbox 392 3253 1968 3324; baseline 0.003 -18"><span class='ocrx_word' id='word_1_386' title='bbox 392 3254 546 3309; x_wconf 84' lang='lat' dir='ltr'><strong>verbi</strong></span> <span class='ocrx_word' id='word_1_387' title='bbox 578 3255 994 3324; x_wconf 86' lang='lat' dir='ltr'><strong>susceptionem.</strong></span> <span class='ocrx_word' id='word_1_388' title='bbox 1042 3254 1405 3321; x_wconf 82' lang='lat' dir='ltr'><strong>Quamobrem</strong></span> <span class='ocrx_word' id='word_1_389' title='bbox 1436 3253 1696 3309; x_wconf 83' lang='lat' dir='ltr'><strong>Joannem</strong></span> <span class='ocrx_word' id='word_1_390' title='bbox 1745 3256 1968 3311; x_wconf 89' lang='lat' dir='ltr'><strong>inchoa-</strong></span> 
     </span>
    </p>
   </div>
   <div class='ocr_carea' id='block_1_52' title="bbox 392 3345 1966 3416">
    <p class='ocr_par' dir='ltr' id='par_1_52' title="bbox 392 3345 1966 3416">
     <span class='ocr_line' id='line_1_52' title="bbox 392 3345 1966 3416; baseline 0.001 -15"><span class='ocrx_word' id='word_1_391' title='bbox 392 3347 599 3402; x_wconf 83' lang='lat' dir='ltr'><strong>tionem</strong></span> <span class='ocrx_word' id='word_1_392' title='bbox 627 3360 745 3401; x_wconf 89' lang='lat' dir='ltr'><strong>esse</strong></span> <span class='ocrx_word' id='word_1_393' title='bbox 778 3345 1079 3416; x_wconf 80' lang='lat' dir='ltr'><strong>Evangelii,</strong></span> <span class='ocrx_word' id='word_1_394' title='bbox 1108 3346 1322 3402; x_wconf 82' lang='lat' dir='ltr'><strong>Marcus</strong></span> <span class='ocrx_word' id='word_1_395' title='bbox 1355 3346 1692 3400; x_wconf 85' lang='lat' dir='ltr'><strong>demonstrat</strong></span> <span class='ocrx_word' id='word_1_396' title='bbox 1715 3348 1781 3401; x_wconf 79' lang='lat'><strong>&quot;.</strong></span> <span class='ocrx_word' id='word_1_397' title='bbox 1807 3347 1966 3404; x_wconf 87' lang='lat' dir='ltr'><strong>Post-</strong></span> 
     </span>
    </p>
   </div>
   <div class='ocr_carea' id='block_1_53' title="bbox 392 3413 2042 3509">
    <p class='ocr_par' dir='ltr' id='par_1_53' title="bbox 392 3413 2042 3509">
     <span class='ocr_line' id='line_1_53' title="bbox 392 3413 2042 3509; baseline 0.004 -18"><span class='ocrx_word' id='word_1_398' title='bbox 392 3453 555 3508; x_wconf 88' lang='lat' dir='ltr'><strong>quam</strong></span> <span class='ocrx_word' id='word_1_399' title='bbox 580 3453 711 3494; x_wconf 91' lang='lat' dir='ltr'><strong>vero</strong></span> <span class='ocrx_word' id='word_1_400' title='bbox 741 3453 846 3494; x_wconf 79' lang='lat' dir='ltr'><strong>vox</strong></span> <span class='ocrx_word' id='word_1_401' title='bbox 871 3439 1019 3493; x_wconf 89' lang='lat' dir='ltr'><strong>siluit</strong></span> <span class='ocrx_word' id='word_1_402' title='bbox 1044 3454 1271 3494; x_wconf 89' lang='lat' dir='ltr'><strong>munere</strong></span> <span class='ocrx_word' id='word_1_403' title='bbox 1295 3454 1394 3495; x_wconf 86' lang='lat' dir='ltr'><strong>suo</strong></span> <span class='ocrx_word' id='word_1_404' title='bbox 1424 3437 1706 3507; x_wconf 87' lang='lat' dir='ltr'><strong>defuncta,</strong></span> <span class='ocrx_word' id='word_1_405' title='bbox 1731 3448 1786 3495; x_wconf 89' lang='lat' dir='ltr'><strong>et</strong></span> <span class='ocrx_word' id='word_1_406' title='bbox 1813 3441 1968 3509; x_wconf 87' lang='lat' dir='ltr'><strong>quasi</strong></span> <span class='ocrx_word' id='word_1_407' title='bbox 1996 3413 2042 3474; x_wconf 57' lang='grc' dir='ltr'><strong>(δ</strong></span> 
     </span>
    </p>
   </div>
   <div class='ocr_carea' id='block_1_54' title="bbox 390 3523 1968 3603">
    <p class='ocr_par' dir='ltr' id='par_1_54' title="bbox 390 3523 1968 3603">
     <span class='ocr_line' id='line_1_54' title="bbox 390 3523 1968 3603; baseline 0.003 -17"><span class='ocrx_word' id='word_1_408' title='bbox 390 3529 587 3600; x_wconf 79' lang='lat' dir='ltr'><strong>exigua</strong></span> <span class='ocrx_word' id='word_1_409' title='bbox 615 3523 907 3599; x_wconf 66' lang='lat' dir='ltr'><strong>plios‘phori</strong></span> <span class='ocrx_word' id='word_1_410' title='bbox 940 3532 1059 3587; x_wconf 90' lang='lat' dir='ltr'><strong>luce</strong></span> <span class='ocrx_word' id='word_1_411' title='bbox 1092 3542 1303 3587; x_wconf 89' lang='lat' dir='ltr'><strong>mentes</strong></span> <span class='ocrx_word' id='word_1_412' title='bbox 1335 3531 1617 3587; x_wconf 89' lang='lat' dir='ltr'><strong>hominum</strong></span> <span class='ocrx_word' id='word_1_413' title='bbox 1664 3533 1779 3603; x_wconf 87' lang='lat' dir='ltr'><strong>jam</strong></span> <span class='ocrx_word' id='word_1_414' title='bbox 1806 3534 1968 3590; x_wconf 85' lang='lat' dir='ltr'><strong>clari-</strong></span> 
     </span>
    </p>
   </div>
   <div class='ocr_carea' id='block_1_55' title="bbox 391 3622 1967 3696">
    <p class='ocr_par' dir='ltr' id='par_1_55' title="bbox 391 3622 1967 3696">
     <span class='ocr_line' id='line_1_55' title="bbox 391 3622 1967 3696; baseline 0.003 -17"><span class='ocrx_word' id='word_1_415' title='bbox 391 3622 696 3690; x_wconf 85' lang='lat' dir='ltr'><strong>ﬂcaverat,</strong></span> <span class='ocrx_word' id='word_1_416' title='bbox 765 3634 896 3679; x_wconf 92' lang='lat' dir='ltr'><strong>tunc</strong></span> <span class='ocrx_word' id='word_1_417' title='bbox 948 3637 1162 3680; x_wconf 85' lang='lat' dir='ltr'><strong>demum</strong></span> <span class='ocrx_word' id='word_1_418' title='bbox 1218 3625 1551 3696; x_wconf 85' lang='lat' dir='ltr'><strong>unigenitum</strong></span> <span class='ocrx_word' id='word_1_419' title='bbox 1609 3626 1753 3696; x_wconf 88' lang='lat' dir='ltr'><strong>quod</strong></span> <span class='ocrx_word' id='word_1_420' title='bbox 1810 3637 1967 3685; x_wconf 88' lang='lat' dir='ltr'><strong>antea</strong></span> 
     </span>
    </p>
   </div>
   <div class='ocr_carea' id='block_1_56' title="bbox 391 3715 1972 3791">
    <p class='ocr_par' dir='ltr' id='par_1_56' title="bbox 391 3715 1972 3791">
     <span class='ocr_line' id='line_1_56' title="bbox 391 3715 1972 3791; baseline 0.003 -20"><span class='ocrx_word' id='word_1_421' title='bbox 391 3717 692 3771; x_wconf 75' lang='lat' dir='ltr'><strong>exsistebat</strong></span> <span class='ocrx_word' id='word_1_422' title='bbox 721 3715 818 3773; x_wconf 87' lang='lat' dir='ltr'><strong>Dei</strong></span> <span class='ocrx_word' id='word_1_423' title='bbox 845 3715 1105 3786; x_wconf 83' lang='lat' dir='ltr'><strong>Verbum,</strong></span> <span class='ocrx_word' id='word_1_424' title='bbox 1136 3718 1383 3791; x_wconf 84' lang='lat' dir='ltr'><strong>proprios</strong></span> <span class='ocrx_word' id='word_1_425' title='bbox 1412 3733 1538 3775; x_wconf 88' lang='lat' dir='ltr'><strong>caro</strong></span> <span class='ocrx_word' id='word_1_426' title='bbox 1565 3717 1767 3777; x_wconf 88' lang='lat' dir='ltr'><strong>factum</strong></span> <span class='ocrx_word' id='word_1_427' title='bbox 1789 3721 1972 3777; x_wconf 84' lang='lat' dir='ltr'><strong>emisit</strong></span> 
     </span>
    </p>
   </div>
   <div class='ocr_carea' id='block_1_57' title="bbox 394 3808 734 3886">
    <p class='ocr_par' dir='ltr' id='par_1_57' title="bbox 394 3808 734 3886">
     <span class='ocr_line' id='line_1_57' title="bbox 394 3808 734 3886; baseline 0 -22"><span class='ocrx_word' id='word_1_428' title='bbox 394 3808 734 3886; x_wconf 87' lang='lat' dir='ltr'><strong>splendores.</strong></span> 
     </span>
    </p>
   </div>
   <div class='ocr_carea' id='block_1_58' title="bbox 1115 4079 1254 4138">
    <p class='ocr_par' dir='ltr' id='par_1_58' title="bbox 1115 4079 1254 4138">
     <span class='ocr_line' id='line_1_58' title="bbox 1115 4079 1254 4138; baseline 0.029 -4"><span class='ocrx_word' id='word_1_429' title='bbox 1115 4079 1254 4138; x_wconf 81' lang='lat' dir='ltr'><strong>XIV.</strong></span> 
     </span>
    </p>
   </div>
   <div class='ocr_carea' id='block_1_59' title="bbox 469 4171 1966 4244">
    <p class='ocr_par' dir='ltr' id='par_1_59' title="bbox 469 4171 1966 4244">
     <span class='ocr_line' id='line_1_59' title="bbox 469 4171 1966 4244; baseline 0.003 -18"><span class='ocrx_word' id='word_1_430' title='bbox 469 4171 611 4229; x_wconf 86' lang='lat' dir='ltr'><strong>Salis</strong></span> <span class='ocrx_word' id='word_1_431' title='bbox 672 4172 920 4244; x_wconf 80' lang='lat' dir='ltr'><strong>symbolo</strong></span> <span class='ocrx_word' id='word_1_432' title='bbox 979 4175 1364 4244; x_wconf 86' lang='lat' dir='ltr'><strong>discipulorum</strong></span> <span class='ocrx_word' id='word_1_433' title='bbox 1437 4191 1658 4231; x_wconf 89' lang='lat' dir='ltr'><strong>suorum</strong></span> <span class='ocrx_word' id='word_1_434' title='bbox 1711 4176 1966 4231; x_wconf 85' lang='lat' dir='ltr'><strong>virtutem</strong></span> 
     </span>
    </p>
   </div>
   <div class='ocr_carea' id='block_1_60' title="bbox 393 4263 1968 4337">
    <p class='ocr_par' dir='ltr' id='par_1_60' title="bbox 393 4263 1968 4337">
     <span class='ocr_line' id='line_1_60' title="bbox 393 4263 1968 4337; baseline 0.001 -18"><span class='ocrx_word' id='word_1_435' title='bbox 393 4263 570 4319; x_wconf 91' lang='lat' dir='ltr'><strong>innuit</strong></span> <span class='ocrx_word' id='word_1_436' title='bbox 602 4263 669 4318; x_wconf 83' lang='grc'><strong><em>³⁸.</em></strong></span> <span class='ocrx_word' id='word_1_437' title='bbox 724 4263 861 4319; x_wconf 86' lang='lat' dir='ltr'><strong>Nam</strong></span> <span class='ocrx_word' id='word_1_438' title='bbox 888 4264 1013 4335; x_wconf 89' lang='lat' dir='ltr'><strong>quia</strong></span> <span class='ocrx_word' id='word_1_439' title='bbox 1055 4266 1185 4320; x_wconf 89' lang='lat' dir='ltr'><strong>salis</strong></span> <span class='ocrx_word' id='word_1_440' title='bbox 1232 4276 1427 4321; x_wconf 86' lang='lat' dir='ltr'><strong>natura</strong></span> <span class='ocrx_word' id='word_1_441' title='bbox 1477 4282 1546 4321; x_wconf 77' lang='lat' dir='ltr'><strong>ex</strong></span> <span class='ocrx_word' id='word_1_442' title='bbox 1581 4282 1723 4337; x_wconf 86' lang='lat' dir='ltr'><strong>aqua</strong></span> <span class='ocrx_word' id='word_1_443' title='bbox 1750 4280 1805 4321; x_wconf 91' lang='lat' dir='ltr'><strong>et</strong></span> <span class='ocrx_word' id='word_1_444' title='bbox 1836 4267 1968 4321; x_wconf 88' lang='lat' dir='ltr'><strong>ﬂatu</strong></span> 
     </span>
    </p>
   </div>
   <div class='ocr_carea' id='block_1_61' title="bbox 392 4357 1971 4430">
    <p class='ocr_par' dir='ltr' id='par_1_61' title="bbox 392 4357 1971 4430">
     <span class='ocr_line' id='line_1_61' title="bbox 392 4357 1971 4430; baseline 0 -17"><span class='ocrx_word' id='word_1_445' title='bbox 392 4364 630 4422; x_wconf 89' lang='lat' dir='ltr'><strong>constat,</strong></span> <span class='ocrx_word' id='word_1_446' title='bbox 653 4371 846 4428; x_wconf 90' lang='lat' dir='ltr'><strong>parum</strong></span> <span class='ocrx_word' id='word_1_447' title='bbox 893 4357 1020 4426; x_wconf 89' lang='lat' dir='ltr'><strong>quid</strong></span> <span class='ocrx_word' id='word_1_448' title='bbox 1057 4359 1259 4413; x_wconf 85' lang='lat' dir='ltr'><strong>terreni</strong></span> <span class='ocrx_word' id='word_1_449' title='bbox 1308 4359 1664 4430; x_wconf 86' lang='lat' dir='ltr'><strong>participans,</strong></span> <span class='ocrx_word' id='word_1_450' title='bbox 1698 4368 1753 4416; x_wconf 88' lang='lat' dir='ltr'><strong>et</strong></span> <span class='ocrx_word' id='word_1_451' title='bbox 1779 4375 1971 4415; x_wconf 82' lang='lat' dir='ltr'><strong>corru-</strong></span> 
     </span>
    </p>
   </div>
   <div class='ocr_carea' id='block_1_62' title="bbox 390 4449 1968 4527">
    <p class='ocr_par' dir='ltr' id='par_1_62' title="bbox 390 4449 1968 4527">
     <span class='ocr_line' id='line_1_62' title="bbox 390 4449 1968 4527; baseline 0.005 -24"><span class='ocrx_word' id='word_1_452' title='bbox 390 4449 662 4520; x_wconf 90' lang='lat' dir='ltr'><strong>ptibilium</strong></span> <span class='ocrx_word' id='word_1_453' title='bbox 713 4464 1003 4520; x_wconf 83' lang='lat' dir='ltr'><strong>corporum</strong></span> <span class='ocrx_word' id='word_1_454' title='bbox 1047 4449 1247 4506; x_wconf 80' lang='lat' dir='ltr'><strong>ﬂuxam</strong></span> <span class='ocrx_word' id='word_1_455' title='bbox 1296 4461 1550 4509; x_wconf 86' lang='lat' dir='ltr'><strong>naturam</strong></span> <span class='ocrx_word' id='word_1_456' title='bbox 1591 4455 1968 4527; x_wconf 87' lang='lat' dir='ltr'><strong>constringere</strong></span> 
     </span>
    </p>
   </div>
   <div class='ocr_carea' id='block_1_63' title="bbox 391 4541 1968 4614">
    <p class='ocr_par' dir='ltr' id='par_1_63' title="bbox 391 4541 1968 4614">
     <span class='ocr_line' id='line_1_63' title="bbox 391 4541 1968 4614; baseline 0.003 -17"><span class='ocrx_word' id='word_1_457' title='bbox 391 4541 552 4607; x_wconf 81' lang='lat' dir='ltr'><strong>solet,</strong></span> <span class='ocrx_word' id='word_1_458' title='bbox 584 4543 657 4597; x_wconf 89' lang='lat' dir='ltr'><strong>ita</strong></span> <span class='ocrx_word' id='word_1_459' title='bbox 690 4551 750 4597; x_wconf 90' lang='lat' dir='ltr'><strong>ut</strong></span> <span class='ocrx_word' id='word_1_460' title='bbox 778 4542 945 4596; x_wconf 91' lang='lat' dir='ltr'><strong>etiam</strong></span> <span class='ocrx_word' id='word_1_461' title='bbox 972 4542 1256 4599; x_wconf 88' lang='lat' dir='ltr'><strong>.cadavera</strong></span> <span class='ocrx_word' id='word_1_462' title='bbox 1303 4544 1629 4614; x_wconf 69' lang='lat' dir='ltr'><strong>praevalente</strong></span> <span class='ocrx_word' id='word_1_463' title='bbox 1656 4546 1708 4600; x_wconf 92' lang='lat' dir='ltr'><strong>vi</strong></span> <span class='ocrx_word' id='word_1_464' title='bbox 1745 4562 1968 4601; x_wconf 87' lang='lat' dir='ltr'><strong>conser-</strong></span> 
     </span>
    </p>
   </div>
   <div class='ocr_carea' id='block_1_64' title="bbox 387 4636 1969 4707">
    <p class='ocr_par' dir='ltr' id='par_1_64' title="bbox 387 4636 1969 4707">
     <span class='ocr_line' id='line_1_64' title="bbox 387 4636 1969 4707; baseline 0.004 -20"><span class='ocrx_word' id='word_1_465' title='bbox 387 4643 511 4702; x_wconf 81' lang='lat' dir='ltr'><strong>vet;</strong></span> <span class='ocrx_word' id='word_1_466' title='bbox 563 4636 953 4692; x_wconf 87' lang='lat' dir='ltr'><strong>convenienter</strong></span> <span class='ocrx_word' id='word_1_467' title='bbox 1015 4636 1313 4707; x_wconf 87' lang='lat' dir='ltr'><strong>discipulos</strong></span> <span class='ocrx_word' id='word_1_468' title='bbox 1381 4652 1512 4693; x_wconf 91' lang='lat' dir='ltr'><strong>suos</strong></span> <span class='ocrx_word' id='word_1_469' title='bbox 1578 4638 1709 4694; x_wconf 90' lang='lat' dir='ltr'><strong>salis</strong></span> <span class='ocrx_word' id='word_1_470' title='bbox 1761 4651 1969 4694; x_wconf 76' lang='lat' dir='ltr'><strong>naturae</strong></span> 
     </span>
    </p>
   </div>
   <div class='ocr_carea' id='block_1_65' title="bbox 2066 2161 3660 2236">
    <p class='ocr_par' dir='ltr' id='par_1_65' title="bbox 2066 2161 3660 2236">
     <span class='ocr_line' id='line_1_65' title="bbox 2066 2161 3660 2236; baseline -0.004 -14"><span class='ocrx_word' id='word_1_471' title='bbox 2066 2169 2137 2222; x_wconf 83' lang='grc' dir='ltr'>ἑν</span> <span class='ocrx_word' id='word_1_472' title='bbox 2166 2166 2358 2229; x_wconf 81' lang='grc' dir='ltr'>ὕδατι,</span> <span class='ocrx_word' id='word_1_473' title='bbox 2387 2164 2578 2236; x_wconf 76' lang='grc' dir='ltr'>μέσος</span> <span class='ocrx_word' id='word_1_474' title='bbox 2615 2164 2683 2219; x_wconf 83' lang='grc' dir='ltr'>δὲ</span> <span class='ocrx_word' id='word_1_475' title='bbox 2722 2162 2889 2236; x_wconf 82' lang='grc' dir='ltr'>ὑμῶν</span> <span class='ocrx_word' id='word_1_476' title='bbox 2922 2163 3210 2231; x_wconf 81' lang='grc' dir='ltr'><strong>εἱστήκει,</strong></span> <span class='ocrx_word' id='word_1_477' title='bbox 3244 2162 3317 2217; x_wconf 84' lang='grc' dir='ltr'>ὃν</span> <span class='ocrx_word' id='word_1_478' title='bbox 3345 2161 3518 2232; x_wconf 84' lang='grc' dir='ltr'><strong>ὑμεῖς</strong></span> <span class='ocrx_word' id='word_1_479' title='bbox 3547 2164 3660 2216; x_wconf 83' lang='grc' dir='ltr'><strong>οὐκ</strong></span> 
     </span>
    </p>
   </div>
   <div class='ocr_carea' id='block_1_66' title="bbox 2066 2253 3656 2329">
    <p class='ocr_par' dir='ltr' id='par_1_66' title="bbox 2066 2253 3656 2329">
     <span class='ocr_line' id='line_1_66' title="bbox 2066 2253 3656 2329; baseline -0.006 -14"><span class='ocrx_word' id='word_1_480' title='bbox 2066 2260 2283 2319; x_wconf 76' lang='grc' dir='ltr'>οἴδατε.</span> <span class='ocrx_word' id='word_1_481' title='bbox 2322 2261 2432 2313; x_wconf 75' lang='grc' dir='ltr'>Καὶ</span> <span class='ocrx_word' id='word_1_482' title='bbox 2464 2259 2679 2322; x_wconf 79' lang='grc' dir='ltr'><strong>Λουκᾶς</strong></span> <span class='ocrx_word' id='word_1_483' title='bbox 2704 2257 2762 2311; x_wconf 79' lang='grc' dir='ltr'>δὲ</span> <span class='ocrx_word' id='word_1_484' title='bbox 2792 2257 2862 2311; x_wconf 78' lang='grc' dir='ltr'>τὰ</span> <span class='ocrx_word' id='word_1_485' title='bbox 2901 2258 3064 2329; x_wconf 81' lang='grc' dir='ltr'>ὃμοια</span> <span class='ocrx_word' id='word_1_486' title='bbox 3099 2257 3337 2328; x_wconf 87' lang='grc' dir='ltr'>ἱστορεῖ,</span> <span class='ocrx_word' id='word_1_487' title='bbox 3375 2255 3459 2308; x_wconf 86' lang='grc' dir='ltr'><strong>ὅτι</strong></span> <span class='ocrx_word' id='word_1_488' title='bbox 3494 2253 3656 2307; x_wconf 84' lang='grc' dir='ltr'>Πάν-</span> 
     </span>
    </p>
   </div>
   <div class='ocr_carea' id='block_1_67' title="bbox 2066 2347 3656 2420">
    <p class='ocr_par' dir='ltr' id='par_1_67' title="bbox 2066 2347 3656 2420">
     <span class='ocr_line' id='line_1_67' title="bbox 2066 2347 3656 2420; baseline -0.003 -14"><span class='ocrx_word' id='word_1_489' title='bbox 2066 2370 2182 2409; x_wconf 86' lang='grc' dir='ltr'><strong>των</strong></span> <span class='ocrx_word' id='word_1_490' title='bbox 2201 2348 2693 2420; x_wconf 81' lang='grc' dir='ltr'>διαλογιζομένων</span> <span class='ocrx_word' id='word_1_491' title='bbox 2707 2349 2841 2418; x_wconf 74' lang='grc' dir='ltr'>περὶ</span> <span class='ocrx_word' id='word_1_492' title='bbox 2875 2348 3164 2413; x_wconf 78' lang='grc' dir='ltr'><strong>Ἰωάννου,</strong></span> <span class='ocrx_word' id='word_1_493' title='bbox 3184 2347 3271 2418; x_wconf 85' lang='grc' dir='ltr'><strong>μή</strong></span> <span class='ocrx_word' id='word_1_494' title='bbox 3295 2364 3441 2402; x_wconf 82' lang='grc' dir='ltr'>ποτε</span> <span class='ocrx_word' id='word_1_495' title='bbox 3467 2348 3656 2415; x_wconf 75' lang='grc' dir='ltr'>αὐτὸς</span> 
     </span>
    </p>
   </div>
   <div class='ocr_carea' id='block_1_68' title="bbox 2065 2439 3657 2515">
    <p class='ocr_par' dir='ltr' id='par_1_68' title="bbox 2065 2439 3657 2515">
     <span class='ocr_line' id='line_1_68' title="bbox 2065 2439 3657 2515; baseline -0.003 -16"><span class='ocrx_word' id='word_1_496' title='bbox 2065 2446 2158 2515; x_wconf 85' lang='grc' dir='ltr'>εἴη</span> <span class='ocrx_word' id='word_1_497' title='bbox 2185 2449 2217 2500; x_wconf 85' lang='grc' dir='ltr'><strong>ό</strong></span> <span class='ocrx_word' id='word_1_498' title='bbox 2245 2444 2520 2515; x_wconf 79' lang='grc' dir='ltr'>Χριστὸς,</span> <span class='ocrx_word' id='word_1_499' title='bbox 2549 2445 2908 2513; x_wconf 79' lang='grc' dir='ltr'>ἁπεκρίνατο</span> <span class='ocrx_word' id='word_1_500' title='bbox 2942 2444 2977 2496; x_wconf 82' lang='grc' dir='ltr'>ὁ</span> <span class='ocrx_word' id='word_1_501' title='bbox 3016 2440 3326 2510; x_wconf 76' lang='grc' dir='ltr'><strong>Ἰωάννης·</strong></span> <span class='ocrx_word' id='word_1_502' title='bbox 3369 2440 3518 2510; x_wconf 78' lang='grc' dir='ltr'><strong>Ἐγὼ</strong></span> <span class='ocrx_word' id='word_1_503' title='bbox 3535 2439 3657 2509; x_wconf 68' lang='grc' dir='ltr'>μὲν</span> 
     </span>
    </p>
   </div>
   <div class='ocr_carea' id='block_1_69' title="bbox 2066 2532 3657 2605">
    <p class='ocr_par' dir='ltr' id='par_1_69' title="bbox 2066 2532 3657 2605">
     <span class='ocr_line' id='line_1_69' title="bbox 2066 2532 3657 2605; baseline -0.004 -14"><span class='ocrx_word' id='word_1_504' title='bbox 2066 2537 2239 2596; x_wconf 77' lang='grc' dir='ltr'>ὕδατι</span> <span class='ocrx_word' id='word_1_505' title='bbox 2277 2535 2543 2602; x_wconf 77' lang='grc' dir='ltr'>βαπτίζω</span> <span class='ocrx_word' id='word_1_506' title='bbox 2585 2533 2764 2605; x_wconf 85' lang='grc' dir='ltr'>ὑμᾶς,</span> <span class='ocrx_word' id='word_1_507' title='bbox 2797 2536 3032 2605; x_wconf 78' lang='grc' dir='ltr'>ἔρχεται</span> <span class='ocrx_word' id='word_1_508' title='bbox 3077 2532 3147 2587; x_wconf 86' lang='grc' dir='ltr'>δὲ</span> <span class='ocrx_word' id='word_1_509' title='bbox 3185 2535 3219 2587; x_wconf 80' lang='grc' dir='ltr'><em>ὁ</em></span> <span class='ocrx_word' id='word_1_510' title='bbox 3264 2533 3657 2604; x_wconf 72' lang='grc' dir='ltr'>ἰσχυρότερός</span> 
     </span>
    </p>
   </div>
   <div class='ocr_carea' id='block_1_70' title="bbox 2062 2625 3659 2700">
    <p class='ocr_par' dir='ltr' id='par_1_70' title="bbox 2062 2625 3659 2700">
     <span class='ocr_line' id='line_1_70' title="bbox 2062 2625 3659 2700; baseline -0.004 -17"><span class='ocrx_word' id='word_1_511' title='bbox 2062 2645 2202 2699; x_wconf 90' lang='grc' dir='ltr'>μου·</span> <span class='ocrx_word' id='word_1_512' title='bbox 2231 2629 2414 2696; x_wconf 83' lang='grc' dir='ltr'>αὐτὸς</span> <span class='ocrx_word' id='word_1_513' title='bbox 2442 2625 2601 2700; x_wconf 86' lang='grc' dir='ltr'>ὑμᾶς</span> <span class='ocrx_word' id='word_1_514' title='bbox 2629 2627 2919 2696; x_wconf 78' lang='grc' dir='ltr'>βαπτίσει</span> <span class='ocrx_word' id='word_1_515' title='bbox 2945 2625 3015 2679; x_wconf 82' lang='grc' dir='ltr'>ὲν</span> <span class='ocrx_word' id='word_1_516' title='bbox 3044 2627 3344 2695; x_wconf 83' lang='grc' dir='ltr'>Πνεύματι</span> <span class='ocrx_word' id='word_1_517' title='bbox 3374 2627 3524 2694; x_wconf 72' lang='grc' dir='ltr'>ἁγίῳ</span> <span class='ocrx_word' id='word_1_518' title='bbox 3557 2625 3659 2677; x_wconf 75' lang='grc' dir='ltr'>καὶ</span> 
     </span>
    </p>
   </div>
   <div class='ocr_carea' id='block_1_71' title="bbox 2068 2717 3656 2792">
    <p class='ocr_par' dir='ltr' id='par_1_71' title="bbox 2068 2717 3656 2792">
     <span class='ocr_line' id='line_1_71' title="bbox 2068 2717 3656 2792; baseline -0.003 -19"><span class='ocrx_word' id='word_1_519' title='bbox 2068 2721 2231 2789; x_wconf 80' lang='grc' dir='ltr'>πυρί.</span> <span class='ocrx_word' id='word_1_520' title='bbox 2273 2719 2338 2775; x_wconf 85' lang='grc' dir='ltr'>Τί</span> <span class='ocrx_word' id='word_1_521' title='bbox 2372 2719 2428 2773; x_wconf 81' lang='grc' dir='ltr'>δὲ</span> <span class='ocrx_word' id='word_1_522' title='bbox 2458 2720 2531 2773; x_wconf 77' lang='grc' dir='ltr'><strong>τδ</strong></span> <span class='ocrx_word' id='word_1_523' title='bbox 2566 2717 2709 2792; x_wconf 81' lang='grc' dir='ltr'><strong>πῦρ;</strong></span> <span class='ocrx_word' id='word_1_524' title='bbox 2751 2720 2785 2789; x_wconf 89' lang='grc' dir='ltr'><strong>ή</strong></span> <span class='ocrx_word' id='word_1_525' title='bbox 2832 2717 2932 2772; x_wconf 80' lang='grc' dir='ltr'>τοῦ</span> <span class='ocrx_word' id='word_1_526' title='bbox 2980 2717 3181 2788; x_wconf 83' lang='grc' dir='ltr'>κούφου</span> <span class='ocrx_word' id='word_1_527' title='bbox 3216 2717 3453 2789; x_wconf 85' lang='grc' dir='ltr'>δαπάνη,</span> <span class='ocrx_word' id='word_1_528' title='bbox 3495 2718 3589 2770; x_wconf 75' lang='grc' dir='ltr'><strong>καὶ</strong></span> <span class='ocrx_word' id='word_1_529' title='bbox 3621 2717 3656 2785; x_wconf 90' lang='grc' dir='ltr'><strong>ή</strong></span> 
     </span>
    </p>
   </div>
   <div class='ocr_carea' id='block_1_72' title="bbox 2069 2808 3659 2884">
    <p class='ocr_par' dir='ltr' id='par_1_72' title="bbox 2069 2808 3659 2884">
     <span class='ocr_line' id='line_1_72' title="bbox 2069 2808 3659 2884; baseline -0.004 -19"><span class='ocrx_word' id='word_1_530' title='bbox 2069 2810 2217 2876; x_wconf 81' lang='grc' dir='ltr'>ζέσις</span> <span class='ocrx_word' id='word_1_531' title='bbox 2244 2808 2339 2865; x_wconf 78' lang='grc' dir='ltr'>τοῦ</span> <span class='ocrx_word' id='word_1_532' title='bbox 2374 2810 2705 2884; x_wconf 85' lang='grc' dir='ltr'>πνεύματος.</span> <span class='ocrx_word' id='word_1_533' title='bbox 2738 2809 2851 2879; x_wconf 85' lang='grc' dir='ltr'><strong>Τῆς</strong></span> <span class='ocrx_word' id='word_1_534' title='bbox 2884 2809 3057 2881; x_wconf 74' lang='grc' dir='ltr'>αὐτῆς</span> <span class='ocrx_word' id='word_1_535' title='bbox 3084 2809 3265 2881; x_wconf 75' lang='grc' dir='ltr'>ἔχεται</span> <span class='ocrx_word' id='word_1_536' title='bbox 3292 2809 3533 2872; x_wconf 77' lang='grc' dir='ltr'>διανοίας</span> <span class='ocrx_word' id='word_1_537' title='bbox 3563 2808 3659 2860; x_wconf 88' lang='grc' dir='ltr'><strong>καὶ</strong></span> 
     </span>
    </p>
   </div>
   <div class='ocr_carea' id='block_1_73' title="bbox 2068 2898 3656 2977">
    <p class='ocr_par' dir='ltr' id='par_1_73' title="bbox 2068 2898 3656 2977">
     <span class='ocr_line' id='line_1_73' title="bbox 2068 2898 3656 2977; baseline -0.003 -19"><span class='ocrx_word' id='word_1_538' title='bbox 2068 2905 2097 2958; x_wconf 86' lang='grc' dir='ltr'><strong>ό</strong></span> <span class='ocrx_word' id='word_1_539' title='bbox 2134 2905 2383 2977; x_wconf 84' lang='grc' dir='ltr'>Ἰωάννης</span> <span class='ocrx_word' id='word_1_540' title='bbox 2430 2903 2604 2973; x_wconf 82' lang='grc' dir='ltr'>λέγων</span> <span class='ocrx_word' id='word_1_541' title='bbox 2627 2919 2642 2934; x_wconf 76' lang='grc' dir='ltr'><strong><em>ο</em></strong></span> <span class='ocrx_word' id='word_1_542' title='bbox 2702 2899 2892 2970; x_wconf 85' lang='grc' dir='ltr'>Οὗτος</span> <span class='ocrx_word' id='word_1_543' title='bbox 2932 2898 3122 2973; x_wconf 78' lang='grc' dir='ltr'>ἦλθεν</span> <span class='ocrx_word' id='word_1_544' title='bbox 3165 2904 3254 2969; x_wconf 83' lang='grc' dir='ltr'><strong>εὶς</strong></span> <span class='ocrx_word' id='word_1_545' title='bbox 3294 2903 3656 2971; x_wconf 74' lang='grc' dir='ltr'>μαρτυρίαν,</span> 
     </span>
    </p>
   </div>
   <div class='ocr_carea' id='block_1_74' title="bbox 2069 2993 3658 3067">
    <p class='ocr_par' dir='ltr' id='par_1_74' title="bbox 2069 2993 3658 3067">
     <span class='ocr_line' id='line_1_74' title="bbox 2069 2993 3658 3067; baseline -0.004 -16"><span class='ocrx_word' id='word_1_546' title='bbox 2069 2998 2172 3055; x_wconf 78' lang='grc' dir='ltr'>ἵνα</span> <span class='ocrx_word' id='word_1_547' title='bbox 2190 2995 2555 3067; x_wconf 79' lang='grc' dir='ltr'>μαρτυρήσῃ</span> <span class='ocrx_word' id='word_1_548' title='bbox 2597 2995 2730 3064; x_wconf 79' lang='grc' dir='ltr'>περὶ</span> <span class='ocrx_word' id='word_1_549' title='bbox 2762 2996 2870 3050; x_wconf 85' lang='grc' dir='ltr'>τοῦ</span> <span class='ocrx_word' id='word_1_550' title='bbox 2909 2993 3104 3065; x_wconf 74' lang='grc' dir='ltr'>φωτὸς</span> <span class='ocrx_word' id='word_1_551' title='bbox 3123 3035 3138 3060; x_wconf 93' lang='grc'><strong>,</strong></span> <span class='ocrx_word' id='word_1_552' title='bbox 3171 2994 3271 3047; x_wconf 81' lang='grc' dir='ltr'>ἵνα</span> <span class='ocrx_word' id='word_1_553' title='bbox 3309 2994 3535 3059; x_wconf 77' lang='grc' dir='ltr'>πάντες</span> <span class='ocrx_word' id='word_1_554' title='bbox 3563 3009 3658 3046; x_wconf 71' lang='grc' dir='ltr'>πι-</span> 
     </span>
    </p>
   </div>
   <div class='ocr_carea' id='block_1_75' title="bbox 2071 3083 3657 3157">
    <p class='ocr_par' dir='ltr' id='par_1_75' title="bbox 2071 3083 3657 3157">
     <span class='ocr_line' id='line_1_75' title="bbox 2071 3083 3657 3157; baseline -0.004 -13"><span class='ocrx_word' id='word_1_555' title='bbox 2071 3089 2375 3147; x_wconf 77' lang='grc' dir='ltr'>στεύσωσι</span> <span class='ocrx_word' id='word_1_556' title='bbox 2408 3087 2480 3141; x_wconf 83' lang='grc' dir='ltr'>δι’</span> <span class='ocrx_word' id='word_1_557' title='bbox 2507 3087 2715 3141; x_wconf 85' lang='grc' dir='ltr'>αὑτοῦ·</span> <span class='ocrx_word' id='word_1_558' title='bbox 2744 3089 2855 3142; x_wconf 82' lang='grc' dir='ltr'><strong>οὐκ</strong></span> <span class='ocrx_word' id='word_1_559' title='bbox 2885 3083 2964 3157; x_wconf 82' lang='grc' dir='ltr'>ἦν</span> <span class='ocrx_word' id='word_1_560' title='bbox 2987 3086 3219 3152; x_wconf 84' lang='grc' dir='ltr'>ἐκεῖνος</span> <span class='ocrx_word' id='word_1_561' title='bbox 3242 3085 3308 3139; x_wconf 77' lang='grc' dir='ltr'>τὸ</span> <span class='ocrx_word' id='word_1_562' title='bbox 3335 3085 3488 3155; x_wconf 63' lang='grc' dir='ltr'>φῶς,</span> <span class='ocrx_word' id='word_1_563' title='bbox 3517 3086 3657 3139; x_wconf 64' lang='grc' dir='ltr'><strong>ἀλλ’</strong></span> 
     </span>
    </p>
   </div>
   <div class='ocr_carea' id='block_1_76' title="bbox 2069 3169 3657 3249">
    <p class='ocr_par' dir='ltr' id='par_1_76' title="bbox 2069 3169 3657 3249">
     <span class='ocr_line' id='line_1_76' title="bbox 2069 3169 3657 3249; baseline -0.003 -16"><span class='ocrx_word' id='word_1_564' title='bbox 2069 3180 2173 3234; x_wconf 79' lang='grc' dir='ltr'>ἵνα</span> <span class='ocrx_word' id='word_1_565' title='bbox 2205 3178 2563 3249; x_wconf 77' lang='grc' dir='ltr'>μαρτυρήσῃ</span> <span class='ocrx_word' id='word_1_566' title='bbox 2597 3178 2730 3247; x_wconf 80' lang='grc' dir='ltr'>περὶ</span> <span class='ocrx_word' id='word_1_567' title='bbox 2760 3178 2867 3233; x_wconf 86' lang='grc' dir='ltr'>τοῦ</span> <span class='ocrx_word' id='word_1_568' title='bbox 2909 3178 3122 3248; x_wconf 75' lang='grc' dir='ltr'>φωτός.</span> <span class='ocrx_word' id='word_1_569' title='bbox 3175 3176 3315 3229; x_wconf 84' lang='grc' dir='ltr'>Ἀλλ’</span> <span class='ocrx_word' id='word_1_570' title='bbox 3353 3169 3518 3241; x_wconf 77' lang='grc' dir='ltr'>οὗτος</span> <span class='ocrx_word' id='word_1_571' title='bbox 3556 3175 3657 3247; x_wconf 81' lang='grc' dir='ltr'><strong>μὲν</strong></span> 
     </span>
    </p>
   </div>
   <div class='ocr_carea' id='block_1_77' title="bbox 2070 3261 3657 3343">
    <p class='ocr_par' dir='ltr' id='par_1_77' title="bbox 2070 3261 3657 3343">
     <span class='ocr_line' id='line_1_77' title="bbox 2070 3261 3657 3343; baseline -0.004 -18"><span class='ocrx_word' id='word_1_572' title='bbox 2070 3264 2172 3325; x_wconf 81' lang='grc' dir='ltr'>ὧδέ</span> <span class='ocrx_word' id='word_1_573' title='bbox 2201 3288 2277 3340; x_wconf 93' lang='grc' dir='ltr'><strong>πη</strong></span> <span class='ocrx_word' id='word_1_574' title='bbox 2307 3268 2557 3343; x_wconf 88' lang='grc' dir='ltr'>προκατή</span> <span class='ocrx_word' id='word_1_575' title='bbox 2568 3285 2724 3341; x_wconf 89' lang='grc' dir='ltr'>ρχετο</span> <span class='ocrx_word' id='word_1_576' title='bbox 2758 3267 2853 3321; x_wconf 83' lang='grc' dir='ltr'>τοῦ</span> <span class='ocrx_word' id='word_1_577' title='bbox 2882 3266 3255 3339; x_wconf 76' lang='grc' dir='ltr'>κηρύγματος,</span> <span class='ocrx_word' id='word_1_578' title='bbox 3279 3265 3542 3320; x_wconf 83' lang='grc' dir='ltr'>ὁδοποιῶν</span> <span class='ocrx_word' id='word_1_579' title='bbox 3565 3261 3657 3318; x_wconf 74' lang='grc' dir='ltr'>οἷα</span> 
     </span>
    </p>
   </div>
   <div class='ocr_carea' id='block_1_78' title="bbox 2074 3356 3655 3437">
    <p class='ocr_par' dir='ltr' id='par_1_78' title="bbox 2074 3356 3655 3437">
     <span class='ocr_line' id='line_1_78' title="bbox 2074 3356 3655 3437; baseline -0.003 -22"><span class='ocrx_word' id='word_1_580' title='bbox 2074 3362 2226 3437; x_wconf 72' lang='grc' dir='ltr'>φωνὴ</span> <span class='ocrx_word' id='word_1_581' title='bbox 2269 3361 2369 3426; x_wconf 81' lang='grc' dir='ltr'>τὰς</span> <span class='ocrx_word' id='word_1_582' title='bbox 2413 3361 2521 3416; x_wconf 88' lang='grc' dir='ltr'><strong>τῶν</strong></span> <span class='ocrx_word' id='word_1_583' title='bbox 2567 3359 2869 3434; x_wconf 84' lang='grc' dir='ltr'>ἀνθρώπων</span> <span class='ocrx_word' id='word_1_584' title='bbox 2916 3360 3095 3433; x_wconf 74' lang='grc' dir='ltr'>ψυχὰς</span> <span class='ocrx_word' id='word_1_585' title='bbox 3139 3361 3218 3423; x_wconf 86' lang='grc' dir='ltr'>εἰς</span> <span class='ocrx_word' id='word_1_586' title='bbox 3251 3358 3524 3430; x_wconf 82' lang='grc' dir='ltr'>ὑποδοχὴν</span> <span class='ocrx_word' id='word_1_587' title='bbox 3561 3356 3655 3411; x_wconf 79' lang='grc' dir='ltr'><strong>τοῦ</strong></span> 
     </span>
    </p>
   </div>
   <div class='ocr_carea' id='block_1_79' title="bbox 2071 3448 3658 3521">
    <p class='ocr_par' dir='ltr' id='par_1_79' title="bbox 2071 3448 3658 3521">
     <span class='ocr_line' id='line_1_79' title="bbox 2071 3448 3658 3521; baseline -0.004 -14"><span class='ocrx_word' id='word_1_588' title='bbox 2071 3452 2278 3507; x_wconf 84' lang='grc' dir='ltr'>τελείου</span> <span class='ocrx_word' id='word_1_589' title='bbox 2315 3452 2475 3521; x_wconf 83' lang='grc' dir='ltr'>λόγου</span> <span class='ocrx_word' id='word_1_590' title='bbox 2495 3468 2508 3481; x_wconf 92' lang='grc'><strong>·</strong></span> <span class='ocrx_word' id='word_1_591' title='bbox 2552 3450 2705 3505; x_wconf 75' lang='grc' dir='ltr'>ἔνθεν</span> <span class='ocrx_word' id='word_1_592' title='bbox 2748 3451 2974 3514; x_wconf 79' lang='grc' dir='ltr'>εἰκότως</span> <span class='ocrx_word' id='word_1_593' title='bbox 3008 3448 3263 3521; x_wconf 85' lang='grc' dir='ltr'>ἀπαρχήν</span> <span class='ocrx_word' id='word_1_594' title='bbox 3286 3448 3382 3502; x_wconf 82' lang='grc' dir='ltr'>τοῦ</span> <span class='ocrx_word' id='word_1_595' title='bbox 3410 3449 3658 3519; x_wconf 78' lang='grc' dir='ltr'>Εὐαγγε-</span> 
     </span>
    </p>
   </div>
   <div class='ocr_carea' id='block_1_80' title="bbox 2070 3539 3659 3613">
    <p class='ocr_par' dir='ltr' id='par_1_80' title="bbox 2070 3539 3659 3613">
     <span class='ocr_line' id='line_1_80' title="bbox 2070 3539 3659 3613; baseline -0.002 -15"><span class='ocrx_word' id='word_1_596' title='bbox 2070 3545 2184 3599; x_wconf 89' lang='grc' dir='ltr'>λίου</span> <span class='ocrx_word' id='word_1_597' title='bbox 2237 3544 2400 3598; x_wconf 84' lang='grc' dir='ltr'>αὐτὸν</span> <span class='ocrx_word' id='word_1_598' title='bbox 2447 3540 2587 3597; x_wconf 80' lang='grc' dir='ltr'>εἶναι</span> <span class='ocrx_word' id='word_1_599' title='bbox 2641 3544 2669 3599; x_wconf 79' lang='grc' dir='ltr'>ὁ</span> <span class='ocrx_word' id='word_1_600' title='bbox 2716 3542 2940 3613; x_wconf 85' lang='grc' dir='ltr'>Μάρκος</span> <span class='ocrx_word' id='word_1_601' title='bbox 2989 3541 3297 3595; x_wconf 52' lang='grc' dir='ltr'>ἐδίδασκεν</span> <span class='ocrx_word' id='word_1_602' title='bbox 3355 3540 3547 3612; x_wconf 82' lang='grc' dir='ltr'>ἐπειδὴ</span> <span class='ocrx_word' id='word_1_603' title='bbox 3597 3539 3659 3595; x_wconf 78' lang='grc' dir='ltr'>δὲ</span> 
     </span>
    </p>
   </div>
   <div class='ocr_carea' id='block_1_81' title="bbox 2071 3632 3656 3706">
    <p class='ocr_par' dir='ltr' id='par_1_81' title="bbox 2071 3632 3656 3706">
     <span class='ocr_line' id='line_1_81' title="bbox 2071 3632 3656 3706; baseline -0.004 -16"><span class='ocrx_word' id='word_1_604' title='bbox 2071 3634 2280 3690; x_wconf 78' lang='grc' dir='ltr'>ἐσιώπα</span> <span class='ocrx_word' id='word_1_605' title='bbox 2306 3634 2405 3706; x_wconf 76' lang='grc' dir='ltr'>μὲν</span> <span class='ocrx_word' id='word_1_606' title='bbox 2431 3636 2465 3705; x_wconf 89' lang='grc' dir='ltr'><strong>ή</strong></span> <span class='ocrx_word' id='word_1_607' title='bbox 2489 3634 2641 3706; x_wconf 85' lang='grc' dir='ltr'>φωνὴ</span> <span class='ocrx_word' id='word_1_608' title='bbox 2670 3633 2740 3687; x_wconf 83' lang='grc' dir='ltr'>τὰ</span> <span class='ocrx_word' id='word_1_609' title='bbox 2762 3636 2935 3688; x_wconf 76' lang='grc' dir='ltr'>οἰκεῖα</span> <span class='ocrx_word' id='word_1_610' title='bbox 2966 3632 3302 3705; x_wconf 83' lang='grc' dir='ltr'>πληρώσασα</span> <span class='ocrx_word' id='word_1_611' title='bbox 3330 3632 3496 3704; x_wconf 86' lang='grc' dir='ltr'>μέρη,</span> <span class='ocrx_word' id='word_1_612' title='bbox 3527 3649 3656 3703; x_wconf 90' lang='grc' dir='ltr'>σμι-</span> 
     </span>
    </p>
   </div>
   <div class='ocr_carea' id='block_1_82' title="bbox 2071 3720 3659 3799">
    <p class='ocr_par' dir='ltr' id='par_1_82' title="bbox 2071 3720 3659 3799">
     <span class='ocr_line' id='line_1_82' title="bbox 2071 3720 3659 3799; baseline -0.003 -17"><span class='ocrx_word' id='word_1_613' title='bbox 2071 3726 2191 3799; x_wconf 82' lang='grc' dir='ltr'><strong>κρῷ</strong></span> <span class='ocrx_word' id='word_1_614' title='bbox 2225 3744 2285 3780; x_wconf 91' lang='grc' dir='ltr'><strong>τε</strong></span> <span class='ocrx_word' id='word_1_615' title='bbox 2324 3720 2413 3779; x_wconf 75' lang='grc' dir='ltr'>οἷα</span> <span class='ocrx_word' id='word_1_616' title='bbox 2443 3726 2716 3798; x_wconf 78' lang='grc' dir='ltr'>φωσφόρῳ</span> <span class='ocrx_word' id='word_1_617' title='bbox 2756 3725 2897 3796; x_wconf 73' lang='grc' dir='ltr'>φωτὶ</span> <span class='ocrx_word' id='word_1_618' title='bbox 2928 3725 3025 3789; x_wconf 78' lang='grc' dir='ltr'>τὰς</span> <span class='ocrx_word' id='word_1_619' title='bbox 3054 3725 3163 3778; x_wconf 88' lang='grc' dir='ltr'><strong>τῶν</strong></span> <span class='ocrx_word' id='word_1_620' title='bbox 3191 3723 3496 3795; x_wconf 87' lang='grc' dir='ltr'>ἀνθρώπων</span> <span class='ocrx_word' id='word_1_621' title='bbox 3526 3741 3659 3779; x_wconf 83' lang='grc' dir='ltr'>κατ-</span> 
     </span>
    </p>
   </div>
   <div class='ocr_carea' id='block_1_83' title="bbox 2074 3815 3658 3891">
    <p class='ocr_par' dir='ltr' id='par_1_83' title="bbox 2074 3815 3658 3891">
     <span class='ocr_line' id='line_1_83' title="bbox 2074 3815 3658 3891; baseline -0.002 -18"><span class='ocrx_word' id='word_1_622' title='bbox 2074 3818 2364 3887; x_wconf 86' lang='grc' dir='ltr'>αυγάσασα</span> <span class='ocrx_word' id='word_1_623' title='bbox 2411 3815 2681 3885; x_wconf 83' lang='grc' dir='ltr'>διανοίας,</span> <span class='ocrx_word' id='word_1_624' title='bbox 2728 3817 2892 3881; x_wconf 76' lang='grc' dir='ltr'>αὐτὸς</span> <span class='ocrx_word' id='word_1_625' title='bbox 2945 3817 3010 3890; x_wconf 86' lang='grc' dir='ltr'>δὴ</span> <span class='ocrx_word' id='word_1_626' title='bbox 3054 3815 3237 3870; x_wconf 83' lang='grc' dir='ltr'>λοιπὸν</span> <span class='ocrx_word' id='word_1_627' title='bbox 3278 3818 3307 3870; x_wconf 82' lang='grc' dir='ltr'>ὁ</span> <span class='ocrx_word' id='word_1_628' title='bbox 3360 3817 3658 3891; x_wconf 81' lang='grc' dir='ltr'>μονογενὴς</span> 
     </span>
    </p>
   </div>
   <div class='ocr_carea' id='block_1_84' title="bbox 2071 3908 3656 3982">
    <p class='ocr_par' dir='ltr' id='par_1_84' title="bbox 2071 3908 3656 3982">
     <span class='ocr_line' id='line_1_84' title="bbox 2071 3908 3656 3982; baseline 0 -18"><span class='ocrx_word' id='word_1_629' title='bbox 2071 3912 2166 3964; x_wconf 59' lang='grc' dir='ltr'><strong>καὶ⁹</strong></span> <span class='ocrx_word' id='word_1_630' title='bbox 2209 3909 2390 3982; x_wconf 82' lang='grc' dir='ltr'>προὼν</span> <span class='ocrx_word' id='word_1_631' title='bbox 2424 3908 2517 3965; x_wconf 78' lang='grc' dir='ltr'>τοῦ</span> <span class='ocrx_word' id='word_1_632' title='bbox 2559 3909 2694 3963; x_wconf 79' lang='grc' dir='ltr'>Θεοῦ</span> <span class='ocrx_word' id='word_1_633' title='bbox 2734 3910 2906 3980; x_wconf 86' lang='grc' dir='ltr'>Λόγος</span> <span class='ocrx_word' id='word_1_634' title='bbox 2941 3909 3029 3964; x_wconf 79' lang='grc' dir='ltr'><strong>διὰ</strong></span> <span class='ocrx_word' id='word_1_635' title='bbox 3080 3909 3279 3982; x_wconf 84' lang='grc' dir='ltr'>σαρκὸς</span> <span class='ocrx_word' id='word_1_636' title='bbox 3302 3908 3402 3974; x_wconf 75' lang='grc' dir='ltr'><strong>τὰς</strong></span> <span class='ocrx_word' id='word_1_637' title='bbox 3448 3911 3656 3974; x_wconf 76' lang='grc' dir='ltr'>οἰκείας</span> 
     </span>
    </p>
   </div>
   <div class='ocr_carea' id='block_1_85' title="bbox 2071 4001 2767 4074">
    <p class='ocr_par' dir='ltr' id='par_1_85' title="bbox 2071 4001 2767 4074">
     <span class='ocr_line' id='line_1_85' title="bbox 2071 4001 2767 4074; baseline -0.003 -15"><span class='ocrx_word' id='word_1_638' title='bbox 2071 4003 2346 4074; x_wconf 75' lang='grc' dir='ltr'>ἐξέπεμπε</span> <span class='ocrx_word' id='word_1_639' title='bbox 2376 4001 2767 4074; x_wconf 79' lang='grc' dir='ltr'>μαρμαρυγάς.</span> 
     </span>
    </p>
   </div>
   <div class='ocr_carea' id='block_1_86' title="bbox 2734 4093 2986 4165">
    <p class='ocr_par' dir='ltr' id='par_1_86' title="bbox 2734 4093 2986 4165">
     <span class='ocr_line' id='line_1_86' title="bbox 2734 4093 2986 4165; baseline 0 -16"><span class='ocrx_word' id='word_1_640' title='bbox 2734 4093 2810 4149; x_wconf 72' lang='grc' dir='ltr'><strong>ιΔν</strong></span> <span class='ocrx_word' id='word_1_641' title='bbox 2851 4095 2986 4165; x_wconf 79' lang='lat'><strong>(95).</strong></span> 
     </span>
    </p>
   </div>
   <div class='ocr_carea' id='block_1_87' title="bbox 2143 4186 3653 4259">
    <p class='ocr_par' dir='ltr' id='par_1_87' title="bbox 2143 4186 3653 4259">
     <span class='ocr_line' id='line_1_87' title="bbox 2143 4186 3653 4259; baseline 0.001 -20"><span class='ocrx_word' id='word_1_642' title='bbox 2143 4186 2241 4242; x_wconf 75' lang='grc' dir='ltr'><strong>Διὰ</strong></span> <span class='ocrx_word' id='word_1_643' title='bbox 2270 4187 2365 4241; x_wconf 79' lang='grc' dir='ltr'>τοῦ</span> <span class='ocrx_word' id='word_1_644' title='bbox 2398 4187 2508 4241; x_wconf 87' lang='grc' dir='ltr'><strong>τῶν</strong></span> <span class='ocrx_word' id='word_1_645' title='bbox 2538 4187 2680 4242; x_wconf 84' lang='grc' dir='ltr'>ἁλῶν</span> <span class='ocrx_word' id='word_1_646' title='bbox 2717 4188 2985 4258; x_wconf 77' lang='grc' dir='ltr'>συμϐόλου</span> <span class='ocrx_word' id='word_1_647' title='bbox 3024 4187 3124 4259; x_wconf 81' lang='grc' dir='ltr'>τὴν</span> <span class='ocrx_word' id='word_1_648' title='bbox 3158 4187 3388 4259; x_wconf 83' lang='grc' dir='ltr'>δύναμιν</span> <span class='ocrx_word' id='word_1_649' title='bbox 3418 4189 3653 4241; x_wconf 79' lang='grc' dir='ltr'>αἰνίττε-</span> 
     </span>
    </p>
   </div>
   <div class='ocr_carea' id='block_1_88' title="bbox 2070 4279 3654 4352">
    <p class='ocr_par' dir='ltr' id='par_1_88' title="bbox 2070 4279 3654 4352">
     <span class='ocr_line' id='line_1_88' title="bbox 2070 4279 3654 4352; baseline 0.003 -22"><span class='ocrx_word' id='word_1_650' title='bbox 2070 4296 2158 4334; x_wconf 81' lang='grc' dir='ltr'><strong>ται</strong></span> <span class='ocrx_word' id='word_1_651' title='bbox 2184 4279 2294 4333; x_wconf 86' lang='grc' dir='ltr'><strong>τῶν</strong></span> <span class='ocrx_word' id='word_1_652' title='bbox 2330 4280 2591 4351; x_wconf 83' lang='grc' dir='ltr'>μαθητῶν</span> <span class='ocrx_word' id='word_1_653' title='bbox 2630 4280 2817 4334; x_wconf 80' lang='grc' dir='ltr'>αὐτοῦ.</span> <span class='ocrx_word' id='word_1_654' title='bbox 2868 4280 3022 4337; x_wconf 74' lang='grc' dir='ltr'>Ἐπεὶ</span> <span class='ocrx_word' id='word_1_655' title='bbox 3047 4280 3156 4352; x_wconf 85' lang='grc' dir='ltr'>γὰρ</span> <span class='ocrx_word' id='word_1_656' title='bbox 3188 4282 3238 4333; x_wconf 80' lang='grc' dir='ltr'>οἱ</span> <span class='ocrx_word' id='word_1_657' title='bbox 3272 4281 3398 4345; x_wconf 76' lang='grc' dir='ltr'>ἆλες</span> <span class='ocrx_word' id='word_1_658' title='bbox 3426 4281 3526 4352; x_wconf 85' lang='grc' dir='ltr'><strong>τήν</strong></span> <span class='ocrx_word' id='word_1_659' title='bbox 3553 4281 3654 4350; x_wconf 85' lang='grc' dir='ltr'>μὲν</span> 
     </span>
    </p>
   </div>
   <div class='ocr_carea' id='block_1_89' title="bbox 2068 4368 3654 4443">
    <p class='ocr_par' dir='ltr' id='par_1_89' title="bbox 2068 4368 3654 4443">
     <span class='ocr_line' id='line_1_89' title="bbox 2068 4368 3654 4443; baseline 0.003 -22"><span class='ocrx_word' id='word_1_660' title='bbox 2068 4369 2253 4424; x_wconf 83' lang='grc' dir='ltr'>οὐσίαν</span> <span class='ocrx_word' id='word_1_661' title='bbox 2294 4368 2354 4434; x_wconf 77' lang='grc' dir='ltr'><strong>ἐξ</strong></span> <span class='ocrx_word' id='word_1_662' title='bbox 2390 4370 2580 4435; x_wconf 78' lang='grc' dir='ltr'>ὕδατος</span> <span class='ocrx_word' id='word_1_663' title='bbox 2623 4371 2717 4424; x_wconf 78' lang='grc' dir='ltr'><strong>καὶ</strong></span> <span class='ocrx_word' id='word_1_664' title='bbox 2759 4371 3068 4439; x_wconf 83' lang='grc' dir='ltr'>πνεύματος</span> <span class='ocrx_word' id='word_1_665' title='bbox 3113 4373 3495 4443; x_wconf 80' lang='grc' dir='ltr'>συνεστήκασι,</span> <span class='ocrx_word' id='word_1_666' title='bbox 3532 4390 3654 4443; x_wconf 80' lang='grc' dir='ltr'>σμι-</span> 
     </span>
    </p>
   </div>
   <div class='ocr_carea' id='block_1_90' title="bbox 2069 4462 3652 4539">
    <p class='ocr_par' dir='ltr' id='par_1_90' title="bbox 2069 4462 3652 4539">
     <span class='ocr_line' id='line_1_90' title="bbox 2069 4462 3652 4539; baseline 0.004 -24"><span class='ocrx_word' id='word_1_667' title='bbox 2069 4463 2198 4537; x_wconf 89' lang='grc' dir='ltr'>κρόν</span> <span class='ocrx_word' id='word_1_668' title='bbox 2226 4480 2280 4516; x_wconf 90' lang='grc' dir='ltr'><strong>τι</strong></span> <span class='ocrx_word' id='word_1_669' title='bbox 2302 4464 2396 4518; x_wconf 82' lang='grc' dir='ltr'><strong>τοῦ</strong></span> <span class='ocrx_word' id='word_1_670' title='bbox 2421 4462 2655 4533; x_wconf 84' lang='grc' dir='ltr'>γεώδους</span> <span class='ocrx_word' id='word_1_671' title='bbox 2691 4462 3027 4536; x_wconf 81' lang='grc' dir='ltr'>μετέχοντες,</span> <span class='ocrx_word' id='word_1_672' title='bbox 3055 4464 3154 4536; x_wconf 78' lang='grc' dir='ltr'>τῆς</span> <span class='ocrx_word' id='word_1_673' title='bbox 3179 4466 3236 4519; x_wconf 85' lang='grc' dir='ltr'>δὲ</span> <span class='ocrx_word' id='word_1_674' title='bbox 3259 4465 3367 4519; x_wconf 89' lang='grc' dir='ltr'><strong>τῶν</strong></span> <span class='ocrx_word' id='word_1_675' title='bbox 3390 4466 3652 4539; x_wconf 80' lang='grc' dir='ltr'>φθαρτῶν</span> 
     </span>
    </p>
   </div>
   <div class='ocr_carea' id='block_1_91' title="bbox 2071 4555 3653 4630">
    <p class='ocr_par' dir='ltr' id='par_1_91' title="bbox 2071 4555 3653 4630">
     <span class='ocr_line' id='line_1_91' title="bbox 2071 4555 3653 4630; baseline 0.005 -24"><span class='ocrx_word' id='word_1_676' title='bbox 2071 4555 2339 4626; x_wconf 86' lang='grc' dir='ltr'>σωμάτων</span> <span class='ocrx_word' id='word_1_677' title='bbox 2376 4556 2608 4627; x_wconf 80' lang='grc' dir='ltr'>ῥευστῆς</span> <span class='ocrx_word' id='word_1_678' title='bbox 2639 4555 2854 4627; x_wconf 80' lang='grc' dir='ltr'>φύσεως</span> <span class='ocrx_word' id='word_1_679' title='bbox 2892 4559 3227 4612; x_wconf 78' lang='grc' dir='ltr'>πυκνωτικοὶ</span> <span class='ocrx_word' id='word_1_680' title='bbox 3266 4560 3653 4630; x_wconf 81' lang='grc' dir='ltr'>τυγχάνουσιν,</span> 
     </span>
    </p>
   </div>
   <div class='ocr_carea' id='block_1_92' title="bbox 2068 4647 3654 4726">
    <p class='ocr_par' dir='ltr' id='par_1_92' title="bbox 2068 4647 3654 4726">
     <span class='ocr_line' id='line_1_92' title="bbox 2068 4647 3654 4726; baseline 0.006 -27"><span class='ocrx_word' id='word_1_681' title='bbox 2068 4647 2145 4711; x_wconf 87' lang='grc' dir='ltr'>ὡς</span> <span class='ocrx_word' id='word_1_682' title='bbox 2182 4647 2279 4701; x_wconf 78' lang='grc' dir='ltr'><strong>καὶ</strong></span> <span class='ocrx_word' id='word_1_683' title='bbox 2324 4647 2394 4702; x_wconf 83' lang='grc' dir='ltr'>τὰ</span> <span class='ocrx_word' id='word_1_684' title='bbox 2432 4647 2601 4719; x_wconf 81' lang='grc' dir='ltr'>νεκρὰ</span> <span class='ocrx_word' id='word_1_685' title='bbox 2633 4649 2944 4722; x_wconf 83' lang='grc' dir='ltr'>διακρατεῖν</span> <span class='ocrx_word' id='word_1_686' title='bbox 2992 4652 3219 4724; x_wconf 86' lang='grc' dir='ltr'>σώματα</span> <span class='ocrx_word' id='word_1_687' title='bbox 3249 4653 3523 4726; x_wconf 83' lang='grc' dir='ltr'>κρείττονι</span> <span class='ocrx_word' id='word_1_688' title='bbox 3563 4655 3654 4708; x_wconf 87' lang='grc' dir='ltr'>δυ-</span> 
     </span>
    </p>
   </div>
   <div class='ocr_carea' id='block_1_93' title="bbox 390 4727 1966 4818">
    <p class='ocr_par' dir='ltr' id='par_1_93' title="bbox 390 4727 1965 4802">
     <span class='ocr_line' id='line_1_93' title="bbox 390 4727 1965 4802; baseline 0.002 -18"><span class='ocrx_word' id='word_1_689' title='bbox 390 4738 694 4797; x_wconf 80' lang='lat' dir='ltr'><strong>comparat,</strong></span> <span class='ocrx_word' id='word_1_690' title='bbox 721 4727 979 4795; x_wconf 89' lang='lat' dir='ltr'><strong>quoniam</strong></span> <span class='ocrx_word' id='word_1_691' title='bbox 1023 4738 1080 4784; x_wconf 90' lang='lat' dir='ltr'><strong>et</strong></span> <span class='ocrx_word' id='word_1_692' title='bbox 1107 4729 1211 4796; x_wconf 90' lang='lat' dir='ltr'><strong>ipsi</strong></span> <span class='ocrx_word' id='word_1_693' title='bbox 1255 4743 1322 4783; x_wconf 83' lang='lat' dir='ltr'><strong>ex</strong></span> <span class='ocrx_word' id='word_1_694' title='bbox 1368 4745 1509 4799; x_wconf 88' lang='lat' dir='ltr'><strong>aqua</strong></span> <span class='ocrx_word' id='word_1_695' title='bbox 1538 4739 1595 4786; x_wconf 90' lang='lat' dir='ltr'><strong>et</strong></span> <span class='ocrx_word' id='word_1_696' title='bbox 1634 4730 1840 4801; x_wconf 90' lang='lat' dir='ltr'><strong>Spiritu</strong></span> <span class='ocrx_word' id='word_1_697' title='bbox 1872 4748 1965 4802; x_wconf 91' lang='lat' dir='ltr'><strong>ge-</strong></span> 
     </span>
    </p>
   </div>
   <div class='ocr_carea' id='block_1_94' title="bbox 2072 4727 3653 4818">
    <p class='ocr_par' dir='ltr' id='par_1_94' title="bbox 2072 4738 3653 4818">
     <span class='ocr_line' id='line_1_94' title="bbox 2072 4738 3653 4818; baseline 0.006 -27"><span class='ocrx_word' id='word_1_698' title='bbox 2072 4738 2228 4808; x_wconf 86' lang='grc' dir='ltr'>νάμει</span> <span class='ocrx_word' id='word_1_699' title='bbox 2252 4756 2265 4771; x_wconf 75' lang='grc' dir='ltr'><strong>ο</strong></span> <span class='ocrx_word' id='word_1_700' title='bbox 2308 4742 2535 4805; x_wconf 81' lang='grc' dir='ltr'>εἰκότως</span> <span class='ocrx_word' id='word_1_701' title='bbox 2564 4743 2691 4807; x_wconf 79' lang='grc' dir='ltr'>τοὺς</span> <span class='ocrx_word' id='word_1_702' title='bbox 2721 4743 2871 4815; x_wconf 82' lang='grc' dir='ltr'>αὐτῷ</span> <span class='ocrx_word' id='word_1_703' title='bbox 2919 4743 3389 4817; x_wconf 86' lang='grc' dir='ltr'>μαθητευομένους</span> <span class='ocrx_word' id='word_1_704' title='bbox 3432 4750 3501 4818; x_wconf 77' lang='grc' dir='ltr'>τῇ</span> <span class='ocrx_word' id='word_1_705' title='bbox 3540 4748 3653 4801; x_wconf 82' lang='grc' dir='ltr'><strong>τῶν</strong></span> 
     </span>
    </p>
   </div>
   <div class='ocr_carea' id='block_1_95' title="bbox 390 4818 1962 4892">
    <p class='ocr_par' dir='ltr' id='par_1_95' title="bbox 390 4818 1962 4892">
     <span class='ocr_line' id='line_1_95' title="bbox 390 4818 1962 4892; baseline 0.005 -19"><span class='ocrx_word' id='word_1_706' title='bbox 390 4818 493 4873; x_wconf 83' lang='lat' dir='ltr'><strong>niti</strong></span> <span class='ocrx_word' id='word_1_707' title='bbox 539 4818 776 4884; x_wconf 80' lang='lat' dir='ltr'><strong>fuerant,</strong></span> <span class='ocrx_word' id='word_1_708' title='bbox 812 4829 979 4891; x_wconf 89' lang='lat' dir='ltr'><strong>atque</strong></span> <span class='ocrx_word' id='word_1_709' title='bbox 1022 4821 1247 4875; x_wconf 93' lang='lat' dir='ltr'><strong>omnino</strong></span> <span class='ocrx_word' id='word_1_710' title='bbox 1288 4822 1496 4892; x_wconf 90' lang='lat' dir='ltr'><strong>Spiritu</strong></span> <span class='ocrx_word' id='word_1_711' title='bbox 1543 4823 1796 4890; x_wconf 86' lang='lat' dir='ltr'><strong>animati,</strong></span> <span class='ocrx_word' id='word_1_712' title='bbox 1836 4838 1962 4882; x_wconf 63' lang='lat' dir='ltr'><strong>Tnon</strong></span> 
     </span>
    </p>
   </div>
   <div class='ocr_carea' id='block_1_96' title="bbox 389 4912 1966 4981">
    <p class='ocr_par' dir='ltr' id='par_1_96' title="bbox 389 4912 1966 4981">
     <span class='ocr_line' id='line_1_96' title="bbox 389 4912 1966 4981; baseline 0.005 -15"><span class='ocrx_word' id='word_1_713' title='bbox 389 4919 572 4966; x_wconf 86' lang='lat' dir='ltr'><strong>autem</strong></span> <span class='ocrx_word' id='word_1_714' title='bbox 630 4912 929 4969; x_wconf 87' lang='lat' dir='ltr'><strong>secundum</strong></span> <span class='ocrx_word' id='word_1_715' title='bbox 990 4928 1208 4969; x_wconf 90' lang='lat' dir='ltr'><strong>carnem</strong></span> <span class='ocrx_word' id='word_1_716' title='bbox 1257 4915 1530 4981; x_wconf 88' lang='lat' dir='ltr'><strong>viventes,</strong></span> <span class='ocrx_word' id='word_1_717' title='bbox 1600 4917 1730 4973; x_wconf 88' lang='lat' dir='ltr'><strong>salis</strong></span> <span class='ocrx_word' id='word_1_718' title='bbox 1791 4919 1966 4974; x_wconf 87' lang='lat' dir='ltr'><strong>instar</strong></span> 
     </span>
    </p>
   </div>
   <div class='ocr_carea' id='block_1_97' title="bbox 389 5000 1963 5073">
    <p class='ocr_par' dir='ltr' id='par_1_97' title="bbox 389 5000 1963 5073">
     <span class='ocr_line' id='line_1_97' title="bbox 389 5000 1963 5073; baseline 0.008 -20"><span class='ocrx_word' id='word_1_719' title='bbox 389 5000 793 5069; x_wconf 88' lang='lat' dir='ltr'><strong>quodammodo</strong></span> <span class='ocrx_word' id='word_1_720' title='bbox 825 5009 1004 5069; x_wconf 87' lang='lat' dir='ltr'><strong>erant,</strong></span> <span class='ocrx_word' id='word_1_721' title='bbox 1044 5003 1457 5073; x_wconf 83' lang='lat' dir='ltr'><strong>corruptibilem</strong></span> <span class='ocrx_word' id='word_1_722' title='bbox 1490 5015 1829 5063; x_wconf 89' lang='lat' dir='ltr'><strong>terrenorum</strong></span> <span class='ocrx_word' id='word_1_723' title='bbox 1858 5010 1963 5066; x_wconf 87' lang='lat' dir='ltr'><strong>ho-</strong></span> 
     </span>
    </p>
   </div>
   <div class='ocr_carea' id='block_1_98' title="bbox 390 5090 1964 5165">
    <p class='ocr_par' dir='ltr' id='par_1_98' title="bbox 390 5090 1964 5165">
     <span class='ocr_line' id='line_1_98' title="bbox 390 5090 1964 5165; baseline 0.009 -21"><span class='ocrx_word' id='word_1_724' title='bbox 390 5090 598 5145; x_wconf 81' lang='lat' dir='ltr'><strong>minum</strong></span> <span class='ocrx_word' id='word_1_725' title='bbox 637 5092 806 5146; x_wconf 88' lang='lat' dir='ltr'><strong>vitam</strong></span> <span class='ocrx_word' id='word_1_726' title='bbox 835 5093 1173 5163; x_wconf 86' lang='lat' dir='ltr'><strong>corrigentes</strong></span> <span class='ocrx_word' id='word_1_727' title='bbox 1195 5107 1358 5165; x_wconf 86' lang='lat' dir='ltr'><strong>atque</strong></span> <span class='ocrx_word' id='word_1_728' title='bbox 1382 5097 1750 5165; x_wconf 86' lang='lat' dir='ltr'><strong>obdurantes;</strong></span> <span class='ocrx_word' id='word_1_729' title='bbox 1782 5109 1839 5155; x_wconf 89' lang='lat' dir='ltr'><strong>et</strong></span> <span class='ocrx_word' id='word_1_730' title='bbox 1867 5115 1964 5159; x_wconf 88' lang='lat' dir='ltr'><strong>eos</strong></span> 
     </span>
    </p>
   </div>
   <div class='ocr_carea' id='block_1_99' title="bbox 388 5184 1963 5261">
    <p class='ocr_par' dir='ltr' id='par_1_99' title="bbox 388 5184 1963 5261">
     <span class='ocr_line' id='line_1_99' title="bbox 388 5184 1963 5261; baseline 0.006 -23"><span class='ocrx_word' id='word_1_731' title='bbox 388 5184 485 5253; x_wconf 86' lang='lat' dir='ltr'><strong>qui</strong></span> <span class='ocrx_word' id='word_1_732' title='bbox 539 5184 812 5254; x_wconf 88' lang='lat' dir='ltr'><strong>probitate</strong></span> <span class='ocrx_word' id='word_1_733' title='bbox 850 5199 1067 5241; x_wconf 89' lang='lat' dir='ltr'><strong>morum</strong></span> <span class='ocrx_word' id='word_1_734' title='bbox 1108 5187 1241 5256; x_wconf 90' lang='lat' dir='ltr'><strong>ipsis</strong></span> <span class='ocrx_word' id='word_1_735' title='bbox 1293 5189 1750 5259; x_wconf 88' lang='lat' dir='ltr'><strong>propinquabant,</strong></span> <span class='ocrx_word' id='word_1_736' title='bbox 1799 5194 1963 5261; x_wconf 84' lang='lat' dir='ltr'><strong>perﬁ-</strong></span> 
     </span>
    </p>
   </div>
   <div class='ocr_carea' id='block_1_100' title="bbox 390 5275 1963 5354">
    <p class='ocr_par' dir='ltr' id='par_1_100' title="bbox 390 5275 1963 5354">
     <span class='ocr_line' id='line_1_100' title="bbox 390 5275 1963 5354; baseline 0.008 -25"><span class='ocrx_word' id='word_1_737' title='bbox 390 5275 594 5331; x_wconf 87' lang='lat' dir='ltr'><strong>cientes</strong></span> <span class='ocrx_word' id='word_1_738' title='bbox 621 5277 876 5347; x_wconf 89' lang='lat' dir='ltr'><strong>dulcique</strong></span> <span class='ocrx_word' id='word_1_739' title='bbox 903 5280 1064 5335; x_wconf 87' lang='lat' dir='ltr'><strong>veluti</strong></span> <span class='ocrx_word' id='word_1_740' title='bbox 1097 5294 1296 5349; x_wconf 89' lang='lat' dir='ltr'><strong>sapore</strong></span> <span class='ocrx_word' id='word_1_741' title='bbox 1336 5281 1621 5339; x_wconf 89' lang='lat' dir='ltr'><strong>donantes.</strong></span> <span class='ocrx_word' id='word_1_742' title='bbox 1666 5282 1963 5354; x_wconf 84' lang='lat' dir='ltr'><strong>Propterea</strong></span> 
     </span>
    </p>
   </div>
   <div class='ocr_carea' id='block_1_101' title="bbox 2068 4829 3652 4904">
    <p class='ocr_par' dir='ltr' id='par_1_101' title="bbox 2068 4829 3652 4904">
     <span class='ocr_line' id='line_1_101' title="bbox 2068 4829 3652 4904; baseline 0.006 -21"><span class='ocrx_word' id='word_1_743' title='bbox 2068 4829 2212 4885; x_wconf 86' lang='grc' dir='ltr'>ἁλῶν</span> <span class='ocrx_word' id='word_1_744' title='bbox 2262 4832 2598 4904; x_wconf 76' lang='grc' dir='ltr'>παραϐάλλει</span> <span class='ocrx_word' id='word_1_745' title='bbox 2637 4833 2825 4904; x_wconf 77' lang='grc' dir='ltr'>φύσει,</span> <span class='ocrx_word' id='word_1_746' title='bbox 2875 4837 2999 4889; x_wconf 76' lang='grc' dir='ltr'>ἐπεὶ</span> <span class='ocrx_word' id='word_1_747' title='bbox 3035 4836 3129 4889; x_wconf 77' lang='grc' dir='ltr'><strong>καὶ</strong></span> <span class='ocrx_word' id='word_1_748' title='bbox 3162 4836 3316 4890; x_wconf 72' lang='grc' dir='ltr'>αὐτοὶ</span> <span class='ocrx_word' id='word_1_749' title='bbox 3352 4835 3414 4901; x_wconf 79' lang='grc' dir='ltr'><strong>ἐξ</strong></span> <span class='ocrx_word' id='word_1_750' title='bbox 3460 4836 3652 4903; x_wconf 74' lang='grc' dir='ltr'>ὓδατος</span> 
     </span>
    </p>
   </div>
   <div class='ocr_carea' id='block_1_102' title="bbox 2068 4922 3650 5001">
    <p class='ocr_par' dir='ltr' id='par_1_102' title="bbox 2068 4922 3650 5001">
     <span class='ocr_line' id='line_1_102' title="bbox 2068 4922 3650 5001; baseline 0.004 -23"><span class='ocrx_word' id='word_1_751' title='bbox 2068 4922 2165 4978; x_wconf 78' lang='grc' dir='ltr'><strong>καὶ</strong></span> <span class='ocrx_word' id='word_1_752' title='bbox 2189 4924 2505 4996; x_wconf 87' lang='grc' dir='ltr'>Πνεύματός</span> <span class='ocrx_word' id='word_1_753' title='bbox 2542 4929 2647 4981; x_wconf 90' lang='grc' dir='ltr'>είσι</span> <span class='ocrx_word' id='word_1_754' title='bbox 2691 4928 3049 5000; x_wconf 84' lang='grc' dir='ltr'>γεγενημένοι</span> <span class='ocrx_word' id='word_1_755' title='bbox 3095 4927 3207 4982; x_wconf 83' lang='grc' dir='ltr'>ὅλοι</span> <span class='ocrx_word' id='word_1_756' title='bbox 3246 4946 3308 4982; x_wconf 89' lang='grc' dir='ltr'><strong>τε</strong></span> <span class='ocrx_word' id='word_1_757' title='bbox 3366 4931 3650 5001; x_wconf 77' lang='grc' dir='ltr'>Πνεύματι</span> 
     </span>
    </p>
   </div>
   <div class='ocr_carea' id='block_1_103' title="bbox 2070 5012 3649 5093">
    <p class='ocr_par' dir='ltr' id='par_1_103' title="bbox 2070 5012 3649 5093">
     <span class='ocr_line' id='line_1_103' title="bbox 2070 5012 3649 5093; baseline 0.005 -26"><span class='ocrx_word' id='word_1_758' title='bbox 2070 5012 2299 5082; x_wconf 81' lang='grc' dir='ltr'>ζῶντες,</span> <span class='ocrx_word' id='word_1_759' title='bbox 2347 5017 2444 5072; x_wconf 80' lang='grc' dir='ltr'>καὶ</span> <span class='ocrx_word' id='word_1_760' title='bbox 2487 5019 2548 5072; x_wconf 82' lang='grc' dir='ltr'><strong>οὒ</strong></span> <span class='ocrx_word' id='word_1_761' title='bbox 2592 5019 2736 5074; x_wconf 83' lang='grc' dir='ltr'>κατὰ</span> <span class='ocrx_word' id='word_1_762' title='bbox 2781 5021 2960 5093; x_wconf 86' lang='grc' dir='ltr'>σάρκα</span> <span class='ocrx_word' id='word_1_763' title='bbox 3014 5021 3284 5093; x_wconf 83' lang='grc' dir='ltr'>βιοῦντες,</span> <span class='ocrx_word' id='word_1_764' title='bbox 3326 5022 3455 5087; x_wconf 75' lang='grc' dir='ltr'>ἃλες</span> <span class='ocrx_word' id='word_1_765' title='bbox 3502 5024 3649 5087; x_wconf 82' lang='grc' dir='ltr'>τινὲς</span> 
     </span>
    </p>
   </div>
   <div class='ocr_carea' id='block_1_104' title="bbox 2070 5107 3649 5188">
    <p class='ocr_par' dir='ltr' id='par_1_104' title="bbox 2070 5107 3649 5188">
     <span class='ocr_line' id='line_1_104' title="bbox 2070 5107 3649 5188; baseline 0.006 -27"><span class='ocrx_word' id='word_1_766' title='bbox 2070 5107 2259 5182; x_wconf 83' lang='grc' dir='ltr'>ὥσπερ</span> <span class='ocrx_word' id='word_1_767' title='bbox 2286 5110 2550 5184; x_wconf 80' lang='grc' dir='ltr'>ὑπῆρχον,</span> <span class='ocrx_word' id='word_1_768' title='bbox 2580 5112 2674 5166; x_wconf 80' lang='grc' dir='ltr'><strong>τὸν</strong></span> <span class='ocrx_word' id='word_1_769' title='bbox 2699 5113 2994 5184; x_wconf 83' lang='grc' dir='ltr'>φθαρτικὸν</span> <span class='ocrx_word' id='word_1_770' title='bbox 3020 5112 3134 5185; x_wconf 89' lang='grc' dir='ltr'>βίον</span> <span class='ocrx_word' id='word_1_771' title='bbox 3165 5114 3274 5168; x_wconf 90' lang='grc' dir='ltr'><strong>τῶν</strong></span> <span class='ocrx_word' id='word_1_772' title='bbox 3294 5116 3386 5169; x_wconf 73' lang='grc' dir='ltr'><strong>ἐπὶ</strong></span> <span class='ocrx_word' id='word_1_773' title='bbox 3412 5116 3521 5188; x_wconf 82' lang='grc' dir='ltr'><strong>γῆς</strong></span> <span class='ocrx_word' id='word_1_774' title='bbox 3554 5118 3649 5170; x_wconf 84' lang='grc' dir='ltr'>ἁν-</span> 
     </span>
    </p>
   </div>
   <div class='ocr_carea' id='block_1_105' title="bbox 2072 5200 3650 5277">
    <p class='ocr_par' dir='ltr' id='par_1_105' title="bbox 2072 5200 3650 5277">
     <span class='ocr_line' id='line_1_105' title="bbox 2072 5200 3650 5277; baseline 0.004 -22"><span class='ocrx_word' id='word_1_775' title='bbox 2072 5200 2306 5273; x_wconf 89' lang='grc' dir='ltr'>θρώπων</span> <span class='ocrx_word' id='word_1_776' title='bbox 2335 5203 2753 5275; x_wconf 80' lang='grc' dir='ltr'>ἐπιστρέφοντες</span> <span class='ocrx_word' id='word_1_777' title='bbox 2790 5207 2884 5259; x_wconf 73' lang='grc' dir='ltr'><strong>καὶ</strong></span> <span class='ocrx_word' id='word_1_778' title='bbox 2924 5204 3285 5275; x_wconf 71' lang='grc' dir='ltr'>ποκνοῠντες,</span> <span class='ocrx_word' id='word_1_779' title='bbox 3312 5205 3391 5277; x_wconf 81' lang='grc' dir='ltr'><strong>τῷ</strong></span> <span class='ocrx_word' id='word_1_780' title='bbox 3414 5224 3477 5260; x_wconf 87' lang='grc' dir='ltr'><strong>τε</strong></span> <span class='ocrx_word' id='word_1_781' title='bbox 3508 5208 3650 5262; x_wconf 73' lang='grc' dir='ltr'>κατὰ</span> 
     </span>
    </p>
   </div>
   <div class='ocr_carea' id='block_1_106' title="bbox 2071 5292 3648 5372">
    <p class='ocr_par' dir='ltr' id='par_1_106' title="bbox 2071 5292 3648 5372">
     <span class='ocr_line' id='line_1_106' title="bbox 2071 5292 3648 5372; baseline 0.006 -26"><span class='ocrx_word' id='word_1_782' title='bbox 2071 5292 2272 5365; x_wconf 84' lang='grc' dir='ltr'>ἀρετήν</span> <span class='ocrx_word' id='word_1_783' title='bbox 2305 5294 2405 5367; x_wconf 84' lang='grc' dir='ltr'><strong>βίῳ</strong></span> <span class='ocrx_word' id='word_1_784' title='bbox 2429 5295 2556 5359; x_wconf 82' lang='grc' dir='ltr'>τοὺς</span> <span class='ocrx_word' id='word_1_785' title='bbox 2594 5296 2778 5361; x_wconf 84' lang='grc' dir='ltr'>αὐτοῖς</span> <span class='ocrx_word' id='word_1_786' title='bbox 2804 5297 3197 5370; x_wconf 80' lang='grc' dir='ltr'>πλησιάζοντας</span> <span class='ocrx_word' id='word_1_787' title='bbox 3221 5299 3518 5372; x_wconf 82' lang='grc' dir='ltr'>ἀρτύοντες</span> <span class='ocrx_word' id='word_1_788' title='bbox 3553 5301 3648 5357; x_wconf 76' lang='grc' dir='ltr'>καὶ</span> 
     </span>
    </p>
   </div>
   <div class='ocr_carea' id='block_1_107' title="bbox 390 5387 1966 5474">
    <p class='ocr_par' dir='ltr' id='par_1_107' title="bbox 390 5387 1919 5463">
     <span class='ocr_line' id='line_1_107' title="bbox 390 5387 1919 5463; baseline 0.005 -17"><span class='ocrx_word' id='word_1_789' title='bbox 390 5390 435 5425; x_wconf 77' lang='grc'><strong>⁸⁸</strong></span> <span class='ocrx_word' id='word_1_790' title='bbox 457 5387 615 5446; x_wconf 87' lang='lat' dir='ltr'><strong>Joan.</strong></span> <span class='ocrx_word' id='word_1_791' title='bbox 665 5408 704 5458; x_wconf 84' lang='lat' dir='ltr'><strong>r,</strong></span> <span class='ocrx_word' id='word_1_792' title='bbox 732 5393 824 5460; x_wconf 72' lang='lat'><strong>23,</strong></span> <span class='ocrx_word' id='word_1_793' title='bbox 853 5392 944 5449; x_wconf 76' lang='lat'><strong>26.</strong></span> <span class='ocrx_word' id='word_1_794' title='bbox 1021 5395 1066 5427; x_wconf 75' lang='grc'><strong>⁸⁸</strong></span> <span class='ocrx_word' id='word_1_795' title='bbox 1091 5394 1220 5450; x_wconf 90' lang='lat' dir='ltr'><strong>Luc.</strong></span> <span class='ocrx_word' id='word_1_796' title='bbox 1248 5411 1331 5461; x_wconf 88' lang='grc' dir='ltr'>ιιι,</span> <span class='ocrx_word' id='word_1_797' title='bbox 1361 5394 1449 5452; x_wconf 78' lang='grc'><strong>15.</strong></span> <span class='ocrx_word' id='word_1_798' title='bbox 1524 5396 1569 5429; x_wconf 82' lang='grc'>³¹</span> <span class='ocrx_word' id='word_1_799' title='bbox 1594 5395 1752 5452; x_wconf 84' lang='lat' dir='ltr'><strong>Joan.</strong></span> <span class='ocrx_word' id='word_1_800' title='bbox 1784 5413 1825 5463; x_wconf 91' lang='grc' dir='ltr'><strong>ι,</strong></span> <span class='ocrx_word' id='word_1_801' title='bbox 1864 5398 1919 5454; x_wconf 87' lang='grc'><strong>7.</strong></span> 
     </span>
    </p>
   </div>
   <div class='ocr_carea' id='block_1_108' title="bbox 2072 5387 2936 5474">
    <p class='ocr_par' dir='ltr' id='par_1_108' title="bbox 2072 5402 2936 5474">
     <span class='ocr_line' id='line_1_108' title="bbox 2072 5402 2936 5474; baseline 0.01 -19"><span class='ocrx_word' id='word_1_802' title='bbox 2072 5402 2230 5460; x_wconf 78' lang='lat' dir='ltr'><strong>Marc.</strong></span> <span class='ocrx_word' id='word_1_803' title='bbox 2267 5421 2310 5472; x_wconf 87' lang='grc' dir='ltr'><strong>ι,</strong></span> <span class='ocrx_word' id='word_1_804' title='bbox 2341 5406 2395 5461; x_wconf 71' lang='grc'><strong>4.</strong></span> <span class='ocrx_word' id='word_1_805' title='bbox 2470 5406 2515 5440; x_wconf 87' lang='grc'><em>³³</em></span> <span class='ocrx_word' id='word_1_806' title='bbox 2543 5406 2736 5464; x_wconf 77' lang='lat' dir='ltr'><strong>Matth.</strong></span> <span class='ocrx_word' id='word_1_807' title='bbox 2762 5423 2816 5474; x_wconf 75' lang='grc' dir='ltr'><strong>ν,</strong></span> <span class='ocrx_word' id='word_1_808' title='bbox 2847 5410 2936 5465; x_wconf 81' lang='grc'><strong>15.</strong></span> 
     </span>
    </p>
   </div>
   <div class='ocr_carea' id='block_1_109' title="bbox 462 5484 1959 5561">
    <p class='ocr_par' dir='ltr' id='par_1_109' title="bbox 462 5484 1959 5561">
     <span class='ocr_line' id='line_1_109' title="bbox 462 5484 1959 5561; baseline 0.009 -23"><span class='ocrx_word' id='word_1_809' title='bbox 462 5484 575 5561; x_wconf 63' lang='grc'><strong>(94)</strong></span> <span class='ocrx_word' id='word_1_810' title='bbox 607 5487 801 5543; x_wconf 84' lang='lat' dir='ltr'><strong>Totum</strong></span> <span class='ocrx_word' id='word_1_811' title='bbox 830 5490 933 5547; x_wconf 83' lang='lat' dir='ltr'><strong>hoc</strong></span> <span class='ocrx_word' id='word_1_812' title='bbox 965 5490 1322 5561; x_wconf 80' lang='lat' dir='ltr'><strong>fragmentum</strong></span> <span class='ocrx_word' id='word_1_813' title='bbox 1350 5492 1512 5546; x_wconf 88' lang='lat' dir='ltr'><strong>unica</strong></span> <span class='ocrx_word' id='word_1_814' title='bbox 1560 5494 1732 5549; x_wconf 89' lang='lat' dir='ltr'><strong>ferme</strong></span> <span class='ocrx_word' id='word_1_815' title='bbox 1768 5493 1959 5551; x_wconf 68' lang='lat' dir='ltr'><strong>Graeca</strong></span> 
     </span>
    </p>
   </div>
   <div class='ocr_carea' id='block_1_110' title="bbox 268 5555 1961 5629">
    <p class='ocr_par' dir='ltr' id='par_1_110' title="bbox 268 5555 1961 5629">
     <span class='ocr_line' id='line_1_110' title="bbox 268 5555 1961 5629; baseline 0.009 -22"><span class='ocrx_word' id='word_1_816' title='bbox 268 5569 273 5572; x_wconf 70' lang='grc'><strong>’</strong></span> <span class='ocrx_word' id='word_1_817' title='bbox 387 5555 613 5624; x_wconf 86' lang='lat' dir='ltr'><strong>periodo</strong></span> <span class='ocrx_word' id='word_1_818' title='bbox 650 5567 886 5625; x_wconf 81' lang='lat' dir='ltr'><strong>constat,</strong></span> <span class='ocrx_word' id='word_1_819' title='bbox 912 5555 1078 5629; x_wconf 77' lang='lat' dir='ltr'><strong>quam</strong></span> <span class='ocrx_word' id='word_1_820' title='bbox 1120 5561 1336 5627; x_wconf 79' lang='lat' dir='ltr'><strong>longam</strong></span> <span class='ocrx_word' id='word_1_821' title='bbox 1384 5562 1764 5618; x_wconf 87' lang='lat' dir='ltr'><strong>circuitionem</strong></span> <span class='ocrx_word' id='word_1_822' title='bbox 1803 5565 1961 5622; x_wconf 87' lang='lat' dir='ltr'><strong>valde</strong></span> 
     </span>
    </p>
   </div>
   <div class='ocr_carea' id='block_1_111' title="bbox 390 5630 1961 5691">
    <p class='ocr_par' dir='ltr' id='par_1_111' title="bbox 390 5630 1961 5691">
     <span class='ocr_line' id='line_1_111' title="bbox 390 5630 1961 5691; baseline 0.009 -14"><span class='ocrx_word' id='word_1_823' title='bbox 390 5636 705 5683; x_wconf 87' lang='lat' dir='ltr'><strong>consuetam</strong></span> <span class='ocrx_word' id='word_1_824' title='bbox 753 5642 873 5683; x_wconf 86' lang='lat' dir='ltr'><strong>esse</strong></span> <span class='ocrx_word' id='word_1_825' title='bbox 930 5630 1164 5685; x_wconf 86' lang='lat' dir='ltr'><strong>Eusebio</strong></span> <span class='ocrx_word' id='word_1_826' title='bbox 1213 5632 1467 5686; x_wconf 86' lang='lat' dir='ltr'><strong>observat</strong></span> <span class='ocrx_word' id='word_1_827' title='bbox 1525 5631 1961 5691; x_wconf 85' lang='lat' dir='ltr'><strong>Montfanconius</strong></span> 
     </span>
    </p>
   </div>
   <div class='ocr_carea' id='block_1_112' title="bbox 335 5694 1960 5766">
    <p class='ocr_par' dir='ltr' id='par_1_112' title="bbox 335 5694 1960 5766">
     <span class='ocr_line' id='line_1_112' title="bbox 335 5694 1960 5766; baseline 0.01 -22"><span class='ocrx_word' id='word_1_828' title='bbox 335 5706 341 5713; x_wconf 88' lang='grc'><strong>·</strong></span> <span class='ocrx_word' id='word_1_829' title='bbox 391 5694 547 5766; x_wconf 69' lang='lat' dir='ltr'><strong>praef.</strong></span> <span class='ocrx_word' id='word_1_830' title='bbox 579 5713 632 5766; x_wconf 88' lang='lat' dir='ltr'><strong>p.</strong></span> <span class='ocrx_word' id='word_1_831' title='bbox 663 5697 716 5753; x_wconf 88' lang='lat'><strong>6.</strong></span> <span class='ocrx_word' id='word_1_832' title='bbox 752 5697 818 5753; x_wconf 86' lang='lat' dir='ltr'><strong>ad</strong></span> <span class='ocrx_word' id='word_1_833' title='bbox 847 5699 1089 5766; x_wconf 88' lang='lat' dir='ltr'><strong>eiusdem</strong></span> <span class='ocrx_word' id='word_1_834' title='bbox 1120 5700 1568 5758; x_wconf 82' lang='lat' dir='ltr'><strong>Commentarium</strong></span> <span class='ocrx_word' id='word_1_835' title='bbox 1611 5703 1666 5759; x_wconf 88' lang='lat' dir='ltr'><strong>in</strong></span> <span class='ocrx_word' id='word_1_836' title='bbox 1710 5705 1960 5763; x_wconf 78' lang='lat' dir='ltr'><strong>vsalmos.</strong></span> 
     </span>
    </p>
   </div>
   <div class='ocr_carea' id='block_1_113' title="bbox 2139 5500 3646 5578">
    <p class='ocr_par' dir='ltr' id='par_1_113' title="bbox 2139 5500 3646 5578">
     <span class='ocr_line' id='line_1_113' title="bbox 2139 5500 3646 5578; baseline 0.008 -23"><span class='ocrx_word' id='word_1_837' title='bbox 2139 5500 2360 5578; x_wconf 42' lang='lat' dir='ltr'><strong>(95)“In</strong></span> <span class='ocrx_word' id='word_1_838' title='bbox 2404 5504 2596 5578; x_wconf 61' lang='lat' dir='ltr'><strong>codice</strong></span> <span class='ocrx_word' id='word_1_839' title='bbox 2637 5505 2703 5559; x_wconf 79' lang='grc' dir='ltr'><strong>Α.</strong></span> <span class='ocrx_word' id='word_1_840' title='bbox 2743 5505 2792 5578; x_wconf 77' lang='lat' dir='ltr'><strong>_f.</strong></span> <span class='ocrx_word' id='word_1_841' title='bbox 2827 5503 2957 5561; x_wconf 77' lang='lat'><strong>205.</strong></span> <span class='ocrx_word' id='word_1_842' title='bbox 3007 5507 3063 5562; x_wconf 78' lang='grc' dir='ltr'><strong>Ι).</strong></span> <span class='ocrx_word' id='word_1_843' title='bbox 3096 5508 3421 5578; x_wconf 87' lang='lat' dir='ltr'><strong>perspicuus</strong></span> <span class='ocrx_word' id='word_1_844' title='bbox 3458 5510 3646 5567; x_wconf 76' lang='lat' dir='ltr'><strong>titulus</strong></span> 
     </span>
    </p>
   </div>
   <div class='ocr_carea' id='block_1_114' title="bbox 2062 5571 3643 5646">
    <p class='ocr_par' dir='ltr' id='par_1_114' title="bbox 2062 5571 3643 5646">
     <span class='ocr_line' id='line_1_114' title="bbox 2062 5571 3643 5646; baseline 0.008 -23"><span class='ocrx_word' id='word_1_845' title='bbox 2062 5571 2357 5646; x_wconf 78' lang='grc' dir='ltr'>Εὐσεὸίου</span> <span class='ocrx_word' id='word_1_846' title='bbox 2380 5573 2596 5643; x_wconf 67' lang='grc' dir='ltr'><strong>βιϐλίῳ</strong></span> <span class='ocrx_word' id='word_1_847' title='bbox 2619 5576 2873 5644; x_wconf 82' lang='grc' dir='ltr'>τετάρτῳ</span> <span class='ocrx_word' id='word_1_848' title='bbox 2903 5571 3281 5646; x_wconf 48' lang='lat' dir='ltr'><strong>amyci-etab.</strong></span> <span class='ocrx_word' id='word_1_849' title='bbox 3313 5580 3472 5637; x_wconf 91' lang='lat' dir='ltr'><strong>Solus</strong></span> <span class='ocrx_word' id='word_1_850' title='bbox 3503 5583 3643 5637; x_wconf 89' lang='lat' dir='ltr'><strong>enim</strong></span> 
     </span>
    </p>
   </div>
   <div class='ocr_carea' id='block_1_115' title="bbox 2072 5642 3198 5718">
    <p class='ocr_par' dir='ltr' id='par_1_115' title="bbox 2072 5642 3198 5718">
     <span class='ocr_line' id='line_1_115' title="bbox 2072 5642 3198 5718; baseline 0.005 -21"><span class='ocrx_word' id='word_1_851' title='bbox 2072 5642 2333 5701; x_wconf 87' lang='lat' dir='ltr'><strong>ordinalis</strong></span> <span class='ocrx_word' id='word_1_852' title='bbox 2365 5660 2622 5703; x_wconf 88' lang='lat' dir='ltr'><strong>numerus</strong></span> <span class='ocrx_word' id='word_1_853' title='bbox 2653 5647 2707 5702; x_wconf 91' lang='lat' dir='ltr'><strong>in</strong></span> <span class='ocrx_word' id='word_1_854' title='bbox 2741 5642 3063 5718; x_wconf 80' lang='lat' dir='ltr'><strong>compendio</strong></span> <span class='ocrx_word' id='word_1_855' title='bbox 3096 5660 3198 5705; x_wconf 87' lang='lat' dir='ltr'><strong>est.</strong></span> 
     </span>
    </p>
   </div>
  </div>
