3858 6214
151 316 268 373 665

1505 316 1593 370 DE
1633 315 2098 374 TllEOPllANlA.

3316 318 3420 374 666

154 442 569 512 καθηδύνοντες.
602 441 786 514 Ταύτῃ
812 457 892 494 τοι
923 440 1016 493 καὶ
1047 439 1286 510 Μωῦσῆς
1317 440 1624 511 ἐνομοθέτει
1661 441 1752 495 διὰ

1857 453 1904 498 et
1941 444 2150 515 Moyses
2203 443 2318 515 lege
2355 443 2634 500 sanciehat
2686 453 2745 498 ut
2796 443 2953 513 quasi
2987 443 3285 515 symbolum
3337 445 3420 499 sal

157 533 444 603 συμϐόλων
470 533 599 595 τοὺς
627 532 761 594 ἃλας
784 528 1115 601 προσφέρειν
1141 526 1220 597 τῷ
1243 526 1388 597 Θεῷ,
1421 521 1521 580 ὧδέ
1562 546 1633 598 πη
1662 528 1742 581 λέ-

157 642 275 694 γων
299 641 313 655 ο
359 624 464 677 Καὶ
503 621 626 678 πᾶν·
661 622 853 690 δῶρον
886 620 1103 685 θυσίας
1140 617 1309 687 ὑμῶν
1351 619 1451 672 ἁλὶ
1493 619 1743 686 άιὶισθή-

157 735 333 774 σεται
351 736 364 748 ·
395 717 507 772 ἀλλ’
538 718 686 787 ὅμως
718 715 784 769 δι’
810 712 1081 784 αἰσθητῶν
1109 710 1378 782 σωμάτων
1399 711 1549 764 ταῦτ’
1571 713 1745 764 ἐπιτε-

163 812 280 864 λεῖν
311 809 639 880 ἐνομοθέτει.
684 809 742 860 '0
783 807 840 859 δέ
883 805 990 858 τῶν
1024 804 1228 857 καινῶν
1267 802 1529 873 αὐθέντης
1565 803 1744 874 νόμων

161 904 294 964 τοὺς
332 901 466 964 ἃλας
510 902 644 971 ἡμῖν
686 899 812 962 τοὺς
857 897 1122 964 θεοφιλεῖς
1168 895 1462 966 διαρρήδην
1513 894 1742 959 ἐδείκνυ,

160 993 386 1055 τούτους
414 988 552 1044 εἶναι
574 989 841 1062 παριστὰς
864 990 991 1051 τοὺς
1015 987 1258 1056 φύλακας
1275 986 1385 1039 τῶν
1411 986 1576 1040 αὐτοῦ
1606 1004 1746 1058 παρ·-

161 1085 525 1156 αγγελμάτων
551 1101 565 1115 ο
623 1078 707 1145 οἷς
734 1081 831 1135 καὶ
861 1083 941 1145 εἰς
977 1081 1269 1152 πρόσωπον
1303 1077 1512 1148 ἐλεγενο
1548 1079 1745 1150 ’Υμεῖς

162 1179 310 1232 ἐστε
345 1177 414 1232 τὸ
441 1177 596 1243 ἅλας
628 1174 738 1244 τῆς
764 1173 898 1244 τῆς.

856 1287 935 1341 IE'
969 1285 1100 1357 (96).

237 1401 378 1472 Φησὶ
403 1399 512 1473 γάρ
531 1417 545 1431 ο
580 1399 724 1464 Πᾶς,
750 1398 818 1464 ὃς
856 1397 933 1450 ἂν
954 1396 1302 1466 ὁμολογήσῃ
1330 1393 1400 1447 ἐν
1423 1393 1574 1464 ἐμοὶ,
1608 1394 1749 1461 ὁμο-

161 1489 568 1561 λογηθήσεται
594 1488 850 1542 ἐνώπιον
877 1485 996 1540 τῶν
1036 1484 1323 1554 ἀγγέλων.
1359 1484 1446 1547 Ὠς
1500 1481 1609 1554 γάρ
1645 1480 1750 1548 ,ἐπὶ

163 1581 456 1654 ἡγεμόνων
480 1581 575 1634 καὶ
604 1578 888 1650 βασιλέων,
917 1578 948 1630 ὁ
983 1575 1085 1646 τῆς
1125 1575 1265 1646 ἐμῆς
1310 1573 1582 1644 βασιλείας
1614 1573 1749 1644 γνή-

168 1689 286 1736 σιος
312 1671 646 1742 στρατιώτης
667 1666 1236 1739 πεπαρῤησιασμένως
1253 1663 1350 1735 τὴν
1369 1665 1449 1729 είς
1474 1666 1499 1716 ἐ
1508 1663 1574 1735 μέ
1593 1665 1750 1734 ποιή-

170 1778 328 1814 σεται
368 1758 678 1830 ὁμολογίαν,
721 1757 862 1811 οὕτω
911 1755 1066 1825 κάγὼ
1107 1756 1198 1809 τὸν
1248 1755 1486 1809 τοιοῦτον
1524 1754 1748 1827 ἀμειϐόε-

172 1870 336 1924 μενος
367 1851 508 1906 κατά
537 1852 630 1905 τὸν
676 1851 776 1919 τῆς
822 1851 964 1922 ἐμῆς
993 1849 1270 1920 βασιλείας
1300 1849 1507 1920 καιρὸν,
1542 1848 1751 1918 μάρτυς

166 1944 323 2016 αὐτῷ
355 1946 775 2016 παραστήσομαι
832 1943 931 2013 τῆς
986 1940 1245 2004 εὐσεϐοῦς
1292 1939 1606 2011 ὁμολογίας,
1650 1937 1752 2000 τὰς

165 2037 471 2100 ἐνστάσεις,
531 2037 624 2090 καὶ
666 2034 763 2106 τὴν
807 2033 1140 2106 παρρησίαν,
1195 2032 1288 2087 καὶ
1325 2031 1422 2102 τὴν
1454 2028 1750 2100 ὑπομονὴν,

168 2129 269 2182 καὶ
290 2128 352 2182 τὺ
379 2126 580 2180 τέλειον
599 2125 699 2195 τῆς
723 2125 860 2196 πρὸς
875 2124 1006 2178 Θεὸν
1029 2124 1268 2194 ἀγάπης,
1299 2120 1424 2184 τούς
1451 2137 1509 2174 τε
1533 2119 1752 2183 λοιποὺς

167 2220 372 2282 ἄθλους
396 2218 494 2288 τῆς
529 2214 777 2286 φιλοθέου
804 2215 1092 2285 στρατείας
1118 2213 1282 2267 αὐτοῦ
1312 2210 1540 2283 καταριο
1549 2209 1754 2282 μούμε-

168 2329 286 2374 νος,
318 2310 414 2364 καὶ
457 2309 557 2379 τὴν
605 2307 746 2377 ὐπέρ
795 2305 960 2359 αὐτοῦ
1021 2303 1347 2378 συνηγορίαν
1395 2302 1754 2372 ποιησόμενος

166 2403 264 2454 ἐπὶ
290 2399 384 2454 τοῦ
415 2398 626 2470 Πατρός
656 2415 753 2468 μου
776 2396 871 2450 τοῦ
905 2399 960 2449 ἐν
977 2397 1224 2467 οὐρανοῖς
1242 2413 1255 2427 ο
1276 2393 1476 2465 ταύτην
1519 2393 1752 2464 ἀμοιϐὴν

166 2490 422 2544 ἐντεῦθεν
447 2489 550 2560 ἤδη
589 2487 846 2559 παρέξειν
879 2485 1281 2556 ἐπαγγέλλομαι
1312 2488 1422 2549 τοῖς
1446 2487 1597 2556 ἐμοῖς
1626 2487 1754 2554 ὁμο-

169 2583 431 2652 λογηταῖς
480 2582 574 2634 καὶ
621 2580 856 2649 μάρτυσι
910 2580 1021 2640 τοῖς
1076 2576 1168 2628 ἐπὶ
1201 2575 1416 2628 πάντων
1457 2573 1756 2645 ἀνθρώπων

169 2669 750 2744 πεπαρρησιασμένως
816 2669 917 2740 τὴν
981 2667 1120 2738 ἐμὴν
1179 2666 1554 2736 ἀνακηρύξασι
1603 2665 1754 2734 βασι-

167 2765 344 2818 λείαν.
375 2763 483 2815 Καὶ
506 2762 560 2814 τί
591 2761 636 2814 δ’
671 2759 737 2813 ἂν
764 2759 975 2828 γένοιτο
1007 2758 1415 2829 μακαριώτερον
1447 2757 1547 2827 τῆς
1575 2755 1757 2810 τοιαύ-

167 2873 273 2925 της
295 2852 658 2920 ἐπαγγελίαςς
708 2851 772 2904 Τί
800 2850 845 2903 δ’
885 2850 953 2904 ἂν
995 2851 1241 2921 κρεῖττον
1284 2849 1377 2903 καὶ
1424 2849 1756 2918 ἐνδοξότερον

168 2947 269 3000 τοῦ
297 2946 404 3016 πρὸ
433 2944 528 2998 τοῦ
561 2943 703 2995 θείου
747 2941 988 3012 βήματος
1014 2939 1176 2994 αὐτὸν
1219 2941 1310 2994 τὸν
1353 2941 1616 3011 μονογενῆ
1659 2939 1754 2993 τοῦ

170 3038 311 3090 Θεοῦ
343 3037 515 3104 Λόγον
549 3033 907 3100 ἀναδέξασθαι
930 3033 1030 3104 τὴν
1076 3032 1214 3104 ὑπὲρ
1249 3030 1406 3102 ἡμῶν
1435 3031 1755 3102 ὁμολογίαν;

1843 538 1956 592 Deo
1986 536 2295 602 offerretur,
2349 537 2430 592 sic
2479 537 2666 593 dicens
2697 555 2710 591 :
2750 534 2816 589 Et
2857 553 3006 590 omne
3044 553 3234 590 munus
3259 539 3419 590 sacri-

1841 630 1951 698 ﬁcii
1985 629 2138 684 vestri
2179 629 2289 684 sale
2319 630 2613 684 condietur.
2675 628 2739 682 Et
2780 628 2868 681 ille
2899 628 3114 698 quidem
3150 628 3420 682 sensibili-

1843 719 1945 775 bus
1993 718 2314 789 corporibus
2352 719 2467 773 haec
2515 719 2632 772 fieri
2671 717 2986 772 mandabat.
3045 719 3116 772 At
3154 732 3415 772 novarum

1844 821 2035 867 auctor
2080 813 2258 880 legum
2304 811 2414 865 sale
2453 811 2612 865 nobis
2642 809 2891 864 homines
2934 808 3045 864 Deo
3089 825 3245 863 caros
3292 825 3417 880 per-

1845 905 2032 974 spicue
2058 904 2281 959 denotat
2308 904 2376 968 “,
2423 904 2521 958 hos
2552 903 2931 956 mandatorum
2981 916 3203 956 suorum
3231 903 3419 955 obser-

1845 1003 2063 1051 vatores
2103 1009 2225 1049 esse
2271 991 2566 1049 afﬁrmans.
2607 992 2826 1059 Quibus
2857 991 3020 1047 etiam
3055 991 3278 1047 aiebat:
3317 991 3417 1046 Vos

1845 1089 1969 1144 estis
1999 1087 2078 1143 sal
2106 1097 2260 1142 terrae
2291 1087 2361 1141 ³⁸.

2579 1262 2697 1318 XV.

1846 1397 1860 1432 τ
1915 1399 2010 1452 Ait
2064 1397 2246 1452 enim:
2302 1396 2614 1466 Quicunque
2656 1395 2929 1464 confessus
2984 1396 3144 1464 fuerit
3191 1397 3255 1450 de
3303 1411 3420 1460 me,

1850 1489 2109 1558 confessio
2152 1491 2216 1544 de
2256 1507 2316 1545 eo
2359 1491 2450 1559 ﬁet
2500 1507 2680 1544 coram
2732 1489 2932 1559 angelis
2959 1490 3026 1543 ³⁸.
3069 1489 3229 1543 Sicut
3273 1489 3420 1542 enim

1851 1579 1992 1648 apud
2036 1580 2201 1634 duces
2237 1594 2500 1649 regesque
2546 1579 2640 1644 fit,
2683 1579 2773 1634 ille
2816 1579 2908 1648 qui
2952 1579 3054 1632 mei
3098 1577 3249 1647 regni
3291 1578 3422 1632 lide-

1849 1669 1916 1724 lis
1949 1670 2102 1725 miles
2133 1670 2475 1726 conlidenter
2515 1671 2583 1725 de
2631 1686 2718 1725 me
2764 1669 3158 1725 confessionem
3210 1668 3422 1732 fecerit,

1851 1761 1997 1815 hunc
2023 1776 2123 1830 ego
2157 1762 2392 1817 vicissim
2431 1775 2811 1826 remunerans,
2840 1763 2990 1830 regni
3020 1761 3122 1815 mei
3159 1769 3420 1829 tempore,

1853 1853 2005 1908 testis
2026 1853 2075 1908 ei
2121 1854 2284 1908 adero
2317 1853 2581 1923 religiosae
2611 1853 3023 1918 confessionis;
3061 1868 3268 1921 pugnas
3297 1866 3423 1920 per-

1852 1954 2026 2010 actas,
2078 1944 2242 1998 animi
2291 1943 2665 2008 alacritatem,
2737 1945 3074 2013 patientiam,
3127 1942 3422 2012 perfectam

1851 2050 1978 2104 erga
2021 2034 2189 2089 Deum
2233 2035 2574 2099 charitatem,
2617 2044 2669 2087 et
2701 2035 2902 2105 reliqua
2935 2037 3041 2090 Deo
3067 2034 3273 2088 devotae
3307 2034 3424 2104 ejus

1852 2127 2058 2182 militiae
2103 2128 2407 2181 certamina
2463 2135 2816 2195 computans,
2870 2127 3030 2195 eique
3075 2127 3424 2194 patrocinans

1853 2217 1993 2285 apud
2045 2215 2256 2269 Patrem
2307 2231 2484 2268 meum
2541 2215 2632 2284 qui
2681 2216 2732 2268 in
2779 2215 2934 2270 uelis
2979 2228 3082 2270 est.
3141 2215 3292 2268 Hauc
3341 2230 3425 2267 re-

1855 2307 2202 2361 tributionem
2230 2307 2340 2374 jam
2381 2322 2522 2362 nunc
2569 2306 2812 2375 spondeo
2856 2322 2942 2362 me
2988 2306 3238 2361 daturum
3290 2320 3424 2360 (ιου-

1854 2399 2153 2454 fessoribus
2199 2399 2535 2467 testibusque
2606 2398 2786 2464 meis,
2841 2399 2931 2466 qui
2983 2411 3165 2452 coram
3216 2399 3427 2452 cunctis

1855 2490 2166 2546 hominibus
2221 2490 2562 2544 conﬁdenter
2623 2505 2801 2544 meum
2861 2490 3278 2560 prazdicaverint
3344 2505 3428 2543 re-

1855 2598 2041 2652 gnum.
2089 2582 2225 2647 Quid
2273 2597 2439 2652 porro
2489 2582 2702 2636 beatius
2758 2582 2859 2636 hac
2905 2581 3263 2650 promissione
3308 2580 3425 2636 fieri

1855 2671 2077 2740 potest?
2115 2671 2254 2735 Quid
2304 2672 2495 2726 melius
2523 2672 2600 2727 vel
2631 2671 2940 2741 gloriosius,
2981 2685 3144 2740 quam
3184 2681 3312 2724 ante
3341 2670 3428 2723 di-

1855 2763 2041 2814 vinum
2082 2762 2319 2816 tribunal
2349 2763 2686 2833 unigenitum
2719 2761 2895 2832 ipsum
2939 2763 3033 2816 Dei
3071 2761 3307 2815 Verbum
3341 2760 3430 2814 fa-

1857 2853 2102 2907 ciendam
2157 2853 2434 2922 suscipere
2477 2855 2543 2908 de
2579 2852 2738 2908 nobis
2779 2853 3223 2908 confessionem?
3267 2863 3428 2922 atque

1858 2944 1992 2999 adeo
2028 2958 2194 3014 opere
2233 2945 2514 3013 praemium
2560 2945 2735 2999 nostri
2781 2945 2846 2999 de
2889 2960 2955 2999 eo
2999 2944 3289 2999 testimonii
3334 2959 3430 2998 ox-

1857 3034 2063 3098 hibere,
2095 3035 2221 3088 dum
2260 3035 2314 3088 in
2352 3035 2472 3102 ipsa
2515 3037 2672 3089 testis
2711 3034 2792 3089 sui
2828 3035 3005 3088 anima
3049 3045 3322 3098 versatur,
3363 3049 3428 3088 ac

173 3131 325 3201 ἔργῳ
350 3146 408 3181 τε
431 3128 532 3197 τῆς
564 3125 870 3198 μαρτυρίας
898 3124 997 3196 τὴν
1037 3123 1272 3194 ἀμοιϐὴν
1309 3123 1666 3188 ἐνδείξασθαι,
1700 3127 1755 3179 ἐν

1860 3125 2024 3179 veluti
2076 3125 2129 3179 in
2175 3137 2365 3180 sancto
2406 3125 2605 3194 templo
2645 3126 2696 3179 in
2733 3127 2920 3180 eadem
2968 3127 3216 3181 habitat?
3263 3126 3428 3195 Atqui

175 3223 317 3291 αὐτῇ
355 3220 501 3290 ψυχῇ
550 3219 645 3272 τοῦ
700 3217 1145 3290 μαρτυρουμένου
1173 3217 1483 3288 γενόμενον,
1530 3217 1620 3270 καὶ
1650 3216 1759 3272 ὥσ-

177 3329 289 3384 περ
312 3313 371 3363 ἐν
404 3312 548 3381 ἁγίῳ
583 3309 697 3380 ναῷ
737 3310 795 3362 ἐν
824 3306 972 3377 αὐτῷ
1015 3308 1451 3379 κατοικήσοντα;
1497 3306 1668 3359 Τοῦτο
1715 3307 1759 3359 δ’

174 3403 272 3460 οῦν
313 3403 667 3474 ἐπήγγελται,
697 3401 758 3455 οὐ
811 3401 1103 3472 παρέργως
1155 3399 1344 3453 εἰπών’
1380 3397 1760 3468 Ὃμολογήσω

175 3495 342 3564 κάγὼ
373 3496 442 3548 ἐν
465 3493 651 3558 αὐτῷ·
682 3493 744 3546 οὐ
769 3491 878 3564 γὰρ
918 3491 1021 3556 ἐξω
1049 3508 1150 3545 που
1173 3491 1457 3561 τυγχάνων
1485 3489 1578 3542 τοῦ
1619 3506 1759 3560 μαρ-

176 3587 540 3658 τυρουμένου,
573 3585 687 3638 ἀλλ’
721 3588 778 3638 ἐν
809 3585 957 3656 αὐτῷ
985 3583 1243 3648 κατοικῶ,
1275 3583 1369 3636 καὶ
1397 3582 1495 3652 τῆς
1515 3580 1763 3650 θεότητος

178 3679 346 3733 αὐτὸν
379 3677 603 3748 πληρῶν
625 3676 726 3746 τῆς
750 3677 912 3748 ἐμῆς,
943 3677 1012 3729 δι’
1041 3676 1211 3746 αὐτῆς
1238 3675 1337 3744 τῆς
1359 3673 1636 3746 ἐνεργείας
1664 3671 1762 3742 τὴν

179 3773 241 3826 ἐν
267 3770 419 3841 αὐτῷ
455 3771 751 3840 ποιήσομαι
778 3767 1088 3838 ὁμολογίαν.

253 3905 405 3976 Πλὴν
455 3901 767 3976 ἐπιρρώσας
803 3902 1000 3966 αὐτοὺς
1030 3901 1240 3954 ἐλπίσιν
1270 3899 1500 3968 ἀγαθαῖς
1530 3897 1618 3951 διὰ
1664 3898 1764 3969 τῆς

179 3996 451 4066 τοσαύτης
470 3995 824 4063 ἐπαγγελίας,
861 3993 1176 4064 ἐπιστρέφει
1216 3993 1378 4045 πάλιν
1405 3992 1531 4053 τοὺς
1566 3991 1763 4054 αὐτοὺς

178 4087 249 4141 δι’
288 4085 516 4155 ἀπειλῆς
565 4082 944 4154 φοϐερωτέρας
973 4080 1256 4149 ἐπιλέγων,
1292 4081 1394 4144 ὅτι,
1433 4079 1542 4134 Τὸν
1583 4080 1766 4147 ἀρνη-

182 4176 455 4244 σάιιενον
504 4173 946 4241 ἀπαρνήσομαι.
977 4171 1315 4238 Ἀναγκαίως
1352 4170 1409 4222 δὲ
1441 4171 1534 4222 καὶ
1560 4169 1764 4240 ταύτην

183 4270 371 4331 αὐτοῖς
403 4265 785 4319 ἐπανετείνατο
800 4264 896 4334 τὴν
927 4262 1175 4330 ἀπειλὴν,
1207 4262 1281 4324 ώς
1309 4260 1374 4314 ἂν
1403 4261 1477 4331 μὴ
1502 4277 1767 4331 καταφρο-

183 4362 409 4430 νήσαιεν
435 4357 535 4427 τῆς
580 4359 658 4420 είς
698 4355 859 4408 αὐτὸν
907 4353 1215 4425 ὁμολογίας,
1251 4351 1486 4423 ἔμπαλιν
1522 4351 1578 4404 δὲ
1617 4353 1765 4416 ὅπως

185 4453 461 4524 φρίττοιεν
492 4449 587 4519 τὴν
616 4450 841 4520 ἄρνησιν
873 4446 970 4518 τῆς
1003 4443 1166 4498 αὐτοῦ
1209 4445 1530 4516 μαρτυρίας,
1555 4443 1641 4496 διὰ
1666 4443 1762 4514 τὴν

1861 3216 1966 3272 hoc
2009 3217 2296 3288 promisit,
2359 3218 2500 3273 haud
2549 3233 2680 3272 casu
2743 3219 2976 3273 dicens:
3028 3218 3330 3286 Conﬁtebor
3380 3229 3427 3271 et

1860 3324 1956 3377 ego
1997 3325 2134 3363 eum.
2175 3309 2292 3364 Non
2344 3311 2489 3365 enim
2547 3311 2785 3379 alicubi,
2840 3322 2990 3366 extra
3033 3327 3156 3365 eum
3212 3311 3280 3366 de
3325 3325 3430 3380 quo

1862 3398 2146 3464 confiteor,
2170 3416 2311 3466 sum,
2381 3401 2476 3455 sed
2537 3402 2588 3455 in
2654 3402 2771 3472 ipso
2816 3402 3044 3466 habito,
3092 3410 3254 3470 atque
3305 3417 3428 3454 eum

1862 3490 2059 3543 deitate
2082 3505 2198 3543 mea
2229 3490 2524 3558 complens,
2558 3505 2654 3560 per
2683 3492 2854 3559 ipsam
2886 3489 3204 3554 ellicaciam,
3238 3503 3344 3557 qua
3375 3487 3428 3540 in

1861 3579 1954 3635 iilo
1982 3595 2196 3650 operor,
2245 3581 2644 3637 confessionem
2691 3581 2758 3636 de
2790 3595 2855 3635 eo
2884 3595 3161 3650 peragam.

1935 3889 2228 3960 Postquam
2265 3889 2385 3943 illos
2427 3892 2611 3959 priore
2655 3889 2818 3944 effato
2863 3889 2915 3944 in
2950 3889 3225 3959 egregiam
3277 3903 3427 3959 spem

1863 3991 2149 4048 erexerat,
2204 3997 2396 4037 rursus
2450 3991 2687 4036 attentos
2738 3983 2871 4037 facit
2922 3996 3038 4045 eos,
3088 3981 3432 4037 lerribiliori-

1865 4074 1966 4129 bus
2002 4074 2164 4128 minis
2193 4075 2492 4128 admonens
2523 4073 2640 4128 fore
2682 4084 2741 4127 ut
2773 4075 2887 4144 ipse
2922 4084 3210 4144 negantem
3245 4088 3304 4128 se
3337 4089 3436 4126 ne-

1867 4181 1976 4240 get.
2025 4167 2344 4223 Nccessario
2402 4179 2582 4223 autem
2651 4169 2750 4223 has
2797 4184 3014 4238 quoque
3077 4169 3209 4238 ipsis
3258 4169 3434 4222 minas

1868 4259 2122 4324 intendit,
2156 4274 2224 4312 ne
2254 4259 2390 4313 forte
2417 4259 2709 4328 aliquando
2732 4261 3011 4330 negligant
3051 4261 3226 4328 ipsum
3267 4260 3436 4313 confi-

1868 4352 1970 4406 teri
1993 4353 2028 4416 ,'
2069 4349 2422 4419 vicissimque
2474 4358 2536 4403 ut
2591 4364 2790 4418 negare
2839 4363 2961 4403 eum
3010 4350 3436 4418 perhorrescant

1869 4453 2091 4514 prapter
2117 4454 2530 4500 consecuturam
2559 4445 2678 4515 ejus
2708 4444 2784 4497 rei
2820 4457 3056 4512 ptenam,
3092 4457 3282 4511 nempe
3309 4444 3434 4510 quia

183 4541 658 4602 ἐπακολουθοῦσαν
689 4541 824 4609 αὐτῇ
856 4538 1143 4608 τιμωρίαν,
1180 4539 1300 4606 ἥτις
1324 4531 1391 4607 ἦν
1417 4537 1478 4589 τὸ
1511 4536 1646 4608 πρὸς
1667 4535 1755 4589 τοῦ

1868 4550 1897 4588 a
1933 4534 2070 4590 Filio
2103 4534 2197 4590 Dei
2231 4536 2592 4605 negabuntur.
2622 4534 2852 4588 Perinde
2898 4548 3025 4587 vero
3055 4540 3138 4586 est
3170 4530 3353 4600 negari
3404 4545 3434 4584 a

185 4635 318 4688 Υἱοῦ
340 4635 434 4687 τοῦ
466 4631 601 4686 Θεοῦ
625 4631 943 4702 ἀρνηθῆναι.
969 4631 1194 4700 Ὅμοιον
1225 4629 1270 4681 δ’
1296 4628 1362 4683 ἂν
1393 4627 1476 4699 εἴη
1505 4629 1564 4681 τὸ
1597 4629 1765 4700 ἀρνη-

187 4728 349 4796 θῆναι
377 4723 483 4777 ὐπὸ
519 4723 612 4776 τοῦ
663 4723 876 4794 Πατρὸς
908 4722 984 4794 τῷ
1034 4722 1334 4793 ἀρνηθῆναι
1386 4722 1490 4774 ὐπὸ
1536 4722 1634 4791 τῆς
1671 4719 1762 4773 τοῦ

186 4818 324 4872 Θεοῦ
354 4817 565 4886 σοφίας,
592 4815 687 4868 καὶ
714 4815 790 4886 τῷ
814 4817 1063 4869 ἐκπεσεῖν
1096 4814 1194 4883 τῆς
1233 4812 1396 4883 ζωῆς,
1429 4813 1520 4865 καὶ
1544 4810 1620 4882 τῷ
1651 4829 1768 4864 στε-

1865 4625 2049 4693 Patre,
2103 4635 2266 4696 atque
2305 4641 2334 4679 a
2371 4626 2461 4680 Dei
2493 4625 2760 4695 sapientia
2807 4623 3012 4692 negari,
3058 4631 3112 4678 et
3143 4624 3255 4675 vita
3295 4621 3439 4674 exci-

1868 4717 2017 4783 dere,
2053 4715 2280 4786 luceque
2311 4715 2534 4785 privari,
2566 4725 2623 4769 et
2662 4715 2810 4770 omni
2841 4715 2980 4768 bono
3015 4712 3232 4782 depelli.
3267 4711 3437 4766 Porro

1869 4808 1985 4861 inec
2025 4808 2204 4866 omnia
2237 4823 2419 4860 coram
2474 4805 2636 4860 Patre
2673 4806 2883 4862 ccelcsti
2930 4805 3162 4875 perpeti,
3210 4814 3264 4859 et
3317 4819 3438 4873 spe-

190 4909 426 4980 ρηθῆναι
452 4905 548 4958 τοῦ
571 4903 769 4972 φωτὸς,
792 4902 886 4956 καὶ
913 4901 988 4972 τῷ
1021 4901 1238 4954 πάντων
1260 4899 1367 4952 τῶν
1393 4897 1614 4966 ἀγαθῶν
1641 4898 1755 4950 ἀπο

1868 4897 2145 4951 ctantibus
2175 4898 2383 4967 angelis
2416 4897 2804 4966 pr0pemodum
2838 4904 2963 4949 ante
2987 4894 3227 4948 divinum
3259 4893 3433 4962 ipsum

188 4999 476 5070 ϐληθῆναι.
513 4996 586 5048 Τὸ
629 4995 685 5047 δὲ
728 4992 1030 5046 καὶταῦτα
1082 4993 1259 5046 πάντα
1297 4991 1486 5044 παθεῖν
1537 4989 1765 5042 ἐνώπιον

187 5089 286 5143 τοῦ
310 5088 524 5158 Πατρὺς
545 5086 638 5139 τοῦ
667 5087 726 5138 ἐν
753 5087 863 5149 τοῖς
890 5085 1156 5156 οὐρανοῖς,
1185 5085 1279 5138 καὶ
1319 5083 1409 5135 ἐπὶ
1456 5082 1564 5136 τῶν
1603 5080 1768 5150 ἀγγέ-

1872 4989 2108 5043 tribunal
2139 4989 2514 5052 condemnari,
2548 4998 2601 5042 et
2631 4988 2774 5042 illius
2804 5002 2967 5057 regno
2999 4986 3221 5057 expelli,
3251 4985 3436 5055 quidni

1874 5079 2066 5147 quovis
2107 5094 2320 5134 summo
2349 5078 2616 5147 supplicio
2662 5077 2816 5148 pejus
2859 5079 2978 5134 sit?

190 5186 304 5238 λων
357 5181 637 5255 μονονουχὶ
690 5183 818 5252 παρ’
853 5181 1035 5244 αὐτοῖς
1086 5181 1194 5243 τοῖς
1241 5178 1406 5241 θείοις
1443 5177 1646 5248 βήμασι
1723 5173 2148 5244 κατακριθέντας
2201 5172 2296 5226 καὶ
2350 5172 2686 5244 ἀποϐλήτους
2732 5172 3054 5244 γενομένους
3110 5172 3209 5243 τῆς
3271 5167 3441 5224 αὐτοῦ

191 5278 490 5350 βασιλείας,
527 5277 687 5340 ποίας
731 5275 831 5329 οὐκ
862 5275 927 5329 ἂν
959 5274 1170 5345 γένοιτο
1199 5275 1376 5346 χεῖρον
1421 5272 1656 5342 ἐσχάτης
1682 5269 1983 5343 τιμωρίας;

263 5480 311 5512 ³⁸
345 5483 475 5534 Lev.
507 5492 570 5545 ιι,
599 5476 686 5532 l3.
765 5477 812 5511 ³⁵
850 5475 1042 5536 Matth.
1085 5493 1140 5544 v,
1184 5475 1271 5532 l5.
1347 5476 1392 5509 ³⁸
1421 5475 1610 5532 Matth.
1644 5491 1699 5542 ι,
1727 5475 1816 5540 52,
1842 5474 1934 5530 33.

262 5680 378 5750 (οδ)
411 5679 546 5736 God.
583 5679 649 5733 A.
689 5678 725 5732 r.
773 5677 980 5750 l66._b.
1016 5679 1146 5734 Cod.
1179 5678 1242 5732 L.
1300 5681 1323 5732 ι
1374 5680 1457 5750 ,94
1504 5678 1738 5733 lnutro-

190 5748 296 5821 que
332 5750 520 5806 codice
549 5749 880 5820 prmponitur
900 5748 1201 5818 fragmento
1243 5749 1436 5807 titulus
1466 5752 1759 5805 Εὑσεὸίου

1841 5680 1908 5744 β.
1946 5677 2327 5746 Gangen-ratae,
2359 5690 2479 5730 cum
2521 5673 2852 5746 compendiis
2880 5674 2932 5731 in
2985 5676 3223 5734 secundo
3283 5691 3436 5732 voca-

1870 5749 2014 5816 bulo,
2060 5745 2123 5802 ut
2168 5749 2218 5802 in
2267 5745 2692 5813 praecedentibus
2737 5746 2871 5801 dixi.
