3858 6214
411 283 514 340 667

1119 397 1261 457 XVI.

483 491 618 544 Dum
666 488 743 544 ait
793 488 1056 546 Dominus
1086 493 1154 559 ",
1181 507 1241 549 se
1274 493 1492 550 venisse
1523 506 1580 549 ut
1611 496 1848 566 gladium
1881 499 1980 551 im-

413 584 669 649 mitteret,
705 595 882 652 neque
931 589 990 635 ut
1036 597 1225 651 pacem
1256 584 1431 649 daret,
1467 586 1561 641 sed
1595 594 1653 639 ut
1689 589 1868 656 potius
1897 604 1983 644 se-

413 673 753 741 parationem
786 673 1035 738 inferret,
1071 674 1156 729 bis
1197 675 1376 732 verbis
1405 679 1589 732 docuit
1631 679 1771 733 haud
1804 690 1979 750 grata,

411 777 591 833 neque
647 763 831 818 multis
875 774 1161 832 consueta,
1215 781 1391 837 neque
1429 768 1666 836 jucunda
1727 772 1978 825 daturum

412 853 611 906 mundo
654 853 958 919 advenisse,
1011 858 1108 911 sed
1158 856 1281 911 talia
1326 873 1448 927 qua:
1493 860 1625 930 ipsis
1655 870 1814 916 erunt
1861 862 1982 932 igne

413 942 714 1009 nrentiora,
762 945 1060 1014 nequitiam
1108 948 1406 1018 quamlibet
1453 959 1510 1004 et
1556 951 1751 1006 animae
1782 951 1982 1021 impro-

413 1031 640 1089 bitatem
691 1049 794 1091 ceu
852 1037 1082 1092 alienam
1134 1041 1417 1094 materiem
1465 1056 1687 1110 prorsus
1725 1046 1980 1101 combus-

420 1133 568 1190 tura,
617 1134 672 1180 et
716 1127 835 1182 auri
869 1128 1045 1183 instar
1073 1129 1336 1200 cujusque
1365 1133 1602 1187 animam
1639 1133 1978 1192 illustratura

415 1218 508 1287 qui
557 1233 675 1273 eam
707 1220 817 1274 vim
856 1220 1166 1288 receperit;
1215 1236 1311 1290 per
1339 1238 1498 1292 quam
1550 1239 1673 1280 mox
1721 1237 1980 1296 tanquam

417 1307 598 1374 gladio
628 1310 967 1377 acutissimo,
1000 1327 1199 1380 genere
1233 1315 1372 1367 inter
1400 1329 1460 1370 se
1496 1314 1683 1372 amnes
1728 1332 1982 1386 separare

418 1415 524 1455 non
558 1402 950 1470 demorabitur,
986 1405 1059 1459 ita
1101 1415 1160 1458 ut
1207 1405 1348 1460 ﬁlios
1398 1421 1427 1460 a
1481 1407 1727 1475 patribus
1756 1410 1980 1476 dividat,

418 1488 559 1546 ﬁlias
605 1507 634 1546 a
667 1495 951 1556 matribus.
993 1510 1165 1550 nurus
1211 1511 1241 1549 a
1275 1497 1557 1563 socrubus,
1600 1500 1850 1556 rationali
1901 1500 1981 1556 in-

417 1598 580 1652 quam
635 1585 738 1639 telo
791 1587 1088 1658 divinoque
1132 1589 1334 1657 gladio,
1382 1600 1436 1644 ct
1497 1590 1682 1646 divino
1733 1593 1984 1648 salutari-

416 1690 521 1743 que
555 1676 695 1746 igne,
742 1686 802 1732 ut
836 1679 1076 1734 melioris
1109 1681 1278 1752 frugis
1333 1683 1578 1738 homines
1622 1684 1689 1738 ad
1738 1685 1979 1739 coelestia

1063 280 1332 340 EUSEBII
1369 284 1849 345 CAESARIENSIS
1887 287 2038 344 OPP.
2079 288 2260 343 PARS
2301 288 2387 343 IV.
2427 319 2496 328 —-
2535 285 2960 342 DOGMATICA.

2007 412 2054 468 Α

3555 281 3674 338 668

2725 403 2820 468 1c."
2857 400 2986 472 (97).

2159 498 2268 569 (08)
2298 497 2485 566 Λέγων
2511 495 2691 567 μέντοι
2716 496 2744 548 ό
2771 493 2993 563 Κύριος,
3042 492 3124 545 ὅτι
3160 489 3288 558 Πῦρ
3332 485 3529 560 ἦλθον
3552 489 3676 553 ,ϐα-

2086 589 2240 651 λεῖν,
2269 589 2366 642 καὶ
2392 591 2502 642 οὐκ
2532 587 2778 656 εἰρήνην
2801 585 3029 650 δοῦναι,
3055 583 3218 639 ἀλλὰ
3242 581 3673 650 διαμερισμὸν,

2087 679 2331 732 ἐδίδασκε
2347 678 2435 731 διὰ
2455 677 2677 740 τούτων,
2701 677 2783 729 ὅτι
2819 675 2893 746 μὴ
2925 674 2995 727 τά
3021 674 3151 744 φίλα
3181 672 3316 744 μηδὲ
3346 670 3414 724 τὰ
3448 670 3672 742 συνήθη

2085 772 2197 834 τοῖς
2235 768 2450 832 πολλοῖς
2483 769 2576 820 καὶ
2623 767 2688 820 τά
2733 766 2865 838 ἡδέα
2914 749 3250 836 παραδώσωύ
3307 762 3536 835 ἐλήλυθε

2089 860 2209 931 βίῳ,
2235 859 2372 914 ἀλλά
2394 859 2568 914 ταῦτα
2593 857 2630 913 ἃ.
2659 857 2723 930 δὴ
2758 857 2930 929 πυρὸς
2965 857 3146 920 αὐτοῖς
3178 856 3397 910 ἔσεσθαι
3425 871 3674 908 καυστι-

2086 950 2319 1023 κώτερα,
2347 951 2524 1006 πᾶσαν
2547 949 2742 1003 κακίαν
2779 949 2874 1002 καὶ
2921 947 3221 1020 μοχθηρίαν
3257 946 3435 1017 ψυχῆς
3464 945 3673 1016 ὥσπερ

2085 1042 2369 1114 ἀλλοτρίαν
2396 1040 2526 1112 ὕλην
2555 1039 2986 1108 καταφλέξαντα,
3015 1039 3108 1092 καὶ
3127 1037 3326 1109 χρυσοῦ
3349 1038 3508 1108 δίκην
3521 1036 3589 1091 λα
3600 1056 3674 1108 μ-

2088 1131 2360 1203 πρύνοντα
2409 1131 2586 1183 πᾶσαν
2636 1127 2813 1199 ψυχὴν
2850 1126 2964 1180 τῶν
3000 1124 3450 1196 παραδεξομένων
3490 1121 3674 1178 αὐτοῦ

2085 1223 2184 1295 τὴν
2199 1223 2445 1292 δύναμιν·
2468 1221 2535 1274 δι’
2557 1213 2625 1292 ἦς
2643 1221 2766 1273 ὅσον
2780 1219 2932 1271 οῦπω
2963 1217 3174 1288 μέλλειν
3203 1216 3477 1287 μαχαίρας
3503 1215 3673 1285 δίκην

2086 1314 2350 1386 ὀξυτάτης
2398 1313 2623 1384 διαιρεῖν
2669 1312 2792 1374 τοὺς
2833 1310 2972 1364 κατά
3010 1309 3164 1378 γένος
3213 1307 3461 1377 ἀλλήλοις
3492 1323 3677 1379 προσ-

2086 1409 2339 1480 ήκοντας,
2367 1405 2496 1459 ὥστ’
2523 1403 2804 1474 ἀφορίζειν
2827 1403 2973 1467 υἱοὺς
2998 1400 3219 1470 γονέων,
3241 1400 3337 1454 καὶ
3353 1399 3672 1469 Θυγατέρας

2089 1500 2360 1571 μητέρων,
2393 1497 2487 1551 καὶ
2523 1495 2738 1567 νύμφας
2768 1493 2875 1547 τῶν
2908 1493 3262 1564 κηδεστριῶν,
3295 1491 3400 1545 ὑπὸ
3427 1491 3526 1543 τοῦ
3571 1491 3672 1543 λο-

2086 1590 2241 1659 γικοῦ
2281 1589 2470 1660 βέλους
2509 1589 2604 1642 καὶ
2641 1586 2742 1657 τῆς
2772 1586 2958 1655 Οεῖκῆς
2989 1585 3261 1656 μαχαίρας
3291 1583 3384 1637 τοῦ
3418 1601 3477 1636 τε
3509 1583 3669 1635 θείου

2087 1681 2180 1735 καὶ
2203 1681 2468 1750 σωτηρίου
2499 1679 2688 1751 πυρὸς,
2733 1678 2840 1732 τῶν
2882 1681 2934 1732 ἐν
2980 1677 3282 1750 ἀνθρώποις
3333 1675 3675 1746 κρειττόνων

417 1767 682 1822 desideria
735 1769 1171 1837 inflammentur,
1229 1789 1405 1844 neque
1456 1775 1661 1831 diutius
1721 1791 1842 1832 cum
1879 1776 1983 1830 im-

2101 1773 2182 1827 ἐπὶ
2206 1771 2298 1826 τὸν
2323 1771 2570 1844 οὐράνιον
2585 1769 2748 1824 πόθον
2773 1769 3171 1841 ἐξαπτομένων,
3196 1768 3289 1822 καὶ
3314 1767 3513 1840 μηκέτι
3535 1767 3675 1819 οἴων

419 1859 604 1927 probis
632 1861 947 1917 societatem
981 1863 1185 1921 habere
1214 1855 1522 1935 patiantur:
1558 1877 1720 1936 atque
1753 1868 1825 1922 ita
1857 1867 1986 1923 b-inc

419 1949 552 2016 ipsis
597 1951 756 2006 civile
803 1953 1005 2008 bellum
1057 1959 1250 2011 merito
1300 1957 1582 2023 conﬁetur,
1637 1959 1840 2029 iniquis
1886 1974 1987 2030 pa-

421 2041 593 2095 tribus
641 2043 827 2099 ﬁdeles
871 2045 1009 2101 ﬁlios
1057 2050 1508 2118 persequentibus
1535 2091 1550 2117 ,
1594 2051 1860 2106 matribus
1912 2051 1990 2103 ir-

420 2133 687 2203 religiosis
720 2136 854 2190 ﬁlias
897 2137 1062 2209 frugi,
1091 2141 1356 2195 socrubus
1390 2142 1590 2210 pariter
1620 2157 1788 2198 nurus
1815 2157 1944 2198 suas
1971 2158 1985 2196 :

422 2224 540 2289 ipso
585 2226 795 2280 scilicet
831 2228 948 2284 haec
987 2239 1266 2299 cperante,
1315 2232 1439 2285 dum
1493 2233 1849 2286 humanarum
1880 2233 1993 2286 aui-

423 2330 633 2370 marum
689 2318 954 2373 delectum
1011 2321 1222 2387 habet,
1271 2329 1327 2374 et
1393 2321 1650 2378 invisibili
1697 2324 1991 2394 divinaque

421 2409 662 2473 potentia
711 2411 854 2465 inter
905 2413 1005 2467 has
1054 2415 1357 2476 discernit;
1407 2425 1462 2469 et
1531 2415 1719 2485 dignas
1770 2417 1989 2484 quidem

421 2502 593 2569 gratia
623 2517 719 2557 sua
770 2517 836 2558 ac
884 2505 1195 2571 vocatione,
1243 2523 1342 2576 pro
1388 2507 1604 2563 virtutis
1645 2509 1841 2564 merito
1869 2524 1994 2564 con-

422 2593 654 2658 scribit,
713 2593 959 2664 indignas
1009 2605 1188 2651 autem
1242 2597 1511 2653 electione
1567 2613 1665 2653 sua
1733 2600 1989 2656 secernit.

425 2683 550 2737 litae
592 2685 645 2737 in
709 2694 1050 2740 antecessum
1093 2686 1275 2743 divina
1347 2689 1657 2760 provisione
1711 2690 1993 2760 discipulis

421 2771 747 2839 exponebat,
780 2772 1024 2828 futurum
1052 2773 1328 2831 afﬁrmans
1356 2778 1514 2832 civile
1546 2778 1748 2834 bellum
1775 2789 1994 2849 propter

425 2875 577 2914 suam
615 2861 940 2932 doctrinam,
976 2861 1039 2919 et'
1075 2879 1136 2922 se
1176 2868 1352 2937 ignem
1388 2885 1768 2936 accensurum,
1795 2879 1851 2925 et
1878 2870 1994 2942 gla-

426 2949 572 3004 dium
607 2967 704 3021 per
729 2955 916 3008 domos
945 2954 1344 3023 immissurum,
1373 2968 1428 3014 et
1457 2960 1562 3013 vim
1598 2975 1749 3015 suam
1781 2975 1878 3028 per
1899 2975 1995 3016 eo-

426 3043 709 3110 gnationes
739 3045 1135 3111 discursuram,
1175 3059 1234 3101 ut
1272 3064 1300 3102 a
1349 3051 1527 3106 noxiis
1573 3053 1889 3121 parentibus
1920 3053 1996 3107 af—

2085 1883 2145 1918 τε
2179 1865 2361 1936 φέρειν
2382 1864 2478 1935 τὴν
2513 1862 2650 1934 μετά
2678 1861 2786 1916 τῶν
2813 1861 3031 1930 φαύλων
3061 1859 3346 1914 συνουσίαν
3369 1876 3383 1890 ο
3415 1858 3546 1911 ὥστ’
3581 1861 3675 1911 ἐν-

2088 1957 2234 2010 θένδε
2261 1957 2482 2020 εἰκότως
2522 1956 2614 2009 τὸν
2659 1954 2920 2026 ἐμφύλιον
2978 1954 3159 2017 αὐτοῖς
3207 1950 3673 2025 ἀναῤῥιπίζεσθαι

2088 2049 2345 2120 πόλεμον,
2385 2047 2635 2118 πατέρων
2673 2045 2771 2116 μὲν
2815 2045 3032 2115 φαύλων
3061 2045 3198 2108 υἱοῖς
3249 2045 3460 2106 πιστοῖς
3485 2043 3678 2098 ,ἐπαν-

2090 2139 2414 2210 ισταμένων,
2447 2137 2698 2209 μητέρων
2735 2137 2792 2190 δὲ
2829 2137 3004 2190 ἀθέων
3052 2135 3356 2205 θυγατράσι
3399 2133 3672 2205 σώφροσι,

2088 2230 2418 2304 κηδεστριῶν
2445 2247 2504 2282 τε
2524 2229 2783 2293 ὡσαύτως
2807 2232 2926 2293 ταῖς
2957 2228 3166 2282 ἑαυτῶν
3195 2228 3434 2298 νύμφαις
3454 2243 3467 2255 ·
3499 2224 3673 2279 αὐτοῦ

2086 2325 2240 2379 ταῦτ’
2273 2321 2620 2394 ἐνεργοῦντος
2636 2324 2693 2377 ἐν
2707 2322 2786 2393 τῷ
2806 2321 3181 2394 στρατολογεῖν
3203 2319 3302 2382 τὰς
3324 2317 3433 2372 τῶν
3454 2318 3553 2371 ἀνο
3563 2316 3674 2388 ρώ-

2091 2394 2208 2469 πων
2235 2415 2434 2486 ψυχὰς,
2459 2415 2554 2468 καὶ
2580 2413 2679 2478 τὰς
2699 2414 2855 2480 ἀξίας
2877 2411 2972 2468 τοῦ
3013 2411 3148 2467 Θεοῦ
3197 2411 3473 2483 βασιλείας
3525 2409 3680 2462 ἐκλέ-

2091 2505 2306 2574 γεσθαι,
2334 2505 2553 2578 ἀοράτῳ
2571 2521 2632 2556 τε
2671 2504 2768 2556 καὶ
2799 2502 2956 2575 θεῖκῇ
2980 2501 3209 2574 δυνάμει
3243 2502 3302 2554 ἐν
3333 2501 3523 2572 μέσοις
3551 2499 3678 2552 τοῦ·

2090 2614 2204 2660 τοις
2233 2597 2405 2650 ἅπασι
2429 2596 2726 2668 διακρίνειν
2761 2595 2871 2667 (99)
2891 2612 2908 2627 ·
2961 2595 3055 2648 καὶ
3085 2597 3212 2658 τοὺς
3236 2593 3335 2664 μὲν
3366 2590 3554 2656 ἀξίους
3575 2592 3677 2661 τῆς

2092 2687 2256 2741 αὐτοῦ
2278 2687 2501 2760 χάριτός
2536 2705 2596 2741 τε
2652 2687 2746 2741 καὶ
2789 2686 3034 2758 κλήσεως
3070 2684 3384 2756 ἀριστίνδην
3429 2683 3678 2736 ἀποϐάλ-

2091 2778 2227 2844 λειν,
2270 2779 2395 2842 τοὺς
2439 2778 2483 2831 δ’
2520 2777 2772 2842 ἀναξίους
2828 2777 2926 2848 τῆς
2972 2775 3206 2846 ἐκλογῆς
3257 2774 3543 2847 ἀφορίζειν
3576 2773 3676 2844 (1).

2093 2871 2281 2925 Ταῦτα
2313 2869 2597 2942 προλαϐὼν
2625 2869 2794 2941 ἐνθέῳ
2842 2867 3146 2941 προγνώσει
3177 2865 3514 2920 διεστέλλετο
3541 2864 3681 2936 πρὸς

2093 2965 2220 3028 τοὺς
2255 2963 2522 3034 μαθητὰς,
2579 2959 2988 3033 μαρτυρόμενος
3032 2959 3124 3011 τὸν
3164 2957 3430 3028 μέλλοντα
3475 2957 3681 3027 συστήτ

2098 3049 2284 3102 σεσθαι
2319 3048 2581 3120 ἐμφύλιον
2602 3048 2834 3118 πόλεμον
2859 3047 2948 3102 διὰ
2969 3047 3097 3110 τοὺς
3128 3045 3292 3099 αὐτοῦ
3325 3045 3518 3114 λόγους
3541 3061 3555 3076 ·
3585 3045 3682 3098 καὶ

428 3133 732 3203 ﬁnibusque
774 3137 1014 3202 dividat,
1062 3141 1156 3195 sed
1210 3142 1320 3197 Deo
1373 3142 1699 3213 conjungat;
1753 3143 1992 3202 futuram

2101 3140 2173 3204 ὡς
2197 3141 2309 3213 πῦρ
2363 3140 2573 3210 ἐξάψει,
2604 3139 2700 3194 καὶ
2743 3139 3019 3211 μάχαιραν
3048 3136 3274 3208 ἐμϐαλεῖ
3314 3137 3436 3189 κατ’
3470 3135 3677 3200 οἴκους,

429 3225 628 3294 quippe
666 3225 951 3296 plurimam
1002 3229 1344 3288 inimicitiam
1403 3243 1458 3290 et
1501 3250 1733 3307 pugnam
1773 3251 1990 3293 suorum

430 3317 661 3371 militum
695 3319 980 3376 adversum
1017 3322 1173 3378 aliter
1200 3325 1464 3391 viventes,
1507 3328 1560 3382 in
1599 3328 1845 3384 domibus
1881 3329 1996 3385 sin-

429 3405 604 3476 gulis;
666 3408 793 3482 dum
859 3411 950 3466 alii
1014 3413 1380 3484 irreligiosos,
1433 3417 1892 3488 intemperantes,
1941 3426 2000 3474 et

430 3514 654 3564 asperos
685 3513 962 3558 sectantur
997 3519 1209 3573 mores;
1255 3508 1340 3562 alii
1378 3509 1649 3573 modeste,
1683 3510 1997 3581 composite,

432 3590 630 3661 pieque
662 3593 867 3648 vivunt.
900 3594 1036 3650 Hinc
1065 3597 1246 3651 odium
1277 3613 1440 3667 grave
1470 3598 1780 3668 bellumque
1812 3601 2000 3655 incon-

434 3680 668 3737 eiliabile
719 3682 771 3736 in
820 3683 1051 3753 singulis
1093 3685 1311 3741 familiis
1357 3687 1649 3743 conflatum
1697 3689 2001 3744 iri.—Dei

437 3773 684 3828 notitiam
742 3785 905 3845 atque
955 3777 1284 3845 amicitiam,
1339 3795 1498 3848 quam
1555 3781 1832 3852 discipulis
1890 3783 2002 3838 suis

434 3864 780 3932 conciliabat,
816 3867 1118 3937 animmque
1159 3869 1720 3938 imperturbationem,
1766 3880 1820 3926 et
1853 3886 2004 3926 men-

435 3955 509 4010 tis
552 3957 897 4012 serenitatem
927 3960 1258 4032 ﬁrmumque
1290 3973 1513 4028 statum,
1544 3963 1694 4032 pacis
1737 3963 2002 4018 vocabulo

438 4049 724 4103 denotans.
771 4048 911 4106 Vere
955 4052 1100 4106 enim
1159 4054 1247 4108 illa
1295 4069 1405 4124 pax
1455 4063 1568 4118 est,
1618 4068 1739 4124 qua:
1790 4051 2002 4123 iustitia

441 4138 534 4192 Dei
578 4149 632 4192 et
674 4140 876 4208 pietate
912 4142 1195 4212 gloriatur.

2099 3233 2192 3286 καὶ
2229 3231 2369 3285 κατὰ
2420 3232 2738 3301 συγγενείας
2786 3232 2820 3302 ἡ
2868 3229 3032 3284 αὐτοῦ
3073 3229 3323 3299 δύναμις,
3366 3228 3679 3301 χωρίζουσα

2102 3323 2200 3396 μὲν
2222 3323 2329 3376 τῶν
2347 3322 2656 3378 ἐπιϐλαϐῶν
2675 3323 2878 3393 γονέων
2893 3321 2989 3376 καὶ
3017 3319 3312 3389 συγγενῶν,
3334 3320 3682 3374 συνάπτουσα

2099 3415 2158 3470 δὲ
2188 3414 2266 3485 τῷ
2298 3413 2436 3486 Θεῷ,
2470 3415 2564 3468 καὶ
2613 3417 2679 3486 τῇ
2728 3413 2835 3467 τῶν
2882 3411 3130 3483 οὐρανῶν
3194 3409 3442 3482 βασιλείᾳ
3484 3410 3684 3465 ἐνοῦσα

2099 3507 2230 3570 τοὺς
2259 3506 2442 3573 ἀξίους
2465 3506 2634 3576 αὐτῆς
2657 3521 2672 3535 ·
2709 3503 2928 3558 ἔσεσθαι
2960 3501 3070 3572 γὰρ
3104 3499 3364 3570 πλείστην
3389 3501 3523 3569 ὅσην
3566 3500 3681 3553 δια-
3751 3510 3756 3513 ’

2102 3596 2274 3668 φοράν
2299 3613 2359 3648 τε
2383 3595 2480 3648 καὶ
2505 3595 2685 3666 μάχην
2712 3593 2817 3646 τῶν
2835 3591 3001 3646 αὐτοῦ
3032 3589 3376 3663 στρατιωτῶν
3396 3590 3532 3658 πρὸς
3555 3590 3680 3653 τοὺς

2100 3689 2360 3752 ἐναντίως
2398 3688 2626 3754 ζῶντας,
2662 3685 2782 3740 καθ’
2811 3686 3040 3740 ἕκαστον
3067 3679 3242 3747 οἶκον,
3284 3681 3363 3754 τῷ
3409 3682 3537 3746 τοὺς
3579 3681 3680 3753 μὲν

2101 3782 2192 3836 τὸν
2225 3780 2522 3834 ἀκόλαστον
2549 3780 2644 3832 καὶ
2669 3778 2826 3832 ἄθεον
2858 3777 2951 3831 καὶ
2995 3776 3238 3847 δυσμενῆ
3281 3774 3526 3845 μετιέναι
3563 3774 3676 3844 βίου

2102 3872 2323 3944 τρόπον,
2356 3871 2483 3934 τοὺς
2508 3870 2565 3924 δὲ
2593 3870 2684 3922 τὸν
2717 3869 2974 3940 σώφρονα
3001 3870 3095 3922 καὶ
3128 3867 3352 3937 κόσμιον
3375 3866 3470 3918 καὶ
3511 3867 3680 3918 ἐπιει-

2105 3964 2208 4035 κῆ·
2233 3963 2314 4017 διὸ
2359 3961 2424 4034 δὴ
2453 3961 2652 4034 ἔχθραν
2683 3962 2861 4034 δεινὴν
2886 3961 2984 4015 καὶ
3021 3959 3259 4031 πόλεμον
3310 3958 3569 4014 ἄσπονδον
3617 3960 3680 4011 ἐκ

2107 4054 2297 4109 τούτου
2339 4053 2704 4123 συστήσεσθαι
2739 4054 2824 4123 ἐφ’
2858 4052 3095 4123 ἑκάστης
3129 4049 3450 4120 συγγενείας
3479 4049 3577 4120 (2).
3610 4080 3680 4090 —-

2108 4145 2222 4218 Τὴν
2257 4145 2396 4218 πρὸς
2445 4145 2578 4200 Θεὸν
2609 4145 2812 4215 γνῶσίν
2841 4162 2901 4198 τε
2929 4145 3024 4198 καὶ
3055 4143 3257 4213 φιλίαν,
3292 4141 3353 4212 ἢν
3385 4143 3497 4204 τοίς
3517 4140 3677 4194 αὑτοῦ

441 4233 725 4306 προύξένει
765 4235 1052 4308 μαθηταῖς,
1095 4239 1196 4310 τήν
1225 4256 1286 4292 τε
1323 4239 1425 4308 τῆς
1454 4238 1631 4312 ψυχῆς
1683 4239 2002 4310 ἀταραξίαν,
2040 4240 2135 4294 καὶ
2161 4240 2423 4311 λογισμοῦ
2450 4239 2512 4293 τὺ
2537 4239 2768 4311 γαληνὸν
2829 4238 2925 4292 καὶ
2980 4235 3240 4317 εὐσταθὲς
3269 4233 3456 4289 τοῦτον
3473 4234 3678 4286 ἀποκα-

439 4329 546 4383 λῶν
574 4329 664 4384 τδν
695 4331 894 4402 τρόπον
911 4349 926 4363 ο
961 4332 1037 4404 (5)
1074 4334 1261 4406 εἰρήνη
1297 4334 1402 4406 γὰρ
1430 4334 1598 4398 ὅντως
1618 4335 1802 4408 ἐκείνη
1835 4337 2003 4398 ἐστὶν,
2027 4338 2061 4408 ἡ
2083 4339 2140 4390 ἐν
2175 4339 2242 4407 τῇ
2262 4334 2572 4406 δικαιοσύνῃ
2599 4334 2692 4388 τοῦ
2723 4334 2858 4387 Θεοῦ
2891 4332 2987 4388 καὶ
3011 4330 3262 4400 εὐσεϐείᾳ
3285 4328 3676 4399 σεμνυνομένη.

516 4422 901 4479 Verumtamen
959 4427 1073 4479 haec
1131 4426 1481 4495 praecipiebat
1524 4424 1804 4492 Servator,
1851 4427 1994 4482 haud

2180 4427 2255 4497 (ιι)
2287 4426 2433 4498 Πλὴν
2471 4425 2645 4486 ταῦτα
2678 4425 2983 4480 διετάττετο
3023 4425 3051 4476 ό
3085 4421 3308 4494 Κύριος,
3342 4419 3444 4473 οὐκ
3476 4421 3675 4472 ἀντινο-

441 4515 694 4584 equidem
735 4528 924 4572 contra
969 4517 1170 4590 Moysis
1224 4518 1398 4589 legem
1443 4519 1711 4587 dicentem
1742 4536 1756 4574 :
1784 4518 1994 4574 Honora

2117 4517 2360 4590 μοθετῶν
2388 4518 2465 4589 τῷ
2493 4518 2752 4587 φάσκοντι
2783 4515 2933 4588 παρά
2961 4517 3205 4578 Μωῦσεῖ,
3242 4512 3387 4582 Τίμα
3429 4511 3539 4566 τὸν
3569 4524 3678 4563 πα-

513 4633 556 4665 ³⁷
590 4632 780 4686 Matth.
806 4649 860 4696 Χ,
895 4633 986 4689 54.

515 4723 627 4794 (97)
663 4723 720 4777 lu
757 4724 947 4780 codice
973 4725 1036 4780 Α.
1080 4725 1121 4778 f.
1171 4724 1274 4781 186
1315 4723 1676 4795 fragmentum
1725 4725 1831 4780 hoc

443 4792 730 4867 perspicue
774 4795 987 4867 titulum
1032 4796 1328 4850 Εὐσεϐἰου
1367 4792 1622 4867 δευτέρῳ
1655 4795 1774 4867 (vel
1810 4792 2012 4867 δευτέ-

445 4863 585 4944 ρου)
606 4865 984 4945 Θεοφανείαςς.
1013 4867 1328 4945 Αιῳιιιιιιυιι
1358 4863 1594 4945 δευτέρῳ
1627 4863 1877 4945 mendum
1902 4865 2014 4945 exif

1874 4725 2014 4793 gerit.
2119 4721 2255 4777 Θεοῦ
2282 4721 2389 4793 ἀπὸ
2419 4719 2528 4773 τῶν
2551 4718 2626 4793 μὴ

2194 4741 2255 4776 ου
2282 4734 2389 4776 ἀπο
2419 4738 2528 4773 των
2551 4734 2626 4790 μη
2667 4734 2942 4772 τοιούτων.

2189 4794 2266 4862 (l)
2294 4792 2419 4846 llaec
2473 4792 2523 4843 in
2576 4790 2795 4858 Syriaca
2858 4787 3236 4862 Tlteophnniaz.
3253 4783 3353 4840 lib.
3382 4797 3459 4862 tv,
3490 4782 3574 4845 12,
3605 4783 3676 4862 ait

2115 4853 2381 4917 Eusebius
2421 4876 2479 4915 se
2533 4853 2747 4914 sumere
2781 4873 2846 4913 ex
2900 4853 3166 4912 llebraieo
3199 4853 3515 4922 Evangelio,
3539 4853 3674 4920 quod

448 4923 608 4986 'stitn'o
655 4923 998 4989 amanuensis
1033 4923 1124 5003 qui
1163 4923 1214 4988 in
1262 4923 1576 5002 antiquiore
1598 4935 1783 4988 codice
1829 4935 2020 5003 legerit
2116 4931 2248 4987 alibi
2285 4933 2451 5003 etiam
2480 4931 2548 5003 ab
2569 4928 2815 5003 Eusebio
2845 4929 3072 4982 citatum
3109 4935 3295 5003 postea
3325 4923 3641 5003 videbimus.

451 5005 682 5074 litteram
722 5005 770 5067 δ,
800 5001 1313 5074 [quarto,praveque
1348 5001 1700 5074 explicaverit
1739 5001 2015 5070 δευτέρῳ.

451 5073 662 5139 Reapse
711 5074 762 5127 in
808 5074 1028 5144 Syriaca
1075 5072 1574 5144 Theopltaniailib.
1621 5089 1692 5135 tv,
1738 5073 1806 5126 12
1831 5084 1885 5125 et
1912 5074 2013 5144 28.

451 5157 628 5212 sermo
654 5152 738 5196 est
765 5143 832 5196 de
854 5143 1095 5212 dissitliis
1138 5144 1398 5212 bellisque
1426 5143 1738 5199 domesticis
1779 5159 1845 5198 ac
1873 5143 2010 5196 civi-

2187 5001 2419 5073 (2)1]:ec
2462 4999 2617 5054 valde
2649 5008 2954 5069 congruunt
3000 4992 3122 5052 eum
3173 4993 3401 5061 Theoplt.
3455 4992 3577 5062 Syr.
3603 5005 3674 5056 tv,

2116 5073 2269 5211 28(5)
2293 5141 2457 5196 Vides
2489 5140 2635 5211 hunc
2672 5136 2945 5211 prme_ipue
2981 5135 3161 5211 locum
3204 5130 3675 5211 adamussimnper-

453 5211 593 5282 libus
625 5211 898 5281 religionis
941 5215 1165 5266 diversae
1195 5200 1393 5278 causa;
1431 5228 1736 5282 quanquam
1765 5221 2010 5266 nostrum
2119 5200 2292 5266 titiere
2341 5211 2408 5264 ad
2442 5200 2727 5282 _Syriacain
2793 5200 3206 5282 Theopﬁapiqm,
3231 5202 3352 5282 __lib.
3387 5200 3579 5282 “gula,
3605 5201 3673 5252 ita

456 5271 811 5354 fragmentum
870 5282 1081 5337 nonnisi
1133 5283 1329 5338 alicubi
1373 5271 1498 5338 eum
1555 5271 1830 5354 praedictis
1879 5283 2015 5336 locis
2121 5292 2299 5354 tamen
2334 5289 2392 5333 ut
2429 5271 2649 5334 Graecus
2703 5286 2884 5332 textus
2918 5271 3049 5330 mihi
3103 5271 3333 5328 lucidior
3385 5271 3674 5338 meliorque

455 5352 725 5418 congruit.

531 5419 641 5492 (98)
662 5421 762 5492 T_It.
783 5421 906 5492 Syr.
936 5437 1008 5485 IV,
1044 5420 1130 5475 i2.

528 5490 641 5560 (99)
696 5489 839 5560 Sine'
875 5492 1036 5546 dubio
1068 5491 1300 5558 pertinet
1349 5493 1417 5547 ad
1467 5491 1613 5545 hunc
1652 5491 1829 5544 locum
1877 5489 2023 5558 frag-

461 5568 699 5612 mentum
748 5559 959 5628 Eusebii
994 5561 1046 5614 in
1076 5564 1279 5615 Catena
1318 5563 1384 5615 ad
1437 5560 1748 5614 Mattliazum
1801 5575 1920 5628 cap.
1961 5574 2020 5620 ι,

2120 5353 2579 5490 Ῠιίίῗῗιῗιῗοοιιῑορ
2601 5417 2666 5470 Α.
2705 5415 2745 5469 ι.
2781 5415 2916 5490 εοι,
2944 5424 3404 5490 νενεριουὲρβυὲἓ
3437 5419 3674 5490 θοιΨΒῩΨ

2124 5475 2213 5545 dio
2246 5475 2448 5542 t'autum
2497 5489 2549 5541 in
2593 5487 2830 5540 secundo
2860 5475 3124 5540 vocabulo
3158 5499 3173 5536 :
3206 5477 3471 5533 Εὐσεϐίου
3502 5475 3675 5547 βιϐλίῳ

2123 5561 2366 5630 τετάρτῳ
2403 5556 2754 5628 Θεοφανείας,
2777 5555 3004 5629 Eusebii
3036 5567 3100 5606 es
3141 5551 3273 5606 libro
3301 5546 3678 5604 auarto’Thco-

461 5629 552 5691 54,
580 5629 708 5707 edit.
734 5627 998 5707 (ira-meri,
1035 5645 1085 5698 p.
1111 5632 1199 5707 8d.
1238 5632 1497 5707 Eunaee
1528 5627 1885 5707 Καισαρείας
1912 5628 1990 5696 Τὴ

2124 5627 2354 5700 ριιαιιὶωζ

465 5697 732 5768 τμητικὴν
763 5697 1078 5770 (μάχαιραν)
1109 5703 1186 5764 εἰς
1218 5701 1277 5753 τὸ
1301 5701 1522 5773 διαιρεῖν
1550 5701 1675 5764 τοὺς
1711 5697 1892 5765 ἀξίους
1930 5697 2025 5750 τοῦ
