3858 6214
134 349 248 404 669

1492 342 1581 399 DE
1615 318 2076 396 futurum”;
3283 325 3388 380 670

135 467 289 534 τέρα
325 477 443 518 σου
474 464 574 518 καὶ
623 480 739 532 την
758 463 989 534 μητέρα
1022 476 1162 528 σου,
1198 461 1368 534 νόμῳ,
1406 459 1637 532 βεϐαιῶν
1669 457 1724 510 δὲ

1841 468 2025 511 mtrem
2058 466 2206 510 tuum
2242 471 2289 508 et
2333 463 2551 507 matrem
2585 461 2730 504 tuam
2753 449 2830 514 1"‘;
2860 448 2967 503 imo
3006 455 3061 502 et
3106 443 3252 500 illam
3295 446 3388 500 ﬁr-

139 559 399 611 κάκεῖνον
430 556 528 609 καὶ
586 555 1114 627 ὲπισφραγιζὸμενος
1153 554 1242 609 διὰ
1274 555 1375 624 τῆς
1417 551 1726 623 κρείττονος

141 650 242 702 καὶ
262 649 642 721 ἐντελεστέρας
663 649 879 719 ἐντολῆς
905 649 1002 719 τῆς
1030 647 1122 700 τὸν
1150 646 1282 700 Θεὸν
1311 645 1371 710 ἐξ
1393 645 1519 712 ὅλης
1549 641 1726 712 ψυχῆς

141 742 370 810 ἀγαπᾷν
398 739 872 811 διακελευομένης.
893 738 1114 811 Πατέρα
1146 738 1367 810 μὲνγὰρ
1398 736 1492 790 καὶ
1514 735 1726 806 μητέρα

141 834 314 903 τιμᾷν
350 833 510 885 παντί
540 850 620 903 τῳ
659 831 889 902 νόμιμον
921 831 1062 884 κατὰ
1095 829 1256 900 φύσιν
1276 845 1289 859 ·
1339 829 1489 890 ὄντος
1525 826 1581 879 δὲ
1613 826 1729 879 έτές

147 943 244 996 pou
287 924 494 995 πατρὸς
537 923 632 977 τοῦ
671 924 765 978 καὶ
800 923 909 976 τῶν
952 922 1356 993 γεγεννηκότων
1397 920 1724 994 κρείττονος⁹

144 1017 350 1082 αὐτούς
379 1034 439 1070 τε
467 1015 943 1087 ὁποστησαμένου,
976 1010 1046 1085 ἦν
1078 1014 1138 1068 δὲ
1168 1005 1325 1077 οὗτος
1380 1012 1412 1065 6
1450 1009 1545 1064 τοῦ
1589 1009 1726 1062 Θεοῦ

145 1111 350 1179 Λόγος,
402 1111 432 1164 6
465 1109 533 1163 τὰ
569 1105 1346 1180 προκείμενα.διαταττόμενος
1368 1142 1384 1169 ,
1419 1103 1480 1156 οὐ
1527 1100 1728 1174 χρῆναί

145 1220 286 1274 φησι
303 1229 321 1256 σ
342 1200 700 1274 ὑπερϐάλλειν
732 1203 797 1272 τῇ
818 1199 970 1270 φιλίᾳ
984 1200 1112 1262 τοὺς
1136 1197 1196 1251 τὸ
1230 1196 1390 1267 σῶμα
1407 1191 1730 1264 γεγεννηκό-

144 1312 250 1358 τας
302 1293 397 1347 τοῦ
437 1295 538 1354 τὴν
582 1293 807 1364 λογικὴν
859 1289 1311 1362 ὑποστησαμένου
1356 1287 1558 1356 Λόγου·
1594 1286 1731 1340 ἀλλά

144 1384 424 1448 κάκείνοις
451 1384 550 1455 μὲν
567 1382 1112 1456 προσφέρεσθαιτιμῇ
1134 1383 1200 1451 τῇ
1219 1380 1387 1451 πάσῃ,
1414 1377 1649 1432 διαθέσει
1668 1394 1728 1430 τε

144 1472 215 1546 τῇ
248 1474 622 1547 προσηκούσῃ,
658 1473 806 1544 αὐτῷ
852 1473 910 1526 δὲ
949 1470 1395 1544 ὑπερϐαλλόντως
1425 1469 1486 1522 τὸ
1514 1468 1729 1540 πρῶτον

145 1564 448 1634 ἀπονέμειν
480 1561 663 1625 σέϐας,
699 1561 1059 1631 ὑπεραγαπᾷν
1105 1576 1164 1612 τε
1205 1557 1301 1610 καὶ
1349 1556 1523 1626 φιλεῖν
1568 1553 1730 1608 αὐτὸν

146 1654 297 1724 ὑπὲρ
329 1654 536 1717 πάντας
558 1668 573 1682 ’
604 1653 680 1714 ὡς
714 1651 788 1722 μὴ
823 1651 1105 1704 κατοκνεῖν
1122 1648 1189 1701 δι’
1221 1648 1384 1701 αὐτὸν
1409 1647 1502 1701 καὶ
1527 1645 1730 1714 γονέων

145 1744 365 1798 ἀσεϐῶν
397 1740 722 1806 διίστασθαι,
745 1740 840 1793 καὶ
872 1738 1047 1793 ἀθέων
1080 1737 1322 1806 ἀδελφῶν
1349 1733 1726 1807 ἀφορίζεσθαι,

146 1832 303 1896 υἱούς
333 1849 393 1886 τε
429 1831 520 1884 καὶ
558 1829 864 1901 θυγατέρας
894 1827 1354 1900 ἀποστρέφεσθαι,
1390 1839 1484 1879 και
1529 1827 1595 1896 τῇ
1635 1824 1729 1876 τού

148 1922 328 1990 Λόγου
377 1919 765 1992 τμητικωτάτῃ
824 1917 1068 1990 μαχαίρᾳ
1108 1916 1313 1970 τούτων
1363 1917 1618 1971 ἁπάντων
1663 1915 1732 1969 τὰ

147 2011 363 2080 φυσικά
380 2010 690 2064 διακόπτειν
714 2009 933 2080 φίλτρα,
967 2009 1016 2061 εί
1041 2006 1291 2079 ἐμποδών
1320 2024 1450 2060 ποτε
1493 2005 1734 2075 γένοιντο

147 2107 216 2176 τῇ
256 2105 387 2175 περὶ⁹
415 2103 578 2156 αὐτὸν
606 2101 818 2156 εὐσεϐεῖ
844 2100 1100 2155 διαθέσει.
1143 2098 1236 2153 Διὸ
1271 2098 1513 2172 ἀκριϐῶς
1553 2100 1612 2152 ὲν
1653 2095 1732 2168 τῷ

149 2194 422 2262 Ματθαίῳ
455 2193 559 2264 ἔφη
583 2209 598 2224 ο
642 2194 696 2246 Ὁ
734 2191 928 2262 φιλῶν
964 2191 1189 2261 πατέρα
1231 2190 1271 2259 ἢ
1310 2189 1537 2260 μητέρα
1580 2189 1733 2257 ὑπὲρ

148 2285 259 2352 ἐμὲ
289 2287 402 2340 οὐκ
429 2285 562 2339 ἐστι
583 2301 704 2354 μου
728 2283 924 2348 ἄξιοςο
954 2282 1139 2354 χώραν
1168 2282 1268 2353 μὲν
1291 2281 1400 2353 γὰρ
1423 2281 1510 2335 διὰ
1529 2279 1732 2333 τούτων

150 2377 252 2431 καὶ
282 2379 393 2439 τοῖς
419 2376 497 2446 τῷ
519 2377 666 2444 γένει
704 2375 1038 2448 προσήκουσι
1069 2373 1356 2436 διαθέσεως
1398 2370 1734 2442 κατελίμπα-

150 2485 245 2521 νεν
264 2486 279 2498 ο
305 2469 446 2538 ὑπὲρ
462 2467 622 2521 αὐτὸν
642 2465 698 2519 δὲ
726 2465 904 2518 οὐκέτ’
930 2466 1111 2528 αὐτοῖς
1138 2463 1430 2536 συνεχώρει
1449 2462 1732 2534 τιμᾶσθαι,

147 2560 274 2614 οὐδὲ
315 2560 402 2613 διὰ
434 2558 642 2630 τὴνῠεῑς
683 2557 774 2611 τὸν
806 2558 1022 2628 πατέρα
1056 2557 1208 2622 αἰδῶ,
1253 2557 1287 2627 ἢ
1335 2557 1434 2626 τῆς
1469 2555 1734 2624 τεκούσης

150 2651 342 2713 ἓνεκα,
378 2650 410 2720 ἢ
444 2650 604 2721 χάριν
627 2650 724 2720 τῆς
767 2649 906 2722 πρὸς
952 2650 1020 2703 τὰ
1056 2649 1289 2718 φίλτατα
1329 2646 1582 2719 στοργῆς,
1617 2645 1735 2710 ἐξό-

157 2741 396 2813 μνυσθαι
434 2741 534 2813 τὴν
572 2741 735 2795 αὐτοῦ
780 2742 984 2812 φιλίαν,
1018 2740 1154 2796 ἀλλά
1185 2740 1356 2810 φιλεῖν
1393 2740 1490 2810 μὲν
1543 2738 1736 2792 κάκεί-

154 2849 305 2899 νους,
339 2833 418 2897 ὡς
438 2834 534 2887 καὶ
562 2833 657 2887 τοῦ
708 2835 806 2906 τῆς
838 2834 1050 2903 φύσεως
1081 2834 1246 2904 νόμου
1303 2833 1398 2886 καὶ
1446 2831 1540 2884 τοῦ
1588 2830 1736 2888 θείου

152 2924 318 2993 λόγου
332 2925 488 2978 τοῦτο
511 2925 918 2997 διαγορεύοντος
938 2941 954 2955 ’
991 2926 1152 2997 μέχρι
1179 2925 1236 2978 δὲ
1261 2924 1512 2978 τοσούτου
1538 2926 1734 2996 φιλεῖν,

159 3018 360 3088 μέχρις
381 3016 470 3069 ὅτε
500 3017 666 3089 μηδὲν
687 3018 1056 3072 καταϐλάπτει
1101 3019 1136 3088 ἡ
1169 3017 1297 3088 περὶ
1328 3017 1525 3083 αὐτοὺς
1555 3017 1736 3073 διάθε-

1827 565 1980 605 mans
2013 546 2298 619 sigilloque
2345 544 2595 598 muniens
2624 555 2720 609 per
2758 539 2950 593 melius
2989 537 3388 606 perfectiusque

1824 649 2149 709 praeceptum
2191 650 2297 704 quo
2349 633 2515 688 Deum
2569 639 2678 684 tota
2739 629 2919 683 anima
2971 626 3196 695 diligere
3232 626 3389 696 jube-

1827 745 1948 784 mur
1971 729 2037 781 ³⁸.
2071 727 2205 782 Nam
2247 736 2452 796 patrem
2499 722 2714 793 quidem
2755 727 3086 786 matremque
3119 717 3389 773 honorare

1827 821 2052 890 quilibet
2081 822 2244 876 homo
2270 821 2387 887 lege
2439 827 2643 870 naturae
2671 812 2846 867 debet.
2874 809 2980 865 Sed
3021 823 3142 861 cum
3178 818 3232 862 et
3251 808 3390 866 alius

1825 920 1979 980 pater
2028 911 2098 964 sit
2142 909 2482 980 gignentibus
2512 903 2719 969 melior,
2765 901 2856 969 qui
2908 907 2963 955 et
3013 899 3112 953 hos
3162 898 3385 964 creavit,

1826 1018 2018 1072 nempe
2063 1003 2231 1071 ipsum
2275 1000 2365 1054 Dei
2395 997 2654 1059 Verbum,
2690 997 2778 1064 qui
2817 994 3068 1064 praedicta
3111 991 3390 1064 praecepit,

1828 1109 1933 1150 non
1965 1103 2214 1162 oportere
2255 1092 2327 1144 ait
2382 1091 2586 1159 majore
2623 1087 2812 1143 affectu
2861 1084 3112 1156 prosequi
3150 1084 3390 1151 corporis

1828 1185 2121 1257 genitores,
2145 1197 2306 1252 quam
2337 1181 2466 1235 illud
2497 1180 2636 1249 quod
2667 1178 2981 1233 rationalem
3005 1183 3213 1245 partem
3236 1173 3392 1228 nobis

1828 1273 2025 1330 indidit
2063 1271 2296 1326 Verbum
2324 1289 2338 1324 :
2364 1269 2456 1324 sed
2486 1278 2539 1322 et
2569 1268 2672 1321 illis
2705 1279 2920 1320 omnem
2961 1265 3219 1318 honorem
3259 1277 3389 1317 cou-

1829 1365 2249 1432 vcnientemque
2288 1360 2536 1415 affectum
2577 1359 2857 1422 exhibere,
2893 1366 2947 1411 et
2988 1355 3096 1410 Deo
3133 1354 3392 1410 eximium

1828 1455 2236 1532 acprincipale
2292 1452 2516 1508 reddere
2560 1451 2902 1521 obsequium,
2952 1448 3234 1519 ipsumque
3283 1459 3396 1515 pm

1828 1549 2085 1604 omnibus
2124 1560 2310 1599 amare
2337 1559 2401 1598 ac
2438 1541 2693 1611 diligere;
2721 1541 2794 1596 ita
2832 1548 2891 1594 ut
2921 1539 3142 1594 minime
3175 1547 3396 1594 cuncte—

1829 1655 1976 1704 mur,
2008 1654 2171 1694 causa
2218 1637 2334 1705 ejus
2379 1652 2406 1689 a
2437 1634 2752 1704 parentibus
2801 1632 2980 1700 impiis
3028 1630 3310 1693 dissidere,
3341 1636 3397 1681 et

1832 1734 1902 1789 ab
1943 1731 2256 1800 irreligiosis
2290 1728 2546 1783 fratribus
2576 1725 2846 1796 separari,
2888 1725 3132 1792 ﬁliosque
3167 1731 3221 1775 et
3261 1719 3395 1773 ﬁlias

1832 1824 2092 1887 aversari,
2119 1821 2387 1890 Verbique
2423 1817 2736 1873 acutissimo
2783 1815 2959 1883 gladio
3005 1813 3242 1865 omnium
3295 1812 3392 1864 ho-

1835 1933 1952 1973 rum
1999 1914 2274 1971 naturales
2315 1913 2604 1984 prtecidere
2659 1908 2992 1965 aﬁectiones.
3031 1905 3074 1959 si
3113 1903 3249 1958 forte
3297 1917 3396 1956 uos

1835 2025 1866 2064 a
1891 2011 1981 2078 pio
2006 2023 2135 2080 erga
2184 2006 2350 2062 Deum
2397 2018 2583 2059 amore
2630 2000 2947 2070 impediant.
2981 1997 3190 2051 Diserte
3214 1995 3399 2062 itaque

1834 2102 1976 2171 apud
2024 2101 2332 2156 Matthmum
2389 2098 2524 2152 dixit
2554 2112 2568 2150 :
2599 2094 2703 2161 Qui
2758 2102 2899 2145 amat
2926 2099 3124 2159 patrem
3157 2095 3248 2140 aut
3283 2103 3397 2139 rna-

1834 2205 1968 2249 trem
2012 2193 2130 2263 plus
2176 2207 2335 2261 quam
2377 2205 2478 2254 me,
2520 2204 2624 2241 non
2659 2193 2735 2240 est
2779 2200 2858 2237 me
2887 2183 3078 2252 dignus
3099 2179 3167 2231 ⁸ο.
3194 2178 3400 2245 Quippe

1833 2289 1922 2344 his
1984 2284 2184 2347 verbis,
2241 2283 2419 2337 locum
2478 2278 2733 2346 relinquit
2787 2275 2958 2328 amori
3009 2285 3224 2342 quoque
3270 2282 3398 2337 erga

1833 2389 2036 2448 genere
2075 2373 2392 2442 proximos;
2425 2370 2520 2425 sed
2551 2378 2728 2422 tamen
2761 2363 2905 2419 haud
2936 2363 3106 2432 magis
3142 2365 3302 2429 quam
3341 2371 3400 2412 se

1834 2467 2089 2523 honorari
2126 2462 2411 2518 concedit:
2448 2472 2623 2529 neque
2664 2466 2886 2529 propter
2924 2454 3095 2523 patris
3139 2450 3399 2505 matrisvc

1835 2555 2221 2620 reverentiam,
2270 2562 2363 2608 aut
2411 2551 2825 2606 carissimorum
2871 2546 3148 2608 affectum,
3183 2542 3398 2612 eiurare

1838 2652 1934 2709 Dei
1996 2647 2329 2712 amicitiam;
2369 2645 2461 2700 sed
2503 2651 2558 2698 et
2606 2641 2731 2695 illos
2765 2639 3010 2709 diligere,
3046 2634 3298 2704 quoniam
3345 2631 3401 2684 id

1845 2756 1955 2800 tum
1984 2742 2074 2798 lex
2106 2751 2337 2804 naturae,
2358 2747 2466 2791 tum
2488 2735 2581 2789 Dei
2612 2730 2834 2787 verbum
2865 2728 3094 2797 jubent;
3127 2734 3182 2779 et
3206 2722 3402 2776 nihilo-

1837 2825 2016 2890 minus
2054 2845 2240 2886 amare
2275 2839 2523 2886 eatenus.
2560 2832 2827 2895 quatenus
2868 2834 2994 2888 erga
3048 2816 3146 2871 hos
3185 2813 3403 2867 dilectio

1839 2925 1978 2981 nihil
2012 2921 2257 2993 religioni
2293 2919 2404 2975 Deo
2445 2918 2638 2974 debitae
2677 2925 2855 2970 nocet.
2895 2913 3049 2979 Quod
3085 2909 3128 2966 si
3165 2906 3304 2964 forte
3348 2905 3401 2960 hi

1840 3014 2228 3085 impedimento
2257 3011 2389 3065 ﬁant
2416 3005 2694 3078 religionis
2736 3003 2965 3074 legibus,
2996 2997 3403 3068 anteponendus

159 3123 247 3170 σις
274 3104 376 3177 τὴν
415 3105 552 3178 πρὸς
596 3105 686 3159 τὸν
729 3105 864 3159 Θεὸν
915 3104 1216 3158 εὐσέϐειαν.
1262 3105 1326 3158 Εἰ
1377 3104 1436 3160 δὲ
1493 3107 1736 3180 μέλλοιεν

1841 3114 1923 3161 est
1961 3105 2259 3158 animarum
2284 3100 2445 3156 Pater
2480 3117 2495 3155 :
2544 3106 2664 3152 erat
2704 3105 2884 3150 autem
2935 3093 3059 3156 hic,
3100 3093 3271 3160 ipsum
3311 3089 3402 3142 Dei

157 3195 414 3268 ἐμποδών
448 3206 578 3249 ποτε
614 3189 758 3250 οὗτοι
790 3193 1037 3265 γίνεσθαι
1056 3197 1170 3261 τοῖς
1195 3194 1292 3268 τῆς
1326 3196 1637 3259 θεοσεϐείας
1663 3197 1743 3250 νό-

161 3305 310 3358 μοις,
342 3286 709 3359 προτιμητέος
739 3287 768 3336 ὁ
799 3286 914 3343 τῶν
937 3289 1124 3360 ψυχῶν
1155 3289 1346 3360 Πατήρ
1365 3306 1380 3319 ο
1411 3282 1564 3350 οὗτος
1584 3288 1642 3340 δὲ
1672 3283 1742 3359 ἦν

158 3379 327 3442 αὐτὸς
360 3377 389 3430 δ
417 3377 513 3431 τοῦ
552 3378 691 3436 Θεοῦ
727 3379 898 3450 Λόγος
917 3384 946 3435 6
973 3383 1146 3434 ταῦτα
1177 3380 1620 3450 διακελευόμενος
1647 3378 1744 3434 καὶ

157 3470 487 3542 νομοθετῶν
514 3472 622 3529 δεῖν
642 3475 770 3538 τοὺς
800 3473 965 3526 αὐτοῦ
999 3471 1335 3544 στρατιώτας
1368 3470 1507 3541 ὑπὲρ
1536 3469 1742 3534 πάντας

158 3570 291 3633 τοὺς
317 3568 397 3640 τῷ
417 3569 565 3636 γένει
589 3566 962 3638 προσήκοντας
991 3564 1150 3617 αὐτὸν
1181 3564 1422 3633 ἀγαπᾷν,
1451 3561 1585 3634 μηδὲ
1613 3579 1746 3633 προ·-

160 3661 331 3730 τιμᾷν
364 3660 466 3729 τῆς
514 3658 644 3728 περὶ
676 3655 839 3709 αὐτὸν
861 3655 1155 3717 διαθέσεως
1197 3653 1396 3725 φίλτρα
1443 3653 1660 3724 σαρκῶν
1708 3652 1742 3724 ἢ

165 3755 440 3826 σωμάτων
489 3751 827 3822 συγγενείας.
887 3750 1020 3803 Τότε
1054 3748 1112 3802 δὲ
1147 3748 1241 3801 καὶ
1283 3749 1316 3818 ἡ
1373 3747 1613 3818 μάχαιρα
1649 3746 1741 3799 τοῦ

164 3847 303 3900 Θεοῦ
333 3849 368 3916 ἡ
399 3843 809 3916 τμητικωτάτη,
835 3841 962 3904 τοὺς
1008 3839 1260 3906 ἀναξίους
1294 3839 1400 3892 ἀπὸ
1449 3838 1555 3892 τῶν
1580 3838 1746 3904 ἀξίων

162 3936 556 3998 διακόπτουσα,
587 3934 749 3986 διέλοι
785 3933 851 3986 ἂν
891 3930 1116 3990 δικαίως
1145 3929 1255 3982 τῶν
1293 3930 1366 4000 μὴ
1408 3921 1619 3982 ἀσεϐῶν
1643 3929 1742 3999 (ιν)

164 4027 377 4096 γονέων
404 4028 529 4090 τοὺς
559 4023 802 4087 εὐσεϐεῖς
827 4020 1156 4094 ἀφορίζουσα
1195 4021 1361 4083 υἱούς.
1381 4020 1649 4083 Ὡσαύτως
1669 4037 1746 4073 τι-

168 4117 375 4188 μητέον
426 4117 522 4168 καὶ
566 4114 877 4184 ἀγαπητέον
908 4112 1058 4174 υἱοὺς
1103 4111 1196 4163 καὶ
1234 4109 1538 4181 θυγατέρας
1560 4111 1744 4181 νόμοις

165 4210 411 4278 φύσεως,
445 4209 506 4260 οὐ
543 4207 652 4278 μὴν
700 4205 830 4258 ὥσθ’
859 4205 1046 4257 ἕνεκεν
1078 4203 1283 4256 τούτων
1314 4202 1570 4272 ἐξάρνους
1597 4203 1745 4270 γίνε-

164 4301 296 4355 σθαι
321 4300 420 4370 τῆς
470 4299 598 4369 περὶ
637 4297 801 4351 αὐτὸν
831 4295 1120 4366 ὁμολογίας
1139 4311 1154 4325 ⁸
1207 4292 1469 4365 μεγίστης
1493 4310 1550 4345 τε
1578 4310 1747 4365 τιμω-

169 4393 294 4464 ρίας
316 4389 671 4460 ἀπειλητικὴν
704 4389 984 4459 προήκατο
1030 4386 1212 4458 φωνὴν
1252 4384 1420 4438 εἰπὼν
1463 4385 1601 4440 κατὰ
1647 4386 1746 4457 μὲν

1847 3195 2077 3250 Verbum
2113 3194 2226 3248 btec
2253 3188 2570 3261 prrecipiens
2601 3195 2656 3242 et
2683 3186 2782 3241 has
2812 3184 2956 3253 leges
2989 3190 3232 3237 statuens
3257 3195 3271 3231 :
3305 3177 3403 3230 de-

1843 3287 1974 3342 bere
2016 3285 2227 3340 scilicet
2260 3282 2460 3338 milites
2498 3293 2627 3336 suos
2648 3291 2809 3348 supra
2836 3288 3026 3330 omnes
3052 3284 3248 3342 genere
3272 3283 3404 3322 con-

1838 3375 2056 3446 junctos
2097 3375 2270 3444 ipsum
2315 3385 2501 3426 amare
2555 3383 2655 3422 nec
2700 3364 2973 3422 dilectioni
3012 3376 3123 3418 suae
3159 3359 3406 3414 carnales

1844 3465 2070 3522 affectus
2103 3475 2416 3534 praeponere
2445 3459 2532 3517 vel
2568 3472 2854 3524 corporum
2889 3452 3402 3520 consanguinitates.

1844 3558 1999 3613 Tunc
2037 3566 2218 3610 autem
2271 3553 2480 3624 gladius
2539 3549 2634 3604 Dei
2684 3547 3032 3604 acutissimus
3087 3543 3332 3612 indignos
3374 3557 3402 3593 a

1848 3651 2027 3717 dignis
2063 3646 2407 3717 prmcidendo
2453 3642 2598 3712 iuste
2638 3645 2903 3701 secernet,
2936 3635 3004 3690 ab
3038 3634 3217 3702 impiis
3249 3631 3407 3685 nimi-

1845 3754 1964 3795 rum
2012 3734 2326 3808 parentibus
2382 3733 2504 3803 pios
2539 3730 2678 3784 ﬁlios
2710 3741 2991 3797 separans.
3038 3721 3304 3779 Similiter
3350 3719 3404 3774 in

1846 3831 2021 3901 pretio
2044 3826 2276 3883 habendi
2317 3830 2445 3878 sunt
2477 3830 2641 3891 atque
2677 3817 2894 3873 amandi
2930 3815 3023 3870 ﬁlii
3055 3813 3285 3882 ﬁliaeque
3312 3826 3394 3865 na-

1847 3935 1980 3977 tura:
2005 3920 2153 3991 lege;
2179 3933 2281 3972 non
2307 3916 2379 3969 ita
2410 3925 2607 3977 tamen,
2635 3919 2692 3964 ut
2715 3911 2906 3964 horum
2941 3921 3106 3961 causa
3134 3903 3407 3959 Christum

1845 4011 2089 4068 conﬁteri
2115 4019 2442 4064 recusemus.
2475 4001 2801 4071 Maximique
2831 3997 3075 4068 supplicii
3103 4009 3285 4051 vocem
3324 3995 3406 4047 in-

1844 4108 2017 4162 dicem
2047 4101 2430 4172 pronuutiavit,
2455 4099 2578 4151 dum
2601 4094 2986 4149 aitsecundum
3021 4090 3216 4145 Lucam
3243 4105 3258 4143 :
3289 4085 3413 4142 Non

1845 4206 2010 4270 potest
2033 4211 2177 4250 meus
2205 4210 2313 4248 esse
2336 4188 2624 4259 discipulus
2661 4186 2741 4252 δίς
2789 4185 3081 4240 secundum
3113 4197 3238 4237 vero
3277 4181 3413 4235 Mat-

1850 4291 2042 4344 thmum
2063 4306 2076 4341 :
2099 4285 2220 4340 Non
2253 4294 2324 4337 est
2357 4298 2436 4336 me
2467 4280 2656 4350 dignus
2678 4277 2744 4335 δ’.
2764 4273 3132 4344 Siquidemqui
3165 4273 3282 4328 haec
3304 4274 3414 4326 aie-

1846 4383 1958 4443 bat,
1975 4377 2104 4432 illud
2122 4377 2290 4444 ipsum
2313 4379 2429 4426 erat
2448 4367 2776 4439 unigenitum
2793 4367 2860 4420 ab
2875 4363 3025 4418 initio
3043 4362 3135 4416 Dei
3154 4359 3410 4424 Verbum,

169 4450 410 4546 λου-κᾶν,
447 4450 529 4535 Οὐ
557 4450 810 4534 δύναταί
835 4450 958 4548 μου
1002 4450 1483 4552 εῖνιέαμαθητήςο
1518 4450 1659 4532 κατά
1686 4477 1738 4530 δὲ

1848 4472 1989 4542 quod
2023 4477 2107 4523 est
2138 4467 2272 4529 vita,
2296 4460 2578 4530 sapientia,
2629 4458 2742 4523 lux,
2776 4466 2829 4510 et
2871 4455 3110 4508 omnium
3152 4452 3412 4506 bonorum

168 4572 475 4636 Ματθαῖον,
503 4573 626 4626 Οὐκ
651 4571 782 4624 ἐστι
819 4587 938 4639 μου
972 4567 1170 4633 ἄξιος·
1197 4568 1353 4637 εἴπερ
1383 4568 1411 4620 6
1442 4566 1611 4620 ταῦτα
1653 4566 1743 4620 λέ-

169 4682 284 4734 γων
305 4663 468 4725 αὐτὸς
491 4663 697 4724 ἐκεῖνος
726 4656 796 4732 ἦν
827 4663 856 4714 ὁ
884 4662 940 4713 ὲν
980 4660 1121 4731 ἀρχῇ
1155 4659 1448 4729 μονογενὴς
1478 4659 1570 4712 τοῦ
1605 4659 1741 4713 Θεοῦ

1849 4561 2118 4620 cumulus.
2149 4555 2293 4626 Ergo
2333 4553 2498 4609 dictio
2525 4570 2539 4606 :
2575 4548 2697 4604 Non
2715 4557 2788 4602 est
2817 4563 2897 4600 me
2925 4546 3133 4615 dignus,
3157 4544 3294 4598 idem
3320 4555 3416 4593 va.

1848 4655 2095 4726 letquod,
2115 4651 2231 4706 Non
2248 4649 2350 4704 erit
2366 4647 2469 4701 vita
2489 4658 2659 4713 neque
2680 4640 2784 4695 alio
2798 4637 3034 4709 quolibet
3050 4635 3189 4690 bono
3205 4635 3416 4704 dignus.

172 4729 366 4828 λόγος,
389 4759 550 4821 αὐτὸς
587 4757 662 4810 ῶν
705 4729 760 4828 ἡ.
791 4756 904 4826 ζωὴ
931 4729 1029 4810 καῖ
1055 4757 1088 4826 ἡ
1115 4729 1282 4822 σοφία
1299 4756 1393 4808 καὶ
1422 4755 1484 4808 τὸ
1515 4756 1630 4824 φῶς
1659 4760 1752 4812 καὶ
1818 4758 1878 4810 τὸ
1920 4756 2137 4810 πάντων
2189 4743 2406 4816 ἀγαθῶν
2475 4741 2774 4811 πλήρωμα·
2820 4734 2880 4787 τὸ
2929 4731 3080 4802 γοῦν,
3120 4731 3242 4784 Οὐκ
3284 4729 3420 4783 ἐστι

164 4873 287 4926 μου
313 4855 503 4918 ἄξιος,
527 4855 710 4923 ὅμοιον
743 4851 807 4906 ἂν
833 4851 917 4923 εἴη
942 4851 1042 4922 τῷ,
1093 4850 1206 4905 Οὐκ
1240 4851 1306 4903 ἂν
1351 4849 1561 4918 γένοιτο
1593 4851 1757 4924 ’ζωῆς
1795 4853 1964 4918 ἄξιος,
1990 4846 2098 4902 οὐδ’
2121 4843 2281 4899 ἄλλου
2314 4837 2458 4899 τινὸς
2482 4831 2707 4903 ἀγαθοῦ,

244 4946 562 4999 Ἐπιτείνων
588 4944 646 4998 δὲ
673 4946 798 5007 τοὺς
812 4943 912 5014 τῆς
929 4943 1106 5013 ψυχῆς
1128 4942 1333 5004 τόνους,
1353 4942 1570 5012 καὶτῆς,
1587 4943 1662 5006 ὡς
1687 4942 1754 4996 ἂν

170 5038 320 5092 εἴποι
351 5055 455 5099 τις,
486 5035 881 5106 στρατιωτικῆς
917 5033 1060 5086 κατὰ
1080 5033 1211 5086 Θεὸν
1237 5032 1487 5103 ἀνδρείας
1519 5033 1617 5104 τὴν
1649 5033 1754 5103 ῥώ-

176 5145 286 5199 μην
307 5127 700 5196 ἀναζωπυρῶν,
729 5125 988 5192 ἐπιλέγει·
1014 5123 1124 5181 Καὶ
1150 5123 1217 5188 ὃς
1249 5125 1322 5177 οὐ
1342 5121 1625 5187 ,ϐαστάζει
1649 5123 1754 5175 τὸν

173 5220 444 5287 σταιφὸν
470 5217 658 5273 αὐτοῦ
687 5217 783 5271 καὶ
813 5219 1047 5286 ἔρχεται
1078 5216 1270 5269 ὀπίσω
1301 5233 1440 5283 μου,
1473 5217 1544 5268 οὐ
1575 5213 1754 5266 δύνα-

173 5312 274 5365 ταί
297 5329 419 5379 μου
449 5306 601 5363 εἶναι
620 5308 890 5376 μαθητής
907 5326 920 5338 ·
936 5309 994 5361 οὐ
1014 5308 1122 5380 γὰρ
1141 5307 1406 5378 πατέρων,
1422 5305 1604 5376 φησὶν,
1633 5305 1754 5358 οὐδὲ

178 5402 460 5473 μητέρων,
487 5399 609 5453 οὐδὲ
636 5395 790 5466 υἱῶν,
816 5399 937 5452 οὐδὲ
962 5399 1274 5468 θυγατέρων
1305 5396 1461 5468 μόνον
1487 5396 1754 5466 προτιμᾶ-

179 5493 308 5547 σθαι
341 5494 608 5563 προσήκει
629 5492 726 5563 τὴν
757 5492 894 5565 ἐμὴν
921 5491 1120 5561 φιλίαν,
1149 5489 1283 5545 ἀλλά
1315 5489 1408 5542 καὶ
1440 5487 1533 5541 τοῦ
1572 5485 1754 5556 σῶμα·

174 5599 268 5647 τος
293 5582 485 5649 αὐτοῦ,
522 5585 618 5636 καὶ⁹
649 5583 817 5654 αὐτῆς
845 5583 974 5652 ὅλης
999 5584 1096 5654 τῆς
1123 5581 1460 5652 προσκαίρου
1488 5578 1651 5649 ζωῆς.
1681 5578 1754 5630 Τὸ

248 5699 296 5730 ³⁸
323 5699 491 5753 Exod.
530 5715 620 5763 xx,
653 5699 739 5753 1‘2.
813 5699 857 5732 ³⁸
883 5699 1070 5752 Matth.
1104 5713 1242 5761 xm,
1272 5696 1362 5750 57.
1436 5695 1483 5727 ⁸ο
1509 5693 1734 5748 ΜειιιΙι.ι

1841 5692 1870 5743 '.
1946 5688 1989 5721 “
2018 5687 2147 5742 Luc.
2171 5699 2281 5748 xiv,
2308 5682 2402 5736 26.
2471 5683 2516 5713 δ’
2547 5680 2738 5739 Matth.
2767 5696 2822 5748 κ,
2849 5678 2940 5735 ⁸57.

1930 4941 2046 4996 Jam
2080 4951 2209 4990 vero
2253 4930 2613 4988 corroborans
2659 4924 2850 4977 animae
2891 4927 3086 4974 nostra:
3117 4929 3332 4978 nervos,
3363 4908 3418 4965 et

1857 5029 2127 5094 militaris,
2159 5033 2217 5078 ut
2244 5024 2319 5077 ita
2341 5019 2538 5082 dicant,
2570 5014 2862 5069 secundum
2899 5012 3062 5065 Deum
3089 5006 3419 5061 fortitudinis

1856 5123 2000 5177 vires
2030 5115 2354 5176 incendens,
2378 5107 2556 5179 pergit
2593 5105 2775 5159 dicere
2802 5119 2817 5156 :
2843 5101 2910 5156 Et
2945 5100 3034 5170 qui
3070 5113 3174 5151 non
3215 5093 3419 5165 bajulat

1858 5226 2063 5268 crucem
2091 5221 2242 5262 suam
2281 5213 2332 5258 et
2363 5201 2496 5255 venit
2527 5206 2645 5268 post
2668 5211 2769 5261 me,
2802 5210 2905 5247 non
2927 5199 3090 5261 potest
3139 5204 3282 5242 meus
3309 5201 3420 5239 esse

1857 5300 2145 5372 discipulus
2167 5297 2232 5349 ⁸³.
2265 5293 2380 5348 Non
2425 5290 2568 5346 enim
2601 5289 2846 5357 patribus
2891 5292 3092 5338 tantum
3123 5296 3186 5336 ac
3225 5277 3418 5332 matri-

1861 5369 2000 5456 bus,’
2037 5391 2161 5444 ﬁliis
2214 5387 2532 5452 ﬁliabusque
2587 5389 2917 5448 anteponere
2966 5374 3160 5435 debet,
3208 5369 3415 5438 inquit,

1858 5497 2100 5540 amorem
2146 5479 2274 5542 mei,
2323 5476 2418 5531 sed
2451 5484 2506 5530 et
2549 5471 2761 5540 corpori
2805 5467 3042 5538 proprio,
3072 5473 3127 5518 et
3155 5463 3421 5517 univeer

1862 5575 1990 5629 huic
2021 5568 2302 5642 temporali
2336 5567 2482 5621 vitae.
2505 5564 2710 5632 Corpus
2737 5561 2918 5631 igitur,
2950 5573 3058 5629 quo
3079 5571 3220 5611 nunc
3242 5555 3420 5608 anima

3037 5675 3082 5709 ”
3115 5674 3240 5732 ibid.
3275 5673 3364 5730 58.

253 5795 363 5862 (ι’)
397 5791 493 5847 ‘v'cl
523 5791 804 5847 delendum
827 5791 922 5858 μή,
957 5791 1038 5845 vel
1081 5788 1362 5856 legendum
1390 5785 1652 5850 εὐσεϐῶν,
1691 5784 1738 5838 ni

1841 5781 1973 5838 nalis
2001 5781 2179 5851 legere
2208 5779 2330 5847 μήν.
2364 5775 2520 5828 Eon.
2595 5786 2605 5800 '
