  <div class='ocr_page' id='page_1' title='image "/cluster/home/n/w/nwhite01/storage/ocr_20150623/24/nnc1.0046978259/363.png"; bbox 0 0 3858 6214; ppageno 0'>
   <div class='ocr_carea' id='block_1_1' title="bbox 453 310 553 383">
    <p class='ocr_par' dir='ltr' id='par_1_1' title="bbox 453 310 553 383">
     <span class='ocr_line' id='line_1_1' title="bbox 453 310 553 383; baseline 0 -17"><span class='ocrx_word' id='word_1_1' title='bbox 453 310 553 383; x_wconf 74' lang='lat' dir='ltr'><strong>en</strong></span> 
     </span>
    </p>
   </div>
   <div class='ocr_carea' id='block_1_2' title="bbox 1161 306 3038 366">
    <p class='ocr_par' dir='ltr' id='par_1_2' title="bbox 1161 306 3038 366">
     <span class='ocr_line' id='line_1_2' title="bbox 1161 306 3038 366; baseline 0.002 -4"><span class='ocrx_word' id='word_1_2' title='bbox 1161 307 1431 363; x_wconf 83' lang='lat' dir='ltr'><strong>EUSEBII</strong></span> <span class='ocrx_word' id='word_1_3' title='bbox 1470 309 1945 366; x_wconf 62' lang='lat' dir='ltr'><strong>CAESARIENSIS</strong></span> <span class='ocrx_word' id='word_1_4' title='bbox 1982 309 2131 364; x_wconf 81' lang='lat' dir='ltr'><strong>OPP.</strong></span> <span class='ocrx_word' id='word_1_5' title='bbox 2172 306 2352 363; x_wconf 82' lang='lat' dir='ltr'><strong>PARS</strong></span> <span class='ocrx_word' id='word_1_6' title='bbox 2392 307 2481 362; x_wconf 80' lang='lat' dir='ltr'><strong>IV.</strong></span> <span class='ocrx_word' id='word_1_7' title='bbox 2512 339 2583 349; x_wconf 90' lang='lat'>—</span> <span class='ocrx_word' id='word_1_8' title='bbox 2616 307 3038 366; x_wconf 71' lang='lat' dir='ltr'><strong>DOGMATICA.</strong></span> 
     </span>
    </p>
   </div>
   <div class='ocr_carea' id='block_1_3' title="bbox 3625 307 3743 361">
    <p class='ocr_par' dir='ltr' id='par_1_3' title="bbox 3625 307 3743 361">
     <span class='ocr_line' id='line_1_3' title="bbox 3625 307 3743 361; baseline -0.017 0"><span class='ocrx_word' id='word_1_9' title='bbox 3625 307 3743 361; x_wconf 67' lang='lat'><strong>372</strong></span> 
     </span>
    </p>
   </div>
   <div class='ocr_carea' id='block_1_4' title="bbox 457 419 2030 494">
    <p class='ocr_par' dir='ltr' id='par_1_4' title="bbox 457 422 2029 493">
     <span class='ocr_line' id='line_1_4' title="bbox 457 422 2029 493; baseline -0.004 -11"><span class='ocrx_word' id='word_1_10' title='bbox 457 424 777 488; x_wconf 77' lang='lat' dir='ltr'><strong>includitur,</strong></span> <span class='ocrx_word' id='word_1_11' title='bbox 810 422 1132 493; x_wconf 79' lang='lat' dir='ltr'><strong>crucifigere</strong></span> <span class='ocrx_word' id='word_1_12' title='bbox 1177 430 1412 491; x_wconf 88' lang='lat' dir='ltr'><strong>oportet,</strong></span> <span class='ocrx_word' id='word_1_13' title='bbox 1442 431 1498 476; x_wconf 90' lang='lat' dir='ltr'><strong>et</strong></span> <span class='ocrx_word' id='word_1_14' title='bbox 1541 424 1705 477; x_wconf 84' lang='lat' dir='ltr'><strong>veluti</strong></span> <span class='ocrx_word' id='word_1_15' title='bbox 1758 431 2029 479; x_wconf 90' lang='lat' dir='ltr'><strong>mortuum</strong></span> 
     </span>
    </p>
   </div>
   <div class='ocr_carea' id='block_1_5' title="bbox 2135 419 3742 494">
    <p class='ocr_par' dir='ltr' id='par_1_5' title="bbox 2135 419 3742 494">
     <span class='ocr_line' id='line_1_5' title="bbox 2135 419 3742 494; baseline -0.002 -20"><span class='ocrx_word' id='word_1_16' title='bbox 2135 419 2266 490; x_wconf 83' lang='grc' dir='ltr'>γοῦν</span> <span class='ocrx_word' id='word_1_17' title='bbox 2301 422 2479 493; x_wconf 81' lang='grc' dir='ltr'>σῶμα,</span> <span class='ocrx_word' id='word_1_18' title='bbox 2514 421 2543 474; x_wconf 78' lang='grc' dir='ltr'><strong>ὃ</strong></span> <span class='ocrx_word' id='word_1_19' title='bbox 2571 421 2878 491; x_wconf 86' lang='grc' dir='ltr'>περίκειται</span> <span class='ocrx_word' id='word_1_20' title='bbox 2906 421 3055 493; x_wconf 82' lang='grc' dir='ltr'><strong>νῦνή</strong></span> <span class='ocrx_word' id='word_1_21' title='bbox 3087 419 3254 494; x_wconf 75' lang='grc' dir='ltr'>ψυχὴ,</span> <span class='ocrx_word' id='word_1_22' title='bbox 3284 420 3742 491; x_wconf 69' lang='grc' dir='ltr'><strong>ἀνασταυρῶσαι</strong></span> 
     </span>
    </p>
   </div>
   <div class='ocr_carea' id='block_1_6' title="bbox 454 514 2029 585">
    <p class='ocr_par' dir='ltr' id='par_1_6' title="bbox 454 514 2029 585">
     <span class='ocr_line' id='line_1_6' title="bbox 454 514 2029 585; baseline -0.002 -13"><span class='ocrx_word' id='word_1_23' title='bbox 454 517 693 584; x_wconf 72' lang='lat' dir='ltr'><strong>efﬁcere,</strong></span> <span class='ocrx_word' id='word_1_24' title='bbox 723 515 893 571; x_wconf 83' lang='lat' dir='ltr'><strong>clavis</strong></span> <span class='ocrx_word' id='word_1_25' title='bbox 924 514 1258 583; x_wconf 84' lang='lat' dir='ltr'><strong>conligentes</strong></span> <span class='ocrx_word' id='word_1_26' title='bbox 1282 514 1423 570; x_wconf 90' lang='lat' dir='ltr'><strong>illius</strong></span> <span class='ocrx_word' id='word_1_27' title='bbox 1440 515 1763 585; x_wconf 74' lang='lat' dir='ltr'><strong>cupiditates</strong></span> <span class='ocrx_word' id='word_1_28' title='bbox 1792 524 1847 571; x_wconf 90' lang='lat' dir='ltr'><strong>et</strong></span> <span class='ocrx_word' id='word_1_29' title='bbox 1879 531 2029 572; x_wconf 89' lang='lat' dir='ltr'><strong>mor-</strong></span> 
     </span>
    </p>
   </div>
   <div class='ocr_carea' id='block_1_7' title="bbox 456 606 2030 674">
    <p class='ocr_par' dir='ltr' id='par_1_7' title="bbox 456 606 2030 674">
     <span class='ocr_line' id='line_1_7' title="bbox 456 606 2030 674; baseline -0.004 -10"><span class='ocrx_word' id='word_1_30' title='bbox 456 610 745 674; x_wconf 83' lang='lat' dir='ltr'><strong>tilicantes,</strong></span> <span class='ocrx_word' id='word_1_31' title='bbox 782 607 919 663; x_wconf 91' lang='lat' dir='ltr'><strong>adeo</strong></span> <span class='ocrx_word' id='word_1_32' title='bbox 967 616 1025 661; x_wconf 91' lang='lat' dir='ltr'><strong>ut</strong></span> <span class='ocrx_word' id='word_1_33' title='bbox 1071 621 1176 660; x_wconf 92' lang='lat' dir='ltr'><strong>non</strong></span> <span class='ocrx_word' id='word_1_34' title='bbox 1209 606 1457 662; x_wconf 89' lang='lat' dir='ltr'><strong>videatur</strong></span> <span class='ocrx_word' id='word_1_35' title='bbox 1488 606 1763 661; x_wconf 82' lang='lat' dir='ltr'><strong>viventem</strong></span> <span class='ocrx_word' id='word_1_36' title='bbox 1796 607 2030 662; x_wconf 88' lang='lat' dir='ltr'><strong>circum-</strong></span> 
     </span>
    </p>
   </div>
   <div class='ocr_carea' id='block_1_8' title="bbox 461 697 2031 769">
    <p class='ocr_par' dir='ltr' id='par_1_8' title="bbox 461 697 2031 769">
     <span class='ocr_line' id='line_1_8' title="bbox 461 697 2031 769; baseline 0 -15"><span class='ocrx_word' id='word_1_37' title='bbox 461 702 602 757; x_wconf 82' lang='lat' dir='ltr'><strong>ferre</strong></span> <span class='ocrx_word' id='word_1_38' title='bbox 646 714 886 767; x_wconf 88' lang='lat' dir='ltr'><strong>carnem,</strong></span> <span class='ocrx_word' id='word_1_39' title='bbox 911 699 1007 754; x_wconf 85' lang='lat' dir='ltr'><strong>sed</strong></span> <span class='ocrx_word' id='word_1_40' title='bbox 1057 697 1406 768; x_wconf 84' lang='lat' dir='ltr'><strong>exstinctam,</strong></span> <span class='ocrx_word' id='word_1_41' title='bbox 1438 709 1493 754; x_wconf 91' lang='lat' dir='ltr'><strong>et</strong></span> <span class='ocrx_word' id='word_1_42' title='bbox 1518 699 1718 754; x_wconf 85' lang='lat' dir='ltr'><strong>divinis</strong></span> <span class='ocrx_word' id='word_1_43' title='bbox 1748 699 2031 769; x_wconf 82' lang='lat' dir='ltr'><strong>praeceptis</strong></span> 
     </span>
    </p>
   </div>
   <div class='ocr_carea' id='block_1_9' title="bbox 461 788 2031 859">
    <p class='ocr_par' dir='ltr' id='par_1_9' title="bbox 461 788 2031 859">
     <span class='ocr_line' id='line_1_9' title="bbox 461 788 2031 859; baseline -0.003 -14"><span class='ocrx_word' id='word_1_44' title='bbox 461 790 802 846; x_wconf 83' lang='lat' dir='ltr'><strong>transfixam.</strong></span> <span class='ocrx_word' id='word_1_45' title='bbox 874 790 1050 857; x_wconf 80' lang='lat' dir='ltr'><strong>Atque</strong></span> <span class='ocrx_word' id='word_1_46' title='bbox 1113 788 1187 843; x_wconf 92' lang='lat' dir='ltr'><strong>ita</strong></span> <span class='ocrx_word' id='word_1_47' title='bbox 1234 788 1444 856; x_wconf 88' lang='lat' dir='ltr'><strong>anima,</strong></span> <span class='ocrx_word' id='word_1_48' title='bbox 1501 803 1622 859; x_wconf 73' lang='lat' dir='ltr'><strong>qua:</strong></span> <span class='ocrx_word' id='word_1_49' title='bbox 1661 789 1765 843; x_wconf 90' lang='lat' dir='ltr'><strong>alia</strong></span> <span class='ocrx_word' id='word_1_50' title='bbox 1816 797 2031 844; x_wconf 88' lang='lat' dir='ltr'><strong>constat</strong></span> 
     </span>
    </p>
   </div>
   <div class='ocr_carea' id='block_1_10' title="bbox 458 876 2031 957">
    <p class='ocr_par' dir='ltr' id='par_1_10' title="bbox 458 876 2031 957">
     <span class='ocr_line' id='line_1_10' title="bbox 458 876 2031 957; baseline -0.003 -20"><span class='ocrx_word' id='word_1_51' title='bbox 458 880 763 937; x_wconf 83' lang='lat' dir='ltr'><strong>substantia</strong></span> <span class='ocrx_word' id='word_1_52' title='bbox 817 878 1138 947; x_wconf 89' lang='lat' dir='ltr'><strong>incorporea</strong></span> <span class='ocrx_word' id='word_1_53' title='bbox 1186 884 1243 932; x_wconf 92' lang='lat' dir='ltr'><strong>et</strong></span> <span class='ocrx_word' id='word_1_54' title='bbox 1298 876 1694 943; x_wconf 89' lang='lat' dir='ltr'><strong>intellectuali,</strong></span> <span class='ocrx_word' id='word_1_55' title='bbox 1748 876 2031 957; x_wconf 83' lang='lat' dir='ltr'><strong>victoriale</strong></span> 
     </span>
    </p>
   </div>
   <div class='ocr_carea' id='block_1_11' title="bbox 460 969 2030 1042">
    <p class='ocr_par' dir='ltr' id='par_1_11' title="bbox 460 969 2030 1042">
     <span class='ocr_line' id='line_1_11' title="bbox 460 969 2030 1042; baseline -0.003 -15"><span class='ocrx_word' id='word_1_56' title='bbox 460 983 723 1042; x_wconf 76' lang='lat' dir='ltr'><strong>tropzeum</strong></span> <span class='ocrx_word' id='word_1_57' title='bbox 753 970 1016 1026; x_wconf 87' lang='lat' dir='ltr'><strong>adversus</strong></span> <span class='ocrx_word' id='word_1_58' title='bbox 1039 970 1224 1024; x_wconf 82' lang='lat' dir='ltr'><strong>hostes</strong></span> <span class='ocrx_word' id='word_1_59' title='bbox 1253 969 1498 1037; x_wconf 85' lang='lat' dir='ltr'><strong>erigens,</strong></span> <span class='ocrx_word' id='word_1_60' title='bbox 1531 984 1733 1037; x_wconf 91' lang='lat' dir='ltr'><strong>corpus</strong></span> <span class='ocrx_word' id='word_1_61' title='bbox 1781 984 1880 1024; x_wconf 89' lang='lat' dir='ltr'><strong>ceu</strong></span> <span class='ocrx_word' id='word_1_62' title='bbox 1913 984 2030 1023; x_wconf 91' lang='lat' dir='ltr'><strong>cru-</strong></span> 
     </span>
    </p>
   </div>
   <div class='ocr_carea' id='block_1_12' title="bbox 458 1057 2030 1125">
    <p class='ocr_par' dir='ltr' id='par_1_12' title="bbox 458 1057 2030 1125">
     <span class='ocr_line' id='line_1_12' title="bbox 458 1057 2030 1125; baseline -0.006 -6"><span class='ocrx_word' id='word_1_63' title='bbox 458 1080 578 1119; x_wconf 82' lang='lat' dir='ltr'><strong>cem</strong></span> <span class='ocrx_word' id='word_1_64' title='bbox 611 1060 968 1118; x_wconf 81' lang='lat' dir='ltr'><strong>circumferre</strong></span> <span class='ocrx_word' id='word_1_65' title='bbox 995 1059 1269 1125; x_wconf 88' lang='lat' dir='ltr'><strong>videatur,</strong></span> <span class='ocrx_word' id='word_1_66' title='bbox 1316 1067 1372 1113; x_wconf 84' lang='lat' dir='ltr'><strong>et</strong></span> <span class='ocrx_word' id='word_1_67' title='bbox 1414 1066 1689 1112; x_wconf 86' lang='lat' dir='ltr'><strong>mortuum</strong></span> <span class='ocrx_word' id='word_1_68' title='bbox 1733 1057 1898 1113; x_wconf 89' lang='lat' dir='ltr'><strong>veluti</strong></span> <span class='ocrx_word' id='word_1_69' title='bbox 1944 1057 2030 1111; x_wconf 89' lang='lat' dir='ltr'><strong>in-</strong></span> 
     </span>
    </p>
   </div>
   <div class='ocr_carea' id='block_1_13' title="bbox 457 1150 2029 1223">
    <p class='ocr_par' dir='ltr' id='par_1_13' title="bbox 457 1150 2029 1223">
     <span class='ocr_line' id='line_1_13' title="bbox 457 1150 2029 1223; baseline -0.003 -13"><span class='ocrx_word' id='word_1_70' title='bbox 457 1162 819 1210; x_wconf 86' lang='lat' dir='ltr'><strong>strumentum</strong></span> <span class='ocrx_word' id='word_1_71' title='bbox 877 1160 1098 1223; x_wconf 79' lang='lat' dir='ltr'><strong>gestans</strong></span> <span class='ocrx_word' id='word_1_72' title='bbox 1148 1150 1518 1221; x_wconf 88' lang='lat' dir='ltr'><strong>subsequatur</strong></span> <span class='ocrx_word' id='word_1_73' title='bbox 1567 1151 1834 1206; x_wconf 85' lang='lat' dir='ltr'><strong>rationem</strong></span> <span class='ocrx_word' id='word_1_74' title='bbox 1895 1151 2029 1222; x_wconf 88' lang='lat' dir='ltr'><strong>(seu</strong></span> 
     </span>
    </p>
   </div>
   <div class='ocr_carea' id='block_1_14' title="bbox 459 1240 2032 1315">
    <p class='ocr_par' dir='ltr' id='par_1_14' title="bbox 459 1240 2032 1315">
     <span class='ocr_line' id='line_1_14' title="bbox 459 1240 2032 1315; baseline -0.001 -15"><span class='ocrx_word' id='word_1_75' title='bbox 459 1242 719 1315; x_wconf 79' lang='lat' dir='ltr'><strong>Verbum)</strong></span> <span class='ocrx_word' id='word_1_76' title='bbox 779 1243 1022 1312; x_wconf 65' lang='lat' dir='ltr'><strong>prmelari</strong></span> <span class='ocrx_word' id='word_1_77' title='bbox 1082 1243 1254 1296; x_wconf 91' lang='lat' dir='ltr'><strong>instar</strong></span> <span class='ocrx_word' id='word_1_78' title='bbox 1292 1241 1484 1296; x_wconf 85' lang='lat' dir='ltr'><strong>militis</strong></span> <span class='ocrx_word' id='word_1_79' title='bbox 1515 1240 1607 1310; x_wconf 86' lang='lat' dir='ltr'><strong>qui</strong></span> <span class='ocrx_word' id='word_1_80' title='bbox 1664 1243 1908 1296; x_wconf 75' lang='lat' dir='ltr'><strong>victoria:</strong></span> <span class='ocrx_word' id='word_1_81' title='bbox 1965 1243 2032 1298; x_wconf 90' lang='lat' dir='ltr'><strong>de</strong></span> 
     </span>
    </p>
   </div>
   <div class='ocr_carea' id='block_1_15' title="bbox 458 1328 2029 1403">
    <p class='ocr_par' dir='ltr' id='par_1_15' title="bbox 458 1328 2029 1403">
     <span class='ocr_line' id='line_1_15' title="bbox 458 1328 2029 1403; baseline 0 -12"><span class='ocrx_word' id='word_1_82' title='bbox 458 1336 705 1391; x_wconf 89' lang='lat' dir='ltr'><strong>hostibus</strong></span> <span class='ocrx_word' id='word_1_83' title='bbox 756 1335 1042 1389; x_wconf 86' lang='lat' dir='ltr'><strong>manubias</strong></span> <span class='ocrx_word' id='word_1_84' title='bbox 1072 1341 1247 1403; x_wconf 90' lang='lat' dir='ltr'><strong>gerat.</strong></span> <span class='ocrx_word' id='word_1_85' title='bbox 1279 1328 1391 1388; x_wconf 86' lang='lat' dir='ltr'><strong>Nisi</strong></span> <span class='ocrx_word' id='word_1_86' title='bbox 1423 1332 1572 1387; x_wconf 91' lang='lat' dir='ltr'><strong>enim</strong></span> <span class='ocrx_word' id='word_1_87' title='bbox 1605 1333 1710 1388; x_wconf 87' lang='lat' dir='ltr'><strong>hoc</strong></span> <span class='ocrx_word' id='word_1_88' title='bbox 1750 1336 1911 1390; x_wconf 90' lang='lat' dir='ltr'><strong>modo</strong></span> <span class='ocrx_word' id='word_1_89' title='bbox 1940 1351 2029 1391; x_wconf 88' lang='lat' dir='ltr'><strong>se—</strong></span> 
     </span>
    </p>
   </div>
   <div class='ocr_carea' id='block_1_16' title="bbox 457 1422 2032 1495">
    <p class='ocr_par' dir='ltr' id='par_1_16' title="bbox 457 1422 2032 1495">
     <span class='ocr_line' id='line_1_16' title="bbox 457 1422 2032 1495; baseline -0.001 -16"><span class='ocrx_word' id='word_1_90' title='bbox 457 1435 655 1495; x_wconf 89' lang='lat' dir='ltr'><strong>quatur</strong></span> <span class='ocrx_word' id='word_1_91' title='bbox 685 1438 792 1487; x_wconf 90' lang='lat' dir='ltr'><strong>me,</strong></span> <span class='ocrx_word' id='word_1_92' title='bbox 825 1424 1019 1493; x_wconf 87' lang='lat' dir='ltr'><strong>inquit,</strong></span> <span class='ocrx_word' id='word_1_93' title='bbox 1050 1422 1346 1491; x_wconf 84' lang='lat' dir='ltr'><strong>discipulus</strong></span> <span class='ocrx_word' id='word_1_94' title='bbox 1383 1437 1586 1493; x_wconf 92' lang='lat' dir='ltr'><strong>corpus</strong></span> <span class='ocrx_word' id='word_1_95' title='bbox 1626 1438 1785 1477; x_wconf 89' lang='lat' dir='ltr'><strong>suum</strong></span> <span class='ocrx_word' id='word_1_96' title='bbox 1815 1433 1875 1478; x_wconf 90' lang='lat' dir='ltr'><strong>et</strong></span> <span class='ocrx_word' id='word_1_97' title='bbox 1906 1439 2032 1491; x_wconf 81' lang='lat' dir='ltr'><strong>car-</strong></span> 
     </span>
    </p>
   </div>
   <div class='ocr_carea' id='block_1_17' title="bbox 419 1514 2032 1587">
    <p class='ocr_par' dir='ltr' id='par_1_17' title="bbox 419 1514 2032 1587">
     <span class='ocr_line' id='line_1_17' title="bbox 419 1514 2032 1587; baseline 0 -17"><span class='ocrx_word' id='word_1_98' title='bbox 419 1582 422 1587; x_wconf 17' lang='lat'><strong>,</strong></span> <span class='ocrx_word' id='word_1_99' title='bbox 461 1534 582 1573; x_wconf 88' lang='lat' dir='ltr'><strong>nem</strong></span> <span class='ocrx_word' id='word_1_100' title='bbox 617 1514 973 1581; x_wconf 82' lang='lat' dir='ltr'><strong>mortiﬁcans,</strong></span> <span class='ocrx_word' id='word_1_101' title='bbox 998 1524 1051 1569; x_wconf 93' lang='lat' dir='ltr'><strong>et</strong></span> <span class='ocrx_word' id='word_1_102' title='bbox 1077 1514 1231 1586; x_wconf 86' lang='lat' dir='ltr'><strong>quasi</strong></span> <span class='ocrx_word' id='word_1_103' title='bbox 1258 1514 1561 1570; x_wconf 81' lang='lat' dir='ltr'><strong>exanimem</strong></span> <span class='ocrx_word' id='word_1_104' title='bbox 1592 1517 1884 1585; x_wconf 87' lang='lat' dir='ltr'><strong>quamdam</strong></span> <span class='ocrx_word' id='word_1_105' title='bbox 1915 1532 2032 1572; x_wconf 92' lang='lat' dir='ltr'><strong>cru-</strong></span> 
     </span>
    </p>
   </div>
   <div class='ocr_carea' id='block_1_18' title="bbox 457 1605 2032 1677">
    <p class='ocr_par' dir='ltr' id='par_1_18' title="bbox 457 1605 2032 1677">
     <span class='ocr_line' id='line_1_18' title="bbox 457 1605 2032 1677; baseline 0.001 -16"><span class='ocrx_word' id='word_1_106' title='bbox 457 1622 578 1663; x_wconf 88' lang='lat' dir='ltr'><strong>cem</strong></span> <span class='ocrx_word' id='word_1_107' title='bbox 619 1606 724 1661; x_wconf 89' lang='lat' dir='ltr'><strong>sibi</strong></span> <span class='ocrx_word' id='word_1_108' title='bbox 772 1605 1076 1675; x_wconf 83' lang='lat' dir='ltr'><strong>imponens,</strong></span> <span class='ocrx_word' id='word_1_109' title='bbox 1106 1605 1326 1660; x_wconf 91' lang='lat' dir='ltr'><strong>minime</strong></span> <span class='ocrx_word' id='word_1_110' title='bbox 1373 1606 1445 1661; x_wconf 85' lang='lat' dir='ltr'><strong>sit</strong></span> <span class='ocrx_word' id='word_1_111' title='bbox 1495 1620 1672 1674; x_wconf 89' lang='lat' dir='ltr'><strong>neque</strong></span> <span class='ocrx_word' id='word_1_112' title='bbox 1701 1622 1823 1662; x_wconf 88' lang='lat' dir='ltr'><strong>esse</strong></span> <span class='ocrx_word' id='word_1_113' title='bbox 1856 1607 2032 1677; x_wconf 88' lang='lat' dir='ltr'><strong>possit</strong></span> 
     </span>
    </p>
   </div>
   <div class='ocr_carea' id='block_1_19' title="bbox 459 1695 2030 1767">
    <p class='ocr_par' dir='ltr' id='par_1_19' title="bbox 459 1695 2030 1767">
     <span class='ocr_line' id='line_1_19' title="bbox 459 1695 2030 1767; baseline 0.002 -15"><span class='ocrx_word' id='word_1_114' title='bbox 459 1713 546 1752; x_wconf 86' lang='lat' dir='ltr'><strong>me</strong></span> <span class='ocrx_word' id='word_1_115' title='bbox 589 1697 801 1767; x_wconf 82' lang='lat' dir='ltr'><strong>.lignus.</strong></span> <span class='ocrx_word' id='word_1_116' title='bbox 850 1695 1077 1751; x_wconf 83' lang='lat' dir='ltr'><strong>Culmen</strong></span> <span class='ocrx_word' id='word_1_117' title='bbox 1118 1696 1301 1765; x_wconf 89' lang='lat' dir='ltr'><strong>itaque</strong></span> <span class='ocrx_word' id='word_1_118' title='bbox 1348 1696 1706 1767; x_wconf 91' lang='lat' dir='ltr'><strong>philosophici</strong></span> <span class='ocrx_word' id='word_1_119' title='bbox 1738 1701 1905 1755; x_wconf 88' lang='lat' dir='ltr'><strong>moris</strong></span> <span class='ocrx_word' id='word_1_120' title='bbox 1947 1701 2030 1755; x_wconf 89' lang='lat' dir='ltr'><strong>his</strong></span> 
     </span>
    </p>
   </div>
   <div class='ocr_carea' id='block_1_20' title="bbox 457 1768 2106 1858">
    <p class='ocr_par' dir='ltr' id='par_1_20' title="bbox 457 1768 2106 1858">
     <span class='ocr_line' id='line_1_20' title="bbox 457 1768 2106 1858; baseline 0.002 -17"><span class='ocrx_word' id='word_1_121' title='bbox 457 1788 640 1841; x_wconf 82' lang='lat' dir='ltr'><strong>verbis</strong></span> <span class='ocrx_word' id='word_1_122' title='bbox 683 1794 1057 1855; x_wconf 41' lang='lat' dir='ltr'><strong>repraesentat,</strong></span> <span class='ocrx_word' id='word_1_123' title='bbox 1106 1786 1403 1857; x_wconf 88' lang='lat' dir='ltr'><strong>discipulos</strong></span> <span class='ocrx_word' id='word_1_124' title='bbox 1437 1802 1566 1843; x_wconf 90' lang='lat' dir='ltr'><strong>suos</strong></span> <span class='ocrx_word' id='word_1_125' title='bbox 1602 1798 1854 1858; x_wconf 86' lang='lat' dir='ltr'><strong>tanquam</strong></span> <span class='ocrx_word' id='word_1_126' title='bbox 1886 1790 2034 1845; x_wconf 88' lang='lat' dir='ltr'><strong>viros</strong></span> <span class='ocrx_word' id='word_1_127' title='bbox 2064 1768 2106 1822; x_wconf 69' lang='grc' dir='ltr'>Β</span> 
     </span>
    </p>
   </div>
   <div class='ocr_carea' id='block_1_21' title="bbox 458 1877 2038 1950">
    <p class='ocr_par' dir='ltr' id='par_1_21' title="bbox 458 1877 2038 1950">
     <span class='ocr_line' id='line_1_21' title="bbox 458 1877 2038 1950; baseline 0.003 -17"><span class='ocrx_word' id='word_1_128' title='bbox 458 1879 723 1934; x_wconf 81' lang='lat' dir='ltr'><strong>militares</strong></span> <span class='ocrx_word' id='word_1_129' title='bbox 760 1878 830 1933; x_wconf 89' lang='lat' dir='ltr'><strong>ad</strong></span> <span class='ocrx_word' id='word_1_130' title='bbox 886 1877 1163 1950; x_wconf 75' lang='lat' dir='ltr'><strong>fastigium</strong></span> <span class='ocrx_word' id='word_1_131' title='bbox 1204 1879 1423 1935; x_wconf 90' lang='lat' dir='ltr'><strong>virtutis</strong></span> <span class='ocrx_word' id='word_1_132' title='bbox 1476 1881 1843 1937; x_wconf 87' lang='lat' dir='ltr'><strong>conscendere</strong></span> <span class='ocrx_word' id='word_1_133' title='bbox 1899 1883 2038 1937; x_wconf 89' lang='lat' dir='ltr'><strong>iuvi—</strong></span> 
     </span>
    </p>
   </div>
   <div class='ocr_carea' id='block_1_22' title="bbox 531 2063 2038 2135">
    <p class='ocr_par' dir='ltr' id='par_1_22' title="bbox 531 2063 2038 2135">
     <span class='ocr_line' id='line_1_22' title="bbox 531 2063 2038 2135; baseline 0.003 -17"><span class='ocrx_word' id='word_1_134' title='bbox 531 2064 799 2133; x_wconf 87' lang='lat' dir='ltr'><strong>Quoniam</strong></span> <span class='ocrx_word' id='word_1_135' title='bbox 846 2079 952 2121; x_wconf 92' lang='lat' dir='ltr'><strong>non</strong></span> <span class='ocrx_word' id='word_1_136' title='bbox 1004 2064 1176 2121; x_wconf 91' lang='lat' dir='ltr'><strong>solum</strong></span> <span class='ocrx_word' id='word_1_137' title='bbox 1214 2063 1334 2134; x_wconf 89' lang='lat' dir='ltr'><strong>plus</strong></span> <span class='ocrx_word' id='word_1_138' title='bbox 1364 2080 1525 2135; x_wconf 86' lang='lat' dir='ltr'><strong>quam</strong></span> <span class='ocrx_word' id='word_1_139' title='bbox 1576 2075 1782 2135; x_wconf 84' lang='lat' dir='ltr'><strong>patrem</strong></span> <span class='ocrx_word' id='word_1_140' title='bbox 1823 2082 1885 2122; x_wconf 92' lang='lat' dir='ltr'><strong>ac</strong></span> <span class='ocrx_word' id='word_1_141' title='bbox 1922 2083 2038 2122; x_wconf 85' lang='lat' dir='ltr'><strong>ma-</strong></span> 
     </span>
    </p>
   </div>
   <div class='ocr_carea' id='block_1_23' title="bbox 460 2154 2035 2226">
    <p class='ocr_par' dir='ltr' id='par_1_23' title="bbox 460 2154 2035 2226">
     <span class='ocr_line' id='line_1_23' title="bbox 460 2154 2035 2226; baseline 0.002 -18"><span class='ocrx_word' id='word_1_142' title='bbox 460 2163 598 2210; x_wconf 90' lang='lat' dir='ltr'><strong>trem</strong></span> <span class='ocrx_word' id='word_1_143' title='bbox 622 2164 677 2209; x_wconf 91' lang='lat' dir='ltr'><strong>et</strong></span> <span class='ocrx_word' id='word_1_144' title='bbox 699 2155 921 2219; x_wconf 90' lang='lat' dir='ltr'><strong>liberos,</strong></span> <span class='ocrx_word' id='word_1_145' title='bbox 957 2167 1145 2207; x_wconf 90' lang='lat' dir='ltr'><strong>verum</strong></span> <span class='ocrx_word' id='word_1_146' title='bbox 1186 2154 1350 2209; x_wconf 87' lang='lat' dir='ltr'><strong>etiam</strong></span> <span class='ocrx_word' id='word_1_147' title='bbox 1393 2154 1511 2224; x_wconf 86' lang='lat' dir='ltr'><strong>plus</strong></span> <span class='ocrx_word' id='word_1_148' title='bbox 1554 2170 1715 2224; x_wconf 87' lang='lat' dir='ltr'><strong>quam</strong></span> <span class='ocrx_word' id='word_1_149' title='bbox 1757 2158 2035 2226; x_wconf 79' lang='lat' dir='ltr'><strong>prepriuui</strong></span> 
     </span>
    </p>
   </div>
   <div class='ocr_carea' id='block_1_24' title="bbox 458 2247 2037 2319">
    <p class='ocr_par' dir='ltr' id='par_1_24' title="bbox 458 2247 2037 2319">
     <span class='ocr_line' id='line_1_24' title="bbox 458 2247 2037 2319; baseline -0.001 -14"><span class='ocrx_word' id='word_1_150' title='bbox 458 2264 682 2319; x_wconf 86' lang='lat' dir='ltr'><strong>corpus,</strong></span> <span class='ocrx_word' id='word_1_151' title='bbox 714 2247 1008 2303; x_wconf 90' lang='lat' dir='ltr'><strong>amicitiam</strong></span> <span class='ocrx_word' id='word_1_152' title='bbox 1056 2247 1223 2315; x_wconf 88' lang='lat' dir='ltr'><strong>ipsius</strong></span> <span class='ocrx_word' id='word_1_153' title='bbox 1272 2248 1647 2302; x_wconf 69' lang='lat' dir='ltr'><strong>aestimandam</strong></span> <span class='ocrx_word' id='word_1_154' title='bbox 1692 2263 1812 2304; x_wconf 89' lang='lat' dir='ltr'><strong>esse</strong></span> <span class='ocrx_word' id='word_1_155' title='bbox 1840 2251 2037 2304; x_wconf 85' lang='lat' dir='ltr'><strong>docue-</strong></span> 
     </span>
    </p>
   </div>
   <div class='ocr_carea' id='block_1_25' title="bbox 460 2339 2036 2412">
    <p class='ocr_par' dir='ltr' id='par_1_25' title="bbox 460 2339 2036 2412">
     <span class='ocr_line' id='line_1_25' title="bbox 460 2339 2036 2412; baseline 0.002 -17"><span class='ocrx_word' id='word_1_156' title='bbox 460 2352 582 2407; x_wconf 81' lang='lat' dir='ltr'><strong>rat;</strong></span> <span class='ocrx_word' id='word_1_157' title='bbox 612 2354 719 2395; x_wconf 93' lang='lat' dir='ltr'><strong>uno</strong></span> <span class='ocrx_word' id='word_1_158' title='bbox 746 2339 921 2394; x_wconf 92' lang='lat' dir='ltr'><strong>adhuc</strong></span> <span class='ocrx_word' id='word_1_159' title='bbox 967 2339 1195 2408; x_wconf 85' lang='lat' dir='ltr'><strong>reliquo,</strong></span> <span class='ocrx_word' id='word_1_160' title='bbox 1232 2339 1407 2409; x_wconf 87' lang='lat' dir='ltr'><strong>magis</strong></span> <span class='ocrx_word' id='word_1_161' title='bbox 1432 2339 1596 2394; x_wconf 84' lang='lat' dir='ltr'><strong>etiam</strong></span> <span class='ocrx_word' id='word_1_162' title='bbox 1646 2356 1805 2406; x_wconf 83' lang='lat' dir='ltr'><strong>quam</strong></span> <span class='ocrx_word' id='word_1_163' title='bbox 1839 2358 2036 2412; x_wconf 89' lang='lat' dir='ltr'><strong>corpus</strong></span> 
     </span>
    </p>
   </div>
   <div class='ocr_carea' id='block_1_26' title="bbox 459 2430 2031 2500">
    <p class='ocr_par' dir='ltr' id='par_1_26' title="bbox 459 2430 2031 2500">
     <span class='ocr_line' id='line_1_26' title="bbox 459 2430 2031 2500; baseline 0.002 -14"><span class='ocrx_word' id='word_1_164' title='bbox 459 2430 793 2494; x_wconf 82' lang='lat' dir='ltr'><strong>necessario,</strong></span> <span class='ocrx_word' id='word_1_165' title='bbox 841 2430 895 2484; x_wconf 89' lang='lat' dir='ltr'><strong>id</strong></span> <span class='ocrx_word' id='word_1_166' title='bbox 946 2440 1033 2484; x_wconf 90' lang='lat' dir='ltr'><strong>est</strong></span> <span class='ocrx_word' id='word_1_167' title='bbox 1076 2430 1293 2496; x_wconf 90' lang='lat' dir='ltr'><strong>anima;</strong></span> <span class='ocrx_word' id='word_1_168' title='bbox 1356 2445 1664 2485; x_wconf 90' lang='lat' dir='ltr'><strong>sermonem</strong></span> <span class='ocrx_word' id='word_1_169' title='bbox 1726 2433 2031 2500; x_wconf 89' lang='lat' dir='ltr'><strong>intendens,</strong></span> 
     </span>
    </p>
   </div>
   <div class='ocr_carea' id='block_1_27' title="bbox 460 2520 2033 2591">
    <p class='ocr_par' dir='ltr' id='par_1_27' title="bbox 460 2520 2033 2591">
     <span class='ocr_line' id='line_1_27' title="bbox 460 2520 2033 2591; baseline 0.001 -14"><span class='ocrx_word' id='word_1_170' title='bbox 460 2524 527 2578; x_wconf 89' lang='lat' dir='ltr'><strong>de</strong></span> <span class='ocrx_word' id='word_1_171' title='bbox 555 2523 657 2576; x_wconf 91' lang='lat' dir='ltr'><strong>hac</strong></span> <span class='ocrx_word' id='word_1_172' title='bbox 676 2535 889 2591; x_wconf 90' lang='lat' dir='ltr'><strong>quoque</strong></span> <span class='ocrx_word' id='word_1_173' title='bbox 918 2520 988 2574; x_wconf 87' lang='lat' dir='ltr'><strong>ita</strong></span> <span class='ocrx_word' id='word_1_174' title='bbox 1019 2520 1231 2575; x_wconf 86' lang='lat' dir='ltr'><strong>locutus</strong></span> <span class='ocrx_word' id='word_1_175' title='bbox 1253 2532 1337 2576; x_wconf 92' lang='lat' dir='ltr'><strong>est</strong></span> <span class='ocrx_word' id='word_1_176' title='bbox 1369 2539 1383 2574; x_wconf 90' lang='lat'><strong>:</strong></span> <span class='ocrx_word' id='word_1_177' title='bbox 1418 2521 1521 2587; x_wconf 85' lang='lat' dir='ltr'><strong>Qui</strong></span> <span class='ocrx_word' id='word_1_178' title='bbox 1544 2539 1650 2575; x_wconf 86' lang='lat' dir='ltr'><strong>non</strong></span> <span class='ocrx_word' id='word_1_179' title='bbox 1680 2522 1847 2576; x_wconf 85' lang='lat' dir='ltr'><strong>oderit</strong></span> <span class='ocrx_word' id='word_1_180' title='bbox 1878 2525 2033 2579; x_wconf 84' lang='lat' dir='ltr'><strong>etiam</strong></span> 
     </span>
    </p>
   </div>
   <div class='ocr_carea' id='block_1_28' title="bbox 462 2613 2031 2684">
    <p class='ocr_par' dir='ltr' id='par_1_28' title="bbox 462 2613 2031 2684">
     <span class='ocr_line' id='line_1_28' title="bbox 462 2613 2031 2684; baseline 0.005 -20"><span class='ocrx_word' id='word_1_181' title='bbox 462 2613 695 2665; x_wconf 79' lang='lat' dir='ltr'><strong>animum</strong></span> <span class='ocrx_word' id='word_1_182' title='bbox 725 2628 897 2676; x_wconf 78' lang='lat' dir='ltr'><strong>suam,</strong></span> <span class='ocrx_word' id='word_1_183' title='bbox 929 2627 1033 2663; x_wconf 84' lang='lat' dir='ltr'><strong>non</strong></span> <span class='ocrx_word' id='word_1_184' title='bbox 1058 2623 1225 2681; x_wconf 75' lang='lat' dir='ltr'><strong>potest</strong></span> <span class='ocrx_word' id='word_1_185' title='bbox 1257 2630 1401 2668; x_wconf 71' lang='lat' dir='ltr'><strong>meus</strong></span> <span class='ocrx_word' id='word_1_186' title='bbox 1432 2631 1543 2668; x_wconf 81' lang='lat' dir='ltr'><strong>esse</strong></span> <span class='ocrx_word' id='word_1_187' title='bbox 1587 2615 1894 2684; x_wconf 75' lang='lat' dir='ltr'><strong>discipulus.</strong></span> <span class='ocrx_word' id='word_1_188' title='bbox 1934 2616 2031 2671; x_wconf 88' lang='lat' dir='ltr'><strong>Se-</strong></span> 
     </span>
    </p>
   </div>
   <div class='ocr_carea' id='block_1_29' title="bbox 462 2702 2034 2769">
    <p class='ocr_par' dir='ltr' id='par_1_29' title="bbox 462 2702 2034 2769">
     <span class='ocr_line' id='line_1_29' title="bbox 462 2702 2034 2769; baseline 0.003 -13"><span class='ocrx_word' id='word_1_189' title='bbox 462 2704 696 2758; x_wconf 90' lang='lat' dir='ltr'><strong>cundum</strong></span> <span class='ocrx_word' id='word_1_190' title='bbox 737 2718 866 2757; x_wconf 89' lang='lat' dir='ltr'><strong>vero</strong></span> <span class='ocrx_word' id='word_1_191' title='bbox 922 2702 1232 2757; x_wconf 73' lang='lat' dir='ltr'><strong>Matthteum</strong></span> <span class='ocrx_word' id='word_1_192' title='bbox 1286 2722 1301 2759; x_wconf 91' lang='lat'><strong>:</strong></span> <span class='ocrx_word' id='word_1_193' title='bbox 1344 2704 1451 2769; x_wconf 84' lang='lat' dir='ltr'><strong>Qui</strong></span> <span class='ocrx_word' id='word_1_194' title='bbox 1496 2707 1748 2760; x_wconf 80' lang='lat' dir='ltr'><strong>invenerit</strong></span> <span class='ocrx_word' id='word_1_195' title='bbox 1802 2706 2034 2762; x_wconf 85' lang='lat' dir='ltr'><strong>animam</strong></span> 
     </span>
    </p>
   </div>
   <div class='ocr_carea' id='block_1_30' title="bbox 462 2797 2031 2869">
    <p class='ocr_par' dir='ltr' id='par_1_30' title="bbox 462 2797 2031 2869">
     <span class='ocr_line' id='line_1_30' title="bbox 462 2797 2031 2869; baseline 0.004 -22"><span class='ocrx_word' id='word_1_196' title='bbox 462 2810 636 2859; x_wconf 75' lang='lat' dir='ltr'><strong>suam,</strong></span> <span class='ocrx_word' id='word_1_197' title='bbox 663 2797 841 2863; x_wconf 88' lang='lat' dir='ltr'><strong>perdet</strong></span> <span class='ocrx_word' id='word_1_198' title='bbox 868 2811 983 2848; x_wconf 88' lang='lat' dir='ltr'><strong>eam</strong></span> <span class='ocrx_word' id='word_1_199' title='bbox 1010 2811 1028 2848; x_wconf 93' lang='lat'><strong><em>:</em></strong></span> <span class='ocrx_word' id='word_1_200' title='bbox 1057 2806 1102 2849; x_wconf 88' lang='lat' dir='ltr'><strong>et</strong></span> <span class='ocrx_word' id='word_1_201' title='bbox 1133 2798 1224 2863; x_wconf 88' lang='lat' dir='ltr'><strong>qui</strong></span> <span class='ocrx_word' id='word_1_202' title='bbox 1247 2812 1362 2849; x_wconf 87' lang='lat' dir='ltr'><strong>eam</strong></span> <span class='ocrx_word' id='word_1_203' title='bbox 1386 2798 1675 2860; x_wconf 71' lang='lat' dir='ltr'><strong>perdiderit</strong></span> <span class='ocrx_word' id='word_1_204' title='bbox 1698 2807 1911 2869; x_wconf 84' lang='lat' dir='ltr'><strong>propter</strong></span> <span class='ocrx_word' id='word_1_205' title='bbox 1930 2816 2031 2865; x_wconf 89' lang='lat' dir='ltr'><strong>me,</strong></span> 
     </span>
    </p>
   </div>
   <div class='ocr_carea' id='block_1_31' title="bbox 463 2885 2033 2968">
    <p class='ocr_par' dir='ltr' id='par_1_31' title="bbox 463 2885 2033 2968">
     <span class='ocr_line' id='line_1_31' title="bbox 463 2885 2033 2968; baseline 0.006 -30"><span class='ocrx_word' id='word_1_206' title='bbox 463 2887 686 2941; x_wconf 82' lang='lat' dir='ltr'><strong>inveniet</strong></span> <span class='ocrx_word' id='word_1_207' title='bbox 717 2887 916 2941; x_wconf 75' lang='lat' dir='ltr'><strong>eam“.</strong></span> <span class='ocrx_word' id='word_1_208' title='bbox 948 2885 1065 2940; x_wconf 82' lang='lat' dir='ltr'><strong>Non</strong></span> <span class='ocrx_word' id='word_1_209' title='bbox 1102 2888 1245 2940; x_wconf 88' lang='lat' dir='ltr'><strong>enim</strong></span> <span class='ocrx_word' id='word_1_210' title='bbox 1280 2888 1432 2954; x_wconf 86' lang='lat' dir='ltr'><strong>mihi,</strong></span> <span class='ocrx_word' id='word_1_211' title='bbox 1459 2890 1654 2958; x_wconf 88' lang='lat' dir='ltr'><strong>inquit,</strong></span> <span class='ocrx_word' id='word_1_212' title='bbox 1684 2890 1750 2946; x_wconf 89' lang='lat' dir='ltr'><strong>de</strong></span> <span class='ocrx_word' id='word_1_213' title='bbox 1795 2893 2033 2968; x_wconf 70' lang='lat' dir='ltr'><strong>exterio-</strong></span> 
     </span>
    </p>
   </div>
   <div class='ocr_carea' id='block_1_32' title="bbox 463 2979 2029 3048">
    <p class='ocr_par' dir='ltr' id='par_1_32' title="bbox 463 2979 2029 3048">
     <span class='ocr_line' id='line_1_32' title="bbox 463 2979 2029 3048; baseline 0.004 -19"><span class='ocrx_word' id='word_1_214' title='bbox 463 2979 613 3031; x_wconf 89' lang='lat' dir='ltr'><strong>ribus</strong></span> <span class='ocrx_word' id='word_1_215' title='bbox 655 2992 838 3032; x_wconf 90' lang='lat' dir='ltr'><strong>sermo</strong></span> <span class='ocrx_word' id='word_1_216' title='bbox 879 2986 983 3038; x_wconf 89' lang='lat' dir='ltr'><strong>est.</strong></span> <span class='ocrx_word' id='word_1_217' title='bbox 1020 2992 1198 3046; x_wconf 87' lang='lat' dir='ltr'><strong>neque</strong></span> <span class='ocrx_word' id='word_1_218' title='bbox 1246 2979 1313 3032; x_wconf 88' lang='lat' dir='ltr'><strong>de</strong></span> <span class='ocrx_word' id='word_1_219' title='bbox 1363 2982 1677 3048; x_wconf 87' lang='lat' dir='ltr'><strong>parentibus</strong></span> <span class='ocrx_word' id='word_1_220' title='bbox 1724 2990 1781 3036; x_wconf 92' lang='lat' dir='ltr'><strong>et</strong></span> <span class='ocrx_word' id='word_1_221' title='bbox 1825 2982 2029 3048; x_wconf 91' lang='lat' dir='ltr'><strong>liberis,</strong></span> 
     </span>
    </p>
   </div>
   <div class='ocr_carea' id='block_1_33' title="bbox 461 3068 2103 3157">
    <p class='ocr_par' dir='ltr' id='par_1_33' title="bbox 461 3068 2103 3157">
     <span class='ocr_line' id='line_1_33' title="bbox 461 3068 2103 3157; baseline 0.005 -36"><span class='ocrx_word' id='word_1_222' title='bbox 461 3069 555 3121; x_wconf 86' lang='lat' dir='ltr'><strong>sed</strong></span> <span class='ocrx_word' id='word_1_223' title='bbox 583 3083 649 3120; x_wconf 90' lang='lat' dir='ltr'><strong>ne</strong></span> <span class='ocrx_word' id='word_1_224' title='bbox 675 3068 740 3122; x_wconf 91' lang='lat' dir='ltr'><strong>de</strong></span> <span class='ocrx_word' id='word_1_225' title='bbox 772 3068 886 3136; x_wconf 91' lang='lat' dir='ltr'><strong>ipso</strong></span> <span class='ocrx_word' id='word_1_226' title='bbox 924 3070 1142 3137; x_wconf 88' lang='lat' dir='ltr'><strong>quidem</strong></span> <span class='ocrx_word' id='word_1_227' title='bbox 1170 3083 1396 3139; x_wconf 91' lang='lat' dir='ltr'><strong>corpore</strong></span> <span class='ocrx_word' id='word_1_228' title='bbox 1429 3078 1483 3125; x_wconf 87' lang='lat' dir='ltr'><strong>et</strong></span> <span class='ocrx_word' id='word_1_229' title='bbox 1521 3086 1688 3127; x_wconf 89' lang='lat' dir='ltr'><strong>carne</strong></span> <span class='ocrx_word' id='word_1_230' title='bbox 1732 3074 1834 3129; x_wconf 92' lang='lat' dir='ltr'><strong>hac</strong></span> <span class='ocrx_word' id='word_1_231' title='bbox 1877 3073 2034 3129; x_wconf 82' lang='lat' dir='ltr'><strong>facile</strong></span> <span class='ocrx_word' id='word_1_232' title='bbox 2061 3099 2103 3157; x_wconf 68' lang='grc' dir='ltr'><strong><em>ε</em></strong></span> 
     </span>
    </p>
   </div>
   <div class='ocr_carea' id='block_1_34' title="bbox 464 3160 2031 3232">
    <p class='ocr_par' dir='ltr' id='par_1_34' title="bbox 464 3160 2031 3232">
     <span class='ocr_line' id='line_1_34' title="bbox 464 3160 2031 3232; baseline 0.005 -21"><span class='ocrx_word' id='word_1_233' title='bbox 464 3160 830 3227; x_wconf 88' lang='lat' dir='ltr'><strong>corruptibili,</strong></span> <span class='ocrx_word' id='word_1_234' title='bbox 871 3175 992 3229; x_wconf 63' lang='lat' dir='ltr'><strong>quae</strong></span> <span class='ocrx_word' id='word_1_235' title='bbox 1025 3175 1218 3229; x_wconf 86' lang='lat' dir='ltr'><strong>parum</strong></span> <span class='ocrx_word' id='word_1_236' title='bbox 1253 3176 1448 3216; x_wconf 87' lang='lat' dir='ltr'><strong>curare</strong></span> <span class='ocrx_word' id='word_1_237' title='bbox 1471 3162 1657 3232; x_wconf 88' lang='lat' dir='ltr'><strong>jubeo,</strong></span> <span class='ocrx_word' id='word_1_238' title='bbox 1688 3164 1814 3219; x_wconf 89' lang='lat' dir='ltr'><strong>dum</strong></span> <span class='ocrx_word' id='word_1_239' title='bbox 1842 3174 2031 3221; x_wconf 86' lang='lat' dir='ltr'><strong>contra</strong></span> 
     </span>
    </p>
   </div>
   <div class='ocr_carea' id='block_1_35' title="bbox 460 3251 2033 3322">
    <p class='ocr_par' dir='ltr' id='par_1_35' title="bbox 460 3251 2033 3322">
     <span class='ocr_line' id='line_1_35' title="bbox 460 3251 2033 3322; baseline 0.005 -18"><span class='ocrx_word' id='word_1_240' title='bbox 460 3265 575 3319; x_wconf 71' lang='lat' dir='ltr'><strong>pra:</strong></span> <span class='ocrx_word' id='word_1_241' title='bbox 604 3251 858 3307; x_wconf 92' lang='lat' dir='ltr'><strong>omnibus</strong></span> <span class='ocrx_word' id='word_1_242' title='bbox 907 3254 961 3307; x_wconf 92' lang='lat' dir='ltr'><strong>in</strong></span> <span class='ocrx_word' id='word_1_243' title='bbox 1008 3252 1185 3322; x_wconf 89' lang='lat' dir='ltr'><strong>pretio</strong></span> <span class='ocrx_word' id='word_1_244' title='bbox 1220 3252 1423 3313; x_wconf 81' lang='lat' dir='ltr'><strong>habere</strong></span> <span class='ocrx_word' id='word_1_245' title='bbox 1448 3269 1728 3311; x_wconf 89' lang='lat' dir='ltr'><strong>sermones</strong></span> <span class='ocrx_word' id='word_1_246' title='bbox 1757 3271 1907 3311; x_wconf 88' lang='lat' dir='ltr'><strong>meos</strong></span> <span class='ocrx_word' id='word_1_247' title='bbox 1935 3258 2033 3311; x_wconf 86' lang='lat' dir='ltr'><strong>ad-</strong></span> 
     </span>
    </p>
   </div>
   <div class='ocr_carea' id='block_1_36' title="bbox 462 3339 2030 3414">
    <p class='ocr_par' dir='ltr' id='par_1_36' title="bbox 462 3339 2030 3414">
     <span class='ocr_line' id='line_1_36' title="bbox 462 3339 2030 3414; baseline 0.004 -18"><span class='ocrx_word' id='word_1_248' title='bbox 462 3340 674 3396; x_wconf 82' lang='lat' dir='ltr'><strong>hortor.</strong></span> <span class='ocrx_word' id='word_1_249' title='bbox 708 3339 814 3396; x_wconf 90' lang='lat' dir='ltr'><strong>Sed</strong></span> <span class='ocrx_word' id='word_1_250' title='bbox 844 3341 1095 3410; x_wconf 86' lang='lat' dir='ltr'><strong>quamvis</strong></span> <span class='ocrx_word' id='word_1_251' title='bbox 1122 3341 1300 3395; x_wconf 89' lang='lat' dir='ltr'><strong>anima</strong></span> <span class='ocrx_word' id='word_1_252' title='bbox 1339 3344 1631 3411; x_wconf 87' lang='lat' dir='ltr'><strong>pretiosior</strong></span> <span class='ocrx_word' id='word_1_253' title='bbox 1660 3345 1909 3401; x_wconf 90' lang='lat' dir='ltr'><strong>omnibus</strong></span> <span class='ocrx_word' id='word_1_254' title='bbox 1941 3349 2030 3414; x_wconf 87' lang='lat' dir='ltr'><strong>sit,</strong></span> 
     </span>
    </p>
   </div>
   <div class='ocr_carea' id='block_1_37' title="bbox 463 3432 2035 3508">
    <p class='ocr_par' dir='ltr' id='par_1_37' title="bbox 463 3432 2035 3508">
     <span class='ocr_line' id='line_1_37' title="bbox 463 3432 2035 3508; baseline 0.006 -22"><span class='ocrx_word' id='word_1_255' title='bbox 463 3433 536 3486; x_wconf 81' lang='lat' dir='ltr'><strong>ita</strong></span> <span class='ocrx_word' id='word_1_256' title='bbox 567 3442 627 3487; x_wconf 92' lang='lat' dir='ltr'><strong>ut</strong></span> <span class='ocrx_word' id='word_1_257' title='bbox 652 3432 785 3488; x_wconf 91' lang='lat' dir='ltr'><strong>nihil</strong></span> <span class='ocrx_word' id='word_1_258' title='bbox 815 3434 1008 3488; x_wconf 91' lang='lat' dir='ltr'><strong>melius</strong></span> <span class='ocrx_word' id='word_1_259' title='bbox 1038 3434 1305 3504; x_wconf 76' lang='lat' dir='ltr'><strong>quiSpiam</strong></span> <span class='ocrx_word' id='word_1_260' title='bbox 1336 3435 1553 3503; x_wconf 90' lang='lat' dir='ltr'><strong>habeat,</strong></span> <span class='ocrx_word' id='word_1_261' title='bbox 1588 3435 1716 3492; x_wconf 88' lang='lat' dir='ltr'><strong>huic</strong></span> <span class='ocrx_word' id='word_1_262' title='bbox 1745 3438 1841 3508; x_wconf 90' lang='lat' dir='ltr'><strong>ipsi</strong></span> <span class='ocrx_word' id='word_1_263' title='bbox 1882 3454 2035 3496; x_wconf 85' lang='lat' dir='ltr'><strong>crea-</strong></span> 
     </span>
    </p>
   </div>
   <div class='ocr_carea' id='block_1_38' title="bbox 462 3525 2035 3600">
    <p class='ocr_par' dir='ltr' id='par_1_38' title="bbox 462 3525 2035 3600">
     <span class='ocr_line' id='line_1_38' title="bbox 462 3525 2035 3600; baseline 0.006 -21"><span class='ocrx_word' id='word_1_264' title='bbox 462 3533 546 3579; x_wconf 87' lang='lat' dir='ltr'><strong>tor</strong></span> <span class='ocrx_word' id='word_1_265' title='bbox 576 3525 696 3594; x_wconf 85' lang='lat' dir='ltr'><strong>ejus</strong></span> <span class='ocrx_word' id='word_1_266' title='bbox 741 3526 1151 3594; x_wconf 85' lang='lat' dir='ltr'><strong>anteponendus</strong></span> <span class='ocrx_word' id='word_1_267' title='bbox 1175 3535 1293 3593; x_wconf 89' lang='lat' dir='ltr'><strong>est;</strong></span> <span class='ocrx_word' id='word_1_268' title='bbox 1332 3529 1407 3582; x_wconf 88' lang='lat' dir='ltr'><strong>ita</strong></span> <span class='ocrx_word' id='word_1_269' title='bbox 1439 3537 1499 3583; x_wconf 94' lang='lat' dir='ltr'><strong>ut</strong></span> <span class='ocrx_word' id='word_1_270' title='bbox 1553 3530 1597 3583; x_wconf 90' lang='lat' dir='ltr'><strong>si</strong></span> <span class='ocrx_word' id='word_1_271' title='bbox 1655 3538 1865 3600; x_wconf 90' lang='lat' dir='ltr'><strong>tempus</strong></span> <span class='ocrx_word' id='word_1_272' title='bbox 1894 3531 2035 3588; x_wconf 88' lang='lat' dir='ltr'><strong>forte</strong></span> 
     </span>
    </p>
   </div>
   <div class='ocr_carea' id='block_1_39' title="bbox 461 3617 2035 3694">
    <p class='ocr_par' dir='ltr' id='par_1_39' title="bbox 461 3617 2035 3694">
     <span class='ocr_line' id='line_1_39' title="bbox 461 3617 2035 3694; baseline 0.006 -25"><span class='ocrx_word' id='word_1_273' title='bbox 461 3617 644 3687; x_wconf 81' lang='lat' dir='ltr'><strong>exigat</strong></span> <span class='ocrx_word' id='word_1_274' title='bbox 667 3617 797 3673; x_wconf 89' lang='lat' dir='ltr'><strong>huic</strong></span> <span class='ocrx_word' id='word_1_275' title='bbox 824 3633 1043 3688; x_wconf 91' lang='lat' dir='ltr'><strong>quoque</strong></span> <span class='ocrx_word' id='word_1_276' title='bbox 1068 3632 1174 3673; x_wconf 89' lang='lat' dir='ltr'><strong>non</strong></span> <span class='ocrx_word' id='word_1_277' title='bbox 1224 3633 1469 3688; x_wconf 84' lang='lat' dir='ltr'><strong>parcere,</strong></span> <span class='ocrx_word' id='word_1_278' title='bbox 1498 3634 1727 3689; x_wconf 89' lang='lat' dir='ltr'><strong>eamque</strong></span> <span class='ocrx_word' id='word_1_279' title='bbox 1758 3622 1925 3678; x_wconf 79' lang='lat' dir='ltr'><strong>exitio</strong></span> <span class='ocrx_word' id='word_1_280' title='bbox 1955 3625 2035 3694; x_wconf 90' lang='lat' dir='ltr'><strong>(ut</strong></span> 
     </span>
    </p>
   </div>
   <div class='ocr_carea' id='block_1_40' title="bbox 460 3708 2024 3785">
    <p class='ocr_par' dir='ltr' id='par_1_40' title="bbox 460 3708 2024 3785">
     <span class='ocr_line' id='line_1_40' title="bbox 460 3708 2024 3785; baseline 0.006 -23"><span class='ocrx_word' id='word_1_281' title='bbox 460 3708 810 3779; x_wconf 87' lang='lat' dir='ltr'><strong>hypolhetice</strong></span> <span class='ocrx_word' id='word_1_282' title='bbox 845 3708 1057 3782; x_wconf 88' lang='lat' dir='ltr'><strong>loquar)</strong></span> <span class='ocrx_word' id='word_1_283' title='bbox 1090 3725 1189 3780; x_wconf 89' lang='lat' dir='ltr'><strong>pro</strong></span> <span class='ocrx_word' id='word_1_284' title='bbox 1231 3711 1327 3765; x_wconf 87' lang='lat' dir='ltr'><strong>Dei</strong></span> <span class='ocrx_word' id='word_1_285' title='bbox 1358 3712 1506 3767; x_wconf 90' lang='lat' dir='ltr'><strong>cultu</strong></span> <span class='ocrx_word' id='word_1_286' title='bbox 1539 3713 1776 3778; x_wconf 86' lang='lat' dir='ltr'><strong>tradere,</strong></span> <span class='ocrx_word' id='word_1_287' title='bbox 1808 3715 1862 3769; x_wconf 89' lang='lat' dir='ltr'><strong>id</strong></span> <span class='ocrx_word' id='word_1_288' title='bbox 1895 3732 2024 3785; x_wconf 86' lang='lat' dir='ltr'><strong>quo-</strong></span> 
     </span>
    </p>
   </div>
   <div class='ocr_carea' id='block_1_41' title="bbox 460 3802 2029 3878">
    <p class='ocr_par' dir='ltr' id='par_1_41' title="bbox 460 3802 2029 3878">
     <span class='ocr_line' id='line_1_41' title="bbox 460 3802 2029 3878; baseline 0.008 -24"><span class='ocrx_word' id='word_1_289' title='bbox 460 3814 565 3869; x_wconf 89' lang='lat' dir='ltr'><strong>que</strong></span> <span class='ocrx_word' id='word_1_290' title='bbox 591 3802 708 3857; x_wconf 89' lang='lat' dir='ltr'><strong>sine</strong></span> <span class='ocrx_word' id='word_1_291' title='bbox 731 3803 1068 3860; x_wconf 87' lang='lat' dir='ltr'><strong>dubitatione</strong></span> <span class='ocrx_word' id='word_1_292' title='bbox 1108 3806 1377 3873; x_wconf 86' lang='lat' dir='ltr'><strong>agendum</strong></span> <span class='ocrx_word' id='word_1_293' title='bbox 1401 3805 1493 3861; x_wconf 92' lang='lat' dir='ltr'><strong>sit.</strong></span> <span class='ocrx_word' id='word_1_294' title='bbox 1530 3804 1740 3861; x_wconf 86' lang='lat' dir='ltr'><strong>Etenim</strong></span> <span class='ocrx_word' id='word_1_295' title='bbox 1769 3809 1866 3864; x_wconf 90' lang='lat' dir='ltr'><strong>soli</strong></span> <span class='ocrx_word' id='word_1_296' title='bbox 1902 3810 2029 3878; x_wconf 91' lang='lat' dir='ltr'><strong>Deo,</strong></span> 
     </span>
    </p>
   </div>
   <div class='ocr_carea' id='block_1_42' title="bbox 460 3892 2032 3968">
    <p class='ocr_par' dir='ltr' id='par_1_42' title="bbox 460 3892 2032 3968">
     <span class='ocr_line' id='line_1_42' title="bbox 460 3892 2032 3968; baseline 0.008 -24"><span class='ocrx_word' id='word_1_297' title='bbox 460 3892 727 3961; x_wconf 90' lang='lat' dir='ltr'><strong>perditam</strong></span> <span class='ocrx_word' id='word_1_298' title='bbox 775 3894 920 3963; x_wconf 92' lang='lat' dir='ltr'><strong>(dico</strong></span> <span class='ocrx_word' id='word_1_299' title='bbox 967 3910 1064 3965; x_wconf 90' lang='lat' dir='ltr'><strong>per</strong></span> <span class='ocrx_word' id='word_1_300' title='bbox 1101 3896 1466 3968; x_wconf 84' lang='lat' dir='ltr'><strong>hypothesim)</strong></span> <span class='ocrx_word' id='word_1_301' title='bbox 1519 3898 1690 3967; x_wconf 88' lang='lat' dir='ltr'><strong>ipsius</strong></span> <span class='ocrx_word' id='word_1_302' title='bbox 1722 3915 1885 3956; x_wconf 88' lang='lat' dir='ltr'><strong>causa</strong></span> <span class='ocrx_word' id='word_1_303' title='bbox 1915 3904 2032 3957; x_wconf 89' lang='lat' dir='ltr'><strong>ani-</strong></span> 
     </span>
    </p>
   </div>
   <div class='ocr_carea' id='block_1_43' title="bbox 463 3988 2033 4066">
    <p class='ocr_par' dir='ltr' id='par_1_43' title="bbox 463 3988 2033 4066">
     <span class='ocr_line' id='line_1_43' title="bbox 463 3988 2033 4066; baseline 0.008 -29"><span class='ocrx_word' id='word_1_304' title='bbox 463 3999 606 4038; x_wconf 89' lang='lat' dir='ltr'><strong>mam</strong></span> <span class='ocrx_word' id='word_1_305' title='bbox 635 4001 955 4055; x_wconf 85' lang='lat' dir='ltr'><strong>recuperare</strong></span> <span class='ocrx_word' id='word_1_306' title='bbox 986 3997 1040 4043; x_wconf 88' lang='lat' dir='ltr'><strong>et</strong></span> <span class='ocrx_word' id='word_1_307' title='bbox 1069 3988 1315 4044; x_wconf 83' lang='lat' dir='ltr'><strong>invenire</strong></span> <span class='ocrx_word' id='word_1_308' title='bbox 1346 3991 1605 4059; x_wconf 87' lang='lat' dir='ltr'><strong>possibile</strong></span> <span class='ocrx_word' id='word_1_309' title='bbox 1635 4002 1737 4048; x_wconf 87' lang='lat' dir='ltr'><strong>est.</strong></span> <span class='ocrx_word' id='word_1_310' title='bbox 1777 3994 1908 4049; x_wconf 77' lang='lat' dir='ltr'><strong>Nam</strong></span> <span class='ocrx_word' id='word_1_311' title='bbox 1941 3997 2033 4066; x_wconf 90' lang='lat' dir='ltr'><strong>qui</strong></span> 
     </span>
    </p>
   </div>
   <div class='ocr_carea' id='block_1_44' title="bbox 461 4077 2033 4152">
    <p class='ocr_par' dir='ltr' id='par_1_44' title="bbox 461 4077 2033 4152">
     <span class='ocr_line' id='line_1_44' title="bbox 461 4077 2033 4152; baseline 0.008 -24"><span class='ocrx_word' id='word_1_312' title='bbox 461 4088 583 4128; x_wconf 88' lang='lat' dir='ltr'><strong>eam</strong></span> <span class='ocrx_word' id='word_1_313' title='bbox 619 4089 883 4145; x_wconf 90' lang='lat' dir='ltr'><strong>nusquam</strong></span> <span class='ocrx_word' id='word_1_314' title='bbox 929 4077 1275 4132; x_wconf 82' lang='lat' dir='ltr'><strong>exsistentem</strong></span> <span class='ocrx_word' id='word_1_315' title='bbox 1322 4080 1498 4148; x_wconf 91' lang='lat' dir='ltr'><strong>primo</strong></span> <span class='ocrx_word' id='word_1_316' title='bbox 1547 4081 1822 4152; x_wconf 80' lang='lat' dir='ltr'><strong>formavit,</strong></span> <span class='ocrx_word' id='word_1_317' title='bbox 1874 4094 1927 4140; x_wconf 88' lang='lat' dir='ltr'><strong>et</strong></span> <span class='ocrx_word' id='word_1_318' title='bbox 1965 4102 2033 4141; x_wconf 78' lang='lat' dir='ltr'><strong>ex</strong></span> 
     </span>
    </p>
   </div>
   <div class='ocr_carea' id='block_1_45' title="bbox 464 4166 2032 4242">
    <p class='ocr_par' dir='ltr' id='par_1_45' title="bbox 464 4166 2032 4242">
     <span class='ocr_line' id='line_1_45' title="bbox 464 4166 2032 4242; baseline 0.007 -22"><span class='ocrx_word' id='word_1_319' title='bbox 464 4180 573 4220; x_wconf 89' lang='lat' dir='ltr'><strong>non</strong></span> <span class='ocrx_word' id='word_1_320' title='bbox 605 4175 852 4220; x_wconf 80' lang='lat' dir='ltr'><strong>exstante</strong></span> <span class='ocrx_word' id='word_1_321' title='bbox 883 4168 1182 4222; x_wconf 87' lang='lat' dir='ltr'><strong>subsistere</strong></span> <span class='ocrx_word' id='word_1_322' title='bbox 1208 4166 1363 4235; x_wconf 90' lang='lat' dir='ltr'><strong>fecit,</strong></span> <span class='ocrx_word' id='word_1_323' title='bbox 1396 4169 1539 4224; x_wconf 86' lang='lat' dir='ltr'><strong>haud</strong></span> <span class='ocrx_word' id='word_1_324' title='bbox 1577 4173 1749 4242; x_wconf 91' lang='lat' dir='ltr'><strong>impos</strong></span> <span class='ocrx_word' id='word_1_325' title='bbox 1781 4176 1888 4231; x_wconf 88' lang='lat' dir='ltr'><strong>erit</strong></span> <span class='ocrx_word' id='word_1_326' title='bbox 1912 4190 2032 4231; x_wconf 89' lang='lat' dir='ltr'><strong>eam</strong></span> 
     </span>
    </p>
   </div>
   <div class='ocr_carea' id='block_1_46' title="bbox 462 4258 2032 4330">
    <p class='ocr_par' dir='ltr' id='par_1_46' title="bbox 462 4258 2032 4330">
     <span class='ocr_line' id='line_1_46' title="bbox 462 4258 2032 4330; baseline 0.007 -20"><span class='ocrx_word' id='word_1_327' title='bbox 462 4272 527 4311; x_wconf 77' lang='lat' dir='ltr'><strong>ex</strong></span> <span class='ocrx_word' id='word_1_328' title='bbox 560 4258 836 4313; x_wconf 88' lang='lat' dir='ltr'><strong>hominum</strong></span> <span class='ocrx_word' id='word_1_329' title='bbox 891 4260 1167 4314; x_wconf 80' lang='lat' dir='ltr'><strong>consortio</strong></span> <span class='ocrx_word' id='word_1_330' title='bbox 1198 4261 1432 4330; x_wconf 86' lang='lat' dir='ltr'><strong>pulsam,</strong></span> <span class='ocrx_word' id='word_1_331' title='bbox 1479 4271 1533 4318; x_wconf 86' lang='lat' dir='ltr'><strong>et</strong></span> <span class='ocrx_word' id='word_1_332' title='bbox 1566 4264 1634 4320; x_wconf 87' lang='lat' dir='ltr'><strong>de</strong></span> <span class='ocrx_word' id='word_1_333' title='bbox 1673 4265 1777 4322; x_wconf 87' lang='lat' dir='ltr'><strong>hac</strong></span> <span class='ocrx_word' id='word_1_334' title='bbox 1817 4269 2032 4322; x_wconf 89' lang='lat' dir='ltr'><strong>mortali</strong></span> 
     </span>
    </p>
   </div>
   <div class='ocr_carea' id='block_1_47' title="bbox 464 4348 2031 4418">
    <p class='ocr_par' dir='ltr' id='par_1_47' title="bbox 464 4348 2031 4418">
     <span class='ocr_line' id='line_1_47' title="bbox 464 4348 2031 4418; baseline 0.01 -16"><span class='ocrx_word' id='word_1_335' title='bbox 464 4350 573 4403; x_wconf 87' lang='lat' dir='ltr'><strong>vita</strong></span> <span class='ocrx_word' id='word_1_336' title='bbox 610 4348 878 4415; x_wconf 86' lang='lat' dir='ltr'><strong>abactam,</strong></span> <span class='ocrx_word' id='word_1_337' title='bbox 916 4366 1106 4405; x_wconf 89' lang='lat' dir='ltr'><strong>rursus</strong></span> <span class='ocrx_word' id='word_1_338' title='bbox 1155 4352 1223 4404; x_wconf 88' lang='lat' dir='ltr'><strong>ad</strong></span> <span class='ocrx_word' id='word_1_339' title='bbox 1268 4352 1489 4409; x_wconf 88' lang='lat' dir='ltr'><strong>luminis</strong></span> <span class='ocrx_word' id='word_1_340' title='bbox 1548 4370 1708 4411; x_wconf 87' lang='lat' dir='ltr'><strong>auras</strong></span> <span class='ocrx_word' id='word_1_341' title='bbox 1755 4372 2031 4418; x_wconf 88' lang='lat' dir='ltr'><strong>revocare.</strong></span> 
     </span>
    </p>
   </div>
   <div class='ocr_carea' id='block_1_48' title="bbox 2133 509 3743 585">
    <p class='ocr_par' dir='ltr' id='par_1_48' title="bbox 2133 509 3743 585">
     <span class='ocr_line' id='line_1_48' title="bbox 2133 509 3743 585; baseline -0.002 -20"><span class='ocrx_word' id='word_1_342' title='bbox 2133 514 2423 583; x_wconf 84' lang='grc' dir='ltr'>προσήκει,</span> <span class='ocrx_word' id='word_1_343' title='bbox 2452 512 2545 565; x_wconf 76' lang='grc' dir='ltr'>καὶ</span> <span class='ocrx_word' id='word_1_344' title='bbox 2568 511 2756 584; x_wconf 80' lang='grc' dir='ltr'>ὥσπερ</span> <span class='ocrx_word' id='word_1_345' title='bbox 2788 512 2980 584; x_wconf 82' lang='grc' dir='ltr'>νεκρὸν</span> <span class='ocrx_word' id='word_1_346' title='bbox 3003 512 3437 585; x_wconf 70' lang='grc' dir='ltr'><strong>ἀπεργάσασθαι,</strong></span> <span class='ocrx_word' id='word_1_347' title='bbox 3463 509 3743 580; x_wconf 75' lang='grc' dir='ltr'>καθηλώ-</span> 
     </span>
    </p>
   </div>
   <div class='ocr_carea' id='block_1_49' title="bbox 2133 600 3742 674">
    <p class='ocr_par' dir='ltr' id='par_1_49' title="bbox 2133 600 3742 674">
     <span class='ocr_line' id='line_1_49' title="bbox 2133 600 3742 674; baseline -0.002 -19"><span class='ocrx_word' id='word_1_348' title='bbox 2133 618 2331 663; x_wconf 89' lang='grc' dir='ltr'>σαντας</span> <span class='ocrx_word' id='word_1_349' title='bbox 2361 601 2525 655; x_wconf 85' lang='grc' dir='ltr'>αὐτοῦ</span> <span class='ocrx_word' id='word_1_350' title='bbox 2557 602 2624 657; x_wconf 87' lang='grc' dir='ltr'><strong>τά</strong></span> <span class='ocrx_word' id='word_1_351' title='bbox 2651 601 2798 673; x_wconf 88' lang='grc' dir='ltr'>πάθη</span> <span class='ocrx_word' id='word_1_352' title='bbox 2832 604 2926 656; x_wconf 77' lang='grc' dir='ltr'><strong>καὶ</strong></span> <span class='ocrx_word' id='word_1_353' title='bbox 2957 600 3471 674; x_wconf 86' lang='grc' dir='ltr'>ἀπονεκρὼσαντας,</span> <span class='ocrx_word' id='word_1_354' title='bbox 3498 600 3585 664; x_wconf 84' lang='grc' dir='ltr'>ὡς</span> <span class='ocrx_word' id='word_1_355' title='bbox 3621 616 3742 670; x_wconf 76' lang='grc' dir='ltr'>μη-</span> 
     </span>
    </p>
   </div>
   <div class='ocr_carea' id='block_1_50' title="bbox 2130 691 3744 765">
    <p class='ocr_par' dir='ltr' id='par_1_50' title="bbox 2130 691 3744 765">
     <span class='ocr_line' id='line_1_50' title="bbox 2130 691 3744 765; baseline -0.002 -20"><span class='ocrx_word' id='word_1_356' title='bbox 2130 691 2251 745; x_wconf 87' lang='grc' dir='ltr'>κέτι</span> <span class='ocrx_word' id='word_1_357' title='bbox 2282 692 2456 745; x_wconf 89' lang='grc' dir='ltr'>δοκεῖν</span> <span class='ocrx_word' id='word_1_358' title='bbox 2479 692 2658 757; x_wconf 77' lang='grc' dir='ltr'>ζῶσαν</span> <span class='ocrx_word' id='word_1_359' title='bbox 2693 693 3010 765; x_wconf 73' lang='grc' dir='ltr'><strong>περιφέρειν</strong></span> <span class='ocrx_word' id='word_1_360' title='bbox 3050 693 3248 765; x_wconf 81' lang='grc' dir='ltr'><strong>σάρκα,</strong></span> <span class='ocrx_word' id='word_1_361' title='bbox 3273 692 3412 746; x_wconf 86' lang='grc' dir='ltr'><strong>ἀλλά</strong></span> <span class='ocrx_word' id='word_1_362' title='bbox 3449 707 3744 761; x_wconf 79' lang='grc' dir='ltr'>νενεκρω-</span> 
     </span>
    </p>
   </div>
   <div class='ocr_carea' id='block_1_51' title="bbox 2134 780 3740 856">
    <p class='ocr_par' dir='ltr' id='par_1_51' title="bbox 2134 780 3740 856">
     <span class='ocr_line' id='line_1_51' title="bbox 2134 780 3740 856; baseline 0.001 -24"><span class='ocrx_word' id='word_1_363' title='bbox 2134 780 2321 851; x_wconf 85' lang='grc' dir='ltr'>μένην,</span> <span class='ocrx_word' id='word_1_364' title='bbox 2354 782 2447 834; x_wconf 80' lang='grc' dir='ltr'><strong>καὶ</strong></span> <span class='ocrx_word' id='word_1_365' title='bbox 2467 784 2581 846; x_wconf 85' lang='grc' dir='ltr'>τοῖς</span> <span class='ocrx_word' id='word_1_366' title='bbox 2597 782 2761 846; x_wconf 82' lang='grc' dir='ltr'>θείοις</span> <span class='ocrx_word' id='word_1_367' title='bbox 2790 782 3211 856; x_wconf 86' lang='grc' dir='ltr'>παραγγέλμασι</span> <span class='ocrx_word' id='word_1_368' title='bbox 3235 781 3740 854; x_wconf 65' lang='grc' dir='ltr'>πεπερονημένηψ</span> 
     </span>
    </p>
   </div>
   <div class='ocr_carea' id='block_1_52' title="bbox 2130 871 3741 948">
    <p class='ocr_par' dir='ltr' id='par_1_52' title="bbox 2130 871 3741 948">
     <span class='ocr_line' id='line_1_52' title="bbox 2130 871 3741 948; baseline 0 -23"><span class='ocrx_word' id='word_1_369' title='bbox 2130 871 2270 926; x_wconf 84' lang='grc' dir='ltr'>ὥστε</span> <span class='ocrx_word' id='word_1_370' title='bbox 2303 874 2403 945; x_wconf 84' lang='grc' dir='ltr'><strong>τὴν</strong></span> <span class='ocrx_word' id='word_1_371' title='bbox 2430 873 2627 946; x_wconf 81' lang='grc' dir='ltr'>ψυχὴν,</span> <span class='ocrx_word' id='word_1_372' title='bbox 2653 876 2843 948; x_wconf 87' lang='grc' dir='ltr'>ἐτέρας</span> <span class='ocrx_word' id='word_1_373' title='bbox 2864 874 3030 930; x_wconf 81' lang='grc' dir='ltr'>οὖσαν</span> <span class='ocrx_word' id='word_1_374' title='bbox 3061 877 3251 940; x_wconf 78' lang='grc' dir='ltr'><strong>οὐσίας</strong></span> <span class='ocrx_word' id='word_1_375' title='bbox 3276 875 3378 945; x_wconf 83' lang='grc' dir='ltr'>τῆς</span> <span class='ocrx_word' id='word_1_376' title='bbox 3411 872 3741 944; x_wconf 76' lang='grc' dir='ltr'><strong>ἀσωμάτου</strong></span> 
     </span>
    </p>
   </div>
   <div class='ocr_carea' id='block_1_53' title="bbox 2132 965 3744 1040">
    <p class='ocr_par' dir='ltr' id='par_1_53' title="bbox 2132 965 3744 1040">
     <span class='ocr_line' id='line_1_53' title="bbox 2132 965 3744 1040; baseline 0.002 -22"><span class='ocrx_word' id='word_1_377' title='bbox 2132 965 2227 1019; x_wconf 73' lang='grc' dir='ltr'><strong>καὶ</strong></span> <span class='ocrx_word' id='word_1_378' title='bbox 2254 968 2467 1037; x_wconf 82' lang='grc' dir='ltr'><strong>νοερᾶς,</strong></span> <span class='ocrx_word' id='word_1_379' title='bbox 2497 967 2755 1039; x_wconf 88' lang='grc' dir='ltr'>τρόπαιον</span> <span class='ocrx_word' id='word_1_380' title='bbox 2802 969 3119 1040; x_wconf 81' lang='grc' dir='ltr'><strong>νικητήριον</strong></span> <span class='ocrx_word' id='word_1_381' title='bbox 3167 969 3288 1021; x_wconf 86' lang='grc' dir='ltr'>κατ’</span> <span class='ocrx_word' id='word_1_382' title='bbox 3323 965 3541 1038; x_wconf 82' lang='grc' dir='ltr'>ἐχθρῶν</span> <span class='ocrx_word' id='word_1_383' title='bbox 3581 966 3744 1034; x_wconf 77' lang='grc' dir='ltr'>ἐγεί-</span> 
     </span>
    </p>
   </div>
   <div class='ocr_carea' id='block_1_54' title="bbox 2132 1058 3738 1133">
    <p class='ocr_par' dir='ltr' id='par_1_54' title="bbox 2132 1058 3738 1133">
     <span class='ocr_line' id='line_1_54' title="bbox 2132 1058 3738 1133; baseline -0.001 -21"><span class='ocrx_word' id='word_1_384' title='bbox 2132 1077 2352 1131; x_wconf 86' lang='grc' dir='ltr'>ρουσαν,</span> <span class='ocrx_word' id='word_1_385' title='bbox 2392 1060 2454 1113; x_wconf 84' lang='grc' dir='ltr'><strong>τὸ</strong></span> <span class='ocrx_word' id='word_1_386' title='bbox 2496 1059 2654 1131; x_wconf 83' lang='grc' dir='ltr'>σῶμα</span> <span class='ocrx_word' id='word_1_387' title='bbox 2704 1060 2934 1133; x_wconf 66' lang='grc' dir='ltr'>σταυρὸν</span> <span class='ocrx_word' id='word_1_388' title='bbox 2979 1060 3154 1114; x_wconf 83' lang='grc' dir='ltr'>δοκεῖν</span> <span class='ocrx_word' id='word_1_389' title='bbox 3211 1058 3557 1130; x_wconf 83' lang='grc' dir='ltr'>περιφέρειν,</span> <span class='ocrx_word' id='word_1_390' title='bbox 3627 1059 3738 1112; x_wconf 69' lang='grc' dir='ltr'><strong>καὶ</strong></span> 
     </span>
    </p>
   </div>
   <div class='ocr_carea' id='block_1_55' title="bbox 2131 1150 3741 1226">
    <p class='ocr_par' dir='ltr' id='par_1_55' title="bbox 2131 1150 3741 1226">
     <span class='ocr_line' id='line_1_55' title="bbox 2131 1150 3741 1226; baseline 0.001 -23"><span class='ocrx_word' id='word_1_391' title='bbox 2131 1150 2321 1222; x_wconf 85' lang='grc' dir='ltr'>νεκρὸν</span> <span class='ocrx_word' id='word_1_392' title='bbox 2337 1150 2523 1223; x_wconf 83' lang='grc' dir='ltr'>ὥσπερ</span> <span class='ocrx_word' id='word_1_393' title='bbox 2545 1151 2774 1224; x_wconf 72' lang='grc' dir='ltr'>ὄργανον</span> <span class='ocrx_word' id='word_1_394' title='bbox 2805 1152 3221 1226; x_wconf 85' lang='grc' dir='ltr'>ἀχθηφοροῦσαν</span> <span class='ocrx_word' id='word_1_395' title='bbox 3247 1153 3479 1208; x_wconf 74' lang='grc' dir='ltr'>ἕπεσθαι</span> <span class='ocrx_word' id='word_1_396' title='bbox 3502 1152 3589 1224; x_wconf 83' lang='grc' dir='ltr'>τῷ</span> <span class='ocrx_word' id='word_1_397' title='bbox 3638 1152 3741 1205; x_wconf 83' lang='grc' dir='ltr'>λό-</span> 
     </span>
    </p>
   </div>
   <div class='ocr_carea' id='block_1_56' title="bbox 2130 1243 3738 1318">
    <p class='ocr_par' dir='ltr' id='par_1_56' title="bbox 2130 1243 3738 1318">
     <span class='ocr_line' id='line_1_56' title="bbox 2130 1243 3738 1318; baseline 0.001 -22"><span class='ocrx_word' id='word_1_398' title='bbox 2130 1260 2214 1314; x_wconf 87' lang='grc' dir='ltr'>γῳ</span> <span class='ocrx_word' id='word_1_399' title='bbox 2244 1243 2398 1315; x_wconf 87' lang='grc' dir='ltr'>δίκην</span> <span class='ocrx_word' id='word_1_400' title='bbox 2423 1245 2671 1312; x_wconf 75' lang='grc' dir='ltr'>γενναίου</span> <span class='ocrx_word' id='word_1_401' title='bbox 2705 1245 3033 1318; x_wconf 85' lang='grc' dir='ltr'>στρατιώτου</span> <span class='ocrx_word' id='word_1_402' title='bbox 3074 1246 3140 1300; x_wconf 83' lang='grc' dir='ltr'>τὰ</span> <span class='ocrx_word' id='word_1_403' title='bbox 3169 1245 3396 1318; x_wconf 77' lang='grc' dir='ltr'>βραδεῖα</span> <span class='ocrx_word' id='word_1_404' title='bbox 3424 1246 3529 1317; x_wconf 84' lang='grc' dir='ltr'>τῆς</span> <span class='ocrx_word' id='word_1_405' title='bbox 3555 1244 3738 1315; x_wconf 72' lang='grc' dir='ltr'>νίκης</span> 
     </span>
    </p>
   </div>
   <div class='ocr_carea' id='block_1_57' title="bbox 2131 1333 3737 1411">
    <p class='ocr_par' dir='ltr' id='par_1_57' title="bbox 2131 1333 3737 1411">
     <span class='ocr_line' id='line_1_57' title="bbox 2131 1333 3737 1411; baseline -0.001 -24"><span class='ocrx_word' id='word_1_406' title='bbox 2131 1334 2253 1387; x_wconf 82' lang='grc' dir='ltr'>κατ’</span> <span class='ocrx_word' id='word_1_407' title='bbox 2284 1333 2490 1405; x_wconf 82' lang='grc' dir='ltr'>ἐχθρῶν</span> <span class='ocrx_word' id='word_1_408' title='bbox 2520 1335 2997 1406; x_wconf 75' lang='grc' dir='ltr'>ἐπικομιζομένου.</span> <span class='ocrx_word' id='word_1_409' title='bbox 3134 1336 3245 1407; x_wconf 76' lang='grc' dir='ltr'>γὰρ</span> <span class='ocrx_word' id='word_1_410' title='bbox 3282 1337 3355 1407; x_wconf 84' lang='grc' dir='ltr'>μὴ</span> <span class='ocrx_word' id='word_1_411' title='bbox 3390 1334 3589 1389; x_wconf 78' lang='grc' dir='ltr'>τοῦτον</span> <span class='ocrx_word' id='word_1_412' title='bbox 3634 1336 3737 1387; x_wconf 69' lang='grc' dir='ltr'><strong>τὸν</strong></span> 
     </span>
    </p>
   </div>
   <div class='ocr_carea' id='block_1_58' title="bbox 2130 1426 3737 1501">
    <p class='ocr_par' dir='ltr' id='par_1_58' title="bbox 2130 1426 3737 1501">
     <span class='ocr_line' id='line_1_58' title="bbox 2130 1426 3737 1501; baseline 0.001 -21"><span class='ocrx_word' id='word_1_413' title='bbox 2130 1428 2330 1499; x_wconf 78' lang='grc' dir='ltr'>τρόπον</span> <span class='ocrx_word' id='word_1_414' title='bbox 2361 1426 2711 1500; x_wconf 86' lang='grc' dir='ltr'>ἀκολουθήσει</span> <span class='ocrx_word' id='word_1_415' title='bbox 2746 1446 2867 1500; x_wconf 72' lang='grc' dir='ltr'>μοι,</span> <span class='ocrx_word' id='word_1_416' title='bbox 2896 1430 3079 1501; x_wconf 79' lang='grc' dir='ltr'>φησὶν,</span> <span class='ocrx_word' id='word_1_417' title='bbox 3110 1432 3138 1483; x_wconf 89' lang='grc' dir='ltr'>ὁ</span> <span class='ocrx_word' id='word_1_418' title='bbox 3168 1431 3292 1501; x_wconf 72' lang='grc' dir='ltr'>ἐμοὶ</span> <span class='ocrx_word' id='word_1_419' title='bbox 3338 1427 3737 1501; x_wconf 82' lang='grc' dir='ltr'>μαθητευόμε-</span> 
     </span>
    </p>
   </div>
   <div class='ocr_carea' id='block_1_59' title="bbox 2132 1517 3735 1593">
    <p class='ocr_par' dir='ltr' id='par_1_59' title="bbox 2132 1517 3735 1593">
     <span class='ocr_line' id='line_1_59' title="bbox 2132 1517 3735 1593; baseline -0.003 -21"><span class='ocrx_word' id='word_1_420' title='bbox 2132 1535 2241 1583; x_wconf 89' lang='grc' dir='ltr'>νος,</span> <span class='ocrx_word' id='word_1_421' title='bbox 2266 1518 2328 1571; x_wconf 79' lang='grc' dir='ltr'>τὸ</span> <span class='ocrx_word' id='word_1_422' title='bbox 2356 1518 2550 1572; x_wconf 79' lang='grc' dir='ltr'>ἑαυτοῦ</span> <span class='ocrx_word' id='word_1_423' title='bbox 2587 1518 2748 1590; x_wconf 85' lang='grc' dir='ltr'>σῶμα</span> <span class='ocrx_word' id='word_1_424' title='bbox 2791 1520 2887 1574; x_wconf 73' lang='grc' dir='ltr'><strong>καὶ</strong></span> <span class='ocrx_word' id='word_1_425' title='bbox 2922 1520 3022 1592; x_wconf 84' lang='grc' dir='ltr'>τὴν</span> <span class='ocrx_word' id='word_1_426' title='bbox 3058 1520 3238 1593; x_wconf 85' lang='grc' dir='ltr'>σάρκα</span> <span class='ocrx_word' id='word_1_427' title='bbox 3273 1518 3584 1591; x_wconf 75' lang='grc' dir='ltr'>νεκρώσας,</span> <span class='ocrx_word' id='word_1_428' title='bbox 3627 1517 3735 1576; x_wconf 71' lang='grc' dir='ltr'><strong>καὶ</strong></span> 
     </span>
    </p>
   </div>
   <div class='ocr_carea' id='block_1_60' title="bbox 2131 1603 3736 1683">
    <p class='ocr_par' dir='ltr' id='par_1_60' title="bbox 2131 1603 3736 1683">
     <span class='ocr_line' id='line_1_60' title="bbox 2131 1603 3736 1683; baseline -0.002 -22"><span class='ocrx_word' id='word_1_429' title='bbox 2131 1603 2241 1661; x_wconf 73' lang='grc' dir='ltr'>οἷόν</span> <span class='ocrx_word' id='word_1_430' title='bbox 2264 1626 2383 1683; x_wconf 78' lang='grc' dir='ltr'>τινα</span> <span class='ocrx_word' id='word_1_431' title='bbox 2411 1607 2640 1677; x_wconf 78' lang='grc' dir='ltr'>σταυρὸν</span> <span class='ocrx_word' id='word_1_432' title='bbox 2663 1609 2865 1682; x_wconf 71' lang='grc' dir='ltr'>ἄψυχον</span> <span class='ocrx_word' id='word_1_433' title='bbox 2883 1610 3257 1680; x_wconf 77' lang='grc' dir='ltr'>περιθέμενος,</span> <span class='ocrx_word' id='word_1_434' title='bbox 3289 1609 3390 1662; x_wconf 80' lang='grc' dir='ltr'><strong>οὐκ</strong></span> <span class='ocrx_word' id='word_1_435' title='bbox 3415 1607 3480 1662; x_wconf 83' lang='grc' dir='ltr'><strong>ἀν</strong></span> <span class='ocrx_word' id='word_1_436' title='bbox 3504 1604 3736 1676; x_wconf 71' lang='grc' dir='ltr'>γένοιτό</span> 
     </span>
    </p>
   </div>
   <div class='ocr_carea' id='block_1_61' title="bbox 2138 1694 3732 1773">
    <p class='ocr_par' dir='ltr' id='par_1_61' title="bbox 2138 1694 3732 1773">
     <span class='ocr_line' id='line_1_61' title="bbox 2138 1694 3732 1773; baseline -0.001 -21"><span class='ocrx_word' id='word_1_437' title='bbox 2138 1718 2237 1771; x_wconf 90' lang='grc' dir='ltr'><strong>μου</strong></span> <span class='ocrx_word' id='word_1_438' title='bbox 2275 1700 2443 1765; x_wconf 80' lang='grc' dir='ltr'>ἄξιος,</span> <span class='ocrx_word' id='word_1_439' title='bbox 2469 1702 2588 1755; x_wconf 78' lang='grc' dir='ltr'>οὐδὲ</span> <span class='ocrx_word' id='word_1_440' title='bbox 2609 1700 2821 1759; x_wconf 88' lang='grc' dir='ltr'>δύναιτο</span> <span class='ocrx_word' id='word_1_441' title='bbox 2847 1697 2989 1754; x_wconf 78' lang='grc' dir='ltr'>εἶναι</span> <span class='ocrx_word' id='word_1_442' title='bbox 3016 1700 3278 1773; x_wconf 83' lang='grc' dir='ltr'>μαθητής.</span> <span class='ocrx_word' id='word_1_443' title='bbox 3319 1699 3635 1771; x_wconf 80' lang='grc' dir='ltr'>Ἀκρότητα</span> <span class='ocrx_word' id='word_1_444' title='bbox 3666 1694 3732 1750; x_wconf 80' lang='grc' dir='ltr'>δὲ</span> 
     </span>
    </p>
   </div>
   <div class='ocr_carea' id='block_1_62' title="bbox 2138 1789 3731 1866">
    <p class='ocr_par' dir='ltr' id='par_1_62' title="bbox 2138 1789 3731 1866">
     <span class='ocr_line' id='line_1_62' title="bbox 2138 1789 3731 1866; baseline -0.002 -21"><span class='ocrx_word' id='word_1_445' title='bbox 2138 1791 2233 1845; x_wconf 66' lang='grc' dir='ltr'>καὶ</span> <span class='ocrx_word' id='word_1_446' title='bbox 2256 1791 2344 1845; x_wconf 84' lang='grc' dir='ltr'>διὰ</span> <span class='ocrx_word' id='word_1_447' title='bbox 2362 1791 2566 1847; x_wconf 86' lang='grc' dir='ltr'>τούτων</span> <span class='ocrx_word' id='word_1_448' title='bbox 2592 1793 2881 1864; x_wconf 84' lang='grc' dir='ltr'>φιλοσόφου</span> <span class='ocrx_word' id='word_1_449' title='bbox 2906 1792 3107 1866; x_wconf 86' lang='grc' dir='ltr'>τρόπου</span> <span class='ocrx_word' id='word_1_450' title='bbox 3139 1792 3400 1864; x_wconf 82' lang='grc' dir='ltr'>παρίστη,</span> <span class='ocrx_word' id='word_1_451' title='bbox 3432 1792 3564 1855; x_wconf 81' lang='grc' dir='ltr'>τοὺς</span> <span class='ocrx_word' id='word_1_452' title='bbox 3618 1789 3731 1842; x_wconf 81' lang='grc' dir='ltr'>σύ-</span> 
     </span>
    </p>
   </div>
   <div class='ocr_carea' id='block_1_63' title="bbox 2137 1877 3732 1955">
    <p class='ocr_par' dir='ltr' id='par_1_63' title="bbox 2137 1877 3732 1955">
     <span class='ocr_line' id='line_1_63' title="bbox 2137 1877 3732 1955; baseline -0.003 -20"><span class='ocrx_word' id='word_1_453' title='bbox 2137 1881 2229 1935; x_wconf 82' lang='grc' dir='ltr'>τοῦ</span> <span class='ocrx_word' id='word_1_454' title='bbox 2286 1881 2536 1954; x_wconf 85' lang='grc' dir='ltr'>μαθητὰς</span> <span class='ocrx_word' id='word_1_455' title='bbox 2565 1878 2654 1936; x_wconf 74' lang='grc' dir='ltr'><strong>οἷα</strong></span> <span class='ocrx_word' id='word_1_456' title='bbox 2695 1882 3114 1955; x_wconf 80' lang='grc' dir='ltr'>στρατιωτικοὺς</span> <span class='ocrx_word' id='word_1_457' title='bbox 3155 1880 3356 1953; x_wconf 80' lang='grc' dir='ltr'>ἄνδρας</span> <span class='ocrx_word' id='word_1_458' title='bbox 3406 1880 3495 1933; x_wconf 84' lang='grc' dir='ltr'>ἐπ’</span> <span class='ocrx_word' id='word_1_459' title='bbox 3542 1877 3732 1948; x_wconf 81' lang='grc' dir='ltr'>ἄκρον</span> 
     </span>
    </p>
   </div>
   <div class='ocr_carea' id='block_1_64' title="bbox 2137 1973 3089 2046">
    <p class='ocr_par' dir='ltr' id='par_1_64' title="bbox 2137 1973 3089 2046">
     <span class='ocr_line' id='line_1_64' title="bbox 2137 1973 3089 2046; baseline 0.002 -21"><span class='ocrx_word' id='word_1_460' title='bbox 2137 1973 2334 2044; x_wconf 85' lang='grc' dir='ltr'>ἀρετῆς</span> <span class='ocrx_word' id='word_1_461' title='bbox 2357 1975 2606 2028; x_wconf 83' lang='grc' dir='ltr'>σπεύδειν</span> <span class='ocrx_word' id='word_1_462' title='bbox 2633 1974 3089 2046; x_wconf 84' lang='grc' dir='ltr'>προκαλούμενος.</span> 
     </span>
    </p>
   </div>
   <div class='ocr_carea' id='block_1_65' title="bbox 2208 2061 3726 2139">
    <p class='ocr_par' dir='ltr' id='par_1_65' title="bbox 2208 2061 3726 2139">
     <span class='ocr_line' id='line_1_65' title="bbox 2208 2061 3726 2139; baseline -0.005 -19"><span class='ocrx_word' id='word_1_463' title='bbox 2208 2066 2283 2138; x_wconf 87' lang='grc'><strong>(5)</strong></span> <span class='ocrx_word' id='word_1_464' title='bbox 2329 2066 2466 2120; x_wconf 87' lang='grc' dir='ltr'>Ἀλλ’</span> <span class='ocrx_word' id='word_1_465' title='bbox 2513 2066 2698 2138; x_wconf 83' lang='grc' dir='ltr'>ἐπειδὴ</span> <span class='ocrx_word' id='word_1_466' title='bbox 2741 2067 2945 2139; x_wconf 81' lang='grc' dir='ltr'>πατρὸς</span> <span class='ocrx_word' id='word_1_467' title='bbox 2990 2067 3086 2120; x_wconf 75' lang='grc' dir='ltr'>καὶ</span> <span class='ocrx_word' id='word_1_468' title='bbox 3134 2064 3338 2137; x_wconf 69' lang='grc' dir='ltr'>μητρὸς</span> <span class='ocrx_word' id='word_1_469' title='bbox 3374 2062 3472 2116; x_wconf 68' lang='grc' dir='ltr'><strong>καὶ</strong></span> <span class='ocrx_word' id='word_1_470' title='bbox 3504 2061 3726 2115; x_wconf 82' lang='grc' dir='ltr'>τέκνων</span> 
     </span>
    </p>
   </div>
   <div class='ocr_carea' id='block_1_66' title="bbox 2136 2154 3724 2230">
    <p class='ocr_par' dir='ltr' id='par_1_66' title="bbox 2136 2154 3724 2230">
     <span class='ocr_line' id='line_1_66' title="bbox 2136 2154 3724 2230; baseline -0.006 -18"><span class='ocrx_word' id='word_1_471' title='bbox 2136 2159 2209 2212; x_wconf 81' lang='grc' dir='ltr'><strong>ού¹</strong></span> <span class='ocrx_word' id='word_1_472' title='bbox 2231 2158 2409 2229; x_wconf 86' lang='grc' dir='ltr'>μόνον,</span> <span class='ocrx_word' id='word_1_473' title='bbox 2458 2158 2592 2216; x_wconf 80' lang='grc' dir='ltr'>ἀλλὰ</span> <span class='ocrx_word' id='word_1_474' title='bbox 2637 2159 2731 2212; x_wconf 69' lang='grc' dir='ltr'><strong>καὶ</strong></span> <span class='ocrx_word' id='word_1_475' title='bbox 2780 2158 2875 2212; x_wconf 77' lang='grc' dir='ltr'>τοῦ</span> <span class='ocrx_word' id='word_1_476' title='bbox 2920 2157 3170 2230; x_wconf 83' lang='grc' dir='ltr'>σώματος</span> <span class='ocrx_word' id='word_1_477' title='bbox 3215 2154 3381 2210; x_wconf 83' lang='grc' dir='ltr'>αὑτοῦ</span> <span class='ocrx_word' id='word_1_478' title='bbox 3434 2154 3724 2225; x_wconf 76' lang='grc' dir='ltr'>προτιμᾷν</span> 
     </span>
    </p>
   </div>
   <div class='ocr_carea' id='block_1_67' title="bbox 2136 2243 3724 2319">
    <p class='ocr_par' dir='ltr' id='par_1_67' title="bbox 2136 2243 3724 2319">
     <span class='ocr_line' id='line_1_67' title="bbox 2136 2243 3724 2319; baseline -0.005 -18"><span class='ocrx_word' id='word_1_479' title='bbox 2136 2248 2234 2319; x_wconf 83' lang='grc' dir='ltr'>τὴν</span> <span class='ocrx_word' id='word_1_480' title='bbox 2266 2248 2430 2301; x_wconf 77' lang='grc' dir='ltr'>αὑτοῦ</span> <span class='ocrx_word' id='word_1_481' title='bbox 2466 2249 2643 2319; x_wconf 78' lang='grc' dir='ltr'>φιλίαν</span> <span class='ocrx_word' id='word_1_482' title='bbox 2669 2248 2924 2316; x_wconf 81' lang='grc' dir='ltr'>ἐδίδαξεν,</span> <span class='ocrx_word' id='word_1_483' title='bbox 2949 2249 3067 2312; x_wconf 86' lang='grc' dir='ltr'>ἐνὸς</span> <span class='ocrx_word' id='word_1_484' title='bbox 3090 2247 3147 2301; x_wconf 86' lang='grc' dir='ltr'><strong>δέ</strong></span> <span class='ocrx_word' id='word_1_485' title='bbox 3177 2247 3362 2300; x_wconf 83' lang='grc' dir='ltr'>λοιπὸν</span> <span class='ocrx_word' id='word_1_486' title='bbox 3393 2244 3474 2298; x_wconf 75' lang='grc' dir='ltr'>ἐτι</span> <span class='ocrx_word' id='word_1_487' title='bbox 3501 2243 3724 2296; x_wconf 83' lang='grc' dir='ltr'>λείπον-</span> 
     </span>
    </p>
   </div>
   <div class='ocr_carea' id='block_1_68' title="bbox 2136 2331 3723 2415">
    <p class='ocr_par' dir='ltr' id='par_1_68' title="bbox 2136 2331 3723 2415">
     <span class='ocr_line' id='line_1_68' title="bbox 2136 2331 3723 2415; baseline -0.004 -24"><span class='ocrx_word' id='word_1_488' title='bbox 2136 2355 2227 2415; x_wconf 73' lang='grc' dir='ltr'><strong>τος</strong></span> <span class='ocrx_word' id='word_1_489' title='bbox 2256 2338 2348 2391; x_wconf 84' lang='grc' dir='ltr'>τοῦ</span> <span class='ocrx_word' id='word_1_490' title='bbox 2381 2339 2475 2392; x_wconf 75' lang='grc' dir='ltr'><strong>καὶ</strong></span> <span class='ocrx_word' id='word_1_491' title='bbox 2505 2337 2612 2392; x_wconf 84' lang='grc' dir='ltr'>τῶν</span> <span class='ocrx_word' id='word_1_492' title='bbox 2658 2338 2924 2409; x_wconf 86' lang='grc' dir='ltr'>σωμάτων</span> <span class='ocrx_word' id='word_1_493' title='bbox 2970 2337 3418 2408; x_wconf 85' lang='grc' dir='ltr'>άναγκαιοτέρου,</span> <span class='ocrx_word' id='word_1_494' title='bbox 3455 2332 3624 2387; x_wconf 78' lang='grc' dir='ltr'>τοῦτο</span> <span class='ocrx_word' id='word_1_495' title='bbox 3656 2331 3723 2401; x_wconf 76' lang='grc' dir='ltr'>δὴ</span> 
     </span>
    </p>
   </div>
   <div class='ocr_carea' id='block_1_69' title="bbox 2134 2422 3724 2500">
    <p class='ocr_par' dir='ltr' id='par_1_69' title="bbox 2134 2422 3724 2500">
     <span class='ocr_line' id='line_1_69' title="bbox 2134 2422 3724 2500; baseline -0.003 -19"><span class='ocrx_word' id='word_1_496' title='bbox 2134 2422 2202 2499; x_wconf 76' lang='grc' dir='ltr'>ἦν</span> <span class='ocrx_word' id='word_1_497' title='bbox 2234 2430 2267 2500; x_wconf 79' lang='grc' dir='ltr'><strong>ἡ</strong></span> <span class='ocrx_word' id='word_1_498' title='bbox 2310 2428 2484 2500; x_wconf 78' lang='grc' dir='ltr'>ψυχή’</span> <span class='ocrx_word' id='word_1_499' title='bbox 2521 2429 2804 2483; x_wconf 76' lang='grc' dir='ltr'>ἐπιτείνων</span> <span class='ocrx_word' id='word_1_500' title='bbox 2849 2429 2940 2483; x_wconf 84' lang='grc' dir='ltr'><strong>τὸν</strong></span> <span class='ocrx_word' id='word_1_501' title='bbox 2984 2429 3162 2498; x_wconf 87' lang='grc' dir='ltr'>λόγον,</span> <span class='ocrx_word' id='word_1_502' title='bbox 3197 2430 3299 2483; x_wconf 75' lang='grc' dir='ltr'>καὶ-</span> <span class='ocrx_word' id='word_1_503' title='bbox 3329 2427 3458 2499; x_wconf 73' lang='grc' dir='ltr'>περὶ</span> <span class='ocrx_word' id='word_1_504' title='bbox 3506 2424 3724 2492; x_wconf 81' lang='grc' dir='ltr'>ταύτης</span> 
     </span>
    </p>
   </div>
   <div class='ocr_carea' id='block_1_70' title="bbox 2134 2513 3723 2593">
    <p class='ocr_par' dir='ltr' id='par_1_70' title="bbox 2134 2513 3723 2593">
     <span class='ocr_line' id='line_1_70' title="bbox 2134 2513 3723 2593; baseline -0.003 -21"><span class='ocrx_word' id='word_1_505' title='bbox 2134 2520 2390 2583; x_wconf 85' lang='grc' dir='ltr'>τοιαύτας</span> <span class='ocrx_word' id='word_1_506' title='bbox 2422 2521 2759 2593; x_wconf 78' lang='grc' dir='ltr'>προὺφέρετο</span> <span class='ocrx_word' id='word_1_507' title='bbox 2791 2520 2991 2589; x_wconf 86' lang='grc' dir='ltr'>φωνὰς,</span> <span class='ocrx_word' id='word_1_508' title='bbox 3022 2521 3105 2574; x_wconf 84' lang='grc' dir='ltr'><strong>ὅτι</strong></span> <span class='ocrx_word' id='word_1_509' title='bbox 3146 2520 3208 2573; x_wconf 83' lang='grc' dir='ltr'>ὐ</span> <span class='ocrx_word' id='word_1_510' title='bbox 3252 2519 3338 2589; x_wconf 79' lang='grc' dir='ltr'><strong>μὴ</strong></span> <span class='ocrx_word' id='word_1_511' title='bbox 3382 2516 3586 2587; x_wconf 79' lang='grc' dir='ltr'>μισῶν</span> <span class='ocrx_word' id='word_1_512' title='bbox 3620 2513 3723 2569; x_wconf 75' lang='grc' dir='ltr'>καὶ</span> 
     </span>
    </p>
   </div>
   <div class='ocr_carea' id='block_1_71' title="bbox 2137 2606 3717 2681">
    <p class='ocr_par' dir='ltr' id='par_1_71' title="bbox 2137 2606 3717 2681">
     <span class='ocr_line' id='line_1_71' title="bbox 2137 2606 3717 2681; baseline -0.002 -17"><span class='ocrx_word' id='word_1_513' title='bbox 2137 2609 2249 2679; x_wconf 80' lang='grc' dir='ltr'><strong>τὴν</strong></span> <span class='ocrx_word' id='word_1_514' title='bbox 2279 2610 2493 2664; x_wconf 85' lang='grc' dir='ltr'>ἑαυτοῦ</span> <span class='ocrx_word' id='word_1_515' title='bbox 2517 2610 2729 2680; x_wconf 73' lang='grc' dir='ltr'>ψυχὴν</span> <span class='ocrx_word' id='word_1_516' title='bbox 2750 2613 2822 2665; x_wconf 89' lang='grc' dir='ltr'>οὐ</span> <span class='ocrx_word' id='word_1_517' title='bbox 2846 2611 3095 2666; x_wconf 82' lang='grc' dir='ltr'>δύναται</span> <span class='ocrx_word' id='word_1_518' title='bbox 3106 2629 3225 2681; x_wconf 82' lang='grc' dir='ltr'>μου</span> <span class='ocrx_word' id='word_1_519' title='bbox 3246 2607 3399 2664; x_wconf 75' lang='grc' dir='ltr'>εἶναι</span> <span class='ocrx_word' id='word_1_520' title='bbox 3412 2606 3717 2679; x_wconf 79' lang='grc' dir='ltr'>μαθητής·</span> 
     </span>
    </p>
   </div>
   <div class='ocr_carea' id='block_1_72' title="bbox 2135 2698 3718 2770">
    <p class='ocr_par' dir='ltr' id='par_1_72' title="bbox 2135 2698 3718 2770">
     <span class='ocr_line' id='line_1_72' title="bbox 2135 2698 3718 2770; baseline -0.001 -16"><span class='ocrx_word' id='word_1_521' title='bbox 2135 2700 2277 2755; x_wconf 83' lang='grc' dir='ltr'>κατὰ</span> <span class='ocrx_word' id='word_1_522' title='bbox 2304 2701 2362 2755; x_wconf 84' lang='grc' dir='ltr'><strong>δὲ</strong></span> <span class='ocrx_word' id='word_1_523' title='bbox 2384 2701 2476 2755; x_wconf 84' lang='grc' dir='ltr'><strong>τὸν</strong></span> <span class='ocrx_word' id='word_1_524' title='bbox 2498 2702 2796 2768; x_wconf 85' lang='grc' dir='ltr'>Ματθαῖον,</span> <span class='ocrx_word' id='word_1_525' title='bbox 2843 2702 2905 2755; x_wconf 89' lang='lat'><strong>&#39;0</strong></span> <span class='ocrx_word' id='word_1_526' title='bbox 2931 2701 3122 2770; x_wconf 77' lang='grc' dir='ltr'>εὑρὼν</span> <span class='ocrx_word' id='word_1_527' title='bbox 3147 2700 3264 2769; x_wconf 76' lang='grc' dir='ltr'><strong>τὴν</strong></span> <span class='ocrx_word' id='word_1_528' title='bbox 3286 2700 3502 2770; x_wconf 65' lang='grc' dir='ltr'>ψυχὴν</span> <span class='ocrx_word' id='word_1_529' title='bbox 3525 2698 3718 2754; x_wconf 83' lang='grc' dir='ltr'>αὑτοῦ</span> 
     </span>
    </p>
   </div>
   <div class='ocr_carea' id='block_1_73' title="bbox 2134 2790 3722 2860">
    <p class='ocr_par' dir='ltr' id='par_1_73' title="bbox 2134 2790 3722 2860">
     <span class='ocr_line' id='line_1_73' title="bbox 2134 2790 3722 2860; baseline -0.001 -13"><span class='ocrx_word' id='word_1_530' title='bbox 2134 2793 2421 2847; x_wconf 81' lang='grc' dir='ltr'>ἀπολέσει</span> <span class='ocrx_word' id='word_1_531' title='bbox 2464 2793 2686 2860; x_wconf 79' lang='grc' dir='ltr'><strong>αὐτήν·</strong></span> <span class='ocrx_word' id='word_1_532' title='bbox 2722 2794 2822 2848; x_wconf 81' lang='grc' dir='ltr'>καὶ</span> <span class='ocrx_word' id='word_1_533' title='bbox 2865 2796 2899 2848; x_wconf 82' lang='grc' dir='ltr'><em>ὁ</em></span> <span class='ocrx_word' id='word_1_534' title='bbox 2921 2793 3226 2860; x_wconf 71' lang='grc' dir='ltr'>ἀπολέσας</span> <span class='ocrx_word' id='word_1_535' title='bbox 3270 2791 3467 2860; x_wconf 78' lang='grc' dir='ltr'>αὐτὴν</span> <span class='ocrx_word' id='word_1_536' title='bbox 3503 2790 3722 2845; x_wconf 71' lang='grc' dir='ltr'>ἕνεκεν</span> 
     </span>
    </p>
   </div>
   <div class='ocr_carea' id='block_1_74' title="bbox 2133 2881 3711 2955">
    <p class='ocr_par' dir='ltr' id='par_1_74' title="bbox 2133 2881 3711 2955">
     <span class='ocr_line' id='line_1_74' title="bbox 2133 2881 3711 2955; baseline 0.003 -21"><span class='ocrx_word' id='word_1_537' title='bbox 2133 2882 2300 2950; x_wconf 83' lang='grc' dir='ltr'>ἐμοῦ,</span> <span class='ocrx_word' id='word_1_538' title='bbox 2322 2881 2564 2950; x_wconf 80' lang='grc' dir='ltr'>εὑρήσει</span> <span class='ocrx_word' id='word_1_539' title='bbox 2595 2883 2807 2950; x_wconf 75' lang='grc' dir='ltr'><strong>αὐτήν.</strong></span> <span class='ocrx_word' id='word_1_540' title='bbox 2842 2884 2915 2938; x_wconf 70' lang='grc' dir='ltr'><strong>Οὐ</strong></span> <span class='ocrx_word' id='word_1_541' title='bbox 2947 2882 3057 2955; x_wconf 83' lang='grc' dir='ltr'>γὰρ</span> <span class='ocrx_word' id='word_1_542' title='bbox 3090 2883 3219 2955; x_wconf 67' lang='grc' dir='ltr'><strong>περ)⁸</strong></span> <span class='ocrx_word' id='word_1_543' title='bbox 3248 2882 3358 2936; x_wconf 85' lang='grc' dir='ltr'><strong>τῶν</strong></span> <span class='ocrx_word' id='word_1_544' title='bbox 3398 2881 3559 2944; x_wconf 87' lang='grc' dir='ltr'>ἐκτός</span> <span class='ocrx_word' id='word_1_545' title='bbox 3595 2897 3711 2951; x_wconf 78' lang='grc' dir='ltr'>μοι.</span> 
     </span>
    </p>
   </div>
   <div class='ocr_carea' id='block_1_75' title="bbox 2136 2972 3715 3047">
    <p class='ocr_par' dir='ltr' id='par_1_75' title="bbox 2136 2972 3715 3047">
     <span class='ocr_line' id='line_1_75' title="bbox 2136 2972 3715 3047; baseline -0.001 -20"><span class='ocrx_word' id='word_1_546' title='bbox 2136 2973 2306 3045; x_wconf 77' lang='grc' dir='ltr'>φησὶν</span> <span class='ocrx_word' id='word_1_547' title='bbox 2337 2975 2366 3027; x_wconf 87' lang='grc' dir='ltr'>ὁ</span> <span class='ocrx_word' id='word_1_548' title='bbox 2411 2974 2590 3044; x_wconf 86' lang='grc' dir='ltr'>λόγος,</span> <span class='ocrx_word' id='word_1_549' title='bbox 2636 2975 2757 3029; x_wconf 88' lang='grc' dir='ltr'><strong>οὐδέ</strong></span> <span class='ocrx_word' id='word_1_550' title='bbox 2794 2978 2923 3047; x_wconf 77' lang='grc' dir='ltr'>περὶ</span> <span class='ocrx_word' id='word_1_551' title='bbox 2969 2977 3171 3045; x_wconf 78' lang='grc' dir='ltr'>γονέων</span> <span class='ocrx_word' id='word_1_552' title='bbox 3207 2974 3305 3029; x_wconf 73' lang='grc' dir='ltr'><strong>καὶ</strong></span> <span class='ocrx_word' id='word_1_553' title='bbox 3334 2974 3563 3038; x_wconf 86' lang='grc' dir='ltr'>τέκνων,</span> <span class='ocrx_word' id='word_1_554' title='bbox 3597 2972 3715 3026; x_wconf 80' lang='grc' dir='ltr'>ἀλλ’</span> 
     </span>
    </p>
   </div>
   <div class='ocr_carea' id='block_1_76' title="bbox 2134 3064 3711 3137">
    <p class='ocr_par' dir='ltr' id='par_1_76' title="bbox 2134 3064 3711 3137">
     <span class='ocr_line' id='line_1_76' title="bbox 2134 3064 3711 3137; baseline -0.001 -20"><span class='ocrx_word' id='word_1_555' title='bbox 2134 3064 2256 3117; x_wconf 81' lang='grc' dir='ltr'>οὐδὲ</span> <span class='ocrx_word' id='word_1_556' title='bbox 2299 3067 2428 3137; x_wconf 75' lang='grc' dir='ltr'>περὶ</span> <span class='ocrx_word' id='word_1_557' title='bbox 2466 3065 2629 3119; x_wconf 79' lang='grc' dir='ltr'>αὑτοῦ</span> <span class='ocrx_word' id='word_1_558' title='bbox 2676 3066 2769 3119; x_wconf 82' lang='grc' dir='ltr'><strong>τοῦ</strong></span> <span class='ocrx_word' id='word_1_559' title='bbox 2819 3066 3067 3137; x_wconf 79' lang='grc' dir='ltr'>σώματος</span> <span class='ocrx_word' id='word_1_560' title='bbox 3112 3068 3205 3120; x_wconf 64' lang='grc' dir='ltr'>καὶ</span> <span class='ocrx_word' id='word_1_561' title='bbox 3248 3066 3350 3137; x_wconf 84' lang='grc' dir='ltr'>τῆς</span> <span class='ocrx_word' id='word_1_562' title='bbox 3402 3065 3711 3137; x_wconf 76' lang='grc' dir='ltr'>εὐφθάρτου</span> 
     </span>
    </p>
   </div>
   <div class='ocr_carea' id='block_1_77' title="bbox 2136 3151 3713 3231">
    <p class='ocr_par' dir='ltr' id='par_1_77' title="bbox 2136 3151 3713 3231">
     <span class='ocr_line' id='line_1_77' title="bbox 2136 3151 3713 3231; baseline 0 -21"><span class='ocrx_word' id='word_1_563' title='bbox 2136 3157 2339 3229; x_wconf 87' lang='grc' dir='ltr'>ταύτης</span> <span class='ocrx_word' id='word_1_564' title='bbox 2368 3151 2675 3230; x_wconf 71' lang='grc' dir='ltr'>σαρκὸς,ὧν</span> <span class='ocrx_word' id='word_1_565' title='bbox 2690 3159 2753 3231; x_wconf 84' lang='grc' dir='ltr'>δὴ</span> <span class='ocrx_word' id='word_1_566' title='bbox 2772 3154 2989 3212; x_wconf 73' lang='grc' dir='ltr'>ἔλαττον</span> <span class='ocrx_word' id='word_1_567' title='bbox 3009 3156 3312 3230; x_wconf 77' lang='grc' dir='ltr'>φροντίζειν</span> <span class='ocrx_word' id='word_1_568' title='bbox 3335 3157 3713 3230; x_wconf 80' lang='grc' dir='ltr'>παρακελεύο-</span> 
     </span>
    </p>
   </div>
   <div class='ocr_carea' id='block_1_78' title="bbox 2139 3249 3708 3324">
    <p class='ocr_par' dir='ltr' id='par_1_78' title="bbox 2139 3249 3708 3324">
     <span class='ocr_line' id='line_1_78' title="bbox 2139 3249 3708 3324; baseline 0 -21"><span class='ocrx_word' id='word_1_569' title='bbox 2139 3267 2258 3321; x_wconf 89' lang='grc' dir='ltr'>μαι,</span> <span class='ocrx_word' id='word_1_570' title='bbox 2293 3252 2387 3305; x_wconf 77' lang='grc' dir='ltr'><strong>καὶ</strong></span> <span class='ocrx_word' id='word_1_571' title='bbox 2416 3251 2521 3322; x_wconf 85' lang='grc' dir='ltr'><strong>πρὸ</strong></span> <span class='ocrx_word' id='word_1_572' title='bbox 2553 3252 2769 3305; x_wconf 86' lang='grc' dir='ltr'>πάντων</span> <span class='ocrx_word' id='word_1_573' title='bbox 2798 3253 2964 3323; x_wconf 75' lang='grc' dir='ltr'>τιμᾷν</span> <span class='ocrx_word' id='word_1_574' title='bbox 2989 3249 3117 3314; x_wconf 70' lang='grc' dir='ltr'>τοὺς</span> <span class='ocrx_word' id='word_1_575' title='bbox 3136 3253 3305 3324; x_wconf 82' lang='grc' dir='ltr'>ἐμοὺς</span> <span class='ocrx_word' id='word_1_576' title='bbox 3347 3251 3542 3319; x_wconf 79' lang='grc' dir='ltr'>λόγους</span> <span class='ocrx_word' id='word_1_577' title='bbox 3566 3268 3708 3321; x_wconf 84' lang='grc' dir='ltr'>παρ-</span> 
     </span>
    </p>
   </div>
   <div class='ocr_carea' id='block_1_79' title="bbox 2136 3341 3711 3416">
    <p class='ocr_par' dir='ltr' id='par_1_79' title="bbox 2136 3341 3711 3416">
     <span class='ocr_line' id='line_1_79' title="bbox 2136 3341 3711 3416; baseline 0 -21"><span class='ocrx_word' id='word_1_578' title='bbox 2136 3341 2303 3403; x_wconf 77' lang='grc' dir='ltr'><strong>αινῷ⁸</strong></span> <span class='ocrx_word' id='word_1_579' title='bbox 2344 3341 2458 3396; x_wconf 84' lang='grc' dir='ltr'>ἀλλ’</span> <span class='ocrx_word' id='word_1_580' title='bbox 2488 3344 2625 3415; x_wconf 83' lang='grc' dir='ltr'>ὅπερ</span> <span class='ocrx_word' id='word_1_581' title='bbox 2683 3343 2800 3396; x_wconf 80' lang='grc' dir='ltr'>ἐστὶ</span> <span class='ocrx_word' id='word_1_582' title='bbox 2847 3343 3063 3398; x_wconf 85' lang='grc' dir='ltr'>πάντων</span> <span class='ocrx_word' id='word_1_583' title='bbox 3102 3342 3429 3416; x_wconf 86' lang='grc' dir='ltr'>τιμιώτερον</span> <span class='ocrx_word' id='word_1_584' title='bbox 3468 3344 3503 3414; x_wconf 83' lang='grc' dir='ltr'><strong>ἡ</strong></span> <span class='ocrx_word' id='word_1_585' title='bbox 3539 3342 3711 3415; x_wconf 70' lang='grc' dir='ltr'>ψυχὴ,</span> 
     </span>
    </p>
   </div>
   <div class='ocr_carea' id='block_1_80' title="bbox 2134 3430 3712 3509">
    <p class='ocr_par' dir='ltr' id='par_1_80' title="bbox 2134 3430 3712 3509">
     <span class='ocr_line' id='line_1_80' title="bbox 2134 3430 3712 3509; baseline 0.001 -23"><span class='ocrx_word' id='word_1_586' title='bbox 2134 3430 2202 3507; x_wconf 83' lang='grc' dir='ltr'>ἦς</span> <span class='ocrx_word' id='word_1_587' title='bbox 2225 3434 2326 3487; x_wconf 86' lang='grc' dir='ltr'><strong>οὐκ</strong></span> <span class='ocrx_word' id='word_1_588' title='bbox 2356 3433 2421 3487; x_wconf 86' lang='grc' dir='ltr'><strong>ἂν</strong></span> <span class='ocrx_word' id='word_1_589' title='bbox 2468 3434 2674 3503; x_wconf 88' lang='grc' dir='ltr'>γένοιτό</span> <span class='ocrx_word' id='word_1_590' title='bbox 2704 3451 2759 3488; x_wconf 90' lang='grc' dir='ltr'><strong>τι</strong></span> <span class='ocrx_word' id='word_1_591' title='bbox 2803 3437 3048 3507; x_wconf 87' lang='grc' dir='ltr'>κρεῖττον</span> <span class='ocrx_word' id='word_1_592' title='bbox 3077 3435 3327 3509; x_wconf 80' lang='grc' dir='ltr'>ἑκάστῳ,</span> <span class='ocrx_word' id='word_1_593' title='bbox 3360 3434 3453 3487; x_wconf 73' lang='grc' dir='ltr'><strong>καὶ</strong></span> <span class='ocrx_word' id='word_1_594' title='bbox 3507 3434 3712 3504; x_wconf 78' lang='grc' dir='ltr'>ταύτης</span> 
     </span>
    </p>
   </div>
   <div class='ocr_carea' id='block_1_81' title="bbox 2135 3526 3711 3601">
    <p class='ocr_par' dir='ltr' id='par_1_81' title="bbox 2135 3526 3711 3601">
     <span class='ocr_line' id='line_1_81' title="bbox 2135 3526 3711 3601; baseline 0.001 -22"><span class='ocrx_word' id='word_1_595' title='bbox 2135 3527 2303 3597; x_wconf 83' lang='grc' dir='ltr'>αὐτῆς</span> <span class='ocrx_word' id='word_1_596' title='bbox 2332 3526 2438 3592; x_wconf 73' lang='grc' dir='ltr'>δέοι</span> <span class='ocrx_word' id='word_1_597' title='bbox 2469 3526 2535 3581; x_wconf 84' lang='grc' dir='ltr'><strong>ἂν</strong></span> <span class='ocrx_word' id='word_1_598' title='bbox 2562 3527 2653 3580; x_wconf 78' lang='grc' dir='ltr'>τὸν</span> <span class='ocrx_word' id='word_1_599' title='bbox 2696 3528 2923 3600; x_wconf 83' lang='grc' dir='ltr'>ποιητὴν</span> <span class='ocrx_word' id='word_1_600' title='bbox 2971 3528 3139 3600; x_wconf 82' lang='grc' dir='ltr'>αὐτῆς</span> <span class='ocrx_word' id='word_1_601' title='bbox 3184 3530 3488 3601; x_wconf 76' lang='grc' dir='ltr'>προτιμᾷνο</span> <span class='ocrx_word' id='word_1_602' title='bbox 3520 3526 3616 3591; x_wconf 86' lang='grc' dir='ltr'>ὡς,</span> <span class='ocrx_word' id='word_1_603' title='bbox 3662 3528 3711 3581; x_wconf 80' lang='grc' dir='ltr'><strong>εί</strong></span> 
     </span>
    </p>
   </div>
   <div class='ocr_carea' id='block_1_82' title="bbox 2136 3618 3710 3692">
    <p class='ocr_par' dir='ltr' id='par_1_82' title="bbox 2136 3618 3710 3692">
     <span class='ocr_line' id='line_1_82' title="bbox 2136 3618 3710 3692; baseline 0.001 -21"><span class='ocrx_word' id='word_1_604' title='bbox 2136 3618 2326 3690; x_wconf 86' lang='grc' dir='ltr'>καιρός</span> <span class='ocrx_word' id='word_1_605' title='bbox 2356 3635 2487 3671; x_wconf 88' lang='grc' dir='ltr'>ποτε</span> <span class='ocrx_word' id='word_1_606' title='bbox 2518 3619 2817 3688; x_wconf 80' lang='grc' dir='ltr'>καλέσειεν,</span> <span class='ocrx_word' id='word_1_607' title='bbox 2859 3620 3147 3692; x_wconf 86' lang='grc' dir='ltr'>ἀφειδῆσαι</span> <span class='ocrx_word' id='word_1_608' title='bbox 3188 3620 3283 3674; x_wconf 77' lang='grc' dir='ltr'><strong>καὶ</strong></span> <span class='ocrx_word' id='word_1_609' title='bbox 3307 3618 3533 3689; x_wconf 80' lang='grc' dir='ltr'>ταύτης,</span> <span class='ocrx_word' id='word_1_610' title='bbox 3558 3620 3710 3672; x_wconf 87' lang='grc' dir='ltr'>ἀπω-</span> 
     </span>
    </p>
   </div>
   <div class='ocr_carea' id='block_1_83' title="bbox 2134 3705 3708 3780">
    <p class='ocr_par' dir='ltr' id='par_1_83' title="bbox 2134 3705 3708 3780">
     <span class='ocr_line' id='line_1_83' title="bbox 2134 3705 3708 3780; baseline 0.001 -21"><span class='ocrx_word' id='word_1_611' title='bbox 2134 3705 2263 3777; x_wconf 71' lang='grc' dir='ltr'>λείᾳ</span> <span class='ocrx_word' id='word_1_612' title='bbox 2299 3723 2359 3759; x_wconf 89' lang='grc' dir='ltr'><strong>τε</strong></span> <span class='ocrx_word' id='word_1_613' title='bbox 2392 3706 2580 3779; x_wconf 80' lang='grc' dir='ltr'>αὐτὴν,</span> <span class='ocrx_word' id='word_1_614' title='bbox 2630 3708 2705 3772; x_wconf 86' lang='grc' dir='ltr'>ὡς</span> <span class='ocrx_word' id='word_1_615' title='bbox 2746 3709 2804 3762; x_wconf 86' lang='grc' dir='ltr'><strong>ἐν</strong></span> <span class='ocrx_word' id='word_1_616' title='bbox 2846 3708 3097 3763; x_wconf 78' lang='grc' dir='ltr'>ὑποθέσει</span> <span class='ocrx_word' id='word_1_617' title='bbox 3128 3708 3286 3777; x_wconf 87' lang='grc' dir='ltr'>λόγου</span> <span class='ocrx_word' id='word_1_618' title='bbox 3328 3711 3525 3773; x_wconf 82' lang='grc' dir='ltr'>εἰπεῖν,</span> <span class='ocrx_word' id='word_1_619' title='bbox 3567 3708 3708 3780; x_wconf 79' lang='grc' dir='ltr'>ὑπὲρ</span> 
     </span>
    </p>
   </div>
   <div class='ocr_carea' id='block_1_84' title="bbox 2134 3797 3706 3874">
    <p class='ocr_par' dir='ltr' id='par_1_84' title="bbox 2134 3797 3706 3874">
     <span class='ocr_line' id='line_1_84' title="bbox 2134 3797 3706 3874; baseline 0.004 -25"><span class='ocrx_word' id='word_1_620' title='bbox 2134 3797 2413 3861; x_wconf 76' lang='grc' dir='ltr'>εὐσεϐείας</span> <span class='ocrx_word' id='word_1_621' title='bbox 2432 3798 2566 3852; x_wconf 85' lang='grc' dir='ltr'><strong>Θεοῦ</strong></span> <span class='ocrx_word' id='word_1_622' title='bbox 2596 3799 2949 3871; x_wconf 81' lang='grc' dir='ltr'>παραδοῦναι,</span> <span class='ocrx_word' id='word_1_623' title='bbox 2974 3801 3069 3855; x_wconf 74' lang='grc' dir='ltr'>καὶ</span> <span class='ocrx_word' id='word_1_624' title='bbox 3091 3801 3248 3855; x_wconf 80' lang='grc' dir='ltr'>τοῦτο</span> <span class='ocrx_word' id='word_1_625' title='bbox 3277 3802 3385 3874; x_wconf 77' lang='grc' dir='ltr'><strong>χρὴ</strong></span> <span class='ocrx_word' id='word_1_626' title='bbox 3415 3801 3706 3873; x_wconf 81' lang='grc' dir='ltr'>προθύμως</span> 
     </span>
    </p>
   </div>
   <div class='ocr_carea' id='block_1_85' title="bbox 2136 3889 3711 3964">
    <p class='ocr_par' dir='ltr' id='par_1_85' title="bbox 2136 3889 3711 3964">
     <span class='ocr_line' id='line_1_85' title="bbox 2136 3889 3711 3964; baseline 0.003 -23"><span class='ocrx_word' id='word_1_627' title='bbox 2136 3889 2453 3959; x_wconf 74' lang='grc' dir='ltr'>ὑπομένεινο</span> <span class='ocrx_word' id='word_1_628' title='bbox 2485 3891 2569 3944; x_wconf 82' lang='grc' dir='ltr'>ὅτι</span> <span class='ocrx_word' id='word_1_629' title='bbox 2614 3892 2759 3963; x_wconf 84' lang='grc' dir='ltr'>μόνῳ</span> <span class='ocrx_word' id='word_1_630' title='bbox 2800 3891 2918 3963; x_wconf 85' lang='grc' dir='ltr'><strong>Θεῷ</strong></span> <span class='ocrx_word' id='word_1_631' title='bbox 2949 3893 3045 3946; x_wconf 74' lang='grc' dir='ltr'>καὶ</span> <span class='ocrx_word' id='word_1_632' title='bbox 3074 3893 3194 3964; x_wconf 80' lang='grc' dir='ltr'>τὴν,</span> <span class='ocrx_word' id='word_1_633' title='bbox 3228 3893 3305 3958; x_wconf 88' lang='grc' dir='ltr'>ὼς</span> <span class='ocrx_word' id='word_1_634' title='bbox 3348 3896 3406 3948; x_wconf 87' lang='grc' dir='ltr'><strong>ἐν</strong></span> <span class='ocrx_word' id='word_1_635' title='bbox 3438 3894 3711 3957; x_wconf 81' lang='grc' dir='ltr'>ὑποθέσει,</span> 
     </span>
    </p>
   </div>
   <div class='ocr_carea' id='block_1_86' title="bbox 2135 3968 3708 4053">
    <p class='ocr_par' dir='ltr' id='par_1_86' title="bbox 2135 3968 3708 4053">
     <span class='ocr_line' id='line_1_86' title="bbox 2135 3968 3708 4053; baseline 0.004 -23"><span class='ocrx_word' id='word_1_636' title='bbox 2135 3977 2472 4035; x_wconf 81' lang='grc' dir='ltr'>ἀπολωλυῖαν</span> <span class='ocrx_word' id='word_1_637' title='bbox 2491 3979 2556 4032; x_wconf 84' lang='grc' dir='ltr'>δι’</span> <span class='ocrx_word' id='word_1_638' title='bbox 2579 3968 2739 4035; x_wconf 74' lang='grc' dir='ltr'>αὑτὸν</span> <span class='ocrx_word' id='word_1_639' title='bbox 2762 3981 2939 4053; x_wconf 74' lang='grc' dir='ltr'>ψυχὴν</span> <span class='ocrx_word' id='word_1_640' title='bbox 2964 3983 3401 4037; x_wconf 79' lang='grc' dir='ltr'>ἀνακαλέσασθαι</span> <span class='ocrx_word' id='word_1_641' title='bbox 3432 3985 3525 4037; x_wconf 76' lang='grc' dir='ltr'>καὶ</span> <span class='ocrx_word' id='word_1_642' title='bbox 3554 3985 3708 4037; x_wconf 82' lang='grc' dir='ltr'>ἀνευ-</span> 
     </span>
    </p>
   </div>
   <div class='ocr_carea' id='block_1_87' title="bbox 2139 4068 3706 4152">
    <p class='ocr_par' dir='ltr' id='par_1_87' title="bbox 2139 4068 3706 4152">
     <span class='ocr_line' id='line_1_87' title="bbox 2139 4068 3706 4152; baseline 0.008 -33"><span class='ocrx_word' id='word_1_643' title='bbox 2139 4070 2247 4140; x_wconf 84' lang='grc' dir='ltr'>ρεῖν</span> <span class='ocrx_word' id='word_1_644' title='bbox 2277 4068 2519 4128; x_wconf 72' lang='grc' dir='ltr'>δυνατόν.</span> <span class='ocrx_word' id='word_1_645' title='bbox 2558 4070 2617 4126; x_wconf 79' lang='grc' dir='ltr'><strong>Ὀ</strong></span> <span class='ocrx_word' id='word_1_646' title='bbox 2641 4070 2750 4144; x_wconf 87' lang='grc' dir='ltr'>γὰρ</span> <span class='ocrx_word' id='word_1_647' title='bbox 2783 4074 3031 4145; x_wconf 87' lang='grc' dir='ltr'>μηδαμοῦ</span> <span class='ocrx_word' id='word_1_648' title='bbox 3062 4074 3324 4146; x_wconf 82' lang='grc' dir='ltr'>μηδαμῶς</span> <span class='ocrx_word' id='word_1_649' title='bbox 3349 4070 3514 4130; x_wconf 76' lang='grc' dir='ltr'>οὖσαν</span> <span class='ocrx_word' id='word_1_650' title='bbox 3541 4077 3706 4152; x_wconf 70' lang='grc' dir='ltr'>αὐτὴν</span> 
     </span>
    </p>
   </div>
   <div class='ocr_carea' id='block_1_88' title="bbox 2136 4161 3706 4240">
    <p class='ocr_par' dir='ltr' id='par_1_88' title="bbox 2136 4161 3706 4240">
     <span class='ocr_line' id='line_1_88' title="bbox 2136 4161 3706 4240; baseline 0.005 -27"><span class='ocrx_word' id='word_1_651' title='bbox 2136 4161 2395 4233; x_wconf 90' lang='grc' dir='ltr'>πρότερον</span> <span class='ocrx_word' id='word_1_652' title='bbox 2430 4162 2896 4237; x_wconf 70' lang='grc' dir='ltr'>ὑποστησάμενος,</span> <span class='ocrx_word' id='word_1_653' title='bbox 2930 4167 3024 4220; x_wconf 80' lang='grc' dir='ltr'><strong>καὶ</strong></span> <span class='ocrx_word' id='word_1_654' title='bbox 3053 4169 3117 4221; x_wconf 87' lang='grc' dir='ltr'><strong>ἐκ</strong></span> <span class='ocrx_word' id='word_1_655' title='bbox 3145 4167 3237 4221; x_wconf 74' lang='grc' dir='ltr'>τοῦ</span> <span class='ocrx_word' id='word_1_656' title='bbox 3273 4169 3347 4240; x_wconf 85' lang='grc' dir='ltr'>μὴ</span> <span class='ocrx_word' id='word_1_657' title='bbox 3372 4168 3524 4233; x_wconf 73' lang='grc' dir='ltr'>ὄντος</span> <span class='ocrx_word' id='word_1_658' title='bbox 3546 4170 3623 4233; x_wconf 80' lang='grc' dir='ltr'><strong>εἰς</strong></span> <span class='ocrx_word' id='word_1_659' title='bbox 3648 4170 3706 4222; x_wconf 76' lang='grc' dir='ltr'>τὸ</span> 
     </span>
    </p>
   </div>
   <div class='ocr_carea' id='block_1_89' title="bbox 2135 4249 3702 4333">
    <p class='ocr_par' dir='ltr' id='par_1_89' title="bbox 2135 4249 3702 4333">
     <span class='ocr_line' id='line_1_89' title="bbox 2135 4249 3702 4333; baseline 0.005 -29"><span class='ocrx_word' id='word_1_660' title='bbox 2135 4249 2275 4306; x_wconf 80' lang='grc' dir='ltr'>εἶναι</span> <span class='ocrx_word' id='word_1_661' title='bbox 2308 4253 2662 4325; x_wconf 85' lang='grc' dir='ltr'>παραγαγὼν,</span> <span class='ocrx_word' id='word_1_662' title='bbox 2689 4256 2789 4309; x_wconf 81' lang='grc' dir='ltr'><strong>οὑκ</strong></span> <span class='ocrx_word' id='word_1_663' title='bbox 2817 4255 2883 4310; x_wconf 82' lang='grc' dir='ltr'>ἂν</span> <span class='ocrx_word' id='word_1_664' title='bbox 2925 4257 3008 4329; x_wconf 73' lang='grc' dir='ltr'>εἴη</span> <span class='ocrx_word' id='word_1_665' title='bbox 3042 4258 3303 4323; x_wconf 85' lang='grc' dir='ltr'>ἀδύνατος</span> <span class='ocrx_word' id='word_1_666' title='bbox 3331 4260 3702 4333; x_wconf 74' lang='grc' dir='ltr'>ἀπολλυμένην</span> 
     </span>
    </p>
   </div>
   <div class='ocr_carea' id='block_1_90' title="bbox 2135 4342 3702 4419">
    <p class='ocr_par' dir='ltr' id='par_1_90' title="bbox 2135 4342 3702 4419">
     <span class='ocr_line' id='line_1_90' title="bbox 2135 4342 3702 4419; baseline 0.005 -24"><span class='ocrx_word' id='word_1_667' title='bbox 2135 4342 2302 4414; x_wconf 83' lang='grc' dir='ltr'>αὐτὴν</span> <span class='ocrx_word' id='word_1_668' title='bbox 2331 4344 2389 4408; x_wconf 83' lang='grc' dir='ltr'>ἐξ</span> <span class='ocrx_word' id='word_1_669' title='bbox 2423 4344 2742 4417; x_wconf 84' lang='grc' dir='ltr'>ἀνθρώπων,</span> <span class='ocrx_word' id='word_1_670' title='bbox 2786 4346 2882 4400; x_wconf 72' lang='grc' dir='ltr'><strong>καὶ</strong></span> <span class='ocrx_word' id='word_1_671' title='bbox 2912 4349 2977 4401; x_wconf 84' lang='grc' dir='ltr'><strong>ἐκ</strong></span> <span class='ocrx_word' id='word_1_672' title='bbox 3019 4347 3112 4401; x_wconf 77' lang='grc' dir='ltr'>τοῦ</span> <span class='ocrx_word' id='word_1_673' title='bbox 3144 4347 3334 4419; x_wconf 75' lang='grc' dir='ltr'>θνητοῦ</span> <span class='ocrx_word' id='word_1_674' title='bbox 3364 4348 3480 4419; x_wconf 79' lang='grc' dir='ltr'>βίου</span> <span class='ocrx_word' id='word_1_675' title='bbox 3512 4351 3702 4419; x_wconf 75' lang='grc' dir='ltr'>ἀφανι-</span> 
     </span>
    </p>
   </div>
   <div class='ocr_carea' id='block_1_91' title="bbox 463 4431 2030 4515">
    <p class='ocr_par' dir='ltr' id='par_1_91' title="bbox 463 4439 2030 4510">
     <span class='ocr_line' id='line_1_91' title="bbox 463 4439 2030 4510; baseline 0.008 -17"><span class='ocrx_word' id='word_1_676' title='bbox 463 4439 597 4495; x_wconf 85' lang='lat' dir='ltr'><strong>Nam</strong></span> <span class='ocrx_word' id='word_1_677' title='bbox 626 4442 767 4510; x_wconf 82' lang='lat' dir='ltr'><strong>quod</strong></span> <span class='ocrx_word' id='word_1_678' title='bbox 800 4443 1072 4510; x_wconf 90' lang='lat' dir='ltr'><strong>perditum</strong></span> <span class='ocrx_word' id='word_1_679' title='bbox 1101 4441 1226 4507; x_wconf 90' lang='lat' dir='ltr'><strong>fuit,</strong></span> <span class='ocrx_word' id='word_1_680' title='bbox 1254 4443 1397 4498; x_wconf 91' lang='lat' dir='ltr'><strong>haud</strong></span> <span class='ocrx_word' id='word_1_681' title='bbox 1423 4459 1552 4500; x_wconf 88' lang='lat' dir='ltr'><strong>sane</strong></span> <span class='ocrx_word' id='word_1_682' title='bbox 1582 4447 1634 4501; x_wconf 91' lang='lat' dir='ltr'><strong>in</strong></span> <span class='ocrx_word' id='word_1_683' title='bbox 1665 4447 1892 4503; x_wconf 88' lang='lat' dir='ltr'><strong>nihilum</strong></span> <span class='ocrx_word' id='word_1_684' title='bbox 1924 4450 2030 4505; x_wconf 90' lang='lat' dir='ltr'><strong>dis-</strong></span> 
     </span>
    </p>
   </div>
   <div class='ocr_carea' id='block_1_92' title="bbox 2135 4431 3701 4515">
    <p class='ocr_par' dir='ltr' id='par_1_92' title="bbox 2146 4431 3701 4515">
     <span class='ocr_line' id='line_1_92' title="bbox 2146 4431 3701 4515; baseline 0.005 -27"><span class='ocrx_word' id='word_1_685' title='bbox 2146 4435 2385 4501; x_wconf 89' lang='grc' dir='ltr'>σθεῖσαν,</span> <span class='ocrx_word' id='word_1_686' title='bbox 2405 4431 2559 4500; x_wconf 84' lang='grc' dir='ltr'>αὖθις</span> <span class='ocrx_word' id='word_1_687' title='bbox 2586 4439 2667 4501; x_wconf 77' lang='grc' dir='ltr'>εἰς</span> <span class='ocrx_word' id='word_1_688' title='bbox 2682 4437 2798 4515; x_wconf 55' lang='lat' dir='ltr'><strong>uti);</strong></span> <span class='ocrx_word' id='word_1_689' title='bbox 2828 4442 3189 4511; x_wconf 84' lang='grc' dir='ltr'>παραγαγεῖν.</span> <span class='ocrx_word' id='word_1_690' title='bbox 3216 4440 3288 4493; x_wconf 72' lang='lat' dir='ltr'><strong>To</strong></span> <span class='ocrx_word' id='word_1_691' title='bbox 3300 4440 3409 4511; x_wconf 79' lang='grc' dir='ltr'><strong>γὰρ</strong></span> <span class='ocrx_word' id='word_1_692' title='bbox 3437 4441 3701 4505; x_wconf 71' lang='grc' dir='ltr'>ἀπολωλὸς</span> 
     </span>
    </p>
   </div>
   <div class='ocr_carea' id='block_1_93' title="bbox 461 4532 2032 4607">
    <p class='ocr_par' dir='ltr' id='par_1_93' title="bbox 461 4532 2032 4607">
     <span class='ocr_line' id='line_1_93' title="bbox 461 4532 2032 4607; baseline 0.006 -20"><span class='ocrx_word' id='word_1_693' title='bbox 461 4534 708 4598; x_wconf 77' lang='lat' dir='ltr'><strong>solvitur,</strong></span> <span class='ocrx_word' id='word_1_694' title='bbox 731 4532 825 4588; x_wconf 90' lang='lat' dir='ltr'><strong>sed</strong></span> <span class='ocrx_word' id='word_1_695' title='bbox 859 4533 1128 4597; x_wconf 89' lang='lat' dir='ltr'><strong>subsistit,</strong></span> <span class='ocrx_word' id='word_1_696' title='bbox 1160 4544 1269 4600; x_wconf 88' lang='lat' dir='ltr'><strong>est,</strong></span> <span class='ocrx_word' id='word_1_697' title='bbox 1293 4551 1356 4590; x_wconf 83' lang='lat' dir='ltr'><strong>ac</strong></span> <span class='ocrx_word' id='word_1_698' title='bbox 1384 4547 1696 4607; x_wconf 87' lang='lat' dir='ltr'><strong>permanet;</strong></span> <span class='ocrx_word' id='word_1_699' title='bbox 1733 4548 1937 4595; x_wconf 87' lang='lat' dir='ltr'><strong>tantum</strong></span> <span class='ocrx_word' id='word_1_700' title='bbox 1972 4556 2032 4596; x_wconf 87' lang='lat' dir='ltr'><strong>se</strong></span> 
     </span>
    </p>
   </div>
   <div class='ocr_carea' id='block_1_94' title="bbox 460 4624 2029 4697">
    <p class='ocr_par' dir='ltr' id='par_1_94' title="bbox 460 4624 2029 4697">
     <span class='ocr_line' id='line_1_94' title="bbox 460 4624 2029 4697; baseline 0.006 -19"><span class='ocrx_word' id='word_1_701' title='bbox 460 4624 730 4678; x_wconf 85' lang='lat' dir='ltr'><strong>subtrahit</strong></span> <span class='ocrx_word' id='word_1_702' title='bbox 778 4625 1018 4693; x_wconf 88' lang='lat' dir='ltr'><strong>latetque</strong></span> <span class='ocrx_word' id='word_1_703' title='bbox 1064 4625 1430 4683; x_wconf 87' lang='lat' dir='ltr'><strong>destructores</strong></span> <span class='ocrx_word' id='word_1_704' title='bbox 1485 4644 1634 4697; x_wconf 88' lang='lat' dir='ltr'><strong>suos,</strong></span> <span class='ocrx_word' id='word_1_705' title='bbox 1686 4645 1795 4685; x_wconf 92' lang='lat' dir='ltr'><strong>non</strong></span> <span class='ocrx_word' id='word_1_706' title='bbox 1851 4641 2029 4687; x_wconf 88' lang='lat' dir='ltr'><strong>tamen</strong></span> 
     </span>
    </p>
   </div>
   <div class='ocr_carea' id='block_1_95' title="bbox 460 4715 2030 4788">
    <p class='ocr_par' dir='ltr' id='par_1_95' title="bbox 460 4715 2030 4788">
     <span class='ocr_line' id='line_1_95' title="bbox 460 4715 2030 4788; baseline 0.006 -18"><span class='ocrx_word' id='word_1_707' title='bbox 460 4731 713 4784; x_wconf 82' lang='lat' dir='ltr'><strong>magnum</strong></span> <span class='ocrx_word' id='word_1_708' title='bbox 777 4716 990 4771; x_wconf 90' lang='lat' dir='ltr'><strong>oculum</strong></span> <span class='ocrx_word' id='word_1_709' title='bbox 1040 4715 1198 4786; x_wconf 88' lang='lat' dir='ltr'><strong>fugit.</strong></span> <span class='ocrx_word' id='word_1_710' title='bbox 1247 4719 1609 4786; x_wconf 83' lang='lat' dir='ltr'><strong>Quamobrem</strong></span> <span class='ocrx_word' id='word_1_711' title='bbox 1653 4721 1787 4779; x_wconf 86' lang='lat' dir='ltr'><strong>nihil</strong></span> <span class='ocrx_word' id='word_1_712' title='bbox 1839 4737 2030 4788; x_wconf 81' lang='lat' dir='ltr'><strong>reapse</strong></span> 
     </span>
    </p>
   </div>
   <div class='ocr_carea' id='block_1_96' title="bbox 457 4796 2027 4881">
    <p class='ocr_par' dir='ltr' id='par_1_96' title="bbox 457 4796 2027 4881">
     <span class='ocr_line' id='line_1_96' title="bbox 457 4796 2027 4881; baseline 0.004 -21"><span class='ocrx_word' id='word_1_713' title='bbox 457 4807 596 4876; x_wconf 90' lang='lat' dir='ltr'><strong>apud</strong></span> <span class='ocrx_word' id='word_1_714' title='bbox 641 4807 806 4862; x_wconf 89' lang='lat' dir='ltr'><strong>Deum</strong></span> <span class='ocrx_word' id='word_1_715' title='bbox 839 4796 999 4876; x_wconf 85' lang='lat' dir='ltr'><strong>perit.</strong></span> <span class='ocrx_word' id='word_1_716' title='bbox 1046 4807 1201 4874; x_wconf 84' lang='lat' dir='ltr'><strong>Quod</strong></span> <span class='ocrx_word' id='word_1_717' title='bbox 1230 4810 1275 4864; x_wconf 90' lang='lat' dir='ltr'><strong>si</strong></span> <span class='ocrx_word' id='word_1_718' title='bbox 1311 4810 1433 4879; x_wconf 91' lang='lat' dir='ltr'><strong>quis</strong></span> <span class='ocrx_word' id='word_1_719' title='bbox 1464 4810 1573 4865; x_wconf 90' lang='lat' dir='ltr'><strong>Deo</strong></span> <span class='ocrx_word' id='word_1_720' title='bbox 1623 4828 1726 4866; x_wconf 94' lang='lat' dir='ltr'><strong>non</strong></span> <span class='ocrx_word' id='word_1_721' title='bbox 1761 4814 2027 4881; x_wconf 83' lang='lat' dir='ltr'><strong>credens,</strong></span> 
     </span>
    </p>
   </div>
   <div class='ocr_carea' id='block_1_97' title="bbox 456 4901 2021 4975">
    <p class='ocr_par' dir='ltr' id='par_1_97' title="bbox 456 4901 2021 4975">
     <span class='ocr_line' id='line_1_97' title="bbox 456 4901 2021 4975; baseline 0.004 -23"><span class='ocrx_word' id='word_1_722' title='bbox 456 4912 632 4970; x_wconf 86' lang='lat' dir='ltr'><strong>neque</strong></span> <span class='ocrx_word' id='word_1_723' title='bbox 666 4914 823 4969; x_wconf 87' lang='lat' dir='ltr'><strong>posse</strong></span> <span class='ocrx_word' id='word_1_724' title='bbox 877 4901 945 4955; x_wconf 91' lang='lat' dir='ltr'><strong>ab</strong></span> <span class='ocrx_word' id='word_1_725' title='bbox 995 4914 1061 4955; x_wconf 92' lang='lat' dir='ltr'><strong>eo</strong></span> <span class='ocrx_word' id='word_1_726' title='bbox 1109 4901 1346 4956; x_wconf 86' lang='lat' dir='ltr'><strong>animam</strong></span> <span class='ocrx_word' id='word_1_727' title='bbox 1378 4918 1498 4971; x_wconf 73' lang='lat' dir='ltr'><strong>qua:</strong></span> <span class='ocrx_word' id='word_1_728' title='bbox 1527 4905 1755 4973; x_wconf 86' lang='lat' dir='ltr'><strong>periisse</strong></span> <span class='ocrx_word' id='word_1_729' title='bbox 1780 4916 2021 4975; x_wconf 85' lang='lat' dir='ltr'><strong>putetur,</strong></span> 
     </span>
    </p>
   </div>
   <div class='ocr_carea' id='block_1_98' title="bbox 454 4991 2025 5063">
    <p class='ocr_par' dir='ltr' id='par_1_98' title="bbox 454 4991 2025 5063">
     <span class='ocr_line' id='line_1_98' title="bbox 454 4991 2025 5063; baseline 0.004 -18"><span class='ocrx_word' id='word_1_730' title='bbox 454 4991 698 5045; x_wconf 87' lang='lat' dir='ltr'><strong>revocari</strong></span> <span class='ocrx_word' id='word_1_731' title='bbox 746 5006 811 5045; x_wconf 89' lang='lat' dir='ltr'><strong>ac</strong></span> <span class='ocrx_word' id='word_1_732' title='bbox 855 4992 1115 5047; x_wconf 87' lang='lat' dir='ltr'><strong>vivificari</strong></span> <span class='ocrx_word' id='word_1_733' title='bbox 1172 4993 1465 5063; x_wconf 79' lang='lat' dir='ltr'><strong>judicans,</strong></span> <span class='ocrx_word' id='word_1_734' title='bbox 1517 4994 1916 5051; x_wconf 86' lang='lat' dir='ltr'><strong>confessionem</strong></span> <span class='ocrx_word' id='word_1_735' title='bbox 1958 4996 2025 5051; x_wconf 91' lang='lat' dir='ltr'><strong>de</strong></span> 
     </span>
    </p>
   </div>
   <div class='ocr_carea' id='block_1_99' title="bbox 332 5080 2023 5158">
    <p class='ocr_par' dir='ltr' id='par_1_99' title="bbox 332 5080 2023 5158">
     <span class='ocr_line' id='line_1_99' title="bbox 332 5080 2023 5158; baseline 0.002 -21"><span class='ocrx_word' id='word_1_736' title='bbox 332 5098 337 5117; x_wconf 75' lang='grc' dir='ltr'><strong>ι</strong></span> <span class='ocrx_word' id='word_1_737' title='bbox 453 5081 564 5137; x_wconf 87' lang='lat' dir='ltr'><strong>Deo</strong></span> <span class='ocrx_word' id='word_1_738' title='bbox 599 5080 796 5138; x_wconf 84' lang='lat' dir='ltr'><strong>factam</strong></span> <span class='ocrx_word' id='word_1_739' title='bbox 841 5084 1192 5152; x_wconf 86' lang='lat' dir='ltr'><strong>abnegaverit</strong></span> <span class='ocrx_word' id='word_1_740' title='bbox 1216 5124 1234 5152; x_wconf 87' lang='lat'><strong>,</strong></span> <span class='ocrx_word' id='word_1_741' title='bbox 1268 5099 1332 5139; x_wconf 92' lang='lat' dir='ltr'><strong>ac</strong></span> <span class='ocrx_word' id='word_1_742' title='bbox 1364 5094 1649 5156; x_wconf 83' lang='lat' dir='ltr'><strong>prepterea</strong></span> <span class='ocrx_word' id='word_1_743' title='bbox 1704 5086 2023 5158; x_wconf 86' lang='lat' dir='ltr'><strong>impenden-</strong></span> 
     </span>
    </p>
   </div>
   <div class='ocr_carea' id='block_1_100' title="bbox 455 5173 2023 5246">
    <p class='ocr_par' dir='ltr' id='par_1_100' title="bbox 455 5173 2023 5246">
     <span class='ocr_line' id='line_1_100' title="bbox 455 5173 2023 5246; baseline 0.004 -19"><span class='ocrx_word' id='word_1_744' title='bbox 455 5184 563 5228; x_wconf 89' lang='lat' dir='ltr'><strong>tem</strong></span> <span class='ocrx_word' id='word_1_745' title='bbox 591 5173 660 5229; x_wconf 92' lang='lat' dir='ltr'><strong>ab</strong></span> <span class='ocrx_word' id='word_1_746' title='bbox 690 5173 1000 5230; x_wconf 88' lang='lat' dir='ltr'><strong>hominibus</strong></span> <span class='ocrx_word' id='word_1_747' title='bbox 1044 5190 1233 5230; x_wconf 85' lang='lat' dir='ltr'><strong>necem</strong></span> <span class='ocrx_word' id='word_1_748' title='bbox 1288 5175 1511 5246; x_wconf 83' lang='lat' dir='ltr'><strong>fugerit,</strong></span> <span class='ocrx_word' id='word_1_749' title='bbox 1552 5191 1719 5246; x_wconf 90' lang='lat' dir='ltr'><strong>seque</strong></span> <span class='ocrx_word' id='word_1_750' title='bbox 1776 5193 2023 5234; x_wconf 88' lang='lat' dir='ltr'><strong>securam</strong></span> 
     </span>
    </p>
   </div>
   <div class='ocr_carea' id='block_1_101' title="bbox 452 5264 2023 5340">
    <p class='ocr_par' dir='ltr' id='par_1_101' title="bbox 452 5264 2023 5340">
     <span class='ocr_line' id='line_1_101' title="bbox 452 5264 2023 5340; baseline 0.004 -22"><span class='ocrx_word' id='word_1_751' title='bbox 452 5264 595 5319; x_wconf 88' lang='lat' dir='ltr'><strong>inter</strong></span> <span class='ocrx_word' id='word_1_752' title='bbox 628 5265 875 5329; x_wconf 86' lang='lat' dir='ltr'><strong>homines</strong></span> <span class='ocrx_word' id='word_1_753' title='bbox 905 5267 1065 5322; x_wconf 85' lang='lat' dir='ltr'><strong>vitam</strong></span> <span class='ocrx_word' id='word_1_754' title='bbox 1113 5269 1365 5338; x_wconf 87' lang='lat' dir='ltr'><strong>adeptum</strong></span> <span class='ocrx_word' id='word_1_755' title='bbox 1399 5270 1705 5339; x_wconf 82' lang='lat' dir='ltr'><strong>putaverit,</strong></span> <span class='ocrx_word' id='word_1_756' title='bbox 1741 5280 1907 5340; x_wconf 90' lang='lat' dir='ltr'><strong>atque</strong></span> <span class='ocrx_word' id='word_1_757' title='bbox 1947 5270 2023 5325; x_wconf 87' lang='lat' dir='ltr'><strong>ita</strong></span> 
     </span>
    </p>
   </div>
   <div class='ocr_carea' id='block_1_102' title="bbox 453 5355 2023 5432">
    <p class='ocr_par' dir='ltr' id='par_1_102' title="bbox 453 5355 2023 5432">
     <span class='ocr_line' id='line_1_102' title="bbox 453 5355 2023 5432; baseline 0.005 -23"><span class='ocrx_word' id='word_1_758' title='bbox 453 5355 690 5410; x_wconf 84' lang='lat' dir='ltr'><strong>animam</strong></span> <span class='ocrx_word' id='word_1_759' title='bbox 721 5372 875 5413; x_wconf 88' lang='lat' dir='ltr'><strong>suam</strong></span> <span class='ocrx_word' id='word_1_760' title='bbox 904 5373 963 5415; x_wconf 87' lang='lat' dir='ltr'><strong>se</strong></span> <span class='ocrx_word' id='word_1_761' title='bbox 991 5360 1268 5417; x_wconf 86' lang='lat' dir='ltr'><strong>invenisse</strong></span> <span class='ocrx_word' id='word_1_762' title='bbox 1307 5370 1512 5430; x_wconf 84' lang='lat' dir='ltr'><strong>speret,</strong></span> <span class='ocrx_word' id='word_1_763' title='bbox 1543 5361 1744 5432; x_wconf 90' lang='lat' dir='ltr'><strong>quippe</strong></span> <span class='ocrx_word' id='word_1_764' title='bbox 1781 5363 1873 5431; x_wconf 90' lang='lat' dir='ltr'><strong>qui</strong></span> <span class='ocrx_word' id='word_1_765' title='bbox 1920 5363 2023 5417; x_wconf 91' lang='lat' dir='ltr'><strong>bo-</strong></span> 
     </span>
    </p>
   </div>
   <div class='ocr_carea' id='block_1_103' title="bbox 454 5446 2021 5525">
    <p class='ocr_par' dir='ltr' id='par_1_103' title="bbox 454 5446 2021 5525">
     <span class='ocr_line' id='line_1_103' title="bbox 454 5446 2021 5525; baseline 0.007 -26"><span class='ocrx_word' id='word_1_766' title='bbox 454 5446 659 5500; x_wconf 86' lang='lat' dir='ltr'><strong>minum</strong></span> <span class='ocrx_word' id='word_1_767' title='bbox 705 5448 929 5505; x_wconf 87' lang='lat' dir='ltr'><strong>insidias</strong></span> <span class='ocrx_word' id='word_1_768' title='bbox 963 5449 1472 5521; x_wconf 86' lang='lat' dir='ltr'><strong>impendentemque</strong></span> <span class='ocrx_word' id='word_1_769' title='bbox 1522 5453 1805 5525; x_wconf 89' lang='lat' dir='ltr'><strong>religionis</strong></span> <span class='ocrx_word' id='word_1_770' title='bbox 1858 5467 2021 5510; x_wconf 89' lang='lat' dir='ltr'><strong>causa</strong></span> 
     </span>
    </p>
   </div>
   <div class='ocr_carea' id='block_1_104' title="bbox 455 5539 2020 5617">
    <p class='ocr_par' dir='ltr' id='par_1_104' title="bbox 455 5539 2020 5617">
     <span class='ocr_line' id='line_1_104' title="bbox 455 5539 2020 5617; baseline 0.009 -28"><span class='ocrx_word' id='word_1_771' title='bbox 455 5551 640 5591; x_wconf 87' lang='lat' dir='ltr'><strong>necem</strong></span> <span class='ocrx_word' id='word_1_772' title='bbox 682 5539 967 5607; x_wconf 85' lang='lat' dir='ltr'><strong>vitaverit;</strong></span> <span class='ocrx_word' id='word_1_773' title='bbox 1004 5542 1113 5610; x_wconf 89' lang='lat' dir='ltr'><strong>hic,</strong></span> <span class='ocrx_word' id='word_1_774' title='bbox 1167 5543 1413 5615; x_wconf 78' lang='lat' dir='ltr'><strong>inquam,</strong></span> <span class='ocrx_word' id='word_1_775' title='bbox 1464 5543 1605 5602; x_wconf 82' lang='lat' dir='ltr'><strong>sciat</strong></span> <span class='ocrx_word' id='word_1_776' title='bbox 1649 5558 1782 5602; x_wconf 88' lang='lat' dir='ltr'><strong>vera</strong></span> <span class='ocrx_word' id='word_1_777' title='bbox 1843 5546 2020 5617; x_wconf 86' lang='lat' dir='ltr'><strong>potius</strong></span> 
     </span>
    </p>
   </div>
   <div class='ocr_carea' id='block_1_105' title="bbox 455 5627 918 5699">
    <p class='ocr_par' dir='ltr' id='par_1_105' title="bbox 455 5627 918 5699">
     <span class='ocr_line' id='line_1_105' title="bbox 455 5627 918 5699; baseline 0.015 -17"><span class='ocrx_word' id='word_1_778' title='bbox 455 5627 502 5660; x_wconf 71' lang='grc'><strong>⁸³⁵</strong></span> <span class='ocrx_word' id='word_1_779' title='bbox 531 5628 720 5685; x_wconf 83' lang='lat' dir='ltr'><strong>Matth.</strong></span> <span class='ocrx_word' id='word_1_780' title='bbox 749 5647 805 5699; x_wconf 72' lang='grc' dir='ltr'>Χ,</span> <span class='ocrx_word' id='word_1_781' title='bbox 829 5634 918 5689; x_wconf 78' lang='grc'><strong>59.</strong></span> 
     </span>
    </p>
   </div>
   <div class='ocr_carea' id='block_1_106' title="bbox 444 5722 1179 5797">
    <p class='ocr_par' dir='ltr' id='par_1_106' title="bbox 444 5722 1179 5797">
     <span class='ocr_line' id='line_1_106' title="bbox 444 5722 1179 5797; baseline 0.023 -27"><span class='ocrx_word' id='word_1_782' title='bbox 444 5781 457 5797; x_wconf 30' lang='grc' dir='ltr'>δ</span> <span class='ocrx_word' id='word_1_783' title='bbox 526 5722 604 5787; x_wconf 66' lang='grc' dir='ltr'>ιε)</span> <span class='ocrx_word' id='word_1_784' title='bbox 634 5724 763 5781; x_wconf 87' lang='lat' dir='ltr'><strong>Cod.</strong></span> <span class='ocrx_word' id='word_1_785' title='bbox 794 5728 859 5784; x_wconf 82' lang='lat' dir='ltr'><strong>A.</strong></span> <span class='ocrx_word' id='word_1_786' title='bbox 897 5726 934 5783; x_wconf 73' lang='grc' dir='ltr'>ι.</span> <span class='ocrx_word' id='word_1_787' title='bbox 965 5728 1091 5791; x_wconf 58' lang='lat' dir='ltr'><strong>eos.</strong></span> <span class='ocrx_word' id='word_1_788' title='bbox 1123 5729 1179 5787; x_wconf 89' lang='lat' dir='ltr'><strong>b.</strong></span> 
     </span>
    </p>
   </div>
   <div class='ocr_carea' id='block_1_107' title="bbox 2131 4528 3699 4603">
    <p class='ocr_par' dir='ltr' id='par_1_107' title="bbox 2131 4528 3699 4603">
     <span class='ocr_line' id='line_1_107' title="bbox 2131 4528 3699 4603; baseline 0.004 -24"><span class='ocrx_word' id='word_1_789' title='bbox 2131 4528 2231 4580; x_wconf 84' lang='grc' dir='ltr'><strong>οὐκ</strong></span> <span class='ocrx_word' id='word_1_790' title='bbox 2276 4529 2356 4591; x_wconf 89' lang='grc' dir='ltr'>εἰς</span> <span class='ocrx_word' id='word_1_791' title='bbox 2400 4528 2739 4600; x_wconf 78' lang='grc' dir='ltr'>ἀνυπαρξίαν</span> <span class='ocrx_word' id='word_1_792' title='bbox 2778 4530 3116 4603; x_wconf 84' lang='grc' dir='ltr'>κεχώρηκεν,</span> <span class='ocrx_word' id='word_1_793' title='bbox 3171 4530 3283 4585; x_wconf 82' lang='grc' dir='ltr'>ἀλλ’</span> <span class='ocrx_word' id='word_1_794' title='bbox 3320 4532 3556 4603; x_wconf 79' lang='grc' dir='ltr'>ὑπάρχει</span> <span class='ocrx_word' id='word_1_795' title='bbox 3607 4535 3699 4602; x_wconf 81' lang='grc' dir='ltr'>μὲν</span> 
     </span>
    </p>
   </div>
   <div class='ocr_carea' id='block_1_108' title="bbox 2132 4615 3697 4693">
    <p class='ocr_par' dir='ltr' id='par_1_108' title="bbox 2132 4615 3697 4693">
     <span class='ocr_line' id='line_1_108' title="bbox 2132 4615 3697 4693; baseline 0.006 -24"><span class='ocrx_word' id='word_1_796' title='bbox 2132 4616 2223 4669; x_wconf 78' lang='grc' dir='ltr'>καὶ</span> <span class='ocrx_word' id='word_1_797' title='bbox 2253 4615 2368 4669; x_wconf 85' lang='grc' dir='ltr'>ἐστι</span> <span class='ocrx_word' id='word_1_798' title='bbox 2410 4618 2505 4672; x_wconf 81' lang='grc' dir='ltr'>καὶ</span> <span class='ocrx_word' id='word_1_799' title='bbox 2540 4618 2692 4690; x_wconf 86' lang='grc' dir='ltr'>μένει</span> <span class='ocrx_word' id='word_1_800' title='bbox 2713 4637 2727 4650; x_wconf 74' lang='grc' dir='ltr'><strong>ο</strong></span> <span class='ocrx_word' id='word_1_801' title='bbox 2762 4620 3068 4693; x_wconf 80' lang='grc' dir='ltr'>κέκρυπται</span> <span class='ocrx_word' id='word_1_802' title='bbox 3095 4621 3152 4674; x_wconf 87' lang='grc' dir='ltr'><strong>δὲ</strong></span> <span class='ocrx_word' id='word_1_803' title='bbox 3184 4622 3279 4675; x_wconf 72' lang='grc' dir='ltr'><strong>καὶ</strong></span> <span class='ocrx_word' id='word_1_804' title='bbox 3306 4622 3555 4678; x_wconf 87' lang='grc' dir='ltr'>λανθάνει</span> <span class='ocrx_word' id='word_1_805' title='bbox 3581 4627 3697 4689; x_wconf 82' lang='grc' dir='ltr'>τοὺς</span> 
     </span>
    </p>
   </div>
   <div class='ocr_carea' id='block_1_109' title="bbox 2129 4708 3692 4787">
    <p class='ocr_par' dir='ltr' id='par_1_109' title="bbox 2129 4708 3692 4787">
     <span class='ocr_line' id='line_1_109' title="bbox 2129 4708 3692 4787; baseline 0.005 -25"><span class='ocrx_word' id='word_1_806' title='bbox 2129 4708 2571 4776; x_wconf 85' lang='grc' dir='ltr'>ἀπολωλεκότας,</span> <span class='ocrx_word' id='word_1_807' title='bbox 2629 4710 2744 4765; x_wconf 81' lang='grc' dir='ltr'>ἀλλ’</span> <span class='ocrx_word' id='word_1_808' title='bbox 2793 4713 2914 4768; x_wconf 85' lang='grc' dir='ltr'>οὐδὲ</span> <span class='ocrx_word' id='word_1_809' title='bbox 2972 4715 3063 4768; x_wconf 86' lang='grc' dir='ltr'><strong>τὸν</strong></span> <span class='ocrx_word' id='word_1_810' title='bbox 3118 4712 3289 4786; x_wconf 82' lang='grc' dir='ltr'>μέγαν</span> <span class='ocrx_word' id='word_1_811' title='bbox 3343 4715 3692 4787; x_wconf 76' lang='grc' dir='ltr'>διαδιδράσκει</span> 
     </span>
    </p>
   </div>
   <div class='ocr_carea' id='block_1_110' title="bbox 2128 4792 3694 4879">
    <p class='ocr_par' dir='ltr' id='par_1_110' title="bbox 2128 4792 3694 4879">
     <span class='ocr_line' id='line_1_110' title="bbox 2128 4792 3694 4879; baseline 0.008 -28"><span class='ocrx_word' id='word_1_812' title='bbox 2128 4799 2403 4872; x_wconf 87' lang='grc' dir='ltr'>ὀφθαλμόν</span> <span class='ocrx_word' id='word_1_813' title='bbox 2429 4818 2444 4833; x_wconf 74' lang='grc' dir='ltr'><strong><em>ο</em></strong></span> <span class='ocrx_word' id='word_1_814' title='bbox 2481 4803 2562 4856; x_wconf 85' lang='grc' dir='ltr'><strong>διὸ</strong></span> <span class='ocrx_word' id='word_1_815' title='bbox 2586 4792 2755 4861; x_wconf 84' lang='grc' dir='ltr'>οὐδὲν</span> <span class='ocrx_word' id='word_1_816' title='bbox 2804 4805 2869 4859; x_wconf 86' lang='grc' dir='ltr'>ἂν</span> <span class='ocrx_word' id='word_1_817' title='bbox 2912 4807 3166 4863; x_wconf 84' lang='grc' dir='ltr'>ἀπόλοιτο</span> <span class='ocrx_word' id='word_1_818' title='bbox 3197 4809 3325 4878; x_wconf 85' lang='grc' dir='ltr'>παρ’</span> <span class='ocrx_word' id='word_1_819' title='bbox 3355 4808 3523 4879; x_wconf 86' lang='grc' dir='ltr'>αὐτῷ.</span> <span class='ocrx_word' id='word_1_820' title='bbox 3554 4810 3613 4861; x_wconf 79' lang='grc' dir='ltr'><strong>ΕΞ</strong></span> <span class='ocrx_word' id='word_1_821' title='bbox 3643 4808 3694 4863; x_wconf 78' lang='grc' dir='ltr'><strong>δέ</strong></span> 
     </span>
    </p>
   </div>
   <div class='ocr_carea' id='block_1_111' title="bbox 2127 4894 3691 4973">
    <p class='ocr_par' dir='ltr' id='par_1_111' title="bbox 2127 4894 3691 4973">
     <span class='ocr_line' id='line_1_111' title="bbox 2127 4894 3691 4973; baseline 0.006 -30"><span class='ocrx_word' id='word_1_822' title='bbox 2127 4908 2231 4955; x_wconf 83' lang='grc' dir='ltr'>τις,</span> <span class='ocrx_word' id='word_1_823' title='bbox 2287 4894 2594 4966; x_wconf 82' lang='grc' dir='ltr'>ἀπιστήσας</span> <span class='ocrx_word' id='word_1_824' title='bbox 2638 4895 2788 4964; x_wconf 86' lang='grc' dir='ltr'>Θεῷ,</span> <span class='ocrx_word' id='word_1_825' title='bbox 2840 4898 2935 4951; x_wconf 74' lang='grc' dir='ltr'><strong>καὶ</strong></span> <span class='ocrx_word' id='word_1_826' title='bbox 2974 4897 3049 4970; x_wconf 81' lang='grc' dir='ltr'>μὴ</span> <span class='ocrx_word' id='word_1_827' title='bbox 3096 4898 3353 4953; x_wconf 87' lang='grc' dir='ltr'>δύνασθαι</span> <span class='ocrx_word' id='word_1_828' title='bbox 3403 4901 3562 4955; x_wconf 82' lang='grc' dir='ltr'>αὑτὸν</span> <span class='ocrx_word' id='word_1_829' title='bbox 3603 4902 3691 4973; x_wconf 67' lang='grc' dir='ltr'>τὴν</span> 
     </span>
    </p>
   </div>
   <div class='ocr_carea' id='block_1_112' title="bbox 2129 4982 3691 5061">
    <p class='ocr_par' dir='ltr' id='par_1_112' title="bbox 2129 4982 3691 5061">
     <span class='ocr_line' id='line_1_112' title="bbox 2129 4982 3691 5061; baseline 0.011 -27"><span class='ocrx_word' id='word_1_830' title='bbox 2129 4982 2464 5038; x_wconf 84' lang='grc' dir='ltr'>ἀπολωλέναι</span> <span class='ocrx_word' id='word_1_831' title='bbox 2483 4986 2829 5058; x_wconf 89' lang='grc' dir='ltr'>νομισθεῖσαν</span> <span class='ocrx_word' id='word_1_832' title='bbox 2846 4988 3026 5061; x_wconf 78' lang='grc' dir='ltr'>ψυχὴν</span> <span class='ocrx_word' id='word_1_833' title='bbox 3044 4985 3201 5054; x_wconf 77' lang='grc' dir='ltr'>αὖθις</span> <span class='ocrx_word' id='word_1_834' title='bbox 3220 4993 3584 5061; x_wconf 73' lang='grc' dir='ltr'>ἐπαναγαγεῖν</span> <span class='ocrx_word' id='word_1_835' title='bbox 3606 4995 3691 5051; x_wconf 76' lang='grc' dir='ltr'>καὶ</span> 
     </span>
    </p>
   </div>
   <div class='ocr_carea' id='block_1_113' title="bbox 2129 5072 3689 5155">
    <p class='ocr_par' dir='ltr' id='par_1_113' title="bbox 2129 5072 3689 5155">
     <span class='ocr_line' id='line_1_113' title="bbox 2129 5072 3689 5155; baseline 0.008 -30"><span class='ocrx_word' id='word_1_836' title='bbox 2129 5072 2411 5139; x_wconf 81' lang='grc' dir='ltr'>ζωοποιεῖν</span> <span class='ocrx_word' id='word_1_837' title='bbox 2438 5078 2807 5149; x_wconf 80' lang='grc' dir='ltr'>ἡγησάμενος,</span> <span class='ocrx_word' id='word_1_838' title='bbox 2836 5080 3066 5152; x_wconf 73' lang='grc' dir='ltr'>ἔξαρνος</span> <span class='ocrx_word' id='word_1_839' title='bbox 3093 5082 3302 5151; x_wconf 88' lang='grc' dir='ltr'>γένοιτο</span> <span class='ocrx_word' id='word_1_840' title='bbox 3328 5084 3427 5154; x_wconf 86' lang='grc' dir='ltr'><strong>τῆς</strong></span> <span class='ocrx_word' id='word_1_841' title='bbox 3460 5086 3580 5155; x_wconf 73' lang='grc' dir='ltr'>περὶ</span> <span class='ocrx_word' id='word_1_842' title='bbox 3607 5085 3689 5139; x_wconf 80' lang='grc' dir='ltr'><strong>τὸν</strong></span> 
     </span>
    </p>
   </div>
   <div class='ocr_carea' id='block_1_114' title="bbox 2126 5163 3689 5248">
    <p class='ocr_par' dir='ltr' id='par_1_114' title="bbox 2126 5163 3689 5248">
     <span class='ocr_line' id='line_1_114' title="bbox 2126 5163 3689 5248; baseline 0.01 -32"><span class='ocrx_word' id='word_1_843' title='bbox 2126 5163 2259 5217; x_wconf 81' lang='grc' dir='ltr'>Θεὸν</span> <span class='ocrx_word' id='word_1_844' title='bbox 2282 5166 2590 5236; x_wconf 86' lang='grc' dir='ltr'>ὁμολογίας,</span> <span class='ocrx_word' id='word_1_845' title='bbox 2618 5166 2735 5224; x_wconf 74' lang='grc' dir='ltr'>εἶτα</span> <span class='ocrx_word' id='word_1_846' title='bbox 2760 5171 3012 5243; x_wconf 87' lang='grc' dir='ltr'>διαφύγοι</span> <span class='ocrx_word' id='word_1_847' title='bbox 3052 5175 3148 5244; x_wconf 82' lang='grc' dir='ltr'><strong>μὲν</strong></span> <span class='ocrx_word' id='word_1_848' title='bbox 3179 5174 3271 5227; x_wconf 83' lang='grc' dir='ltr'><strong>τὸν</strong></span> <span class='ocrx_word' id='word_1_849' title='bbox 3302 5173 3363 5240; x_wconf 80' lang='grc' dir='ltr'>ἐξ</span> <span class='ocrx_word' id='word_1_850' title='bbox 3404 5175 3689 5248; x_wconf 80' lang='grc' dir='ltr'>ἀνθρώπων</span> 
     </span>
    </p>
   </div>
   <div class='ocr_carea' id='block_1_115' title="bbox 2126 5253 3688 5335">
    <p class='ocr_par' dir='ltr' id='par_1_115' title="bbox 2126 5253 3688 5335">
     <span class='ocr_line' id='line_1_115' title="bbox 2126 5253 3688 5335; baseline 0.012 -31"><span class='ocrx_word' id='word_1_851' title='bbox 2126 5253 2514 5326; x_wconf 71' lang='grc' dir='ltr'>ὲπῃωρημένον</span> <span class='ocrx_word' id='word_1_852' title='bbox 2554 5256 2802 5325; x_wconf 86' lang='grc' dir='ltr'>θάνατον,</span> <span class='ocrx_word' id='word_1_853' title='bbox 2848 5263 2907 5315; x_wconf 92' lang='grc' dir='ltr'><strong>ἐν</strong></span> <span class='ocrx_word' id='word_1_854' title='bbox 2942 5262 3214 5334; x_wconf 70' lang='grc' dir='ltr'>ἀσφαλείᾳ</span> <span class='ocrx_word' id='word_1_855' title='bbox 3257 5263 3316 5316; x_wconf 85' lang='grc' dir='ltr'>δὲ</span> <span class='ocrx_word' id='word_1_856' title='bbox 3367 5264 3470 5335; x_wconf 78' lang='grc' dir='ltr'>ἧδη</span> <span class='ocrx_word' id='word_1_857' title='bbox 3518 5267 3598 5319; x_wconf 82' lang='grc' dir='ltr'><strong>καὶ</strong></span> <span class='ocrx_word' id='word_1_858' title='bbox 3636 5269 3688 5324; x_wconf 75' lang='grc' dir='ltr'><strong>ἐν</strong></span> 
     </span>
    </p>
   </div>
   <div class='ocr_carea' id='block_1_116' title="bbox 2130 5348 3689 5434">
    <p class='ocr_par' dir='ltr' id='par_1_116' title="bbox 2130 5348 3689 5434">
     <span class='ocr_line' id='line_1_116' title="bbox 2130 5348 3689 5434; baseline 0.011 -34"><span class='ocrx_word' id='word_1_859' title='bbox 2130 5348 2417 5421; x_wconf 82' lang='grc' dir='ltr'>ἀμερίμνῳ</span> <span class='ocrx_word' id='word_1_860' title='bbox 2447 5350 2549 5422; x_wconf 84' lang='grc' dir='ltr'>τῆς</span> <span class='ocrx_word' id='word_1_861' title='bbox 2575 5353 2877 5425; x_wconf 88' lang='grc' dir='ltr'>ἀνθρώπων</span> <span class='ocrx_word' id='word_1_862' title='bbox 2908 5356 3055 5428; x_wconf 84' lang='grc' dir='ltr'>ζωῆς</span> <span class='ocrx_word' id='word_1_863' title='bbox 3094 5360 3283 5430; x_wconf 80' lang='grc' dir='ltr'>ἡγοῖτο</span> <span class='ocrx_word' id='word_1_864' title='bbox 3329 5360 3523 5421; x_wconf 79' lang='grc' dir='ltr'>ἐαυτὸν</span> <span class='ocrx_word' id='word_1_865' title='bbox 3547 5381 3689 5434; x_wconf 83' lang='grc' dir='ltr'>γεγο-</span> 
     </span>
    </p>
   </div>
   <div class='ocr_carea' id='block_1_117' title="bbox 2128 5439 3685 5530">
    <p class='ocr_par' dir='ltr' id='par_1_117' title="bbox 2128 5439 3685 5530">
     <span class='ocr_line' id='line_1_117' title="bbox 2128 5439 3685 5530; baseline 0.012 -37"><span class='ocrx_word' id='word_1_866' title='bbox 2128 5439 2295 5506; x_wconf 90' lang='grc' dir='ltr'>νέναι,</span> <span class='ocrx_word' id='word_1_867' title='bbox 2330 5443 2407 5509; x_wconf 87' lang='grc' dir='ltr'><strong>ὡς</strong></span> <span class='ocrx_word' id='word_1_868' title='bbox 2433 5445 2610 5501; x_wconf 87' lang='grc' dir='ltr'>δοκεῖν</span> <span class='ocrx_word' id='word_1_869' title='bbox 2633 5448 2924 5522; x_wconf 84' lang='grc' dir='ltr'>εὑρηκέναι</span> <span class='ocrx_word' id='word_1_870' title='bbox 2949 5450 3142 5506; x_wconf 80' lang='grc' dir='ltr'>ἑαυτοῦ</span> <span class='ocrx_word' id='word_1_871' title='bbox 3170 5454 3270 5524; x_wconf 81' lang='grc' dir='ltr'>τὴν</span> <span class='ocrx_word' id='word_1_872' title='bbox 3291 5453 3492 5527; x_wconf 75' lang='grc' dir='ltr'>ψυχὴν,</span> <span class='ocrx_word' id='word_1_873' title='bbox 3519 5457 3602 5511; x_wconf 79' lang='grc' dir='ltr'>ἅτε</span> <span class='ocrx_word' id='word_1_874' title='bbox 3629 5457 3685 5530; x_wconf 80' lang='grc' dir='ltr'>δὴ</span> 
     </span>
    </p>
   </div>
   <div class='ocr_carea' id='block_1_118' title="bbox 2127 5531 3689 5621">
    <p class='ocr_par' dir='ltr' id='par_1_118' title="bbox 2127 5531 3689 5621">
     <span class='ocr_line' id='line_1_118' title="bbox 2127 5531 3689 5621; baseline 0.014 -38"><span class='ocrx_word' id='word_1_875' title='bbox 2127 5531 2409 5604; x_wconf 84' lang='grc' dir='ltr'>ἐκφεύγων</span> <span class='ocrx_word' id='word_1_876' title='bbox 2436 5536 2536 5602; x_wconf 85' lang='grc' dir='ltr'>τὰς</span> <span class='ocrx_word' id='word_1_877' title='bbox 2562 5538 2620 5606; x_wconf 80' lang='grc' dir='ltr'><strong>ἐξ</strong></span> <span class='ocrx_word' id='word_1_878' title='bbox 2649 5540 2951 5612; x_wconf 82' lang='grc' dir='ltr'>ἀνθρώπων</span> <span class='ocrx_word' id='word_1_879' title='bbox 2975 5545 3286 5612; x_wconf 79' lang='grc' dir='ltr'>ἐπιϐουλὰς,</span> <span class='ocrx_word' id='word_1_880' title='bbox 3310 5548 3403 5604; x_wconf 78' lang='grc' dir='ltr'>καὶ</span> <span class='ocrx_word' id='word_1_881' title='bbox 3427 5546 3520 5604; x_wconf 70' lang='grc' dir='ltr'>τὸν</span> <span class='ocrx_word' id='word_1_882' title='bbox 3541 5551 3689 5621; x_wconf 63' lang='grc' dir='ltr'>ἡται-</span> 
     </span>
    </p>
   </div>
  </div>
