3858 6214
151 290 271 346 675

1517 291 1616 377 ne
1645 290 2108 347 rneopnams.

3303 302 3411 360 674

150 406 226 480 λη
231 408 394 478 μένον
414 406 600 460 ἕνεκεν
622 406 713 460 τοῦ
734 407 831 478 τῆς
851 406 1332 479 θεοσεϐείαςελόγου
1350 406 1596 462 θάνατον’
1615 409 1725 462 fore

1846 409 1957 463 vita
1999 423 2058 464 se
2108 408 2284 479 ipsum
2326 409 2607 478 privasse,
2650 424 2917 481 suamque
2959 411 3216 479 animam,
3249 429 3411 483 quam

149 498 185 552 6
213 498 455 563 τοιοῦτος
502 498 603 568 τῆς
635 498 870 569 ἀληθοῦς
912 498 1059 568 ζωῆς
1101 498 1291 553 ἐαυτὸν
1330 500 1618 571 στερήσας,
1643 499 1738 553 καὶ

150 595 261 666 τὴν
290 589 482 646 ἐαυτοῦ
522 592 719 663 ψυχὴν,
763 592 831 663 ῆν
868 592 1159 663 εὑρηκέναι
1204 590 1506 662 νενόμικεν,
1547 590 1739 663 ἀληθεῖ

150 685 303 753 λόγῳ
332 682 607 755 παραδοὺς
635 682 899 754 ἀπωλείᾳ.
944 683 1131 754 Πάσης
1168 681 1276 752 γὰρ
1306 681 1539 753 ἐσχάτης
1583 683 1737 734 ἀπω-

150 776 314 838 λείας
342 774 537 843 γένοιτ’
569 772 635 826 ἀν
681 776 859 845 χεῖρον
891 774 952 827 τὸ
979 775 1230 828 ἐκπεσεῖν
1261 772 1417 838 Θεοῦ,
1448 772 1542 827 καὶ
1570 773 1738 845 ἀρνη-

152 868 321 939 θῆναι
348 868 453 921 ὐπὸ
482 865 574 921 τοῦ
617 866 750 920 Υἱοῦ
783 866 877 918 τοῦ
914 865 1072 920 Θεοῦ.
1115 865 1181 917 Τί
1208 864 1266 918 δὲ
1297 864 1392 917 καὶ
1419 864 1580 917 πλέον
1607 866 1735 917 ἐπο-

160 960 373 1033 ρίσατο,
408 960 600 1013 ἑαυτὸν
632 960 935 1030 ἀπατήσας,
969 958 1063 1011 καὶ
1099 957 1390 1028 εὑρηκέναι
1414 958 1514 1027 τήν
1542 955 1734 1010 ἐαυτοῦ

152 1052 338 1121 ψυχὴν
361 1048 666 1113 ύπολαὸὼν,
693 1051 803 1113 ὅτε,
838 1048 1052 1118 φεύγων
1088 1047 1178 1101 τὸν
1210 1046 1458 1111 θάνατον,
1484 1047 1575 1100 τὸν
1603 1047 1735 1099 Θεὸν

148 1144 405 1213 ῆρνεῖτος
434 1140 673 1211 Σμικροῦ
704 1139 811 1209 γὰρ
837 1139 989 1202 ὄντος
1018 1139 1110 1193 καὶ
1136 1139 1422 1211 ἐπικαίρου
1450 1139 1589 1210 βίου,
1617 1140 1733 1210 μετ’

74 1234 83 1271 :
114 1296 117 1297 ν
149 1233 217 1284 οὐ
249 1233 384 1286 πολὺ
410 1228 509 1303 τῆς
532 1230 731 1302 θνητῆς
760 1232 852 1284 καὶ
870 1230 1231 1302 ὀλιγοχρονίου
1258 1229 1404 1301 ζωῆς
1426 1214 1732 1301 στερηθεὶς,

149 1323 253 1375 καὶ
282 1320 362 1393 τῷ
390 1322 604 1393 θανάτῳ
647 1322 704 1375 ὃν
739 1320 955 1391 φεύγων
979 1321 1070 1375 τὸν
1098 1321 1230 1374 Θεὸν
1262 1323 1476 1393 ἠρνεῖτο
1500 1322 1735 1392 ὑποϐλη-

151 1415 293 1478 θεὶς,
327 1416 394 1484 τῇ
429 1414 564 1484 μετά
594 1414 683 1467 τὸν
706 1412 932 1466 θάνατον
964 1412 1157 1483 αίωνίᾳ
1183 1411 1399 1466 κολάσει
1426 1411 1735 1484 παραδοθή-

147 1522 329 1570 σεται,
354 1505 623 1568 ἀπολέσας
655 1503 870 1574 ἀληθῶς
899 1503 997 1574 τὴν
1021 1501 1214 1556 ἐαυτοῦ
1244 1502 1441 1573 ψυχὴν,
1470 1502 1537 1573 ἢν
1566 1501 1733 1573 εὐρη-

146 1598 312 1651 κέναι
352 1597 672 1668 ὐπειλήφει·
730 1595 807 1659 ὡς
847 1594 1113 1648 ἀνάπαλιν
1155 1594 1185 1646 6
1217 1589 1304 1646 διὰ
1338 1594 1438 1664 τὴν
1475 1594 1554 1655 είς
1598 1592 1732 1645 Θεὸν

150 1689 353 1742 ἐλπίδα
382 1687 570 1741 ἑαυτὸν
596 1686 884 1756 ἀπογνοὺς,
910 1686 1005 1739 καὶ
1031 1684 1128 1757 τὴν
1153 1684 1346 1739 ἐαυτοῦ
1386 1683 1525 1754 ζωήν
1555 1683 1733 1754 ἀπαρ-

1844 499 1946 555 sibi
1976 498 2247 554 invenisse
2269 498 2575 566 videbatur,
2609 501 2894 571 perditioni
2927 504 3235 561 tradidisse.
3263 505 3410 573 Quo-

1842 589 1926 643 vis
1961 586 2107 642 enim
2147 602 2363 643 summo
2407 587 2579 643 exitio
2629 589 2870 646 deterius
2915 590 3000 647 est
3037 593 3131 649 Dei
3177 599 3409 665 gratiam

1818 680 2094 734 amittere
2122 691 2177 734 et
2203 696 2232 735 a
2271 680 2410 736 Filio
2442 680 2536 736 Dei
2571 682 2785 752 negari.
2811 683 2950 751 Quid
2984 701 3114 742 vero
3144 689 3408 759 quispiam

1842 771 2079 841 proiicit,
2108 772 2233 827 dum
2264 787 2324 828 se
2351 772 2574 843 decipit,
2602 784 2656 830 et
2680 776 2917 830 animam
2965 792 3117 833 suam
3163 780 3410 838 invenire

1842 863 2161 928 arbitratur,
2192 877 2314 918 cum
2346 874 2576 919 mortem
2609 865 2808 932 vitans,
2841 866 3009 923 Deum
3043 873 3240 942 negat?
3273 872 3407 929 Nam

1842 968 1970 1008 cum
2018 955 2091 1010 sit
2133 964 2340 1009 arctum
2372 963 2427 1008 et
2459 958 2757 1024 temporale
2800 959 2902 1012 hoc
2950 968 3149 1026 arvum,
3176 974 3409 1032 quanto-

1842 1045 1959 1100 cius
2002 1045 2221 1099 mortali
2274 1045 2536 1115 brevique
2580 1048 2691 1102 vita
2729 1050 2974 1113 orbatus,
3026 1061 3235 1108 aeterno
3289 1068 3411 1125 post

1841 1146 2068 1191 mortem
2106 1135 2370 1205 supplicio
2412 1138 2678 1204 tradetur,
2720 1141 2932 1209 perdita
2968 1143 3248 1199 enimvero
3284 1161 3412 1216 pro-

1839 1228 1959 1297 pria
2021 1228 2223 1294 anima,
2253 1243 2417 1298 quam
2485 1243 2544 1283 se
2615 1230 2887 1287 invenisse
2931 1234 3183 1302 putabat.
3239 1214 3410 1292 Sicuti

1841 1333 1996 1374 versa
2022 1320 2142 1375 vice
2168 1321 2258 1390 qui
2290 1322 2361 1377 ob
2392 1336 2540 1390 spem
2586 1322 2642 1376 in
2700 1323 2868 1380 Deum
2918 1328 3265 1398 semetipsum
3317 1346 3413 1385 nec

1839 1406 2010 1478 gligit,
2045 1424 2308 1478 suamque
2339 1410 2505 1464 vitam
2538 1412 2790 1483 abnegat,
2826 1424 2880 1469 et
2903 1425 3165 1484 quantum
3217 1421 3411 1475 attinet

1840 1499 1908 1552 ad
1961 1512 2117 1551 suum
2169 1500 2527 1568 propositum,
2587 1503 2823 1557 animam
2883 1506 3161 1575 propriam
3197 1511 3402 1579 perdit,

1839 1599 2034 1642 cuncta
2065 1588 2181 1664 hinc
2210 1589 2465 1645 alacriter
2498 1603 2720 1663 pr0pter
2747 1593 2908 1650 ﬁdem
2945 1610 3077 1665 erga
3125 1598 3291 1654 Deum
3327 1612 3411 1655 to.

1841 1679 2058 1745 lerans;
2093 1680 2179 1735 hic
2210 1681 2428 1750 inquam
2462 1693 2646 1738 erecta
2699 1684 2893 1739 ﬁducia
2933 1687 3025 1751 sit,
3078 1690 3233 1758 quasi
3274 1691 3408 1746 nihil

148 1780 362 1853 νηθεὶς,
397 1782 519 1835 ὅσον
556 1796 617 1832 τε
658 1778 752 1831 ἐπὶ¹
778 1780 845 1849 τῇ
872 1776 1068 1831 ἑαυτοῦ
1104 1775 1358 1848 προθέσει
1400 1775 1498 1846 τὴν
1538 1775 1725 1827 ἑαυτοῦ

1834 1771 2152 1841 perdiderit.
2175 1774 2292 1827 Non
2311 1774 2453 1829 enim
2471 1775 2584 1845 ipse
2596 1776 2802 1841 amisit,
2818 1777 2911 1832 sed
2931 1778 3136 1834 invenit
3168 1784 3407 1838 animam

147 1873 332 1944 ψυχήν
365 1870 742 1936 ἀπολωλεκὼς,
780 1872 956 1924 πάντα
998 1886 1058 1921 τε
1093 1868 1263 1920 ταῦτα
1294 1866 1576 1938 εὐθαρσῶς
1606 1867 1733 1920 ἐπο-

150 1963 349 2032 μείνας
386 1960 474 2014 διὰ
506 1960 606 2031 τὴν
644 1962 725 2024 είς
767 1959 859 2012 τὸν
903 1957 1035 2011 Θεὸν
1081 1958 1286 2023 πίστιν,
1342 1955 1611 2027 θαρρείτω
1655 1953 1732 2018 ὡς

152 2053 385 2123 μηδενὸς
407 2051 745 2114 ἀπολωλότος
772 2050 922 2122 αὐτῷ
945 2067 957 2080 ·
993 2050 1055 2103 οὐ
1083 2049 1191 2121 γάρ
1216 2046 1492 2102 ἀπόλωλεν
1512 2048 1540 2099 6
1559 2044 1731 2099 τοιοῦ-

144 2162 263 2208 τος,
297 2145 412 2197 ἀλλ’
440 2136 566 2216 εὗρε
599 2144 698 2215 τήν
728 2142 919 2197 ἐαυτοῦ
945 2143 1143 2213 ψυχήν.
1170 2143 1232 2194 Ei
1256 2140 1385 2209 γοῦν
1410 2140 1485 2202 ὡς
1514 2141 1570 2191 ἐν
1601 2139 1735 2190 ὐπο-

146 2237 300 2289 θέσει
329 2236 487 2304 λόγου
523 2235 689 2307 θνητὴ
719 2231 855 2289 οὖσα
881 2234 1163 2305 ἐτύγχανε,
1193 2233 1288 2286 καὶ
1313 2231 1397 2285 οἴα
1427 2248 1485 2283 τε
1518 2228 1733 2301 ἀληθῶς

140 2329 231 2389 εἰς
263 2327 327 2379 τὸ
353 2326 428 2397 μὴ
455 2326 514 2378 ὂν
539 2327 755 2397 χωρεῖν,
782 2324 875 2378 καὶ
903 2325 952 2377 εί
983 2323 1266 2377 ἀπώλλυτο
1290 2321 1395 2376 ὐπὸ
1423 2318 1730 2390 ἀνθρώπων

147 2419 543 2490 ἀναιρουμένη,
573 2419 721 2489 ὅμως
751 2417 851 2471 οὐκ
883 2418 962 2480 εἰς
992 2416 1308 2469 ἀνέλπιστον
1336 2412 1441 2485 χρὴ
1472 2412 1561 2464 τὸν
1593 2410 1733 2481 ὐπὲρ

150 2510 437 2573 εὐσεὸείας
482 2510 669 2578 ἀγῶνα
718 2510 1122 2581 διακαρτερεῖν·
1159 2505 1347 2577 ἐπειδὴ
1384 2503 1463 2575 τῷ
1490 2502 1608 2573 Θεῷ
1637 2501 1731 2555 καὶ

147 2604 221 2657 τὰ
260 2603 576 2658 ἀπολωλότα
600 2604 692 2657 καὶ
728 2602 799 2655 τὰ
859 2600 1081 2674 μηδαμῆ
1120 2598 1383 2671 μηδαμῶς
1425 2598 1556 2652 ὄντα
1588 2612 1731 2667 παρ-

152 2696 251 2764 άγε
261 2714 311 2748 ιν
339 2694 399 2760 ἐξ
422 2696 522 2749 οὐκ
543 2695 710 2748 ὄντων
739 2696 834 2748 καὶ
851 2693 1132 2759 ζωοποιεῖν
1153 2692 1394 2746 δυνατόν.
1413 2690 1503 2744 Διὸ
1530 2690 1624 2744 καὶ
1646 2688 1735 2742 τὸν

1837 1879 2008 1918 suam.
2034 1864 2091 1920 Si
2122 1880 2252 1937 ergo
2278 1880 2374 1935 per
2401 1865 2743 1938 hypothesim
2761 1870 3009 1927 mortalis
3038 1884 3185 1929 esset
3204 1876 3406 1941 anima.

1836 1971 1900 2011 ac
1932 1972 2060 2011 vere
2081 1957 2133 2012 in
2156 1958 2387 2014 nihilum
2424 1971 2606 2029 posset
2642 1961 2885 2030 dissolvi,
2926 1972 2982 2018 et
3012 1965 3056 2019 si
3088 1970 3295 2036 periret
3339 1970 3409 2023 ab

1836 2048 2145 2103 hominibus
2171 2052 2430 2117 extincta,
2462 2053 2816 2110 nihilominus
2844 2054 2988 2113 haud
3011 2060 3130 2115 sine
3145 2073 3240 2128 spe
3268 2059 3409 2115 foret

1835 2152 1932 2206 pro
1959 2137 2218 2210 religione
2244 2139 2690 2211 depugnandum;
2718 2143 2843 2212 quia
2885 2144 2995 2199 Deo
3012 2153 3069 2199 et
3097 2145 3311 2213 perdita
3352 2155 3408 2201 et

1840 2244 2103 2296 nusquam
2139 2229 2437 2294 exstantia,
2470 2230 2537 2285 ad
2580 2218 2961 2287 exsistendum
3008 2245 3173 2305 atque
3203 2235 3270 2290 ad
3321 2237 3404 2290 vi-

1833 2324 1942 2372 tam
1970 2319 2265 2386 perducere
2294 2334 2399 2374 non
2417 2330 2499 2376 est
2517 2323 2769 2378 arduum.
2788 2323 3128 2395 Quapropter
3149 2340 3216 2382 ea
3239 2328 3403 2381 etiam

1833 2424 1953 2479 quae
1979 2412 2245 2466 exsistere
2268 2427 2373 2468 non
2404 2414 2719 2478 creduntur,
2742 2418 2835 2470 sed
2866 2416 2985 2487 ejus
3013 2433 3176 2474 causa
3202 2434 3269 2475 ex
3301 2419 3406 2474 ho-

1838 2503 2073 2559 minibus
2098 2514 2473 2569 excesserunt,
2499 2520 2604 2561 non
2632 2506 2739 2560 erit
2769 2508 2817 2562 ei
2842 2507 3173 2578 impossibile
3216 2526 3405 2566 rursus

1838 2593 2167 2658 instaurare,
2214 2604 2270 2649 et
2313 2597 2537 2665 perdita:
2571 2596 2766 2653 animae
2806 2598 3176 2656 inventionem
3203 2603 3277 2670 ei,
3313 2606 3404 2673 qui

1841 2686 2013 2755 ipsius
2043 2700 2203 2740 causa
2236 2687 2527 2749 amisisset.
2555 2690 2874 2744 concedere.

144 2788 474 2859 νομισθέντα
498 2788 693 2860 μηκέτι
714 2785 873 2852 εἶναι,
905 2787 1040 2841 ἀλλά
1059 2787 1127 2840 δι’
1154 2786 1315 2841 αὐτὸν
1339 2785 1398 2851 ἐξ
1425 2782 1724 2855 ἀνθρώπων
1760 2778 2094 2842 ἀπολωλότα,
2153 2779 2253 2832 οὐκ
2311 2779 2377 2833 ἂν
2402 2780 2551 2851 αὐτῷ
2570 2782 2776 2850 γένοιτο
2803 2782 3060 2837 ἀδύνατον
3088 2780 3242 2850 αὖθις
3270 2786 3404 2841 ὐπο-

151 2885 477 2955 στήσασθαι,
524 2886 617 2937 καὶ
648 2884 747 2954 τὴν
781 2882 994 2954 εὕρεσιν
1042 2883 1142 2953 τῆς
1182 2880 1521 2942 ἀπολωλυίας
1550 2877 1724 2948 ψυχῆς
1757 2874 1836 2945 τῷ
1862 2874 1928 2925 δι’
1958 2873 2119 2927 αὐτὸν
2151 2874 2319 2928 αὐτὴν
2351 2875 2716 2929 ἀπολωλεκότι
2755 2880 3076 2947 παρασχεῖν.

834 2975 912 3030 12'
948 2974 1045 3046 (6).

221 3068 413 3132 Οὐδεὶς
445 3068 624 3138 μέντοι
656 3066 872 3119 πώποτε
903 3063 1195 3137 προφητῶν
1226 3064 1286 3117 τὸ
1319 3063 1580 3134 κήρυγμα
1626 3061 1724 3131 τῆς

146 3160 260 3213 τῶν
293 3155 537 3229 οὐρανῶν
572 3157 847 3228 βασιλείας
884 3154 1104 3227 γυμνῶς
1132 3157 1212 3219 είς
1257 3154 1465 3217 πάντας
1494 3152 1724 3222 εὐηγγέ-

147 3252 329 3304 λιστο·
376 3251 488 3304 ἀλλ’
534 3251 732 3321 ¹ᾔδεσαν
781 3249 878 3319 μὲν
918 3248 1047 3301 αὐτὸ
1092 3246 1365 3318 προφῆται
1406 3244 1627 3307 πάντες.
1660 3244 1721 3298 οὐ

151 3342 261 3413 μὴν
301 3344 397 3394 καὶ
426 3340 503 3411 τῷ
553 3340 818 3394 Ἰουδαίων
860 3337 975 3408 λαῷ
1017 3337 1393 3407 παρεδίδοσαν,
1426 3335 1514 3389 διὰ
1542 3335 1604 3388 τὸ
1631 3353 1724 3405 νη-

147 3433 369 3497 πιάζειν
393 3431 490 3496 τὰς
518 3432 738 3503 φρένας,
772 3431 868 3485 καὶ
905 3430 1208 3495 ἐξασθενεῖν
1243 3429 1377 3500 πρὸς
1406 3428 1469 3481 τὸ
1500 3426 1724 3499 μέγεθος

144 3523 243 3577 τοῦ
270 3523 620 3595 κηρύγματος
639 3539 653 3552 '
686 3521 903 3595 πρώτου
942 3521 998 3575 δὲ
1039 3521 1283 3574 Ἰωάννου
1308 3519 1593 3591 τηλαυγῶς
1618 3536 1721 3590 κη-

151 3616 416 3687 ρύξαντος
444 3615 728 3685 ηγγικέναι
752 3613 847 3684 τὴν
870 3611 977 3666 τῶν
1004 3595 1247 3684 οὐρανῶν
1274 3610 1566 3682 βασιλείαν,
1589 3609 1722 3680 ἄφε-

149 3708 237 3762 σίν
262 3724 323 3759 τε
358 3706 638 3776 ἁμαρτιῶν
674 3704 762 3758 διὰ
803 3703 1028 3775 λουτροῦ
1061 3701 1478 3771 παλιγγενεσίας
1514 3717 1722 3769 καταγ-

140 3798 432 3867 γείλαντος
456 3795 780 3869 ἀνθρώποις,
813 3796 864 3849 οἱ
894 3794 970 3866 τῷ
998 3795 1316 3866 κηρύγματι
1347 3792 1569 3856 ἐαυτούς
1605 3792 1723 3845 ἐπι-

147 3888 331 3951 δόντες
376 3887 778 3959 περιάρπαστον
825 3884 994 3956 αὐτὴν
1042 3885 1355 3955 ἐσχήκασιν,
1400 3882 1459 3950 ἐξ
1502 3881 1723 3936 ἐκείνων

146 3979 264 4031 τῶν
298 3977 521 4049 ἡμερῶν
557 3977 874 4049 ἀρξάμενοι,
917 3975 976 4041 ἐξ
1009 3969 1085 4030 ὧν
1123 3978 1152 4030 6
1196 3977 1445 4046 Ἰωάννης
1473 3974 1565 4028 τὸν
1595 3974 1723 4046 περὶ

148 4070 324 4140 αὐτῆς
363 4069 685 4140 κατήγγειλε
724 4069 900 4136 λόγον.
936 4068 1015 4121 Τά
1051 4069 1149 4139 μὲν
1184 4067 1293 4139 γὰρ
1335 4066 1609 4129 Μωῦσέως
1637 4066 1723 4120 νό-

150 4177 296 4231 μιμα
319 4161 415 4213 καὶ
440 4161 536 4230 τὴν
578 4159 869 4230 Ἰουδαῖκὴν
890 4159 1142 4231 λατρείαν
1165 4157 1353 4230 καιρόν
1373 4175 1534 4228 φησιν
1559 4160 1720 4228 ἐσχη-

142 4253 305 4304 κέναι
352 4252 579 4303 οἰκεῖον·
615 4249 799 4304 τοῦτον
843 4250 899 4304 δέ
941 4248 1374 4326 περιγράφεσθαι
1417 4249 1577 4322 μέχρι
1622 4249 1723 4319 τῆς

2536 2966 2697 3023 XVII.

1901 3056 2072 3113 Nemo
2126 3073 2362 3127 unquam
2408 3073 2475 3113 ex
2532 3060 2813 3130 prophetis
2856 3063 3187 3131 praeconium
3250 3066 3401 3135 regni

1832 3150 2095 3206 caelorum
2127 3159 2316 3220 aperte
2366 3165 2548 3205 coram
2594 3152 2791 3220 populo
2826 3151 3114 3210 fecitzsed
3153 3155 3402 3211 sciebant

1830 3242 2051 3311 quidem
2096 3242 2148 3296 id
2194 3241 2473 3312 propheta:
2503 3257 2715 3308 omnes,
2751 3259 2931 3315 neque
2965 3255 3144 3303 tamen
3180 3246 3401 3305 Judaeu-

1831 3349 1950 3388 rum
1975 3332 2171 3403 populo
2198 3335 2523 3402 prodebant,
2549 3343 2771 3405 propter
2815 3338 3015 3391 mentis
3044 3338 3263 3394 illorum
3311 3344 3400 3396 in-

1830 3426 2075 3491 fantiam,
2104 3433 2159 3480 et
2188 3425 2515 3481 sustinendae
2550 3428 2810 3495 praeconii
2836 3430 3221 3498 magnitudinis
3250 3432 3403 3487 infir-

1831 3516 2095 3570 mitatem.
2124 3515 2258 3571 Cum
2310 3523 2490 3570 autem
2523 3517 2733 3585 primus
2753 3516 2991 3574 Joannes
3019 3521 3168 3576 clare
3201 3525 3398 3592 praedi-

1829 3608 1974 3663 cavit
2000 3608 2436 3678 appropinquare
2479 3623 2704 3680 regnum
2753 3611 3039 3677 caelorum,
3066 3623 3122 3668 et
3153 3626 3399 3683 peccato-

1830 3716 1950 3755 rum
2007 3700 2388 3755 remissionem
2455 3714 2551 3769 per
2617 3703 3045 3771 regenerationis
3117 3704 3392 3761 lavacrum

1828 3792 2138 3849 hominibus
2164 3793 2456 3857 nuntiavit,
2488 3793 2523 3847 ii
2569 3795 2663 3863 qui
2706 3794 3079 3862 prazdicationi
3111 3810 3395 3853 assensum

1828 3901 1986 3942 suum
2018 3885 2387 3955 prazbuerunt,
2423 3901 2651 3957 regnum
2695 3887 2828 3943 illud
2872 3903 2971 3943 ceu
3002 3904 3064 3944 ex
3108 3899 3263 3961 rapto
3289 3892 3396 3948 sibi

1826 3980 2153 4045 habuerunt,
2184 3995 2253 4034 ex
2285 3993 2351 4033 eo
2389 3986 2632 4048 tempore
2658 3979 3001 4048 incipientes,
3031 3996 3140 4053 quo
3160 3981 3397 4038 Joannes

1828 4075 1897 4129 de
1935 4074 2056 4142 ipso
2092 4087 2398 4128 sermonem
2446 4071 2649 4126 intulit.
2694 4071 2832 4127 Nam
2877 4072 3089 4144 Moysis’
3122 4073 3314 4145 legalis
3340 4084 3398 4132 et

1826 4162 2110 4220 Judaicum
2164 4164 2368 4219 cultum
2415 4163 2695 4234 proprium
2743 4173 2953 4236 tempus
2993 4166 3243 4223 habuisse
3282 4168 3393 4235 ait;

1827 4257 1970 4327 quod
1998 4256 2224 4312 Joannis
2269 4253 2561 4326 praesentia
2603 4256 2786 4310 linitur
2817 4272 2833 4322 ;
2859 4257 3153 4326 prophetas
3180 4274 3396 4328 quoque

162 4340 410 4394 Ἰωάννου
444 4340 772 4411 παρουσίας·
805 4340 1054 4403 καὶτοὺς
1099 4341 1381 4411 προφήτας
1424 4340 1483 4393 δὲ
1527 4340 1719 4410 μέχρις

1832 4361 1997 4417 usque
2029 4347 2096 4402 ad
2122 4344 2391 4401 Joannem
2420 4345 2624 4402 Judaeis
2646 4356 2898 4401 auctores
2917 4345 3085 4403 fuisse
3110 4360 3166 4403 ut
3195 4349 3395 4420 Moysis

160 4433 410 4485 Ἰωάννου
474 4428 744 4493 Ἰουδαίοις
804 4430 1131 4500 πεποιῆσθαι
1186 4430 1286 4493 τὰς
1342 4432 1717 4502 παραγγελίας

146 4522 287 4595 πρίἳς
316 4522 380 4574 τὸ
412 4521 696 4592 φυλάττειν
727 4521 796 4574 τὰ
826 4522 1102 4585 Μωῦσέως
1143 4523 1346 4593 νόμιμα
1366 4539 1380 4553 ’
1414 4524 1628 4593 πρῶτον
1659 4526 1716 4578 δέ

156 4618 415 4687 Ἰωάννην
451 4616 690 4687 ἀρχηγὸν
725 4615 1005 4684 γεγονέναι
1044 4615 1143 4685 τῆς
1171 4615 1377 4685 Καινῆς
1421 4614 1715 4688 Διαθήκης,

146 4710 245 4765 ἥτε
287 4708 591 4778 πρόδρομον
636 4705 800 4760 αὐτοῦ
848 4705 1153 4775 γενόμενον.
1188 4705 1362 4758 Αὐτοῦ
1398 4723 1458 4759 τε
1500 4705 1714 4776 πρώτου

142 4801 244 4855 καὶ
271 4798 332 4863 ἐξ
359 4796 522 4850 αὐτοῦ
559 4797 656 4867 τὴν
687 4796 959 4866 βασιλείαν
986 4796 1094 4848 τῶν
1123 4795 1364 4867 οὐρανῶν
1391 4797 1593 4851 ἅπασιν
1622 4799 1715 4851 ἀν-

146 4890 390 4962 θρώποις
409 4888 884 4961 εὐηγγελισμένου,
904 4888 1029 4950 τούς
1046 4888 1228 4954 ἀξίους
1253 4889 1421 4961 αὐτῆς
1445 4891 1525 4953 είς
1546 4890 1715 4962 αὐτὴν

147 4979 431 5051 βιάζεσθαι
478 4979 762 5050 νοήσομεν,
800 4979 1207 5051 ἐπιστήσαντες,
1238 4980 1315 5043 ὡς
1354 4982 1535 5052 μέγας.
1565 4983 1714 5052 ἀγὼν

143 5067 407 5143 ωγχᾶνει
437 5074 547 5134 τοῖς
578 5071 671 5126 ἐπὶ
706 5072 810 5141 γῆς
833 5070 1136 5143 ἀνθρώποις
1157 5072 1292 5143 πρὸς
1329 5074 1426 5144 τὴν
1458 5076 1515 5127 ὲν
1546 5077 1714 5145 οὐρα..

139 5162 258 5229 νοῖς
283 5166 486 5221 ἄνοδον.
515 5164 589 5217 Τὸ
611 5163 719 5235 γὰρ
744 5162 1061 5235 ἀνθρώπους
1087 5164 1246 5228 ὄντας
1272 5153 1366 5219 καὶ
1389 5166 1565 5237 σάρκα
1589 5168 1715 5239 θνη-

138 5260 243 5330 τὴν
278 5256 792 5328 περιϐεϐλημένους,
840 5256 948 5309 τῶν
990 5256 1229 5326 φυσικῶν
1270 5257 1499 5328 ὀρέξεων
1532 5261 1712 5331 κρείτ-

140 5370 269 5416 τους
300 5351 565 5420 γίνεσθαι,
594 5350 786 5422 ήδονῆς
814 5366 871 5403 τε
902 5353 1120 5422 κρατεῖν
1152 5350 1244 5403 καὶ
1277 5349 1456 5419 πάσης
1483 5353 1713 5423 αἰσχρᾶς

140 5443 464 5513 ἐπιθυμίας,
507 5443 598 5495 καὶ
648 5440 710 5495 τὸ
752 5439 1000 5496 ἐντεῦθεν
1031 5439 1133 5512 ήδη
1179 5440 1575 5512 ἀπομιμεῖσθαι
1618 5441 1711 5495 τὸν

213 5602 294 5695 (ὅ)
316 5625 463 5680 Huic
495 5641 708 5697 quoque
755 5627 1067 5697 fragmento
1094 5589 1158 5678 in.
1192 5623 1378 5697 codice
1402 5623 1466 5678 A.
1500 5623 1534 5676 l‘.
1575 5622 1703 5697 _2l8.

139 5693 564 5767 superscribitur
612 5693 798 5753 titulus
847 5693 1142 5750 Εὐσεόίυυ
1195 5694 1411 5757 ,ϐιϐλίῳ
1457 5693 1709 5761 τετάρτῳ

1824 4437 2015 4506 legalia
2064 4445 2368 4492 servarent.
2421 4436 2530 4493 Sed
2578 4438 2813 4507 primum
2859 4436 3124 4493 Joannem
3177 4440 3391 4496 initium

1823 4532 1959 4587 Novi
2010 4530 2344 4586 Testamenti
2394 4529 2610 4595 fecisse,
2640 4540 2828 4600 utpote
2872 4530 3043 4599 ipsius
3093 4547 3391 4601 praecurso-

1824 4635 1962 4676 rem.
2005 4618 2124 4689 Ipso
2162 4630 2340 4673 autem
2380 4620 2579 4688 primo,
2618 4629 2781 4673 aetate
2820 4618 2932 4685 illa,
2968 4634 3189 4688 regnum
3224 4621 3392 4676 eteiu-

1824 4728 1942 4766 rum
1993 4712 2203 4767 cunctis
2251 4712 2558 4766 hominibus
2610 4711 2919 4774 nuntiante,
2949 4713 3139 4780 dignos
3170 4711 3259 4766 illo
3292 4712 3389 4766 ho-

1822 4794 1995 4861 mines
2029 4805 2081 4859 in
2113 4804 2286 4874 ipsum
2328 4804 2380 4858 vi
2418 4804 2722 4873 irrumpere
2768 4802 3103 4872 putabimus,
3136 4804 3180 4857 si
3208 4806 3388 4858 consi-

1815 4898 2069 4954 deremus
2096 4912 2260 4967 quam
2300 4896 2485 4968 gravis
2515 4896 2587 4951 sit
2629 4904 2859 4950 conatus
2898 4895 3208 4950 hominibus
3231 4907 3386 4951 terra:

1817 4987 2013 5044 incolis
2047 4990 2150 5043 iter
2196 4988 2262 5043 ad
2303 4987 2502 5042 ctelum
2552 4986 2794 5042 tendere.
2848 4984 3091 5055 Namque
3137 4988 3385 5042 homines

1816 5089 1997 5144 natos,
2027 5090 2083 5134 et
2137 5063 2356 5134 mortali
2403 5093 2571 5134 carne
2615 5078 3006 5144 circumdatos,
3045 5077 3383 5133 naturalibus

1818 5171 2144 5241 appetitibus
2171 5169 2286 5224 ﬁeri
2309 5170 2641 5237 superiores.
2682 5178 2739 5223 et
2776 5169 3103 5238 voluptatem
3139 5183 3383 5223 omnem-

1819 5276 1924 5329 que
1952 5271 2161 5332 turpem
2198 5262 2545 5331 cupiditatem
2590 5260 2867 5326 cohibere,
2899 5261 3176 5330 vitamque
3214 5275 3381 5333 ange-

1820 5352 1979 5406 licam
2035 5353 2171 5407 velle
2228 5353 2280 5407 in
2352 5354 2511 5407 terris
2566 5353 2805 5416 imitari;
2870 5354 2942 5406 ita
3004 5361 3063 5406 ut
3115 5368 3266 5421 aeque
3315 5371 3380 5408 ac

1816 5440 2017 5499 Paulus
2042 5444 2222 5499 dicere
2248 5445 2456 5514 possint
2484 5458 2497 5493 :
2534 5440 2734 5496 Nostra
2766 5452 2940 5496 autem
2973 5443 3294 5497 conversatio
3324 5444 3376 5495 iu

1816 5623 2195 5748 IGeogsarslac,
2232 5637 2352 5679 cum
2388 5618 2540 5692 siglis
2590 5632 2750 5689 supra
2798 5622 3089 5676 secundum
3143 5622 3374 5676 vocabu-

1836 5712 1944 5748 Ulli.

1836 5712 1944 5749 Ulli.
