3858 6214
468 285 576 342 675

1135 277 1406 338 EUSEBII
1443 276 1918 333 CAESARIENSIS
1953 275 2105 332 OPl‘.
2148 275 2328 333 PARS
2361 277 2453 334 IV.
2495 307 2561 317 —
2599 275 3018 333 DOGMATICA.

3613 275 3716 329 676

465 404 606 458 ccli:
636 412 709 456 est
727 401 814 464 ⁶⁸;
864 397 1053 468 quidni
1100 397 1206 452 hoc
1243 395 1539 450 violentum
1584 394 1680 457 sit,
1729 407 1798 446 ac
1852 407 2032 462 prope-

2141 393 2430 462 ἀγγελικὸν
2485 391 2688 446 ἐθέλειν
2740 389 2852 461 βίον
2893 390 3035 444 ὥστε
3073 389 3249 458 λέγειν
3280 389 3479 460 ὁμοίως
3522 390 3718 462 Παύλῳ

465 497 684 551 modum
726 505 926 563 praeter
972 500 1221 545 naturam
1285 501 1559 558 supraque
1597 487 1744 542 vires
1791 500 1916 541 esse
1953 485 2036 539 vi-

465 581 694 640 deatur?
727 583 860 648 Quis
887 595 1015 635 vero
1039 579 1318 650 religionis
1344 587 1544 631 nostra:
1567 584 1779 630 ascetas
1807 588 2038 629 cernens

463 690 682 732 carnem
737 689 890 728 suam
934 671 1317 739 propemodum
1355 678 1658 723 emortuam
1707 665 1942 728 efﬁcere,
1976 673 2038 720 ut

464 765 856 824 dicant:Cum
915 764 1128 819 Christo
1192 763 1483 832 cruciﬁxus
1510 779 1649 826 sum,
1689 762 1803 816 vivo
1858 771 2036 814 autem

469 864 580 926 iam
612 877 714 914 non
741 873 872 929 ego;
907 859 1051 926 quis,
1070 857 1312 926 inquam,
1337 869 1444 909 non
1472 853 1748 916 fatebitur,
1780 865 1908 906 vere
1938 851 2037 905 hos

465 957 577 1009 vim
611 952 788 1007 facere
817 962 983 1019 regno
1015 944 1317 1001 cmlorum?
1343 943 1498 1010 Quod
1540 942 1584 998 si
1613 943 1734 1011 quis
1774 951 2036 1010 praeterea

464 1047 716 1100 observet
746 1040 1052 1096 mirabilem
1078 1047 1400 1093 sanctorum
1432 1044 1740 1104 martyrum
1771 1041 2035 1088 constan-

467 1141 620 1202 tiam,
647 1135 770 1206 quis
797 1147 986 1188 rursus
1021 1146 1126 1186 non
1163 1131 1310 1186 dicat
1347 1129 1453 1183 vim
1504 1128 1694 1184 inferri
1727 1127 1796 1182 ab
1828 1127 1914 1182 his
1952 1139 2038 1181 re-

462 1243 569 1299 guo
609 1226 891 1291 cmlorum,
920 1232 1082 1294 prout
1108 1220 1374 1278 Servator
1393 1220 1506 1290 jam
1543 1219 1824 1290 praedixit?

1141 1396 1330 1453 XVIII.

535 1494 784 1564 Congrue
823 1491 1111 1546 admodum
1160 1503 1267 1544 non
1313 1486 1640 1542 multitudini
1675 1495 1883 1543 tantum
1924 1497 2038 1542 tur-

463 1589 655 1656 hisque
703 1595 831 1640 tunc
881 1581 1184 1638 astantibus
1231 1580 1462 1650 primam
1493 1580 1806 1651 parabolam
1858 1579 2040 1635 intulit

461 1682 713 1737 Christus
746 1678 817 1743 “,
847 1692 1036 1733 verum
1065 1675 1230 1731 etiam
1264 1676 1329 1730 iis
1357 1675 1449 1746 qui
1484 1683 1668 1746 postea
1700 1675 1767 1729 ad
1797 1674 1913 1745 ejus
1937 1691 2035 1730 au-

464 1775 689 1830 diendos
733 1784 1010 1828 sermones
1059 1769 1377 1825 conventuri
1419 1778 1610 1833 erant;
1653 1769 1730 1823 rei
1786 1770 2037 1839 gerenda

462 1864 798 1922 differentias
832 1863 1015 1916 divina
1040 1860 1347 1932 provisione
1391 1859 1696 1925 declarans,
1734 1873 2037 1928 causasque

461 1957 762 2027 praedicens
798 1955 868 2010 oh
898 1967 1036 2023 quas
1073 1951 1312 2007 nonnulli
1343 1951 1522 2006 divina
1554 1951 1726 2020 gratia
1761 1951 2033 2006 excident.

460 2049 677 2106 Initium
705 2046 976 2120 parabole!
1005 2045 1302 2102 seminator
1327 2051 1432 2108 est,
1481 2052 1537 2098 et
1568 2042 1730 2115 huius
1761 2044 1939 2098 exitus
1967 2043 2037 2098 ad

461 2162 554 2207 eus
591 2149 684 2220 qui
717 2157 871 2203 extra
902 2153 1077 2210 erant,
1111 2153 1223 2197 tum
1248 2137 1482 2196 seminis
1518 2134 1799 2206 proiectio,
1841 2145 1896 2191 et
1931 2137 2037 2194 hoc

462 2243 602 2298 haud
636 2239 754 2310 pari
786 2237 945 2292 modo
979 2233 1304 2302 recipientes
1327 2230 1595 2302 regiones.
1627 2225 1746 2280 Jam
1777 2226 1892 2282 hac
1915 2241 2038 2282 esse

462 2332 612 2401 regni
644 2328 898 2401 mysteria
923 2328 1149 2396 ipsemet
1178 2329 1405 2377 testatus
1431 2329 1534 2376 est.
1561 2318 1697 2374 Nam
1724 2326 1779 2374 et
1806 2316 2040 2372 semina-

461 2437 549 2482 tor
591 2425 659 2480 de
689 2405 940 2492 supernis
966 2417 1227 2480 exiverat,
1267 2422 1323 2468 et
1372 2413 1496 2468 illuc
1544 2411 1789 2478 redibat;
1846 2423 2037 2481 nempe

458 2528 522 2574 ut
566 2517 682 2587 ipse
720 2511 971 2578 docebat,
1001 2508 1187 2563 dicens
1223 2526 1236 2561 :
1270 2503 1382 2574 Ego
1411 2519 1476 2560 ex
1501 2501 1664 2558 Patre
1700 2501 1947 2572 processi,
1987 2512 2036 2555 et

459 2609 606 2664 venio
629 2605 695 2660 δ’.
729 2604 836 2659 Sed
882 2609 938 2655 et
981 2600 1048 2654 de
1075 2594 1309 2668 propriis
1353 2595 1438 2649 sui
1490 2592 1644 2662 regni
1690 2590 2037 2649 conclavibus

457 2703 707 2758 exiverat
731 2699 798 2751 ad
823 2695 943 2750 illos
968 2691 1062 2762 qui
1093 2689 1266 2745 exteri
1295 2688 1345 2742 ei
1375 2686 1504 2742 facti
1534 2691 1712 2750 erant,
1753 2693 2036 2754 postquam

460 2793 668 2864 expulit
698 2790 840 2844 Deus
863 2786 1153 2848 Adamum,
1182 2790 1239 2837 et
1271 2779 1558 2835 collocavit
1591 2793 1718 2832 eum
1747 2775 1900 2844 juxta
1941 2790 2037 2844 pa-

461 2884 704 2941 radisum
729 2878 1067 2936 deliciarum.
1094 2872 1188 2928 llle
1215 2881 1394 2926 autem
1421 2869 1575 2924 exsul
1604 2876 1824 2938 propter
1853 2865 2038 2920 inobe-

457 2975 717 3030 dieutiam
773 2971 966 3035 factus,
1013 2974 1070 3022 et
1109 2975 1264 3021 extra
1295 2961 1608 3033 paradisum
1639 2959 1862 3028 eiectus,
1895 2960 2035 3014 inte-

459 3067 621 3121 rioris
700 3061 1050 3133 agriculturae
1139 3057 1347 3112 semina
1409 3051 1811 3124 pessumdedit,
1865 3051 2037 3105 instar

459 3159 604 3212 illius
631 3152 968 3211 contumacis
989 3150 1247 3204 adversus
1271 3155 1479 3216 patrem
1506 3143 1620 3208 ﬁlii,
1642 3143 1734 3212 qui
1754 3150 2034 3210 acceptam

458 3248 818 3306 substantiam
874 3243 929 3297 in
959 3241 1132 3295 aliena
1170 3239 1390 3304 regione
1427 3235 1730 3304 dissipavit.
1787 3232 2037 3288 Christus

460 3356 587 3398 vero
617 3336 954 3407 benignitate
981 3331 1172 3402 optimi
1208 3330 1384 3385 Patris
1408 3328 1600 3393 exivit,
1627 3326 1926 3381 seminator
1953 3324 2038 3378 fa-

461 3443 606 3496 ctus,
623 3431 880 3498 venitque
903 3427 972 3482 ad
992 3441 1092 3479 nos
1107 3433 1325 3478 exteros
1349 3421 1490 3476 haud
1510 3420 1671 3474 aliam
1696 3419 1766 3474 ob
1791 3433 2033 3483 causam,

458 3525 564 3580 nisi
602 3522 728 3577 utin
744 3519 900 3576 nobis
933 3517 1232 3572 seminaret
1261 3513 1488 3569 cmlesle
1517 3526 1721 3566 semen.
1751 3510 1912 3565 Solus
1940 3524 2037 3564 au-

460 3623 568 3670 tem
585 3615 700 3683 ipse
726 3609 896 3665 exivit
921 3608 988 3662 ad
1020 3603 1391 3662 seminandum
1413 3618 1429 3667 ;
1449 3601 1886 3670 quandoquidem
1910 3610 1963 3653 et
1987 3599 2034 3654 is

458 3707 608 3762 solus
647 3711 768 3758 erat
789 3701 1032 3756 omnium
1067 3697 1386 3753 seminator.
1423 3692 1574 3749 Multi
1601 3692 1799 3762 quippe
1828 3693 1894 3746 de
1918 3707 2034 3749 cm-

459 3796 687 3852 lestibus
717 3799 979 3848 venerunt
1007 3785 1358 3852 stationibus,
1394 3793 1556 3854 atque
1598 3783 1666 3837 ad
1700 3783 1947 3838 homines
1975 3798 2034 3838 se

456 3888 818 3951 contulerunt,
872 3884 967 3938 sed
996 3895 1103 3936 non
1136 3877 1439 3936 seminandi
1468 3890 1629 3930 causa
1673 3893 1689 3929 :
1739 3888 1844 3928 non
1886 3875 2031 3928 enim

457 3981 816 4038 seminatores
845 3981 1024 4040 erant,
1071 3973 1167 4027 scd
1221 3966 1674 4026 administratorii
1708 3966 1935 4035 spiritus
1975 3965 2031 4020 in

457 4069 818 4127 ministerium
848 4065 1019 4120 missi.
1050 4063 1260 4134 Moyses
1284 4070 1488 4122 autem,
1518 4069 1575 4115 et
1603 4067 1724 4128 post
1755 4072 1880 4113 eum
1905 4072 2034 4126 pro-

455 4165 634 4236 phetas
658 4159 803 4214 haud
840 4156 1098 4228 mysteria
1125 4153 1274 4224 regni
1303 4152 1565 4208 caelorum
1595 4149 1902 4206 hominibus
1921 4150 2031 4205 dis-

457 4263 766 4319 seruerunt,
791 4254 885 4310 sed
915 4250 1169 4322 parvulos
1195 4248 1372 4304 adhuc
1393 4246 1734 4311 erudierunt,
1767 4245 2030 4317 insipien-

457 4359 541 4406 tes
570 4363 599 4402 a
630 4345 849 4403 malitia:
869 4356 1058 4399 errore
1093 4350 1430 4405 averterunt,
1452 4348 1507 4394 et
1541 4338 1880 4394 idololatrico
1915 4339 2033 4415 illo-

2141 485 2423 550 δύνασθαι,
2480 485 2678 554 Ἡμῶν
2727 482 2797 538 δὲ
2840 481 2907 536 τὸ
2957 483 3288 552 πολίτευμα
3325 483 3396 535 ὲν
3443 483 3719 550 οὐρανοῖς

2136 577 2416 648 ὑπάρχει,
2447 576 2566 640 πῶς
2589 577 2652 630 οὐ
2685 574 2878 645 βίαιον,
2915 575 3030 640 καί,
3063 575 3140 637 ὡς
3170 574 3238 628 ἀν
3264 591 3349 638 τις
3375 574 3545 638 εἴποι,
3573 576 3721 645 παρὰ

2138 669 2301 740 φύσιν
2333 670 2428 723 καὶ
2457 669 2596 738 ὑπὲρ
2624 667 2856 737 δύναμιν
2887 661 3024 720 εἶναι
3051 665 3233 730 δοκεῖς
3267 665 3366 729 Τίς
3387 665 3447 718 δὲ
3469 666 3600 725 τοὺς
3626 666 3722 734 τῆς

2137 759 2445 824 θεοσεϐείας
2466 758 2710 830 ἀσκητάς
2734 758 2876 830 ὁρῶν
2903 759 3184 829 μονονουχὶ
3209 756 3436 828 νεκροῦν
3466 757 3568 826 τὴν
3598 758 3721 811 ἐαυ-

2135 853 2245 907 τῶν
2268 851 2468 924 σάρκα,
2485 851 2562 914 ώς
2591 849 3026 922 ἐπαληθεύοντας
3052 849 3251 918 λέγειν·
3283 846 3518 916 Χριστῷ
3538 864 3719 902 συνε-

2137 950 2502 1016 σταύρωμαι,
2528 942 2607 1009 ζῶ
2636 943 2705 998 δὲ
2732 943 2933 999 οὐκέτι
2959 941 3094 1013 ἐγὼ,
3119 943 3220 996 οὐκ
3246 942 3312 997 ἂν
3337 941 3724 1013 ὁμολογήσειεν

2137 1039 2353 1110 ἀληθῶς
2390 1037 2672 1108 βιάζεσθαι
2713 1037 2912 1101 αὐτοὺς
2951 1036 3050 1108 τὴν
3093 1034 3365 1106 βασιλείαν
3401 1033 3514 1086 τῶν
3551 1033 3721 1102 οὐρα-

2136 1129 2271 1195 νῶν;
2306 1131 2370 1184 Εἰ
2404 1129 2450 1182 δ’
2472 1128 2786 1200 ἐπιστήσειέ
2813 1144 2898 1191 τις
2923 1130 2990 1198 τῇ
3016 1126 3302 1196 θαυμαστῇ
3337 1123 3592 1196 προθέσει
3615 1121 3723 1174 τῶν

2135 1223 2306 1288 ἁγίων
2339 1221 2654 1293 μαρτύρων,
2675 1220 2792 1284 πῶς
2821 1220 2922 1274 οὐκ
2951 1219 3020 1274 ἂν
3049 1219 3192 1272 εἴποι
3221 1217 3501 1288 βιάζεσθαι
3525 1216 3725 1279 αὐτοὺς

2135 1314 2235 1388 τὴν
2260 1316 2538 1385 βασιλείαν
2584 1315 2727 1368 κατά
2750 1313 2851 1383 τὴν
2879 1313 3147 1382 σωτήριον
3189 1307 3587 1379 προαγόρευσιν
3610 1306 3720 1376 (7);

2451 1470 2454 1472 γ
2818 1405 2905 1458 ιη’
2938 1402 3038 1474 (8).

2206 1495 2418 1567 Σφόδρα
2465 1492 2816 1565 καταλλήλως
2854 1495 2966 1556 τοῖς
3009 1491 3188 1562 ὄχλοις
3235 1490 3330 1544 καὶ
3362 1488 3595 1559 πλήθεσι
3624 1485 3724 1556 τὴν

2137 1586 2361 1657 πρώτην
2384 1586 2678 1650 ἐποιήσατο
2700 1583 3016 1658 παραϐολὴν
3039 1584 3068 1636 ό
3096 1581 3350 1655 Χριστὸς,
3379 1580 3440 1634 οὗ
3467 1582 3580 1644 τοῖς
3602 1580 3724 1632 τότε

2138 1678 2476 1750 παριστῶσιν
2508 1678 2657 1750 αὐτῷ
2701 1679 2902 1750 μόνοις,
2937 1677 3074 1732 ἀλλὰ
3103 1679 3200 1730 καὶ
3237 1677 3351 1738 τοῖς
3381 1671 3520 1744 μετά
3553 1672 3727 1725 ταῦτα

2140 1769 2610 1840 συνελευσομὲνοις
2654 1771 2741 1823 ἐπ’
2777 1770 3036 1843 ἀκροάσει
3065 1768 3173 1822 τῶν
3206 1765 3369 1822 αὑτοῦ
3399 1764 3598 1832 λόγων,
3626 1763 3726 1826 τὰς

2135 1860 2396 1932 διαφορὰς
2422 1865 2579 1934 θεϊκῇ
2605 1861 2852 1934 δηλώσας
2874 1859 3199 1933 προγνώσει,
3229 1859 3520 1930 προφήσας
3544 1873 3604 1908 τε
3628 1856 3727 1918 τὰς

2137 1955 2316 2018 αἰτίας
2344 1955 2452 2009 τῶν
2499 1957 2599 2026 τῆς
2634 1955 2857 2028 χάριτος
2887 1956 2987 2026 τῆς
3038 1955 3190 2017 θείας
3237 1949 3722 2021 ἀποπεσουμὲνων.

2149 2049 2316 2120 Ἀρχὴ
2345 2049 2402 2102 δὲ
2431 2049 2532 2119 τῆς
2558 2049 2872 2120 παραϐολῆς
2904 2049 3051 2101 ἐστιν
3082 2047 3111 2099 ὁ
3140 2046 3375 2116 σπορεὺς
3399 2043 3495 2097 καὶ
3527 2044 3560 2113 ἡ
3600 2040 3728 2094 τού-

2135 2158 2229 2194 του
2265 2140 2441 2207 ἔξοδος
2479 2141 2616 2212 πρὸς
2661 2140 2788 2203 τοὺς
2821 2139 2944 2203 ἔξω,
2977 2138 3013 2209 ἦ
3052 2153 3111 2189 τε
3150 2134 3246 2189 τοῦ
3281 2134 3484 2206 σπόρου
3520 2131 3729 2192 πτῶσις

2137 2231 2233 2284 καὶ
2285 2232 2343 2284 αί
2395 2229 2586 2286 τοῦτον
2639 2231 2737 2301 οὐχ
2789 2229 2990 2301 ὁμοίως
3040 2225 3474 2296 καταδεξάμεναι
3523 2221 3723 2292 χῶραι.

2137 2323 2431 2394 Μυστήρια
2464 2323 2522 2376 δὲ
2554 2320 2730 2375 ταῦτα
2761 2318 2900 2374 εἶναι
2925 2320 3026 2391 τῆς
3056 2318 3336 2390 βασιλείας
3364 2315 3530 2376 αὐτὸς
3551 2315 3726 2384 ἐμαρ-

2139 2417 2312 2480 τύρει.
2345 2419 2414 2470 Ὅ
2449 2434 2510 2470 τε
2553 2415 2662 2488 γὰρ
2695 2415 2932 2487 σπορεὺς
2957 2413 3166 2469 ἀνωθεν
3194 2410 3340 2482 ἐξῄει
3371 2410 3464 2462 καὶ
3491 2405 3722 2477 κατῄειο

2135 2515 2325 2586 ὥσπερ
2366 2505 2458 2567 οὖν
2486 2509 2648 2569 αὐτὸς
2678 2508 2926 2563 ἐδίδασκε
2952 2506 3151 2574 λέγων,
3191 2501 3341 2572 Ἐγὼ
3369 2501 3440 2554 ἐκ
3469 2498 3577 2552 τοῦ
3611 2500 3729 2586 ηα-

2105 2581 2112 2586 .
2137 2603 2274 2672 τρὸς
2293 2581 2582 2671 ἐξῆλθον,
2624 2598 2724 2654 καί
2758 2597 2905 2666 ἥκω.
2946 2593 3110 2648 Ἀλλά
3139 2591 3235 2645 καὶ
3264 2592 3329 2642 ἐκ
3367 2586 3478 2640 τῶν
3506 2583 3727 2638 οἰκείων

2135 2695 2399 2766 ταμιείων
2445 2695 2544 2764 τῆς
2580 2690 2747 2746 αὐτοῦ
2779 2690 3055 2761 βασιλείας
3081 2685 3227 2757 ἐξῄει
3256 2681 3399 2755 πρὸς
3426 2680 3575 2752 ἡμᾶς
3599 2676 3727 2734 τοὺς

2137 2787 2242 2851 ἔξω
2277 2785 2569 2855 γεγονότας
2605 2782 2665 2851 ἐξ
2705 2783 2916 2837 ἐκείνου
2959 2781 3061 2851 (9),
3105 2779 3166 2844 ἐξ
3210 2771 3380 2846 οὗπερ
3413 2770 3670 2839 ἐξέϐαλεν
3696 2769 3726 2820 ό

2136 2880 2271 2942 Θεὸς
2297 2879 2387 2932 τὸν
2427 2878 2618 2948 Ἀδὰμ,
2652 2877 2748 2931 καὶ
2792 2875 3098 2945 κατῴκισεν
3144 2870 3306 2926 αὑτὸν
3338 2867 3602 2922 ἀάναντι
3629 2861 3724 2915 τοῦ

2137 2969 2464 3042 παραδείσου
2496 2969 2598 3040 τῆς
2643 2967 2872 3038 τρυφῆς.
2912 2967 2972 3018 '0
3009 2964 3107 3034 μὲν
3144 2961 3254 3032 γὰρ
3297 2951 3726 3042 ἀπόϐλητοςδιά

2138 3041 2236 3132 τὴν
2264 3059 2548 3132 παρακοὴν
2575 3052 2834 3126 γεγονὼς,
2867 3055 2960 3107 καὶ
2986 3052 3081 3107 τοῦ
3125 3047 3457 3122 παραδείσου
3505 3041 3727 3115 βληθεὶς

2137 3153 2262 3218 ἔξω,
2287 3153 2355 3206 τὰ
2377 3153 2441 3204 ἐκ
2465 3151 2563 3223 τῆς
2587 3151 2734 3205 ἐνδον
2757 3148 3030 3220 γεωργίας
3053 3144 3346 3216 σπέρματα
3364 3139 3722 3198 ἀπολωλέκει,

2135 3248 2279 3301 κατὰ
2308 3247 2400 3300 τὸν
2427 3245 2808 3317 ἀφηνιάσαντα
2836 3242 2930 3297 τοῦ
2959 3239 3169 3310 πατρὸς
3193 3237 3328 3300 υἱὸν,
3370 3236 3468 3288 καὶ
3499 3233 3600 3302 τὴν
3630 3231 3690 3283 οὐ
3708 3259 3726 3267 -

2138 3338 2258 3392 σίαν
2285 3338 2354 3408 ἦν
2385 3336 2597 3407 εἰλήφει
2623 3335 2718 3388 ἐπὶ
2745 3334 2847 3404 τῆς
2871 3330 3177 3400 ἀλλοδαπῆς
3203 3326 3386 3398 χώρας
3413 3321 3721 3390 διασπαθή-

2137 3444 2340 3482 σανταο
2387 3429 2417 3481 ό
2459 3427 2517 3480 δὲ
2568 3423 2950 3496 φιλανθρωπίᾳ
2995 3419 3090 3474 τοῦ
3135 3415 3448 3486 παναγάθου
3505 3410 3725 3482 Πατρὸς

2135 3519 2374 3591 ἐξῆλθεν,
2403 3519 2566 3582 αὐτὸς
2607 3516 2683 3570 ὢν
2714 3519 2743 3570 ό
2767 3499 3028 3584 σπείρων,
3061 3511 3154 3566 καὶ
3182 3509 3371 3581 ἐξῆλθε
3403 3505 3541 3577 πρὸς
3570 3504 3724 3574 ἡμᾶς

2135 3614 2260 3676 τοὺς
2286 3611 2391 3678 ἔξω
2422 3609 2771 3682 γενομένους,
2812 3607 2881 3660 δι’
2908 3607 3062 3660 οὐδὲν
3089 3603 3276 3675 ἕτερον
3303 3601 3336 3673 ἧ
3374 3600 3438 3682 τό
3468 3601 3720 3666 σπεῖραι,

2135 3705 2256 3758 ἐπεὶ
2281 3677 2375 3758 καὶ
2403 3677 2569 3774 μίόνοςν
2594 3701 2758 3764 αὐτὸς
2780 3696 2849 3770 ἧν
2879 3702 2907 3752 ὁ
2933 3699 3041 3752 τῶν
3073 3698 3207 3750 ὅλων
3238 3677 3490 3766 σπορεῦς.
3526 3687 3725 3743 Πολλοὶ

2137 3797 2236 3869 μὲν
2279 3797 2389 3870 γὰρ
2435 3795 2658 3868 ἐξῆλθον
2704 3795 2770 3848 ἐκ
2805 3793 2914 3847 τῶν
2954 3790 3219 3861 οὐρανίων
3259 3786 3572 3858 διατριϐῶν,
3621 3784 3722 3836 καὶ

2133 3889 2400 3960 κατῆλθον
2431 3890 2511 3952 είς
2553 3887 2893 3958 ἀνθρώπους,
2935 3883 3050 3938 ἀλλ’
3075 3884 3176 3936 οὐκ
3213 3880 3307 3934 ἐπὶ
3332 3878 3414 3950 τῷ
3451 3880 3676 3946 σπεῖραι
3700 3892 3715 3904 ο

2132 3983 2196 4036 οὐ
2223 3981 2330 4053 γὰρ
2354 3977 2494 4054 ἦσαν
2519 3983 2762 4052 σπορεῖς,
2788 3977 2926 4032 ἀλλά
2949 3974 3297 4048 λειτουργικὰ
3323 3970 3608 4040 πνεύματα
3637 3970 3720 4030 εἰς

2131 4072 2406 4128 διακονίαν
2442 4071 2917 4142 ἀποστελλόμενα·
2966 4068 3207 4138 Μωῦσῆς
3251 4066 3308 4118 δὲ
3353 4064 3447 4117 καὶ
3484 4064 3537 4115 oi
3594 4061 3717 4131 μετ’

2132 4162 2294 4216 αὐτὸν
2341 4162 2615 4236 προφῆται
2657 4162 2718 4215 οὐ
2754 4159 2825 4214 τὰ
2873 4160 3151 4231 μυστήρια
3187 4156 3286 4227 τῆς
3329 4155 3440 4209 τῶν
3466 4151 3720 4225 οὐρανῶν

2135 4253 2406 4323 βασιλείας
2447 4251 2754 4323 ἀνθρώποις
2787 4251 3167 4314 κατεϐάλοντο,
3200 4247 3427 4319 νηπίους
3457 4248 3555 4301 ἆτε
3589 4264 3718 4299 παι-

2131 4343 2520 4413 δαγωγοῦντες,
2541 4344 2634 4396 καὶ
2654 4342 2893 4414 ἄφρονας
2909 4343 3008 4412 τῆς
3024 4341 3164 4396 κατὰ
3182 4340 3278 4411 τὴν
3300 4339 3498 4392 κακίαν
3519 4338 3718 4408 ἀπείρ-

457 4455 576 4495 rum
601 4436 790 4492 morbo
809 4431 1136 4490 medicinam
1157 4429 1337 4485 facere
1359 4431 1700 4493 studuerunt,
1715 4429 2027 4484 eorumdem

2137 4452 2316 4503 γοντες
2340 4437 2565 4507 πλάνης,
2595 4435 2916 4507 θεραπεύειν
2945 4435 3123 4488 αὐτῶν
3143 4432 3471 4506 πειρώμενοι
3493 4431 3595 4502 τὴν
3617 4434 3718 4502 τῆς

454 4530 687 4592 animas,
717 4525 865 4581 velut
896 4521 1109 4579 novalia
1146 4521 1414 4591 quaedam,
1449 4519 1657 4574 semine
1689 4529 2022 4590 vegetantes.

453 4619 616 4677 Solus
645 4627 825 4673 autem
865 4612 1188 4670 universalis
1220 4619 1389 4676 sator,
1430 4610 1529 4666 Dei
1565 4609 1822 4677 Verbum,
1874 4610 2026 4666 beni-

523 4780 571 4813 ⁸³
607 4779 747 4834 Phil.
775 4777 970 4846 111,20.
1045 4776 1093 4810 “
1130 4775 1321 4833 Matth.
1349 4776 1551 4841 xm,3.
1626 4775 1672 4807 "
1710 4773 2004 4847 Joan.vtn,
2031 4778 2124 4834 42.

525 4935 603 5004 (7)
632 4933 1173 5005 Videsispartimhis
1208 4933 1402 4990 similia
1422 4933 1476 4988 in
1509 4933 1729 5005 Syriaca
1755 4933 2026 5002 TheOpha~

455 5008 545 5060 nia
573 5005 666 5061 lib.
703 5021 784 5066 tu,
808 5004 902 5068 21,
929 5004 1020 5068 22,
1054 5004 1146 5068 25,
1177 5014 1230 5058 et
1259 5005 1352 5058 lib.
1387 5019 1460 5066 tv,
1482 5004 1573 5069 52,
1597 5006 1685 5058 ubi
1722 5005 2022 5073 priscorum

454 5076 888 5131 Christianorum
915 5076 1053 5130 mira
1087 5090 1150 5131 ac
1177 5089 1361 5130 severa
1388 5073 1564 5128 virtus
1589 5072 1803 5145 egregie
1825 5072 2028 5128 descri-

456 5147 846 5284 ωιῶῒείιειιυιδ
868 5213 970 5268 hoc
992 5213 1144 5284 titulo
1166 5213 1217 5266 in
1249 5213 1369 5267 cod.
1403 5212 1469 5266 Α.
1500 5213 1540 5270 f.
1575 5213 1697 5284 122,
1727 5223 1780 5268 et
1805 5213 1926 5270 cod.
1957 5213 2020 5268 L.

457 5285 494 5339 f.
527 5283 613 5348 Η,
642 5288 675 5339 b
699 5303 711 5338 :
734 5285 1025 5338 Εὐσεϐίου
1047 5283 1134 5348 ﬁt.
1172 5284 1550 5352 Θεοφανείας.
1587 5283 1748 5339 Vides
1793 5284 1879 5340 hic
1911 5299 2027 5337 ma-

458 5357 652 5410 nifeste
671 5355 775 5426 dici
801 5354 990 5426 βιϐλίῳ
1020 5369 1126 5408 non
1153 5354 1606 5426 tantummodop.
1637 5354 2025 5426 Superponitur

457 5435 634 5480 autem
668 5425 720 5478 in
746 5425 864 5479 cod.
899 5425 969 5478 Α,
993 5425 1366 5494 compendium
1409 5425 1721 5494 signiﬁcans
1760 5425 2021 5494 τετάρτου

457 5497 542 5548 vel
567 5496 740 5562 potius
765 5494 1010 5565 τετάρτῳ
1034 5492 1518 5565 (mendosgtamen
1547 5495 1598 5546 in
1626 5495 1835 5565 θρόει.
1871 5492 2022 5564 πρώ-

456 5581 552 5616 του
570 5561 662 5635 vel
690 5561 934 5635 πρώιῳὶ.
974 5561 1176 5628 lleapse
1208 5563 1260 5616 in
1286 5561 1618 5635 Theophania
1648 5561 2015 5635 Syriaca,glib.

459 5634 621 5693 ιν.55
640 5643 694 5687 et
715 5633 804 5696 34,
827 5633 1005 5687 sermo
1041 5643 1122 5687 est
1149 5635 1215 5687 de
1235 5633 1486 5702 parabola
1513 5633 1890 5695 seminatoris;
1927 5650 2018 5685 ve-

460 5712 762 5759 rumtamen
801 5704 967 5759 multo
1000 5702 1233 5760 brevius.
1268 5702 1452 5760 Neuue
1499 5718 1600 5767 ego
1647 5718 1796 5760 certe
1835 5704 2016 5759 titulos

2129 4525 2572 4598 εἰδωλολατρείας
2598 4526 2772 4591 νόσον,
2807 4526 2902 4578 καὶ
2922 4525 3113 4597 ὥσπερ
3138 4524 3384 4588 νεοῦντες
3409 4524 3593 4578 αὐτῶν
3621 4526 3717 4578 καὶ

2129 4615 2388 4688 ἀροῦντες
2431 4617 2530 4682 τὰς
2557 4617 2758 4689 ψυχάς.
2796 4619 2972 4683 Μόνος
2997 4618 3055 4672 δὲ
3086 4619 3115 4673 ὁ
3143 4617 3251 4673 τῶν
3270 4617 3408 4673 ὅλων
3453 4620 3713 4690 σπορεὺς,

2133 4936 2379 5008 _c_odicum
2422 4935 2845 5008 ‘Valicanorum,
2897 4939 2992 5006 qui
3050 4938 3152 4994 hoc
3212 4939 3577 5008 fragmentum
3643 4959 3710 4998 ex

2133 5003 2465 5073 TheOphunt'a
2536 5020 2657 5079 esse
2723 5003 3029 5079 allirmaut,
3100 5003 3324 5079 negare'
3361 5022 3456 5063 aut
3525 5015 3708 5066 delere

2131 5089 2288 5147 queo,
2319 5075 2804 5147 prtescrlimquia,
2848 5077 2988 5130 facta
3022 5075 3261 5132 textuum
3280 5085 3704 5147 comparatione,

2131 5144 2250 5200 luce
2279 5146 2570 5200 meridiana
2594 5145 2794 5200 clarius
2816 5158 3039 5215 apparet
3067 5157 3294 5203 tractum
3331 5144 3478 5206 hunc
3509 5167 3576 5206 ex
3618 5153 3708 5208 illo

2133 5230 2354 5286 prorsus
2380 5230 2541 5283 opere
2567 5232 2688 5269 esse
2710 5217 3031 5271 derivatum.

2202 5285 2279 5356 (9)
2304 5286 2684 5361 Auitnatlvelte
2711 5287 3346 5361 quauthmecongruant
3368 5303 3492 5361 cum
3519 5291 3707 5361 Syria-

2128 5369 2189 5407 ca
2218 5354 2312 5408 seu
2341 5354 2564 5425 Anglice
2591 5354 2948 5423 Theophania,
2982 5358 3071 5411 lib.
3103 5354 3178 5420 ιν,
3210 5359 3279 5414 54
3311 5377 3327 5414 :
3363 5359 3445 5411 Ile
3474 5354 3703 5425 therefo-

2129 5441 2184 5478 re
2210 5435 2342 5480 went
2369 5422 2508 5492 forth
2538 5422 2672 5491 from
2696 5422 2894 5484 within.
2923 5429 3030 5481 and
3058 5445 3200 5481 came
3222 5441 3333 5484 out.
3368 5428 3560 5482 Where
3582 5422 3704 5484 then

2126 5509 2231 5548 was
2263 5497 2325 5550 he
2349 5494 2553 5567 within,
2573 5497 2658 5567 but
2679 5499 2841 5549 above
2859 5496 2941 5549 the
2965 5499 3128 5551 world
3147 5499 3172 5551 .9
3198 5501 3364 5551 where
3385 5500 3449 5552 he
3468 5502 3701 5567 mixed;

2125 5567 2232 5617 and
2254 5567 2310 5620 in
2348 5565 2432 5617 the
2455 5566 2554 5617 end
2577 5565 2640 5631 of
2660 5569 2745 5620 the
2772 5567 2934 5619 world
2966 5568 3030 5621 he
3053 5585 3196 5620 caute
3224 5571 3382 5634 (orth.
3413 5573 3522 5622 and
3554 5565 3703 5624 came

2123 5638 2273 5709 down
2304 5647 2355 5709 to
2379 5635 2595 5709 us,_who
2616 5651 2746 5689 were
2772 5636 2988 5709 without
3024 5636 3108 5690 tlte
3135 5637 3374 5709 kingdom
3402 5639 3463 5708 of
3481 5640 3700 5698 heaven.

2123 5705 2274 5762 Mitto
2303 5707 2369 5763 dc
2395 5705 2516 5764 aliis
2538 5706 2674 5765 locis
2699 5708 2965 5764 similibus
2992 5709 3192 5770 dicere.
