3858 6214
256 268 324 320 Π
1583 277 1674 334 DE
1711 277 2174 335 TlIEOPllANIA.

3365 287 3472 342 678

188 383 246 476 ’ό
277 382 376 476 τοῦ
400 385 536 439 Θεοῦ
570 389 760 458 Λόγος,
808 392 1188 467 φιλανθρωπια
1217 397 1312 449 τοῦ
1340 397 1550 468 Πατρδς
1584 398 1794 470 ἐξῆλθε,

1902 399 2104 467 gnitate
2128 397 2311 453 Patris
2332 400 2522 465 exivit,
2546 415 2682 455 nova
2719 401 2925 456 semina
2947 410 3004 456 et
3025 402 3175 470 regni
3206 401 3471 458 caelorum

212 475 382 528 καινά
422 478 713 549 σπέρματα
766 484 860 536 καὶ
909 485 1184 555 βασιλείας
1226 488 1468 558 οὐρανῶν
1523 491 1796 560 μυστήρια

214 567 728 640 εὐαγγελιούμενος,
750 577 863 638 τοῖς
893 593 952 628 τε
991 579 1112 631 κατ’
1135 579 1364 651 οὐρανὸν
1398 581 1491 633 τοῦ
1526 581 1660 634 Θεοῦ
1693 581 1799 634 λει-

211 664 469 732 τουργοῖς
491 662 551 716 τὸ
581 665 690 718 τῶν
712 667 1014 738 ἀνθρώπων
1049 672 1301 740 συνάψων
1333 673 1491 740 γένος
1511 689 1524 702 ·
1554 673 1645 725 ἐπὶ
1678 674 1800 727 τού-

209 770 329 817 τοις
357 751 449 809 οὖν
475 757 635 826 μόνος
654 761 816 825 αὐτὸς
839 762 936 834 τὴν
960 764 1069 816 ἀπὸ
1086 763 1194 817 τῶν
1221 765 1499 834 πατρικῶν
1510 765 1798 836 βασιλείων

210 845 451 899 ἐποιεῖτο
477 847 654 913 ἔξοδον
671 868 685 882 ·
715 853 764 905 οἱ
791 853 848 906 δὲ
869 852 937 907 τά
964 855 1094 926 παρ’
1121 855 1284 908 αὑτοῦ
1313 857 1601 928 σπέρματα
1626 875 1798 911 κατα-

209 933 497 1004 δεξάμενοι
542 937 644 1002 τὰς
674 941 886 995 ἑαυτῶν
915 942 1094 1013 ψυχὰς
1126 941 1217 998 οἷα
1255 945 1320 1016 δὴ
1353 945 1536 1018 χώρας
1567 946 1799 1018 γεωργῷ

211 1031 479 1098 παρεῖχον
508 1029 588 1100 τῷ
624 1031 802 1102 Λόγῳ,
848 1036 943 1089 καὶ
970 1035 1060 1088 διὰ
1085 1035 1195 1090 τῶν
1232 1037 1412 1091 ἀκοῶν
1433 1039 1524 1092 τὸν
1550 1040 1798 1111 οὐράνιον

209 1119 543 1188 ὑπεδέχοντο
582 1122 806 1193 σπόρον.

285 1209 349 1262 Et
399 1210 502 1280 μὲν
542 1208 634 1267 οῦν
669 1215 778 1284 (10)
821 1217 869 1269 oi
914 1214 1344 1288 μαθητευόμενοι
1380 1221 1508 1290 μιᾶς
1555 1222 1798 1292 ὑπῆρχον

211 1302 624 1373 προαιρέσεως,
703 1305 853 1359 οὐδὲν
925 1308 1094 1379 ἐχρῆν
1148 1309 1445 1380 διακρίνειν
1505 1313 1601 1364 καὶ
1667 1313 1800 1381 ἀφο-

215 1392 392 1464 ρίζειν
433 1394 653 1460 τούτους
685 1397 782 1450 ἀπ’
825 1397 1092 1470 ἀλλήλωνο
1133 1401 1320 1472 ἐπειδὴ
1356 1401 1413 1454 δὲ
1452 1402 1604 1475 παρά
1634 1406 1799 1458 πᾶσιν

213 1484 525 1556 ἀνθρώποις
574 1490 608 1558 ἡ
677 1487 774 1542 τοῦ
830 1489 1177 1556 αὑτεξουσίου
1245 1493 1466 1564 ἐκράτει
1533 1495 1796 1566 δύναμις,

212 1576 368 1630 ἄλλοι
444 1596 504 1631 τε
569 1579 746 1644 ἄλλως
821 1583 1033 1646 ἑαυτοῖς
1098 1583 1192 1637 καὶ
1259 1585 1339 1655 τῷ
1407 1587 1798 1656 καταϐληθέντι

212 1674 338 1734 ταῖς
384 1670 582 1742 ψυχαῖς
625 1673 864 1745 οὐρανίῳ
918 1675 1103 1747 σπόρῳ
1149 1678 1604 1749 κατακέχρηνται,
1652 1679 1795 1732 εἰκό-

1899 492 2152 562 mysteria
2182 492 2358 548 fauste
2380 493 2754 560 ‘nuntiaturus,
2783 503 2839 549 et
2865 496 3112 564 supernis
3141 496 3230 549 Dei
3269 497 3469 572 minis-

1899 585 1999 639 tris
2041 584 2332 639 humanum
2376 600 2545 656 genus
2588 587 3018 641 consociaturus.
3066 587 3216 642 Hanc
3240 602 3369 658 ergo
3399 589 3469 644 ob

1897 689 2115 730 causam
2145 675 2291 730 solus
2321 676 2436 744 ipse
2491 690 2524 731 e
2566 685 2792 745 paterno
2837 693 3002 746 regno
3038 679 3322 745 processit.
3365 678 3467 744 Qui

1897 775 2076 820 autem
2141 765 2350 820 semina
2403 765 2524 833 ejus
2565 776 2916 834 exceperunt,
2975 767 3029 822 bi
3084 785 3210 825 snas
3259 771 3467 826 animas

1897 857 2043 911 velut
2086 872 2244 925 agros
2284 856 2482 912 cultori
2519 855 2694 912 Verbo
2719 858 3098 926 exltibuerunt,
3141 873 3197 917 et
3227 878 3356 920 aure
3382 863 3467 918 ta-

1897 957 2086 1005 ventes
2107 948 2331 1004 cteleste
2363 962 2549 1004 semen
2577 949 2929 1006 admiserunt.

1968 1193 2026 1246 Si
2053 1193 2267 1262 quidem
2298 1193 2480 1262 itaque
2502 1192 2810 1250 Christiana
2835 1195 3078 1250 doctrina
3111 1198 3332 1267 eruditi,
3360 1216 3468 1258 uno

1899 1283 2197 1353 eodemque
2229 1286 2511 1354 proposito
2534 1295 2736 1353 essent,
2773 1287 2904 1341 nihil
2931 1304 3064 1358 opus
3097 1299 3241 1346 esset
3267 1293 3469 1349 discer-

1899 1389 2029 1429 nere
2060 1374 2199 1430 inter
2224 1376 2369 1444 ipsos
2397 1390 2460 1431 ac
2489 1391 2764 1446 separare.
2808 1379 2959 1456 Nunc
3012 1383 3137 1450 quia
3167 1383 3220 1437 in
3255 1386 3469 1442 cunctis

1900 1463 2207 1520 hominibus
2234 1465 2390 1521 liberi
2417 1467 2635 1522 arbitrii
2670 1469 2749 1523 vis
2779 1471 3057 1538 praevalet,
3081 1471 3281 1543 aliique
3311 1474 3470 1530 aliter

1899 1555 2079 1610 indole
2103 1572 2196 1612 sua
2213 1557 2470 1626 jactoque
2492 1559 2632 1614 intra
2663 1574 2792 1617 suas
2815 1562 3026 1616 animas
3054 1564 3238 1619 divino
3261 1568 3470 1622 semine

1902 1656 2154 1716 utuntur;
2207 1649 2328 1706 ideo
2371 1661 2542 1717 recte,
2599 1660 2783 1722 utpote
2833 1655 2927 1709 Dei
2991 1654 3248 1721 Verbum,
3301 1659 3467 1713 futuri

210 1779 325 1826 τως
365 1741 636 1817 οἷανΘεοῦ
684 1741 856 1834 λόγος
903 1766 1003 1838 τὴν
1028 1741 1253 1836 ’γνῶσιν
1304 1741 1649 1841 προείληφὼς
1689 1771 1795 1824 τῶν

1902 1741 2181 1795 scientiam
2214 1758 2617 1814 praeoccupans,
2658 1744 2787 1814 quid
2831 1747 3021 1803 semini
3051 1763 3152 1803 suo
3199 1748 3343 1804 inter
3371 1751 3466 1805 hoc

214 1855 542 1927 μελλόντων,
607 1857 768 1912 ὁποῖα
803 1856 1050 1911 πείσεται
1108 1859 1188 1922 είς
1239 1858 1556 1932 ἀνθρώπους
1588 1864 1617 1915 ό
1665 1863 1796 1934 παρ’

211 1947 382 2002 αὑτοῦ
416 1949 617 2021 σπόρος
649 1951 853 2013 πεσὼν,
882 1949 1147 2014 θεσπίζει.
1181 1950 1392 2005 Πτῶσιν
1423 1953 1554 2022 γοῦν
1583 1953 1798 2026 θαυμα-

213 2037 360 2099 στῶς
401 2039 502 2104 τὴν
551 2038 856 2109 καταῦολὴν
886 2037 991 2092 Ιτῶν
1016 2040 1283 2110 οὐρανίων
1325 2042 1655 2113 σπερμάτων
1700 2042 1798 2112 τὴν

210 2131 297 2193 είς
316 2129 641 2202 ἀνθρώπους
660 2131 931 2202 ὠνόμασεο
961 2132 1056 2192 καὶ
1076 2132 1142 2204 δὴ
1170 2132 1263 2186 δύο
1283 2135 1538 2204 τάγματα
1569 2135 1676 2188 τῶν
1707 2135 1798 2190 τὸν

211 2221 420 2292 σπόρον
469 2222 919 2294 καταδεξαμένων
949 2221 1188 2287 ἔσεσθαι,
1219 2224 1478 2278 διδάσκει·
1531 2227 1798 2298 πρότερον

210 2315 277 2369 τὸ
292 2315 402 2369 τῶν
430 2315 685 2381 καταξιου
695 2314 869 2384 μένων
888 2315 986 2386 μὲν
1009 2315 1110 2386 τῆς
1139 2315 1384 2386 κλήσεως
1406 2317 1504 2388 τῆς
1525 2318 1583 2370 ού
1594 2317 1796 2387 ρανίου,

211 2404 284 2459 δι’
307 2403 638 2476 ἀπροσεξίαν
667 2404 724 2456 δὲ
765 2405 858 2459 καλ⁸
885 2404 1159 2476 ρᾳθυμίαν
1200 2405 1301 2475 τῆς
1355 2405 1576 2477 χάριτος
1614 2407 1800 2460 ἀπολι-

213 2496 566 2550 σθαινόντων·
619 2495 870 2569 δεύτερον
909 2496 967 2548 δὲ
1003 2495 1064 2549 τὸ
1104 2497 1212 2550 τῶν
1256 2496 1799 2562 πολυπλασιαζόντων

211 2587 309 2640 τὸν
355 2587 556 2658 σπόρον
602 2588 660 2640 ἐν
701 2588 935 2657 ἀγαθαῖς
978 2588 1394 2660 καρποφορίαις.
1453 2589 1613 2660 Τρεῖς
1639 2588 1695 2641 δὲ
1741 2591 1800 2643 ἐν

215 2674 469 2746 ἑκατέρῳ
507 2675 748 2745 τάγματι
805 2675 1066 2746 διαφορὰς
1096 2676 1330 2747 τίθησινο
1379 2677 1511 2731 οἵτε
1551 2677 1660 2750 γὰρ
1708 2679 1799 2734 τὸν

215 2765 420 2836 σπόρον
451 2765 780 2830 ἀπολλύντες
820 2768 918 2839 οὐχ
946 2769 1130 2839 ὅμοιον
1161 2766 1368 2838 ίσχουσι
1399 2768 1498 2839 τῆς
1527 2767 1801 2832 ἀπωλείας

215 2857 547 2929 τὸντρόπον·
569 2858 624 2911 οἵ
644 2859 692 2911 τ’
727 2854 794 2913 αὖ
836 2857 1208 2931 γεωργοῦντες
1233 2859 1421 2926 αὐτὸν,
1461 2858 1558 2913 καὶ
1594 2859 1685 2913 τὸν
1741 2858 1800 2924 ἐξ

215 2953 388 3006 αὐτοῦ
443 2953 790 3026 ποριζόμενοι
840 2953 1071 3025 καρπὸν,
1124 2954 1226 3006 οὐκ
1265 2952 1386 3025 ῐσην
1431 2953 1801 3024 ἀποφέρονται

212 3046 319 3116 τὴν
369 3045 653 3117 εὐπορίαν·
690 3047 770 3100 ἐτι
801 3047 937 3118 πρὸς
977 3046 1189 3110 τούτοις
1231 3046 1446 3110 καὶτὰς
1471 3045 1650 3109 αίτίας
1700 3045 1799 3117 τῆς

213 3136 594 3201 ἀποπτώσεως
624 3136 733 3191 τῶν
763 3136 857 3190 τὸν
897 3137 1096 3208 σπόρον
1118 3135 1462 3190 ἀπολλύντων
1495 3134 1799 3206 προγνώσει

215 3228 376 3299 θεῖκῇ
430 3227 781 3298 παρίστησινο
823 3227 856 3300 ἢ
889 3227 998 3299 γάρ
1034 3227 1123 3282 διά
1147 3226 1418 3298 ῥᾳθυμίας
1460 3226 1801 3296 ἀφυλάκτους

212 3320 318 3382 τ’ἀς
364 3319 573 3373 ἑαυτῶν
632 3318 810 3391 ψυχὰς
865 3318 1239 3382 ἀπολιπόντες,
1284 3319 1352 3371 τὰ
1394 3317 1800 3389 καταϐληθέντα

213 3411 404 3473 αὐτοῖς
439 3411 682 3482 σωτήρια
737 3409 1027 3479 σπέρματα
1053 3407 1482 3469 ἀπολωλέκασιν,
1519 3407 1802 3479 ἁρπασάν-

212 3517 326 3553 των
380 3497 521 3553 αὐτὰ
555 3501 622 3552 ἐκ
660 3499 760 3571 τῆς
812 3497 990 3553 αὐτῶν
1038 3497 1276 3560 διανοίας
1324 3513 1384 3549 τε
1423 3497 1514 3549 καὶ
1557 3497 1797 3568 μνήμης,

218 3589 438 3661 ἐχθρῶν
475 3607 637 3644 τινων
681 3590 776 3643 καὶ
823 3586 1123 3642 ἐπιϐούλων
1164 3587 1282 3657 ἦτοι
1342 3587 1665 3657 πνευμάτων
1706 3587 1800 3639 καὶ

213 3682 490 3751 δαιμόνων
522 3680 773 3752 πονηρῶν
807 3679 898 3733 τὸν
941 3677 1218 3750 περίγειον
1254 3677 1615 3748 διιπταμένων
1639 3678 1796 3748 ἀέρα,

214 3776 251 3845 ἢ
290 3773 496 3845 ἀνδρῶν
524 3775 734 3845 γοήτων
781 3773 876 3825 καὶ
900 3768 1276 3843 ἀπατηλῶν,ἥ
1324 3767 1495 3836 λόγων
1542 3768 1798 3821 ἐναντίων

213 3868 287 3937 τῇ
321 3864 567 3941 ἀληθείᾳ·
591 3863 627 3918 ἆ
651 3863 716 3934 δὴ
736 3861 959 3916 πετεινά
988 3860 1219 3936 ούρανοῦ
1236 3859 1538 3930 ὠνόμασεν·
1574 3858 1799 3930 ἢδεύτε-

219 3975 316 4030 ρον
355 3956 445 4010 διὰ
484 3955 845 4026 φιλαργυρίαν
887 3954 981 4008 καὶ
1008 3951 1337 4022 φιληδονίαν,
1366 3951 1455 4004 διά
1485 3967 1544 4003 τε
1576 3949 1676 4012 τάς
1701 3948 1796 4002 τοῦ

217 4049 338 4120 βίου
360 4047 896 4119 φιλοπραγμοσύνας,
922 4045 959 4099 ἀ
989 4044 1053 4116 δὴ
1076 4043 1317 4106 ἀκάνθας
1353 4041 1678 4104 ἀπεκάλεσε,
1707 4040 1798 4095 τὸν

215 4144 281 4194 ἐν
306 4141 488 4202 αὐτοῖς
521 4139 721 4209 σπόρον
751 4137 1116 4206 ἀποπνιγῆναι
1145 4132 1588 4205 πεποιήκασινοῆ
1617 4131 1798 4203 τρίτον

215 4231 478 4304 διωγμῶν
508 4233 604 4285 καὶ
650 4232 1024 4302 περιστάσεων
1047 4230 1174 4292 τοὺς
1208 4227 1426 4296 ἀγῶνας
1445 4227 1543 4297 οὐχ
1572 4226 1797 4296 ὑπομεί-

221 4340 439 4387 ναντες,
467 4323 502 4378 ἀ
523 4323 586 4392 δὴ
619 4322 712 4375 καί
737 4319 991 4375 καύσωνα
1022 4318 1110 4373 διὰ
1140 4319 1240 4388 τῆς
1273 4316 1589 4389 παραδολῆς
1626 4332 1796 4388 προσ-

1900 1834 2072 1888 mines
2092 1849 2282 1903 sparso
2303 1847 2624 1893 eventurum
2655 1838 2746 1904 sit,
2767 1841 3034 1908 praedicit.
3065 1839 3262 1898 Casum
3288 1844 3472 1915 itaque

1900 1926 2125 1981 mirifice
2180 1927 2414 1996 appellat
2462 1929 2766 1984 cmlestium
2824 1931 3090 1985 seminum
3137 1933 3188 1987 in
3224 1934 3472 1992 homines

1897 2017 2310 2085 projectionem.
2340 2019 2594 2090 Duosque
2626 2020 2785 2076 docet
2825 2021 2942 2076 fore
2977 2023 3346 2093 recipientium
3381 2042 3472 2082 se-

1899 2124 2020 2163 men
2044 2109 2262 2165 ordines
2299 2125 2313 2162 :
2343 2113 2578 2181 priorem
2610 2112 2821 2167 illorum
2859 2117 2950 2184 qui
2985 2117 3262 2172 caalestem
3303 2135 3467 2175 voca-

1901 2202 2100 2274 tionem
2124 2204 2325 2271 sortiti,
2352 2219 2448 2273 per
2473 2207 2976 2274 socordiamgtamen
3005 2221 3168 2278 atque
3197 2210 3465 2279 ignaviam

1897 2297 2070 2364 gratia
2111 2297 2370 2352 excidunt
2403 2314 2417 2350 :
2450 2300 2746 2355 secundum
2798 2303 3046 2357 ordinem
3097 2304 3310 2360 illorum
3371 2310 3465 2375 qui

1897 2400 2081 2440 semen
2141 2389 2358 2459 egregio
2415 2388 2593 2444 fructu
2644 2391 3025 2460 multiplicant.
3052 2392 3188 2449 Tres
3216 2410 3379 2464 porro
3411 2397 3466 2452 in

1898 2485 2130 2547 utroque
2173 2479 2363 2534 ordine
2400 2480 2736 2538 differentias
2769 2483 2976 2538 statuit.
3007 2482 3140 2540 Nam
3179 2495 3232 2541 et
3258 2488 3348 2556 qui
3380 2492 3470 2543 se-

1899 2581 2022 2620 men
2078 2570 2429 2637 pessnmdant
2456 2609 2472 2634 ,
2532 2572 2675 2626 haud
2715 2574 2831 2642 pari
2868 2575 3028 2629 modo
3072 2576 3419 2647 exstinguunt
3445 2594 3465 2632 ι

1897 2661 2243 2731 vicissimque
2268 2663 2303 2717 ii
2335 2663 2424 2732 qui
2461 2664 2590 2719 illud
2623 2665 2902 2732 excolunt,
2933 2682 3001 2722 ex
3025 2682 3199 2738 eoque
3228 2669 3467 2726 fructum

1899 2753 2144 2823 gignunt,
2195 2755 2340 2810 haud
2375 2755 2493 2824 pari
2526 2757 2776 2812 ubertate
2813 2769 2958 2814 sunt.
3007 2758 3232 2830 Insuper
3275 2777 3470 2818 causa;

1899 2845 2064 2898 etiam
2107 2843 2291 2914 lapsus
2339 2859 2526 2900 eorum
2578 2848 2670 2917 qui
2724 2861 2909 2904 semen
2966 2852 3466 2920 pessumdederunt,

1901 2937 2079 2992 divina
2108 2938 2420 3008 provisione
2451 2940 2613 2996 sistit.
2646 2939 2781 2996 Nam
2825 2941 2910 2998 vel
2944 2942 3138 3006 ignave
3169 2945 3466 3002 incustodi—

1904 3037 1986 3084 tas
2014 3030 2226 3085 animas
2247 3045 2373 3086 suas
2395 3045 2515 3086 esse
2537 3033 2795 3099 sinentes,
2845 3031 3038 3101 iniecta
3063 3035 3117 3090 in
3141 3035 3240 3092 has
3262 3039 3468 3094 semina

1901 3120 2223 3187 amiserunt,
2252 3121 2587 3191 rapientibus
2615 3123 2825 3180 scilicet
2851 3139 2916 3180 ex
2940 3125 3180 3194 ipsorum
3205 3138 3384 3184 mente
3403 3144 3469 3184 ac

1901 3211 2160 3265 memoria
2195 3204 2429 3268 inimicis
2455 3212 2777 3282 quibusdam
2811 3225 2976 3284 atque
3010 3217 3282 3275 insidiosis
3308 3208 3490 3290 spiri-'

1903 3301 2046 3357 tibus
2075 3302 2344 3371 malisque
2373 3302 2730 3371 daemonibus,
2777 3306 2871 3376 qui
2904 3307 2958 3361 in
2990 3308 3094 3364 hoc
3128 3311 3273 3366 circa
3305 3311 3464 3368 tellu—

1900 3407 2013 3448 rem
2042 3408 2169 3450 aere
2192 3395 2421 3450 volitant
2443 3413 2457 3450 :
2482 3395 2567 3451 vel
2585 3397 2748 3451 etiam
2773 3397 3129 3456 fraudulentis
3158 3403 3471 3460 hominibus

1900 3501 1965 3542 ac
1985 3486 2288 3552 fallacibus,
2323 3487 2408 3542 vel
2439 3488 2733 3543 contrariis
2759 3490 2974 3545 veritati
3006 3491 3306 3558 doctrinis;
3344 3511 3466 3563 qnze

1897 3578 2079 3634 omnia
2112 3577 2414 3634 caelestium
2437 3580 2718 3634 volucrum
2747 3582 2965 3636 nomine
2995 3583 3320 3652 indigitavit.
3368 3586 3464 3642 νει

1897 3668 2061 3722 etiam
2087 3671 2323 3722 secundo
2348 3667 2468 3723 loco
2495 3668 2729 3723 avaritia
2771 3679 2826 3722 et
2877 3671 3166 3739 voluptatis
3203 3673 3464 3741 studium,

1897 3766 1951 3812 et
1996 3757 2162 3812 variae
2190 3758 2376 3813 mundi
2405 3773 2566 3825 curae,
2609 3775 2745 3829 quas
2785 3760 2968 3828 spinas
2998 3763 3153 3827 dixit,
3196 3777 3377 3818 semen
3408 3767 3464 3822 in

1897 3849 2029 3920 ipsis
2073 3849 2244 3904 emori
2284 3860 2504 3918 cogunt.
2537 3848 2635 3905 Vel
2661 3851 2893 3920 denique
2926 3853 3083 3908 tertio
3111 3853 3253 3920 loco,
3279 3871 3466 3924 perseo

1897 3941 2174 3996 cutionum
2219 3956 2283 3996 ac
2309 3955 2687 4010 prcssurarum
2721 3943 3014 4000 certamina
3056 3959 3158 4000 non
3195 3948 3468 4002 sustinen—

1899 4041 1996 4096 tes,
2028 4048 2163 4102 quas
2191 4042 2354 4088 aestus
2381 4035 2598 4088 nomine
2626 4034 2678 4087 in
2705 4032 2956 4102 parabole
2988 4037 3296 4105 appellavit,
3318 4055 3469 4096 coar-

1895 4126 2009 4197 guti
2041 4133 2167 4180 sunt
2193 4125 2336 4181 haud
2370 4125 2477 4180 alte
2522 4125 2580 4180 in
2619 4123 2829 4182 illarum
2872 4129 3051 4184 anima
3087 4144 3270 4184 semen
3301 4131 3465 4187 fuisse

1893 4215 2216 4282 radicatum,
2238 4215 2333 4269 sed
2374 4215 2429 4271 in
2457 4214 2742 4285 superﬁcie
2771 4217 3140 4272 tantummodo
3173 4234 3236 4272 ac
3265 4220 3466 4288 specie,

1895 4305 2044 4360 brevi
2081 4313 2322 4373 tempore
2348 4302 2665 4370 eﬂlornisse,
2703 4313 2757 4358 et
2805 4320 2942 4360 vana
2991 4305 3161 4375 plebis
3207 4306 3463 4376 opinione

216 4421 402 4478 εἶπεν,
435 4413 858 4486 ἀπηλέγχθησαν
889 4412 964 4482 μὴ
996 4410 1136 4464 κατὰ
1164 4409 1324 4480 βάθος
1353 4408 1451 4478 τῆς
1477 4407 1654 4460 αὐτῶν
1691 4406 1794 4475 ψυ-

1902 4396 2112 4451 habitos
2138 4410 2257 4450 esse
2279 4395 2524 4450 homines
2541 4394 2714 4466 frugi;
2741 4409 2877 4464 quos
2894 4396 2982 4450 diu
3001 4396 3226 4451 latentes
3251 4398 3464 4451 demum

213 4511 322 4581 χῆς
362 4509 455 4561 τὸν
491 4507 692 4578 σπόρον
743 4503 1124 4576 ἐρριζωμένοι,
1163 4499 1278 4554 ἀλλ’
1307 4499 1364 4564 ἐξ
1407 4497 1670 4568 ἐπιπολῆς
1702 4495 1797 4550 καὶ

218 4601 386 4672 μέχρι
399 4597 493 4651 τοῦ
515 4599 690 4652 δοκεῖν
715 4595 791 4660 ὡς
809 4594 945 4666 πρός
973 4610 1096 4647 τινα
1129 4590 1318 4662 καιρὸν
1349 4589 1550 4652 ἀνθεῖν,
1584 4589 1680 4642 καὶ
1725 4590 1794 4659 τῇ

214 4693 330 4746 τῶν
369 4689 580 4744 πολλῶν
627 4687 898 4759 φαντασίᾳ
951 4684 1272 4746 σπουδαίους
1296 4676 1432 4734 εἶναι
1458 4679 1792 4752 νομίζεσθαι·

1902 4488 2125 4551 revelat,
2163 4487 2303 4556 ignis
2327 4487 2495 4542 instar
2526 4488 2836 4556 explorans,
2864 4496 2918 4542 et
2953 4488 3174 4542 minime
3204 4487 3466 4558 genuinos

1901 4597 2201 4653 coarguens
2253 4591 2482 4649 tempus,
2533 4583 2674 4652 quod
2704 4590 2892 4636 aestum
2927 4590 3052 4652 apto
3081 4582 3342 4637 vocabulo
3367 4596 3464 4651 ap-

1899 4677 2117 4746 pellavit
2139 4675 2415 4730 Servatur.

213 4783 315 4848 οὒς
344 4783 440 4837 καὶ
486 4779 683 4852 μακρῷ
716 4778 978 4841 λαθόντας
1013 4777 1187 4849 χρόνῳ
1218 4775 1445 4838 ἐπιστὰς
1497 4768 1801 4844 ἀπήλεγξεν
1835 4767 2187 4842 όπυρωτικὸς
2218 4766 2444 4822 καὶτῶν
2501 4767 2564 4821 οὐ
2613 4764 2851 4835 γνησίων
2873 4764 3236 4835 διελεγκτικδς
3254 4765 3464 4837 καιρὸς,

214 4879 280 4934 ὃν
294 4877 360 4949 δὴ
382 4875 638 4931 καύσωνα
659 4873 961 4937 εὐθυόόλως
987 4874 1015 4925 ὁ
1045 4873 1234 4942 Σωτὴρ
1255 4871 1526 4942 ὠνόμασε.

895 4989 974 5044 18'
997 4988 1134 5058 (ll).

303 5087 366 5141 '0
417 5086 476 5139 δέ
512 5101 674 5148 αυτος
704 5081 908 5149 εδίδαξε
955 5082 1053 5152 τὴν
1084 5079 1262 5134 αἰτίαν
1313 5079 1380 5132 δι’
1419 5079 1486 5148 ἣν
1505 5079 1616 5140 τοῖς
1662 5075 1798 5146 πλή-

216 5180 340 5232 θεσι
397 5177 463 5230 δι’
497 5175 831 5246 αἰνιγμάτων
861 5174 985 5236 τοὺς
1031 5172 1220 5241 λόγους
1261 5170 1564 5242 παρεδίδου·
1614 5169 1797 5232 αὐτοῖς

219 5271 326 5342 μὲν
359 5267 605 5339 ἐφεῖσθαι
642 5267 807 5320 εἰπὼν
835 5265 904 5318 τά
937 5265 1209 5335 μυστήρια
1237 5263 1333 5332 τῆς
1363 5261 1455 5316 τοῦ
1474 5259 1608 5316 Θεοῦ
1643 5259 1795 5329 βασι-

217 5362 372 5425 λείας
390 5359 700 5431 μανθάνειν,
731 5359 805 5429 μὴ
839 5355 1074 5411 δίδοσθαι
1093 5356 1150 5410 δέ
1172 5355 1419 5419 ἐκείνοις,
1455 5355 1580 5416 τοὺς
1606 5352 1791 5422 ὄχλους

320 5564 411 5638 ιο)
439 5564 573 5622 Cod.
595 5564 660 5622 Α.
682 5563 720 5618 f.
741 5563 949 5638 122ηι).
983 5558 1400 5638 Sequentialiacc
1424 5570 1546 5638 cum
1580 5569 1786 5623 praece-

220 5625 478 5693 dentibus
499 5644 622 5701 apte
647 5625 914 5695 connecti,
952 5625 1089 5701 quis
1113 5644 1219 5701 non
1261 5625 1450 5679 videt?
1477 5641 1787 5694 quanquam

220 5708 281 5762 in
307 5707 496 5763 codice
532 5698 744 5766 nonnisi
773 5698 981 5764 nudum
1006 5698 1222 5755 Eusebii
1268 5711 1465 5752 nomen
1504 5705 1714 5765 gerunt.

2613 4975 2758 5034 XIX.

1965 5075 2097 5130 Item
2125 5074 2373 5130 Christus
2402 5085 2620 5127 causam
2647 5069 2832 5125 docuit
2851 5083 2948 5124 cur
2973 5082 3038 5122 ao
3062 5067 3464 5121 multitudinem

1894 5183 2001 5222 non
2049 5167 2255 5233 absque
2307 5165 2592 5234 aanigmale
2645 5161 3001 5230 loqueretur:
3035 5160 3310 5229 discipulis
3351 5161 3468 5228 qui-

1896 5258 2017 5313 dem
2047 5257 2266 5311 concedi
2289 5256 2498 5317 dicens,
2523 5264 2582 5308 ut
2605 5254 2854 5326 mysteria
2882 5252 3026 5319 regni
3053 5252 3140 5305 Dei
3166 5252 3464 5316 discerent,

1899 5365 2005 5404 non
2043 5359 2221 5404 tamen
2256 5347 2446 5403 turbis.
2503 5347 2592 5401 Ait
2615 5347 2762 5400 enim
2796 5363 2808 5398 :
2841 5342 2939 5398 Est
2969 5353 3144 5397 autem
3173 5344 3284 5398 hac
3310 5357 3468 5412 para-

1963 5555 2076 5622 (Η)
2115 5553 2249 5610 Cod.
2300 5551 2361 5607 L.
2417 5551 2456 5604 Γ.
2495 5549 2679 5622 16,1).
2712 5547 3090 5622 _C_onferan_tur
3147 5544 3472 5622 sequentia,

1895 5636 1950 5681 ut
1969 5615 2097 5696 'jam
2124 5624 2257 5691 dixi,
2301 5638 2422 5680 cum
2459 5621 2681 5692 Syriaca
2709 5618 3064 5688 Thwphant'a,
3097 5629 3175 5683 tv,
3198 5615 3289 5672 53.
