3858 6214
442 289 513 347 79
1110 279 1381 338 EUSEBH
1418 278 1897 339 CIESARIENSIS
1932 283 2079 340 OPP.
2128 284 2307 341 PARS
2343 285 2435 342 iV.
2475 314 2545 329 σ-
2580 286 3000 347 DOGMATICA.

3571 292 3683 346 680

406 404 530 460 bula
560 420 580 459 :
603 402 795 459 Semen
814 399 1116 456 estrerbuut
1141 398 1262 466 Dei,
1288 400 1458 455 etc.“
1478 429 1552 442 —
1575 401 1830 457 Diversos
1855 402 1976 456 ani-

2082 425 2347 496 δηλώσαςο
2360 426 2464 498 ἔφη
2480 428 2607 501 γάρ·
2618 430 2784 484 Ἔστι
2800 426 2868 483 δὲ
2879 431 3030 501 αὕτη
3051 432 3089 501 ἠ
3107 431 3438 502 παραϐολή·
3456 431 3684 502 Ὁξσπό-

407 509 619 551 marum
643 492 859 549 habitus
886 493 941 545 in
963 491 1030 545 iis
1054 491 1153 560 qui
1174 491 1476 546 doctrinam
1502 490 1619 561 ejus
1647 491 1983 561 subsequen-

407 599 462 642 te
488 595 729 655 tempore
749 584 1055 654 suscepturi
1081 591 1265 649 erant,
1295 594 1444 638 recte
1460 584 1753 638 admodum
1784 583 1987 640 revelat

406 676 688 734 Dominus.
719 675 854 730 Tres
887 672 1143 729 videlicet
1185 674 1411 729 ordines
1440 674 1718 729 hominum
1749 673 1865 730 fore
1890 673 1984 731 di-

404 766 503 829 cit,
528 765 621 834 qui
654 764 913 819 doctrinae
938 777 1050 817 sua:
1078 777 1261 819 semen
1286 763 1428 817 haud
1452 765 1590 819 bene
1606 763 1721 819 sint
1735 774 1985 834 receptu-

404 859 474 914 ri.
500 856 635 911 Tres
652 857 895 912 vicissim
917 856 1254 925 egregiorum
1279 855 1559 910 hominum
1587 857 1804 922 choros,
1832 858 1987 914 bona;

408 958 567 1005 terrae
613 948 785 1002 instar
825 946 1084 1002 doctrina:
1118 945 1351 1001 fructum
1383 946 1599 1002 uberem
1643 963 1708 1004 ac
1734 949 1987 1019 multipli-

407 1051 586 1097 Catum
616 1040 877 1096 edituros.
902 1039 1044 1108 Ergo
1071 1037 1189 1094 illos
1210 1041 1302 1108 qui
1322 1037 1467 1108 jacta
1497 1040 1550 1095 in
1574 1041 1808 1096 animam
1831 1056 1983 1097 suam

407 1134 612 1189 semina
642 1132 1019 1200 pcssumdant,
1068 1144 1264 1186 causas
1292 1131 1494 1187 habere
1527 1132 1657 1187 dicit
1683 1142 1814 1190 tres.
1851 1133 1983 1188 Nam

403 1224 489 1278 vel
538 1223 719 1278 mundi
749 1222 912 1287 curis,
964 1235 1029 1276 ac
1077 1236 1263 1277 rerum
1306 1224 1527 1278 minime
1554 1227 1984 1281 necessariarum

406 1316 606 1381 studio,
655 1323 710 1370 et
746 1314 937 1385 Opibus
962 1312 1281 1384 deliciisque
1306 1314 1574 1386 impliciti,
1614 1331 1800 1373 semen
1829 1334 1986 1374 suum

403 1410 721 1471 obruentes,
766 1405 936 1476 spinis
985 1406 1384 1476 quodammodo
1414 1407 1681 1466 suffocare
1710 1412 1984 1466 videntur.

412 1499 505 1553 Vel
536 1500 756 1553 minime
794 1498 846 1552 in
883 1498 1081 1553 mentis
1106 1512 1220 1554 suae
1246 1499 1618 1568 penetralibus
1658 1512 1875 1573 recepto
1899 1518 1987 1558 se-

407 1590 573 1654 mine,
617 1588 868 1643 celeriter
894 1589 1268 1660 exstinguunt,
1311 1592 1575 1659 angustiis
1603 1594 1861 1662 correpti.
1890 1590 1987 1649 Vel

406 1680 570 1735 tertio
612 1680 846 1749 denique
896 1693 1062 1735 causa
1108 1681 1390 1736 amittendi
1442 1682 1552 1737 dati
1600 1684 1824 1740 seminis
1882 1684 1985 1740 sibi

405 1773 563 1837 llunt,
600 1774 724 1828 dum
751 1773 960 1842 patulas
985 1788 1145 1831 aures
1190 1777 1434 1845 pmbent
1472 1778 1787 1835 hominibus
1835 1779 1981 1835 deci-

2085 1773 2511 1858 ἀποσθέννυνται

404 1865 586 1935 piendi
611 1866 886 1933 studiosis,
912 1866 1134 1937 etjacta
1174 1868 1228 1922 in
1258 1868 1472 1924 illorum
1504 1871 1741 1925 animam
1772 1875 1983 1929 semina

405 1958 715 2033 diripiendi.
746 1957 873 2014 llaec
908 1960 1074 2031 igitur
1101 1961 1398 2017 secundum
1426 1977 1583 2017 suam
1614 1964 1980 2033 provisionem

406 2031 751 2117 a_Servaiore
781 2048 1036 2116 praedicta
1068 2049 1307 2106 fuerunt.
1338 2050 1429 2104 Sic
1448 2031 1631 2107 autem
1661 2068 1773 2107 rem
1803 2069 1861 2108 se
1884 2055 1984 2108 ha-

406 2140 535 2192 bere
559 2137 1051 2207 exploratissimum
1084 2148 1190 2195 est.
1210 2141 1366 2196 Haud
1384 2142 1543 2197 aliter
1567 2144 1709 2197 enim
1740 2145 1982 2202 nonnulli

405 2229 664 2283 excidunt
694 2229 969 2297 religionis
995 2230 1262 2295 doctrina,
1302 2232 1406 2287 nisi
1432 2232 1618 2304 aliquo
1652 2249 1683 2289 e
1709 2236 1983 2305 praedictis

407 2319 475 2373 ah
496 2333 562 2374 eo
585 2319 774 2375 modis.
811 2320 1070 2375 Similiter
1101 2321 1341 2379 meliOris
1365 2339 1581 2394 quoque
1604 2326 1832 2393 ordinis,
1865 2327 1987 2382 illo-

405 2423 526 2462 rum
555 2409 768 2465 scilicet
794 2410 889 2479 qui
913 2410 1139 2467 cmleste
1167 2426 1390 2483 regnum
1425 2424 1553 2470 sunt
1574 2417 1844 2487 adepturi,
1873 2426 1984 2474 tres

406 2500 611 2555 classes
635 2500 917 2557 Matthaeus
946 2501 1175 2558 sistit".
1203 2503 1397 2560 Cuncti
1419 2507 1564 2560 enim
1589 2506 1657 2561 ab
1675 2524 1780 2563 uno
1807 2520 1986 2565 satore

405 2602 461 2645 et
483 2591 715 2662 agricola
746 2593 800 2646 in
827 2593 1111 2649 animabus
1138 2594 1272 2659 suis,
1296 2610 1397 2651 ceu
1424 2595 1692 2654 fertilibus
1718 2599 1985 2670 bonisque

405 2684 588 2750 agris,
616 2698 780 2737 unum
811 2682 1059 2755 idemque
1090 2697 1365 2756 receptum
1398 2700 1606 2753 semen,
1644 2704 1741 2759 pro
1780 2691 1984 2747 viribus

405 2774 694 2839 excolunt;
751 2790 925 2846 neque
963 2786 1138 2832 tamen
1189 2780 1306 2848 pari
1343 2795 1571 2835 numero
1602 2782 1979 2852 multiplicant,

405 2878 595 2918 verum
623 2865 912 2935 plurimam
963 2867 1163 2936 singuli
1209 2868 1262 2922 in
1297 2869 1454 2924 bonis
1479 2872 1592 2926 suis
1623 2872 1981 2928 diﬁ'crentiam

404 2972 515 3026 prre
556 2972 614 3012 se
640 2958 838 3012 ferunt.
887 2952 1005 3013 Etsi
1030 2959 1173 3014 enim
1209 2976 1372 3015 unum
1403 2960 1505 3016 fuit
1529 2963 1585 3016 in
1615 2963 1697 3018 his
1732 2967 1984 3020 omnibus

406 3064 615 3135 semen,
648 3066 789 3106 unus
811 3051 937 3105 item
969 3051 1218 3120 idemque
1243 3062 1412 3121 sator,
1449 3071 1556 3111 non
1590 3066 1768 3115 tamen
1797 3061 1982 3130 singu-

406 3143 578 3194 lorum
604 3141 865 3196 sedulitas
894 3156 959 3196 ac
992 3142 1241 3198 voluntas
1272 3159 1455 3213 parem
1491 3147 1546 3199 in
1574 3151 1824 3204 omnibus
1863 3152 1977 3206 fru-
2007 3135 2049 3190 ε

407 3241 550 3286 ctum
586 3231 807 3299 protulit
841 3247 856 3283 :
887 3235 1238 3302 quamobrem
1274 3250 1341 3288 ne
1379 3236 1723 3304 agriculturae
1766 3242 1982 3308 quidem

409 3324 615 3376 reditus
642 3337 741 3391 par
770 3321 969 3392 uhique
999 3322 1138 3377 fuit:
1167 3324 1257 3378 sed
1287 3323 1378 3379 alii
1412 3326 1627 3396 triginta
1658 3329 1979 3396 retulerunt,

406 3413 498 3466 alii
536 3412 870 3481 trigesimum
897 3426 1179 3466 numerum
1221 3412 1588 3483 duplicarunt,
1627 3417 1718 3470 alii
1749 3418 1982 3490 denique.

406 3503 594 3558 labore
615 3503 1005 3574 praecellentes,
1032 3503 1390 3572 centuplicem
1433 3505 1666 3561 fructum
1693 3508 1976 3569 dederunt.

405 3593 562 3651 Prior
583 3610 712 3666 ergo
730 3596 822 3651 ille
845 3595 982 3651 ordo
1003 3596 1147 3652 haud
1170 3596 1327 3652 aliter
1351 3598 1531 3654 divina
1563 3599 1980 3659 fructiﬁcatione

404 3687 670 3756 privatur,
711 3686 813 3740 nisi
842 3686 1023 3756 aliquo
1062 3701 1093 3742 e
1130 3689 1403 3757 praedictis
1434 3690 1625 3746 modis.
1658 3691 1760 3759 Qui
1800 3705 1978 3750 autem

405 3779 460 3833 in
511 3778 782 3833 contrario
823 3778 1016 3834 ordine
1047 3788 1191 3844 sunt,
1235 3795 1366 3849 pura
1425 3782 1604 3837 anima
1651 3793 1707 3838 et
1746 3787 1980 3855 genuino

405 3869 604 3924 mentis
628 3869 924 3938 proposito,
966 3871 1191 3925 salutari
1231 3880 1447 3941 recepto
1484 3874 1709 3940 semine,
1741 3878 1976 3933 vicissim

403 3974 501 4029 pro
529 3975 640 4014 suae
680 3960 873 4015 animae
904 3959 1112 4016 viribus
1143 3960 1611 4022 fructiﬁcationem
1652 3983 1804 4025 suam
1837 3972 1977 4027 mul-

405 4053 668 4122 tiplicant.

2074 533 2187 585 ρος
2209 516 2382 571 ἐστίν
2403 521 2437 572 ό
2460 520 2643 589 λόγος
2675 520 2783 575 τοῦ
2816 520 2986 589 Θεοῦ,
3018 542 3073 578 κ.
3105 542 3155 578 τ.
3175 523 3424 597 λ.-(12)
3449 523 3563 587 Τὰς
3617 528 3681 577 ἐν

2081 609 2280 680 ψυχαῖς
2303 610 2578 684 ’διαφορὰς
2616 612 2726 666 τῶν
2754 614 2853 686 τὴν
2884 613 3233 672 διδασκαλίαν
3266 616 3430 672 αὑτοῦ
3453 612 3684 687 μελλόν·

2082 716 2190 752 των
2215 699 2568 769 ὑποδέχεσθαι
2605 704 2665 755 ἐν
2689 703 2801 768 τοῖς
2836 705 2975 776 μετά
3005 706 3179 762 ταῦτα
3202 710 3412 781 χρόνοις
3450 703 3510 762 εὖ
3533 709 3685 779 μάλα

2084 789 2390 859 ἐκγυμνοῖό
2409 790 2633 863 Κύριος-
2660 795 2754 847 καὶ
2776 796 2904 868 τρία
2934 796 3033 870 μὲν
3045 798 3305 872 τάγματα
3332 802 3439 855 τῶν
3467 803 3528 854 οὑ
3548 811 3687 873 γνη-

2086 881 2215 945 σίως
2253 882 2346 936 τὸν
2384 885 2585 955 σπόρον
2618 887 2717 958 τῆς
2743 887 2908 943 αὑτοῦ
2942 891 3288 958 διδασκαλίας
3304 894 3687 966 παραδεχομέ-

2083 994 2190 1030 νων
2237 975 2455 1030 ἕσεσθαι
2513 978 2899 1053 προαγορεύει·
2958 987 3107 1055 τρεῖς
3145 984 3405 1049 ὡσαύτως
3455 985 3686 1054 ἀγαθῶν

2081 1068 2276 1138 χοροὺς
2309 1067 2418 1121 τῶν
2464 1068 2624 1141 δίκην
2654 1070 2869 1141 εὑγείου
2892 1071 3075 1147 χώρας
3096 1077 3543 1150 πολυφορούντων
3582 1079 3686 1131 καὶ

2085 1157 2635 1223 πολυπλασιαζόντων
2675 1163 2768 1219 τὸν
2792 1164 2969 1233 λόγον.
3003 1167 3139 1241 Τῶν.
3160 1169 3259 1239 μὲν
3275 1167 3367 1223 οὖν
3399 1170 3687 1224 ἀπολλύν-

2083 1269 2191 1306 των
2238 1253 2305 1306 τά
2352 1255 2805 1329 καταϐαλλόμενα
2843 1263 2910 1332 τῇ
2962 1261 3144 1315 αὑτῶν
3189 1263 3332 1335 ψυχῇ
3386 1264 3686 1336 σπέρματα

2085 1343 2263 1408 αίτίας
2314 1342 2451 1401 εἷναί
2506 1365 2636 1421 φησι
2679 1350 2850 1422 τρεῖς·
2881 1351 2915 1424 ἢ
2950 1353 3061 1427 γὰρ
3107 1355 3213 1408 ὑπὸ
3243 1357 3540 1428 φροντίδων
3584 1357 3682 1410 τοῦ

2088 1431 2339 1502 βίου,καὶ
2376 1440 2473 1508 τῆς
2504 1439 2655 1511 παρά
2681 1436 2749 1494 τὰ
2783 1442 2859 1514 μὴ
2878 1445 3149 1514 ἀναγκαῖα
3184 1449 3443 1520 σπουδῆς,
3489 1450 3597 1503 ὑπό
3620 1468 3683 1505 τε

2088 1525 2321 1580 πλούτου
2359 1530 2456 1582 καὶ
2489 1533 2721 1602 τρυφῆς,
2785 1537 3232 1606 καταχωννύντες
3265 1539 3356 1593 τὸν
3396 1540 3455 1595 ἐν
3491 1538 3685 1605 αὑτοῖς

2088 1616 2289 1689 σπόρον
2320 1619 2528 1673 ἐοίκασι
2548 1626 2663 1687 τοῖς
2685 1622 2789 1677 ὑπὸ
2816 1626 3066 1681 ἀκανθῶν
3096 1630 3476 1700 ἀποπνίγουσι·
3508 1633 3542 1703 ἦ
3576 1633 3685 1686 οὑκ

2088 1708 2197 1762 ἀπὸ
2236 1709 2434 1781 βάθους
2474 1713 2715 1779 διανοίας
2773 1715 2936 1772 αὑτὸν
2980 1720 3437 1793 παραδεξάμενοι,
3483 1723 3684 1778 θᾶττον

2557 1801 2935 1877 περὶστάσεως
2977 1813 3408 1886 καταλαϐούσης·
3454 1816 3489 1887 ἦ
3535 1819 3686 1871 κατὰ

2083 1891 2276 1965 τρίτην
2321 1895 2503 1950 αἰτίαν
2552 1897 2716 1953 αἴτιοι
2770 1901 3043 1968 ἀπωλείας
3089 1905 3441 1961 καθίστανται
3482 1908 3577 1962 τοῦ
3621 1913 3684 1965 ἐν

2086 1985 2271 2048 αὑτοῖς
2306 1988 2532 2059 σπόρου,
2568 1991 2667 2055 τὰς
2704 1993 2885 2047 αὑτῶν
2933 1996 3104 2060 ἀκοὰς
3144 1999 3445 2064 ἐκδιδόντες
3468 2002 3684 2066 ἀνέσεως

2083 2077 2196 2139 τοῖς
2223 2076 2499 2151 ὲξαπατᾷν
2530 2082 2774 2137 ἐθέλουσι
2811 2087 2905 2140 καὶ
2928 2088 3272 2159 ὑφαρπάζειν
3297 2091 3366 2145 τά
3390 2095 3447 2146 ἐν
3478 2096 3545 2165 τῇ
3577 2096 3683 2147 αὑ-

2082 2164 2191 2219 τῶν
2223 2167 2364 2240 ψυχῇ
2420 2173 2835 2245 καταϐληθέντα
2873 2179 3183 2251 σπέρματα.
3227 2182 3414 2238 Ταῦτα
3454 2164 3556 2256 μὲν
3582 2183 3681 2241 οὖν

2082 2256 2227 2310 κατά
2261 2262 2569 2330 πρόγνωσιν
2597 2266 2673 2336 τῷ
2707 2268 2919 2341 Σωτῆρι
2956 2272 3305 2343 προλέλεκτο’
3343 2279 3457 2340 τοῖς
3488 2278 3547 2331 δέ
3580 2278 3680 2351 ἕρ-

2004 2410 2009 2416 .
2082 2364 2203 2415 γοις
2229 2349 2403 2416 οὑτως
2422 2353 2615 2425 ἔχοντα
2646 2360 2678 2429 ἡ
2718 2360 2975 2432 ἐνάργεια
2998 2365 3351 2437 παρίστησιψ
3383 2367 3481 2420 οὐκ
3499 2349 3679 2433 ἄλλως

2084 2440 2191 2513 γὰρ
2225 2442 2551 2502 ἐκπίπτουσι
2573 2467 2718 2516 τινες
2738 2453 2831 2507 τοῦ
2853 2456 2952 2524 τῆς
2985 2455 3294 2522 θεοσεϐείας
3325 2454 3486 2529 λόγου
3503 2462 3535 2532 ἢ
3552 2462 3679 2515 καθ’

2083 2532 2181 2588 ἕνα
2205 2536 2314 2590 τῶν
2348 2539 2439 2592 ὑπ’
2468 2542 2632 2596 αὑτοῦ
2668 2547 3091 2620 προρρηθέντων
3120 2550 3356 2621 τρόπων.
3405 2553 3678 2617 Ὡσαύτως

2083 2622 2142 2677 δὲ
2175 2626 2268 2679 καὶ
2306 2627 2400 2681 τοῦ
2423 2632 2740 2712 ’κρείττονος
2760 2636 3037 2707 τάγματος
3066 2639 3176 2693 τῶν
3199 2640 3541 2712 τευξομένων
3574 2643 3678 2712 τῆς

2083 2718 2332 2788 οὐρανίου
2374 2709 2650 2790 βασιλείας
2683 2730 2833 2797 τρεῖς
2865 2724 3004 2782 εἶναι
3036 2728 3218 2796 τάξεις
3262 2709 3505 2806 παρίστη
3535 2709 3678 2789 κατά

2083 2807 2383 2876 Ματθαῖον,
2414 2814 2631 2868 πάντων
2651 2817 2747 2887 μὲν
2776 2818 2866 2888 ὑφ’
2892 2819 3012 2885 ἐνὸς
3035 2823 3279 2895 σπορέως
3294 2842 3355 2877 τε
3379 2826 3476 2879 καὶ
3503 2844 3674 2898 γεωρ-

2083 2900 2181 2968 γοῦ
2229 2906 2349 2967 ταῖς
2386 2905 2566 2958 αὑτῶν
2596 2907 2814 2979 ψυχαῖς,
2851 2906 2938 2964 οἶα
2972 2912 3036 2984 δὴ
3066 2913 3270 2987 χώραις
3313 2917 3547 2985 εὐγείοις
3585 2922 3676 2973 καὶ

2082 2988 2332 3054 ἀγαθαῖς,
2365 2992 2461 3045 ἐνα
2502 2996 2597 3047 καὶ¹
2635 2995 2724 3049 τὸν
2785 2999 2946 3053 αὑτὸν
2977 3002 3420 3077 ὑποδεδεγμένων
3453 3010 3675 3081 σπόρον,

2082 3092 2300 3150 γεωργη
2309 3080 2517 3136 σάντων
2529 3083 2586 3136 δὲ
2598 3085 2758 3140 αὑτὸν
2786 3089 2927 3143 κατά
2936 3089 3185 3164 δύναμιν,
3204 3096 3658 3152 πολυπλασιασάν

2081 3183 2189 3220 των
2222 3185 2281 3221 τε
2310 3169 2408 3241 οὐχ
2432 3173 2654 3243 ὁμοίως,
2686 3175 2823 3230 ἀλλά
2873 3179 3133 3253 πλείστην
3164 3184 3409 3239 ἑκάστων
3439 3187 3670 3252 ἐνδειξα-

2085 3256 2260 3326 μένων
2289 3261 2347 3314 ὲν
2395 3263 2622 3331 ἀγαθοῖς
2673 3265 2954 3339 διαφοράν·
2984 3272 3032 3324 εί
3060 3273 3123 3345 δὴ
3151 3268 3232 3338 εἷς
3267 3275 3367 3346 μὲν
3414 3273 3483 3348 ἦν
3512 3282 3673 3333 πᾶσιν

2081 3348 2263 3412 αὐτοῖς
2296 3352 2325 3403 ὁ
2370 3353 2591 3424 σπόρος,
2623 3351 2701 3420 εἷς
2731 3358 2788 3410 δὲ
2819 3361 2913 3413 καὶ
2940 3362 2968 3415 ό
2990 3362 3151 3427 αὐτὸς
3177 3366 3434 3437 σπορεὺς,
3466 3369 3529 3422 οὑ
3566 3372 3673 3442 μὴν

2080 3438 2149 3490 τὰ
2175 3440 2234 3506 ἐξ
2261 3442 2578 3512 ἐπιμελείας
2610 3448 2711 3519 τῆς
2744 3451 2976 3506 ἑκάστου
3005 3456 3395 3528 προαιρέσεως,
3429 3460 3521 3514 ίσα
3559 3438 3673 3525 τοίς

2085 3529 2249 3581 πᾶσιν
2279 3531 2582 3605 ἐπορίζετο’
2642 3537 2724 3592 διὸ
2765 3540 2887 3594 οὑδὲ
2934 3543 2963 3594 ό
3010 3543 3111 3612 τῆς
3146 3545 3422 3617 γεωργίας
3462 3550 3673 3617 καρπὸς

2083 3618 2267 3689 ὅμοιος
2301 3624 2452 3695 παρὰ
2480 3629 2592 3692 τοῖς
2620 3631 2785 3684 πᾶσιν
2800 3627 2888 3702 ἦν’
2912 3632 3092 3687 άλλόί
3121 3618 3218 3705 μὲν
3247 3640 3675 3709 τριακοντάχουν
3702 3686 3715 3699 ,

2083 3707 2514 3787 ἐκαρποφόρουν,
2550 3721 2597 3772 οἱ
2636 3720 2694 3774 δὲ
2727 3722 2880 3795 παρά
2910 3723 3133 3789 τούτους
3172 3707 3585 3793 ἐδιπλασίαξον
3626 3735 3673 3784 oi

2083 3798 2139 3893 δέ
2170 3802 2597 3875 ὑπερϐάλλοντες
2624 3814 2689 3883 τῇ
2711 3814 2996 3886 φιλοπονία
3021 3817 3413 3888 ἑκατοντάχουν
3432 3820 3524 3873 τὸν
3545 3839 3671 3893 καρ-

2084 3891 2186 3945 πὸν
2205 3895 2545 3953 ἀπεδίδοσαν.
2589 3903 2943 3977 Ἐκείνοιομὲν
2971 3901 3063 3961 οὖν
3090 3909 3189 3961 οὑκ
3212 3908 3384 3973 ἄλλως
3404 3911 3507 3981 τῆς
3531 3915 3671 3966 κατᾶ

2081 3983 2212 4038 Θεὸν
2248 3988 2525 4061 στέρονται
2546 3997 2924 4068 καρποφορίας
2955 3997 2989 4069 ἢ
3018 3999 3139 4053 καθ’
3162 4001 3257 4054 ἕνα
3283 4001 3393 4055 τῶν
3413 4002 3669 4074 λελεγμέ-

2080 4091 2186 4166 νων
2213 4079 2451 4150 τρόπων-
2481 4085 2603 4140 οίδέ
2639 4089 2895 4154 ἐναντίως
2921 4092 3151 4156 ἐκείνοις
3175 4093 3531 4166 διακείμενοι,
3568 4117 3668 4153 κα.

406 4144 547 4261 (ξαρςξ
582 4143 726 4261 ψυλεῇ
749 4162 843 4261 iii-'-
878 4147 1451 4261 “ﬁaipé‘3‘“‘f‘:'lctq~
1467 4150 1559 4204 τδν
1598 4155 1863 4261 σδπξὶριον
1914 4143 2299 4239 ὑποδεξάμενοι
2356 4174 2578 4249 σπόρον,
2622 4180 2784 4235 πάλιν
3075 4143 3669 4261 ὲᾶνᾷᾇιῖξῆξνξὺξιξξ

403 4239 580 4311 ψυχῆς
610 4239 1108 4305 πολυπλασιάζουσι
1132 4244 1258 4307 τοὺς
1283 4244 1491 4300 ἑαυτῶν
1510 4248 1772 4339 καρπούς.

475 4335 699 4391 Etiamsi
746 4336 1119 4404 saecularibus,
1158 4338 1362 4414 inquit,
1440 4335 1654 4398 nonnisi
1689 4361 1785 4415 per
1819 4362 1977 4418 para-
2008 4355 2054 4410 D

405 4423 581 4479 bolam
617 4423 757 4479 facta
785 4426 945 4481 verba
978 4436 1125 4492 sunt,
1157 4436 1216 4481 ut
1242 4428 1484 4485 videntes
1514 4447 1618 4486 non
1647 4434 1895 4500 videant,
1922 4447 1978 4492 et

407 4516 688 4573 audientes
717 4532 824 4573 non
856 4517 1158 4589 intelligant
1197 4529 1416 4591 propter
1443 4537 1597 4578 suam
1628 4526 1974 4585 incredulita-

405 4619 511 4662 tem
534 4624 549 4675 ;
578 4608 932 4665 nihilominus
954 4613 1146 4680 cuique
1168 4613 1333 4683 digno
1358 4624 1500 4672 totus
1522 4633 1702 4675 sermo
1726 4622 1830 4677 erit
1851 4638 1973 4692 per-

406 4700 644 4769 spicuus.
673 4698 807 4755 Nam
838 4716 938 4755 nec
971 4701 1189 4757 lucerna
1236 4713 1298 4759 ut
1333 4720 1403 4761 ne
1433 4706 1608 4763 luceat
1642 4711 1969 4780 incenditur,

405 4807 577 4861 neque
636 4802 695 4847 ut
731 4793 833 4848 sub
867 4794 1043 4850 modio
1072 4794 1157 4848 vel
1190 4795 1332 4852 lecto
1356 4799 1625 4855 condatur
1645 4803 1689 4833 "9
1710 4821 1722 4855 :
1746 4804 1817 4857 ita
1838 4804 1974 4859 nihil

404 4878 539 4933 adeo
560 4880 666 4934 erit
696 4880 1088 4947 absconditum,
1118 4891 1176 4937 ut
1206 4884 1334 4938 nulli
1378 4888 1599 4944 omnino
1644 4889 1967 4949 innotescat.

404 4970 495 5025 Sic
520 4971 684 5024 etiam
717 4971 977 5026 caelorum
1020 4976 1169 5043 regni
1218 4978 1473 5047 mysteria
1515 4995 1612 5050 per
1657 4984 1965 5050 parabolam

403 5060 565 5125 dicta,
620 5062 720 5117 etsi
774 5062 897 5118 ﬁdei
938 5075 1228 5122 extraneos
1292 5068 1481 5137 latent,
1519 5087 1747 5141 quorum
1803 5078 1969 5133 etiam

402 5166 562 5206 causa
622 5151 859 5208 involute
916 5163 1044 5208 sunt
1074 5156 1304 5224 prolata,
1342 5174 1452 5215 non
1499 5171 1680 5220 tamen
1728 5167 1969 5235 impene—

2152 4353 2263 4426 (15)
2289 4356 2353 4409 Εἰ
2379 4359 2472 4412 καὶ
2490 4359 2560 4413 τά
2579 4360 2832 4431 μάλιστα,
2866 4367 3021 4437 φησὶ,
3051 4371 3163 4433 τοῖς
3189 4368 3292 4434 ἔξω
3312 4371 3403 4425 διὰ
3424 4374 3667 4444 παραὸοο
3702 4436 3705 4439 _

2081 4442 2180 4513 λῆς
2214 4444 2428 4516 εἴρηται
2449 4449 2518 4502 τὰ
2552 4450 2841 4524 λεγόμενα,
2861 4457 2950 4511 ἴνα
2982 4458 3271 4529 βλέποντες
3296 4462 3372 4533 μὴ
3402 4442 3664 4533 βλέπωσι,

2083 4534 2178 4587 καὶ
2211 4535 2500 4603 ἀκούοντες
2537 4543 2611 4612 μὴ
2664 4545 2887 4598 συνιῶσι
2929 4546 3017 4601 διὰ
3041 4548 3138 4620 τὴν
3175 4551 3436 4606 ἀπιστίαν
3463 4557 3664 4622 αὐτῶν,

2079 4623 2215 4719 and;
2244 4629 2359 4691 τοῖς
2376 4646 2454 4719 ,γε
2481 4631 2651 4719 ἀξίοις
2683 4637 2859 4707 σαφὴς
2881 4637 3032 4692 ἔσται
3056 4642 3162 4704 πᾶς
3186 4641 3360 4711 λόγος.
3390 4645 3531 4707 Οὔτε
3560 4651 3664 4719 γὰρ

2079 4712 2268 4785 λύχνος
2305 4717 2397 4770 ἐπὶ
2428 4718 2506 4789 τῷ
2551 4724 2625 4794 μὴ
2667 4726 2880 4793 φαίνειν
2927 4727 3245 4796 ἐξάπτεται,
3291 4733 3401 4787 οὐδ’
3456 4712 3663 4809 ἐπὶ

2080 4805 2447 4898 καλύπτεσθαι
2486 4812 2590 4865 ὑπὸ
2618 4816 2797 4885 μόδιον
2843 4818 2876 4889 ἢ
2935 4820 3142 4892 κλίνηνο
3190 4823 3373 4877 οὐκέτι
3423 4805 3663 4898 κρυπτὸν

2078 4897 2231 4988 ἔσται
2256 4902 2429 4974 πάντη
2446 4903 2730 4971 λανθάνον,
2763 4909 2840 4972 ὡς
2873 4911 2948 4982 μή
2980 4929 3093 4965 τισι
3126 4912 3257 4983 γοῦν
3275 4897 3662 4988 γνωρίζεσθαι·

2074 4987 2246 5053 οὕτως
2295 4993 2389 5045 καὶ
2438 4994 2509 5047 τὰ
2540 4996 2639 5067 τῆς
2670 4998 2947 5068 βασιλείας
2975 5003 3084 5058 τῶν
3114 5006 3357 5077 οὐρανῶν
3386 5013 3662 5084 μυστήρια

2074 5081 2162 5135 διὰ
2188 5085 2503 5158 παραϐολῆς
2526 5087 2812 5161 λεγόμενα,
2840 5094 2888 5146 εί
2918 5095 3013 5147 καὶ
3036 5098 3161 5161 τοὺς
3177 5098 3282 5165 ἔξω
3296 5099 3397 5173 τῆς
3425 5081 3661 5169 πίστεως

2075 5172 2353 5243 λανθάνει,
2377 5176 2443 5231 δι’
2476 5179 2571 5242 οὒς
2594 5183 2688 5235 καί
2712 5184 3240 5259 ἐπικεκαλυμμένως
3271 5191 3515 5264 εἴρηται,
3549 5196 3661 5250 ἀλλ’

404 5241 649 5296 trabilem
691 5243 941 5298 omnibus
977 5259 1196 5298 sensum
1229 5246 1524 5306 habebunt.
1571 5253 1646 5307 Ita
1687 5270 1816 5326 ergo
1846 5267 1973 5313 sunt

2082 5265 2129 5316 >6
2166 5269 2279 5329 τοῖς
2311 5241 2475 5322 πᾶσιν
2501 5271 2813 5343 ἀπόρρητον
2839 5241 3078 5348 περιέξεὶ

402 5329 564 5394 dicta,
595 5341 704 5385 uta
728 5334 902 5403 dignis
925 5336 1294 5393 tantummodo
1320 5354 1739 5409 cognoscantur.
1770 5346 1971 5413 Quam-

401 5419 584 5474 obrem
611 5436 725 5488 vos,
753 5424 996 5495 discipuli
1033 5427 1160 5491 mei,
1187 5436 1241 5482 et
1270 5432 1492 5488 cernitis
1516 5442 1571 5489 et
1598 5436 1796 5493 auditis
1823 5454 1973 5494 men-

400 5506 471 5559 tis
495 5507 666 5563 oculis
696 5520 857 5581 atque
885 5514 1107 5569 auribus
1139 5517 1439 5585 puriﬁcatis
1479 5536 1540 5575 ea
1574 5540 1695 5593 qua:
1725 5528 1973 5584 multitu-

463 5598 664 5660 “Luc.
690 5608 919 5672 ν111,11.
995 5609 1039 5641 ⁸⁸
1077 5610 1269 5666 Matth.
1301 5616 1529 5679 “11,25.
1607 5620 1655 5652 ”
1690 5618 2064 5695 Luc.vm,16.

2046 5723 2157 5795 (15)
2185 5724 2317 5784 Cod.
2345 5728 2410 5785 A.
2443 5728 2478 5786 r.
2517 5731 2722 5804 124,1).
2755 5736 2886 5797 Cod.
2926 5738 2989 5795 L.
3023 5740 3059 5797 r.
3091 5742 3176 5798 is.

469 5694 584 5763 (12)
613 5698 743 5757 Cod.
781 5701 844 5756 Α.
878 5700 916 5756 f.
950 5702 1070 5758 124.
1100 5703 1232 5763 Cod.
1266 5707 1326 5770 L.
1366 5710 1403 5764 ί.
1439 5712 1524 5766 16.
1566 5715 1620 5771 6.

2066 5355 2199 5454 ⁴γοῦν
2227 5358 2304 5422 ὡς
2350 5360 2418 5414 ἂν
2467 5364 2650 5433 μόνοις
2700 5368 2816 5430 τοῖς
2857 5367 3032 5436 ἀξίοις
3075 5372 3415 5447 γνωρίζοιτο.
3460 5380 3661 5454 Διόπερ

2069 5446 2252 5517 ὑμεῖς,
2272 5454 2321 5504 oi
2342 5452 2466 5523 ἐμοὶ
2488 5456 2747 5527 μαθηταὶ,
2779 5462 2873 5516 καὶ
2895 5462 3120 5533 βλέπετε
3145 5469 3240 5522 καὶ
3275 5470 3508 5526 ἀκούετε
3546 5446 3660 5529 διαζ

2068 5538 2213 5603 νοίας
2241 5542 2540 5617 ὀφθαλμοῖς
2573 5550 2667 5603 καὶ
2709 5552 2814 5607 ὠσὶ
2845 5556 3280 5630 κεκαθαρμένοις
3313 5564 3383 5619 τὰ
3419 5566 3500 5637 μὴ
3542 5571 3660 5633 τοῖς
