3858 6214
170 245 265 300 681

1532 232 1620 288 DE
1657 227 2126 289 THEOPHANIA.

3309 222 3415 279 683

173 362 296 417 πᾶσι
325 357 668 429 καταληπτά·
706 356 836 430 ὑμῖν
873 355 982 429 γὰρ
1006 357 1119 420 τοῖς
1162 353 1342 427 έχουσι
1373 356 1472 428 τὴν
1530 357 1608 420 εἰς
1639 355 1739 428 ἐμὲ
1769 412 1770 415 η

1879 353 1954 408 ini
2004 347 2358 421 intelligibilla
2393 353 2498 404 nun
2524 355 2668 402 sunt.
2702 343 2868 402 Vobis
2913 341 3080 411 enim,
3116 342 3209 414 qui
3238 343 3293 399 in
3329 359 3418 400 me

174 455 342 507 πίστιν
378 452 472 506 καὶ
500 452 535 522 ἡ
556 451 665 504 τῶν
685 450 1010 523 ἀπορρήτων
1049 445 1482 519 προστεθήσεται
1511 445 1732 515 γνῶσις·

1839 442 2086 507 creditis,
2137 454 2458 496 arcanorum
2520 453 2735 510 quoque
2787 436 3074 508 adiicietur
3116 435 3330 492 nntitia.
3378 435 3419 492 li

173 547 277 607 τοῖς
299 544 356 598 δὲ
393 543 468 615 μὴ
489 542 670 596 πίστιν
688 540 898 612 ἔχουσιν
930 537 1216 610 εἰλικρινῆ,
1252 536 1740 609 προσποιουμένοις

1877 541 2021 586 utem
2076 530 2168 600 qui
2218 544 2406 600 puram
2461 527 2622 584 ﬁdem
2676 543 2783 584 non
2831 527 3058 594 habent,
3101 527 3196 584 sed
3250 527 3418 582 simu-

174 637 225 692 δὲ
251 637 410 708 ἔχειν,
467 634 604 707 πρὸς
631 633 694 687 τὸ
726 632 891 706 μηδὲν
947 630 1110 684 πλέον
1157 632 1221 684 ἐκ
1261 629 1368 683 τῶν
1415 629 1742 702 παραϐολῶν

1877 631 1977 690 int,
1997 631 2356 693 praeterquam
2379 621 2523 693 quod
2550 621 2684 676 nihil
2715 621 2780 676 de
2799 619 3074 690 parabolis
3099 618 3421 690 intelligent,

179 725 543 798 γινώσκεσθαι,
565 723 656 778 καὶ
685 724 941 796 στέρησις
958 722 1111 778 ἔσται
1125 722 1220 777 τοῦ
1253 720 1538 785 δοκοῦντος
1560 721 1744 785 αὐτοῖς

1877 731 1910 772 o
1937 715 2099 772 etiam
2135 714 2511 785 spoliabuutur
2555 715 2698 785 quod
2734 713 2987 768 videntur
3031 711 3256 779 habere,
3298 726 3422 768 cum

175 819 448 890 ὑπάρχειν,
488 814 840 887 ἐλεγχθείσης
872 814 1053 869 αὐτῶν
1101 816 1161 870 ἐν
1200 813 1378 888 καιρῷ
1428 813 1528 885 τῆς
1579 830 1747 885 προσ-

176 910 390 980 ποιήτου
424 907 680 970 πίστεως.

261 999 318 1052 '0
348 997 457 1070 γὰρ
514 997 707 1068 χρόνος
763 995 980 1050 πάντων
1032 994 1270 1065 ἐλεγχος·
1326 994 1433 1050 κᾶν
1484 990 1578 1049 οὖν
1611 994 1748 1067 πρὸς

176 1090 347 1162 ὀλίγον
372 1093 406 1162 ἡ
436 1090 557 1144 καθ’
597 1088 750 1161 ὑμῶν
787 1089 978 1160 ἰσχύσῃ
1015 1088 1237 1162 διαϐολὴ
1275 1088 1368 1142 καὶ
1394 1087 1748 1158 συκοφαντία,

176 1185 288 1240 ἀλλ’
339 1183 508 1238 ἐπιὼν
555 1185 584 1236 ὀ
625 1183 833 1254 μακρὸς
868 1183 1079 1254 χρόνος,
1116 1183 1210 1236 καὶ
1255 1182 1633 1252 διαλάμπουσα
1681 1180 1750 1234 δι’

177 1277 326 1349 ὑμῶν
341 1277 505 1332 πᾶσιν
521 1273 828 1347 ἀνθρώποις
845 1273 1286 1346 καταϐαλλομένη
1297 1271 1663 1343 διδασκαλία(1
1676 1271 1750 1343 ὀ),

176 1370 243 1424 τὰ
296 1369 390 1424 νῦν
450 1368 590 1433 τέως
636 1367 969 1422 λανθάνοντα
1002 1369 1128 1431 τοὺς
1193 1365 1421 1428 πολλοὺς
1475 1364 1754 1436 ἐκλάμψαι

177 1463 406 1534 ποιήσει,
439 1460 535 1515 καὶ⁴
561 1461 688 1520 τοὺς
746 1458 1090 1530 συκοφάντας
1123 1457 1350 1528 ἐλέγξει.
1397 1457 1633 1511 Βλέπετε
1662 1451 1756 1510 οὖν

177 1555 294 1619 πῶς
325 1553 571 1610 ἀκούετε·
603 1555 632 1606 6
653 1551 792 1624 ἔχων
834 1553 945 1625 γάρ
971 1549 1268 1606 σπουδαίαν
1301 1549 1622 1622 προαίρεσιν
1661 1548 1758 1620 λή-

1847 809 2062 868 illorum
2090 807 2216 866 ﬁcta
2243 807 2378 865 ﬁdes
2415 807 2613 864 idoneo
2641 814 2884 878 tempore
2912 814 3257 875 coarguetur.

1919 997 1965 1030 ἰ
1996 993 2131 1051 Nam
2177 1002 2390 1066 tempus
2417 1004 2613 1051 cuncta
2667 991 2941 1064 coarguit.
2988 990 3215 1048 Etiamsi
3259 989 3427 1062 igitur

1851 1089 2116 1154 tantisper
2145 1085 2454 1142 criminatio
2471 1083 2556 1141 vel
2582 1082 2855 1141 calumnia
2883 1084 3146 1140 adversus
3165 1096 3264 1139 vos
3288 1082 3428 1138 forte

1852 1180 2203 1252 praevaleat;
2262 1187 2320 1233 at
2377 1179 2717 1246 subsequens
2782 1176 3051 1248 prolixum
3113 1186 3325 1245 tempus
3374 1182 3430 1230 et

1853 1273 2131 1344 splendida
2161 1288 2258 1345 per
2289 1286 2386 1328 vos
2412 1271 2624 1326 cunctis
2673 1270 2982 1326 hominibus
3025 1269 3297 1340 impertita
3333 1269 3431 1325 do-

1855 1365 2056 1432 ctrina,
2085 1379 2148 1421 ea
2175 1379 2297 1435 qute
2347 1379 2493 1420 nunc
2519 1362 2718 1419 multos
2765 1361 2956 1430 latent,
3016 1361 3329 1420 illucescere
3356 1361 3433 1417 fa-

1857 1458 1984 1524 ciet,
2041 1465 2100 1514 et
2155 1456 2580 1512 calumniatores
2639 1454 2949 1525 redarguet.
3007 1453 3434 1510 Animadvertite

1857 1551 2027 1623 igitur
2064 1548 2338 1620 quomodo
2395 1547 2649 1604 audiatis.
2715 1545 2851 1601 Nam
2897 1546 2988 1616 qui
3035 1545 3205 1602 habet
3233 1546 3434 1602 bonum

178 1648 332 1718 ψεται
362 1645 680 1716 Πνεύματος
709 1644 870 1718 χάριν
901 1643 998 1698 καὶ
1024 1643 1214 1712 σοφίας
1246 1643 1341 1696 καὶ
1359 1641 1634 1712 γνώσεως,
1664 1641 1758 1695 καὶ

1877 1641 2220 1713 propositum,
2262 1639 2490 1708 accipiet
2533 1637 2768 1709 Spiritus
2795 1637 3026 1708 gratiam
3059 1645 3116 1692 et
3149 1635 3429 1707 sapientiai

179 1707 332 1806 άξίαν
356 1739 465 1793 τῷν
493 1707 673 1792 πόνων
837 1707 1212 1808 ἀμοιϐήν-καὶ
1243 1735 1303 1800 ὃς
1327 1707 1394 1790 ἂν
1413 1734 1488 1807 μὴ
1517 1735 1636 1807 ἔχῃ,
1666 1736 1762 1789 καί

1877 1707 1930 1790 ie
1962 1707 2245 1799 scientiae,
2297 1707 2628 1804 dignamque
2688 1707 2936 1786 laborum
2991 1730 3340 1786 mercedem:
3384 1729 3439 1787 ei

178 1831 206 1884 ὃ
234 1832 378 1885 δοκεῖ
398 1831 563 1903 ἔχειν,
586 1829 885 1903 ἀρθήσεται
908 1831 1002 1884 ἀπ’
1020 1828 1206 1884 αὑτοῦ·
1228 1828 1297 1883 τὰ
1322 1829 1430 1902 γάρ
1452 1830 1518 1882 ἐκ
1549 1828 1762 1897 φύσεως

177 1921 310 1993 ἡμῖν
339 1920 547 1984 ἐνόντα,
573 1921 608 1992 ἢ
642 1920 729 1975 διὰ
755 1919 978 1992 χάριτος
1003 1919 1244 1985 δοθέντα,
1277 1918 1372 1973 ἐὰν
1410 1919 1486 1992 μὴ
1516 1919 1603 1973 διὰ
1634 1937 1762 1974 συν-

181 2014 336 2086 εχοῦς
366 2014 639 2086 προσοχῆς
669 2014 764 2067 καὶ
811 2012 1050 2084 σπουδῆς
1091 2013 1379 2082 φιλοπόνου
1417 2011 1762 2085 φυλάξωμεν,

182 2107 355 2164 ταῦτα
395 2105 882 2179 ζημιωθησόμεθα,
915 2106 975 2158 οὐ
1009 2105 1168 2176 μόνον
1205 2106 1371 2178 μηδὲν
1407 2104 1764 2177 προσλαμϐά-

181 2182 381 2267 νοντες,
425 2201 560 2254 ἀλλὰ
602 2199 1082 2273 προσαπολλύντες
1113 2201 1208 2255 καὶ
1247 2200 1284 2255 ὃ.
1311 2200 1454 2271 ἔχειν
1481 2199 1762 2271 ἐδόξαμεν*

182 2296 276 2349 καὶ
301 2292 366 2348 αὖ
394 2293 454 2358 ὃς
469 2293 584 2364 ἔχει
598 2292 658 2345 τὸ
683 2291 840 2360 φύσει
870 2292 1096 2363 εὐήκοον
1127 2292 1264 2364 πρὸς
1285 2291 1375 2346 τὸν
1399 2291 1577 2360 λόγον,
1593 2289 1768 2361 τούτῳ

183 2389 278 2440 καὶ
303 2389 330 2440 6
347 2387 506 2455 λόγος
530 2383 798 2456 ἀληθινῶς
818 2383 1040 2446 δίδοται,
1075 2385 1168 2437 καὶ
1198 2383 1552 2456 προσγίνεται
1582 2385 1650 2454 τῇ
1677 2398 1770 2451 φυ-

185 2481 310 2550 σικῇ
347 2478 557 2532 συνέσει
595 2477 656 2530 τὸ
701 2478 765 2530 ἐκ
798 2475 946 2539 θείας
974 2476 1292 2548 ἀκροάσεως
1342 2475 1522 2545 σοφόν.
1571 2477 1668 2538 Ὃς
1711 2473 1769 2526 δέ

183 2572 285 2625 οὐκ
309 2571 423 2642 ἔχει
446 2571 510 2624 τὸ
552 2570 642 2624 διὰ
679 2570 780 2640 τῆς
834 2568 893 2635 ἐξ
920 2569 1096 2640 ἀρχῆς
1123 2568 1483 2640 δημιουργίας
1529 2566 1770 2640 ὑπάρχον

105 2662 108 2663 ⁷
184 2664 334 2734 αὐτῷ
368 2661 506 2716 σῶον
548 2660 967 2732 φυλαττόμενον,
1003 2659 1133 2723 ἴσως
1179 2658 1239 2712 τὸ
1271 2659 1404 2730 μηδέ
1436 2658 1560 2711 νοῦν
1596 2658 1771 2730 ἔχοντι

185 2756 530 2819 καθίσταται,
555 2751 926 2825 φρενοϐλαϐὴς
951 2752 1057 2806 ὑπὸ
1081 2750 1178 2804 τοῦ
1202 2750 1443 2823 πονηροῦ
1460 2751 1768 2822 γενόμενος·

186 2846 439 2916 καθάπερ
475 2846 569 2898 καὶ
596 2846 626 2898 6
665 2845 792 2909 τοὺς
820 2843 1132 2916 ὀφθαλμοὺς
1160 2843 1316 2914 ἔχων,
1358 2845 1408 2897 εί
1452 2843 1528 2916 μὴ
1562 2843 1770 2914 βλέποι,

189 2937 304 3002 ῐσος
354 2935 434 3008 τῷ
483 2935 669 3008 τυφλῷ
699 2937 1011 3008 γεγένηταν
1056 2936 1149 2991 καὶ
1204 2936 1340 3007 φαίη
1390 2954 1475 3001 τις
1505 2937 1571 2991 ἂν
1613 2938 1774 2993 αὑτὸν

1861 1841 1993 1881 vero
2018 1827 2110 1896 qui
2141 1840 2248 1880 non
2276 1825 2466 1890 habet,
2493 1822 2658 1880 etiam
2689 1824 2741 1879 id
2769 1823 2912 1894 quod
2964 1823 3178 1878 videtur
3209 1823 3436 1888 habere,

1863 1918 2163 1974 auferetur.
2196 1917 2412 1975 Etenim
2436 1932 2556 1987 quae
2589 1917 2910 1973 naturaliter
2937 1917 3094 1974 nobis
3121 1917 3330 1983 insunt,
3355 1916 3441 1973 vel

1866 2010 2036 2082 gratis
2071 2011 2194 2066 data
2218 2018 2369 2076 sunt,
2405 2011 2506 2066 nisi
2544 2009 2843 2066 continenti
2871 2010 3196 2078 attentione,
3227 2009 3438 2066 studio-

1865 2117 1970 2173 que
1999 2103 2268 2158 industrio
2315 2101 2707 2168 custodiamus,
2729 2101 3068 2168 amittemus,
3126 2115 3232 2186 non
3278 2105 3440 2156 modo

1870 2192 2005 2248 nihil
2037 2192 2261 2264 insuper
2287 2191 2639 2263 accipientes,
2685 2205 2874 2246 verum
2905 2191 3070 2246 etiam
3103 2205 3292 2247 eorum
3321 2207 3442 2262 qua:

1871 2282 2077 2337 habere
2135 2282 2486 2352 putabamus,
2539 2282 2922 2338 detrimentum
2965 2281 3254 2350 patientes.
3298 2281 3444 2338 Sans

1868 2371 1960 2440 qui
1994 2371 2062 2426 ad
2097 2371 2408 2451 doctrinam
2444 2371 2772 2428 audiendam
2811 2372 2994 2429 alacer
3023 2383 3131 2438 est,
3186 2373 3313 2428 huic
3357 2387 3444 2428 reo

1869 2476 1999 2533 apse
2028 2461 2276 2517 doctrina
2305 2463 2557 2528 traditur,
2585 2473 2643 2518 et
2681 2461 2828 2518 illius
2859 2463 3095 2518 naturali
3131 2464 3444 2535 intelligen—

1873 2556 1962 2610 tia:
2005 2555 2217 2611 accedit
2247 2555 2444 2610 divinas
2481 2555 2732 2611 lectionis
2774 2556 3065 2626 sapientia.
3110 2556 3214 2624 Qui
3263 2567 3446 2613 autem

1867 2647 1982 2718 jam
2013 2647 2140 2702 inde
2178 2661 2210 2702 a
2251 2647 2508 2717 primaeva
2543 2647 2822 2703 creatione
2846 2647 3027 2703 datam
3074 2648 3309 2704 indolem
3341 2663 3448 2705 non

1873 2737 2040 2793 habet
2086 2736 2435 2806 incolumem,
2490 2738 2580 2793 hic
2625 2752 2725 2808 par
2780 2749 2964 2794 mente
3025 2740 3232 2796 carenti
3267 2749 3372 2805 est,
3415 2757 3447 2794 a

1874 2829 2015 2885 malo
2073 2831 2320 2886 daemone
2375 2845 2568 2886 vecors
2631 2829 2880 2887 elfectus.
2940 2831 3093 2888 Sicut
3129 2844 3185 2888 et
3235 2832 3323 2889 ille
3357 2834 3450 2902 qui

1877 2923 2065 2980 oculos
2097 2924 2305 2980 habens
2326 2923 2461 2979 nihil
2496 2935 2676 2979 tamen
2714 2923 2883 2993 videt,
2915 2941 3012 2996 par
3035 2941 3180 2982 caeco
3207 2936 3316 2994 est,
3345 2943 3454 2982 me-

187 3030 505 3106 ἀφῃρῆσθαι
540 3029 648 3084 τῶν
677 3029 988 3102 ὀφθαλμῶν
1043 3030 1218 3096 οὕτως
1248 3033 1298 3085 οἱ
1329 3031 1512 3086 πολλοὶ
1541 3032 1607 3086 δι’
1649 3035 1770 3086 ἐαυ-

1879 3016 2091 3083 ritoque
2123 3015 2334 3071 dicetur
2382 3015 2555 3072 oculis
2606 3017 2854 3073 orbatus.
2894 3017 2986 3074 Sic
3011 3019 3268 3074 nimirum
3300 3021 3454 3076 multi

187 3127 314 3189 τοὺς
330 3125 468 3196 πρὸς
495 3123 586 3176 τὸν
600 3122 756 3192 λόγον
778 3123 1049 3178 ἀσύνετοιο
1069 3125 1148 3178 ὅτι
1167 3125 1286 3179 οὑδέ
1308 3126 1407 3200 τὴν
1427 3126 1598 3198 ἀρχὴν
1616 3143 1775 3199 προσ·

187 3220 408 3292 έχοντες
469 3216 760 3271 ἀκούουσιν
781 3256 797 3282 ,
847 3215 963 3270 ἀλλ’
1031 3215 1348 3290 ἀπέρριψαν
1377 3220 1634 3292 ιάμελείᾳ
1690 3220 1781 3276 τὸν

196 3310 378 3379 λόγον.

873 3423 939 3477 K'
971 3423 1104 3495 (is).

277 3535 620 3607 Ὑπογράφει
647 3551 713 3603 γε
743 3534 849 3608 μὴν
877 3534 1114 3590 ἐνταῦθα
1148 3533 1356 3606 σπορέα
1387 3532 1582 3589 ἐαυτὸν
1609 3534 1638 3587 ὀ
1668 3532 1782 3587 Κύ-

191 3649 332 3706 ριος,
359 3631 536 3701 κῆπον
561 3629 618 3683 δέ
637 3629 892 3701 ὀνομάζει
923 3629 1014 3684 τὸν
1031 3629 1234 3700 κόσμον
1257 3629 1303 3700 (l
1313 3627 1387 3700 θ).
1407 3629 1783 3698 Αίνιττόμενος

190 3724 250 3777 δὲ
294 3723 396 3794 τὴν
429 3725 485 3776 ἐν
529 3721 609 3793 τῷ
642 3722 831 3794 σπόρῳ
875 3721 1106 3792 δύναμιν
1138 3721 1300 3774 ὁποία
1342 3737 1426 3786 τις
1456 3721 1563 3793 εῐη,
1597 3721 1783 3792 κόκκῳ

191 3815 473 3878 σινάπεως
516 3815 677 3869 αὐτὸν
714 3813 1075 3885 παραϐάλλει,
1104 3813 1164 3878 ὃς
1191 3813 1300 3867 τῶν
1329 3813 1458 3886 παρ’
1476 3812 1785 3884 ἀνθρώποις

192 3910 394 3976 λόγων,
423 3905 749 3978 Ἑλληνικῶν
768 3924 829 3960 τε
862 3909 954 3961 καὶ
985 3906 1352 3979 βαρϐαρικῶν,
1381 3907 1489 3961 τῶν
1511 3905 1575 3978 δὴ
1595 3907 1786 3976 σοφίαν

191 4000 319 4054 τινὰ
347 3999 443 4053 τοῦ
498 4000 691 4064 αἰῶνος
716 3999 905 4053 τούτου
941 4001 1370 4072 προϊσχομένων,
1425 3999 1789 4071 σμικρότατος

191 4092 340 4148 εἶναι
379 4093 528 4146 δοκεῖ
553 4093 648 4146 καὶ
681 4092 1086 4155 εὐτελέστατος,
1114 4091 1342 4163 δύναμίν
1367 4107 1430 4160 γε
1467 4091 1573 4162 μὴν
1595 4090 1657 4143 οὐ
1689 4089 1788 4162 τὴν

192 4185 471 4256 τυχοῦσαν
503 4186 560 4238 ἐν
611 4184 788 4256 ἐαυτῷ
820 4184 994 4256 φέρει.
1026 4185 1135 4238 Καὶ
1176 4183 1325 4238 ἐστιν
1363 4187 1392 4237 ό
1431 4184 1594 4247 αὐτὸς
1645 4185 1791 4247 σῖτος

196 4279 326 4350 μὲν,
374 4277 496 4332 καθ’
527 4276 556 4330 ὃ
600 4277 789 4349 ψυχῶν
827 4277 1090 4350 τρόφιμός
1121 4277 1260 4340 ἐστιν
1294 4277 1386 4332 καὶ
1418 4276 1624 4348 τροφῆς
1688 4275 1789 4347 τῆς

193 4372 356 4444 παρὰ
413 4371 493 4443 τῷ
548 4373 667 4444 Θεῷ
721 4371 1070 4442 παρεκτικός·
1129 4368 1326 4433 κόκκος
1380 4368 1438 4421 δὲ
1494 4369 1765 4432 σινάπεως

1896 4377 2039 4430 data:
2069 4375 2356 4440 ministra;
2381 4389 2609 4445 granum
2643 4389 2776 4430 vero
2817 4373 3043 4444 sinapis,
3075 4382 3348 4442 quatenus
3377 4386 3468 4428 se-
3575 4355 3578 4362 ’

193 4463 326 4518 καθ’
369 4464 399 4517 δ
429 4463 760 4536 βραχύτατος
824 4461 921 4532 μὲν
975 4459 1227 4513 ἁπάντων
1282 4457 1391 4510 τῶν
1433 4457 1782 4528 σπερμάτων·

194 4559 325 4614 οὐδὲ
385 4559 494 4630 γάρ
551 4559 698 4610 ἐστιν
751 4556 879 4611 ἄλλο
923 4554 1033 4608 τῶν
1085 4553 1178 4606 ἐπὶ
1235 4552 1338 4623 γῆς
1380 4548 1787 4619 καταϐαλλομέ-

1879 3105 2096 3175 propria
2130 3105 2286 3175 culpa
2322 3107 2548 3163 hebetes
2575 3108 2640 3161 ad
2671 3108 2976 3164 doctrinam
3006 3121 3155 3176 sunt,
3179 3112 3306 3181 quia
3341 3110 3454 3180 jam

1877 3196 2002 3252 inde
2025 3199 2092 3253 ab
2123 3198 2278 3254 initio
2302 3199 2492 3254 audire
2534 3198 2684 3254 illam
2714 3211 3032 3270 renuerunt,
3064 3203 3160 3258 sed
3187 3217 3215 3256 s
3233 3203 3460 3259 ocordia

1878 3305 1975 3346 sua
1999 3290 2333 3361 abjecerunt.

2615 3428 2736 3488 XX.

1958 3542 2100 3600 Dicit
2147 3558 2208 3601 se
2253 3544 2360 3600 hoc
2383 3544 2914 3604 loco“‘."Dominus
2959 3554 3218 3614 satorem,
3269 3559 3458 3616 agrum

1888 3645 2070 3689 autem
2107 3645 2375 3691 terrarum
2407 3637 2618 3691 orbem.
2673 3634 2747 3692 Ut
2791 3644 2974 3691 autem
3017 3645 3222 3707 quanta
3267 3635 3462 3691 semini

1886 3728 1970 3782 vis
1999 3727 2070 3782 sit
2099 3727 2261 3782 insita
2290 3727 2504 3794 innuat,
2537 3741 2706 3797 grano
2741 3727 2946 3798 sinapis
2982 3727 3114 3782 illud
3144 3734 3462 3796 comparat:

1887 3821 2031 3892 quod
2052 3821 2288 3892 quidem,
2311 3824 2457 3876 inter
2475 3819 2754 3874 hominum
2780 3820 3082 3883 doctrinas.
3109 3819 3223 3875 sive
3245 3818 3465 3874 Graecas

1888 3916 2003 3968 sive
2037 3914 2378 3979 barbaricas,
2404 3923 2671 3983 quotquot
2702 3911 3024 3984 sapientiam
3045 3913 3282 3982 aliquam
3305 3909 3467 3979 hujus

1890 4005 2073 4062 saeculi
2109 4021 2219 4076 prae
2256 4021 2317 4062 se
2346 4005 2551 4072 ferunt,
2588 4005 2876 4060 minimum
2913 4018 3036 4060 esse
3066 4005 3280 4060 videtur
3305 4014 3468 4076 atque

1894 4099 2243 4166 vilissimum,
2273 4115 2449 4169 neque
2475 4110 2654 4156 tamen
2692 4098 2974 4170 vulgarem
3010 4099 3269 4154 virtutem
3296 4100 3468 4154 conti-

1892 4199 2006 4245 net.
2054 4187 2152 4244 Est
2197 4199 2378 4246 autem
2423 4190 2512 4246 illa
2551 4190 2823 4258 doctrina,
2860 4189 3192 4244 frumentum
3248 4188 3469 4258 quidem

1894 4291 2164 4353 quatenus
2191 4283 2496 4338 animarum
2530 4283 2715 4338 nutrix
2742 4289 2846 4346 est,
2893 4291 2950 4336 et
2985 4280 3260 4336 alimoniae
3291 4295 3324 4334 a
3361 4279 3472 4334 Deo

1901 4468 2106 4522 minum
2136 4467 2379 4522 omnium
2409 4476 2498 4524 est
2531 4468 2930 4523 tenuissimum.
2988 4465 3175 4535 Neque
3202 4465 3350 4520 enim
3388 4472 3474 4520 est

1896 4543 2046 4617 aliud
2076 4577 2144 4618 ex
2170 4563 2258 4619 his
2283 4577 2406 4632 quae
2452 4563 2506 4618 in
2570 4571 2776 4618 terram
2829 4561 3194 4632 projiciuntur
3243 4562 3472 4618 semini-

196 4671 310 4706 νων
350 4651 683 4724 σπερμάτων
719 4648 908 4702 τούτου
937 4649 1003 4719 τῇ
1042 4645 1364 4720 σμικρότητι
1407 4641 1770 4716 συγκρίνεσθα

1899 4655 2022 4721 bus,
2065 4655 2228 4725 hujus
2267 4655 2521 4726 parvitati
2571 4653 3020 4724 comparandum,
3072 4655 3145 4710 ita
3170 4665 3228 4710 ut
3269 4661 3472 4726 puncto

195 4743 524 4814 δυνάμενον,
557 4739 644 4794 διὰ
671 4740 733 4794 τὸ
765 4739 972 4810 κέντρῳ
998 4737 1250 4800 ἐοικέναι,
1274 4736 1368 4789 καὶ
1393 4734 1574 4806 σχεδὸν
1605 4733 1770 4804 ἀτόμιι

1901 4747 2080 4804 simile
2109 4749 2202 4816 sit,
2231 4757 2287 4804 et
2318 4747 2460 4804 velut
2493 4758 2676 4803 atomo
2706 4756 2762 4803 et
2789 4748 2908 4802 sine
2941 4747 3187 4818 partibus
3215 4749 3474 4819 corpori;

197 4835 300 4889 καὶ
327 4835 530 4905 ἀμερεῖ
574 4831 808 4904 σώματυ
855 4833 1004 4908 ὅμως
1053 4830 1110 4884 δὲ
1141 4831 1222 4895 είς
1269 4829 1522 4883 τοσοῦτον
1565 4828 1770 4900 μέγεθοε

1901 4848 1958 4894 et
2011 4848 2190 4895 tamen
2246 4839 2299 4894 in
2349 4849 2553 4895 tantam
2590 4840 2867 4895 excrescit
2911 4839 3365 4910 magnitudinem,
3418 4849 3476 4895 ut

196 4927 538 4992 ἐπιδίδωσιν,
570 4926 645 4991 ὼς
699 4927 808 4979 πᾶν
846 4925 908 4978 τὸ
936 4923 1045 4978 τῶν
1072 4922 1316 4994 λαχάνων
1346 4921 1582 4993 καλύψαι
1611 4922 1767 4990 γένος

1896 4944 2061 4985 omne
2098 4930 2306 4987 olerum
2331 4946 2502 5002 genus
2533 4939 2776 5002 superet.
2807 4929 2962 4998 Quod
2995 4929 3241 5001 profecto
3269 4932 3477 4986 habere

201 5021 276 5074 Ὃ
295 5019 365 5091 δὴ
393 5021 486 5073 καὶ⁵
514 5018 647 5074 αὐτὸ
668 5017 894 5071 ἔκϐασιν
919 5017 1100 5088 ἔργοις
1115 5018 1297 5079 αὐτοῖς
1319 5015 1606 5088 σύμφωνον
1621 5014 1770 5081 ἔδειξε

1903 5022 2113 5077 exitum
2190 5037 2385 5080 revera
2447 5037 2747 5079 consonum
2802 5021 3259 5092 praedictionibus
3303 5032 3462 5077 osten
3523 5022 3530 5038 '

202 5115 328 5176 ταῖς
379 5115 765 5185 προρρήσεσιν·
817 5110 1012 5164 αὐτίκα
1042 5107 1172 5179 γοῦν
1205 5108 1504 5180 ὀφθαλμοῖς
1557 5109 1768 5180 πάρεστ

1900 5113 2005 5169 dit.
2068 5114 2213 5171 Ecce
2270 5116 2418 5170 enim
2465 5115 2637 5171 oculis
2699 5124 2950 5184 spectare
3007 5113 3156 5182 licet,
3211 5115 3482 5185 quomodo

198 5206 685 5278 παραλαμϐάνειν,
714 5205 789 5269 ὡς
820 5207 848 5259 ό
882 5205 1080 5268 σπόρος
1107 5205 1136 5256 6
1162 5200 1534 5272 εὐαγγελικὸς,
1579 5199 1770 5272 σπειρό

1903 5207 2276 5280 evangelicum
2327 5223 2535 5276 semen,
2583 5207 2685 5264 sub
2717 5208 2850 5278 ipsis
2903 5209 3131 5264 sationis
3172 5208 3482 5277 primordiis

220 5346 299 5382 σι·
319 5347 367 5378 ⁸³
401 5343 600 5398 Matth.
633 5355 755 5404 xm,
783 5339 846 5393 5|
875 5335 1050 5404 ;Luc.
1081 5349 1201 5402 xm,
1230 5334 1318 5392 19.

279 5471 400 5540 (id)
426 5472 760 5550 _Qongrur_tt_tt
792 5471 909 5529 haec
958 5473 1104 5530 belle
1145 5489 1269 5530 cum
1308 5471 1652 5545 Tneophania
1687 5476 1792 5550 Sy-

200 5544 390 5602 riaca,
426 5543 519 5597 lib.
553 5559 626 5605 tv,
663 5544 751 5597 51.

285 5613 412 5686 (i5)
447 5613 668 5686 Grande
715 5617 818 5686 hoc
868 5612 1258 5684 fragmentum,
1310 5630 1482 5686 usque
1529 5615 1595 5670 ad
1622 5609 1786 5674 verba

200 5682 638 5756 ὑποδεξαμένων
688 5683 870 5748 αὐτόν,
923 5682 1266 5756 perspicuum
1313 5682 1453 5758 gerit
1485 5686 1699 5745 titulum
1735 5688 1788 5747 in

546 5777 820 5840 Parant.
862 5777 981 5843 Gn.
1023 5780 1262 5843 XXIV.

1899 5480 2092 5564 codice
2118 5481 2196 5564 ΔΑ,
2215 5480 2264 5564 1⁸.
2293 5479 2429 5536 164ε
2481 5478 2671 5564 βιϐλίῳ
2691 5479 2936 5564 τετάρτῳ
2969 5479 3326 5564 ρεοφανιίας,
3352 5490 3478 5536 cum

1899 5553 2078 5609 solitis
2115 5549 2569 5623 tantum_num'eri
2611 5549 2764 5623 siglis
2789 5549 2952 5622 supra
2985 5549 3036 5621 β.

1972 5622 2088 5697 (16)
2123 5622 2218 5682 Sic
2242 5623 2296 5682 in
2334 5617 2688 5694 Theophanid
2711 5617 2962 5696 Syriaca,
2985 5617 3072 5688 ἰν,
3109 5617 3204 5676 54.

3076 5773 3160 5836 29
