3858 6214
429 239 530 296 583
1064 237 1336 295 EUSEBII
1373 233 1853 293 CESARIENSIS
1892 232 2042 289 OPP.
2087 231 2263 288 PARS
2303 232 2391 290 IV.
2432 263 2502 273 —
2540 230 2965 290 DOGMATICA.
3578 235 3690 291 688

429 364 700 421 invisibile
725 363 909 430 fuerit,
936 373 987 420 et
1019 376 1132 433 prae
1159 362 1408 418 doctrina
1449 360 1692 430 qualibet
1723 373 1849 413 vere
1899 357 1961 412 m‘:

2070 403 2077 418 ,
2108 373 2267 428 μενος
2291 356 2387 428 μὲν
2421 357 2478 410 ἐν
2499 356 2694 428 ἀρχαῖς
2729 353 2940 426 ἀφανὴς
2959 349 3048 426 ῆν,
3078 355 3173 409 καὶ
3209 354 3426 410 πάντων
3447 356 3526 419 ὡς
3557 357 3693 428 ἀλη-

426 459 632 512 nimum
671 467 727 512 et
779 455 1332 526 contemptissimum.
1386 453 1590 509 Deinde
1625 466 1756 507 vero
1787 459 1961 505 tantut

2105 449 2212 514 θῶς
2235 448 2615 512 εὐτελέστατος
2640 448 2732 502 καὶ
2767 448 3125 519 σμικρότατος
3163 449 3355 518 λόγων·
3395 447 3604 527 προῖὼν
3633 451 3690 504 δὲ

421 553 568 619 cepit
605 550 1026 616 incrementum,
1046 558 1106 604 ut
1131 548 1448 603 universum
1472 549 1662 601 orbem
1685 542 1961 613 repleveril

2102 540 2355 594 τοσοῦτον
2397 539 2721 593 ἐπιδέδωκεν
2751 537 2920 609 αὑξης
2945 555 3006 590 τε
3039 537 3131 591 καὶ
3163 536 3447 608 μεγέθους,
3481 537 3560 602 ῶς
3588 537 3690 610 τήν

421 641 551 698 Fuit
574 656 705 712 ergo
750 656 943 697 revera
991 655 1088 712 per
1135 646 1363 694 cunctas
1413 644 1604 707 gentes
1657 649 1846 690 semen
1896 633 1961 688 ho

2101 633 2392 706 σύμπασαν
2418 632 2740 703 οἰκουμένην
2763 631 3068 704 πληρῶσαι.
3097 631 3324 699 Γέγονεν
3345 626 3438 684 οὖν
3467 629 3690 702 ἀληθῶς

421 735 598 804 majus
649 750 812 806 quam
865 733 1182 805 Graecorum
1231 739 1286 786 et
1313 729 1670 785 barbarorum
1705 725 1996 797 sapientia,

415 841 579 894 quam
615 825 900 880 Matthams
929 822 1171 878 oleribus
1209 818 1572 890 comparavit,
1621 815 1994 871 inﬁrmitatem

416 918 490 972 ita
535 925 591 971 et
637 915 1157 985 corruptibilitatem
1203 914 1560 968 humanarum
1619 909 1992 965 doctrinarum

411 1008 748 1078 signiﬁcans.
778 1006 1026 1076 Namque
1073 1014 1128 1060 et
1168 1004 1309 1074 apud
1347 1001 1642 1072 prophetas
1689 1001 1891 1056 dictum
1923 998 1992 1055 de

411 1106 543 1174 ipsis
595 1112 731 1159 est:
789 1101 1064 1169 Tanquam
1115 1099 1294 1167 fenum
1347 1098 1589 1153 velociter
1643 1103 1902 1160 arescent,
1940 1103 1990 1148 et

407 1195 846 1265 quemadmodum
875 1193 1021 1248 olera
1052 1193 1332 1246 herbarum
1384 1192 1488 1244 cito
1515 1189 1756 1244 derident
1783 1187 1850 1240 ⁵⁸.
1879 1185 1991 1240 Ηυ-

404 1285 702 1354 jttscemodi
729 1295 855 1339 sunt
901 1281 1268 1353 sophistarum
1299 1295 1364 1335 ac
1389 1279 1838 1350 philosophorum
1869 1276 1972 1331 de-

405 1379 603 1434 ctrinze
638 1377 1067 1446 disciplinaeque,
1091 1389 1211 1445 quae
1256 1372 1572 1443 aliquandiu
1620 1370 1979 1430 herbescunt,

401 1471 668 1540 brevique
714 1478 959 1538 tempore
1006 1467 1227 1528 ﬂorent,
1269 1466 1364 1522 sed
1417 1479 1523 1520 non
1551 1463 1644 1518 diu
1675 1469 1799 1532 post
1827 1460 1981 1515 exci-

402 1565 536 1618 dunt
571 1577 667 1634 per
691 1578 750 1618 se
771 1563 903 1633 ipsa:
929 1570 1238 1631 corruptae:
1270 1559 1344 1614 ita
1372 1566 1432 1613 ut
1457 1555 1592 1612 alibi
1643 1554 1772 1611 .‘eno
1821 1563 1986 1609 tecto-

399 1671 521 1714 rum
545 1663 826 1725 comparet
871 1669 966 1708 eas
987 1653 1157 1708 David
1184 1653 1252 1717 “,
1283 1648 1451 1722 quod,
1480 1648 1800 1719 priusquam
1829 1645 1981 1702 evel-

397 1746 564 1811 latur,
587 1745 701 1816 jam
728 1745 962 1800 exaruit.

465 1837 607 1892 Sunt
670 1837 788 1892 istae
837 1836 1006 1908 igitur
1063 1832 1390 1904 sapientium
1445 1829 1608 1901 hujus
1647 1825 1831 1885 saeculi
1877 1825 1976 1882 do-

407 1931 626 1996 ctrinae,
661 1930 890 1986 inﬁrmae
934 1928 1187 1983 nimirum
1239 1936 1297 1982 et
1342 1925 1626 1988 oleraceae,
1664 1922 1788 1979 feno
1820 1919 1976 1976 ﬂore-

392 2023 567 2076 scenti
614 2021 847 2076 similes.
879 2020 1049 2076 Sectis
1071 2034 1202 2075 vero
1236 2018 1477 2074 omnium
1506 2016 1788 2071 minimum
1819 2023 1874 2068 et
1904 2022 1978 2068 te-

392 2114 720 2170 nuissimum
758 2115 903 2170 inter
927 2113 1162 2179 semina,
1210 2113 1366 2182 regni
1411 2111 1672 2166 nimirum
1706 2107 1972 2163 cmlornm

389 2206 766 2278 evangelicum
800 2206 1049 2270 verbum.
1096 2219 1224 2260 acre
1273 2204 1640 2273 mordensque
1683 2201 1851 2255 veluti
1895 2198 1973 2254 si-

391 2299 546 2368 napi,
577 2299 720 2368 quod
751 2309 929 2353 tamen
975 2297 1133 2368 longe
1173 2296 1439 2360 excrevit,
1482 2303 1539 2349 et
1592 2295 1847 2349 humanae
1877 2307 1969 2347 sa-

389 2390 612 2459 pientiae
637 2389 894 2460 superius
929 2390 1135 2446 evasit:
1173 2398 1336 2458 atque
1378 2387 1433 2442 in
1480 2388 1652 2441 altum
1691 2385 1968 2441 sublatum

386 2479 570 2534 omnia
616 2479 732 2534 loca
773 2479 1085 2550 occupavit,
1136 2478 1212 2533 ita
1248 2489 1310 2533 ut
1352 2491 1548 2549 magna
1595 2477 1760 2531 arbor
1793 2491 1860 2530 ex
1901 2490 1966 2529 eo

386 2571 458 2622 sit
501 2581 646 2636 orta,
686 2569 811 2625 coeli
850 2571 1130 2625 volucrum
1178 2583 1353 2639 capax
1397 2568 1490 2638 qui
1526 2568 1580 2622 in
1632 2568 1750 2639 ejus
1796 2566 1966 2622 ramis

382 2663 710 2718 consistunt.
745 2662 886 2719 Olim
917 2663 971 2718 id
1007 2663 1225 2733 quidem
1257 2660 1602 2732 simplicibus
1630 2660 1811 2716 verbis
1839 2659 1962 2714 Ser-

382 2755 588 2811 vatoris
633 2769 765 2810 voce
813 2753 1064 2825 prolatis,
1120 2753 1306 2809 divina
1363 2751 1823 2823 prognosticaque
1852 2752 1966 2806 vir-

382 2857 504 2902 tute
535 2849 953 2916 praedicebatur.
989 2847 1108 2902 Jam
1135 2861 1268 2901 vero
1303 2847 1356 2900 itt
1388 2845 1548 2915 quale
1583 2854 1961 2914 quantumque

378 2953 518 3009 opus
568 2939 849 3008 praedictio
884 2939 1238 3008 processerit,
1295 2947 1671 3008 quantumque
1721 2937 1960 2992 creverit

2102 727 2304 798 μείζων
2345 726 2444 796 τῆς
2477 726 2628 796 παρά
2653 726 2788 778 πᾶσι
2821 727 2934 788 τοῖς
2965 723 3174 777 ἔθνεσιν
3202 722 3428 793 Ἕλλησί
3471 739 3536 775 τε
3589 723 3688 776 καὶ

2099 819 2392 893 βαρϐάροις
2427 817 2638 888 σοφίας,
2670 818 2736 889 ἣν
2767 817 3019 887 λαχάνοις
3039 813 3178 868 κατὰ
3205 815 3481 869 Ματθαῖον
3503 832 3688 887 παρα-

2096 911 2347 982 seems,
2378 912 2438 964 τὸ
2468 911 2690 973 ἀσθενὲς
2717 911 2812 964 καὶ
2843 909 3165 981 φθοριμαῖον
3180 908 3289 961 τῶν
3314 908 3442 980 παρ’
3467 906 3684 978 ἀνθρώ-

2093 1021 2216 1068 ποις
2258 1005 2596 1077 μαθημάτων
2616 998 2720 1058 ὧδε
2753 1001 3117 1073 αἰνιξάμενος.
3160 1001 3313 1054 Ἐπεὶ
3338 1001 3434 1053 καὶ
3461 1002 3520 1053 ἐν
3547 1016 3685 1070 προ-

2093 1103 2290 1172 φήταις
2313 1101 2530 1168 ἐλέγετο
2569 1099 2699 1170 περὶ
2745 1097 2944 1150 αὑτῶν·
2983 1096 3077 1162 Ὠς
3115 1096 3329 1165 χόρτος
3350 1093 3504 1163 ταχὺ
3529 1093 3682 1148 ἀπο-

2091 1191 2598 1261 ξηρανθήσονται,
2629 1189 2729 1242 καὶ
2747 1190 2828 1255 ὡς
2857 1187 3097 1258 λάχανα
3126 1188 3315 1256 χλόης
3342 1186 3494 1255 ταχὺ
3529 1186 3684 1239 ἀπο-

2088 1285 2437 1338 πεσοῦνται.
2470 1281 2706 1336 Τοιαῦτα
2740 1281 2796 1334 δὲ
2825 1279 2894 1334 τά
2942 1279 3208 1349 σοφιστῶν
3241 1278 3337 1332 καὶ
3369 1279 3682 1348 φιλοσόφων

2091 1376 2390 1448 μαθήματα
2414 1377 2509 1429 καὶ
2533 1373 2896 1444 παιδεύματα,
2933 1371 3069 1445 πρὸς
3091 1370 3279 1443 καιρὸν
3299 1371 3397 1442 μὲν
3423 1371 3681 1442 χλοάζον-

2084 1486 2172 1531 τα,
2193 1469 2288 1522 καὶ
2316 1469 2451 1542 πρὸς
2480 1469 2659 1537 ὀλίγον
2697 1466 2983 1528 ἀνθοῦντα,
3013 1467 3112 1519 οὑκ
3143 1467 3223 1529 είς
3254 1465 3464 1536 μακρὸν
3491 1464 3547 1517 δὲ
3576 1466 3678 1518 ἐκ·

2085 1563 2370 1627 πίπτοντα,
2403 1562 2496 1616 καὶ
2520 1560 2580 1626 ἐξ
2613 1559 2823 1615 ἑαυτῶν
2857 1559 3208 1631 φθειρόμενα’
3250 1557 3326 1620 ὡς
3360 1560 3418 1612 ἐν
3459 1558 3679 1627 ἑτέροις

2083 1656 2260 1728 χόρτῳ
2287 1655 2537 1726 δομάτων
2564 1652 2863 1724 ἀφομοιοῦν
2893 1651 3051 1717 αὐτὰ,
3087 1651 3146 1716 ὃς
3176 1651 3282 1723 πρὸ
3331 1650 3428 1704 τοῦ
3456 1651 3676 1704 ἐκσπα-

2008 1723 2056 1784 B
2085 1723 2272 1819 σθῆναι
2298 1723 2589 1818 ἐξηράνθη.

2162 1840 2323 1894 Ἀλλά
2365 1840 2434 1894 τὰ
2469 1839 2568 1910 μὲν
2591 1837 2742 1910 παρά
2771 1840 2884 1902 τοῖς
2914 1835 3066 1910 παρὰ
3095 1834 3189 1890 τοῦ
3217 1835 3412 1899 αἰῶνος
3468 1833 3671 1888 τούτου

2075 1933 2320 1999 τοιαῦτα,
2375 1932 2576 2003 ἀσθενῆ
2621 1932 2716 1984 καὶ
2757 1929 3058 2001 λαχανώδη,
3101 1929 3197 1982 καὶ
3223 1928 3399 2001 χόρτῳ
3449 1924 3674 1980 εὐθαλεῖ

2074 2027 2494 2101 παρεικασμένα
2530 2025 2848 2098 μαθήματα⁸
2877 2027 2906 2077 ὁ
2941 2025 2997 2076 δὲ
3031 2022 3366 2096 βραχύτατος
3397 2021 3493 2074 καὶ
3526 2019 3672 2073 πάν-

2072 2139 2180 2174 των
2231 2119 2340 2173 τῶν
2372 2118 2702 2190 σπερμάτων
2759 2119 3102 2190 μικρότατος,
3152 2118 3246 2187 τῆς,
3278 2115 3387 2168 τῶν
3413 2114 3666 2186 οὐρανῶν

2074 2213 2348 2285 βασιλείας
2385 2211 2812 2281 καταγγελτικὸς
2858 2210 3034 2278 λόγος,
3071 2209 3270 2280 δριμὺς
3325 2205 3428 2278 μὲν
3456 2206 3549 2258 καὶ
3583 2205 3668 2257 δε-

2070 2307 2257 2370 κτικὸς
2303 2304 2556 2376 καθάπερ
2601 2303 2664 2358 τὸ
2696 2304 2904 2374 σίνηπι,
2939 2303 3090 2373 ὅμως
3116 2301 3173 2354 δὲ
3221 2298 3532 2370 ὑπερανέὸη
3564 2299 3665 2351 καὶ

2069 2397 2438 2470 ὑπερηύξησε,
2472 2397 2736 2469 κρείττων
2763 2396 2861 2466 τῆς
2892 2395 2950 2448 ὲν
2981 2393 3288 2465 ἀνθρώποις
3319 2390 3667 2461 ἀποδειχθεὶς

2023 2479 2026 2483 ί
2069 2493 2278 2560 σοφίαςσ
2306 2491 2400 2544 καὶ
2447 2489 2524 2553 ὡς
2553 2488 2786 2558 ὑψωθεὶς
2815 2487 2993 2541 πάντα
3043 2486 3209 2538 τόπον
3252 2482 3542 2552 ἐκάλυψεν,
3583 2483 3664 2546 ὡς

2067 2584 2160 2637 καὶ
2191 2583 2402 2654 δένδρον
2441 2580 2866 2651 ἀποτελεσθῆναι
2893 2580 3035 2651 μέγα
3062 2578 3122 2644 ἐξ
3141 2576 3329 2636 αὑτοῦ.
3347 2577 3660 2648 χωρητικὸν

2065 2673 2328 2728 πετεινῶν
2376 2671 2609 2744 ούρανοῦ
2659 2668 3147 2740 κατασκηνούντων
3189 2669 3246 2720 ἐν
3277 2667 3389 2728 τοῖς
3439 2663 3661 2728 κλάδοις

2063 2766 2248 2821 αὑτοῦ·
2276 2765 2442 2820 πάλαι
2469 2764 2569 2836 μὲν
2597 2762 2702 2817 ὑπὸ
2725 2763 2822 2833 τῆς
2861 2760 3128 2832 σωτηρίου
3144 2760 3246 2829 γῆς
3270 2757 3444 2827 ψιλοῖς
3476 2756 3664 2826 ῥήμα-

2063 2875 2166 2923 σιν,
2193 2857 2360 2928 ἐνθέῳ
2387 2873 2452 2925 γε
2481 2857 2586 2928 μὴν
2609 2856 2706 2910 καὶ
2737 2851 3133 2927 προγνωστικῷ
3163 2850 3390 2920 δυνάμει
3420 2865 3661 2919 προανε-

2061 2955 2308 3019 φωνεῖτο.
2350 2951 2437 3015 Ὡς
2458 2951 2501 3004 δ’
2533 2953 2612 3014 είς
2637 2949 2774 3021 ἔργα
2799 2947 3226 3020 προκεχώρηκεν
3261 2945 3294 3015 ἡ
3317 2944 3655 3016 πρόγνωσις,

379 3032 646 3088 doctrinae
678 3046 808 3095 vox,
859 3031 966 3086 dici
1001 3045 1100 3100 pro
1147 3031 1412 3100 dignitate
1441 3045 1548 3084 tton
1579 3039 1773 3098 potest.
1814 3029 1957 3084 Tan-

2070 3047 2140 3108 εἰς
2189 3043 2358 3113 αὑξην
2384 3061 2444 3096 τε
2472 3042 2803 3115 προῆλθε.νὴ
2842 3039 2993 3110 φωνὴ
3037 3036 3132 3090 τοῦ
3176 3036 3357 3104 λόγου,
3401 3035 3504 3088 οὒκ
3537 3033 3658 3087 ἐστι

378 3136 494 3180 tum
529 3125 712 3195 itaque
751 3139 1040 3194 progressu
1075 3123 1338 3191 temporis
1364 3122 1605 3178 salutare
1637 3137 1822 3178 semen
1855 3122 1958 3175 vir-

2070 3136 2180 3189 κατ’
2213 3135 2370 3202 ἀξίαν
2409 3135 2601 3188 εἰπεῖν·
2635 3130 2905 3200 τοσαύτην
2943 3126 3073 3196 γοῦν
3105 3127 3134 3179 ὁ
3160 3126 3425 3196 σωτήριος
3452 3121 3656 3191 σπόρος

376 3224 547 3272 tutem
579 3217 845 3281 exseruit,
889 3224 948 3270 ιιι
968 3216 1274 3286 germinata
1308 3229 1376 3270 ex
1414 3214 1508 3271 illo
1547 3213 1732 3278 arbor,
1764 3214 1819 3269 id
1849 3224 1954 3280 est,

375 3307 604 3363 fundata
637 3322 668 3361 a
701 3308 993 3363 Servatore
1016 3322 1115 3377 per
1156 3308 1471 3362 universam
1525 3316 1730 3362 terram
1776 3305 1960 3360 Eccle-

373 3403 480 3469 sia,
516 3410 714 3458 cuncta
744 3401 864 3457 loca
895 3400 1238 3472 oppleverit;
1277 3401 1332 3456 in
1365 3399 1484 3469 ejus
1515 3400 1685 3455 ramis
1707 3398 1832 3456 caeli
1860 3414 1958 3454 vo-

372 3495 554 3550 lucres
605 3495 873 3562 habitent,
927 3493 1111 3564 angeli
1165 3493 1276 3548 divi
1342 3493 1555 3549 scilicet
1601 3502 1658 3547 et
1700 3490 1956 3546 ctelestes

372 3587 645 3656 potentiae,
706 3602 827 3658 qua:
880 3595 1082 3642 terram
1156 3585 1511 3641 invisibiliter
1580 3585 1952 3648 discurrunt;

372 3681 614 3747 itemque
650 3680 847 3732 animae
875 3684 1082 3732 sancite
1112 3675 1225 3729 alte
1249 3674 1582 3745 gradientes,
1616 3672 1668 3726 id
1697 3680 1801 3734 est,
1839 3671 1951 3724 vita

368 3785 644 3839 sensuque
675 3769 893 3825 sublimi
932 3783 996 3823 ac
1028 3766 1240 3822 caelesti
1269 3767 1531 3836 praeditas.
1564 3764 1811 3835 Namque
1855 3764 1955 3819 has

369 3876 429 3919 et
458 3878 570 3918 non
599 3861 748 3916 aliud
776 3860 1050 3930 quidlibet
1079 3859 1328 3914 denotari
1357 3873 1387 3913 a
1416 3857 1543 3914 cteli
1576 3857 1794 3923 avibus,
1825 3857 1952 3912 Ser-

375 3946 587 4012 vatoris
612 3957 731 4011 haec
775 3953 1036 4025 parabola
1092 3952 1388 4022 signiﬁcat.
1438 3951 1593 4008 Sicut
1639 3953 1952 4006 econtrarlo

367 4050 424 4103 in
448 4046 708 4117 parabola
731 4044 1080 4101 seminatoris
1110 4044 1374 4099 vocabulo
1405 4045 1608 4108 avium,
1630 4043 1949 4099 insidiantes

366 4140 686 4196 hominibus
707 4137 979 4205 potentias
1026 4137 1345 4201 denotabat,
1395 4137 1514 4207 pari
1561 4135 1826 4192 vocabulo
1873 4136 1952 4191 di-

363 4246 497 4287 cens
560 4244 690 4285 aves
729 4228 851 4285 t-teli
903 4228 1201 4299 diripuisse
1251 4242 1436 4285 semen
1481 4228 1688 4300 jactum
1737 4230 1805 4285 iis
1852 4230 1948 4300 qui

363 4324 517 4394 iuxta
559 4325 704 4376 viam
739 4321 871 4375 illud
903 4329 1290 4391 susceperant.

1085 4411 1229 4466 XXI.

431 4507 611 4574 Atque
657 4503 774 4558 haec
813 4502 1128 4558 necessario
1189 4500 1452 4558 Servator
1503 4502 1784 4574 discipulis
1829 4503 1938 4558 suis

362 4594 742 4659 tutandabat",
773 4595 1021 4648 morbum
1045 4593 1429 4662 gravissimum
1457 4592 1701 4664 ipsorum
1726 4593 1942 4658 animm,

363 4697 629 4742 tumorem
661 4695 828 4756 atque
838 4685 1163 4754 iactantiam
1182 4699 1406 4752 sanans,
1433 4695 1730 4754 vetansque
1760 4695 1945 4740 osten-

364 4781 661 4842 tationem,
715 4792 783 4831 ne
819 4777 1090 4830 ullatenus
1146 4774 1560 4840 extollerentur,
1609 4789 1748 4830 neve
1813 4775 1944 4844 quid

360 4883 618 4938 tttagnum
649 4879 745 4922 aut
783 4866 1081 4936 superbum
1114 4867 1182 4921 de
1227 4881 1288 4923 se
1331 4868 1737 4924 existimarent.
1769 4869 1941 4926 Docet

359 4970 572 5026 contra,
608 4960 779 5013 nostri
809 4973 930 5014 esse
957 4957 1170 5012 arbitrii
1202 4958 1256 5012 in
1291 4972 1521 5029 regnum
1547 4959 1804 5028 introire,
1849 4971 1943 5016 aut

359 5069 538 5110 secus.
568 5053 701 5107 Nam
735 5053 804 5120 si,
834 5060 892 5106 ttt
913 5051 1112 5106 dicitur
1135 5050 1279 5121 apud
1306 5049 1647 5118 Matthteum,
1689 5055 1940 5111 conversi

358 5148 554 5200 ﬁamus
604 5143 751 5199 sicut
787 5141 1019 5211 parvuli,
1069 5141 1283 5196 malitia
1335 5142 1550 5198 scilicet
1592 5146 1828 5216 parvuli,
1883 5158 1944 5202 ut

354 5237 432 5290 ait
475 5234 771 5306 Apostolus
813 5235 903 5301 ⁸⁶;
951 5243 1006 5289 et
1048 5235 1094 5288 si
1149 5235 1253 5290 hoc
1312 5250 1541 5304 regnum
1591 5239 1942 5296 admittemus

357 5343 509 5384 more
545 5329 812 5398 simplicis
834 5339 890 5383 et
915 5327 1048 5384 nulli
1089 5328 1269 5384 adhuc
1304 5331 1437 5384 vitio
1464 5332 1631 5387 dediti
1683 5331 1935 5401 infantis,

356 5420 480 5472 etsi
516 5422 810 5489 puritatem
860 5431 1024 5491 atque
1063 5421 1431 5476 innocentiam
1481 5423 1706 5492 puerilis
1758 5429 1938 5481 astatis

2060 3227 2118 3280 ἐν
2148 3229 2260 3291 τοῖς
2289 3224 2426 3297 μετὰ
2476 3222 2650 3278 ταῦτα
2687 3222 2897 3293 χρόνοις
2935 3210 3294 3272 ἐπιδέδεικται
3327 3213 3549 3285 ἀρετὴν,
3577 3213 3655 3277 ὡς

2059 3319 2119 3373 τὸ
2147 3320 2207 3384 ἐξ
2235 3318 2399 3372 αὑτοῦ
2421 3317 2554 3388 φυὲν
2575 3316 2812 3386 δένδρον,
2839 3312 2999 3367 τοῦτο
3024 3311 3068 3364 δ’
3093 3309 3159 3364 ἂν
3188 3310 3271 3380 εἴη
3300 3310 3333 3380 ή
3375 3305 3655 3377 πανταχοῦ

2058 3411 2161 3482 γῆς
2191 3409 2448 3481 ἱδρυμένη
2471 3405 2634 3460 αὑτοῦ
2668 3405 2988 3477 Ἐκκλησία,
3024 3401 3093 3456 τά
3130 3401 3308 3454 πάντα
3335 3397 3649 3470 πληρῶσαι·

2057 3503 2196 3557 ὥστε
2228 3505 2285 3556 ἐν
2302 3506 2411 3566 τοῖς
2432 3502 2643 3565 κλάδοις
2655 3500 2826 3572 αὑτῆς
2858 3495 3283 3568 κατασκηνῶσαι
3320 3492 3391 3547 τὰ
3424 3492 3651 3544 πετεινά

2056 3597 2150 3651 τοῦ
2207 3595 2460 3668 ούρανοῦ.
2507 3593 2772 3663 ἀγγέλους
2801 3591 3001 3662 δηλαδὴ
3034 3589 3210 3652 θείους
3242 3587 3336 3641 καὶ
3387 3586 3651 3656 οὐρανίας

2055 3689 2332 3762 δυνάμεις,
2372 3688 2470 3751 τὰς
2499 3688 2627 3759 περὶ
2656 3686 2758 3755 γῆν
2792 3684 3013 3753 ἀφανῶς
3050 3680 3430 3750 διιπταμένας,
3464 3679 3651 3748 ψυχάς

2053 3798 2113 3834 τε
2143 3780 2302 3848 ἁγίας
2330 3778 2424 3832 καὶ
2451 3775 2918 3849 μετεωροπόρους,
2945 3774 3046 3844 βίῳ
3070 3773 3162 3826 καὶ
3179 3771 3488 3842 φρονήματι
3514 3786 3648 3840 μετ-

2054 3870 2277 3942 αρσίους
2310 3869 2405 3922 καὶ
2447 3867 2746 3938 οὐρανίους
2786 3866 2990 3928 ταύτας
3057 3862 3167 3934 γὰρ
3216 3859 3351 3915 εἶναι
3386 3863 3481 3915 καὶ
3518 3863 3648 3914 οὐδὲ

2052 3963 2304 4028 ἄλλαςτά
2325 3962 2544 4016 πετεινὰ
2577 3961 2670 4016 τοῦ
2703 3960 2933 4033 οὐρανοῦ
2972 3959 3290 4031 ὴσωτήριος
3316 3957 3375 4011 ἐν
3427 3956 3645 4022 τούτοις

2051 4055 2272 4127 ᾐνίξατο
2323 4053 2622 4125 παραϐολήο
2676 4053 2752 4116 ὡς
2803 4051 3038 4123 ἔμπαλιν
3077 4050 3162 4104 διὰ
3183 4051 3281 4121 τῆς
3308 4047 3403 4102 τοῦ
3434 4051 3644 4121 σπόρου

2051 4147 2151 4210 τὰς
2182 4144 2503 4210 ἐπιϐούλους
2524 4145 2632 4198 τῶν
2651 4143 2955 4216 ἀνθρώπων
2984 4143 3170 4214 ἐδήλου
3188 4142 3464 4212 δυνάμεις,
3494 4146 3650 4215 ὁμω-

2050 4237 2231 4308 νύμως
2261 4236 2483 4290 πετεινά
2514 4236 2744 4308 ούρανοῦ
2780 4238 2959 4308 φήσας
2999 4233 3357 4306 διηρπακέναι
3389 4235 3482 4288 τὸν
3505 4237 3635 4289 σπό-

2055 4346 2143 4401 ρον
2165 4329 2272 4383 τῶν
2291 4328 2443 4401 παρὰ
2477 4327 2576 4398 τὴν
2608 4328 2724 4382 ὁδὸν
2749 4326 3162 4397 ὑποδεξαμένων
3193 4327 3377 4380 αὐτόν.

2704 4419 2815 4470 KA'
2846 4416 2979 4487 (l7).

2122 4511 2233 4565 Καὶ
2257 4511 2431 4565 ταῦτα
2474 4511 2534 4566 δὲ
2571 4511 2888 4581 ἀναγκαίως
2914 4513 2942 4564 ό
2975 4510 3164 4583 Σωτὴρ
3197 4513 3309 4574 τοῖς
3337 4507 3505 4562 αὑτοῦ
3534 4527 3641 4579 μα-

2051 4602 2242 4674 θηταῖς
2279 4603 2601 4675 παρεδίδου,
2651 4603 2804 4657 νόσον
2846 4601 3272 4674 ἀργαλεωτάτην
3316 4601 3418 4672 τῆς
3451 4600 3644 4653 αὐτῶν

2048 4694 2248 4766 ψυχῆς,
2285 4695 2590 4766 χαυνότητά
2635 4711 2695 4748 τε
2747 4695 2842 4748 καὶ
2883 4693 3202 4758 ἀλαζονείαν
3243 4691 3495 4762 ἰώμενος,
3545 4692 3638 4744 καὶ

2050 4789 2276 4841 κωλύων
2303 4788 2363 4842 τὸ
2397 4787 2758 4859 μεγάλαυχον,
2814 4787 2889 4850 ὼς
2942 4786 3009 4841 ἂν
3065 4790 3274 4858 μήποτε
3322 4785 3645 4856 ἐπαρθεῖεν,

2054 4881 2191 4952 μηδέ
2224 4898 2275 4934 τι
2302 4882 2446 4952 μέγα
2483 4880 2618 4951 μηδὲ
2647 4880 2995 4950 ὑπερήφανον
3029 4877 3158 4950 περὶ
3190 4877 3398 4931 ἑαυτῶν
3435 4879 3634 4948 φρονήο

2053 4991 2224 5028 σαιεν.
2257 4973 2506 5026 Διδάσκει
2532 4972 2589 5025 δὲ
2611 4972 2866 5042 ἄντικρυς
2887 4972 2971 5039 ἐφ’
2991 4973 3120 5042 ἡμῖν
3140 4969 3353 5023 κεῖσθαι
3375 4969 3437 5022 τὸ
3467 4969 3642 5023 εἰσελ-

2053 5067 2184 5130 θεῖν,
2215 5066 2247 5137 ἢ
2283 5066 2380 5136 μὴ,
2415 5067 2495 5128 εἰς
2522 5064 2620 5136 τὴν
2649 5064 2921 5134 βασιλείαν
2954 5063 3046 5115 τοῦ
3083 5062 3238 5116 Θεοῦ.
3267 5065 3330 5116 Εἰ
3353 5063 3464 5135 γὰρ
3498 5062 3640 5116 κατά

2047 5154 2139 5207 τὸν
2167 5154 2444 5208 Ματθαῖον
2464 5153 2796 5226 στραφέντες
2834 5151 3131 5222 γενοίμεθα
3157 5153 3315 5217 ὡςτά
3353 5155 3528 5222 νήπια
3565 5157 3638 5226 τῇ
3673 5210 3676 5211 ,

2049 5247 2216 5319 κακίᾳ
2247 5247 2604 5319 νηπιάζοντες
2633 5247 2776 5300 κατά
2817 5247 2908 5300 τὸν
2953 5245 3296 5310 Ἀπόστολον,
3334 5249 3430 5300 καὶ
3464 5251 3512 5301 εί
3543 5249 3634 5300 δε-

2045 5338 2274 5409 χοίμεθα
2308 5339 2406 5410 τὴν
2444 5337 2724 5409 βασιλείαν
2769 5337 2846 5400 ὼς
2898 5336 3106 5389 ἁπλοῦν
3145 5338 3240 5390 καὶ
3265 5339 3642 5408 ἀπειρόκακον

2047 5429 2276 5494 παιδίον,
2310 5431 2404 5484 καὶ
2437 5430 2564 5484 εἰτὸ
2588 5429 2826 5501 καθαρὸν
2855 5429 2950 5483 καὶ
2977 5430 3238 5500 ἀμίαντον
3263 5431 3361 5502 τῆς
3379 5432 3642 5502 παιδικῆς

425 5510 473 5542 ⁸³
495 5509 584 5568 Ps.
609 5527 798 5578 xxxvr,
835 5513 892 5566 2.
965 5512 1014 5546 ⁸⁸
1049 5513 1136 5568 Ps.
1175 5528 1408 5580 cxxvtu,
1449 5517 1504 5569 6.
1577 5517 1625 5549 ⁵⁵
1643 5518 1838 5575 Matth.
1868 5535 2027 5590 xvrtt,
2049 5521 2103 5576 5.
2184 5523 2230 5554 “
2256 5525 2272 5577 Ι
2303 5523 2429 5578 Cor.
2461 5539 2575 5590 xtv,
2598 5523 2690 5578 20.

428 5602 537 5674 (17-)
578 5602 634 5658 In
691 5605 878 5660 codice
925 5605 991 5674 A.
1045 5604 1084 5657 l'.
1132 5605 1260 5659 245.
1321 5606 1374 5658 b.
1432 5607 1617 5664 titulus
1670 5612 1930 5668 mendose

357 5673 592 5743 scriptus
617 5675 914 5732 Εὐσεϐίου
942 5673 1225 5746 δευτέρας
1251 5675 1604 5746 θεοφάνους.
1632 5681 1750 5739 sine
1773 5683 1937 5741 dubio

2038 5617 2393 5690 @rrigendus
2411 5617 2484 5670 Εὑ
2494 5616 2674 5672 σε6ίου
2695 5616 2738 5673 δ’
2760 5613 3110 5690 Θεοφανεὶας,
3131 5613 3346 5672 Eusebii
3371 5617 3423 5672 in
3441 5627 3642 5690 quarto

2047 5683 2421 5749 Tlteopltaniw.
2879 5683 2889 5686 ⁷
2945 5686 2956 5696 ’
2985 5687 3004 5696 “
