  <div class='ocr_page' id='page_1' title='image "/cluster/home/n/w/nwhite01/storage/ocr_20150623/24/nnc1.0046978259/370.png"; bbox 0 0 3858 6214; ppageno 0'>
   <div class='ocr_carea' id='block_1_1' title="bbox 151 316 266 374">
    <p class='ocr_par' dir='ltr' id='par_1_1' title="bbox 151 316 266 374">
     <span class='ocr_line' id='line_1_1' title="bbox 151 316 266 374; baseline 0.017 -5"><span class='ocrx_word' id='word_1_1' title='bbox 151 316 266 374; x_wconf 69' lang='grc'><strong>685</strong></span> 
     </span>
    </p>
   </div>
   <div class='ocr_carea' id='block_1_2' title="bbox 1497 328 2098 396">
    <p class='ocr_par' dir='ltr' id='par_1_2' title="bbox 1497 328 2098 396">
     <span class='ocr_line' id='line_1_2' title="bbox 1497 328 2098 396; baseline 0.015 -9"><span class='ocrx_word' id='word_1_2' title='bbox 1497 328 1596 388; x_wconf 76' lang='grc' dir='ltr'><strong>ὉΕ</strong></span> <span class='ocrx_word' id='word_1_3' title='bbox 1633 332 2098 396; x_wconf 77' lang='grc' dir='ltr'><strong>ΤΗΕΟΡΗᾹΝΙᾹ.</strong></span> 
     </span>
    </p>
   </div>
   <div class='ocr_carea' id='block_1_3' title="bbox 3303 351 3416 410">
    <p class='ocr_par' dir='ltr' id='par_1_3' title="bbox 3303 351 3416 410">
     <span class='ocr_line' id='line_1_3' title="bbox 3303 351 3416 410; baseline 0.018 -2"><span class='ocrx_word' id='word_1_4' title='bbox 3303 351 3416 410; x_wconf 76' lang='lat'><strong>680</strong></span> 
     </span>
    </p>
   </div>
   <div class='ocr_carea' id='block_1_4' title="bbox 152 431 1704 534">
    <p class='ocr_par' dir='ltr' id='par_1_4' title="bbox 152 431 1704 521">
     <span class='ocr_line' id='line_1_4' title="bbox 152 431 1704 521; baseline 0.014 -37"><span class='ocrx_word' id='word_1_5' title='bbox 152 432 377 503; x_wconf 79' lang='grc' dir='ltr'>ἡλικίας</span> <span class='ocrx_word' id='word_1_6' title='bbox 407 431 742 510; x_wconf 79' lang='grc' dir='ltr'>ζηλώσομεν,</span> <span class='ocrx_word' id='word_1_7' title='bbox 786 441 1205 516; x_wconf 81' lang='grc' dir='ltr'>είσελευσόμεθα</span> <span class='ocrx_word' id='word_1_8' title='bbox 1247 447 1326 510; x_wconf 87' lang='grc' dir='ltr'><strong>είς</strong></span> <span class='ocrx_word' id='word_1_9' title='bbox 1359 448 1564 521; x_wconf 63' lang='grc' dir='ltr'>αὐτὴν*</span> <span class='ocrx_word' id='word_1_10' title='bbox 1596 453 1704 507; x_wconf 73' lang='grc' dir='ltr'>ἀλλι</span> 
     </span>
    </p>
   </div>
   <div class='ocr_carea' id='block_1_5' title="bbox 1810 431 3409 534">
    <p class='ocr_par' dir='ltr' id='par_1_5' title="bbox 1838 458 3409 534">
     <span class='ocr_line' id='line_1_5' title="bbox 1838 458 3409 534; baseline 0.011 -23"><span class='ocrx_word' id='word_1_11' title='bbox 1838 458 2228 526; x_wconf 89' lang='lat' dir='ltr'><strong>adamabimus,</strong></span> <span class='ocrx_word' id='word_1_12' title='bbox 2296 460 2347 515; x_wconf 92' lang='lat' dir='ltr'><strong>in</strong></span> <span class='ocrx_word' id='word_1_13' title='bbox 2397 475 2623 534; x_wconf 88' lang='lat' dir='ltr'><strong>regnum</strong></span> <span class='ocrx_word' id='word_1_14' title='bbox 2671 463 3059 524; x_wconf 85' lang='lat' dir='ltr'><strong>introibimus:</strong></span> <span class='ocrx_word' id='word_1_15' title='bbox 3108 467 3217 526; x_wconf 90' lang='lat' dir='ltr'><strong>imo</strong></span> <span class='ocrx_word' id='word_1_16' title='bbox 3245 472 3409 528; x_wconf 88' lang='lat' dir='ltr'><strong>etiam</strong></span> 
     </span>
    </p>
   </div>
   <div class='ocr_carea' id='block_1_6' title="bbox 150 525 1738 612">
    <p class='ocr_par' dir='ltr' id='par_1_6' title="bbox 150 525 1738 612">
     <span class='ocr_line' id='line_1_6' title="bbox 150 525 1738 612; baseline 0.014 -35"><span class='ocrx_word' id='word_1_17' title='bbox 150 526 252 578; x_wconf 73' lang='grc' dir='ltr'>καὶ</span> <span class='ocrx_word' id='word_1_18' title='bbox 275 525 373 580; x_wconf 77' lang='grc' dir='ltr'>ἐὰν</span> <span class='ocrx_word' id='word_1_19' title='bbox 404 529 803 603; x_wconf 75' lang='grc' dir='ltr'>εὐνουχίσωμεν</span> <span class='ocrx_word' id='word_1_20' title='bbox 835 535 1059 600; x_wconf 82' lang='grc' dir='ltr'>ἑαυτοὺς</span> <span class='ocrx_word' id='word_1_21' title='bbox 1083 537 1170 591; x_wconf 89' lang='grc' dir='ltr'><strong>διά</strong></span> <span class='ocrx_word' id='word_1_22' title='bbox 1201 539 1300 611; x_wconf 84' lang='grc' dir='ltr'>τὴν</span> <span class='ocrx_word' id='word_1_23' title='bbox 1326 539 1600 612; x_wconf 86' lang='grc' dir='ltr'>βασιλείαν</span> <span class='ocrx_word' id='word_1_24' title='bbox 1629 545 1738 600; x_wconf 90' lang='grc' dir='ltr'><strong>τῶν</strong></span> 
     </span>
    </p>
   </div>
   <div class='ocr_carea' id='block_1_7' title="bbox 149 617 1738 709">
    <p class='ocr_par' dir='ltr' id='par_1_7' title="bbox 149 617 1738 709">
     <span class='ocr_line' id='line_1_7' title="bbox 149 617 1738 709; baseline 0.014 -41"><span class='ocrx_word' id='word_1_25' title='bbox 149 617 432 687; x_wconf 67' lang='grc' dir='ltr'>ούράνῶψ</span> <span class='ocrx_word' id='word_1_26' title='bbox 467 620 608 674; x_wconf 78' lang='grc' dir='ltr'>οὕτω</span> <span class='ocrx_word' id='word_1_27' title='bbox 639 623 748 696; x_wconf 88' lang='grc' dir='ltr'><strong>γάρ</strong></span> <span class='ocrx_word' id='word_1_28' title='bbox 786 643 870 690; x_wconf 93' lang='grc' dir='ltr'><strong>τις</strong></span> <span class='ocrx_word' id='word_1_29' title='bbox 915 627 1164 700; x_wconf 77' lang='grc' dir='ltr'>ἐκτεμὼν</span> <span class='ocrx_word' id='word_1_30' title='bbox 1202 632 1301 702; x_wconf 87' lang='grc' dir='ltr'><strong>τῆς</strong></span> <span class='ocrx_word' id='word_1_31' title='bbox 1333 634 1527 688; x_wconf 79' lang='grc' dir='ltr'>ἐαυτοῦ</span> <span class='ocrx_word' id='word_1_32' title='bbox 1558 635 1738 709; x_wconf 72' lang='grc' dir='ltr'>ψυχῆς</span> 
     </span>
    </p>
   </div>
   <div class='ocr_carea' id='block_1_8' title="bbox 150 709 1736 800">
    <p class='ocr_par' dir='ltr' id='par_1_8' title="bbox 150 709 1736 800">
     <span class='ocr_line' id='line_1_8' title="bbox 150 709 1736 800; baseline 0.016 -41"><span class='ocrx_word' id='word_1_33' title='bbox 150 709 264 761; x_wconf 84' lang='grc' dir='ltr'>πᾶν</span> <span class='ocrx_word' id='word_1_34' title='bbox 296 709 357 762; x_wconf 83' lang='grc' dir='ltr'><strong>τὸ</strong></span> <span class='ocrx_word' id='word_1_35' title='bbox 379 711 601 784; x_wconf 74' lang='grc' dir='ltr'>αίσχρὺν</span> <span class='ocrx_word' id='word_1_36' title='bbox 625 718 720 771; x_wconf 83' lang='grc' dir='ltr'>καὶ</span> <span class='ocrx_word' id='word_1_37' title='bbox 747 717 1044 775; x_wconf 79' lang='grc' dir='ltr'><strong>ἀκόλαστον</strong></span> <span class='ocrx_word' id='word_1_38' title='bbox 1076 721 1270 789; x_wconf 81' lang='grc' dir='ltr'><strong>πάθος,</strong></span> <span class='ocrx_word' id='word_1_39' title='bbox 1306 727 1355 778; x_wconf 84' lang='grc' dir='ltr'><strong>εί</strong></span> <span class='ocrx_word' id='word_1_40' title='bbox 1389 728 1483 780; x_wconf 82' lang='grc' dir='ltr'>καὶ</span> <span class='ocrx_word' id='word_1_41' title='bbox 1511 727 1610 800; x_wconf 84' lang='grc' dir='ltr'><strong>τὴν</strong></span> <span class='ocrx_word' id='word_1_42' title='bbox 1640 731 1736 784; x_wconf 79' lang='grc' dir='ltr'>τοῦ</span> 
     </span>
    </p>
   </div>
   <div class='ocr_carea' id='block_1_9' title="bbox 147 797 1736 892">
    <p class='ocr_par' dir='ltr' id='par_1_9' title="bbox 147 797 1736 892">
     <span class='ocr_line' id='line_1_9' title="bbox 147 797 1736 892; baseline 0.017 -43"><span class='ocrx_word' id='word_1_43' title='bbox 147 797 409 868; x_wconf 85' lang='grc' dir='ltr'>σώματος</span> <span class='ocrx_word' id='word_1_44' title='bbox 454 805 668 874; x_wconf 82' lang='grc' dir='ltr'>ἠλικίαν</span> <span class='ocrx_word' id='word_1_45' title='bbox 700 809 1088 883; x_wconf 85' lang='grc' dir='ltr'>,προϐεϐηκὼς</span> <span class='ocrx_word' id='word_1_46' title='bbox 1133 814 1219 886; x_wconf 85' lang='grc' dir='ltr'><strong>εῐη</strong></span> <span class='ocrx_word' id='word_1_47' title='bbox 1263 816 1422 889; x_wconf 79' lang='grc' dir='ltr'>ἀνὴρ,</span> <span class='ocrx_word' id='word_1_48' title='bbox 1476 797 1736 892; x_wconf 74' lang='grc' dir='ltr'>στραφεὶς</span> 
     </span>
    </p>
   </div>
   <div class='ocr_carea' id='block_1_10' title="bbox 145 889 1732 985">
    <p class='ocr_par' dir='ltr' id='par_1_10' title="bbox 145 889 1732 985">
     <span class='ocr_line' id='line_1_10' title="bbox 145 889 1732 985; baseline 0.016 -44"><span class='ocrx_word' id='word_1_49' title='bbox 145 889 349 957; x_wconf 78' lang='grc' dir='ltr'>γένοιτ’</span> <span class='ocrx_word' id='word_1_50' title='bbox 365 893 430 946; x_wconf 79' lang='grc' dir='ltr'><strong>ἂν</strong></span> <span class='ocrx_word' id='word_1_51' title='bbox 450 895 526 958; x_wconf 88' lang='grc' dir='ltr'>ὡς</span> <span class='ocrx_word' id='word_1_52' title='bbox 551 898 782 953; x_wconf 83' lang='grc' dir='ltr'><strong>παιδίον.</strong></span> <span class='ocrx_word' id='word_1_53' title='bbox 805 903 866 955; x_wconf 82' lang='lat' dir='ltr'><strong>Et</strong></span> <span class='ocrx_word' id='word_1_54' title='bbox 899 902 957 957; x_wconf 83' lang='grc' dir='ltr'>δὲ</span> <span class='ocrx_word' id='word_1_55' title='bbox 993 905 1158 976; x_wconf 82' lang='grc' dir='ltr'>μηδὲν</span> <span class='ocrx_word' id='word_1_56' title='bbox 1173 907 1378 962; x_wconf 88' lang='grc' dir='ltr'>τούτων</span> <span class='ocrx_word' id='word_1_57' title='bbox 1406 889 1732 985; x_wconf 72' lang='grc' dir='ltr'><strong>πράξαιμεν,</strong></span> 
     </span>
    </p>
   </div>
   <div class='ocr_carea' id='block_1_11' title="bbox 142 981 1732 1073">
    <p class='ocr_par' dir='ltr' id='par_1_11' title="bbox 142 981 1732 1073">
     <span class='ocr_line' id='line_1_11' title="bbox 142 981 1732 1073; baseline 0.016 -40"><span class='ocrx_word' id='word_1_58' title='bbox 142 981 423 1052; x_wconf 75' lang='grc' dir='ltr'><strong>ἀποφάσει</strong></span> <span class='ocrx_word' id='word_1_59' title='bbox 459 987 553 1041; x_wconf 82' lang='grc' dir='ltr'><strong>τοῦ</strong></span> <span class='ocrx_word' id='word_1_60' title='bbox 600 990 855 1064; x_wconf 83' lang='grc' dir='ltr'><strong>Σωτῆρος</strong></span> <span class='ocrx_word' id='word_1_61' title='bbox 899 995 1417 1070; x_wconf 84' lang='grc' dir='ltr'>ὑποϐληθησόμεθα,</span> <span class='ocrx_word' id='word_1_62' title='bbox 1455 981 1732 1073; x_wconf 12' lang='grc' dir='ltr'>ἡμετάντοῦ</span> 
     </span>
    </p>
   </div>
   <div class='ocr_carea' id='block_1_12' title="bbox 150 1073 1734 1163">
    <p class='ocr_par' dir='ltr' id='par_1_12' title="bbox 150 1073 1734 1163">
     <span class='ocr_line' id='line_1_12' title="bbox 150 1073 1734 1163; baseline 0.017 -38"><span class='ocrx_word' id='word_1_63' title='bbox 150 1073 303 1146; x_wconf 81' lang='grc' dir='ltr'>ἀμὴν</span> <span class='ocrx_word' id='word_1_64' title='bbox 328 1077 774 1152; x_wconf 78' lang='grc' dir='ltr'>ἀποφηναμένου,</span> <span class='ocrx_word' id='word_1_65' title='bbox 801 1087 880 1139; x_wconf 83' lang='grc' dir='ltr'><strong>δτι</strong></span> <span class='ocrx_word' id='word_1_66' title='bbox 912 1089 959 1140; x_wconf 78' lang='grc' dir='ltr'>εἰ</span> <span class='ocrx_word' id='word_1_67' title='bbox 977 1088 1052 1160; x_wconf 85' lang='grc' dir='ltr'>μὴ</span> <span class='ocrx_word' id='word_1_68' title='bbox 1083 1090 1391 1163; x_wconf 83' lang='grc' dir='ltr'>πράξαιμεν</span> <span class='ocrx_word' id='word_1_69' title='bbox 1411 1095 1606 1163; x_wconf 82' lang='grc' dir='ltr'>ταῦτα,</span> <span class='ocrx_word' id='word_1_70' title='bbox 1633 1097 1734 1152; x_wconf 79' lang='grc' dir='ltr'><strong>οὐκ</strong></span> 
     </span>
    </p>
   </div>
   <div class='ocr_carea' id='block_1_13' title="bbox 147 1164 1334 1251">
    <p class='ocr_par' dir='ltr' id='par_1_13' title="bbox 147 1164 1334 1251">
     <span class='ocr_line' id='line_1_13' title="bbox 147 1164 1334 1251; baseline 0.017 -35"><span class='ocrx_word' id='word_1_71' title='bbox 147 1164 306 1221; x_wconf 79' lang='grc' dir='ltr'>ἔσται</span> <span class='ocrx_word' id='word_1_72' title='bbox 336 1169 468 1240; x_wconf 80' lang='grc' dir='ltr'>ἡμῖν</span> <span class='ocrx_word' id='word_1_73' title='bbox 497 1173 770 1247; x_wconf 86' lang='grc' dir='ltr'>είσιτητὸν</span> <span class='ocrx_word' id='word_1_74' title='bbox 802 1179 883 1241; x_wconf 84' lang='grc' dir='ltr'><strong>είς</strong></span> <span class='ocrx_word' id='word_1_75' title='bbox 916 1179 1015 1251; x_wconf 82' lang='grc' dir='ltr'>τὴν</span> <span class='ocrx_word' id='word_1_76' title='bbox 1038 1179 1334 1250; x_wconf 83' lang='grc' dir='ltr'>βασιλείαν.</span> 
     </span>
    </p>
   </div>
   <div class='ocr_carea' id='block_1_14' title="bbox 801 1267 1072 1342">
    <p class='ocr_par' dir='ltr' id='par_1_14' title="bbox 801 1267 1072 1342">
     <span class='ocr_line' id='line_1_14' title="bbox 801 1267 1072 1342; baseline 0.018 -23"><span class='ocrx_word' id='word_1_77' title='bbox 801 1267 909 1320; x_wconf 85' lang='lat' dir='ltr'><strong>KB&#39;</strong></span> <span class='ocrx_word' id='word_1_78' title='bbox 938 1268 1072 1342; x_wconf 84' lang='lat' dir='ltr'><strong>(l9).</strong></span> 
     </span>
    </p>
   </div>
   <div class='ocr_carea' id='block_1_15' title="bbox 224 1349 1728 1444">
    <p class='ocr_par' dir='ltr' id='par_1_15' title="bbox 224 1349 1728 1444">
     <span class='ocr_line' id='line_1_15' title="bbox 224 1349 1728 1444; baseline 0.015 -42"><span class='ocrx_word' id='word_1_79' title='bbox 224 1349 418 1421; x_wconf 85' lang='grc' dir='ltr'>Ὀμοία</span> <span class='ocrx_word' id='word_1_80' title='bbox 463 1352 520 1407; x_wconf 87' lang='grc' dir='ltr'><strong>δέ</strong></span> <span class='ocrx_word' id='word_1_81' title='bbox 567 1355 718 1428; x_wconf 88' lang='grc' dir='ltr'>τιαρά</span> <span class='ocrx_word' id='word_1_82' title='bbox 747 1358 826 1430; x_wconf 81' lang='grc' dir='ltr'>τῷ</span> <span class='ocrx_word' id='word_1_83' title='bbox 868 1362 1134 1436; x_wconf 87' lang='grc' dir='ltr'>Ματθαίῳ</span> <span class='ocrx_word' id='word_1_84' title='bbox 1185 1369 1364 1421; x_wconf 80' lang='grc' dir='ltr'>κεῖται</span> <span class='ocrx_word' id='word_1_85' title='bbox 1419 1369 1728 1444; x_wconf 83' lang='grc' dir='ltr'>παραϐολή.</span> 
     </span>
    </p>
   </div>
   <div class='ocr_carea' id='block_1_16' title="bbox 136 1439 1729 1530">
    <p class='ocr_par' dir='ltr' id='par_1_16' title="bbox 136 1439 1729 1530">
     <span class='ocr_line' id='line_1_16' title="bbox 136 1439 1729 1530; baseline 0.016 -39"><span class='ocrx_word' id='word_1_86' title='bbox 136 1439 392 1513; x_wconf 84' lang='grc' dir='ltr'>Ὠσπερ,</span> <span class='ocrx_word' id='word_1_87' title='bbox 441 1445 550 1519; x_wconf 88' lang='grc' dir='ltr'><strong>γάρ</strong></span> <span class='ocrx_word' id='word_1_88' title='bbox 590 1465 776 1519; x_wconf 87' lang='grc' dir='ltr'>φησιν,</span> <span class='ocrx_word' id='word_1_89' title='bbox 822 1449 1110 1524; x_wconf 81' lang='grc' dir='ltr'>ἄνθρωπος</span> <span class='ocrx_word' id='word_1_90' title='bbox 1151 1457 1448 1530; x_wconf 84' lang='grc' dir='ltr'>ἀποδημῶν</span> <span class='ocrx_word' id='word_1_91' title='bbox 1502 1439 1729 1516; x_wconf 80' lang='grc' dir='ltr'>ἐκάλεσε</span> 
     </span>
    </p>
   </div>
   <div class='ocr_carea' id='block_1_17' title="bbox 132 1533 1726 1620">
    <p class='ocr_par' dir='ltr' id='par_1_17' title="bbox 132 1533 1726 1620">
     <span class='ocr_line' id='line_1_17' title="bbox 132 1533 1726 1620; baseline 0.016 -37"><span class='ocrx_word' id='word_1_92' title='bbox 132 1534 267 1620; x_wconf 64' lang='grc' dir='ltr'>τοὺς</span> <span class='ocrx_word' id='word_1_93' title='bbox 299 1533 462 1601; x_wconf 77' lang='grc' dir='ltr'>ἰδίους</span> <span class='ocrx_word' id='word_1_94' title='bbox 492 1537 730 1607; x_wconf 85' lang='grc' dir='ltr'><strong>δούλους,</strong></span> <span class='ocrx_word' id='word_1_95' title='bbox 767 1544 862 1597; x_wconf 72' lang='grc' dir='ltr'><strong>καὶ</strong></span> <span class='ocrx_word' id='word_1_96' title='bbox 893 1538 938 1613; x_wconf 84' lang='grc' dir='ltr'>ᾧ</span> <span class='ocrx_word' id='word_1_97' title='bbox 965 1546 1064 1618; x_wconf 90' lang='grc' dir='ltr'>μὲν</span> <span class='ocrx_word' id='word_1_98' title='bbox 1090 1547 1258 1603; x_wconf 74' lang='grc' dir='ltr'>ἔδωκε</span> <span class='ocrx_word' id='word_1_99' title='bbox 1283 1550 1444 1604; x_wconf 82' lang='grc' dir='ltr'>πέντε</span> <span class='ocrx_word' id='word_1_100' title='bbox 1468 1553 1726 1620; x_wconf 87' lang='grc' dir='ltr'>τάλαντα,</span> 
     </span>
    </p>
   </div>
   <div class='ocr_carea' id='block_1_18' title="bbox 132 1617 1730 1721">
    <p class='ocr_par' dir='ltr' id='par_1_18' title="bbox 132 1617 1730 1721">
     <span class='ocr_line' id='line_1_18' title="bbox 132 1617 1730 1721; baseline 0.016 -43"><span class='ocrx_word' id='word_1_101' title='bbox 132 1617 180 1690; x_wconf 77' lang='grc' dir='ltr'>ᾧ</span> <span class='ocrx_word' id='word_1_102' title='bbox 229 1625 288 1680; x_wconf 79' lang='grc' dir='ltr'>δὲ</span> <span class='ocrx_word' id='word_1_103' title='bbox 319 1626 432 1694; x_wconf 90' lang='grc' dir='ltr'>δύο,</span> <span class='ocrx_word' id='word_1_104' title='bbox 472 1623 517 1698; x_wconf 85' lang='grc' dir='ltr'><strong>ᾧ</strong></span> <span class='ocrx_word' id='word_1_105' title='bbox 539 1631 597 1684; x_wconf 77' lang='grc' dir='ltr'>δὲ</span> <span class='ocrx_word' id='word_1_106' title='bbox 629 1633 722 1688; x_wconf 76' lang='grc' dir='ltr'>ἐν·</span> <span class='ocrx_word' id='word_1_107' title='bbox 754 1637 878 1691; x_wconf 80' lang='grc' dir='ltr'>ἐπεὶ</span> <span class='ocrx_word' id='word_1_108' title='bbox 921 1617 1091 1694; x_wconf 88' lang='grc' dir='ltr'>πολλά</span> <span class='ocrx_word' id='word_1_109' title='bbox 1127 1643 1384 1715; x_wconf 84' lang='grc' dir='ltr'>τυγχάνει</span> <span class='ocrx_word' id='word_1_110' title='bbox 1451 1645 1522 1700; x_wconf 86' lang='grc' dir='ltr'>τὰ</span> <span class='ocrx_word' id='word_1_111' title='bbox 1573 1617 1730 1721; x_wconf 36' lang='grc' dir='ltr'>χαρίζ-</span> 
     </span>
    </p>
   </div>
   <div class='ocr_carea' id='block_1_19' title="bbox 131 1719 1726 1810">
    <p class='ocr_par' dir='ltr' id='par_1_19' title="bbox 131 1719 1726 1810">
     <span class='ocr_line' id='line_1_19' title="bbox 131 1719 1726 1810; baseline 0.018 -42"><span class='ocrx_word' id='word_1_112' title='bbox 131 1732 319 1786; x_wconf 85' lang='grc' dir='ltr'>σματα</span> <span class='ocrx_word' id='word_1_113' title='bbox 349 1719 593 1794; x_wconf 86' lang='grc' dir='ltr'>διάφοροί</span> <span class='ocrx_word' id='word_1_114' title='bbox 613 1743 671 1779; x_wconf 92' lang='grc' dir='ltr'><strong>τε</strong></span> <span class='ocrx_word' id='word_1_115' title='bbox 698 1726 792 1780; x_wconf 80' lang='grc' dir='ltr'><strong>τοῦ</strong></span> <span class='ocrx_word' id='word_1_116' title='bbox 820 1728 975 1798; x_wconf 84' lang='grc' dir='ltr'>ἁγίου</span> <span class='ocrx_word' id='word_1_117' title='bbox 997 1732 1313 1806; x_wconf 85' lang='grc' dir='ltr'>Πνεῦματος</span> <span class='ocrx_word' id='word_1_118' title='bbox 1338 1739 1393 1792; x_wconf 77' lang='grc' dir='ltr'>αἱ</span> <span class='ocrx_word' id='word_1_119' title='bbox 1417 1719 1726 1810; x_wconf 67' lang='grc' dir='ltr'>διαιρέσεις,</span> 
     </span>
    </p>
   </div>
   <div class='ocr_carea' id='block_1_20' title="bbox 1840 546 3410 630">
    <p class='ocr_par' dir='ltr' id='par_1_20' title="bbox 1840 546 3410 630">
     <span class='ocr_line' id='line_1_20' title="bbox 1840 546 3410 630; baseline 0.008 -26"><span class='ocrx_word' id='word_1_120' title='bbox 1840 548 1888 604; x_wconf 93' lang='lat' dir='ltr'><strong>si</strong></span> <span class='ocrx_word' id='word_1_121' title='bbox 1934 559 2146 605; x_wconf 86' lang='lat' dir='ltr'><strong>nosmet</strong></span> <span class='ocrx_word' id='word_1_122' title='bbox 2201 559 2428 618; x_wconf 80' lang='lat' dir='ltr'><strong>propter</strong></span> <span class='ocrx_word' id='word_1_123' title='bbox 2474 567 2700 622; x_wconf 79' lang='lat' dir='ltr'><strong>regnum</strong></span> <span class='ocrx_word' id='word_1_124' title='bbox 2747 546 3016 613; x_wconf 72' lang='lat' dir='ltr'><strong>caelorum</strong></span> <span class='ocrx_word' id='word_1_125' title='bbox 3081 563 3410 630; x_wconf 84' lang='lat' dir='ltr'><strong>spadonabi-</strong></span> 
     </span>
    </p>
   </div>
   <div class='ocr_carea' id='block_1_21' title="bbox 1837 641 3408 716">
    <p class='ocr_par' dir='ltr' id='par_1_21' title="bbox 1837 641 3408 716">
     <span class='ocr_line' id='line_1_21' title="bbox 1837 641 3408 716; baseline 0.01 -22"><span class='ocrx_word' id='word_1_126' title='bbox 1837 655 1959 695; x_wconf 90' lang='lat' dir='ltr'><strong>mus</strong></span> <span class='ocrx_word' id='word_1_127' title='bbox 1994 641 2107 714; x_wconf 76' lang='grc'><strong>(18)</strong></span> <span class='ocrx_word' id='word_1_128' title='bbox 2136 659 2150 708; x_wconf 86' lang='lat'><strong>;</strong></span> <span class='ocrx_word' id='word_1_129' title='bbox 2183 642 2263 698; x_wconf 87' lang='lat' dir='ltr'><strong>sic</strong></span> <span class='ocrx_word' id='word_1_130' title='bbox 2291 643 2437 698; x_wconf 90' lang='lat' dir='ltr'><strong>enim</strong></span> <span class='ocrx_word' id='word_1_131' title='bbox 2468 642 2634 700; x_wconf 91' lang='lat' dir='ltr'><strong>homo</strong></span> <span class='ocrx_word' id='word_1_132' title='bbox 2662 648 2964 716; x_wconf 66' lang='lat' dir='ltr'><strong>praecidens</strong></span> <span class='ocrx_word' id='word_1_133' title='bbox 3004 665 3071 707; x_wconf 88' lang='lat' dir='ltr'><strong>ex</strong></span> <span class='ocrx_word' id='word_1_134' title='bbox 3100 653 3281 708; x_wconf 88' lang='lat' dir='ltr'><strong>anima</strong></span> <span class='ocrx_word' id='word_1_135' title='bbox 3309 669 3408 710; x_wconf 79' lang='lat' dir='ltr'><strong>sua</strong></span> 
     </span>
    </p>
   </div>
   <div class='ocr_carea' id='block_1_22' title="bbox 1838 737 3404 814">
    <p class='ocr_par' dir='ltr' id='par_1_22' title="bbox 1838 737 3404 814">
     <span class='ocr_line' id='line_1_22' title="bbox 1838 737 3404 814; baseline 0.01 -28"><span class='ocrx_word' id='word_1_136' title='bbox 1838 740 2048 802; x_wconf 92' lang='lat' dir='ltr'><strong>turpem</strong></span> <span class='ocrx_word' id='word_1_137' title='bbox 2101 737 2402 806; x_wconf 90' lang='lat' dir='ltr'><strong>quamlibet</strong></span> <span class='ocrx_word' id='word_1_138' title='bbox 2458 748 2515 794; x_wconf 93' lang='lat' dir='ltr'><strong>et</strong></span> <span class='ocrx_word' id='word_1_139' title='bbox 2576 740 3028 813; x_wconf 71' lang='lat' dir='ltr'><strong>intemperantem</strong></span> <span class='ocrx_word' id='word_1_140' title='bbox 3078 745 3404 814; x_wconf 76' lang='lat' dir='ltr'><strong>passionem,</strong></span> 
     </span>
    </p>
   </div>
   <div class='ocr_carea' id='block_1_23' title="bbox 1833 826 3408 903">
    <p class='ocr_par' dir='ltr' id='par_1_23' title="bbox 1833 826 3408 903">
     <span class='ocr_line' id='line_1_23' title="bbox 1833 826 3408 903; baseline 0.009 -25"><span class='ocrx_word' id='word_1_141' title='bbox 1833 826 1938 879; x_wconf 91' lang='lat' dir='ltr'><strong>etsi</strong></span> <span class='ocrx_word' id='word_1_142' title='bbox 1994 827 2239 896; x_wconf 88' lang='lat' dir='ltr'><strong>corporis</strong></span> <span class='ocrx_word' id='word_1_143' title='bbox 2288 839 2450 886; x_wconf 67' lang='lat' dir='ltr'><strong>aetate</strong></span> <span class='ocrx_word' id='word_1_144' title='bbox 2515 832 2626 903; x_wconf 87' lang='lat' dir='ltr'><strong>jam</strong></span> <span class='ocrx_word' id='word_1_145' title='bbox 2673 834 2761 888; x_wconf 85' lang='lat' dir='ltr'><strong>vir</strong></span> <span class='ocrx_word' id='word_1_146' title='bbox 2802 834 3062 903; x_wconf 80' lang='lat' dir='ltr'><strong>evaserit,</strong></span> <span class='ocrx_word' id='word_1_147' title='bbox 3109 850 3408 892; x_wconf 88' lang='lat' dir='ltr'><strong>conversus</strong></span> 
     </span>
    </p>
   </div>
   <div class='ocr_carea' id='block_1_24' title="bbox 1835 913 3404 992">
    <p class='ocr_par' dir='ltr' id='par_1_24' title="bbox 1835 913 3404 992">
     <span class='ocr_line' id='line_1_24' title="bbox 1835 913 3404 992; baseline 0.009 -23"><span class='ocrx_word' id='word_1_148' title='bbox 1835 913 1929 970; x_wconf 78' lang='lat' dir='ltr'><strong>(iet</strong></span> <span class='ocrx_word' id='word_1_149' title='bbox 1963 925 2218 986; x_wconf 85' lang='lat' dir='ltr'><strong>tanquam</strong></span> <span class='ocrx_word' id='word_1_150' title='bbox 2245 935 2399 990; x_wconf 91' lang='lat' dir='ltr'><strong>puer.</strong></span> <span class='ocrx_word' id='word_1_151' title='bbox 2425 921 2521 977; x_wconf 90' lang='lat' dir='ltr'><strong>Sin</strong></span> <span class='ocrx_word' id='word_1_152' title='bbox 2547 938 2676 979; x_wconf 90' lang='lat' dir='ltr'><strong>vero</strong></span> <span class='ocrx_word' id='word_1_153' title='bbox 2703 923 2840 978; x_wconf 89' lang='lat' dir='ltr'><strong>nihil</strong></span> <span class='ocrx_word' id='word_1_154' title='bbox 2861 925 3058 979; x_wconf 85' lang='lat' dir='ltr'><strong>horum</strong></span> <span class='ocrx_word' id='word_1_155' title='bbox 3087 924 3404 992; x_wconf 84' lang='lat' dir='ltr'><strong>fecerimus,</strong></span> 
     </span>
    </p>
   </div>
   <div class='ocr_carea' id='block_1_25' title="bbox 1845 1007 3403 1084">
    <p class='ocr_par' dir='ltr' id='par_1_25' title="bbox 1845 1007 3403 1084">
     <span class='ocr_line' id='line_1_25' title="bbox 1845 1007 3403 1084; baseline 0.008 -21"><span class='ocrx_word' id='word_1_156' title='bbox 1845 1007 2157 1065; x_wconf 89' lang='lat' dir='ltr'><strong>Servatoris</strong></span> <span class='ocrx_word' id='word_1_157' title='bbox 2206 1013 2490 1068; x_wconf 70' lang='lat' dir='ltr'><strong>sententia:</strong></span> <span class='ocrx_word' id='word_1_158' title='bbox 2545 1015 2920 1084; x_wconf 88' lang='lat' dir='ltr'><strong>subjiciemur,</strong></span> <span class='ocrx_word' id='word_1_159' title='bbox 2981 1030 3103 1070; x_wconf 93' lang='lat' dir='ltr'><strong>cum</strong></span> <span class='ocrx_word' id='word_1_160' title='bbox 3163 1017 3403 1076; x_wconf 87' lang='lat' dir='ltr'><strong>dictione</strong></span> 
     </span>
    </p>
   </div>
   <div class='ocr_carea' id='block_1_26' title="bbox 1843 1100 3402 1181">
    <p class='ocr_par' dir='ltr' id='par_1_26' title="bbox 1843 1100 3402 1181">
     <span class='ocr_line' id='line_1_26' title="bbox 1843 1100 3402 1181; baseline 0.009 -29"><span class='ocrx_word' id='word_1_161' title='bbox 1843 1112 2002 1154; x_wconf 88' lang='lat' dir='ltr'><strong>amen</strong></span> <span class='ocrx_word' id='word_1_162' title='bbox 2038 1100 2465 1172; x_wconf 85' lang='lat' dir='ltr'><strong>interminantis,</strong></span> <span class='ocrx_word' id='word_1_163' title='bbox 2497 1106 2640 1174; x_wconf 91' lang='lat' dir='ltr'><strong>quod</strong></span> <span class='ocrx_word' id='word_1_164' title='bbox 2666 1107 2768 1162; x_wconf 90' lang='lat' dir='ltr'><strong>nisi</strong></span> <span class='ocrx_word' id='word_1_165' title='bbox 2803 1107 2876 1162; x_wconf 89' lang='lat' dir='ltr'><strong>ita</strong></span> <span class='ocrx_word' id='word_1_166' title='bbox 2911 1122 3008 1162; x_wconf 88' lang='lat' dir='ltr'><strong>nos</strong></span> <span class='ocrx_word' id='word_1_167' title='bbox 3053 1109 3402 1181; x_wconf 75' lang='lat' dir='ltr'><strong>gesserimus,</strong></span> 
     </span>
    </p>
   </div>
   <div class='ocr_carea' id='block_1_27' title="bbox 1832 1192 3006 1266">
    <p class='ocr_par' dir='ltr' id='par_1_27' title="bbox 1832 1192 3006 1266">
     <span class='ocr_line' id='line_1_27' title="bbox 1832 1192 3006 1266; baseline 0.007 -20"><span class='ocrx_word' id='word_1_168' title='bbox 1832 1206 1939 1247; x_wconf 91' lang='lat' dir='ltr'><strong>non</strong></span> <span class='ocrx_word' id='word_1_169' title='bbox 1968 1192 2174 1262; x_wconf 81' lang='lat' dir='ltr'><strong>patebit</strong></span> <span class='ocrx_word' id='word_1_170' title='bbox 2202 1195 2360 1252; x_wconf 87' lang='lat' dir='ltr'><strong>nobis</strong></span> <span class='ocrx_word' id='word_1_171' title='bbox 2386 1198 2455 1253; x_wconf 90' lang='lat' dir='ltr'><strong>ad</strong></span> <span class='ocrx_word' id='word_1_172' title='bbox 2480 1212 2705 1266; x_wconf 77' lang='lat' dir='ltr'><strong>regnum</strong></span> <span class='ocrx_word' id='word_1_173' title='bbox 2730 1197 3006 1254; x_wconf 84' lang='lat' dir='ltr'><strong>introitus.</strong></span> 
     </span>
    </p>
   </div>
   <div class='ocr_carea' id='block_1_28' title="bbox 2531 1287 2698 1346">
    <p class='ocr_par' dir='ltr' id='par_1_28' title="bbox 2531 1287 2698 1346">
     <span class='ocr_line' id='line_1_28' title="bbox 2531 1287 2698 1346; baseline 0.03 -5"><span class='ocrx_word' id='word_1_174' title='bbox 2531 1287 2698 1346; x_wconf 83' lang='lat' dir='ltr'><strong>XXII.</strong></span> 
     </span>
    </p>
   </div>
   <div class='ocr_carea' id='block_1_29' title="bbox 1903 1366 3396 1451">
    <p class='ocr_par' dir='ltr' id='par_1_29' title="bbox 1903 1366 3396 1451">
     <span class='ocr_line' id='line_1_29' title="bbox 1903 1366 3396 1451; baseline 0.006 -26"><span class='ocrx_word' id='word_1_175' title='bbox 1903 1366 2014 1426; x_wconf 90' lang='lat' dir='ltr'><strong>Par</strong></span> <span class='ocrx_word' id='word_1_176' title='bbox 2067 1373 2210 1442; x_wconf 88' lang='lat' dir='ltr'><strong>apud</strong></span> <span class='ocrx_word' id='word_1_177' title='bbox 2263 1373 2580 1430; x_wconf 80' lang='lat' dir='ltr'><strong>Mattbaeum</strong></span> <span class='ocrx_word' id='word_1_178' title='bbox 2623 1392 2843 1448; x_wconf 90' lang='lat' dir='ltr'><strong>quoque</strong></span> <span class='ocrx_word' id='word_1_179' title='bbox 2882 1388 3064 1436; x_wconf 80' lang='lat' dir='ltr'><strong>exstat</strong></span> <span class='ocrx_word' id='word_1_180' title='bbox 3115 1380 3396 1451; x_wconf 87' lang='lat' dir='ltr'><strong>parabola.</strong></span> 
     </span>
    </p>
   </div>
   <div class='ocr_carea' id='block_1_30' title="bbox 1829 1461 3402 1540">
    <p class='ocr_par' dir='ltr' id='par_1_30' title="bbox 1829 1461 3402 1540">
     <span class='ocr_line' id='line_1_30' title="bbox 1829 1461 3402 1540; baseline 0.007 -23"><span class='ocrx_word' id='word_1_181' title='bbox 1829 1461 2042 1518; x_wconf 88' lang='lat' dir='ltr'><strong>Etenim</strong></span> <span class='ocrx_word' id='word_1_182' title='bbox 2073 1464 2259 1531; x_wconf 89' lang='lat' dir='ltr'><strong>homo,</strong></span> <span class='ocrx_word' id='word_1_183' title='bbox 2293 1474 2353 1519; x_wconf 91' lang='lat' dir='ltr'><strong>ut</strong></span> <span class='ocrx_word' id='word_1_184' title='bbox 2389 1467 2486 1534; x_wconf 86' lang='lat' dir='ltr'><strong>ait,</strong></span> <span class='ocrx_word' id='word_1_185' title='bbox 2519 1483 2746 1540; x_wconf 79' lang='lat' dir='ltr'><strong>peregre</strong></span> <span class='ocrx_word' id='word_1_186' title='bbox 2775 1469 3153 1540; x_wconf 86' lang='lat' dir='ltr'><strong>proficiscens,</strong></span> <span class='ocrx_word' id='word_1_187' title='bbox 3189 1475 3402 1528; x_wconf 87' lang='lat' dir='ltr'><strong>vocavit</strong></span> 
     </span>
    </p>
   </div>
   <div class='ocr_carea' id='block_1_31' title="bbox 1829 1559 3396 1635">
    <p class='ocr_par' dir='ltr' id='par_1_31' title="bbox 1829 1559 3396 1635">
     <span class='ocr_line' id='line_1_31' title="bbox 1829 1559 3396 1635; baseline 0.008 -27"><span class='ocrx_word' id='word_1_188' title='bbox 1829 1566 2019 1612; x_wconf 88' lang='lat' dir='ltr'><strong>servos</strong></span> <span class='ocrx_word' id='word_1_189' title='bbox 2065 1569 2226 1625; x_wconf 87' lang='lat' dir='ltr'><strong>suos;</strong></span> <span class='ocrx_word' id='word_1_190' title='bbox 2258 1567 2314 1612; x_wconf 92' lang='lat' dir='ltr'><strong>et</strong></span> <span class='ocrx_word' id='word_1_191' title='bbox 2348 1559 2440 1613; x_wconf 89' lang='lat' dir='ltr'><strong>uni</strong></span> <span class='ocrx_word' id='word_1_192' title='bbox 2470 1560 2689 1630; x_wconf 89' lang='lat' dir='ltr'><strong>quidem</strong></span> <span class='ocrx_word' id='word_1_193' title='bbox 2720 1561 2868 1616; x_wconf 85' lang='lat' dir='ltr'><strong>dedit</strong></span> <span class='ocrx_word' id='word_1_194' title='bbox 2901 1563 3145 1635; x_wconf 89' lang='lat' dir='ltr'><strong>quinque</strong></span> <span class='ocrx_word' id='word_1_195' title='bbox 3175 1566 3396 1633; x_wconf 89' lang='lat' dir='ltr'><strong>talenta,</strong></span> 
     </span>
    </p>
   </div>
   <div class='ocr_carea' id='block_1_32' title="bbox 1829 1643 3401 1724">
    <p class='ocr_par' dir='ltr' id='par_1_32' title="bbox 1829 1643 3401 1724">
     <span class='ocr_line' id='line_1_32' title="bbox 1829 1643 3401 1724; baseline 0.01 -27"><span class='ocrx_word' id='word_1_196' title='bbox 1829 1643 1987 1698; x_wconf 82' lang='lat' dir='ltr'><strong>alteri</strong></span> <span class='ocrx_word' id='word_1_197' title='bbox 2015 1645 2145 1711; x_wconf 88' lang='lat' dir='ltr'><strong>duo,</strong></span> <span class='ocrx_word' id='word_1_198' title='bbox 2178 1647 2338 1702; x_wconf 89' lang='lat' dir='ltr'><strong>tertio</strong></span> <span class='ocrx_word' id='word_1_199' title='bbox 2358 1649 2590 1720; x_wconf 90' lang='lat' dir='ltr'><strong>denique</strong></span> <span class='ocrx_word' id='word_1_200' title='bbox 2617 1666 2785 1707; x_wconf 90' lang='lat' dir='ltr'><strong>unum</strong></span> <span class='ocrx_word' id='word_1_201' title='bbox 2811 1653 2858 1686; x_wconf 81' lang='lat'><strong>&quot;</strong></span> <span class='ocrx_word' id='word_1_202' title='bbox 2883 1669 2899 1720; x_wconf 88' lang='lat'><strong>;</strong></span> <span class='ocrx_word' id='word_1_203' title='bbox 2929 1658 3057 1724; x_wconf 90' lang='lat' dir='ltr'><strong>quia</strong></span> <span class='ocrx_word' id='word_1_204' title='bbox 3083 1655 3249 1711; x_wconf 90' lang='lat' dir='ltr'><strong>multa</strong></span> <span class='ocrx_word' id='word_1_205' title='bbox 3273 1668 3401 1712; x_wconf 89' lang='lat' dir='ltr'><strong>sunt</strong></span> 
     </span>
    </p>
   </div>
   <div class='ocr_carea' id='block_1_33' title="bbox 1831 1734 3400 1815">
    <p class='ocr_par' dir='ltr' id='par_1_33' title="bbox 1831 1734 3400 1815">
     <span class='ocr_line' id='line_1_33' title="bbox 1831 1734 3400 1815; baseline 0.008 -25"><span class='ocrx_word' id='word_1_206' title='bbox 1831 1734 1999 1802; x_wconf 90' lang='lat' dir='ltr'><strong>dona,</strong></span> <span class='ocrx_word' id='word_1_207' title='bbox 2027 1745 2083 1791; x_wconf 93' lang='lat' dir='ltr'><strong>et</strong></span> <span class='ocrx_word' id='word_1_208' title='bbox 2105 1737 2338 1794; x_wconf 71' lang='lat' dir='ltr'><strong>diversa:</strong></span> <span class='ocrx_word' id='word_1_209' title='bbox 2365 1741 2542 1795; x_wconf 86' lang='lat' dir='ltr'><strong>sancti</strong></span> <span class='ocrx_word' id='word_1_210' title='bbox 2587 1741 2827 1813; x_wconf 86' lang='lat' dir='ltr'><strong>Spiritus</strong></span> <span class='ocrx_word' id='word_1_211' title='bbox 2863 1745 3245 1815; x_wconf 79' lang='lat' dir='ltr'><strong>diribitiones;</strong></span> <span class='ocrx_word' id='word_1_212' title='bbox 3278 1747 3400 1803; x_wconf 47' lang='lat' dir='ltr'><strong>uni‘</strong></span> 
     </span>
    </p>
   </div>
   <div class='ocr_carea' id='block_1_34' title="bbox 131 1809 1704 1914">
    <p class='ocr_par' dir='ltr' id='par_1_34' title="bbox 131 1809 1704 1914">
     <span class='ocr_line' id='line_1_34' title="bbox 131 1809 1704 1914; baseline 0.017 -53"><span class='ocrx_word' id='word_1_213' title='bbox 131 1809 355 1914; x_wconf 70' lang='grc' dir='ltr'>ἑκάστῳ</span> <span class='ocrx_word' id='word_1_214' title='bbox 370 1811 427 1865; x_wconf 88' lang='grc' dir='ltr'><strong>δέ</strong></span> <span class='ocrx_word' id='word_1_215' title='bbox 455 1815 659 1872; x_wconf 81' lang='grc' dir='ltr'>δίδοται</span> <span class='ocrx_word' id='word_1_216' title='bbox 685 1820 823 1891; x_wconf 83' lang='grc' dir='ltr'>πρὸς</span> <span class='ocrx_word' id='word_1_217' title='bbox 849 1822 911 1875; x_wconf 86' lang='grc' dir='ltr'>τὸ</span> <span class='ocrx_word' id='word_1_218' title='bbox 937 1825 1215 1898; x_wconf 88' lang='grc' dir='ltr'>συμφέρον</span> <span class='ocrx_word' id='word_1_219' title='bbox 1235 1844 1248 1858; x_wconf 89' lang='grc'><strong>·</strong></span> <span class='ocrx_word' id='word_1_220' title='bbox 1267 1829 1477 1897; x_wconf 89' lang='grc' dir='ltr'>γένοιτο</span> <span class='ocrx_word' id='word_1_221' title='bbox 1500 1809 1566 1885; x_wconf 79' lang='grc' dir='ltr'>ἄν</span> <span class='ocrx_word' id='word_1_222' title='bbox 1589 1849 1704 1886; x_wconf 88' lang='grc' dir='ltr'>ποτε</span> 
     </span>
    </p>
   </div>
   <div class='ocr_carea' id='block_1_35' title="bbox 1810 1809 3399 1914">
    <p class='ocr_par' dir='ltr' id='par_1_35' title="bbox 1827 1809 3399 1914">
     <span class='ocr_line' id='line_1_35' title="bbox 1827 1809 3399 1914; baseline 0.011 -34"><span class='ocrx_word' id='word_1_223' title='bbox 1827 1827 2027 1897; x_wconf 92' lang='lat' dir='ltr'><strong>cuique</strong></span> <span class='ocrx_word' id='word_1_224' title='bbox 2067 1837 2246 1885; x_wconf 89' lang='lat' dir='ltr'><strong>autem</strong></span> <span class='ocrx_word' id='word_1_225' title='bbox 2283 1831 2446 1886; x_wconf 91' lang='lat' dir='ltr'><strong>datur</strong></span> <span class='ocrx_word' id='word_1_226' title='bbox 2463 1809 3174 1910; x_wconf 31' lang='lat' dir='ltr'><strong>proutvexpedit.Contingit</strong></span> <span class='ocrx_word' id='word_1_227' title='bbox 3200 1809 3399 1914; x_wconf 81' lang='lat' dir='ltr'><strong>quippe</strong></span> 
     </span>
    </p>
   </div>
   <div class='ocr_carea' id='block_1_36' title="bbox 131 1900 1717 1988">
    <p class='ocr_par' dir='ltr' id='par_1_36' title="bbox 131 1900 1717 1988">
     <span class='ocr_line' id='line_1_36' title="bbox 131 1900 1717 1988; baseline 0.017 -38"><span class='ocrx_word' id='word_1_228' title='bbox 131 1900 162 1952; x_wconf 84' lang='grc' dir='ltr'>ὀ</span> <span class='ocrx_word' id='word_1_229' title='bbox 201 1900 306 1968; x_wconf 86' lang='grc' dir='ltr'><strong>μέν</strong></span> <span class='ocrx_word' id='word_1_230' title='bbox 334 1904 570 1970; x_wconf 71' lang='grc' dir='ltr'>τιςένὸς</span> <span class='ocrx_word' id='word_1_231' title='bbox 614 1908 841 1981; x_wconf 83' lang='grc' dir='ltr'>μέτοχος</span> <span class='ocrx_word' id='word_1_232' title='bbox 872 1915 1230 1986; x_wconf 84' lang='grc' dir='ltr'>χαρίσματος,</span> <span class='ocrx_word' id='word_1_233' title='bbox 1261 1920 1290 1971; x_wconf 85' lang='grc' dir='ltr'>ὁ</span> <span class='ocrx_word' id='word_1_234' title='bbox 1312 1919 1370 1973; x_wconf 88' lang='grc' dir='ltr'>δὲ</span> <span class='ocrx_word' id='word_1_235' title='bbox 1401 1920 1566 1988; x_wconf 77' lang='grc' dir='ltr'>δυοῖν,</span> <span class='ocrx_word' id='word_1_236' title='bbox 1606 1924 1635 1975; x_wconf 83' lang='grc' dir='ltr'><strong>ὁ</strong></span> <span class='ocrx_word' id='word_1_237' title='bbox 1661 1923 1717 1977; x_wconf 88' lang='grc' dir='ltr'><strong>δέ</strong></span> 
     </span>
    </p>
   </div>
   <div class='ocr_carea' id='block_1_37' title="bbox 129 1995 1716 2085">
    <p class='ocr_par' dir='ltr' id='par_1_37' title="bbox 129 1995 1716 2085">
     <span class='ocr_line' id='line_1_37' title="bbox 129 1995 1716 2085; baseline 0.019 -39"><span class='ocrx_word' id='word_1_238' title='bbox 129 1995 399 2052; x_wconf 83' lang='grc' dir='ltr'>πλειόνων</span> <span class='ocrx_word' id='word_1_239' title='bbox 422 2014 437 2030; x_wconf 76' lang='grc'><strong><em>⁸</em></strong></span> <span class='ocrx_word' id='word_1_240' title='bbox 466 2000 640 2068; x_wconf 78' lang='grc' dir='ltr'>οὕτως</span> <span class='ocrx_word' id='word_1_241' title='bbox 670 2002 763 2060; x_wconf 79' lang='grc' dir='ltr'><strong>οὖν</strong></span> <span class='ocrx_word' id='word_1_242' title='bbox 784 2009 1015 2083; x_wconf 80' lang='grc' dir='ltr'>εἴρηται,</span> <span class='ocrx_word' id='word_1_243' title='bbox 1041 2013 1120 2084; x_wconf 81' lang='grc' dir='ltr'>τῷ</span> <span class='ocrx_word' id='word_1_244' title='bbox 1143 2015 1241 2085; x_wconf 82' lang='grc' dir='ltr'>μὲν</span> <span class='ocrx_word' id='word_1_245' title='bbox 1278 2017 1520 2073; x_wconf 86' lang='grc' dir='ltr'>δεδόσθαι</span> <span class='ocrx_word' id='word_1_246' title='bbox 1553 2021 1716 2075; x_wconf 84' lang='grc' dir='ltr'>πέντε</span> 
     </span>
    </p>
   </div>
   <div class='ocr_carea' id='block_1_38' title="bbox 126 2091 1718 2182">
    <p class='ocr_par' dir='ltr' id='par_1_38' title="bbox 126 2091 1718 2182">
     <span class='ocr_line' id='line_1_38' title="bbox 126 2091 1718 2182; baseline 0.018 -41"><span class='ocrx_word' id='word_1_247' title='bbox 126 2091 392 2158; x_wconf 74' lang='grc' dir='ltr'>τά-λαντα,</span> <span class='ocrx_word' id='word_1_248' title='bbox 423 2094 693 2153; x_wconf 86' lang='grc' dir='ltr'>τοσούτων</span> <span class='ocrx_word' id='word_1_249' title='bbox 726 2107 1082 2176; x_wconf 83' lang='grc' dir='ltr'>χαρισμάτων</span> <span class='ocrx_word' id='word_1_250' title='bbox 1105 2108 1192 2163; x_wconf 83' lang='grc' dir='ltr'>διὰ</span> <span class='ocrx_word' id='word_1_251' title='bbox 1216 2110 1312 2164; x_wconf 81' lang='grc' dir='ltr'>τοῦ</span> <span class='ocrx_word' id='word_1_252' title='bbox 1354 2113 1508 2182; x_wconf 85' lang='grc' dir='ltr'>ἁγίου</span> <span class='ocrx_word' id='word_1_253' title='bbox 1542 2115 1718 2169; x_wconf 60' lang='grc' dir='ltr'>Πνεύι</span> 
     </span>
    </p>
   </div>
   <div class='ocr_carea' id='block_1_39' title="bbox 129 2184 1711 2274">
    <p class='ocr_par' dir='ltr' id='par_1_39' title="bbox 129 2184 1711 2274">
     <span class='ocr_line' id='line_1_39' title="bbox 129 2184 1711 2274; baseline 0.019 -43"><span class='ocrx_word' id='word_1_254' title='bbox 129 2197 307 2250; x_wconf 85' lang='grc' dir='ltr'>ματος</span> <span class='ocrx_word' id='word_1_255' title='bbox 361 2184 511 2256; x_wconf 82' lang='grc' dir='ltr'>αὐτῷ</span> <span class='ocrx_word' id='word_1_256' title='bbox 555 2187 986 2264; x_wconf 81' lang='grc' dir='ltr'>δεδωρημένων’</span> <span class='ocrx_word' id='word_1_257' title='bbox 1021 2199 1194 2272; x_wconf 88' lang='grc' dir='ltr'>ἐτέρῳ</span> <span class='ocrx_word' id='word_1_258' title='bbox 1243 2201 1299 2254; x_wconf 88' lang='grc' dir='ltr'><strong>δέ</strong></span> <span class='ocrx_word' id='word_1_259' title='bbox 1345 2203 1406 2256; x_wconf 83' lang='grc' dir='ltr'><strong>ού</strong></span> <span class='ocrx_word' id='word_1_260' title='bbox 1452 2205 1711 2274; x_wconf 81' lang='grc' dir='ltr'>τοσαῦτα,</span> 
     </span>
    </p>
   </div>
   <div class='ocr_carea' id='block_1_40' title="bbox 124 2274 1715 2367">
    <p class='ocr_par' dir='ltr' id='par_1_40' title="bbox 124 2274 1715 2367">
     <span class='ocr_line' id='line_1_40' title="bbox 124 2274 1715 2367; baseline 0.019 -42"><span class='ocrx_word' id='word_1_261' title='bbox 124 2274 244 2327; x_wconf 85' lang='grc' dir='ltr'>ἀλλ’</span> <span class='ocrx_word' id='word_1_262' title='bbox 276 2275 336 2329; x_wconf 79' lang='grc' dir='ltr'>ἓν</span> <span class='ocrx_word' id='word_1_263' title='bbox 371 2279 532 2348; x_wconf 89' lang='grc' dir='ltr'>μόνον</span> <span class='ocrx_word' id='word_1_264' title='bbox 583 2277 823 2352; x_wconf 71' lang='grc' dir='ltr'>δέδοται,</span> <span class='ocrx_word' id='word_1_265' title='bbox 882 2287 942 2354; x_wconf 82' lang='grc' dir='ltr'>ὃς</span> <span class='ocrx_word' id='word_1_266' title='bbox 983 2291 1229 2359; x_wconf 86' lang='grc' dir='ltr'>πλείονος</span> <span class='ocrx_word' id='word_1_267' title='bbox 1265 2296 1416 2367; x_wconf 86' lang='grc' dir='ltr'>τύχοι</span> <span class='ocrx_word' id='word_1_268' title='bbox 1450 2298 1516 2353; x_wconf 85' lang='grc' dir='ltr'>ἂν</span> <span class='ocrx_word' id='word_1_269' title='bbox 1548 2318 1715 2355; x_wconf 90' lang='grc' dir='ltr'>κατα-</span> 
     </span>
    </p>
   </div>
   <div class='ocr_carea' id='block_1_41' title="bbox 123 2367 1711 2467">
    <p class='ocr_par' dir='ltr' id='par_1_41' title="bbox 123 2367 1711 2467">
     <span class='ocr_line' id='line_1_41' title="bbox 123 2367 1711 2467; baseline 0.018 -47"><span class='ocrx_word' id='word_1_270' title='bbox 123 2367 404 2467; x_wconf 43' lang='grc' dir='ltr'>κρίσεως.-</span> <span class='ocrx_word' id='word_1_271' title='bbox 427 2373 506 2426; x_wconf 82' lang='grc' dir='ltr'><strong>ὅτι</strong></span> <span class='ocrx_word' id='word_1_272' title='bbox 549 2376 682 2448; x_wconf 86' lang='grc' dir='ltr'><strong>μηδέ</strong></span> <span class='ocrx_word' id='word_1_273' title='bbox 712 2379 884 2435; x_wconf 88' lang='grc' dir='ltr'>πολλά</span> <span class='ocrx_word' id='word_1_274' title='bbox 920 2382 1158 2456; x_wconf 77' lang='grc' dir='ltr'>εἰληφὼς</span> <span class='ocrx_word' id='word_1_275' title='bbox 1197 2387 1273 2452; x_wconf 85' lang='grc' dir='ltr'>ὡς</span> <span class='ocrx_word' id='word_1_276' title='bbox 1311 2390 1618 2463; x_wconf 83' lang='grc' dir='ltr'>ἀποκνῆσαι</span> <span class='ocrx_word' id='word_1_277' title='bbox 1644 2395 1711 2467; x_wconf 82' lang='grc' dir='ltr'>τῇ</span> 
     </span>
    </p>
   </div>
   <div class='ocr_carea' id='block_1_42' title="bbox 121 2456 1712 2554">
    <p class='ocr_par' dir='ltr' id='par_1_42' title="bbox 121 2456 1712 2554">
     <span class='ocr_line' id='line_1_42' title="bbox 121 2456 1712 2554; baseline 0.019 -46"><span class='ocrx_word' id='word_1_278' title='bbox 121 2456 234 2510; x_wconf 85' lang='grc' dir='ltr'><strong>τῶν</strong></span> <span class='ocrx_word' id='word_1_279' title='bbox 250 2459 514 2516; x_wconf 84' lang='grc' dir='ltr'>πλειόνων</span> <span class='ocrx_word' id='word_1_280' title='bbox 527 2465 778 2539; x_wconf 77' lang='grc' dir='ltr'>ἐργασίᾳ,</span> <span class='ocrx_word' id='word_1_281' title='bbox 795 2470 916 2524; x_wconf 83' lang='grc' dir='ltr'>οὐδὲ</span> <span class='ocrx_word' id='word_1_282' title='bbox 938 2473 1032 2526; x_wconf 80' lang='grc' dir='ltr'>τοῦ</span> <span class='ocrx_word' id='word_1_283' title='bbox 1053 2475 1171 2540; x_wconf 82' lang='grc' dir='ltr'>ἐνὸς</span> <span class='ocrx_word' id='word_1_284' title='bbox 1192 2478 1282 2532; x_wconf 87' lang='grc' dir='ltr'><strong>τὸν</strong></span> <span class='ocrx_word' id='word_1_285' title='bbox 1298 2456 1712 2554; x_wconf 53' lang='grc' dir='ltr'><strong>καρπὺνέπορίίιΣ</strong></span> 
     </span>
    </p>
   </div>
   <div class='ocr_carea' id='block_1_43' title="bbox 125 2553 1714 2642">
    <p class='ocr_par' dir='ltr' id='par_1_43' title="bbox 125 2553 1714 2642">
     <span class='ocr_line' id='line_1_43' title="bbox 125 2553 1714 2642; baseline 0.018 -41"><span class='ocrx_word' id='word_1_286' title='bbox 125 2567 282 2616; x_wconf 87' lang='grc' dir='ltr'>σατο,</span> <span class='ocrx_word' id='word_1_287' title='bbox 309 2553 480 2624; x_wconf 82' lang='grc' dir='ltr'>ἀργὸν</span> <span class='ocrx_word' id='word_1_288' title='bbox 506 2555 562 2608; x_wconf 87' lang='grc' dir='ltr'>δὲ</span> <span class='ocrx_word' id='word_1_289' title='bbox 596 2558 727 2612; x_wconf 79' lang='grc' dir='ltr'>αὐτὸ</span> <span class='ocrx_word' id='word_1_290' title='bbox 770 2561 1032 2630; x_wconf 81' lang='grc' dir='ltr'>φυλάξας,</span> <span class='ocrx_word' id='word_1_291' title='bbox 1064 2568 1156 2621; x_wconf 73' lang='grc' dir='ltr'><strong>καὶ</strong></span> <span class='ocrx_word' id='word_1_292' title='bbox 1191 2570 1266 2641; x_wconf 82' lang='grc' dir='ltr'>μὴ</span> <span class='ocrx_word' id='word_1_293' title='bbox 1306 2572 1566 2642; x_wconf 84' lang='grc' dir='ltr'>μεταδοὺς</span> <span class='ocrx_word' id='word_1_294' title='bbox 1598 2553 1714 2629; x_wconf 82' lang='grc' dir='ltr'>ἐτέ-</span> 
     </span>
    </p>
   </div>
   <div class='ocr_carea' id='block_1_44' title="bbox 127 2647 1717 2737">
    <p class='ocr_par' dir='ltr' id='par_1_44' title="bbox 127 2647 1717 2737">
     <span class='ocr_line' id='line_1_44' title="bbox 127 2647 1717 2737; baseline 0.019 -44"><span class='ocrx_word' id='word_1_295' title='bbox 127 2658 266 2710; x_wconf 89' lang='grc' dir='ltr'>ροις,</span> <span class='ocrx_word' id='word_1_296' title='bbox 286 2647 610 2719; x_wconf 82' lang='grc' dir='ltr'>στερήσεται</span> <span class='ocrx_word' id='word_1_297' title='bbox 629 2652 726 2705; x_wconf 60' lang='grc' dir='ltr'><strong>καὶ⁸</strong></span> <span class='ocrx_word' id='word_1_298' title='bbox 737 2653 927 2709; x_wconf 86' lang='grc' dir='ltr'>τούτου</span> <span class='ocrx_word' id='word_1_299' title='bbox 945 2659 1086 2712; x_wconf 83' lang='grc' dir='ltr'>κατὰ</span> <span class='ocrx_word' id='word_1_300' title='bbox 1111 2659 1208 2733; x_wconf 80' lang='grc' dir='ltr'>τὴν</span> <span class='ocrx_word' id='word_1_301' title='bbox 1231 2665 1493 2735; x_wconf 86' lang='grc' dir='ltr'>σωτήριον</span> <span class='ocrx_word' id='word_1_302' title='bbox 1507 2667 1717 2737; x_wconf 72' lang='grc' dir='ltr'>ἀπόφα-</span> 
     </span>
    </p>
   </div>
   <div class='ocr_carea' id='block_1_45' title="bbox 124 2737 1708 2830">
    <p class='ocr_par' dir='ltr' id='par_1_45' title="bbox 124 2737 1708 2830">
     <span class='ocr_line' id='line_1_45' title="bbox 124 2737 1708 2830; baseline 0.016 -42"><span class='ocrx_word' id='word_1_303' title='bbox 124 2751 230 2799; x_wconf 89' lang='grc' dir='ltr'>σιν,</span> <span class='ocrx_word' id='word_1_304' title='bbox 249 2737 566 2808; x_wconf 68' lang='grc' dir='ltr'>ἐλέγχοντος</span> <span class='ocrx_word' id='word_1_305' title='bbox 579 2743 740 2798; x_wconf 84' lang='grc' dir='ltr'>αὑτὸν</span> <span class='ocrx_word' id='word_1_306' title='bbox 757 2745 852 2800; x_wconf 77' lang='grc' dir='ltr'>τοῦ</span> <span class='ocrx_word' id='word_1_307' title='bbox 874 2749 1058 2820; x_wconf 85' lang='grc' dir='ltr'>κριτοῦ</span> <span class='ocrx_word' id='word_1_308' title='bbox 1073 2753 1164 2805; x_wconf 76' lang='grc' dir='ltr'><strong>ἐπὶ</strong></span> <span class='ocrx_word' id='word_1_309' title='bbox 1175 2753 1341 2826; x_wconf 84' lang='grc' dir='ltr'>ἀργίᾳ</span> <span class='ocrx_word' id='word_1_310' title='bbox 1354 2756 1448 2809; x_wconf 74' lang='grc' dir='ltr'><strong>καὶ</strong></span> <span class='ocrx_word' id='word_1_311' title='bbox 1460 2755 1708 2830; x_wconf 81' lang='grc' dir='ltr'>ὀκνηρίᾳ,</span> 
     </span>
    </p>
   </div>
   <div class='ocr_carea' id='block_1_46' title="bbox 121 2828 1708 2916">
    <p class='ocr_par' dir='ltr' id='par_1_46' title="bbox 121 2828 1708 2916">
     <span class='ocr_line' id='line_1_46' title="bbox 121 2828 1708 2916; baseline 0.015 -37"><span class='ocrx_word' id='word_1_312' title='bbox 121 2828 217 2916; x_wconf 77' lang='grc' dir='ltr'>καὶ</span> <span class='ocrx_word' id='word_1_313' title='bbox 255 2829 496 2902; x_wconf 77' lang='grc' dir='ltr'>φοϐερὰν</span> <span class='ocrx_word' id='word_1_314' title='bbox 517 2834 745 2906; x_wconf 82' lang='grc' dir='ltr'>ἀπειλὴν</span> <span class='ocrx_word' id='word_1_315' title='bbox 784 2837 879 2890; x_wconf 77' lang='grc' dir='ltr'>καὶ</span> <span class='ocrx_word' id='word_1_316' title='bbox 907 2839 1087 2910; x_wconf 81' lang='grc' dir='ltr'>κρίσιν</span> <span class='ocrx_word' id='word_1_317' title='bbox 1121 2843 1395 2916; x_wconf 80' lang='grc' dir='ltr'>ἀπότομον</span> <span class='ocrx_word' id='word_1_318' title='bbox 1410 2828 1708 2903; x_wconf 77' lang='grc' dir='ltr'>κατάύτοῦ</span> 
     </span>
    </p>
   </div>
   <div class='ocr_carea' id='block_1_47' title="bbox 119 2915 1711 3009">
    <p class='ocr_par' dir='ltr' id='par_1_47' title="bbox 119 2915 1711 3009">
     <span class='ocr_line' id='line_1_47' title="bbox 119 2915 1711 3009; baseline 0.018 -43"><span class='ocrx_word' id='word_1_319' title='bbox 119 2915 468 2988; x_wconf 77' lang='grc' dir='ltr'>ἐκφέροντος.</span> <span class='ocrx_word' id='word_1_320' title='bbox 503 2923 566 2974; x_wconf 83' lang='grc' dir='ltr'>Οί</span> <span class='ocrx_word' id='word_1_321' title='bbox 591 2923 648 2976; x_wconf 89' lang='grc' dir='ltr'><strong>δέ</strong></span> <span class='ocrx_word' id='word_1_322' title='bbox 667 2926 762 2979; x_wconf 78' lang='grc' dir='ltr'>καὶ</span> <span class='ocrx_word' id='word_1_323' title='bbox 791 2928 1053 2983; x_wconf 87' lang='grc' dir='ltr'>πλειόνων</span> <span class='ocrx_word' id='word_1_324' title='bbox 1081 2931 1175 2985; x_wconf 78' lang='grc' dir='ltr'>τοῦ</span> <span class='ocrx_word' id='word_1_325' title='bbox 1202 2915 1360 3002; x_wconf 81' lang='grc' dir='ltr'>ἁγίου</span> <span class='ocrx_word' id='word_1_326' title='bbox 1390 2937 1530 2991; x_wconf 88' lang='grc' dir='ltr'>Πνεύ</span> <span class='ocrx_word' id='word_1_327' title='bbox 1539 2951 1711 3009; x_wconf 85' lang='grc' dir='ltr'>ματος</span> 
     </span>
    </p>
   </div>
   <div class='ocr_carea' id='block_1_48' title="bbox 119 3006 1708 3100">
    <p class='ocr_par' dir='ltr' id='par_1_48' title="bbox 119 3006 1708 3100">
     <span class='ocr_line' id='line_1_48' title="bbox 119 3006 1708 3100; baseline 0.016 -41"><span class='ocrx_word' id='word_1_328' title='bbox 119 3006 417 3081; x_wconf 75' lang='grc' dir='ltr'>ἠξιωμένοι</span> <span class='ocrx_word' id='word_1_329' title='bbox 447 3016 830 3086; x_wconf 84' lang='grc' dir='ltr'>χαρισμάτων,</span> <span class='ocrx_word' id='word_1_330' title='bbox 878 3016 994 3074; x_wconf 82' lang='grc' dir='ltr'>εἶτα</span> <span class='ocrx_word' id='word_1_331' title='bbox 1023 3022 1228 3078; x_wconf 86' lang='grc' dir='ltr'>τούτων</span> <span class='ocrx_word' id='word_1_332' title='bbox 1251 3027 1344 3080; x_wconf 84' lang='grc' dir='ltr'><strong>τὸν</strong></span> <span class='ocrx_word' id='word_1_333' title='bbox 1377 3006 1588 3100; x_wconf 69' lang='grc' dir='ltr'>καρπόν</span> <span class='ocrx_word' id='word_1_334' title='bbox 1619 3030 1708 3085; x_wconf 85' lang='grc' dir='ltr'>διὰ</span> 
     </span>
    </p>
   </div>
   <div class='ocr_carea' id='block_1_49' title="bbox 115 3103 1706 3184">
    <p class='ocr_par' dir='ltr' id='par_1_49' title="bbox 115 3103 1706 3184">
     <span class='ocr_line' id='line_1_49' title="bbox 115 3103 1706 3184; baseline 0.014 -31"><span class='ocrx_word' id='word_1_335' title='bbox 115 3103 218 3172; x_wconf 84' lang='grc' dir='ltr'><strong>τῆς</strong></span> <span class='ocrx_word' id='word_1_336' title='bbox 247 3107 557 3178; x_wconf 80' lang='grc' dir='ltr'>πρακτικῆς</span> <span class='ocrx_word' id='word_1_337' title='bbox 583 3109 848 3178; x_wconf 81' lang='grc' dir='ltr'>ἐργασίας</span> <span class='ocrx_word' id='word_1_338' title='bbox 868 3114 1422 3184; x_wconf 83' lang='grc' dir='ltr'>πολυπλασιάσαντες,</span> <span class='ocrx_word' id='word_1_339' title='bbox 1447 3121 1590 3175; x_wconf 85' lang='grc' dir='ltr'><strong>κατά</strong></span> <span class='ocrx_word' id='word_1_340' title='bbox 1614 3125 1706 3178; x_wconf 79' lang='grc' dir='ltr'><strong>τὸν</strong></span> 
     </span>
    </p>
   </div>
   <div class='ocr_carea' id='block_1_50' title="bbox 1820 1917 3397 2000">
    <p class='ocr_par' dir='ltr' id='par_1_50' title="bbox 1820 1917 3397 2000">
     <span class='ocr_line' id='line_1_50' title="bbox 1820 1917 3397 2000; baseline 0.011 -28"><span class='ocrx_word' id='word_1_341' title='bbox 1820 1917 2111 1989; x_wconf 82' lang='lat' dir='ltr'><strong>aliquando</strong></span> <span class='ocrx_word' id='word_1_342' title='bbox 2146 1932 2205 1976; x_wconf 93' lang='lat' dir='ltr'><strong>ut</strong></span> <span class='ocrx_word' id='word_1_343' title='bbox 2240 1923 2437 1994; x_wconf 86' lang='lat' dir='ltr'><strong>aliquis</strong></span> <span class='ocrx_word' id='word_1_344' title='bbox 2496 1940 2605 1981; x_wconf 89' lang='lat' dir='ltr'><strong>uno</strong></span> <span class='ocrx_word' id='word_1_345' title='bbox 2635 1928 2775 1984; x_wconf 92' lang='lat' dir='ltr'><strong>dono</strong></span> <span class='ocrx_word' id='word_1_346' title='bbox 2805 1930 3061 2000; x_wconf 83' lang='lat' dir='ltr'><strong>potiatur,</strong></span> <span class='ocrx_word' id='word_1_347' title='bbox 3091 1933 3301 1990; x_wconf 88' lang='lat' dir='ltr'><strong>duobus</strong></span> <span class='ocrx_word' id='word_1_348' title='bbox 3327 1934 3397 1989; x_wconf 75' lang='lat' dir='ltr'><strong>al~</strong></span> 
     </span>
    </p>
   </div>
   <div class='ocr_carea' id='block_1_51' title="bbox 1818 2011 3393 2091">
    <p class='ocr_par' dir='ltr' id='par_1_51' title="bbox 1818 2011 3393 2091">
     <span class='ocr_line' id='line_1_51' title="bbox 1818 2011 3393 2091; baseline 0.01 -27"><span class='ocrx_word' id='word_1_349' title='bbox 1818 2019 1921 2073; x_wconf 85' lang='lat' dir='ltr'><strong>ter,</strong></span> <span class='ocrx_word' id='word_1_350' title='bbox 1958 2011 2102 2068; x_wconf 90' lang='lat' dir='ltr'><strong>alius</strong></span> <span class='ocrx_word' id='word_1_351' title='bbox 2135 2013 2370 2085; x_wconf 90' lang='lat' dir='ltr'><strong>denique</strong></span> <span class='ocrx_word' id='word_1_352' title='bbox 2400 2014 2670 2086; x_wconf 89' lang='lat' dir='ltr'><strong>pluribus.</strong></span> <span class='ocrx_word' id='word_1_353' title='bbox 2708 2020 2803 2075; x_wconf 88' lang='lat' dir='ltr'><strong>Sic</strong></span> <span class='ocrx_word' id='word_1_354' title='bbox 2860 2036 2992 2091; x_wconf 89' lang='lat' dir='ltr'><strong>ergo</strong></span> <span class='ocrx_word' id='word_1_355' title='bbox 3034 2023 3237 2079; x_wconf 91' lang='lat' dir='ltr'><strong>dictum</strong></span> <span class='ocrx_word' id='word_1_356' title='bbox 3285 2036 3393 2090; x_wconf 90' lang='lat' dir='ltr'><strong>est,</strong></span> 
     </span>
    </p>
   </div>
   <div class='ocr_carea' id='block_1_52' title="bbox 1816 2101 3396 2187">
    <p class='ocr_par' dir='ltr' id='par_1_52' title="bbox 1816 2101 3396 2187">
     <span class='ocr_line' id='line_1_52' title="bbox 1816 2101 3396 2187; baseline 0.01 -31"><span class='ocrx_word' id='word_1_357' title='bbox 1816 2101 1908 2156; x_wconf 89' lang='lat' dir='ltr'><strong>alii</strong></span> <span class='ocrx_word' id='word_1_358' title='bbox 1946 2104 2162 2173; x_wconf 90' lang='lat' dir='ltr'><strong>quidem</strong></span> <span class='ocrx_word' id='word_1_359' title='bbox 2195 2106 2319 2160; x_wconf 89' lang='lat' dir='ltr'><strong>data</strong></span> <span class='ocrx_word' id='word_1_360' title='bbox 2354 2107 2522 2164; x_wconf 90' lang='lat' dir='ltr'><strong>fuisse</strong></span> <span class='ocrx_word' id='word_1_361' title='bbox 2557 2111 2798 2181; x_wconf 87' lang='lat' dir='ltr'><strong>quinque</strong></span> <span class='ocrx_word' id='word_1_362' title='bbox 2822 2113 3048 2180; x_wconf 90' lang='lat' dir='ltr'><strong>talenta,</strong></span> <span class='ocrx_word' id='word_1_363' title='bbox 3105 2117 3231 2187; x_wconf 85' lang='lat' dir='ltr'><strong>quia</strong></span> <span class='ocrx_word' id='word_1_364' title='bbox 3269 2119 3396 2174; x_wconf 51' lang='lat' dir='ltr'><strong>toti.</strong></span> 
     </span>
    </p>
   </div>
   <div class='ocr_carea' id='block_1_53' title="bbox 1815 2193 3390 2266">
    <p class='ocr_par' dir='ltr' id='par_1_53' title="bbox 1815 2193 3390 2266">
     <span class='ocr_line' id='line_1_53' title="bbox 1815 2193 3390 2266; baseline 0.01 -19"><span class='ocrx_word' id='word_1_365' title='bbox 1815 2193 1937 2248; x_wconf 90' lang='lat' dir='ltr'><strong>dem</strong></span> <span class='ocrx_word' id='word_1_366' title='bbox 1983 2195 2158 2249; x_wconf 86' lang='lat' dir='ltr'><strong>sancti</strong></span> <span class='ocrx_word' id='word_1_367' title='bbox 2217 2197 2456 2266; x_wconf 85' lang='lat' dir='ltr'><strong>Spiritus</strong></span> <span class='ocrx_word' id='word_1_368' title='bbox 2525 2202 2668 2255; x_wconf 92' lang='lat' dir='ltr'><strong>dona</strong></span> <span class='ocrx_word' id='word_1_369' title='bbox 2699 2201 2771 2256; x_wconf 90' lang='lat' dir='ltr'><strong>illi</strong></span> <span class='ocrx_word' id='word_1_370' title='bbox 2808 2203 3068 2260; x_wconf 79' lang='lat' dir='ltr'><strong>attributa</strong></span> <span class='ocrx_word' id='word_1_371' title='bbox 3109 2215 3268 2262; x_wconf 90' lang='lat' dir='ltr'><strong>sunt:</strong></span> <span class='ocrx_word' id='word_1_372' title='bbox 3301 2208 3390 2263; x_wconf 89' lang='lat' dir='ltr'><strong>alii</strong></span> 
     </span>
    </p>
   </div>
   <div class='ocr_carea' id='block_1_54' title="bbox 1815 2289 3389 2370">
    <p class='ocr_par' dir='ltr' id='par_1_54' title="bbox 1815 2289 3389 2370">
     <span class='ocr_line' id='line_1_54' title="bbox 1815 2289 3389 2370; baseline 0.01 -31"><span class='ocrx_word' id='word_1_373' title='bbox 1815 2297 1998 2343; x_wconf 90' lang='lat' dir='ltr'><strong>autem</strong></span> <span class='ocrx_word' id='word_1_374' title='bbox 2030 2289 2172 2344; x_wconf 91' lang='lat' dir='ltr'><strong>haud</strong></span> <span class='ocrx_word' id='word_1_375' title='bbox 2221 2291 2466 2357; x_wconf 85' lang='lat' dir='ltr'><strong>totidem,</strong></span> <span class='ocrx_word' id='word_1_376' title='bbox 2503 2294 2598 2349; x_wconf 88' lang='lat' dir='ltr'><strong>sed</strong></span> <span class='ocrx_word' id='word_1_377' title='bbox 2625 2311 2790 2350; x_wconf 90' lang='lat' dir='ltr'><strong>unum</strong></span> <span class='ocrx_word' id='word_1_378' title='bbox 2826 2297 3014 2352; x_wconf 85' lang='lat' dir='ltr'><strong>datum</strong></span> <span class='ocrx_word' id='word_1_379' title='bbox 3064 2297 3269 2365; x_wconf 88' lang='lat' dir='ltr'><strong>fuisse;</strong></span> <span class='ocrx_word' id='word_1_380' title='bbox 3298 2302 3389 2370; x_wconf 87' lang='lat' dir='ltr'><strong>qui</strong></span> 
     </span>
    </p>
   </div>
   <div class='ocr_carea' id='block_1_55' title="bbox 1815 2380 3387 2460">
    <p class='ocr_par' dir='ltr' id='par_1_55' title="bbox 1815 2380 3387 2460">
     <span class='ocr_line' id='line_1_55' title="bbox 1815 2380 3387 2460; baseline 0.008 -27"><span class='ocrx_word' id='word_1_381' title='bbox 1815 2380 2118 2450; x_wconf 86' lang='lat' dir='ltr'><strong>graviorem</strong></span> <span class='ocrx_word' id='word_1_382' title='bbox 2151 2383 2563 2440; x_wconf 87' lang='lat' dir='ltr'><strong>damnationem</strong></span> <span class='ocrx_word' id='word_1_383' title='bbox 2593 2386 2852 2457; x_wconf 89' lang='lat' dir='ltr'><strong>perferet,</strong></span> <span class='ocrx_word' id='word_1_384' title='bbox 2882 2390 3007 2460; x_wconf 89' lang='lat' dir='ltr'><strong>quia</strong></span> <span class='ocrx_word' id='word_1_385' title='bbox 3047 2406 3170 2446; x_wconf 88' lang='lat' dir='ltr'><strong>eum</strong></span> <span class='ocrx_word' id='word_1_386' title='bbox 3220 2394 3387 2448; x_wconf 85' lang='lat' dir='ltr'><strong>multa</strong></span> 
     </span>
    </p>
   </div>
   <div class='ocr_carea' id='block_1_56' title="bbox 1814 2473 3387 2556">
    <p class='ocr_par' dir='ltr' id='par_1_56' title="bbox 1814 2473 3387 2556">
     <span class='ocr_line' id='line_1_56' title="bbox 1814 2473 3387 2556; baseline 0.011 -31"><span class='ocrx_word' id='word_1_387' title='bbox 1814 2486 1922 2526; x_wconf 88' lang='lat' dir='ltr'><strong>non</strong></span> <span class='ocrx_word' id='word_1_388' title='bbox 1973 2473 2297 2542; x_wconf 86' lang='lat' dir='ltr'><strong>accepisset,</strong></span> <span class='ocrx_word' id='word_1_389' title='bbox 2349 2490 2418 2531; x_wconf 86' lang='lat' dir='ltr'><strong>ne</strong></span> <span class='ocrx_word' id='word_1_390' title='bbox 2470 2475 2610 2532; x_wconf 89' lang='lat' dir='ltr'><strong>forte</strong></span> <span class='ocrx_word' id='word_1_391' title='bbox 2657 2479 2724 2534; x_wconf 84' lang='lat' dir='ltr'><strong>ad</strong></span> <span class='ocrx_word' id='word_1_392' title='bbox 2776 2483 3064 2551; x_wconf 87' lang='lat' dir='ltr'><strong>operosius</strong></span> <span class='ocrx_word' id='word_1_393' title='bbox 3114 2486 3387 2556; x_wconf 85' lang='lat' dir='ltr'><strong>negotium</strong></span> 
     </span>
    </p>
   </div>
   <div class='ocr_carea' id='block_1_57' title="bbox 1813 2564 3384 2642">
    <p class='ocr_par' dir='ltr' id='par_1_57' title="bbox 1813 2564 3384 2642">
     <span class='ocr_line' id='line_1_57' title="bbox 1813 2564 3384 2642; baseline 0.01 -26"><span class='ocrx_word' id='word_1_394' title='bbox 1813 2568 2094 2632; x_wconf 89' lang='lat' dir='ltr'><strong>torperet;</strong></span> <span class='ocrx_word' id='word_1_395' title='bbox 2136 2564 2487 2623; x_wconf 83' lang='lat' dir='ltr'><strong>nihilominus</strong></span> <span class='ocrx_word' id='word_1_396' title='bbox 2515 2583 2584 2624; x_wconf 90' lang='lat' dir='ltr'><strong>ne</strong></span> <span class='ocrx_word' id='word_1_397' title='bbox 2613 2582 2680 2623; x_wconf 88' lang='lat' dir='ltr'><strong>ex</strong></span> <span class='ocrx_word' id='word_1_398' title='bbox 2723 2585 2830 2627; x_wconf 91' lang='lat' dir='ltr'><strong>uno</strong></span> <span class='ocrx_word' id='word_1_399' title='bbox 2881 2573 3097 2642; x_wconf 89' lang='lat' dir='ltr'><strong>quidem</strong></span> <span class='ocrx_word' id='word_1_400' title='bbox 3150 2574 3384 2632; x_wconf 88' lang='lat' dir='ltr'><strong>fructum</strong></span> 
     </span>
    </p>
   </div>
   <div class='ocr_carea' id='block_1_58' title="bbox 1813 2654 3388 2738">
    <p class='ocr_par' dir='ltr' id='par_1_58' title="bbox 1813 2654 3388 2738">
     <span class='ocr_line' id='line_1_58' title="bbox 1813 2654 3388 2738; baseline 0.01 -31"><span class='ocrx_word' id='word_1_401' title='bbox 1813 2654 2102 2722; x_wconf 84' lang='lat' dir='ltr'><strong>retulerit;</strong></span> <span class='ocrx_word' id='word_1_402' title='bbox 2137 2659 2279 2727; x_wconf 85' lang='lat' dir='ltr'><strong>quod</strong></span> <span class='ocrx_word' id='word_1_403' title='bbox 2309 2673 2433 2714; x_wconf 91' lang='lat' dir='ltr'><strong>cum</strong></span> <span class='ocrx_word' id='word_1_404' title='bbox 2465 2660 2614 2716; x_wconf 85' lang='lat' dir='ltr'><strong>iners</strong></span> <span class='ocrx_word' id='word_1_405' title='bbox 2643 2663 3021 2734; x_wconf 79' lang='lat' dir='ltr'><strong>custodiverit,</strong></span> <span class='ocrx_word' id='word_1_406' title='bbox 3065 2680 3240 2738; x_wconf 88' lang='lat' dir='ltr'><strong>neque</strong></span> <span class='ocrx_word' id='word_1_407' title='bbox 3267 2668 3388 2724; x_wconf 90' lang='lat' dir='ltr'><strong>aliis</strong></span> 
     </span>
    </p>
   </div>
   <div class='ocr_carea' id='block_1_59' title="bbox 1813 2745 3386 2826">
    <p class='ocr_par' dir='ltr' id='par_1_59' title="bbox 1813 2745 3386 2826">
     <span class='ocr_line' id='line_1_59' title="bbox 1813 2745 3386 2826; baseline 0.012 -26"><span class='ocrx_word' id='word_1_408' title='bbox 1813 2745 1977 2802; x_wconf 90' lang='lat' dir='ltr'><strong>fuerit</strong></span> <span class='ocrx_word' id='word_1_409' title='bbox 2014 2748 2342 2818; x_wconf 89' lang='lat' dir='ltr'><strong>impertitus,</strong></span> <span class='ocrx_word' id='word_1_410' title='bbox 2391 2751 2496 2808; x_wconf 93' lang='lat' dir='ltr'><strong>hoc</strong></span> <span class='ocrx_word' id='word_1_411' title='bbox 2537 2753 2656 2824; x_wconf 87' lang='lat' dir='ltr'><strong>ipso</strong></span> <span class='ocrx_word' id='word_1_412' title='bbox 2705 2747 3045 2826; x_wconf 83' lang='lat' dir='ltr'><strong>spoliabitur,</strong></span> <span class='ocrx_word' id='word_1_413' title='bbox 3087 2762 3386 2818; x_wconf 87' lang='lat' dir='ltr'><strong>secundum</strong></span> 
     </span>
    </p>
   </div>
   <div class='ocr_carea' id='block_1_60' title="bbox 1813 2833 3387 2920">
    <p class='ocr_par' dir='ltr' id='par_1_60' title="bbox 1813 2833 3387 2920">
     <span class='ocr_line' id='line_1_60' title="bbox 1813 2833 3387 2920; baseline 0.011 -27"><span class='ocrx_word' id='word_1_414' title='bbox 1813 2833 2119 2897; x_wconf 81' lang='lat' dir='ltr'><strong>Servatoris</strong></span> <span class='ocrx_word' id='word_1_415' title='bbox 2145 2841 2390 2910; x_wconf 76' lang='lat' dir='ltr'><strong>effatum,</strong></span> <span class='ocrx_word' id='word_1_416' title='bbox 2421 2847 2718 2902; x_wconf 88' lang='lat' dir='ltr'><strong>damnante</strong></span> <span class='ocrx_word' id='word_1_417' title='bbox 2741 2865 2862 2904; x_wconf 89' lang='lat' dir='ltr'><strong>eum</strong></span> <span class='ocrx_word' id='word_1_418' title='bbox 2886 2849 3071 2920; x_wconf 87' lang='lat' dir='ltr'><strong>judice</strong></span> <span class='ocrx_word' id='word_1_419' title='bbox 3097 2853 3165 2908; x_wconf 88' lang='lat' dir='ltr'><strong>de</strong></span> <span class='ocrx_word' id='word_1_420' title='bbox 3194 2867 3387 2909; x_wconf 61' lang='lat' dir='ltr'><strong>socor-o</strong></span> 
     </span>
    </p>
   </div>
   <div class='ocr_carea' id='block_1_61' title="bbox 1811 2930 3384 3011">
    <p class='ocr_par' dir='ltr' id='par_1_61' title="bbox 1811 2930 3384 3011">
     <span class='ocr_line' id='line_1_61' title="bbox 1811 2930 3384 3011; baseline 0.013 -28"><span class='ocrx_word' id='word_1_421' title='bbox 1811 2930 1899 2984; x_wconf 89' lang='lat' dir='ltr'><strong>dia</strong></span> <span class='ocrx_word' id='word_1_422' title='bbox 1959 2942 2122 3002; x_wconf 87' lang='lat' dir='ltr'><strong>atque</strong></span> <span class='ocrx_word' id='word_1_423' title='bbox 2173 2935 2408 3006; x_wconf 79' lang='lat' dir='ltr'><strong>ignavia,</strong></span> <span class='ocrx_word' id='word_1_424' title='bbox 2463 2938 2845 3011; x_wconf 87' lang='lat' dir='ltr'><strong>terribilesque</strong></span> <span class='ocrx_word' id='word_1_425' title='bbox 2892 2944 3066 3001; x_wconf 89' lang='lat' dir='ltr'><strong>minas</strong></span> <span class='ocrx_word' id='word_1_426' title='bbox 3104 2954 3162 3001; x_wconf 92' lang='lat' dir='ltr'><strong>et</strong></span> <span class='ocrx_word' id='word_1_427' title='bbox 3207 2947 3384 3004; x_wconf 91' lang='lat' dir='ltr'><strong>diram</strong></span> 
     </span>
    </p>
   </div>
   <div class='ocr_carea' id='block_1_62' title="bbox 1811 3023 3382 3104">
    <p class='ocr_par' dir='ltr' id='par_1_62' title="bbox 1811 3023 3382 3104">
     <span class='ocr_line' id='line_1_62' title="bbox 1811 3023 3382 3104; baseline 0.008 -28"><span class='ocrx_word' id='word_1_428' title='bbox 1811 3023 2138 3076; x_wconf 86' lang='lat' dir='ltr'><strong>sententiam</strong></span> <span class='ocrx_word' id='word_1_429' title='bbox 2175 3023 2440 3080; x_wconf 84' lang='lat' dir='ltr'><strong>adversus</strong></span> <span class='ocrx_word' id='word_1_430' title='bbox 2469 3041 2594 3081; x_wconf 90' lang='lat' dir='ltr'><strong>eum</strong></span> <span class='ocrx_word' id='word_1_431' title='bbox 2625 3027 2856 3084; x_wconf 80' lang='lat' dir='ltr'><strong>ferente.</strong></span> <span class='ocrx_word' id='word_1_432' title='bbox 2905 3028 3007 3096; x_wconf 84' lang='lat' dir='ltr'><strong>Qui</strong></span> <span class='ocrx_word' id='word_1_433' title='bbox 3043 3046 3175 3088; x_wconf 87' lang='lat' dir='ltr'><strong>vero</strong></span> <span class='ocrx_word' id='word_1_434' title='bbox 3229 3034 3382 3104; x_wconf 86' lang='lat' dir='ltr'><strong>plura</strong></span> 
     </span>
    </p>
   </div>
   <div class='ocr_carea' id='block_1_63' title="bbox 1811 3115 3386 3192">
    <p class='ocr_par' dir='ltr' id='par_1_63' title="bbox 1811 3115 3386 3192">
     <span class='ocr_line' id='line_1_63' title="bbox 1811 3115 3386 3192; baseline 0.01 -24"><span class='ocrx_word' id='word_1_435' title='bbox 1811 3115 1982 3168; x_wconf 81' lang='lat' dir='ltr'><strong>sancti</strong></span> <span class='ocrx_word' id='word_1_436' title='bbox 2016 3115 2252 3184; x_wconf 87' lang='lat' dir='ltr'><strong>Spiritus</strong></span> <span class='ocrx_word' id='word_1_437' title='bbox 2277 3132 2502 3174; x_wconf 90' lang='lat' dir='ltr'><strong>munera</strong></span> <span class='ocrx_word' id='word_1_438' title='bbox 2545 3119 2734 3176; x_wconf 90' lang='lat' dir='ltr'><strong>collata</strong></span> <span class='ocrx_word' id='word_1_439' title='bbox 2759 3121 3087 3192; x_wconf 88' lang='lat' dir='ltr'><strong>habuerunt,</strong></span> <span class='ocrx_word' id='word_1_440' title='bbox 3109 3135 3164 3181; x_wconf 91' lang='lat' dir='ltr'><strong>et</strong></span> <span class='ocrx_word' id='word_1_441' title='bbox 3191 3127 3386 3183; x_wconf 86' lang='lat' dir='ltr'><strong>deinde</strong></span> 
     </span>
    </p>
   </div>
   <div class='ocr_carea' id='block_1_64' title="bbox 117 3185 1704 3286">
    <p class='ocr_par' dir='ltr' id='par_1_64' title="bbox 117 3195 1704 3285">
     <span class='ocr_line' id='line_1_64' title="bbox 117 3195 1704 3285; baseline 0.023 -39"><span class='ocrx_word' id='word_1_442' title='bbox 117 3195 309 3267; x_wconf 79' lang='grc' dir='ltr'>καιρὸν</span> <span class='ocrx_word' id='word_1_443' title='bbox 341 3197 444 3268; x_wconf 87' lang='grc' dir='ltr'><strong>τῆς</strong></span> <span class='ocrx_word' id='word_1_444' title='bbox 470 3199 579 3253; x_wconf 87' lang='grc' dir='ltr'><strong>τῶν</strong></span> <span class='ocrx_word' id='word_1_445' title='bbox 610 3201 782 3269; x_wconf 85' lang='grc' dir='ltr'>λόγων</span> <span class='ocrx_word' id='word_1_446' title='bbox 814 3205 1128 3277; x_wconf 83' lang='grc' dir='ltr'>συνάρσεως</span> <span class='ocrx_word' id='word_1_447' title='bbox 1158 3209 1340 3276; x_wconf 79' lang='grc' dir='ltr'>δεξιᾶς</span> <span class='ocrx_word' id='word_1_448' title='bbox 1377 3213 1470 3266; x_wconf 77' lang='grc' dir='ltr'><strong>καὶ</strong></span> <span class='ocrx_word' id='word_1_449' title='bbox 1495 3213 1704 3285; x_wconf 81' lang='grc' dir='ltr'>ἀγαθῆς</span> 
     </span>
    </p>
   </div>
   <div class='ocr_carea' id='block_1_65' title="bbox 1810 3185 3384 3286">
    <p class='ocr_par' dir='ltr' id='par_1_65' title="bbox 1814 3204 3384 3286">
     <span class='ocr_line' id='line_1_65' title="bbox 1814 3204 3384 3286; baseline 0.01 -28"><span class='ocrx_word' id='word_1_450' title='bbox 1814 3204 2004 3259; x_wconf 80' lang='lat' dir='ltr'><strong>liarum</strong></span> <span class='ocrx_word' id='word_1_451' title='bbox 2041 3207 2282 3263; x_wconf 88' lang='lat' dir='ltr'><strong>fructum</strong></span> <span class='ocrx_word' id='word_1_452' title='bbox 2323 3224 2558 3279; x_wconf 86' lang='lat' dir='ltr'><strong>operoso</strong></span> <span class='ocrx_word' id='word_1_453' title='bbox 2592 3211 2782 3269; x_wconf 86' lang='lat' dir='ltr'><strong>labore</strong></span> <span class='ocrx_word' id='word_1_454' title='bbox 2822 3214 3278 3286; x_wconf 87' lang='lat' dir='ltr'><strong>multiplicarunt,</strong></span> <span class='ocrx_word' id='word_1_455' title='bbox 3329 3219 3384 3276; x_wconf 90' lang='lat' dir='ltr'><strong>hi</strong></span> 
     </span>
    </p>
   </div>
   <div class='ocr_carea' id='block_1_66' title="bbox 119 3288 1707 3374">
    <p class='ocr_par' dir='ltr' id='par_1_66' title="bbox 119 3288 1707 3374">
     <span class='ocr_line' id='line_1_66' title="bbox 119 3288 1707 3374; baseline 0.014 -36"><span class='ocrx_word' id='word_1_456' title='bbox 119 3288 432 3358; x_wconf 82' lang='grc' dir='ltr'>μαρτυρίας</span> <span class='ocrx_word' id='word_1_457' title='bbox 462 3291 761 3358; x_wconf 82' lang='grc' dir='ltr'>τεύξονται.</span> <span class='ocrx_word' id='word_1_458' title='bbox 802 3297 889 3349; x_wconf 88' lang='grc' dir='ltr'>Ἑν</span> <span class='ocrx_word' id='word_1_459' title='bbox 913 3297 1116 3367; x_wconf 81' lang='grc' dir='ltr'>ὀλίγοις</span> <span class='ocrx_word' id='word_1_460' title='bbox 1147 3301 1257 3372; x_wconf 83' lang='grc' dir='ltr'>γὰρ</span> <span class='ocrx_word' id='word_1_461' title='bbox 1283 3302 1707 3374; x_wconf 85' lang='grc' dir='ltr'>δοκιμασθέντας</span> 
     </span>
    </p>
   </div>
   <div class='ocr_carea' id='block_1_67' title="bbox 114 3381 1705 3462">
    <p class='ocr_par' dir='ltr' id='par_1_67' title="bbox 114 3381 1705 3462">
     <span class='ocr_line' id='line_1_67' title="bbox 114 3381 1705 3462; baseline 0.012 -29"><span class='ocrx_word' id='word_1_462' title='bbox 114 3382 228 3444; x_wconf 83' lang='grc' dir='ltr'>τοῖς</span> <span class='ocrx_word' id='word_1_463' title='bbox 262 3381 404 3435; x_wconf 86' lang='grc' dir='ltr'><strong>κατά</strong></span> <span class='ocrx_word' id='word_1_464' title='bbox 435 3383 528 3437; x_wconf 81' lang='grc' dir='ltr'><strong>τὸν</strong></span> <span class='ocrx_word' id='word_1_465' title='bbox 552 3386 823 3442; x_wconf 85' lang='grc' dir='ltr'>ἐνεστῶτα</span> <span class='ocrx_word' id='word_1_466' title='bbox 850 3388 983 3460; x_wconf 87' lang='grc' dir='ltr'>βίον,</span> <span class='ocrx_word' id='word_1_467' title='bbox 1012 3393 1274 3462; x_wconf 77' lang='grc' dir='ltr'>μειζόνων</span> <span class='ocrx_word' id='word_1_468' title='bbox 1302 3397 1410 3449; x_wconf 87' lang='grc' dir='ltr'><strong>τῶν</strong></span> <span class='ocrx_word' id='word_1_469' title='bbox 1441 3398 1580 3452; x_wconf 82' lang='grc' dir='ltr'>κατὰ</span> <span class='ocrx_word' id='word_1_470' title='bbox 1613 3400 1705 3452; x_wconf 87' lang='grc' dir='ltr'>τὸν</span> 
     </span>
    </p>
   </div>
   <div class='ocr_carea' id='block_1_68' title="bbox 117 3471 1704 3552">
    <p class='ocr_par' dir='ltr' id='par_1_68' title="bbox 117 3471 1704 3552">
     <span class='ocr_line' id='line_1_68' title="bbox 117 3471 1704 3552; baseline 0.013 -29"><span class='ocrx_word' id='word_1_471' title='bbox 117 3471 382 3540; x_wconf 87' lang='grc' dir='ltr'>μέλλοντα</span> <span class='ocrx_word' id='word_1_472' title='bbox 395 3473 568 3530; x_wconf 81' lang='grc' dir='ltr'>αἰῶνα</span> <span class='ocrx_word' id='word_1_473' title='bbox 579 3477 672 3530; x_wconf 74' lang='grc' dir='ltr'><strong>καὶ</strong></span> <span class='ocrx_word' id='word_1_474' title='bbox 689 3479 954 3550; x_wconf 82' lang='grc' dir='ltr'>οὐρανίων</span> <span class='ocrx_word' id='word_1_475' title='bbox 975 3484 1222 3539; x_wconf 89' lang='grc' dir='ltr'>ἐπάθλων</span> <span class='ocrx_word' id='word_1_476' title='bbox 1237 3489 1580 3552; x_wconf 83' lang='grc' dir='ltr'>καταξιώσει.</span> <span class='ocrx_word' id='word_1_477' title='bbox 1601 3491 1704 3544; x_wconf 79' lang='grc' dir='ltr'><strong>Τὸν</strong></span> 
     </span>
    </p>
   </div>
   <div class='ocr_carea' id='block_1_69' title="bbox 111 3561 1703 3655">
    <p class='ocr_par' dir='ltr' id='par_1_69' title="bbox 111 3561 1703 3655">
     <span class='ocr_line' id='line_1_69' title="bbox 111 3561 1703 3655; baseline 0.014 -41"><span class='ocrx_word' id='word_1_478' title='bbox 111 3561 169 3614; x_wconf 87' lang='grc' dir='ltr'>δὲ</span> <span class='ocrx_word' id='word_1_479' title='bbox 184 3565 426 3636; x_wconf 77' lang='grc' dir='ltr'>πονηρὸν</span> <span class='ocrx_word' id='word_1_480' title='bbox 443 3567 536 3620; x_wconf 74' lang='grc' dir='ltr'>καὶ</span> <span class='ocrx_word' id='word_1_481' title='bbox 554 3567 784 3640; x_wconf 80' lang='grc' dir='ltr'>ὀκνηρὸν</span> <span class='ocrx_word' id='word_1_482' title='bbox 809 3572 992 3628; x_wconf 80' lang='grc' dir='ltr'>δοῦλον</span> <span class='ocrx_word' id='word_1_483' title='bbox 1018 3575 1242 3645; x_wconf 83' lang='grc' dir='ltr'>ἐλέγξας</span> <span class='ocrx_word' id='word_1_484' title='bbox 1265 3580 1357 3632; x_wconf 78' lang='grc' dir='ltr'><strong>ἐπὶ</strong></span> <span class='ocrx_word' id='word_1_485' title='bbox 1379 3583 1444 3652; x_wconf 82' lang='grc' dir='ltr'>τῇ</span> <span class='ocrx_word' id='word_1_486' title='bbox 1468 3583 1703 3655; x_wconf 70' lang='grc' dir='ltr'>πονηρίᾳ</span> 
     </span>
    </p>
   </div>
   <div class='ocr_carea' id='block_1_70' title="bbox 115 3655 1701 3744">
    <p class='ocr_par' dir='ltr' id='par_1_70' title="bbox 115 3655 1701 3744">
     <span class='ocr_line' id='line_1_70' title="bbox 115 3655 1701 3744; baseline 0.014 -37"><span class='ocrx_word' id='word_1_487' title='bbox 115 3655 210 3708; x_wconf 81' lang='grc' dir='ltr'>καὶ</span> <span class='ocrx_word' id='word_1_488' title='bbox 232 3657 312 3728; x_wconf 83' lang='grc' dir='ltr'>τῷ</span> <span class='ocrx_word' id='word_1_489' title='bbox 328 3658 493 3730; x_wconf 72' lang='grc' dir='ltr'>ὄκνῳ,</span> <span class='ocrx_word' id='word_1_490' title='bbox 508 3663 573 3731; x_wconf 80' lang='grc' dir='ltr'>τῇ</span> <span class='ocrx_word' id='word_1_491' title='bbox 593 3664 945 3738; x_wconf 83' lang='grc' dir='ltr'>προσηκούσῃ</span> <span class='ocrx_word' id='word_1_492' title='bbox 960 3669 1273 3738; x_wconf 82' lang='grc' dir='ltr'>παραδώσει</span> <span class='ocrx_word' id='word_1_493' title='bbox 1287 3671 1410 3744; x_wconf 83' lang='grc' dir='ltr'>δίκῃ</span> <span class='ocrx_word' id='word_1_494' title='bbox 1425 3688 1440 3703; x_wconf 74' lang='grc' dir='ltr'><strong><em>ο</em></strong></span> <span class='ocrx_word' id='word_1_495' title='bbox 1472 3674 1701 3744; x_wconf 85' lang='grc' dir='ltr'>ὀκνηρὸν</span> 
     </span>
    </p>
   </div>
   <div class='ocr_carea' id='block_1_71' title="bbox 116 3748 1699 3833">
    <p class='ocr_par' dir='ltr' id='par_1_71' title="bbox 116 3748 1699 3833">
     <span class='ocr_line' id='line_1_71' title="bbox 116 3748 1699 3833; baseline 0.012 -33"><span class='ocrx_word' id='word_1_496' title='bbox 116 3748 218 3817; x_wconf 82' lang='grc' dir='ltr'><strong>μὲν</strong></span> <span class='ocrx_word' id='word_1_497' title='bbox 246 3749 417 3804; x_wconf 83' lang='grc' dir='ltr'>αὐτὸν</span> <span class='ocrx_word' id='word_1_498' title='bbox 442 3753 612 3807; x_wconf 74' lang='grc' dir='ltr'>εἰπὼν</span> <span class='ocrx_word' id='word_1_499' title='bbox 643 3755 732 3809; x_wconf 83' lang='grc' dir='ltr'>διὰ</span> <span class='ocrx_word' id='word_1_500' title='bbox 760 3756 822 3809; x_wconf 85' lang='grc' dir='ltr'><strong>τὸ</strong></span> <span class='ocrx_word' id='word_1_501' title='bbox 857 3757 1021 3829; x_wconf 81' lang='grc' dir='ltr'>μηδὲν</span> <span class='ocrx_word' id='word_1_502' title='bbox 1047 3760 1296 3833; x_wconf 87' lang='grc' dir='ltr'>ἐθελῆσαι</span> <span class='ocrx_word' id='word_1_503' title='bbox 1336 3763 1443 3816; x_wconf 89' lang='grc' dir='ltr'><strong>τῶν</strong></span> <span class='ocrx_word' id='word_1_504' title='bbox 1473 3763 1699 3818; x_wconf 87' lang='grc' dir='ltr'>δεόντων</span> 
     </span>
    </p>
   </div>
   <div class='ocr_carea' id='block_1_72' title="bbox 109 3839 1699 3928">
    <p class='ocr_par' dir='ltr' id='par_1_72' title="bbox 109 3839 1699 3928">
     <span class='ocr_line' id='line_1_72' title="bbox 109 3839 1699 3928; baseline 0.013 -38"><span class='ocrx_word' id='word_1_505' title='bbox 109 3839 482 3910; x_wconf 81' lang='grc' dir='ltr'>ἐργάσασθαι,</span> <span class='ocrx_word' id='word_1_506' title='bbox 525 3846 762 3919; x_wconf 88' lang='grc' dir='ltr'>πονηρὸν</span> <span class='ocrx_word' id='word_1_507' title='bbox 799 3847 856 3902; x_wconf 87' lang='grc' dir='ltr'><strong>δὲ</strong></span> <span class='ocrx_word' id='word_1_508' title='bbox 891 3849 980 3903; x_wconf 88' lang='grc' dir='ltr'><strong>διά</strong></span> <span class='ocrx_word' id='word_1_509' title='bbox 1009 3850 1071 3904; x_wconf 84' lang='grc' dir='ltr'><strong>τὸ</strong></span> <span class='ocrx_word' id='word_1_510' title='bbox 1109 3853 1380 3926; x_wconf 89' lang='grc' dir='ltr'>τολμῆσαι</span> <span class='ocrx_word' id='word_1_511' title='bbox 1421 3854 1584 3924; x_wconf 87' lang='grc' dir='ltr'>φάναι</span> <span class='ocrx_word' id='word_1_512' title='bbox 1621 3855 1699 3928; x_wconf 86' lang='grc' dir='ltr'>τῷ</span> 
     </span>
    </p>
   </div>
   <div class='ocr_carea' id='block_1_73' title="bbox 108 3930 1694 4019">
    <p class='ocr_par' dir='ltr' id='par_1_73' title="bbox 108 3930 1694 4019">
     <span class='ocr_line' id='line_1_73' title="bbox 108 3930 1694 4019; baseline 0.013 -38"><span class='ocrx_word' id='word_1_513' title='bbox 108 3930 304 4019; x_wconf 77' lang='grc' dir='ltr'>ἐαυτοῦ</span> <span class='ocrx_word' id='word_1_514' title='bbox 340 3934 536 4006; x_wconf 83' lang='grc' dir='ltr'>κυρίῳ,</span> <span class='ocrx_word' id='word_1_515' title='bbox 575 3937 858 4010; x_wconf 83' lang='grc' dir='ltr'>Αύστηρὸς</span> <span class='ocrx_word' id='word_1_516' title='bbox 899 3937 952 3994; x_wconf 78' lang='grc' dir='ltr'>εἷ</span> <span class='ocrx_word' id='word_1_517' title='bbox 987 3942 1290 4016; x_wconf 83' lang='grc' dir='ltr'>ἄνθρωπος,</span> <span class='ocrx_word' id='word_1_518' title='bbox 1316 3947 1410 4000; x_wconf 60' lang='grc' dir='ltr'><strong>καὶ⁵</strong></span> <span class='ocrx_word' id='word_1_519' title='bbox 1441 3946 1511 4001; x_wconf 91' lang='grc' dir='ltr'><strong>τά</strong></span> <span class='ocrx_word' id='word_1_520' title='bbox 1545 3947 1694 4019; x_wconf 80' lang='grc' dir='ltr'>ἑξῆς.</span> 
     </span>
    </p>
   </div>
   <div class='ocr_carea' id='block_1_74' title="bbox 121 4017 1693 4105">
    <p class='ocr_par' dir='ltr' id='par_1_74' title="bbox 121 4017 1693 4105">
     <span class='ocr_line' id='line_1_74' title="bbox 121 4017 1693 4105; baseline 0.015 -36"><span class='ocrx_word' id='word_1_521' title='bbox 121 4017 457 4089; x_wconf 79' lang='grc' dir='ltr'>Ἀπελέγξας</span> <span class='ocrx_word' id='word_1_522' title='bbox 485 4023 616 4093; x_wconf 82' lang='grc' dir='ltr'>γοῦν</span> <span class='ocrx_word' id='word_1_523' title='bbox 630 4027 792 4082; x_wconf 81' lang='grc' dir='ltr'>αὐτὸν</span> <span class='ocrx_word' id='word_1_524' title='bbox 818 4030 1083 4102; x_wconf 88' lang='grc' dir='ltr'>πρότερον</span> <span class='ocrx_word' id='word_1_525' title='bbox 1105 4033 1182 4098; x_wconf 86' lang='grc' dir='ltr'><strong>ὡς</strong></span> <span class='ocrx_word' id='word_1_526' title='bbox 1198 4017 1693 4105; x_wconf 82' lang='grc' dir='ltr'>ἐναντιολογοῦντα,</span> 
     </span>
    </p>
   </div>
   <div class='ocr_carea' id='block_1_75' title="bbox 107 4112 1694 4204">
    <p class='ocr_par' dir='ltr' id='par_1_75' title="bbox 107 4112 1694 4204">
     <span class='ocr_line' id='line_1_75' title="bbox 107 4112 1694 4204; baseline 0.016 -43"><span class='ocrx_word' id='word_1_527' title='bbox 107 4112 203 4164; x_wconf 79' lang='grc' dir='ltr'><strong>καὶ</strong></span> <span class='ocrx_word' id='word_1_528' title='bbox 237 4113 302 4165; x_wconf 85' lang='grc' dir='ltr'><strong>ἐκ</strong></span> <span class='ocrx_word' id='word_1_529' title='bbox 326 4113 420 4166; x_wconf 76' lang='grc' dir='ltr'>τοῦ</span> <span class='ocrx_word' id='word_1_530' title='bbox 449 4115 718 4187; x_wconf 86' lang='grc' dir='ltr'>στόματος</span> <span class='ocrx_word' id='word_1_531' title='bbox 749 4123 1088 4194; x_wconf 89' lang='grc' dir='ltr'>κατακρίνας</span> <span class='ocrx_word' id='word_1_532' title='bbox 1127 4127 1312 4191; x_wconf 82' lang='grc' dir='ltr'>αὐτὸν,</span> <span class='ocrx_word' id='word_1_533' title='bbox 1341 4129 1444 4195; x_wconf 84' lang='grc' dir='ltr'>ὅτι,</span> <span class='ocrx_word' id='word_1_534' title='bbox 1489 4132 1694 4204; x_wconf 87' lang='grc' dir='ltr'>καίπερ</span> 
     </span>
    </p>
   </div>
   <div class='ocr_carea' id='block_1_76' title="bbox 104 4204 1691 4294">
    <p class='ocr_par' dir='ltr' id='par_1_76' title="bbox 104 4204 1691 4294">
     <span class='ocr_line' id='line_1_76' title="bbox 104 4204 1691 4294; baseline 0.013 -39"><span class='ocrx_word' id='word_1_535' title='bbox 104 4204 271 4257; x_wconf 84' lang='grc' dir='ltr'>αὐτὸν</span> <span class='ocrx_word' id='word_1_536' title='bbox 289 4205 565 4278; x_wconf 78' lang='grc' dir='ltr'>αὐστηρὸν</span> <span class='ocrx_word' id='word_1_537' title='bbox 586 4210 680 4263; x_wconf 75' lang='grc' dir='ltr'>καὶ</span> <span class='ocrx_word' id='word_1_538' title='bbox 703 4212 1081 4285; x_wconf 84' lang='grc' dir='ltr'>ἀπαραίτητον</span> <span class='ocrx_word' id='word_1_539' title='bbox 1113 4218 1307 4290; x_wconf 85' lang='grc' dir='ltr'>κριτὴν</span> <span class='ocrx_word' id='word_1_540' title='bbox 1329 4215 1467 4274; x_wconf 73' lang='grc' dir='ltr'>εἶναι</span> <span class='ocrx_word' id='word_1_541' title='bbox 1489 4222 1691 4294; x_wconf 82' lang='grc' dir='ltr'>φήσας,</span> 
     </span>
    </p>
   </div>
   <div class='ocr_carea' id='block_1_77' title="bbox 105 4295 1692 4384">
    <p class='ocr_par' dir='ltr' id='par_1_77' title="bbox 105 4295 1692 4384">
     <span class='ocr_line' id='line_1_77' title="bbox 105 4295 1692 4384; baseline 0.013 -36"><span class='ocrx_word' id='word_1_542' title='bbox 105 4295 260 4365; x_wconf 82' lang='grc' dir='ltr'>ὅμως</span> <span class='ocrx_word' id='word_1_543' title='bbox 291 4299 698 4371; x_wconf 83' lang='grc' dir='ltr'>κατεφρόνησεν</span> <span class='ocrx_word' id='word_1_544' title='bbox 742 4304 817 4369; x_wconf 88' lang='grc' dir='ltr'>ὡς</span> <span class='ocrx_word' id='word_1_545' title='bbox 857 4305 1024 4376; x_wconf 81' lang='grc' dir='ltr'>μηδὲν</span> <span class='ocrx_word' id='word_1_546' title='bbox 1056 4309 1260 4377; x_wconf 85' lang='grc' dir='ltr'>ἀγαθὸν</span> <span class='ocrx_word' id='word_1_547' title='bbox 1292 4310 1515 4383; x_wconf 85' lang='grc' dir='ltr'>θελῆσαι</span> <span class='ocrx_word' id='word_1_548' title='bbox 1546 4316 1692 4384; x_wconf 77' lang='grc' dir='ltr'>πρᾶ-</span> 
     </span>
    </p>
   </div>
   <div class='ocr_carea' id='block_1_78' title="bbox 103 4386 1692 4475">
    <p class='ocr_par' dir='ltr' id='par_1_78' title="bbox 103 4386 1692 4475">
     <span class='ocr_line' id='line_1_78' title="bbox 103 4386 1692 4475; baseline 0.01 -35"><span class='ocrx_word' id='word_1_549' title='bbox 103 4386 214 4452; x_wconf 82' lang='grc' dir='ltr'>ξαι,</span> <span class='ocrx_word' id='word_1_550' title='bbox 238 4388 588 4464; x_wconf 86' lang='grc' dir='ltr'>δικαιοτάτην</span> <span class='ocrx_word' id='word_1_551' title='bbox 606 4393 802 4459; x_wconf 82' lang='grc' dir='ltr'>ἐξοίσει</span> <span class='ocrx_word' id='word_1_552' title='bbox 823 4397 922 4468; x_wconf 81' lang='grc' dir='ltr'>τὴν</span> <span class='ocrx_word' id='word_1_553' title='bbox 944 4399 1064 4451; x_wconf 83' lang='grc' dir='ltr'>κατ’</span> <span class='ocrx_word' id='word_1_554' title='bbox 1095 4399 1260 4453; x_wconf 82' lang='grc' dir='ltr'>αὐτοῦ</span> <span class='ocrx_word' id='word_1_555' title='bbox 1287 4401 1487 4473; x_wconf 83' lang='grc' dir='ltr'>ψῆφον,</span> <span class='ocrx_word' id='word_1_556' title='bbox 1515 4405 1692 4475; x_wconf 86' lang='grc' dir='ltr'>σκότῳ</span> 
     </span>
    </p>
   </div>
   <div class='ocr_carea' id='block_1_79' title="bbox 104 4481 1762 4584">
    <p class='ocr_par' dir='ltr' id='par_1_79' title="bbox 104 4481 1762 4584">
     <span class='ocr_line' id='line_1_79' title="bbox 104 4481 1762 4584; baseline 0.012 -53"><span class='ocrx_word' id='word_1_557' title='bbox 104 4481 389 4552; x_wconf 74' lang='grc' dir='ltr'>παραδοὺς</span> <span class='ocrx_word' id='word_1_558' title='bbox 444 4484 608 4538; x_wconf 81' lang='grc' dir='ltr'>αὑτὸν</span> <span class='ocrx_word' id='word_1_559' title='bbox 655 4485 928 4560; x_wconf 81' lang='grc' dir='ltr'>ἐξωτάτῳ,</span> <span class='ocrx_word' id='word_1_560' title='bbox 981 4491 1058 4555; x_wconf 86' lang='grc' dir='ltr'>ὡς</span> <span class='ocrx_word' id='word_1_561' title='bbox 1100 4492 1162 4546; x_wconf 84' lang='grc' dir='ltr'><strong>οὐ</strong></span> <span class='ocrx_word' id='word_1_562' title='bbox 1205 4493 1364 4563; x_wconf 89' lang='grc' dir='ltr'>μόνον</span> <span class='ocrx_word' id='word_1_563' title='bbox 1390 4495 1558 4567; x_wconf 80' lang='grc' dir='ltr'>ἀργὸν</span> <span class='ocrx_word' id='word_1_564' title='bbox 1589 4498 1686 4550; x_wconf 68' lang='grc' dir='ltr'><strong>καὶ</strong></span> <span class='ocrx_word' id='word_1_565' title='bbox 1717 4528 1762 4584; x_wconf 76' lang='lat' dir='ltr'><strong>D</strong></span> 
     </span>
    </p>
   </div>
   <div class='ocr_carea' id='block_1_80' title="bbox 102 4573 1682 4656">
    <p class='ocr_par' dir='ltr' id='par_1_80' title="bbox 102 4573 1682 4656">
     <span class='ocr_line' id='line_1_80' title="bbox 102 4573 1682 4656; baseline 0.011 -32"><span class='ocrx_word' id='word_1_566' title='bbox 102 4573 370 4644; x_wconf 78' lang='grc' dir='ltr'>πονηρὸν,</span> <span class='ocrx_word' id='word_1_567' title='bbox 422 4575 560 4631; x_wconf 84' lang='grc' dir='ltr'><strong>ἀλλά</strong></span> <span class='ocrx_word' id='word_1_568' title='bbox 601 4579 693 4632; x_wconf 79' lang='grc' dir='ltr'><strong>καὶ</strong></span> <span class='ocrx_word' id='word_1_569' title='bbox 739 4581 956 4653; x_wconf 84' lang='grc' dir='ltr'>ἀχρεῖον</span> <span class='ocrx_word' id='word_1_570' title='bbox 997 4585 1092 4636; x_wconf 77' lang='grc' dir='ltr'><strong>καὶ</strong></span> <span class='ocrx_word' id='word_1_571' title='bbox 1138 4584 1446 4656; x_wconf 78' lang='grc' dir='ltr'>ἀπόϐλητον</span> <span class='ocrx_word' id='word_1_572' title='bbox 1479 4586 1682 4644; x_wconf 83' lang='grc' dir='ltr'>δοῦλον.</span> 
     </span>
    </p>
   </div>
   <div class='ocr_carea' id='block_1_81' title="bbox 102 4663 1689 4750">
    <p class='ocr_par' dir='ltr' id='par_1_81' title="bbox 102 4663 1689 4750">
     <span class='ocr_line' id='line_1_81' title="bbox 102 4663 1689 4750; baseline 0.011 -35"><span class='ocrx_word' id='word_1_573' title='bbox 102 4665 257 4730; x_wconf 81' lang='grc' dir='ltr'>Δόξει</span> <span class='ocrx_word' id='word_1_574' title='bbox 289 4665 391 4736; x_wconf 85' lang='grc' dir='ltr'><strong>μὲν</strong></span> <span class='ocrx_word' id='word_1_575' title='bbox 412 4663 504 4720; x_wconf 79' lang='grc' dir='ltr'><strong>οὖν</strong></span> <span class='ocrx_word' id='word_1_576' title='bbox 529 4669 874 4743; x_wconf 84' lang='grc' dir='ltr'>ἀπεριέργως</span> <span class='ocrx_word' id='word_1_577' title='bbox 894 4673 1018 4726; x_wconf 85' lang='grc' dir='ltr'>ὅσον</span> <span class='ocrx_word' id='word_1_578' title='bbox 1045 4675 1138 4728; x_wconf 58' lang='grc' dir='ltr'><strong>ἐπὶ⁸</strong></span> <span class='ocrx_word' id='word_1_579' title='bbox 1165 4677 1230 4746; x_wconf 82' lang='grc' dir='ltr'>τῇ</span> <span class='ocrx_word' id='word_1_580' title='bbox 1249 4676 1539 4749; x_wconf 83' lang='grc' dir='ltr'>ἀκολουθίᾳ</span> <span class='ocrx_word' id='word_1_581' title='bbox 1562 4680 1689 4750; x_wconf 77' lang='grc' dir='ltr'>περὶ</span> 
     </span>
    </p>
   </div>
   <div class='ocr_carea' id='block_1_82' title="bbox 101 4753 1687 4836">
    <p class='ocr_par' dir='ltr' id='par_1_82' title="bbox 101 4753 1687 4836">
     <span class='ocr_line' id='line_1_82' title="bbox 101 4753 1687 4836; baseline 0.011 -31"><span class='ocrx_word' id='word_1_582' title='bbox 101 4753 197 4806; x_wconf 79' lang='grc' dir='ltr'>τοῦ</span> <span class='ocrx_word' id='word_1_583' title='bbox 240 4755 410 4826; x_wconf 84' lang='grc' dir='ltr'>μηδὲν</span> <span class='ocrx_word' id='word_1_584' title='bbox 436 4759 833 4832; x_wconf 89' lang='grc' dir='ltr'>ἐργασαμένου,</span> <span class='ocrx_word' id='word_1_585' title='bbox 860 4763 997 4817; x_wconf 89' lang='grc' dir='ltr'><strong>ἀλλά</strong></span> <span class='ocrx_word' id='word_1_586' title='bbox 1031 4765 1448 4836; x_wconf 82' lang='grc' dir='ltr'>ἀποκρύψαντος</span> <span class='ocrx_word' id='word_1_587' title='bbox 1487 4768 1548 4820; x_wconf 77' lang='grc' dir='ltr'>τὸ</span> <span class='ocrx_word' id='word_1_588' title='bbox 1588 4769 1687 4822; x_wconf 88' lang='grc' dir='ltr'>τά-</span> 
     </span>
    </p>
   </div>
   <div class='ocr_carea' id='block_1_83' title="bbox 103 4846 1685 4930">
    <p class='ocr_par' dir='ltr' id='par_1_83' title="bbox 103 4846 1685 4930">
     <span class='ocr_line' id='line_1_83' title="bbox 103 4846 1685 4930; baseline 0.006 -30"><span class='ocrx_word' id='word_1_589' title='bbox 103 4846 302 4902; x_wconf 84' lang='grc' dir='ltr'>λαντον</span> <span class='ocrx_word' id='word_1_590' title='bbox 322 4889 336 4912; x_wconf 90' lang='grc'><strong>,</strong></span> <span class='ocrx_word' id='word_1_591' title='bbox 359 4849 505 4904; x_wconf 79' lang='grc' dir='ltr'>τοῦτ’</span> <span class='ocrx_word' id='word_1_592' title='bbox 537 4853 812 4924; x_wconf 75' lang='grc' dir='ltr'>εἰρῆσθαι·</span> <span class='ocrx_word' id='word_1_593' title='bbox 842 4856 966 4909; x_wconf 84' lang='grc' dir='ltr'>ἐπεὶ</span> <span class='ocrx_word' id='word_1_594' title='bbox 997 4856 1056 4910; x_wconf 84' lang='grc' dir='ltr'><strong>δὲ</strong></span> <span class='ocrx_word' id='word_1_595' title='bbox 1081 4857 1142 4910; x_wconf 82' lang='grc' dir='ltr'><strong>τὸ</strong></span> <span class='ocrx_word' id='word_1_596' title='bbox 1168 4860 1248 4922; x_wconf 82' lang='grc' dir='ltr'><strong>είς</strong></span> <span class='ocrx_word' id='word_1_597' title='bbox 1268 4860 1413 4930; x_wconf 81' lang='grc' dir='ltr'>ἡμᾶς</span> <span class='ocrx_word' id='word_1_598' title='bbox 1424 4853 1556 4930; x_wconf 78' lang='grc' dir='ltr'>ἧκον</span> <span class='ocrx_word' id='word_1_599' title='bbox 1574 4859 1685 4930; x_wconf 71' lang='grc' dir='ltr'><strong>(2η)</strong></span> 
     </span>
    </p>
   </div>
   <div class='ocr_carea' id='block_1_84' title="bbox 113 4940 1686 5022">
    <p class='ocr_par' dir='ltr' id='par_1_84' title="bbox 113 4940 1686 5022">
     <span class='ocr_line' id='line_1_84' title="bbox 113 4940 1686 5022; baseline 0.008 -30"><span class='ocrx_word' id='word_1_600' title='bbox 113 4940 432 5011; x_wconf 81' lang='grc' dir='ltr'>Ἑϐραϊκοῖς</span> <span class='ocrx_word' id='word_1_601' title='bbox 495 4945 872 5016; x_wconf 89' lang='grc' dir='ltr'>χαρακτῆρσιν</span> <span class='ocrx_word' id='word_1_602' title='bbox 915 4947 1242 5016; x_wconf 83' lang='grc' dir='ltr'>Εὑαγγέλιον</span> <span class='ocrx_word' id='word_1_603' title='bbox 1295 4948 1398 5021; x_wconf 80' lang='grc' dir='ltr'>τὴν</span> <span class='ocrx_word' id='word_1_604' title='bbox 1453 4949 1686 5022; x_wconf 83' lang='grc' dir='ltr'>ἀπειλὴν</span> 
     </span>
    </p>
   </div>
   <div class='ocr_carea' id='block_1_85' title="bbox 101 5033 1684 5111">
    <p class='ocr_par' dir='ltr' id='par_1_85' title="bbox 101 5033 1684 5111">
     <span class='ocr_line' id='line_1_85' title="bbox 101 5033 1684 5111; baseline 0.008 -27"><span class='ocrx_word' id='word_1_605' title='bbox 101 5033 162 5085; x_wconf 75' lang='grc' dir='ltr'>οὗ</span> <span class='ocrx_word' id='word_1_606' title='bbox 203 5034 351 5088; x_wconf 88' lang='grc' dir='ltr'>κατὰ</span> <span class='ocrx_word' id='word_1_607' title='bbox 379 5034 474 5087; x_wconf 81' lang='grc' dir='ltr'>τοῦ</span> <span class='ocrx_word' id='word_1_608' title='bbox 519 5037 936 5110; x_wconf 84' lang='grc' dir='ltr'>ἀποκρύψαντος</span> <span class='ocrx_word' id='word_1_609' title='bbox 967 5040 1192 5111; x_wconf 86' lang='grc' dir='ltr'>ἐπῆγεν,</span> <span class='ocrx_word' id='word_1_610' title='bbox 1238 5041 1374 5096; x_wconf 86' lang='grc' dir='ltr'>ἀλλὰ</span> <span class='ocrx_word' id='word_1_611' title='bbox 1416 5041 1560 5097; x_wconf 81' lang='grc' dir='ltr'>κατὰ</span> <span class='ocrx_word' id='word_1_612' title='bbox 1591 5043 1684 5097; x_wconf 82' lang='grc' dir='ltr'>τοῦ</span> 
     </span>
    </p>
   </div>
   <div class='ocr_carea' id='block_1_86' title="bbox 171 5123 724 5194">
    <p class='ocr_par' dir='ltr' id='par_1_86' title="bbox 171 5123 724 5194">
     <span class='ocr_line' id='line_1_86' title="bbox 171 5123 724 5194; baseline 0.014 -17"><span class='ocrx_word' id='word_1_613' title='bbox 171 5123 220 5156; x_wconf 76' lang='grc'><strong>⁸⁷</strong></span> <span class='ocrx_word' id='word_1_614' title='bbox 256 5125 444 5182; x_wconf 75' lang='lat' dir='ltr'><strong>Matth.</strong></span> <span class='ocrx_word' id='word_1_615' title='bbox 485 5143 614 5194; x_wconf 90' lang='lat' dir='ltr'><strong>xxv,</strong></span> <span class='ocrx_word' id='word_1_616' title='bbox 638 5130 724 5185; x_wconf 78' lang='lat' dir='ltr'><strong>M.</strong></span> 
     </span>
    </p>
   </div>
   <div class='ocr_carea' id='block_1_87' title="bbox 173 5217 1674 5294">
    <p class='ocr_par' dir='ltr' id='par_1_87' title="bbox 173 5217 1674 5294">
     <span class='ocr_line' id='line_1_87' title="bbox 173 5217 1674 5294; baseline 0.005 -24"><span class='ocrx_word' id='word_1_617' title='bbox 173 5217 470 5294; x_wconf 28' lang='lat' dir='ltr'><strong>(1_8)‘Ul_0r</strong></span> <span class='ocrx_word' id='word_1_618' title='bbox 503 5221 605 5276; x_wconf 89' lang='lat' dir='ltr'><strong>hoc</strong></span> <span class='ocrx_word' id='word_1_619' title='bbox 624 5224 820 5294; x_wconf 78' lang='lat' dir='ltr'><strong>verbo,</strong></span> <span class='ocrx_word' id='word_1_620' title='bbox 853 5223 994 5289; x_wconf 84' lang='lat' dir='ltr'><strong>quod</strong></span> <span class='ocrx_word' id='word_1_621' title='bbox 1015 5234 1101 5278; x_wconf 90' lang='lat' dir='ltr'><strong>est</strong></span> <span class='ocrx_word' id='word_1_622' title='bbox 1133 5223 1184 5277; x_wconf 93' lang='lat' dir='ltr'><strong>in</strong></span> <span class='ocrx_word' id='word_1_623' title='bbox 1227 5223 1546 5294; x_wconf 81' lang='lat' dir='ltr'><strong>fragmentis</strong></span> <span class='ocrx_word' id='word_1_624' title='bbox 1574 5240 1674 5277; x_wconf 81' lang='lat' dir='ltr'><strong>an—</strong></span> 
     </span>
    </p>
   </div>
   <div class='ocr_carea' id='block_1_88' title="bbox 102 5288 1673 5359">
    <p class='ocr_par' dir='ltr' id='par_1_88' title="bbox 102 5288 1673 5359">
     <span class='ocr_line' id='line_1_88' title="bbox 102 5288 1673 5359; baseline 0.006 -20"><span class='ocrx_word' id='word_1_625' title='bbox 102 5288 434 5355; x_wconf 86' lang='lat' dir='ltr'><strong>tiquissimis</strong></span> <span class='ocrx_word' id='word_1_626' title='bbox 463 5293 664 5346; x_wconf 83' lang='lat' dir='ltr'><strong>veteris</strong></span> <span class='ocrx_word' id='word_1_627' title='bbox 689 5288 830 5351; x_wconf 57' lang='lat' dir='ltr'><strong>Italae</strong></span> <span class='ocrx_word' id='word_1_628' title='bbox 862 5294 1051 5348; x_wconf 82' lang='lat' dir='ltr'><strong>Matth.</strong></span> <span class='ocrx_word' id='word_1_629' title='bbox 1082 5288 1368 5359; x_wconf 57' lang='lat' dir='ltr'><strong>xtx,12,&#39;a</strong></span> <span class='ocrx_word' id='word_1_630' title='bbox 1403 5311 1488 5350; x_wconf 91' lang='lat' dir='ltr'><strong>me</strong></span> <span class='ocrx_word' id='word_1_631' title='bbox 1512 5296 1673 5349; x_wconf 85' lang='lat' dir='ltr'><strong>editis</strong></span> 
     </span>
    </p>
   </div>
   <div class='ocr_carea' id='block_1_89' title="bbox 99 5360 1672 5436">
    <p class='ocr_par' dir='ltr' id='par_1_89' title="bbox 99 5360 1672 5436">
     <span class='ocr_line' id='line_1_89' title="bbox 99 5360 1672 5436; baseline 0.005 -26"><span class='ocrx_word' id='word_1_632' title='bbox 99 5372 223 5436; x_wconf 71' lang='lat' dir='ltr'><strong>cum</strong></span> <span class='ocrx_word' id='word_1_633' title='bbox 247 5360 437 5436; x_wconf 84' lang='lat' dir='ltr'><strong>_sanet_i</strong></span> <span class='ocrx_word' id='word_1_634' title='bbox 471 5360 758 5431; x_wconf 80' lang='lat' dir='ltr'><strong>Augustini</strong></span> <span class='ocrx_word' id='word_1_635' title='bbox 788 5365 1024 5436; x_wconf 75' lang='lat' dir='ltr'><strong>genuino</strong></span> <span class='ocrx_word' id='word_1_636' title='bbox 1054 5362 1313 5436; x_wconf 44' lang='lat' dir='ltr'><strong>Speculo!&quot;</strong></span> <span class='ocrx_word' id='word_1_637' title='bbox 1371 5367 1533 5436; x_wconf 83' lang='lat' dir='ltr'><strong>idque</strong></span> <span class='ocrx_word' id='word_1_638' title='bbox 1576 5380 1672 5418; x_wconf 85' lang='lat' dir='ltr'><strong>v0-</strong></span> 
     </span>
    </p>
   </div>
   <div class='ocr_carea' id='block_1_90' title="bbox 100 5427 1671 5504">
    <p class='ocr_par' dir='ltr' id='par_1_90' title="bbox 100 5427 1671 5504">
     <span class='ocr_line' id='line_1_90' title="bbox 100 5427 1671 5504; baseline 0.006 -26"><span class='ocrx_word' id='word_1_639' title='bbox 100 5427 356 5504; x_wconf 66' lang='lat' dir='ltr'><strong>ealiulunt</strong></span> <span class='ocrx_word' id='word_1_640' title='bbox 409 5429 460 5504; x_wconf 89' lang='lat' dir='ltr'><strong>l_n</strong></span> <span class='ocrx_word' id='word_1_641' title='bbox 511 5427 634 5504; x_wconf 58' lang='lat' dir='ltr'><strong>luco</strong></span> <span class='ocrx_word' id='word_1_642' title='bbox 675 5427 888 5502; x_wconf 71' lang='lat' dir='ltr'><strong>quoque</strong></span> <span class='ocrx_word' id='word_1_643' title='bbox 944 5427 1213 5504; x_wconf 81' lang='lat' dir='ltr'><strong>glossario</strong></span> <span class='ocrx_word' id='word_1_644' title='bbox 1264 5427 1461 5504; x_wconf 75' lang='grc' dir='ltr'><strong>8ρίσίίῖ</strong></span> <span class='ocrx_word' id='word_1_645' title='bbox 1501 5444 1540 5488; x_wconf 92' lang='lat' dir='ltr'><strong>t.</strong></span> <span class='ocrx_word' id='word_1_646' title='bbox 1590 5447 1671 5499; x_wconf 78' lang='lat' dir='ltr'><strong>ix,</strong></span> 
     </span>
    </p>
   </div>
   <div class='ocr_carea' id='block_1_91' title="bbox 95 5495 1676 5575">
    <p class='ocr_par' dir='ltr' id='par_1_91' title="bbox 95 5495 1676 5575">
     <span class='ocr_line' id='line_1_91' title="bbox 95 5495 1676 5575; baseline 0.005 -26"><span class='ocrx_word' id='word_1_647' title='bbox 95 5495 217 5575; x_wconf 78' lang='lat' dir='ltr'><strong>iure</strong></span> <span class='ocrx_word' id='word_1_648' title='bbox 248 5499 441 5568; x_wconf 87' lang='lat' dir='ltr'><strong>scripsi</strong></span> <span class='ocrx_word' id='word_1_649' title='bbox 469 5519 484 5555; x_wconf 87' lang='lat'><strong>:</strong></span> <span class='ocrx_word' id='word_1_650' title='bbox 515 5503 651 5555; x_wconf 83' lang='lat' dir='ltr'><strong>Sunt</strong></span> <span class='ocrx_word' id='word_1_651' title='bbox 688 5495 974 5573; x_wconf 48' lang='lat' dir='ltr'><strong>ipadones‘,’</strong></span> <span class='ocrx_word' id='word_1_652' title='bbox 989 5513 1147 5575; x_wconf 15' lang='lat' dir='ltr'><strong>ietc.,</strong></span> <span class='ocrx_word' id='word_1_653' title='bbox 1174 5505 1265 5575; x_wconf 81' lang='lat' dir='ltr'><strong>qui</strong></span> <span class='ocrx_word' id='word_1_654' title='bbox 1294 5495 1349 5560; x_wconf 74' lang='lat' dir='ltr'><strong>se</strong></span> <span class='ocrx_word' id='word_1_655' title='bbox 1386 5507 1525 5574; x_wconf 75' lang='lat' dir='ltr'><strong>ipsos</strong></span> <span class='ocrx_word' id='word_1_656' title='bbox 1551 5495 1676 5574; x_wconf 54' lang='lat' dir='ltr'><strong>spaL</strong></span> 
     </span>
    </p>
   </div>
   <div class='ocr_carea' id='block_1_92' title="bbox 98 5565 1679 5646">
    <p class='ocr_par' dir='ltr' id='par_1_92' title="bbox 98 5565 1679 5646">
     <span class='ocr_line' id='line_1_92' title="bbox 98 5565 1679 5646; baseline 0.008 -28"><span class='ocrx_word' id='word_1_657' title='bbox 98 5565 426 5646; x_wconf 52' lang='lat' dir='ltr'><strong>domuerant</strong></span> <span class='ocrx_word' id='word_1_658' title='bbox 458 5586 676 5646; x_wconf 60' lang='lat' dir='ltr'><strong>propter</strong></span> <span class='ocrx_word' id='word_1_659' title='bbox 697 5565 934 5646; x_wconf 64' lang='lat' dir='ltr'><strong>regnum.</strong></span> <span class='ocrx_word' id='word_1_660' title='bbox 957 5565 1086 5646; x_wconf 41' lang='lat' dir='ltr'><strong>&#39;Quo</strong></span> <span class='ocrx_word' id='word_1_661' title='bbox 1114 5565 1424 5646; x_wconf 59' lang='lat' dir='ltr'><strong>piosensu&#39;,</strong></span> <span class='ocrx_word' id='word_1_662' title='bbox 1443 5586 1527 5646; x_wconf 17' lang='lat' dir='ltr'><strong>iet</strong></span> <span class='ocrx_word' id='word_1_663' title='bbox 1561 5565 1679 5645; x_wconf 83' lang='lat' dir='ltr'><strong>qni-</strong></span> 
     </span>
    </p>
   </div>
   <div class='ocr_carea' id='block_1_93' title="bbox 98 5637 1675 5711">
    <p class='ocr_par' dir='ltr' id='par_1_93' title="bbox 98 5637 1675 5711">
     <span class='ocr_line' id='line_1_93' title="bbox 98 5637 1675 5711; baseline 0.008 -23"><span class='ocrx_word' id='word_1_664' title='bbox 98 5637 222 5711; x_wconf 71' lang='lat' dir='ltr'><strong>dem</strong></span> <span class='ocrx_word' id='word_1_665' title='bbox 262 5638 388 5711; x_wconf 85' lang='lat' dir='ltr'><strong>hnc</strong></span> <span class='ocrx_word' id='word_1_666' title='bbox 429 5637 776 5711; x_wconf 40' lang='lat' dir='ltr'><strong>respiciens;</strong></span> <span class='ocrx_word' id='word_1_667' title='bbox 793 5646 956 5700; x_wconf 91' lang='lat' dir='ltr'><strong>etiam</strong></span> <span class='ocrx_word' id='word_1_668' title='bbox 982 5637 1377 5701; x_wconf 38' lang='lat' dir='ltr'><strong>&quot;Ter&#39;tullianus</strong></span> <span class='ocrx_word' id='word_1_669' title='bbox 1407 5637 1504 5700; x_wconf 70' lang='grc' dir='ltr'><strong>’Πε</strong></span> <span class='ocrx_word' id='word_1_670' title='bbox 1548 5637 1675 5701; x_wconf 76' lang='grc' dir='ltr'>εἱιίι.</span> 
     </span>
    </p>
   </div>
   <div class='ocr_carea' id='block_1_94' title="bbox 100 5704 1680 5830">
    <p class='ocr_par' dir='ltr' id='par_1_94' title="bbox 100 5704 1680 5829">
     <span class='ocr_line' id='line_1_94' title="bbox 100 5704 1680 5829; baseline 0.009 -72"><span class='ocrx_word' id='word_1_671' title='bbox 100 5704 221 5829; x_wconf 54' lang='lat'><strong>[32.</strong></span> <span class='ocrx_word' id='word_1_672' title='bbox 245 5723 322 5778; x_wconf 79' lang='lat' dir='ltr'><strong>ix,</strong></span> <span class='ocrx_word' id='word_1_673' title='bbox 340 5710 496 5781; x_wconf 89' lang='lat' dir='ltr'><strong>dixit,</strong></span> <span class='ocrx_word' id='word_1_674' title='bbox 513 5704 570 5767; x_wconf 68' lang='lat' dir='ltr'><strong>3e</strong></span> <span class='ocrx_word' id='word_1_675' title='bbox 594 5704 912 5784; x_wconf 74' lang='lat' dir='ltr'><strong>spadonatut&#39;</strong></span> <span class='ocrx_word' id='word_1_676' title='bbox 935 5717 1206 5787; x_wconf 75' lang='lat' dir='ltr'><strong>assignant</strong></span> <span class='ocrx_word' id='word_1_677' title='bbox 1232 5725 1445 5788; x_wconf 79' lang='lat' dir='ltr'><strong>propter</strong></span> <span class='ocrx_word' id='word_1_678' title='bbox 1464 5731 1680 5784; x_wconf 84' lang='lat' dir='ltr'><strong>regnum</strong></span> 
     </span>
    </p>
   </div>
   <div class='ocr_carea' id='block_1_95' title="bbox 1808 3301 3380 3375">
    <p class='ocr_par' dir='ltr' id='par_1_95' title="bbox 1808 3301 3380 3375">
     <span class='ocr_line' id='line_1_95' title="bbox 1808 3301 3380 3375; baseline 0.01 -27"><span class='ocrx_word' id='word_1_679' title='bbox 1808 3311 1916 3364; x_wconf 92' lang='lat' dir='ltr'><strong>quo</strong></span> <span class='ocrx_word' id='word_1_680' title='bbox 1946 3307 2192 3368; x_wconf 90' lang='lat' dir='ltr'><strong>tempore</strong></span> <span class='ocrx_word' id='word_1_681' title='bbox 2220 3301 2494 3356; x_wconf 90' lang='lat' dir='ltr'><strong>rationum</strong></span> <span class='ocrx_word' id='word_1_682' title='bbox 2536 3303 2644 3358; x_wconf 91' lang='lat' dir='ltr'><strong>dati</strong></span> <span class='ocrx_word' id='word_1_683' title='bbox 2679 3313 2736 3359; x_wconf 89' lang='lat' dir='ltr'><strong>et</strong></span> <span class='ocrx_word' id='word_1_684' title='bbox 2777 3306 2987 3375; x_wconf 88' lang='lat' dir='ltr'><strong>accepti</strong></span> <span class='ocrx_word' id='word_1_685' title='bbox 3017 3308 3245 3364; x_wconf 90' lang='lat' dir='ltr'><strong>collatio</strong></span> <span class='ocrx_word' id='word_1_686' title='bbox 3269 3310 3380 3374; x_wconf 87' lang='lat' dir='ltr'><strong>fiet,</strong></span> 
     </span>
    </p>
   </div>
   <div class='ocr_carea' id='block_1_96' title="bbox 1806 3388 3383 3472">
    <p class='ocr_par' dir='ltr' id='par_1_96' title="bbox 1806 3388 3383 3472">
     <span class='ocr_line' id='line_1_96' title="bbox 1806 3388 3383 3472; baseline 0.01 -31"><span class='ocrx_word' id='word_1_687' title='bbox 1806 3388 2042 3443; x_wconf 88' lang='lat' dir='ltr'><strong>faustum</strong></span> <span class='ocrx_word' id='word_1_688' title='bbox 2083 3391 2395 3462; x_wconf 87' lang='lat' dir='ltr'><strong>bonumque</strong></span> <span class='ocrx_word' id='word_1_689' title='bbox 2422 3395 2792 3451; x_wconf 89' lang='lat' dir='ltr'><strong>testimonium</strong></span> <span class='ocrx_word' id='word_1_690' title='bbox 2850 3397 3107 3454; x_wconf 80' lang='lat' dir='ltr'><strong>referent.</strong></span> <span class='ocrx_word' id='word_1_691' title='bbox 3139 3399 3383 3472; x_wconf 88' lang='lat' dir='ltr'><strong>Namque</strong></span> 
     </span>
    </p>
   </div>
   <div class='ocr_carea' id='block_1_97' title="bbox 1806 3479 3378 3558">
    <p class='ocr_par' dir='ltr' id='par_1_97' title="bbox 1806 3479 3378 3558">
     <span class='ocr_line' id='line_1_97' title="bbox 1806 3479 3378 3558; baseline 0.008 -24"><span class='ocrx_word' id='word_1_692' title='bbox 1806 3479 1858 3534; x_wconf 90' lang='lat' dir='ltr'><strong>in</strong></span> <span class='ocrx_word' id='word_1_693' title='bbox 1889 3480 2079 3548; x_wconf 86' lang='lat' dir='ltr'><strong>paucis</strong></span> <span class='ocrx_word' id='word_1_694' title='bbox 2105 3483 2384 3550; x_wconf 86' lang='lat' dir='ltr'><strong>probatos,</strong></span> <span class='ocrx_word' id='word_1_695' title='bbox 2423 3483 2476 3538; x_wconf 93' lang='lat' dir='ltr'><strong>in</strong></span> <span class='ocrx_word' id='word_1_696' title='bbox 2507 3495 2772 3554; x_wconf 64' lang='lat' dir='ltr'><strong>praesente</strong></span> <span class='ocrx_word' id='word_1_697' title='bbox 2803 3488 3062 3544; x_wconf 90' lang='lat' dir='ltr'><strong>nimirum</strong></span> <span class='ocrx_word' id='word_1_698' title='bbox 3094 3490 3228 3558; x_wconf 80' lang='lat' dir='ltr'><strong>vita,</strong></span> <span class='ocrx_word' id='word_1_699' title='bbox 3258 3508 3378 3546; x_wconf 91' lang='lat' dir='ltr'><strong>ma-</strong></span> 
     </span>
    </p>
   </div>
   <div class='ocr_carea' id='block_1_98' title="bbox 1798 3569 3382 3646">
    <p class='ocr_par' dir='ltr' id='par_1_98' title="bbox 1798 3569 3382 3646">
     <span class='ocr_line' id='line_1_98' title="bbox 1798 3569 3382 3646; baseline 0.005 -21"><span class='ocrx_word' id='word_1_700' title='bbox 1798 3569 2010 3640; x_wconf 87' lang='lat' dir='ltr'><strong>joribus</strong></span> <span class='ocrx_word' id='word_1_701' title='bbox 2044 3572 2097 3625; x_wconf 93' lang='lat' dir='ltr'><strong>in</strong></span> <span class='ocrx_word' id='word_1_702' title='bbox 2129 3572 2312 3627; x_wconf 79' lang='lat' dir='ltr'><strong>futuro</strong></span> <span class='ocrx_word' id='word_1_703' title='bbox 2357 3574 2557 3630; x_wconf 69' lang='lat' dir='ltr'><strong>saeculo</strong></span> <span class='ocrx_word' id='word_1_704' title='bbox 2589 3586 2644 3630; x_wconf 90' lang='lat' dir='ltr'><strong>et</strong></span> <span class='ocrx_word' id='word_1_705' title='bbox 2668 3576 2986 3633; x_wconf 74' lang='lat' dir='ltr'><strong>ctelestibus</strong></span> <span class='ocrx_word' id='word_1_706' title='bbox 3025 3581 3266 3646; x_wconf 68' lang='lat' dir='ltr'><strong>prazmiis</strong></span> <span class='ocrx_word' id='word_1_707' title='bbox 3307 3581 3382 3635; x_wconf 59' lang='lat' dir='ltr'><strong>(ll.</strong></span> 
     </span>
    </p>
   </div>
   <div class='ocr_carea' id='block_1_99' title="bbox 1802 3661 3379 3742">
    <p class='ocr_par' dir='ltr' id='par_1_99' title="bbox 1802 3661 3379 3742">
     <span class='ocr_line' id='line_1_99' title="bbox 1802 3661 3379 3742; baseline 0.007 -28"><span class='ocrx_word' id='word_1_708' title='bbox 1802 3661 2062 3732; x_wconf 89' lang='lat' dir='ltr'><strong>gnabitur</strong></span> <span class='ocrx_word' id='word_1_709' title='bbox 2086 3663 2370 3719; x_wconf 91' lang='lat' dir='ltr'><strong>Dominus.</strong></span> <span class='ocrx_word' id='word_1_710' title='bbox 2406 3665 2473 3719; x_wconf 85' lang='lat' dir='ltr'><strong>At</strong></span> <span class='ocrx_word' id='word_1_711' title='bbox 2506 3681 2636 3723; x_wconf 85' lang='lat' dir='ltr'><strong>vero</strong></span> <span class='ocrx_word' id='word_1_712' title='bbox 2671 3683 2905 3738; x_wconf 90' lang='lat' dir='ltr'><strong>nequam</strong></span> <span class='ocrx_word' id='word_1_713' title='bbox 2956 3684 3176 3725; x_wconf 84' lang='lat' dir='ltr'><strong>servum</strong></span> <span class='ocrx_word' id='word_1_714' title='bbox 3215 3683 3272 3727; x_wconf 92' lang='lat' dir='ltr'><strong>et</strong></span> <span class='ocrx_word' id='word_1_715' title='bbox 3299 3675 3379 3742; x_wconf 78' lang='lat' dir='ltr'><strong>pi-</strong></span> 
     </span>
    </p>
   </div>
   <div class='ocr_carea' id='block_1_100' title="bbox 1801 3754 3377 3835">
    <p class='ocr_par' dir='ltr' id='par_1_100' title="bbox 1801 3754 3377 3835">
     <span class='ocr_line' id='line_1_100' title="bbox 1801 3754 3377 3835; baseline 0.009 -30"><span class='ocrx_word' id='word_1_716' title='bbox 1801 3767 1978 3822; x_wconf 90' lang='lat' dir='ltr'><strong>grum,</strong></span> <span class='ocrx_word' id='word_1_717' title='bbox 2016 3755 2260 3810; x_wconf 85' lang='lat' dir='ltr'><strong>incusata</strong></span> <span class='ocrx_word' id='word_1_718' title='bbox 2289 3754 2405 3824; x_wconf 87' lang='lat' dir='ltr'><strong>ejus</strong></span> <span class='ocrx_word' id='word_1_719' title='bbox 2431 3757 2780 3827; x_wconf 87' lang='lat' dir='ltr'><strong>improbitate</strong></span> <span class='ocrx_word' id='word_1_720' title='bbox 2801 3769 2854 3816; x_wconf 91' lang='lat' dir='ltr'><strong>et</strong></span> <span class='ocrx_word' id='word_1_721' title='bbox 2873 3761 3109 3831; x_wconf 87' lang='lat' dir='ltr'><strong>ignavia,</strong></span> <span class='ocrx_word' id='word_1_722' title='bbox 3139 3777 3377 3835; x_wconf 90' lang='lat' dir='ltr'><strong>congrua</strong></span> 
     </span>
    </p>
   </div>
   <div class='ocr_carea' id='block_1_101' title="bbox 1799 3845 3469 3926">
    <p class='ocr_par' dir='ltr' id='par_1_101' title="bbox 1799 3845 3469 3926">
     <span class='ocr_line' id='line_1_101' title="bbox 1799 3845 3469 3926; baseline 0.008 -25"><span class='ocrx_word' id='word_1_723' title='bbox 1799 3859 1959 3915; x_wconf 66' lang='lat' dir='ltr'><strong>paena</strong></span> <span class='ocrx_word' id='word_1_724' title='bbox 1995 3845 2225 3914; x_wconf 76' lang='lat' dir='ltr'><strong>afficiet;</strong></span> <span class='ocrx_word' id='word_1_725' title='bbox 2273 3853 2553 3906; x_wconf 91' lang='lat' dir='ltr'><strong>socordem</strong></span> <span class='ocrx_word' id='word_1_726' title='bbox 2600 3865 2722 3906; x_wconf 92' lang='lat' dir='ltr'><strong>eum</strong></span> <span class='ocrx_word' id='word_1_727' title='bbox 2749 3853 3066 3924; x_wconf 89' lang='lat' dir='ltr'><strong>|appellans,</strong></span> <span class='ocrx_word' id='word_1_728' title='bbox 3092 3857 3218 3926; x_wconf 86' lang='lat' dir='ltr'><strong>quia</strong></span> <span class='ocrx_word' id='word_1_729' title='bbox 3251 3857 3376 3913; x_wconf 80' lang='lat' dir='ltr'><strong>olli-</strong></span> <span class='ocrx_word' id='word_1_730' title='bbox 3454 3892 3469 3915; x_wconf 77' lang='grc'><em>1</em></span> 
     </span>
    </p>
   </div>
   <div class='ocr_carea' id='block_1_102' title="bbox 1798 3938 3377 4017">
    <p class='ocr_par' dir='ltr' id='par_1_102' title="bbox 1798 3938 3377 4017">
     <span class='ocr_line' id='line_1_102' title="bbox 1798 3938 3377 4017; baseline 0.009 -25"><span class='ocrx_word' id='word_1_731' title='bbox 1798 3938 1942 3992; x_wconf 93' lang='lat' dir='ltr'><strong>cium</strong></span> <span class='ocrx_word' id='word_1_732' title='bbox 1973 3954 2084 3994; x_wconf 91' lang='lat' dir='ltr'><strong>non</strong></span> <span class='ocrx_word' id='word_1_733' title='bbox 2110 3942 2424 4009; x_wconf 70' lang='lat' dir='ltr'><strong>praestiterit</strong></span> <span class='ocrx_word' id='word_1_734' title='bbox 2454 3961 2469 4010; x_wconf 92' lang='lat'><strong>;</strong></span> <span class='ocrx_word' id='word_1_735' title='bbox 2508 3959 2737 4014; x_wconf 89' lang='lat' dir='ltr'><strong>nequam</strong></span> <span class='ocrx_word' id='word_1_736' title='bbox 2771 3955 2976 4014; x_wconf 90' lang='lat' dir='ltr'><strong>autem,</strong></span> <span class='ocrx_word' id='word_1_737' title='bbox 3001 3947 3127 4017; x_wconf 91' lang='lat' dir='ltr'><strong>quia</strong></span> <span class='ocrx_word' id='word_1_738' title='bbox 3160 3949 3377 4006; x_wconf 86' lang='lat' dir='ltr'><strong>domino</strong></span> 
     </span>
    </p>
   </div>
   <div class='ocr_carea' id='block_1_103' title="bbox 1785 4017 3377 4105">
    <p class='ocr_par' dir='ltr' id='par_1_103' title="bbox 1785 4017 3377 4105">
     <span class='ocr_line' id='line_1_103' title="bbox 1785 4017 3377 4105; baseline 0.008 -22"><span class='ocrx_word' id='word_1_739' title='bbox 1785 4017 1898 4084; x_wconf 77' lang='grc' dir='ltr'>’δυο</span> <span class='ocrx_word' id='word_1_740' title='bbox 1934 4030 2119 4087; x_wconf 86' lang='lat' dir='ltr'><strong>dicere</strong></span> <span class='ocrx_word' id='word_1_741' title='bbox 2148 4047 2314 4089; x_wconf 84' lang='lat' dir='ltr'><strong>ausus</strong></span> <span class='ocrx_word' id='word_1_742' title='bbox 2353 4033 2837 4105; x_wconf 66' lang='lat' dir='ltr'><strong>fuerit,&#39;,Ansterus</strong></span> <span class='ocrx_word' id='word_1_743' title='bbox 2861 4051 2922 4093; x_wconf 89' lang='lat' dir='ltr'><strong>es</strong></span> <span class='ocrx_word' id='word_1_744' title='bbox 2951 4039 3135 4105; x_wconf 91' lang='lat' dir='ltr'><strong>homo,</strong></span> <span class='ocrx_word' id='word_1_745' title='bbox 3165 4049 3220 4095; x_wconf 91' lang='lat' dir='ltr'><strong>et</strong></span> <span class='ocrx_word' id='word_1_746' title='bbox 3253 4041 3377 4096; x_wconf 87' lang='lat' dir='ltr'><strong>reli-</strong></span> 
     </span>
    </p>
   </div>
   <div class='ocr_carea' id='block_1_104' title="bbox 1795 4123 3375 4205">
    <p class='ocr_par' dir='ltr' id='par_1_104' title="bbox 1795 4123 3375 4205">
     <span class='ocr_line' id='line_1_104' title="bbox 1795 4123 3375 4205; baseline 0.009 -28"><span class='ocrx_word' id='word_1_747' title='bbox 1795 4138 1922 4193; x_wconf 85' lang='lat' dir='ltr'><strong>qua.</strong></span> <span class='ocrx_word' id='word_1_748' title='bbox 1951 4123 2122 4195; x_wconf 84' lang='lat' dir='ltr'><strong>Igitur</strong></span> <span class='ocrx_word' id='word_1_749' title='bbox 2155 4141 2220 4182; x_wconf 90' lang='lat' dir='ltr'><strong>eo</strong></span> <span class='ocrx_word' id='word_1_750' title='bbox 2249 4138 2509 4199; x_wconf 87' lang='lat' dir='ltr'><strong>coarguto</strong></span> <span class='ocrx_word' id='word_1_751' title='bbox 2535 4131 2680 4199; x_wconf 87' lang='lat' dir='ltr'><strong>quod</strong></span> <span class='ocrx_word' id='word_1_752' title='bbox 2733 4133 3094 4202; x_wconf 85' lang='lat' dir='ltr'><strong>repugnantia</strong></span> <span class='ocrx_word' id='word_1_753' title='bbox 3123 4134 3375 4205; x_wconf 84' lang='lat' dir='ltr'><strong>loquere-</strong></span> 
     </span>
    </p>
   </div>
   <div class='ocr_carea' id='block_1_105' title="bbox 1798 4218 3375 4293">
    <p class='ocr_par' dir='ltr' id='par_1_105' title="bbox 1798 4218 3375 4293">
     <span class='ocr_line' id='line_1_105' title="bbox 1798 4218 3375 4293; baseline 0.009 -24"><span class='ocrx_word' id='word_1_754' title='bbox 1798 4225 1906 4282; x_wconf 90' lang='lat' dir='ltr'><strong>tur,</strong></span> <span class='ocrx_word' id='word_1_755' title='bbox 1933 4227 1990 4272; x_wconf 91' lang='lat' dir='ltr'><strong>et</strong></span> <span class='ocrx_word' id='word_1_756' title='bbox 2012 4235 2079 4273; x_wconf 86' lang='lat' dir='ltr'><strong>ex</strong></span> <span class='ocrx_word' id='word_1_757' title='bbox 2107 4233 2202 4274; x_wconf 91' lang='lat' dir='ltr'><strong>ore</strong></span> <span class='ocrx_word' id='word_1_758' title='bbox 2227 4218 2346 4289; x_wconf 87' lang='lat' dir='ltr'><strong>ejus</strong></span> <span class='ocrx_word' id='word_1_759' title='bbox 2376 4221 2668 4286; x_wconf 88' lang='lat' dir='ltr'><strong>damnans,</strong></span> <span class='ocrx_word' id='word_1_760' title='bbox 2699 4224 2825 4293; x_wconf 90' lang='lat' dir='ltr'><strong>quia</strong></span> <span class='ocrx_word' id='word_1_761' title='bbox 2855 4239 2978 4279; x_wconf 93' lang='lat' dir='ltr'><strong>cum</strong></span> <span class='ocrx_word' id='word_1_762' title='bbox 3028 4241 3152 4282; x_wconf 90' lang='lat' dir='ltr'><strong>eum</strong></span> <span class='ocrx_word' id='word_1_763' title='bbox 3197 4237 3375 4282; x_wconf 81' lang='lat' dir='ltr'><strong>auste-</strong></span> 
     </span>
    </p>
   </div>
   <div class='ocr_carea' id='block_1_106' title="bbox 1795 4309 3376 4381">
    <p class='ocr_par' dir='ltr' id='par_1_106' title="bbox 1795 4309 3376 4381">
     <span class='ocr_line' id='line_1_106' title="bbox 1795 4309 3376 4381; baseline 0.008 -21"><span class='ocrx_word' id='word_1_764' title='bbox 1795 4321 1917 4360; x_wconf 88' lang='lat' dir='ltr'><strong>rum</strong></span> <span class='ocrx_word' id='word_1_765' title='bbox 1943 4317 1998 4362; x_wconf 92' lang='lat' dir='ltr'><strong>et</strong></span> <span class='ocrx_word' id='word_1_766' title='bbox 2027 4309 2418 4365; x_wconf 87' lang='lat' dir='ltr'><strong>inexorabilem</strong></span> <span class='ocrx_word' id='word_1_767' title='bbox 2445 4309 2682 4381; x_wconf 89' lang='lat' dir='ltr'><strong>judicem</strong></span> <span class='ocrx_word' id='word_1_768' title='bbox 2717 4329 2839 4369; x_wconf 82' lang='lat' dir='ltr'><strong>esse</strong></span> <span class='ocrx_word' id='word_1_769' title='bbox 2873 4317 3124 4381; x_wconf 88' lang='lat' dir='ltr'><strong>dixisset,</strong></span> <span class='ocrx_word' id='word_1_770' title='bbox 3181 4318 3376 4373; x_wconf 88' lang='lat' dir='ltr'><strong>nihilo-</strong></span> 
     </span>
    </p>
   </div>
   <div class='ocr_carea' id='block_1_107' title="bbox 1801 4399 3374 4478">
    <p class='ocr_par' dir='ltr' id='par_1_107' title="bbox 1801 4399 3374 4478">
     <span class='ocr_line' id='line_1_107' title="bbox 1801 4399 3374 4478; baseline 0.008 -26"><span class='ocrx_word' id='word_1_771' title='bbox 1801 4399 1984 4454; x_wconf 86' lang='lat' dir='ltr'><strong>minus</strong></span> <span class='ocrx_word' id='word_1_772' title='bbox 2013 4409 2125 4454; x_wconf 88' lang='lat' dir='ltr'><strong>tam</strong></span> <span class='ocrx_word' id='word_1_773' title='bbox 2173 4400 2336 4456; x_wconf 89' lang='lat' dir='ltr'><strong>fuerit</strong></span> <span class='ocrx_word' id='word_1_774' title='bbox 2363 4403 2642 4471; x_wconf 81' lang='lat' dir='ltr'><strong>negligens</strong></span> <span class='ocrx_word' id='word_1_775' title='bbox 2673 4413 2730 4459; x_wconf 90' lang='lat' dir='ltr'><strong>ut</strong></span> <span class='ocrx_word' id='word_1_776' title='bbox 2757 4406 2892 4460; x_wconf 89' lang='lat' dir='ltr'><strong>nihil</strong></span> <span class='ocrx_word' id='word_1_777' title='bbox 2935 4422 3099 4478; x_wconf 90' lang='lat' dir='ltr'><strong>agere</strong></span> <span class='ocrx_word' id='word_1_778' title='bbox 3133 4410 3260 4464; x_wconf 85' lang='lat' dir='ltr'><strong>boni</strong></span> <span class='ocrx_word' id='word_1_779' title='bbox 3290 4425 3374 4464; x_wconf 83' lang='lat' dir='ltr'><strong>vn-</strong></span> 
     </span>
    </p>
   </div>
   <div class='ocr_carea' id='block_1_108' title="bbox 1793 4487 3475 4573">
    <p class='ocr_par' dir='ltr' id='par_1_108' title="bbox 1793 4487 3475 4573">
     <span class='ocr_line' id='line_1_108' title="bbox 1793 4487 3475 4573; baseline 0.008 -31"><span class='ocrx_word' id='word_1_780' title='bbox 1793 4487 1981 4554; x_wconf 89' lang='lat' dir='ltr'><strong>luerit,</strong></span> <span class='ocrx_word' id='word_1_781' title='bbox 2015 4489 2380 4559; x_wconf 78' lang='lat' dir='ltr'><strong>juStissimam</strong></span> <span class='ocrx_word' id='word_1_782' title='bbox 2417 4494 2556 4549; x_wconf 91' lang='lat' dir='ltr'><strong>feret</strong></span> <span class='ocrx_word' id='word_1_783' title='bbox 2597 4495 2650 4549; x_wconf 91' lang='lat' dir='ltr'><strong>in</strong></span> <span class='ocrx_word' id='word_1_784' title='bbox 2679 4510 2801 4550; x_wconf 91' lang='lat' dir='ltr'><strong>eum</strong></span> <span class='ocrx_word' id='word_1_785' title='bbox 2837 4498 3194 4562; x_wconf 87' lang='lat' dir='ltr'><strong>sententiam,</strong></span> <span class='ocrx_word' id='word_1_786' title='bbox 3233 4508 3372 4554; x_wconf 62' lang='lat' dir='ltr'><strong>tenea</strong></span> <span class='ocrx_word' id='word_1_787' title='bbox 3467 4567 3475 4573; x_wconf 28' lang='grc' dir='ltr'><strong>ε</strong></span> 
     </span>
    </p>
   </div>
   <div class='ocr_carea' id='block_1_109' title="bbox 1793 4579 3370 4652">
    <p class='ocr_par' dir='ltr' id='par_1_109' title="bbox 1793 4579 3370 4652">
     <span class='ocr_line' id='line_1_109' title="bbox 1793 4579 3370 4652; baseline 0.006 -19"><span class='ocrx_word' id='word_1_788' title='bbox 1793 4579 1977 4635; x_wconf 86' lang='lat' dir='ltr'><strong>nebris</strong></span> <span class='ocrx_word' id='word_1_789' title='bbox 2031 4581 2398 4638; x_wconf 81' lang='lat' dir='ltr'><strong>exterioribus</strong></span> <span class='ocrx_word' id='word_1_790' title='bbox 2443 4597 2568 4638; x_wconf 91' lang='lat' dir='ltr'><strong>eum</strong></span> <span class='ocrx_word' id='word_1_791' title='bbox 2633 4584 2878 4652; x_wconf 90' lang='lat' dir='ltr'><strong>tradens,</strong></span> <span class='ocrx_word' id='word_1_792' title='bbox 2935 4601 3041 4640; x_wconf 93' lang='lat' dir='ltr'><strong>non</strong></span> <span class='ocrx_word' id='word_1_793' title='bbox 3101 4589 3261 4642; x_wconf 91' lang='lat' dir='ltr'><strong>modo</strong></span> <span class='ocrx_word' id='word_1_794' title='bbox 3313 4599 3370 4643; x_wconf 89' lang='lat' dir='ltr'><strong>ut</strong></span> 
     </span>
    </p>
   </div>
   <div class='ocr_carea' id='block_1_110' title="bbox 1788 4671 3371 4742">
    <p class='ocr_par' dir='ltr' id='par_1_110' title="bbox 1788 4671 3371 4742">
     <span class='ocr_line' id='line_1_110' title="bbox 1788 4671 3371 4742; baseline 0.006 -16"><span class='ocrx_word' id='word_1_795' title='bbox 1788 4671 2076 4726; x_wconf 78' lang='lat' dir='ltr'><strong>socordem</strong></span> <span class='ocrx_word' id='word_1_796' title='bbox 2106 4679 2162 4726; x_wconf 90' lang='lat' dir='ltr'><strong>et</strong></span> <span class='ocrx_word' id='word_1_797' title='bbox 2188 4686 2439 4742; x_wconf 76' lang='lat' dir='ltr'><strong>nequam,</strong></span> <span class='ocrx_word' id='word_1_798' title='bbox 2469 4689 2656 4728; x_wconf 82' lang='lat' dir='ltr'><strong>verum</strong></span> <span class='ocrx_word' id='word_1_799' title='bbox 2690 4675 2856 4730; x_wconf 88' lang='lat' dir='ltr'><strong>etiam</strong></span> <span class='ocrx_word' id='word_1_800' title='bbox 2894 4685 2954 4731; x_wconf 93' lang='lat' dir='ltr'><strong>ut</strong></span> <span class='ocrx_word' id='word_1_801' title='bbox 2991 4677 3238 4732; x_wconf 91' lang='lat' dir='ltr'><strong>inutilem</strong></span> <span class='ocrx_word' id='word_1_802' title='bbox 3277 4683 3371 4734; x_wconf 92' lang='lat' dir='ltr'><strong>do-</strong></span> 
     </span>
    </p>
   </div>
   <div class='ocr_carea' id='block_1_111' title="bbox 1790 4763 3369 4840">
    <p class='ocr_par' dir='ltr' id='par_1_111' title="bbox 1790 4763 3369 4840">
     <span class='ocr_line' id='line_1_111' title="bbox 1790 4763 3369 4840; baseline 0.005 -24"><span class='ocrx_word' id='word_1_803' title='bbox 1790 4778 1988 4832; x_wconf 89' lang='lat' dir='ltr'><strong>moque</strong></span> <span class='ocrx_word' id='word_1_804' title='bbox 2033 4763 2344 4833; x_wconf 90' lang='lat' dir='ltr'><strong>pellendum</strong></span> <span class='ocrx_word' id='word_1_805' title='bbox 2393 4764 2676 4820; x_wconf 85' lang='lat' dir='ltr'><strong>famulum.</strong></span> <span class='ocrx_word' id='word_1_806' title='bbox 2719 4767 3006 4823; x_wconf 71' lang='lat' dir='ltr'><strong>Videbitur</strong></span> <span class='ocrx_word' id='word_1_807' title='bbox 3044 4783 3175 4840; x_wconf 86' lang='lat' dir='ltr'><strong>ergo</strong></span> <span class='ocrx_word' id='word_1_808' title='bbox 3207 4784 3369 4840; x_wconf 64' lang='lat' dir='ltr'><strong>appao</strong></span> 
     </span>
    </p>
   </div>
   <div class='ocr_carea' id='block_1_112' title="bbox 1791 4855 3369 4927">
    <p class='ocr_par' dir='ltr' id='par_1_112' title="bbox 1791 4855 3369 4927">
     <span class='ocr_line' id='line_1_112' title="bbox 1791 4855 3369 4927; baseline 0.005 -19"><span class='ocrx_word' id='word_1_809' title='bbox 1791 4863 1991 4922; x_wconf 91' lang='lat' dir='ltr'><strong>renter,</strong></span> <span class='ocrx_word' id='word_1_810' title='bbox 2022 4855 2167 4910; x_wconf 88' lang='lat' dir='ltr'><strong>haud</strong></span> <span class='ocrx_word' id='word_1_811' title='bbox 2197 4856 2332 4911; x_wconf 87' lang='lat' dir='ltr'><strong>satis</strong></span> <span class='ocrx_word' id='word_1_812' title='bbox 2357 4868 2614 4911; x_wconf 88' lang='lat' dir='ltr'><strong>accurate</strong></span> <span class='ocrx_word' id='word_1_813' title='bbox 2646 4858 2788 4927; x_wconf 90' lang='lat' dir='ltr'><strong>quod</strong></span> <span class='ocrx_word' id='word_1_814' title='bbox 2813 4860 3008 4914; x_wconf 86' lang='lat' dir='ltr'><strong>attinet</strong></span> <span class='ocrx_word' id='word_1_815' title='bbox 3027 4861 3094 4914; x_wconf 87' lang='lat' dir='ltr'><strong>ad</strong></span> <span class='ocrx_word' id='word_1_816' title='bbox 3115 4875 3369 4916; x_wconf 89' lang='lat' dir='ltr'><strong>sensuum</strong></span> 
     </span>
    </p>
   </div>
   <div class='ocr_carea' id='block_1_113' title="bbox 1795 4946 3368 5031">
    <p class='ocr_par' dir='ltr' id='par_1_113' title="bbox 1795 4946 3368 5031">
     <span class='ocr_line' id='line_1_113' title="bbox 1795 4946 3368 5031; baseline 0.004 -31"><span class='ocrx_word' id='word_1_817' title='bbox 1795 4947 2096 5017; x_wconf 87' lang='lat' dir='ltr'><strong>sequelam,</strong></span> <span class='ocrx_word' id='word_1_818' title='bbox 2131 4946 2234 5002; x_wconf 91' lang='lat' dir='ltr'><strong>hoc</strong></span> <span class='ocrx_word' id='word_1_819' title='bbox 2267 4948 2334 5002; x_wconf 91' lang='lat' dir='ltr'><strong>de</strong></span> <span class='ocrx_word' id='word_1_820' title='bbox 2379 4948 2473 5002; x_wconf 90' lang='lat' dir='ltr'><strong>illo</strong></span> <span class='ocrx_word' id='word_1_821' title='bbox 2505 4949 2675 5004; x_wconf 88' lang='lat' dir='ltr'><strong>fuisse</strong></span> <span class='ocrx_word' id='word_1_822' title='bbox 2725 4949 2930 5004; x_wconf 89' lang='lat' dir='ltr'><strong>dictum</strong></span> <span class='ocrx_word' id='word_1_823' title='bbox 2953 4953 3047 5020; x_wconf 89' lang='lat' dir='ltr'><strong>qui</strong></span> <span class='ocrx_word' id='word_1_824' title='bbox 3081 4952 3214 5006; x_wconf 89' lang='lat' dir='ltr'><strong>nihil</strong></span> <span class='ocrx_word' id='word_1_825' title='bbox 3240 4968 3368 5031; x_wconf 89' lang='lat' dir='ltr'><strong>ope-</strong></span> 
     </span>
    </p>
   </div>
   <div class='ocr_carea' id='block_1_114' title="bbox 1799 5041 3368 5114">
    <p class='ocr_par' dir='ltr' id='par_1_114' title="bbox 1799 5041 3368 5114">
     <span class='ocr_line' id='line_1_114' title="bbox 1799 5041 3368 5114; baseline 0.004 -18"><span class='ocrx_word' id='word_1_826' title='bbox 1799 5044 1928 5096; x_wconf 85' lang='lat' dir='ltr'><strong>rans</strong></span> <span class='ocrx_word' id='word_1_827' title='bbox 1983 5041 2248 5096; x_wconf 89' lang='lat' dir='ltr'><strong>talentum</strong></span> <span class='ocrx_word' id='word_1_828' title='bbox 2301 5041 2610 5096; x_wconf 88' lang='lat' dir='ltr'><strong>abscondit.</strong></span> <span class='ocrx_word' id='word_1_829' title='bbox 2670 5041 2831 5099; x_wconf 88' lang='lat' dir='ltr'><strong>Certe</strong></span> <span class='ocrx_word' id='word_1_830' title='bbox 2877 5046 3022 5114; x_wconf 92' lang='lat' dir='ltr'><strong>quod</strong></span> <span class='ocrx_word' id='word_1_831' title='bbox 3087 5045 3368 5102; x_wconf 88' lang='lat' dir='ltr'><strong>Hebraicis</strong></span> 
     </span>
    </p>
   </div>
   <div class='ocr_carea' id='block_1_115' title="bbox 1847 5221 3366 5312">
    <p class='ocr_par' dir='ltr' id='par_1_115' title="bbox 1847 5221 3366 5312">
     <span class='ocr_line' id='line_1_115' title="bbox 1847 5221 3366 5312; baseline 0 0"><span class='ocrx_word' id='word_1_832' title='bbox 1847 5221 1962 5312; x_wconf 68' lang='lat' dir='ltr'><strong>(l9)</strong></span> <span class='ocrx_word' id='word_1_833' title='bbox 2009 5221 2147 5312; x_wconf 69' lang='lat'><strong>&quot;9°-</strong></span> <span class='ocrx_word' id='word_1_834' title='bbox 2181 5223 2641 5312; x_wconf 58' lang='lat' dir='ltr'><strong>*1?°W9.,,‘.&quot;Se“s</strong></span> <span class='ocrx_word' id='word_1_835' title='bbox 2674 5225 3250 5312; x_wconf 61' lang='grc' dir='ltr'>ειπεηιθηιιιξημεςιυε</span> <span class='ocrx_word' id='word_1_836' title='bbox 3297 5233 3366 5312; x_wconf 58' lang='lat' dir='ltr'><strong>ad</strong></span> 
     </span>
    </p>
   </div>
   <div class='ocr_carea' id='block_1_116' title="bbox 1776 5293 3362 5380">
    <p class='ocr_par' dir='ltr' id='par_1_116' title="bbox 1776 5293 3362 5380">
     <span class='ocr_line' id='line_1_116' title="bbox 1776 5293 3362 5380; baseline 0.005 -34"><span class='ocrx_word' id='word_1_837' title='bbox 1776 5297 1944 5380; x_wconf 74' lang='lat' dir='ltr'><strong>verba</strong></span> <span class='ocrx_word' id='word_1_838' title='bbox 1995 5302 2253 5380; x_wconf 59' lang='lat' dir='ltr'><strong>extrema</strong></span> <span class='ocrx_word' id='word_1_839' title='bbox 2301 5293 2618 5380; x_wconf 51' lang='lat' dir='ltr'><strong>«Epaétéoet</strong></span> <span class='ocrx_word' id='word_1_840' title='bbox 2664 5293 2814 5380; x_wconf 63' lang='grc' dir='ltr'><strong>ξικῇ.</strong></span> <span class='ocrx_word' id='word_1_841' title='bbox 2866 5293 3258 5380; x_wconf 46' lang='lat' dir='ltr'><strong>ger-itntitul&#39;um</strong></span> <span class='ocrx_word' id='word_1_842' title='bbox 3288 5305 3362 5380; x_wconf 55' lang='grc' dir='ltr'><strong>ἐπι</strong></span> 
     </span>
    </p>
   </div>
   <div class='ocr_carea' id='block_1_117' title="bbox 1775 5362 3362 5443">
    <p class='ocr_par' dir='ltr' id='par_1_117' title="bbox 1775 5362 3362 5443">
     <span class='ocr_line' id='line_1_117' title="bbox 1775 5362 3362 5443; baseline 0.004 -25"><span class='ocrx_word' id='word_1_843' title='bbox 1775 5363 1966 5443; x_wconf 61' lang='lat' dir='ltr'><strong>codice</strong></span> <span class='ocrx_word' id='word_1_844' title='bbox 1995 5362 2207 5443; x_wconf 40' lang='lat' dir='ltr'><strong>A3254.</strong></span> <span class='ocrx_word' id='word_1_845' title='bbox 2316 5362 2615 5443; x_wconf 61' lang='grc' dir='ltr'>Εύᾳεᾷζου</span> <span class='ocrx_word' id='word_1_846' title='bbox 2644 5367 2712 5430; x_wconf 78' lang='grc' dir='ltr'><strong>β.</strong></span> <span class='ocrx_word' id='word_1_847' title='bbox 2749 5362 3078 5443; x_wconf 49' lang='grc' dir='ltr'><strong>ι’ἑυηὶεἰειίε</strong></span> <span class='ocrx_word' id='word_1_848' title='bbox 3103 5384 3264 5443; x_wconf 86' lang='lat' dir='ltr'><strong>supra</strong></span> <span class='ocrx_word' id='word_1_849' title='bbox 3283 5371 3362 5443; x_wconf 85' lang='grc' dir='ltr'><strong>β.)</strong></span> 
     </span>
    </p>
   </div>
   <div class='ocr_carea' id='block_1_118' title="bbox 1777 5430 3252 5506">
    <p class='ocr_par' dir='ltr' id='par_1_118' title="bbox 1777 5430 3252 5506">
     <span class='ocr_line' id='line_1_118' title="bbox 1777 5430 3252 5506; baseline 0.003 -18"><span class='ocrx_word' id='word_1_850' title='bbox 1777 5430 2140 5506; x_wconf 58' lang='grc' dir='ltr'>Θεοφανείας</span> <span class='ocrx_word' id='word_1_851' title='bbox 2172 5447 2200 5506; x_wconf 89' lang='lat'><strong><em>:_</em></strong></span> <span class='ocrx_word' id='word_1_852' title='bbox 2228 5432 2466 5506; x_wconf 63' lang='lat' dir='ltr'><strong>Eusebii,</strong></span> <span class='ocrx_word' id='word_1_853' title='bbox 2497 5437 2632 5506; x_wconf 56' lang='lat' dir='ltr'><strong>lijro</strong></span> <span class='ocrx_word' id='word_1_854' title='bbox 2662 5430 2848 5506; x_wconf 69' lang='lat' dir='ltr'><strong>quoi-to</strong></span> <span class='ocrx_word' id='word_1_855' title='bbox 2876 5430 3252 5506; x_wconf 74' lang='grc' dir='ltr'>ΤΙιὶορΙιαηίω.</span> 
     </span>
    </p>
   </div>
   <div class='ocr_carea' id='block_1_119' title="bbox 1847 5503 3361 5577">
    <p class='ocr_par' dir='ltr' id='par_1_119' title="bbox 1847 5503 3361 5577">
     <span class='ocr_line' id='line_1_119' title="bbox 1847 5503 3361 5577; baseline 0.006 -21"><span class='ocrx_word' id='word_1_856' title='bbox 1847 5504 1960 5577; x_wconf 68' lang='lat'><strong>(29)</strong></span> <span class='ocrx_word' id='word_1_857' title='bbox 1988 5505 2162 5577; x_wconf 75' lang='lat' dir='ltr'><strong>Etiam</strong></span> <span class='ocrx_word' id='word_1_858' title='bbox 2189 5503 2241 5577; x_wconf 65' lang='lat' dir='ltr'><strong>in</strong></span> <span class='ocrx_word' id='word_1_859' title='bbox 2270 5503 2490 5577; x_wconf 80' lang='lat' dir='ltr'><strong>Syriaca</strong></span> <span class='ocrx_word' id='word_1_860' title='bbox 2511 5503 2980 5577; x_wconf 17' lang='lat' dir='ltr'><strong>Theophaniailib.</strong></span> <span class='ocrx_word' id='word_1_861' title='bbox 3011 5503 3086 5570; x_wconf 77' lang='lat' dir='ltr'><strong>tv,</strong></span> <span class='ocrx_word' id='word_1_862' title='bbox 3121 5510 3210 5576; x_wconf 69' lang='grc'><strong>12,</strong></span> <span class='ocrx_word' id='word_1_863' title='bbox 3245 5510 3361 5565; x_wconf 85' lang='lat' dir='ltr'><strong>lau-</strong></span> 
     </span>
    </p>
   </div>
   <div class='ocr_carea' id='block_1_120' title="bbox 1780 5572 3361 5649">
    <p class='ocr_par' dir='ltr' id='par_1_120' title="bbox 1780 5572 3361 5649">
     <span class='ocr_line' id='line_1_120' title="bbox 1780 5572 3361 5649; baseline 0.006 -20"><span class='ocrx_word' id='word_1_864' title='bbox 1780 5572 2169 5649; x_wconf 64' lang='lat' dir='ltr'><strong>dati-Iusebius</strong></span> <span class='ocrx_word' id='word_1_865' title='bbox 2198 5572 2478 5649; x_wconf 76' lang='lat' dir='ltr'><strong>Evangelii</strong></span> <span class='ocrx_word' id='word_1_866' title='bbox 2511 5572 2795 5649; x_wconf 59' lang='lat' dir='ltr'><strong>exemplar</strong></span> <span class='ocrx_word' id='word_1_867' title='bbox 2831 5576 3118 5632; x_wconf 77' lang='lat' dir='ltr'><strong>Hebraicis</strong></span> <span class='ocrx_word' id='word_1_868' title='bbox 3146 5572 3244 5649; x_wconf 81' lang='lat' dir='ltr'><strong>(id</strong></span> <span class='ocrx_word' id='word_1_869' title='bbox 3275 5593 3361 5638; x_wconf 86' lang='lat' dir='ltr'><strong>est</strong></span> 
     </span>
    </p>
   </div>
   <div class='ocr_carea' id='block_1_121' title="bbox 1778 5645 3358 5716">
    <p class='ocr_par' dir='ltr' id='par_1_121' title="bbox 1778 5645 3358 5716">
     <span class='ocr_line' id='line_1_121' title="bbox 1778 5645 3358 5716; baseline 0.003 -15"><span class='ocrx_word' id='word_1_870' title='bbox 1778 5645 2056 5716; x_wconf 84' lang='lat' dir='ltr'><strong>Syriacis)</strong></span> <span class='ocrx_word' id='word_1_871' title='bbox 2111 5645 2304 5698; x_wconf 89' lang='lat' dir='ltr'><strong>litteris</strong></span> <span class='ocrx_word' id='word_1_872' title='bbox 2331 5646 2612 5716; x_wconf 83' lang='lat' dir='ltr'><strong>scriptum.</strong></span> <span class='ocrx_word' id='word_1_873' title='bbox 2650 5645 2770 5701; x_wconf 84' lang='lat' dir='ltr'><strong>Jam</strong></span> <span class='ocrx_word' id='word_1_874' title='bbox 2811 5661 2940 5702; x_wconf 82' lang='lat' dir='ltr'><strong>vero</strong></span> <span class='ocrx_word' id='word_1_875' title='bbox 2968 5664 3091 5703; x_wconf 89' lang='lat' dir='ltr'><strong>cum</strong></span> <span class='ocrx_word' id='word_1_876' title='bbox 3129 5645 3181 5705; x_wconf 84' lang='lat' dir='ltr'><strong>in</strong></span> <span class='ocrx_word' id='word_1_877' title='bbox 3235 5647 3358 5707; x_wconf 85' lang='lat' dir='ltr'><strong>Vat.</strong></span> 
     </span>
    </p>
   </div>
   <div class='ocr_carea' id='block_1_122' title="bbox 1781 5715 3359 5792">
    <p class='ocr_par' dir='ltr' id='par_1_122' title="bbox 1781 5715 3359 5792">
     <span class='ocr_line' id='line_1_122' title="bbox 1781 5715 3359 5792; baseline 0.003 -21"><span class='ocrx_word' id='word_1_878' title='bbox 1781 5715 2110 5792; x_wconf 77' lang='lat' dir='ltr'><strong>bibliotheca</strong></span> <span class='ocrx_word' id='word_1_879' title='bbox 2133 5720 2302 5770; x_wconf 85' lang='lat' dir='ltr'><strong>codex</strong></span> <span class='ocrx_word' id='word_1_880' title='bbox 2323 5715 2516 5792; x_wconf 65' lang='lat' dir='ltr'><strong>exstet</strong></span> <span class='ocrx_word' id='word_1_881' title='bbox 2526 5715 2791 5792; x_wconf 80' lang='lat' dir='ltr'><strong>Syriacus</strong></span> <span class='ocrx_word' id='word_1_882' title='bbox 2829 5717 2930 5773; x_wconf 89' lang='lat' dir='ltr'><strong>sub</strong></span> <span class='ocrx_word' id='word_1_883' title='bbox 2952 5734 3178 5776; x_wconf 90' lang='lat' dir='ltr'><strong>numero</strong></span> <span class='ocrx_word' id='word_1_884' title='bbox 3211 5720 3359 5792; x_wconf 80' lang='lat' dir='ltr'><strong>XIX,</strong></span> 
     </span>
    </p>
   </div>
   <div class='ocr_carea' id='block_1_123' title="bbox 1782 5785 3366 5858">
    <p class='ocr_par' dir='ltr' id='par_1_123' title="bbox 1782 5785 3366 5858">
     <span class='ocr_line' id='line_1_123' title="bbox 1782 5785 3366 5858; baseline 0.006 -18"><span class='ocrx_word' id='word_1_885' title='bbox 1782 5787 1997 5848; x_wconf 82' lang='lat' dir='ltr'><strong>priscus</strong></span> <span class='ocrx_word' id='word_1_886' title='bbox 2039 5786 2176 5843; x_wconf 88' lang='lat' dir='ltr'><strong>adeo</strong></span> <span class='ocrx_word' id='word_1_887' title='bbox 2216 5794 2275 5842; x_wconf 95' lang='lat' dir='ltr'><strong>ut</strong></span> <span class='ocrx_word' id='word_1_888' title='bbox 2321 5785 2539 5845; x_wconf 86' lang='lat' dir='ltr'><strong>Eusebii</strong></span> <span class='ocrx_word' id='word_1_889' title='bbox 2575 5785 2807 5844; x_wconf 65' lang='lat' dir='ltr'><strong>aetatem</strong></span> <span class='ocrx_word' id='word_1_890' title='bbox 2855 5801 3143 5858; x_wconf 60' lang='lat' dir='ltr'><strong>exequarc</strong></span> <span class='ocrx_word' id='word_1_891' title='bbox 3201 5785 3366 5856; x_wconf 59' lang='lat' dir='ltr'><strong>posse</strong></span> 
     </span>
    </p>
   </div>
  </div>
