3858 6214
419 275 520 332 667

490 482 625 536 Dum
673 480 751 536 ait
801 481 1064 539 Dominus
1095 485 1161 551 ³⁷,
1188 500 1249 541 se
1282 486 1500 542 venisse
1531 498 1588 542 ut
1618 489 1855 559 gladium
1888 491 1988 544 im-

421 575 677 642 mitteret,
713 587 889 644 neque
939 582 998 627 ut
1044 589 1232 644 pacem
1264 577 1439 641 daret,
1475 579 1569 633 sed
1603 587 1660 631 ut
1695 581 1874 649 potius
1903 597 1990 636 se-

422 665 761 733 parationem
794 665 1043 731 inferret,
1078 667 1164 722 bis
1204 667 1383 724 verbis
1413 671 1597 724 docuit
1638 672 1778 726 haud
1812 683 1986 742 grata,

420 769 599 824 neque
654 754 839 811 multis
884 765 1168 824 consueta,
1222 773 1398 829 neque
1436 760 1673 828 jucunda
1735 765 1986 818 daturqu

420 845 620 898 mundo
663 845 967 910 advenisse,
1019 849 1115 903 sed
1165 849 1288 903 talia
1334 865 1455 920 quae
1501 853 1633 922 ipsis
1663 862 1822 908 erunt
1868 855 1989 926 igne

421 934 722 1001 urentiora,
771 937 1068 1006 nequitiam
1115 941 1413 1010 quamlibet
1461 950 1518 997 et
1563 943 1759 998 anima:
1789 943 1990 1014 impro-

421 1023 648 1081 bitatem
699 1041 803 1083 ceu
861 1029 1090 1084 alienam
1141 1033 1424 1087 materiem
1472 1049 1694 1103 prorsus
1733 1039 1988 1093 combus-

429 1125 576 1181 tura,
626 1124 681 1172 et
725 1119 844 1174 auri
878 1120 1054 1175 instar
1081 1122 1344 1193 cujusque
1372 1125 1610 1179 animam
1646 1125 1986 1184 illustratura

424 1209 516 1278 qui
566 1225 684 1264 eam
717 1211 826 1266 vim
865 1213 1174 1280 receperit;
1223 1229 1319 1283 per
1347 1230 1505 1284 quam
1558 1232 1680 1272 mox
1727 1229 1987 1288 tanquam

425 1299 606 1366 gladio
636 1302 976 1368 acutissimo,
1009 1319 1207 1372 genere
1241 1307 1380 1360 inter
1407 1321 1468 1362 se
1503 1307 1690 1363 alIines
1735 1324 1989 1378 separare

425 1407 532 1447 non
567 1394 959 1461 demorabitur,
995 1397 1068 1450 ita
1109 1407 1168 1450 ut
1215 1396 1356 1452 ﬁlios
1406 1413 1435 1452 a
1489 1399 1734 1466 patribus
1764 1401 1987 1468 dividat,

426 1481 568 1539 ﬁlias
613 1499 644 1539 a
675 1486 960 1548 matribus.
1002 1501 1174 1542 nurus
1219 1503 1249 1541 a
1283 1488 1565 1555 socrubus,
1608 1491 1857 1548 rationali
1909 1492 1988 1548 in-

425 1591 589 1644 quam
643 1577 748 1632 telo
799 1579 1096 1650 divinoque
1140 1581 1342 1650 gladio,
1389 1592 1443 1636 et
1505 1582 1690 1638 divino
1740 1584 1992 1639 salutari-

425 1681 529 1734 qne
563 1668 703 1738 igne,
751 1678 811 1724 ut
845 1671 1084 1726 melioris
1117 1672 1285 1744 frugis
1341 1674 1586 1729 homines
1629 1675 1696 1730 ad
1746 1677 1987 1731 cmlestia

1071 273 1340 332 EUSEBII
1377 277 1856 338 CAESARIENSIS
1894 279 2045 337 OPP.
2087 280 2268 335 PARS
2309 279 2395 335 IV.
2435 311 2503 319 —
2543 277 2968 334 DOGMATICA.

1127 390 1269 450 XVI.
2014 405 2061 460 A

3565 273 3679 330 668

2732 395 2829 447 ια’
2865 391 2995 447 (97).

2732 395 2754 447 Ι
2817 400 2829 421 ’
2885 392 2950 446 97
2980 431 2995 445 .

2166 490 2276 560 (08)
2305 489 2493 558 Λέγων
2517 487 2699 559 μέντοι
2724 392 3002 556 ὀῖὶύὲιοίς,
3051 484 3133 538 ὅτι
3169 481 3295 550 Πῦρ
3339 477 3538 553 ἦλθον
3562 482 3678 545 ,Βα-

2080 581 2247 643 νλεῖν,
2276 581 2373 634 καὶ
2399 582 2509 634 οὐκ
2539 579 2786 648 εἰρήνην
2810 577 3038 641 δοῦναι,
3064 575 3225 631 ἀλλὰ
3249 574 3674 643 διαμερισμὸν,

2094 671 2338 723 ἐδίδασκε
2355 670 2442 723 διά
2462 669 2686 732 τούτων,
2709 670 2790 721 ὅτι
2827 667 2902 738 μὴ
2933 666 3003 720 τὰ
3029 666 3158 736 φίλα
3189 664 3322 736 μηδὲ
3355 663 3423 716 τὰ
3456 663 3674 735 συνήθη

2093 764 2204 826 τοῖς
2242 760 2457 824 πολλοῖς
2491 761 2584 813 xa‘t
2631 759 2697 813 τὰ
2741 758 2872 830 ήδέα
2922 743 3258 828 παραδώσωῦ
3315 754 3547 827 ἐλήλυθε
3591 753 3679 826 τῷ

2096 852 2216 924 βίῳ,
2242 852 2379 906 ἀλλά
2401 851 2575 906 ταῦτα
2601 850 2638 906 ἃ
2667 851 2732 922 δὴ
2766 849 2938 922 πυρὸς
2973 849 3156 912 αὐτοῖς
3186 848 3406 902 ἔσεσθαι
3435 863 3678 900 καυστι-

2093 942 2327 1016 κώτερα,
2354 944 2532 998 πᾶσαν
2554 942 2750 996 κακίαν
2787 941 2882 994 καὶ
2929 939 3228 1012 μοχθηρίαν
3264 939 3444 1010 ψυχῆς
3473 937 3680 1008 ὥσπερ

2093 1035 2376 1106 ἀλλοτρίαν
2403 1032 2534 1105 ὕλην
2562 1031 2994 1101 καταφλέξαντα,
3022 1031 3116 1084 κα).
3135 1030 3334 1102 χρυσοῦ
3357 1030 3517 1100 δίκην
3531 1028 3680 1100 λαμ-

2095 1124 2367 1196 πρύνοντα
2416 1124 2594 1175 πᾶσαν
2644 1120 2821 1191 ψυχὴν
2859 1118 2972 1173 τῶν
3008 1117 3459 1188 παραδεξαμένων
3498 1114 3681 1170 αὐτοῦ

2092 1215 2190 1287 τὴν
2206 1214 2452 1284 δύναμιν’
2475 1214 2542 1268 δι’
2564 1206 2632 1284 ἧς
2652 1213 2774 1266 ὅσον
2788 1211 2940 1264 οὖπω
2972 1209 3182 1280 μέλλειν
3211 1209 3486 1279 μαχαίρας
3511 1207 3680 1277 δίκην

2093 1307 2358 1378 ὀξυτάτης
2405 1305 2631 1376 διαιρεῖν
2677 1305 2800 1366 τοὺς
2841 1303 2981 1356 κατά
3018 1301 3172 1370 γένος
3221 1299 3470 1369 ἀλλήλοις
3501 1315 3685 1372 προσ-

2093 1400 2347 1472 ήκοντας,
2375 1397 2503 1451 ὥστ’
2531 1395 2812 1467 ἀφορίζειν
2835 1395 2982 1459 υἱοὺς
3006 1392 3227 1462 γονέων,
3249 1392 3345 1446 καὶ
3361 1391 3680 1461 θυγατέρας

2097 1491 2368 1563 μητέρων,
2401 1488 2495 1542 καὶ
2531 1487 2745 1559 νύμφας
2776 1486 2883 1540 τῶν
2916 1485 3269 1556 κηδεστριῶν,
3302 1483 3408 1538 ὑπὸ
3436 1483 3536 1536 τοῦ
3583 1483 3680 1536 λο-

2093 1581 2248 1651 γικοῦ
2290 1581 2478 1652 βέλους
2517 1581 2611 1634 καὶ
2649 1578 2749 1649 τῆς
2781 1578 2966 1648 θεῖκῆς
2996 1577 3268 1648 μαχαίρας
3298 1576 3392 1629 τοῦ
3426 1593 3486 1628 τε
3518 1575 3678 1628 θείου

2095 1673 2187 1727 καὶ
2211 1672 2475 1742 σωτηρίου
2506 1671 2696 1742 πυρὸς,
2741 1670 2848 1724 τῶν
2889 1673 2942 1725 ἐν
2987 1669 3290 1742 ἀνθρώποις
3341 1667 3684 1738 κρειττόνων

425 1759 691 1815 desideria
743 1761 1180 1829 inflammentur,
1237 1780 1413 1836 neque
1464 1766 1668 1822 diutius
1729 1782 1850 1823 cum
1887 1768 1991 1821 im-

2111 1765 2190 1818 ἐπὶ
2214 1763 2305 1817 τὸν
2331 1763 2578 1836 οὐράνιον
2593 1761 2756 1816 πόθον
2781 1761 3179 1833 ἐξαπτομένων,
3204 1761 3296 1814 καὶ
3321 1759 3523 1832 μηκέτι
3546 1759 3683 1811 οἴων

426 1851 612 1919 probis
641 1854 955 1909 societatem
989 1855 1192 1912 habere
1222 1849 1530 1927 patiantur:
1566 1868 1728 1928 atque
1761 1859 1833 1914 ita
1865 1858 1994 1915 hinc

427 1941 561 2008 ipsis
606 1943 765 1998 civile
811 1945 1013 2001 bellum
1066 1951 1258 2003 merito
1308 1949 1590 2014 conﬂetur,
1645 1950 1848 2021 iniquis
1894 1966 1994 2022 pa-

429 2033 602 2088 tribus
649 2035 836 2092 ﬁdeles
880 2037 1018 2093 ﬁlios
1065 2042 1516 2110 persequentibus
1543 2083 1558 2109 ,
1602 2043 1868 2098 matribus
1920 2043 1997 2096 ir-

429 2125 696 2194 religiosis
729 2128 863 2183 ﬁlias
906 2130 1069 2201 frugi,
1099 2134 1364 2187 socruhus
1398 2133 1598 2202 pariter
1627 2149 1797 2190 nurus
1823 2148 1952 2190 suas
1978 2150 1992 2188 :

431 2215 548 2280 ipso
593 2217 803 2272 scilicet
841 2219 956 2276 haec
994 2232 1274 2292 operante,
1323 2225 1446 2277 dum
1500 2224 1857 2278 humanarum
1888 2226 2000 2278 ani-

431 2322 641 2362 marum
697 2309 962 2364 delectum
1020 2313 1229 2379 habet,
1279 2321 1335 2367 et
1401 2313 1658 2370 invisibili
1705 2315 1998 2386 divinaque

430 2400 671 2464 potentia
719 2402 863 2457 inter
914 2404 1013 2459 has
1062 2406 1365 2468 discernit;
1414 2416 1470 2460 et
1538 2407 1726 2478 dignas
1777 2409 1996 2476 quidem

430 2493 602 2560 gratia
631 2508 727 2548 sua
779 2509 844 2549 ac
893 2497 1202 2563 vocatione,
1250 2514 1350 2568 pro
1396 2500 1612 2554 virtutis
1653 2501 1848 2555 merito
1877 2515 2001 2555 con-

431 2583 663 2650 scribit,
722 2585 967 2656 indignas
1017 2597 1196 2643 autem
1249 2589 1518 2645 electione
1573 2605 1672 2645 sua
1741 2591 1996 2648 secernit.

433 2673 559 2728 llaac
600 2675 652 2728 in
717 2685 1057 2732 antecessum
1101 2679 1282 2734 divina
1354 2681 1664 2751 provisione
1719 2681 2000 2751 discipulis

430 2761 755 2830 exponebat,
789 2763 1032 2818 futurum
1059 2765 1335 2822 afﬁrmans
1363 2769 1522 2824 civile
1553 2769 1755 2825 bellum
1783 2781 2001 2840 propter

433 2866 584 2905 suam
623 2852 948 2922 doctrinam,
984 2852 1047 2910 ρι’
1083 2870 1144 2912 se
1184 2859 1359 2927 ignem
1395 2877 1775 2927 accensurum,
1803 2871 1858 2917 ct
1885 2862 2002 2933 gla-

434 2940 580 2994 dium
615 2957 712 3011 per
737 2945 925 3000 domos
953 2945 1351 3014 immissurum,
1381 2959 1435 3005 et
1464 2951 1568 3005 vim
1605 2966 1756 3007 suam
1787 2967 1884 3020 per
1905 2967 2002 3009 co-

433 3033 717 3100 gnationes
747 3036 1143 3102 discursuram,
1183 3050 1242 3092 ut
1280 3056 1308 3094 a
1357 3043 1534 3098 noxiis
1580 3046 1896 3112 parentibus
1927 3045 2004 3100 af-

436 3124 739 3195 ﬁnibusque
782 3129 1023 3194 dividat,
1070 3132 1165 3186 sed
1218 3133 1328 3188 Deo
1381 3135 1706 3205 conjungat;
1760 3135 1998 3194 futuram

437 3216 636 3285 quippe
674 3217 959 3287 plurimam
1010 3221 1353 3280 inimicitiam
1411 3235 1466 3281 et
1509 3242 1740 3299 pugnam
1781 3243 1998 3284 suorum

439 3307 670 3362 militum
703 3311 988 3367 adversum
1025 3314 1182 3370 aliter
1208 3316 1472 3383 viventes,
1515 3319 1567 3373 in
1606 3320 1852 3376 domibus
1889 3321 2004 3376 sin-

437 3397 612 3466 gulis;
674 3399 800 3472 dum
868 3402 958 3456 alii
1022 3404 1388 3476 irreligiosos,
1440 3408 1899 3479 intemperantes,
1949 3418 2007 3466 et

438 3505 662 3554 asperos
693 3502 970 3549 sectantur
1005 3510 1217 3563 mores;
1263 3498 1348 3552 alii
1386 3500 1657 3564 modeste,
1690 3502 2004 3572 composite,

441 3580 638 3651 pieque
670 3583 875 3638 vivunt.
908 3585 1044 3640 Hinc
1073 3587 1253 3642 odium
1285 3603 1448 3657 grave
1479 3589 1788 3659 bellumque
1819 3591 2008 3646 incon-

442 3670 676 3728 ciliabile
727 3673 779 3727 in
828 3673 1059 3743 singulis
1100 3675 1318 3732 familiis
1365 3678 1657 3733 conflatum
1705 3680 2009 3735 iri.—Dei

446 3764 691 3818 notitiam
749 3775 913 3836 atque
963 3767 1292 3835 amicitiam,
1347 3785 1507 3839 quam
1563 3772 1840 3843 discipulis
1898 3774 2010 3829 suis

442 3855 788 3924 conciliabat,
823 3859 1126 3928 animaeque
1166 3860 1728 3929 imperturbationem,
1775 3871 1828 3917 et
1860 3877 2010 3917 men-

442 3947 516 4001 tis
559 3949 905 4003 serenitatem
935 3951 1266 4023 ﬁrmumque
1297 3965 1521 4019 statum,
1553 3954 1702 4024 pacis
1745 3954 2010 4010 vocabulo

446 4040 731 4095 denotans.
779 4039 919 4097 Vere
963 4043 1108 4097 enim
1167 4045 1254 4099 illa
1303 4059 1412 4115 pax
1462 4055 1577 4109 est,
1627 4059 1747 4115 qua:
1798 4042 2010 4114 justitia

448 4129 542 4184 Dei
585 4141 638 4184 et
681 4131 883 4200 pietate
919 4133 1202 4203 gloriatur.

2093 1874 2153 1910 τε
2185 1856 2368 1928 φέρειν
2390 1855 2487 1927 τὴν
2521 1855 2659 1926 μετὰ
2685 1853 2795 1907 τῶν
2820 1853 3039 1923 φαύλων
3069 1852 3354 1907 συνουσίαν
3377 1869 3391 1882 ·
3423 1851 3557 1904 ὥστ’
3592 1853 3683 1903 ὲνι

2095 1947 2243 2002 θένδε
2269 1949 2491 2011 εἰκότως
2530 1947 2622 2000 τὸν
2667 1946 2928 2018 ἐμφύλιον
2986 1947 3166 2009 αὐτοῖς
3215 1942 3682 2018 ἀναῤῥιπίζεσθαι

2095 2040 2352 2112 πόλεμον,
2392 2039 2644 2110 πατέρων
2681 2037 2780 2108 μὲν
2824 2037 3040 2107 φαύλων
3070 2037 3205 2100 υἱοῖς
3257 2037 3468 2098 πιστοῖς
3509 2035 3686 2087 ἐπαν-

2097 2131 2422 2202 ισταμένων,
2456 2129 2706 2201 μητέρων
2743 2129 2800 2182 δὲ
2837 2129 3012 2182 ἀθέων
3061 2127 3363 2197 θυγατράσι
3406 2125 3682 2198 σώφροσι,

2096 2221 2426 2295 κηδεστριῶν
2453 2239 2512 2274 τε
2532 2221 2792 2284 ὡσαύτως
2815 2223 2934 2284 ταῖς
2966 2220 3174 2274 ἑαυτῶν
3203 2221 3442 2290 νύμφαις
3463 2235 3475 2247 ·
3509 2217 3681 2272 αὑτοῦ

2093 2316 2248 2370 ταῦτ’
2281 2313 2628 2386 ἐνεργοῦντος
2644 2315 2701 2368 ἐν
2715 2313 2794 2384 τῷ
2814 2312 3189 2384 στρατολογεῖν
3212 2311 3309 2374 τὰς
3331 2310 3442 2364 τῶν
3463 2309 3682 2380 ἀνθρώ-

2098 2386 2216 2460 πων
2243 2406 2442 2478 ψυχὰς,
2466 2406 2562 2460 καὶ
2587 2403 2686 2468 τὰς
2707 2405 2864 2471 ἀξίας
2885 2403 2980 2459 τοῦ
3021 2402 3156 2458 Θεοῦ
3205 2403 3480 2474 βασιλείας
3535 2400 3687 2454 ἐκλέ-

2098 2497 2314 2566 γεσθαι,
2341 2496 2561 2569 ἀοράτῳ
2579 2512 2640 2548 τε
2678 2495 2776 2548 κα)⁸
2808 2493 2964 2566 θεῖκῇ
2988 2493 3219 2564 δυνάμει
3253 2493 3310 2545 ἐν
3342 2492 3532 2562 μέσοις
3560 2491 3686 2544 τού-

2097 2606 2211 2652 τοις
2240 2589 2412 2642 ἀπασι
2437 2587 2734 2659 διακρίνειν
2768 2585 2916 2658 (99)·
2968 2586 3064 2640 καὶ
3093 2588 3220 2649 τοὺς
3245 2583 3344 2655 μὲν
3374 2581 3562 2648 ἀξίους
3582 2583 3685 2652 τῆς

2099 2678 2263 2733 αὐτοῦ
2285 2679 2508 2752 χάριτός
2544 2696 2604 2734 τε
2659 2679 2754 2733 καὶ
2797 2677 3043 2749 κλήσεως
3079 2675 3393 2748 ἀριστίνδην
3437 2674 3685 2728 ἀποϐάλ-

2098 2771 2234 2836 λειν,
2277 2771 2402 2834 τοὺς
2446 2770 2490 2824 δ’
2528 2769 2780 2834 ἀναξίους
2836 2769 2934 2840 τῆς
2979 2767 3214 2838 ἐκλογῆς
3265 2766 3550 2838 ἀφορίζειν
3584 2765 3684 2837 (1).

2101 2863 2288 2917 Ταῦτα
2320 2860 2604 2935 προλαϐὼν
2632 2861 2801 2933 ἐνθέῳ
2849 2859 3154 2933 προγνώσει
3185 2857 3522 2912 διεστέλλετο
3549 2856 3688 2928 πρὸς

2100 2957 2228 3021 τοὺς
2262 2954 2530 3026 μαθητὰς,
2587 2951 2995 3026 μαρτυρόμενος
3041 2951 3132 3004 τὸν
3173 2949 3438 3020 μέλλοντα
3483 2948 3689 3019 συστήτ

2105 3041 2291 3094 σεσθαι
2325 3040 2588 3112 ἐμφύλιον
2609 3040 2842 3110 πόλεμον
2867 3038 2956 3093 διά
2977 3039 3104 3102 τοὺς
3135 3037 3300 3091 αὑτοῦ
3332 3037 3527 3106 λόγους
3549 3053 3563 3068 ·
3593 3038 3689 3090 καὶ

2104 3132 2180 3197 ὡς
2203 3133 2316 3205 πῦρ
2371 3131 2580 3202 ἐξάψει,
2611 3131 2708 3186 καὶ
2750 3131 3027 3202 μάχαιραν
3055 3128 3283 3200 ἐμϐαλεῖ
3322 3129 3445 3182 κατ’
3478 3127 3684 3193 οἴκους,

2105 3225 2199 3278 καὶ
2235 3223 2376 3278 κατά
2427 3223 2745 3293 συγγενείας
2793 3223 2828 3294 ὴ
2875 3220 3040 3275 αὐτοῦ
3081 3221 3331 3291 δύναμις,
3373 3220 3686 3293 χωρίζουσα

2109 3315 2208 3388 μὲν
2228 3316 2336 3368 τῶν
2353 3314 2662 3370 ἐπιδλαὸῶν
2682 3313 2884 3384 γονέων
2901 3312 2997 3368 κα)¹
3025 3312 3321 3382 συγγενῶν,
3342 3312 3690 3366 συνάπτουσα

2106 3407 2164 3461 δὲ
2195 3406 2273 3476 τῷ
2305 3405 2442 3477 Θεῷ,
2476 3406 2570 3460 καὶ
2619 3408 2686 3478 τῇ
2735 3404 2843 3459 τῶν
2889 3403 3138 3476 οὐρανῶν
3202 3402 3450 3474 βασιλεία
3491 3403 3690 3458 ἐνοῦσα

2107 3499 2236 3562 τοὺς
2265 3498 2449 3564 ἀξίους
2472 3497 2641 3567 αὐτῆς
2663 3513 2678 3528 ο
2717 3495 2937 3550 ἔσεσθαι
2969 3495 3078 3566 γάρ
3113 3493 3371 3564 πλείστην
3396 3493 3531 3561 ὅσην
3574 3493 3689 3546 δια·
3755 3501 3758 3503 ‘

2109 3587 2281 3659 φοράν
2306 3604 2365 3640 τε
2390 3586 2486 3640 καὶ
2512 3587 2692 3658 μάχην
2719 3585 2826 3639 τῶν
2843 3584 3010 3638 αὑτοῦ
3041 3581 3384 3656 στρατιωτῶν
3403 3582 3541 3651 πρὸς
3563 3583 3688 3645 τοὺς

2107 3680 2366 3744 ἐναντίως
2405 3679 2634 3746 ζῶντας,
2669 3678 2791 3732 καθ’
2820 3678 3048 3732 ἕκαστον
3076 3671 3251 3740 οἷκον,
3291 3675 3371 3745 τῷ
3417 3675 3544 3738 τοὺς
3586 3674 3687 3745 μὲν

2108 3773 2200 3826 τὸν
2232 3772 2529 3825 ἀκόλαστον
2557 3772 2651 3824 καὶ
2676 3770 2833 3824 ἄθεον
2866 3769 2959 3823 καὶ
3003 3768 3247 3839 δυσμενῆ
3289 3767 3534 3836 μετιέναι
3570 3766 3683 3836 βίου

2109 3863 2330 3934 τρόπον,
2364 3863 2491 3925 τοὺς
2516 3862 2573 3916 δὲ
2600 3862 2691 3914 τὸν
2724 3861 2984 3931 σώφρονα.
3009 3861 3103 3914 καὶ
3137 3859 3360 3928 κόσμιον
3383 3858 3478 3910 καὶ
3519 3859 3688 3910 ἐπιει-

2112 3955 2216 4026 κῆο
2241 3955 2322 4009 διὸ
2366 3953 2432 4026 δὴ
2462 3953 2659 4026 ἔχθραν
2690 3954 2869 4025 δεινὴν
2895 3953 2992 4006 κα).
3029 3951 3266 4022 πόλεμον
3317 3950 3577 4005 ἄσπονδον
3625 3952 3687 4003 ἐκ

2115 4045 2305 4100 τούτου
2347 4045 2712 4115 συστήσεσθαι
2747 4046 2831 4114 ἐφ’
2865 4044 3103 4115 ἑκάστης
3137 4041 3458 4112 συγγενείας
3487 4041 3586 4112 (2).
3619 4073 3687 4082 -

2115 4137 2230 4210 Τὴν
2265 4137 2403 4210 πρὸς
2453 4136 2586 4191 Θεὸν
2617 4136 2820 4206 γνῶσίν
2849 4153 2908 4189 τε
2936 4137 3032 4190 καὶ
3063 4134 3264 4205 φιλίαν,
3299 4133 3361 4204 ἢν
3393 4135 3506 4196 τοῖς
3525 4131 3684 4186 αὑτοῦ

447 4225 732 4297 προύξένει
773 4227 1058 4299 μαθηταῖς,
1102 4230 1203 4301 τήν
1233 4248 1294 4284 τε
1331 4231 1432 4300 τῆς
1463 4230 1640 4303 ψυχῆς
1691 4230 2010 4302 ἀταραξίαν,
2048 4232 2142 4286 καὶ
2167 4232 2431 4303 λογισμοῦ
2458 4231 2519 4284 τὺ
2544 4231 2776 4302 γαληνὸν
2836 4230 2933 4284 καὶ
2988 4227 3248 4309 εὐσταθὲς
3276 4225 3464 4280 τοῦτον
3481 4225 3685 4278 ἀποκα-

446 4321 554 4374 λῶν
581 4321 672 4376 τὸν
702 4322 932 4394 τρόπον·
968 4324 1044 4396 (5)
1081 4325 1269 4397 εἰρήνη
1304 4325 1410 4398 γὰρ
1438 4326 1606 4390 ὅντως
1627 4327 1810 4400 ἐκείνη
1843 4327 2011 4390 ἐστὶν,
2035 4329 2069 4399 ἡ
2091 4331 2148 4381 ἐν
2182 4331 2249 4398 τῇ
2269 4326 2580 4398 δικαιοσύνῃ
2607 4326 2700 4380 τοῦ
2730 4325 2865 4379 Θεοῦ
2899 4324 2995 4379 καὶ
3019 4323 3269 4393 εὐσεϐείᾳ
3293 4319 3682 4391 σεμνυνομένη.

523 4413 908 4470 Verumtamen
967 4419 1080 4471 haec
1139 4419 1490 4486 praecipiebat
1532 4416 1812 4483 Servator,
1860 4419 2002 4474 haud

2187 4419 2262 4489 (ό)
2294 4418 2441 4490 Πλὴν
2478 4416 2652 4478 ταῦτα
2686 4417 2990 4472 διετάττετο
3031 4417 3059 4468 ὁ
3092 4413 3315 4486 Κύριος,
3349 4412 3452 4466 ούκ
3483 4413 3684 4464 ἀντινο-

449 4507 701 4576 equidem
742 4519 931 4564 contra
977 4508 1178 4582 Moysis
1232 4511 1406 4581 legem
1451 4511 1719 4579 dicentem
1750 4527 1764 4566 :
1793 4509 2015 4565 Honora

521 4624 565 4656 ³⁷
597 4624 788 4679 Matth.
814 4640 868 4688 Χ,
902 4625 993 4680 54.

523 4715 635 4786 (97)
671 4715 728 4769 1η
764 4716 954 4771 codice
981 4717 1045 4772 A.
1087 4717 1128 4770 f.
1178 4716 1282 4772 {86
1323 4715 1685 4786 fragmentum
1733 4716 1839 4771 hoc
1882 4717 2022 4786 gerit

449 4783 736 4858 perspicue
781 4787 994 4858 titulum
1039 4787 1336 4841 Εὐσεϐίου
1375 4783 1630 4858 δευτέρῳ
1663 4785 1782 4858 (vel
1818 4783 2020 4858 δεῦτέ-

452 4854 592 4928 ρου)
613 4856 991 4925 Scopas-stac.
1020 4858 1336 4926 Atqulllllud
1367 4854 1601 4928 δευτέρῳ
1634 4854 1885 4928 mendum
1910 4857 2022 4928 exi-

455 4927 616 4979 stimo
662 4928 1006 4980 amanuensis
1040 4928 1131 4994 qui
1171 4927 1222 4979 in
1270 4926 1581 4994 antiquiore
1605 4927 1791 4980 codice
1834 4926 2028 4994 legerit

458 4996 690 5049 litteram
728 4996 777 5059 δ,
806 4993 1322 5065 [qttarto,praveqne
1356 4993 1708 5065 eXplicaverit
1747 4993 2022 5062 δευτέρῳ.

459 5065 668 5131 Reapse
717 5066 769 5118 in
815 5065 1035 5135 Syriaca
1082 5063 1443 5132 Theophania,
1487 5066 1582 5122 lib.
1628 5081 1700 5127 IV,
1745 5065 1814 5118 l2
1839 5075 1892 5117 et
1921 5065 2020 5135 28,

458 5149 634 5188 sermo
661 5144 745 5188 est
772 5135 839 5188 de
860 5134 1102 5190 ’dissidiis
1145 5136 1406 5203 bellisque
1435 5135 1745 5191 domesticis
1787 5151 1852 5190 ac
1881 5134 2017 5189 civi-

460 5203 600 5259 libus
631 5203 905 5273 religionis
948 5207 1172 5274 diversm
1202 5219 1402 5270 causa;
1439 5220 1743 5274 quanquam
1773 5213 2018 5258 nostrum

464 5273 817 5354 fragmentum
877 5273 1088 5329 nonnisi
1141 5275 1338 5330 alicubi
1381 5290 1507 5330 cum
1563 5273 1838 5346 praedictis
1887 5275 2022 5328 locis

463 5354 731 5409 congruit.

538 5412 648 5484 (νβ)
668 5413 769 5484 Τίι.
789 5413 912 5484 Syr.
943 5428 1016 5478 tv,
1051 5413 1138 5468 l2.

536 5481 646 5551 (99)
702 5481 844 5536 Sine'
882 5484 1044 5538 dubio
1076 5483 1308 5551 pertinet
1357 5485 1425 5539 ad
1475 5483 1621 5538 hunc
1659 5482 1837 5536 locum
1884 5481 2030 5550 frag-

469 5559 706 5604 mentum
754 5551 966 5606 Eusebii
1001 5554 1053 5607 in
1084 5556 1286 5608 Catena
1327 5555 1392 5607 ad
1445 5552 1756 5606 Mattltaaum
1808 5567 1927 5619 cap.
1969 5565 2028 5610 Χ,

469 5620 559 5682 54,
587 5621 714 5704 edit.
740 5618 1006 5704 (lirantcri,
1043 5637 1093 5704 pg.
1119 5624 1206 5704 8d.
1246 5624 1505 5704 ξύλσεὸίου
1536 5618 1892 5704 Καισαρείαςζ
1920 5621 2034 5698 Τὴν

474 5689 738 5760 τμητικὴν
769 5688 1086 5762 (μάχαιραν)
1117 5695 1194 5755 είς
1226 5693 1284 5745 τὸ
1308 5693 1530 5765 διαιρεῖν
1558 5693 1682 5756 τοὺς
1719 5688 1900 5757 ἀξίους
1937 5688 2034 5742 τοῦ

2125 4509 2366 4582 μοθετῶν
2395 4510 2472 4581 τῷ
2499 4510 2759 4578 φάσκοντι
2791 4507 2940 4580 παρὰ
2969 4509 3212 4570 Μωῦσεῖ,
3249 4504 3392 4574 Τίμα
3436 4504 3546 4558 τὸν
3575 4517 3686 4555 πα-

2127 4713 2262 4788 Θεοῦ
2290 4713 2396 4788 ᾁπδ
2427 4710 2634 4788 τῶνμὴ
2674 4709 2950 4788 sowing?-
3049 4779 3061 4788 .
3153 4779 3166 4788 .
3502 4775 3560 4788 .-
3645 4774 3657 4786 .

2197 4786 2274 4854 (1)
2301 4784 2426 4838 llaec
2480 4785 2530 4835 in
2558 4774 2802 4851 'S'yriat-a
2865 4779 3245 4854 TlteophqniaL
3260 4774 3360 4832 lib.
3389 4789 3466 4854 tv,
3498 4775 3580 4836 19..
3613 4774 3682 4854 ait

2122 4844 2388 4925 Eusebius
2427 4868 2486 4907 se
2521 4844 2854 4925 _su_mere-ex
2888 4844 3175 4925 _llebraico
3207 4844 3522 4925 Evangelia,
3546 4845 3688 4912 quod

2123 4923 2255 4978 alibi
2293 4925 2458 4976 etiam
2487 4923 2555 4977 ab
2591 4920 2823 4975 Eusebio
2852 4921 3079 4974 citatum
3117 4927 3302 4986 postea
3332 4915 3648 4986 videbimus.

2194 4994 2270 5065 (2)
2303 4993 2428 5048 llmc
2470 4991 2624 5046 valde
2656 5000 2961 5060 congruunt
3008 4983 3130 5044 cum
3180 4985 3407 5053 Theoph.
3462 4983 3584 5055 Syr.
3611 4999 3682 5048 tv,

2200 5135 2276 5203 ('5)
2302 5132 2465 5187 Vides
2496 5132 2642 5203 hunc
2679 5128 2952 5203 praecipue
2988 5126 3167 5203 locum
3211 5121 3682 5203 atlamussimnper-

2126 5191 2300 5258 linere
2349 5203 2414 5256 ad
2445 5191 2734 5276 _Syriacain
2801 5191 3212 5276 Theopﬁ_a_nit_tm,
3237 5193 3359 5276 "lib.
3393 5191 3680 5276 1v,.l2,ita

2128 5284 2306 5328 tamen
2341 5281 2400 5324 ut
2435 5263 2657 5326 Graecus
2711 5277 2890 5324 textus
2925 5263 3056 5321 mihi
3111 5263 3341 5319 lucidior
3392 5263 3678 5329 meliorque

2128 5345 2396 5396 videatur.

2129 5458 2131 5465 ι
2203 5412 2279 5482 (4)
2315 5411 2370 5463 ln
2400 5409 2586 5482 codice
2608 5408 2674 5461 A.
2713 5406 2752 5460 f.
2788 5406 2922 5482 204,
2951 5415 3412 5482 perspicue_._cum
3446 5411 3680 5482 compen-

2132 5467 2220 5537 dio
2254 5467 2454 5535 tantum
2503 5481 2556 5532 in
2600 5478 2837 5532 secundo
2867 5467 3130 5531 vocabulo
3165 5491 3179 5526 :
3212 5469 3479 5525 Εὐσεϐίου
3510 5467 3681 5540 βιβλίῳ

2130 5552 2372 5622 τετάρτῳ
2410 5547 2760 5620 Θεοφανείας,
2784 5546 3010 5620 Eusebii
3043 5559 3108 5599 ea:
3147 5543 3281 5598 libro
3308 5539 3685 5597 auarto'Tftco—

2131 5624 2361 5692 ρηαιιίω.
