3858 6214
134 367 243 422 669

1491 361 1579 418 ma
1613 339 2075 415 fomentum.

3281 345 3386 400 670

136 485 286 551 τέρα
323 495 441 536 σου
473 483 571 536 καὶ
621 498 738 550 την
757 481 986 552 μητέρα
1020 496 1160 547 σου,
1196 481 1366 553 νόμῳ,
1405 478 1635 550 βεϐαιῶν
1667 476 1723 530 δὲ

1837 488 2024 531 ναινεηι
2056 486 2205 530 tuum
2240 491 2286 528 et
2331 483 2550 527 matrem
2583 481 2728 523 tuam
2751 469 2829 533 8";
2859 468 2966 522 imo
3005 475 3059 521 et
3104 463 3249 521 illam
3295 467 3387 521 fir-

139 577 398 628 κάκεῖνον
429 574 526 628 καὶ
583 574 1113 646 ἐπισφραγιζόμενος
1151 573 1240 628 διὰ
1273 573 1374 642 τῆς
1415 570 1724 642 κρείττονος

140 668 240 720 καὶ
259 667 641 739 ἐντελεστέρας
661 667 876 738 ἰντολῆς
903 667 1000 737 τῆς
1028 666 1120 719 τὸν
1148 665 1280 719 Θεὸν
1309 664 1368 729 ἐξ
1391 663 1517 732 ὅλης
1548 660 1724 731 ψυχῆς

139 760 367 828 ἀγαπᾷν
396 758 869 830 διακελευομένης.
891 757 1112 829 Πατέρα
1144 758 1241 830 μὲν
1257 757 1365 828 γὰρ
1397 755 1490 809 καὶ
1512 755 1723 825 μητέρα

139 851 313 921 τιμᾷν
348 851 508 903 παντί
538 868 617 920 τῳ
657 850 886 921 νόμιμον
920 850 1060 903 κατά
1093 849 1254 918 φύσιν
1274 864 1286 878 ·
1337 848 1488 910 ὅντος
1522 845 1578 898 δὲ
1611 845 1727 898 ἐτέ-

144 961 242 1014 ρου
283 943 491 1013 πατρὸς
535 941 631 995 τοῦ
668 943 762 996 καὶ
797 941 907 995 τῶν
949 941 1354 1012 γεγεννηκότων
1395 939 1722 1012 κρείττονος,

141 1036 348 1100 αύτούς
376 1053 437 1088 τε
465 1033 940 1106 ὁποστησαμένου,
973 1029 1043 1104 ἦν
1076 1033 1135 1086 δὲ
1166 1024 1323 1096 οὗτος
1378 1031 1410 1084 ὁ
1448 1029 1542 1083 τοῦ
1587 1028 1724 1081 Θεοῦ

142 1128 348 1196 Λόγος,
401 1129 430 1182 ό
463 1127 530 1182 τά
567 1124 1344 1198 προκείμενα.διαταττόμενος
1366 1161 1382 1188 ,
1416 1121 1477 1175 ού
1525 1119 1726 1192 χρῆναί

142 1238 282 1291 φησι
300 1247 320 1274 ν
341 1219 698 1292 ὑπερϐάλλειν
730 1221 794 1291 τῇ
815 1217 968 1289 φιλία
982 1219 1109 1281 τοὺς
1133 1216 1193 1270 τὸ
1228 1215 1387 1286 σῶμα
1405 1211 1727 1283 γεγεννηκό-

140 1330 246 1376 τας
299 1312 396 1365 τοῦ
435 1312 535 1372 τὴν
579 1311 804 1383 λογικὴν
856 1308 1308 1380 ὑποστησαμένου
1354 1307 1556 1376 Λόγου’
1591 1305 1728 1359 ἀλλὰ

140 1403 422 1466 κάκείνοις
449 1402 547 1473 μὲν
563 1401 965 1474 προσφέρεσθαι
979 1403 1108 1471 τιμῇ
1131 1403 1197 1470 τῇ
1216 1400 1384 1470 πάσῃ,
1411 1396 1646 1451 διαθέσει
1665 1413 1726 1450 τε

140 1489 210 1564 τῇ
243 1493 620 1564 προσηκούσῃ,
655 1491 804 1563 αύτῷ
849 1491 907 1544 δὲ
947 1489 1392 1562 ὑπερϐαλλόντως
1422 1488 1483 1542 τὸ
1511 1488 1726 1560 πρῶτον

139 1582 446 1652 ἀπονέμειν
477 1580 660 1643 σέϐας,
695 1580 1056 1650 ύπεραγαπᾷν
1102 1595 1160 1630 τε
1202 1576 1298 1629 κα)⁸
1347 1575 1520 1644 φιλεῖν
1565 1573 1727 1627 αὐτὸν

140 1672 292 1742 ὑπὲρ
325 1671 532 1735 πάντας
555 1686 570 1701 °
601 1671 677 1733 ὡς
711 1669 785 1740 μὴ
820 1670 1102 1722 κατοκνεῖν
1118 1667 1186 1720 δι’
1218 1667 1382 1720 αὑτὸν
1405 1666 1500 1720 καὶ
1524 1664 1727 1733 γονέων

139 1762 362 1816 ἀσεϐῶν
394 1758 719 1825 διίστασθαι,
741 1759 836 1812 καὶ¹
868 1757 1044 1812 ἀθέων
1077 1755 1319 1824 ἀδελφῶν
1346 1753 1724 1826 ἀφορίζεσθαι,

141 1850 299 1914 υἱούς
331 1867 391 1904 τε
425 1849 517 1903 καὶ
555 1847 860 1919 θυγατέρας
891 1845 1351 1919 ἀποστρέφεσθαι,
1386 1858 1482 1899 και
1527 1847 1592 1916 τῇ
1631 1843 1726 1896 τοῦ

142 1939 325 2008 Λόγου
374 1938 762 2010 τμητικωτάτῃ
821 1936 1064 2009 μαχαίρᾳ.
1105 1935 1310 1989 τούτων
1360 1936 1614 1990 ἁπάντων
1660 1934 1729 1988 τὰ

142 2029 359 2098 φυσικὰ
376 2029 688 2082 διακόπτειν
711 2028 930 2099 φίλτρα,
963 2029 1012 2080 εἰ
1037 2024 1288 2098 ἐμποδών
1317 2043 1448 2080 ποτε
1491 2025 1730 2094 γένοιντο

143 2125 214 2194 τῇ
252 2123 385 2192 περὶ
412 2121 575 2174 αὐτὸν
603 2120 814 2175 εὐσεϐεῖ
840 2118 1096 2174 διαθέσει.
1139 2117 1233 2171 Διὸ
1267 2117 1510 2190 ἀκριϐῶς
1550 2119 1610 2170 ὲν
1650 2115 1730 2187 τῷ

145 2212 420 2280 Ματθαίῳ
452 2211 555 2282 ἔφη
579 2227 594 2242 ο
639 2212 693 2264 '0
731 2209 924 2280 φιλῶν
960 2210 1186 2279 πατέρα
1228 2209 1267 2279 ἢ
1306 2209 1534 2279 μητέρα
1576 2208 1729 2277 ὑπὲρ

143 2303 255 2368 ἐμὲ
284 2306 400 2357 οὐκ
427 2303 559 2357 ἔστι
580 2319 700 2372 μου
724 2301 920 2367 ἄξιος·
950 2301 1135 2373 χώραν
1165 2301 1264 2372 μὲν
1288 2301 1397 2372 γὰρ
1419 2300 1507 2354 διὰ
1526 2298 1728 2352 τούτων

145 2395 248 2449 καὶ
276 2397 391 2457 τοῖς
416 2394 494 2464 τῷ
516 2395 664 2462 γένει
701 2395 1034 2466 προσήκουσι
1065 2392 1354 2455 διαθέσεως
1394 2390 1731 2462 κατελίμπα-

145 2503 241 2539 νεν
260 2504 274 2517 ο
301 2486 442 2556 ὑπὲρ
458 2485 618 2539 αὑτὸν
638 2483 695 2538 δὲ
723 2483 901 2537 οὐκέτ’
926 2485 1108 2547 αὐτοῖς
1134 2483 1427 2554 συνεχώρει
1445 2481 1728 2553 τιμᾶσθαι,

143 2578 270 2632 οὐδὲ
311 2578 399 2632 διὰ
431 2576 640 2649 τὴνξείς
679 2576 771 2630 τὸν
801 2577 1018 2647 πατέρα
1052 2575 1204 2639 αἰδῶ,
1249 2575 1283 2646 ἢ
1331 2575 1429 2646 τῆς
1465 2574 1730 2642 τεκούσης

147 2669 338 2730 ἕνεκα,
373 2668 406 2737 ἢ
439 2668 600 2739 χάριν
623 2668 720 2740 τῆς
764 2667 902 2740 πρὸς
948 2669 1016 2722 τὰ
1051 2667 1285 2737 φίλτατα
1324 2665 1577 2738 στοργῆς,
1613 2665 1731 2729 ὲξό-

153 2759 393 2830 μνυσθαι
431 2759 530 2831 τὴν
568 2759 731 2813 αὐτοῦ
776 2760 980 2830 φιλίαν,
1014 2759 1150 2814 ἀλλὰ
1181 2759 1352 2829 φιλεῖν
1389 2759 1487 2829 μὲν
1540 2758 1732 2812 κάκεί-

150 2867 302 2917 νους,
335 2851 414 2914 ὡς
434 2852 530 2904 καὶ
558 2851 654 2904 τοῦ
704 2853 802 2924 τῆς
834 2853 1047 2922 φύσεως
1077 2853 1242 2923 νόμου
1299 2852 1394 2905 καὶ
1442 2850 1536 2903 τοῦ
1585 2849 1732 2907 θείου

149 2941 315 3011 λόγου
329 2943 484 2995 τοῦτο
507 2943 914 3015 διαγορεύοντος
934 2960 950 2974 ⁸
987 2945 1148 3016 μέχρι
1176 2944 1232 2997 δὲ
1256 2943 1508 2997 τοσούτου
1533 2945 1730 3015 φιλεῖν,

1755 1805 1804 1866 Β

1825 584 1979 624 mans
2011 566 2296 638 sigilloque
2343 564 2593 618 muniens
2622 575 2718 629 per
2756 559 2948 613 melius
2987 557 3386 627 perfectiusque

1822 668 2147 728 praeceptum
2189 670 2295 724 quo
2348 653 2513 708 Deum
2566 659 2676 704 tota
2737 649 2917 703 anima
2970 646 3194 714 diligere
3230 647 3387 716 jube-

1825 765 1946 804 mur
1969 749 2035 800 ³³.
2069 747 2203 802 Nam
2245 755 2450 816 patrem
2496 742 2712 812 quidem
2752 747 3084 807 matremque
3117 737 3388 794 honorare

1825 840 2051 910 quilibet
2079 842 2241 895 homo
2268 840 2385 907 lege
2436 847 2640 890 natura:
2669 832 2844 888 debet.
2871 829 2978 885 Sed
3019 843 3140 881 cum
3177 838 3230 882 et
3249 828 3388 886 alius

1822 940 1977 999 pater
2026 931 2096 984 sit
2139 929 2479 1000 gignentibus
2509 923 2716 988 melior,
2762 921 2853 990 qui
2905 927 2960 975 et
3011 919 3109 974 bos
3159 918 3382 984 creavit,

1823 1037 2016 1092 nempe
2061 1022 2229 1091 ipsum
2273 1020 2362 1074 Dei
2393 1017 2650 1079 Verbum,
2687 1017 2775 1085 qui
2814 1014 3065 1085 prazdicta
3108 1011 3386 1084 praecepit,

1824 1129 1930 1169 non
1963 1124 2211 1182 Oportere
2253 1113 2324 1164 ait
2379 1111 2582 1179 majore
2619 1107 2809 1163 aﬂ‘ectu
2858 1104 3108 1176 prosequi
3147 1104 3388 1172 corporis

1825 1205 2119 1276 genitores,
2143 1217 2303 1271 quam
2335 1201 2462 1255 illud
2495 1201 2633 1269 quod
2663 1197 2978 1253 rationalem
3002 1204 3210 1265 partem
3233 1194 3389 1249 nobis

1826 1293 2022 1349 indidit
2060 1291 2293 1346 Verbum
2321 1308 2334 1343 :
2361 1289 2453 1344 sed
2483 1298 2536 1343 et
2565 1288 2669 1342 illis
2702 1300 2917 1341 omnem
2958 1285 3216 1339 honorem
3257 1298 3386 1338 con-

1826 1384 2247 1451 venientemque
2285 1380 2534 1435 allectum
2574 1379 2854 1442 exhibere,
2889 1386 2944 1432 et
2985 1376 3093 1430 Deo
3131 1375 3389 1429 eximium

1825 1474 2232 1553 acprincipale
2289 1472 2513 1528 reddere
2557 1472 2899 1541 obsequium,
2948 1468 3231 1538 ipsumque
3280 1479 3393 1536 prae

1825 1569 2082 1624 omnibus
2121 1580 2306 1619 amare
2334 1579 2398 1618 ac
2435 1562 2689 1631 diligere;
2717 1561 2791 1616 ita
2828 1569 2888 1614 ut
2918 1560 3140 1614 minime
3171 1568 3394 1614 cuncte-

1826 1675 1973 1723 mur,
2005 1674 2169 1714 causa
2215 1657 2331 1726 ejus
2375 1673 2403 1709 a
2434 1655 2748 1724 parentibus
2797 1652 2976 1721 impiis
3024 1650 3308 1714 dissidere,
3338 1656 3394 1702 et

1829 1754 1898 1808 ab
1940 1751 2253 1820 irreligiosis
2288 1749 2542 1803 fratribus
2573 1746 2843 1816 separari,
2884 1745 3128 1812 ﬁliosque
3165 1751 3219 1795 et
3257 1740 3392 1794 lilias

1829 1845 2089 1906 aversari,
2115 1841 2383 1910 Verbique
2420 1837 2733 1893 acutissimo
2779 1835 2956 1904 gladio
3002 1833 3240 1886 omnium
3292 1832 3390 1884 ho-

1832 1952 1948 1992 rum
1996 1933 2271 1990 naturales
2311 1933 2601 2003 prmcidere
2656 1928 2990 1987 alfectiones,
3029 1925 3070 1980 si
3109 1924 3246 1978 forte
3293 1937 3392 1977 nos

1831 2043 1863 2084 a
1888 2030 1977 2098 pio
2003 2043 2132 2099 erga
2179 2027 2346 2082 Deum
2394 2039 2580 2079 amore
2627 2020 2944 2091 impediant.
2977 2017 3187 2071 Diserte
3211 2016 3396 2082 itaque

1831 2122 1972 2191 apud
2021 2120 2329 2176 Matthmum
2385 2118 2520 2172 dixit
2550 2133 2565 2170 :
2596 2114 2700 2180 Qui
2755 2122 2895 2166 amat
2923 2119 3120 2180 patrem
3153 2116 3244 2160 aut
3278 2123 3394 2159 ma-

1830 2225 1965 2268 trem
2008 2213 2126 2283 plus
2172 2227 2332 2281 quam
2374 2226 2475 2274 me,
2517 2223 2620 2261 non
2656 2213 2731 2260 est
2775 2219 2855 2257 me
2883 2203 3074 2272 dignus
3096 2199 3162 2251 ⁸ο.
3190 2198 3396 2266 Quippe

1829 2308 1918 2364 his
1980 2303 2180 2366 verbis.
2237 2303 2416 2356 locum
2474 2298 2729 2366 relinquit
2783 2295 2954 2348 amori
3005 2305 3221 2362 quoque
3267 2303 3394 2357 erga

1830 2408 2032 2466 genere
2072 2393 2388 2462 proximos;
2421 2390 2517 2444 sed
2548 2398 2725 2442 tamen
2758 2383 2902 2439 haud
2933 2383 3103 2452 magis
3138 2386 3299 2449 quam
3336 2391 3397 2432 se

1830 2486 2086 2543 honorari
2123 2481 2407 2538 concedit:
2444 2492 2619 2549 neque
2661 2486 2882 2548 propter
2921 2475 3092 2543 patris
3135 2471 3396 2525 malrisve

1833 2575 2217 2640 reverentiam,
2267 2581 2360 2628 aut
2408 2571 2821 2626 carissimorum
2867 2566 3144 2628 allectum,
3179 2563 3395 2632 eiurare

1835 2671 1931 2729 Dei
1993 2667 2325 2732 amicitiam;
2364 2664 2457 2720 sed
2499 2671 2555 2718 et
2602 2661 2727 2715 illos
2761 2659 3006 2729 diligere,
3042 2654 3294 2725 quoniam
3341 2651 3397 2705 id

1841 2775 1951 2820 tum
1981 2761 2070 2818 lex
2103 2770 2333 2824 naturae,
2354 2767 2462 2810 tum
2485 2754 2577 2809 Dei
2608 2751 2831 2806 verbum
2861 2748 3090 2817 jubent;
3123 2754 3178 2798 et
3203 2742 3398 2796 nihilo-

1832 2844 2012 2910 minus
2050 2865 2236 2906 amare
2271 2859 2519 2906 eatenus.
2556 2852 2822 2915 quatenus
2864 2854 2990 2908 ergo
3044 2836 3142 2890 hos
3181 2833 3399 2887 dilectio

1834 2944 1976 3000 nihil
2007 2941 2254 3012 religioni
2289 2939 2400 2994 Deo
2441 2938 2634 2993 debitae
2672 2945 2851 2990 nocet.
2891 2933 3045 2999 Quod
3080 2929 3124 2986 si
3161 2926 3300 2984 forte
3345 2925 3396 2980 1ιὶ

155 3035 355 3106 μέχρις
377 3034 465 3088 ὅτε
496 3035 663 3107 μηδὲν
683 3036 1052 3090 καταϐλάπτει
1097 3037 1131 3107 ἡ
1165 3037 1293 3108 περὶ
1323 3037 1520 3102 αὐτοὺς
1551 3037 1732 3092 διάθε-

1837 3033 2224 3104 impedimento
2253 3031 2385 3084 [iant
2413 3025 2690 3098 religionis
2733 3023 2961 3094 legibus,
2992 3017 3400 3089 anteponendus

155 3141 242 3188 σις
269 3122 371 3194 τὴν
410 3123 548 3196 πρὸς
592 3123 682 3176 τὸν
725 3123 860 3177 Θεὸν
910 3123 1211 3177 εὐσέϐειαν.
1259 3124 1322 3177 Εἰ
1372 3123 1432 3180 δὲ
1489 3126 1732 3199 μέλλοιεν

1837 3134 1918 3180 est
1957 3124 2255 3178 animarum
2280 3120 2441 3176 Pater
2475 3137 2490 3174 :
2541 3126 2660 3173 erat
2700 3125 2880 3170 autem
2931 3113 3054 3176 hic,
3096 3113 3267 3180 ipsum
3306 3108 3398 3162 Dei

153 3212 410 3285 ἐμποδών
444 3223 574 3266 ποτε
609 3207 754 3268 οὗτοι
786 3213 1033 3283 γίνεσθαι
1051 3216 1166 3280 τοῖς
1191 3213 1287 3288 τῆς,
1322 3197 1633 3278 θεοσεϐείας
1658 3216 1733 3270 νό-

1844 3214 2073 3270 Verbum
2108 3213 2222 3267 hzec
2249 3208 2567 3281 praecipiens
2597 3216 2652 3262 et
2678 3206 2778 3261 has
2808 3205 2952 3273 leges
2985 3210 3228 3257 statuens
3253 3215 3267 3252 :
3301 3197 3399 3251 de-

157 3323 305 3376 μοις,
338 3304 705 3376 προτιμητέος
735 3305 763 3354 ὁ
795 3305 910 3362 τῶν
933 3308 1119 3379 ψυχῶν
1151 3308 1341 3378 Πατήρ
1361 3325 1375 3338 ·
1406 3301 1560 3369 οὗτος
1580 3307 1637 3360 δὲ
1668 3302 1733 3378 ἦν

1839 3307 1969 3362 bere
2012 3305 2223 3360 scilicet
2255 3301 2455 3357 milites
2494 3313 2623 3355 suos
2644 3311 2805 3368 supra
2832 3309 3022 3350 omnes
3048 3305 3245 3363 genere
3268 3303 3401 3342 con-

154 3397 323 3460 αὐτὸς
355 3395 386 3447 ὃ
413 3395 509 3449 τοῦ
548 3396 687 3454 Θεοῦ
721 3397 893 3469 Λόγος
913 3402 942 3454 ὁ
969 3401 1142 3453 ταῦτα
1173 3399 1616 3469 διακελευόμενος
1644 3398 1733 3453 καὶ

1837 3395 2052 3465 iunctos
2092 3394 2266 3464 ipsum
2311 3405 2496 3446 amare
2551 3403 2651 3443 nec
2697 3383 2970 3441 dilectioni
3008 3397 3119 3438 suae
3155 3379 3402 3435 carnales

153 3488 482 3560 νομςιθετᾶνν
509 3490 617 3547 δεῖν
638 3493 765 3556 τοὺς
796 3491 961 3545 αὐτοῦ
995 3489 1331 3562 στρατιώτας
1364 3489 1503 3560 ὑπὲρ
1531 3489 1737 3553 πάντας

154 3588 286 3652 τοὺς
312 3586 393 3657 τῷ
414 3586 560 3654 γένει
584 3585 958 3656 προσήκοντας
986 3582 1145 3636 αὐτὸν
1177 3583 1418 3652 ἀγαπᾷν,
1447 3580 1581 3653 μηδὲ
1609 3599 1741 3652 προ-

156 3679 326 3748 τιμᾷν
359 3678 461 3747 τῆς
510 3675 640 3746 περὶ
671 3674 834 3727 αὑτὸν
857 3673 1150 3736 διαθέσεως
1193 3672 1392 3744 φίλτρα
1439 3673 1656 3742 σαρκῶν
1703 3672 1737 3742 ἢ

161 3772 436 3843 σωμάτων
485 3770 823 3840 συγγενείας.
883 3768 1016 3821 Τότε
1049 3767 1107 3820 δὲ
1141 3767 1236 3820 καὶ
1278 3768 1312 3837 ἡ
1369 3766 1608 3837 μάχαιρα
1644 3765 1736 3818 τοῦ

160 3865 299 3917 Θεοῦ
328 3866 362 3933 ἡ
394 3861 804 3933 τμητικωτάτη,
831 3860 958 3922 τοὺς
1003 3857 1254 3924 ἀναξίους
1290 3857 1396 3910 ἀπὺ
1444 3857 1551 3911 τῶν
1576 3857 1741 3923 ἀξίων

157 3954 552 4017 διακόπτουσα,
582 3952 744 4004 διέλοι
780 3951 847 4004 ἂν
886 3949 1111 4008 δικαίως
1141 3947 1251 4000 τῶν
1288 3948 1362 4019 μὴ
1404 3939 1614 4001 ἀσεϐῶν
1638 3947 1736 4018 (4⁸)

159 4044 372 4113 γονέων
399 4046 525 4108 τοὺς
554 4041 798 4105 εὐσεϐεῖς
822 4038 1152 4112 ἀφορίζουσα
1190 4039 1356 4102 υἱούς.
1376 4039 1644 4102 Ὡσαύτως
1664 4057 1741 4092 τι-

163 4134 370 4205 μητέον
421 4134 517 4187 καὶ
561 4132 872 4202 ἀγαπητέον
903 4131 1053 4192 υἱοὺς
1098 4129 1191 4181 καὶ
1229 4127 1533 4199 θυγατέρας
1555 4129 1739 4200 νόμοις

160 4227 406 4295 φύσεως,
439 4227 500 4278 ού
539 4225 646 4296 μὴν
695 4223 825 4276 ὥσθ’
854 4222 1041 4276 ἕνεκεν
1073 4221 1278 4275 τούτων
1309 4220 1566 4290 ἐξάρνους
1592 4222 1741 4290 γίνεο

159 4318 293 4372 σθαι
317 4317 416 4387 τῆς
464 4317 593 4387 περὶ
632 4314 796 4369 αὑτὸν
826 4313 1115 4384 ὁμολογίας
1134 4330 1149 4343 ’
1203 4311 1464 4383 μεγίστης
1488 4328 1544 4364 τε
1573 4328 1742 4383 τιμω-

163 4411 290 4481 ρίας
312 4407 665 4478 ἀπειλητικὴν
698 4407 979 4477 προήκατο
1025 4404 1206 4476 φωνὴν
1247 4403 1415 4457 εἰπὼν
1458 4403 1596 4458 κατὰ
1641 4404 1740 4476 μὲν

1840 3484 2066 3542 affectus
2099 3495 2413 3554 praeponere
2441 3479 2527 3537 vel
2565 3492 2850 3544 corporum
2885 3472 3398 3540 consanguinitates.

1840 3578 1994 3632 Tunc
2033 3585 2214 3630 autem
2267 3572 2476 3644 gladius
2536 3570 2630 3625 Dei
2679 3566 3027 3624 acutissimus
3083 3563 3328 3632 indignos
3369 3577 3398 3613 a

1843 3671 2022 3736 dignis
2058 3666 2402 3736 praecidendo
2449 3662 2594 3731 iuste
2634 3665 2898 3721 secernet,
2931 3656 3000 3709 ab
3034 3654 3213 3722 impiis
3245 3651 3402 3705 nimi-

1841 3774 1959 3814 rum
2007 3753 2321 3827 parentibus
2378 3753 2500 3822 pios
2535 3750 2674 3804 lilios
2706 3761 2987 3817 separans.
3033 3741 3300 3799 Similiter
3345 3739 3399 3794 in

1841 3850 2016 3920 pretio
2039 3845 2271 3902 habendi
2312 3850 2440 3898 sunt
2473 3849 2637 3911 atque
2673 3837 2889 3894 amandi
2925 3835 3018 3890 lilii
3050 3833 3280 3902 ﬁliaeque
3307 3847 3389 3885 na-

1843 3954 1975 3996 tura:
2001 3939 2148 4010 lege;
2173 3952 2276 3992 non
2303 3935 2374 3988 ita
2406 3945 2603 3997 tamen,
2630 3938 2688 3984 ut
2711 3931 2902 3984 borum
2937 3941 3101 3981 causa
3129 3924 3402 3980 Christum

1840 4031 2084 4087 conﬁteri
2110 4039 2436 4082 recusemus.
2470 4021 2796 4090 Maximique
2827 4016 3070 4088 supplicii
3099 4029 3280 4071 vocem
3319 4015 3402 4068 in-

1839 4127 2012 4181 dicem
2042 4121 2426 4192 pronuntiavit,
2450 4118 2573 4171 dum
2597 4114 2981 4169 aitsecundum
3016 4110 3211 4165 Lucam
3238 4125 3254 4163 :
3283 4105 3408 4162 Non

1839 4225 2006 4288 potest
2028 4231 2172 4269 meus
2200 4230 2308 4268 esse
2331 4208 2618 4279 discipulus
2657 4206 2736 4272 δίς
2784 4205 3076 4260 secundum
3108 4217 3233 4257 vero
3273 4201 3408 4255 Mat-

1845 4309 2036 4363 lhzrum
2058 4325 2070 4360 :
2093 4303 2215 4358 Non
2248 4314 2320 4357 est
2352 4319 2432 4356 me
2462 4301 2650 4370 dignus
2673 4297 2739 4355 “.
2759 4293 3127 4365 Siquidemqui
3161 4294 3277 4347 haec
3299 4294 3408 4346 aie-

1841 4401 1953 4462 bat,
1970 4395 2099 4451 illud
2117 4395 2286 4463 ipsum
2309 4399 2425 4446 erat
2443 4387 2772 4459 unigenitum
2788 4387 2856 4440 ab
2869 4384 3020 4439 initio
3038 4382 3130 4437 Dei
3150 4379 3404 4444 Verbum,

164 4469 405 4563 'Aou-xiv,
441 4469 524 4553 0i)
551 4469 804 4552 δύα-αταί
830 4469 953 4566 μου
997 4469 1176 4570 sing..-
1175 4494 1478 4565 μαθητής·
1513 4469 1654 4550 κατά
1680 4496 1733 4549 δὲ

1843 4490 1984 4561 quod
2018 4496 2101 4542 est
2133 4487 2268 4548 vita,
2291 4480 2572 4550 sapientia,
2625 4479 2737 4542 lux,
2771 4485 2824 4530 et
2865 4475 3104 4529 omnium
3147 4472 3408 4526 bonorum

162 4590 469 4654 Ματθαῖον,
499 4590 620 4643 Οὐκ
645 4589 777 4642 ἐστι
814 4605 932 4656 μου
967 4586 1164 4651 ἄξιος·
1193 4586 1348 4655 εἴπερ
1378 4587 1406 4639 ό
1437 4585 1606 4638 ταῦτα
1647 4585 1737 4638 λέ-

163 4699 279 4750 γων
300 4681 462 4743 αὐτὸς
486 4681 692 4742 ἐκεῖνος
720 4674 791 4749 ἦν
821 4680 850 4732 ὁ
878 4680 934 4731 ὲν
975 4678 1116 4748 ἀρχῇ
1150 4677 1443 4746 μονογενὴς
1473 4677 1565 4730 τοῦ
1599 4677 1736 4732 Θεοῦ

1843 4579 2113 4639 cumulus.
2144 4575 2288 4646 Ergo
2329 4573 2492 4628 dictio
2521 4589 2534 4626 :
2569 4568 2692 4624 Non
2709 4578 2783 4622 est
2812 4584 2892 4620 me
2920 4566 3127 4635 dignus,
3151 4564 3289 4617 idem
3315 4575 3378 4613 va
3398 4592 3410 4601 -

1843 4674 2090 4745 letquod,
2110 4671 2226 4726 Non
2243 4669 2345 4724 erit
2361 4667 2463 4721 vita
2483 4677 2654 4733 neque
2675 4659 2778 4715 alio
2792 4657 3029 4729 quolibet
3045 4656 3184 4710 bono
3199 4655 3411 4724 dignus.

165 4778 360 4846 Λόγος,
384 4776 545 4838 αὐτὸς
581 4773 657 4827 ὢν
700 4775 735 4844 ἠ
787 4773 899 4844 ζωὴ
925 4775 1019 4827 καὶ
1049 4775 1082 4844 ἡ
1118 4771 1277 4840 σοφία
1295 4774 1387 4826 καὶ
1417 4773 1478 4826 τὸ
1510 4774 1624 4842 φῶς
1653 4779 1746 4830 καὶ
1812 4776 1873 4829 τὸ
1914 4775 2132 4828 πάντων
2184 4763 2400 4836 ἀγαθῶν
2470 4761 2768 4831 πλήρωμαο
2814 4755 2875 4808 τὸ
2923 4752 3075 4823 γοῦν,
3115 4752 3236 4804 Οὐκ
3278 4749 3415 4803 ἔστι

157 4891 281 4944 μου
307 4871 496 4935 ἄξιος,
521 4872 705 4940 ὅμοιον
738 4869 802 4923 ἂν
827 4869 910 4940 εἴη
937 4868 1036 4939 τῷ,
1087 4869 1200 4922 Οὐκ
1235 4869 1300 4921 ἂν
1346 4868 1556 4936 γένοιτο
1588 4871 1752 4943 ’ζωῆς
1790 4873 1958 4937 ἄξιος,
1985 4865 2092 4921 οὐδ’
2116 4862 2275 4918 ἄλλου
2309 4857 2452 4919 τινὸς
2477 4851 2702 4922 ἀγαθοῦ.

237 4963 558 5016 Ἐπιτείνων
583 4961 641 5015 δὲ
668 4963 793 5024 τοὺς
807 4961 907 5031 τῆς
923 4960 1100 5031 ψυχῆς
1123 4960 1328 5022 τόνους,
1348 4959 1436 5011 καὶ
1448 4960 1564 5030 τῆς,
1581 4961 1656 5025 ὡς
1681 4960 1748 5015 ἂν

163 5055 313 5108 ιῖποι
344 5072 448 5116 τις,
479 5053 875 5123 στρατιωτικῆς
912 5051 1054 5104 κατὰ
1074 5050 1206 5104 Θεὸν
1231 5050 1481 5121 ἀνδρείας
1513 5051 1612 5122 τὴν
1644 5051 1748 5121 ῥώ-

169 5162 280 5216 μην
301 5143 694 5213 ἀναζαητυρῶν,
723 5143 982 5210 ἐπιλέγει·
1008 5141 1119 5198 Καὶ
1145 5141 1211 5206 ὂς
1244 5142 1316 5194 οὐ
1337 5139 1620 5205 ,ϐαστάζει
1643 5142 1749 5194 τὸν

166 5237 438 5304 σταιζρόν
463 5235 652 5290 αὑτοῦ
681 5235 778 5289 καὶ
807 5235 1041 5304 ἔρχεται
1073 5234 1264 5287 ὀπίσω
1295 5251 1435 5301 μου,
1467 5234 1538 5286 οὐ
1570 5231 1749 5284 δύνα-

165 5329 266 5382 ταί
292 5346 412 5396 μου
442 5324 595 5381 εἶναι
614 5326 884 5394 μαθητής
901 5327 988 5379 ’οὖ
1008 5325 1116 5397 γὰρ
1135 5325 1400 5396 πατέρων,
1417 5323 1598 5394 φησὶν,
1627 5323 1747 5376 οὐδὲ

172 5419 453 5490 μητέρων,
481 5417 602 5470 οὐδὲ
629 5412 783 5485 υἱῶν,
810 5417 930 5470 οὐδὲ
955 5416 1268 5486 θυγατέρων
1298 5415 1455 5486 μόνον
1481 5414 1748 5485 προτιμᾶ-

173 5509 302 5565 σθαι
335 5512 600 5581 προσὴκει
622 5510 719 5582 τὴν
751 5509 887 5583 ἐμὴν
914 5509 1114 5578 φιλίαν,
1143 5507 1277 5563 ἀλλὰ
1309 5507 1402 5560 καὶ
1434 5505 1527 5559 τοῦ
1566 5504 1748 5575 σώμα-

167 5616 262 5664 τος
287 5599 478 5668 αὑτοῦ,
515 5603 610 5654 καὶ
642 5601 810 5672 αὐτῆς
839 5601 967 5670 ὅλης
993 5601 1090 5672 τῆς
1117 5599 1454 5671 προσκαίρου
1482 5597 1645 5668 ζωῆς.
1676 5597 1749 5649 Τὸ

241 5717 290 5748 ³⁸
317 5716 485 5771 Exnd.
523 5733 612 5780 xx,
645 5717 733 5770 ιιι.
807 5717 851 5749 ³⁸
877 5717 1063 5770 Matth.
1097 5731 1236 5779 xm,
1265 5714 1356 5768 57.
1429 5714 1477 5745 ⁸ο
1503 5711 1728 5766 MatthJ

1837 5711 1864 5762 '.
1940 5707 1982 5740 “
2012 5705 2140 5761 Luc.
2165 5718 2274 5766 xlv,
2302 5700 2396 5755 26.
2465 5700 2510 5731 "
2541 5698 2732 5757 Matth.
2761 5715 2816 5767 x,
2844 5697 2934 5754 '57.

1924 4960 2040 5014 Jam
2074 4971 2204 5009 vero
2248 4949 2608 5007 corroborans
2653 4944 2844 4996 animae
2885 4947 3081 4994 nostra:
3111 4949 3326 4998 nervos,
3357 4927 3412 4986 οἳ

1851 5047 2121 5113 militaris,
2153 5053 2212 5097 ut
2239 5043 2313 5096 ita
2335 5039 2532 5101 dicant,
2565 5034 2857 5089 secundum
2893 5032 3057 5085 Deum
3083 5026 3414 5082 fortitudinis

1851 5142 1995 5196 vires
2024 5135 2348 5196 incendens,
2373 5127 2550 5198 pergit
2587 5125 2769 5178 dicere
2796 5138 2811 5175 :
2837 5121 2904 5175 Et
2940 5120 3029 5190 qui
3065 5135 3168 5171 non
3209 5114 3412 5185 bajulat

1853 5245 2057 5286 crucem
2085 5241 2236 5281 suam
2276 5232 2326 5276 et
2358 5220 2490 5274 venit
2522 5225 2639 5287 post
2663 5230 2763 5280 me,
2797 5229 2900 5266 non
2922 5219 3084 5281 potest
3133 5223 3276 5262 meus
3304 5221 3414 5259 esse

1852 5319 2139 5390 discipulus
2162 5316 2226 5368 “.
2260 5312 2375 5367 Non
2420 5309 2562 5365 enim
2595 5308 2840 5376 patribus
2885 5312 3086 5356 tantum
3117 5317 3180 5356 ac
3219 5297 3412 5352 matri-

1856 5389 1993 5475 bus,
2031 5409 2156 5463 liliis
2209 5405 2526 5470 ﬁliabusque
2581 5409 2911 5467 anteponere
2960 5393 3154 5456 debet,
3203 5389 3409 5459 inquit,

1853 5516 2094 5558 amorem
2140 5498 2268 5560 mei,
2317 5495 2412 5549 sed
2446 5503 2501 5549 et
2544 5489 2755 5558 corpori
2798 5486 3037 5556 proprio,
3066 5493 3122 5538 et
3149 5483 3415 5538 universa!

1857 5593 1984 5647 huic
2015 5587 2296 5660 temporali
2330 5585 2476 5639 vita.
2499 5582 2704 5650 Corpus
2731 5579 2912 5650 igitur,
2945 5593 3052 5648 quo
3073 5591 3216 5631 nunc
3236 5576 3414 5628 anima

3031 5695 3076 5728 ’⁸³
3109 5695 3234 5752 ibid.
3270 5693 3358 5750 58.

247 5813 265 5867 l
280 5812 357 5879 ι’)
390 5808 487 5864 Vel
515 5809 798 5864 delendum
821 5808 916 5875 μή,
950 5808 1032 5862 vel
1074 5807 1356 5874 legendum
1383 5804 1646 5868 εὐσεϐῶν,
1685 5803 1733 5856 ni

1837 5799 1967 5857 nalis
1995 5799 2172 5869 legere
2202 5797 2323 5865 μὴν.
2359 5793 2514 5846 Eon.
2589 5804 2598 5818 '
