3858 6214
447 280 548 336 6η

1157 276 1425 332 EUSEBII
1466 278 1940 335 CAESARIENSIS
1977 277 2127 333 OPP.
2167 275 2347 331 PARS
2387 275 2476 331 IV.
2507 307 2579 317 —
2611 275 3033 333 DOGMATICA.

3617 274 3731 326 372

452 394 772 459 includitur,
805 392 1127 462 cruciﬁgere
1172 400 1408 460 oportet,
1437 399 1493 446 et
1536 392 1700 446 veluti
1753 401 2024 447 mortuum

2132 388 2262 458 γοῦν
2296 391 2475 462 σῶμα,
2509 390 2538 443 ὃ
2566 390 2873 460 περίκειται
2901 389 3051 462 νῦνή
3082 386 3249 463 ψυχὴ,
3279 387 3730 458 ἀνασταυρῶσαι

450 487 688 553 edicere,
718 485 888 541 clavis
920 483 1253 552 conligentes
1277 482 1419 538 illius
1436 485 1758 554 cupiditates
1786 494 1842 539 et
1874 499 2025 541 mor-

451 580 741 643 titicantes,
777 576 914 632 adeo
962 585 1020 631 ut
1066 590 1172 629 non
1204 575 1453 631 videatur
1484 575 1758 643 viventem
1791 576 2025 631 circum-

456 672 597 726 ferre
641 683 881 737 carnem,
906 669 1002 724 sed
1053 667 1402 738 exstinctam,
1433 679 1489 723 et
1513 668 1713 723 divinis
1744 668 2027 738 praeceptis

457 760 797 816 transtixam.
870 759 1045 826 Atque
1108 757 1183 812 ita
1229 757 1440 825 anima,
1496 772 1617 828 qua:
1656 758 1760 812 alia
1812 766 2027 813 constat

454 850 758 907 substantia
813 848 1134 916 incorporea
1182 854 1239 901 et
1294 845 1690 913 intellectuali,
1743 845 2027 927 victoriale

457 952 719 1012 tropaeum
749 940 1011 995 adversus
1035 939 1220 994 hostes
1249 938 1494 1006 erigens,
1527 952 1729 1007 corpus
1777 953 1875 992 ceu
1908 953 2026 992 cru-

454 1050 573 1089 cem
607 1029 964 1088 circumferre
991 1028 1266 1094 videatur,
1312 1037 1368 1082 et
1410 1036 1685 1081 mortuum
1729 1026 1894 1082 veluti
1939 1026 2025 1080 in-

453 1131 815 1180 strumentum
873 1130 1094 1193 gestans
1144 1119 1514 1190 subsequatur
1563 1120 1829 1175 rationem
1891 1119 2024 1191 (seu

455 1212 715 1284 Verbum)
775 1212 1017 1282 praeclari
1078 1212 1250 1265 instar
1289 1210 1480 1266 militis
1510 1209 1603 1280 qui
1659 1212 1903 1265 victoria:
1960 1211 2028 1267 de

454 1306 701 1361 hostibus
751 1304 1038 1358 manubias
1069 1311 1243 1373 gerat.
1275 1300 1387 1357 Nisi
1419 1301 1569 1356 enim
1601 1302 1706 1357 hoc
1745 1305 1906 1359 modo
1936 1320 2025 1359 se—

453 1403 650 1465 quatur
680 1408 789 1456 me,
821 1394 1015 1462 inquit,
1046 1392 1342 1460 discipulus
1379 1405 1582 1462 corpus
1622 1407 1780 1446 suum
1811 1401 1871 1447 et
1902 1408 2027 1459 car-

415 1552 418 1557 ,
457 1504 579 1543 nem
613 1484 969 1550 mortiﬁcans,
995 1494 1047 1539 et
1074 1484 1227 1555 quasi
1254 1483 1557 1539 exanimem
1588 1486 1879 1554 quamdam
1911 1500 2027 1540 cru-

453 1592 574 1632 cem
615 1575 720 1631 sibi
769 1575 1073 1644 imponens,
1103 1575 1322 1630 minime
1369 1575 1441 1629 sit
1491 1589 1668 1643 neque
1697 1591 1819 1630 esse
1852 1576 2028 1646 possit

455 1683 542 1722 me
586 1666 797 1736 Jignus.
846 1665 1073 1720 Culmen
1114 1666 1297 1734 itaque
1345 1665 1702 1735 philosophici
1734 1669 1901 1724 moris
1942 1669 2026 1724 his

454 1735 1054 1825 verbisireprmsentat,
1102 1755 1399 1825 discipulos
1433 1770 1562 1811 suos
1598 1766 1850 1827 tanquam
1882 1759 2030 1814 viros
2060 1735 2102 1790 Β

454 1849 720 1903 militares
757 1847 826 1902 ad
882 1846 1159 1919 fastigium
1200 1848 1420 1903 virtutis
1472 1849 1839 1905 conscendere
1895 1851 2035 1906 iuvi—

456 1952 594 2000 13115.

528 2034 795 2102 Quoniam
843 2049 948 2091 non
1001 2032 1173 2090 solum
1211 2032 1331 2102 plus
1361 2050 1522 2104 quam
1573 2044 1778 2104 patrem
1819 2050 1882 2090 ac
1919 2052 2033 2090 ma-

457 2133 594 2180 trem
619 2133 674 2179 et
696 2124 918 2189 liberos,
953 2137 1142 2177 verum
1183 2123 1346 2177 etiam
1389 2123 1508 2192 plus
1551 2139 1712 2193 quam
1754 2126 2032 2195 proprium

455 2233 679 2288 corpus,
710 2217 1005 2272 amicitiam
1053 2216 1220 2284 ipsius
1269 2216 1644 2270 aestimandam
1689 2232 1809 2272 esse
1837 2220 2033 2273 docue-

458 2321 579 2375 rat;
609 2323 717 2363 uno
742 2309 918 2363 adhuc
964 2307 1192 2377 reliquo,
1228 2308 1404 2377 magis
1429 2308 1593 2363 etiam
1643 2325 1802 2375 quam
1836 2326 2033 2381 corpus

456 2398 791 2463 necessario,
838 2399 892 2453 id
942 2409 1029 2453 est
1072 2398 1290 2465 anima;
1352 2414 1660 2454 sermonem
1722 2401 2028 2469 intendens,

457 2492 524 2547 de
552 2492 654 2545 hac
673 2505 886 2565 quoque
915 2489 985 2543 ita
1016 2490 1229 2544 locutus
1249 2501 1334 2545 est
1367 2509 1380 2542 :
1416 2490 1518 2556 Qui
1542 2508 1647 2545 non
1677 2492 1844 2545 oderit
1875 2494 2030 2547 etiam

458 2582 692 2635 animam
723 2597 895 2645 suam,
926 2597 1030 2633 non
1054 2592 1222 2650 potest
1254 2599 1399 2636 meus
1429 2600 1540 2637 esse
1584 2584 1891 2652 discipulus.
1931 2584 2028 2640 Se-

459 2672 694 2727 cundum
733 2686 864 2726 vero
918 2671 1229 2726 Matthaaum
1284 2691 1298 2727 :
1342 2673 1448 2738 Qui
1494 2676 1745 2729 invenerit
1799 2676 2031 2731 animum

460 2780 634 2828 suam,
661 2766 838 2832 perdet
866 2780 980 2816 eam
1008 2780 1025 2817 :
1054 2775 1100 2817 et
1130 2767 1220 2833 qui
1245 2781 1359 2817 eam
1384 2766 1672 2829 perdiderit
1695 2776 1908 2837 propter
1928 2784 2028 2834 me,

460 2855 683 2910 inveniet
714 2873 830 2910 eam
845 2855 913 2910 “.
944 2854 1062 2909 Non
1099 2857 1243 2909 enim
1278 2857 1430 2923 mihi,
1457 2858 1651 2927 inquit,
1681 2859 1747 2915 de
1792 2862 2031 2938 exterio-

460 2948 610 3001 ribus
652 2960 836 3001 sermo
876 2955 981 3007 est,
1018 2961 1195 3016 neque
1243 2948 1311 3001 de
1361 2951 1675 3017 parentibus
1722 2959 1778 3005 et
1822 2950 2026 3017 liberis,

459 3038 553 3091 sed
581 3052 646 3089 ne
673 3037 737 3091 de
770 3037 884 3105 ipso
922 3038 1139 3106 quidem
1167 3052 1394 3108 corpore
1427 3048 1481 3093 et
1519 3055 1686 3095 carne
1729 3042 1832 3098 hac
1874 3042 2032 3098 facile
2058 3066 2101 3125 ε

462 3130 827 3197 corruptibili,
868 3145 990 3198 quas
1024 3145 1215 3199 parum
1250 3145 1446 3185 curare
1470 3132 1654 3201 jubeo,
1686 3133 1812 3188 dum
1840 3143 2029 3189 contra

458 3235 573 3289 prae
602 3221 856 3276 omnibus
905 3224 958 3276 in
1007 3223 1183 3292 pretio
1218 3222 1421 3283 habere
1446 3238 1725 3279 sermones
1755 3240 1904 3280 meos
1933 3226 2031 3279 ad-

460 3310 672 3365 hortor.
706 3309 812 3366 Sed
842 3311 1092 3380 quamvis
1120 3310 1298 3364 anima
1336 3313 1629 3380 pretiosior
1658 3314 1907 3370 omnibus
1939 3317 2028 3382 sit,

460 3402 533 3456 ita
565 3412 624 3457 ut
650 3402 783 3457 nihil
813 3403 1006 3458 melius
1037 3404 1303 3473 quispiam
1333 3405 1550 3473 habeat,
1586 3405 1714 3462 huic
1742 3407 1839 3477 ipsi
1880 3423 2033 3465 crea-

459 3501 544 3549 tor
573 3494 694 3565 ejus
739 3496 1149 3564 anteponendus
1174 3504 1291 3562 est;
1330 3499 1405 3552 ita
1437 3507 1496 3552 ut
1550 3499 1595 3552 si
1652 3507 1863 3569 tempus
1892 3500 2032 3557 forte

458 3586 642 3657 exigat
665 3587 795 3642 huic
821 3602 1040 3657 quoque
1065 3602 1172 3641 non
1222 3602 1466 3657 parcere,
1496 3603 1725 3658 eamque
1756 3591 1923 3647 exitio
1953 3593 2033 3663 (ut

458 3677 808 3749 bypothetice
842 3678 1055 3752 loquar)
1088 3694 1187 3750 pro
1228 3680 1326 3735 Dei
1357 3681 1504 3736 cultu
1536 3683 1774 3747 tradere,
1806 3684 1859 3738 id
1893 3701 2022 3754 quo.

458 3784 564 3838 que
590 3772 706 3826 sine
728 3773 1066 3829 dubitatione
1106 3775 1375 3843 agendum
1399 3776 1491 3830 sit.
1528 3773 1739 3830 Etenim
1767 3778 1872 3833 soli.
1900 3779 2028 3847 Deo,

459 3863 724 3930 perditam
773 3864 918 3933 (dico
964 3880 1062 3934 per
1099 3865 1464 3937 hypothesim)
1517 3866 1689 3936 ipsius
1721 3884 1883 3924 causa
1913 3872 2030 3925 ani-

462 3968 604 4007 mam
633 3970 953 4025 recuperare
984 3967 1039 4012 et
1067 3958 1314 4013 invenire
1345 3960 1603 4029 possibile
1632 3971 1736 4016 est.
1774 3962 1906 4018 Nam
1939 3966 2030 4034 qui

460 4058 581 4097 eam
618 4059 881 4114 nusquam
927 4046 1273 4102 exsistentem
1320 4049 1497 4117 primo
1547 4050 1820 4121 formavit,
1872 4063 1926 4108 et
1963 4071 2031 4109 ex

463 4151 573 4190 non
603 4145 850 4190 exstante
881 4138 1180 4191 subsistere
1206 4135 1361 4204 fecit,
1394 4138 1538 4193 haud
1576 4141 1747 4211 impos
1779 4144 1886 4199 erit
1910 4159 2030 4199 eam

461 4242 527 4281 ex
559 4228 834 4282 hominum
889 4230 1166 4283 consortio
1196 4230 1431 4298 pulsam,
1477 4240 1531 4287 et
1564 4232 1633 4288 de
1671 4234 1776 4290 hac
1815 4236 2029 4291 mortali

462 4320 571 4372 vita
610 4318 876 4384 abactam,
915 4335 1105 4374 rursus
1154 4321 1222 4373 ad
1266 4321 1488 4378 luminis
1546 4338 1708 4379 auras
1753 4340 2029 4386 revocare.

2128 482 2418 551 προσήκει,
2447 481 2541 534 καὶ
2563 480 2751 552 ὥσπερ
2783 479 2975 552 νεκρὸν
2998 480 3432 553 ἀπεργάσασθαι,
3457 476 3729 548 καθηλώ-

2128 586 2326 632 σαντας
2356 569 2521 623 αὐτοῦ
2552 571 2619 625 τά
2646 570 2794 641 πάθη
2826 572 2921 624 καὶ
2952 568 3465 643 ἀπονεκρώσαντας,
3493 567 3575 631 ὡς
3609 584 3727 638 μη-

2125 659 2247 714 κέτι
2277 660 2451 713 δοκεῖν
2474 660 2653 726 ζῶσαν
2688 661 3005 733 περιφέρειν
3045 661 3243 732 σάρκα,
3268 659 3407 713 ἀλλά
3445 674 3731 728 νενεκριιω

2129 749 2317 820 μένην,
2349 750 2577 813 καὶτοῖς
2593 750 2757 814 θείοις
2785 751 3207 823 παραγγέλμασι
3230 748 3726 822 πεπερονημένην·

2125 840 2266 895 ὥστε
2298 843 2398 913 τὴν
2426 842 2623 914 ψυχὴν,
2648 844 2839 916 έτέρας
2860 842 3025 898 οὖσαν
3057 844 3245 907 οὐσίας
3271 843 3373 912 τῆς
3406 839 3728 911 ἀσωμάτου

2127 934 2224 988 καὶ
2249 936 2462 1006 νοερᾶς,
2492 936 2751 1007 τρόπαιον
2798 937 3115 1008 νικητήριον
3163 937 3283 989 κατ’
3318 933 3535 1005 ἐχθρῶν
3574 933 3732 1001 ἐγεί-

2128 1045 2348 1099 ρουσαν,
2387 1028 2450 1082 τὸ
2492 1027 2649 1099 σῶμα
2700 1028 2929 1100 σταυρὸν
2974 1028 3149 1083 δοκεῖν
3206 1026 3552 1098 περιφέρειν,
3618 1027 3727 1078 καὶ

2127 1118 2317 1191 νεκρὸν
2332 1118 2479 1175 ὥσπε
2488 1137 2518 1191 ρ
2541 1120 2770 1192 ὄργανον
2800 1120 3216 1193 ἀχθηφοροῦσαν
3242 1121 3473 1175 ἕπεσθαι
3497 1119 3583 1191 τῷ
3630 1119 3731 1172 λό-

2126 1229 2209 1283 γῳ
2239 1212 2393 1283 δίκην
2418 1213 2667 1280 γενναίου
2700 1212 3030 1286 στρατιώτου
3070 1214 3136 1267 τὰ
3165 1213 3392 1285 βραδεῖα
3420 1213 3523 1284 τῆς
3551 1211 3729 1281 νίκη-ς

2127 1302 2248 1356 κατ’
2279 1302 2486 1373 ἐχθρῶν
2516 1303 2992 1374 ὲπικομιζομένου.
3131 1304 3240 1374 γὰρ
3277 1304 3352 1374 μὴ
3385 1302 3584 1356 τοῦτον
3628 1302 3729 1354 τὸν

2125 1396 2325 1466 τρόπον
2357 1395 2707 1468 ἀκολουθήσει
2742 1414 2857 1468 μοι,
2891 1398 3075 1468 φησὶν,
3105 1401 3134 1451 ό
3165 1398 3287 1469 ἐμοὶ
3333 1395 3729 1468 μαθητευόμε-

2127 1503 2237 1550 νος,
2262 1486 2323 1539 τὸ
2352 1486 2546 1540 ἑαυτοῦ
2583 1486 2744 1558 σῶμα
2787 1488 2883 1542 καὶ
2918 1488 3018 1559 τὴν
3054 1489 3234 1561 σάρκα
3268 1485 3578 1559 νεκρώσας,
3622 1484 3728 1544 καὶ

2127 1570 2237 1629 οἷόν
2260 1594 2379 1651 τινα
2407 1575 2636 1645 σταυρὸν
2658 1578 2861 1649 ἄψυχον
2879 1577 3253 1648 περιθέμενος,
3284 1577 3386 1630 ούκ
3411 1575 3477 1629 ἂν
3500 1571 3728 1643 γένοιτό

2134 1686 2232 1740 μου
2271 1668 2438 1733 ἄξιος,
2465 1670 2584 1724 οὐδὲ
2605 1669 2817 1727 δύναιτο
2843 1665 2984 1723 εἶναι
3012 1668 3274 1740 μαθητής.
3314 1667 3631 1738 Ἀκρότητα
3660 1661 3725 1718 δὲ

2134 1760 2229 1813 καὶ
2253 1759 2340 1814 διὰ
2358 1760 2562 1816 τούτων
2588 1761 3103 1834 φιλοσόφουςτρόπου
3135 1760 3397 1832 παρίστη,
3428 1760 3561 1822 τοὺς
3615 1757 3724 1810 αὑ-

2133 1849 2226 1904 τοῦ
2283 1850 2532 1922 μαθητὰς
2561 1846 2650 1905 οἷα
2691 1851 3111 1923 στρατιωτικοὺς
3151 1848 3353 1921 ἄνδρας
3402 1847 3491 1901 ἐπ’
3540 1844 3726 1916 ἄκρον

2133 1942 2331 2013 ἀρετῆς
2353 1943 2603 1996 σπεύδειν
2630 1942 3085 2013 προκαλούμενος.

2204 2035 2280 2107 (5)
2325 2035 2463 2089 Ἀλλ’
2510 2035 2694 2107 ἐπειδὴ
2737 2035 2941 2107 πατρὸς
2986 2034 3082 2089 καὶ
3130 2033 3334 2105 μητρὸς
3371 2030 3468 2084 καὶ
3501 2028 3721 2083 τέκνων

2133 2128 2205 2182 ούη
2228 2127 2406 2198 μόνον,
2455 2126 2589 2183 ἀλλὰ
2634 2128 2727 2180 καὶ
2777 2127 2872 2180 τοῦ
2916 2126 3167 2198 σώματος
3212 2123 3378 2178 αὑτοῦ
3431 2122 3719 2192 προτιμᾷν

2133 2217 2230 2288 τὴν
2263 2216 2427 2270 αὐτοῦ
2463 2217 2640 2287 φιλίαν
2666 2216 2921 2284 ἐδίδαξεν,
2946 2217 3063 2280 eve;
3087 2215 3144 2269 δὲ
3174 2215 3358 2268 λοιπὸν
3390 2212 3473 2266 ἔτι
3499 2210 3722 2264 λείπον-

2134 2324 2223 2384 so;
2252 2306 2345 2360 τοῦ
2378 2308 2473 2360 καὶ
2502 2306 2610 2361 τῶν
2655 2306 2921 2377 σωμάτων
2967 2305 3415 2377 ἀναγκαιοτέρου,
3452 2300 3620 2354 τοῦτο
3653 2299 3718 2368 δὴ

2130 2391 2199 2467 ἦν
2231 2398 2264 2469 η
2307 2396 2481 2469 ψυχή’
2518 2397 2801 2451 ἐπιτείνων
2845 2398 2937 2450 τὸν
2981 2397 3158 2466 λόγον,
3193 2398 3296 2451 καὶ
3326 2395 3455 2467 περὶ
3502 2391 3721 2460 ταύτης

2131 2489 2387 2552 τοιαύτας
2419 2489 2756 2560 προύφέρετο
2788 2488 2988 2557 φωνὰς,
3019 2490 3101 2542 ὅτι
3142 2489 3206 2540 Ὃ
3249 2487 3334 2557 μὴ
3379 2484 3582 2555 μισῶν
3616 2480 3720 2536 καὶ

2133 2578 2246 2647 τὴν
2276 2579 2491 2633 ἑαυτοῦ
2514 2578 2725 2648 ψυχὴν
2747 2581 2818 2633 οὐ
2842 2578 3092 2633 δύναταί
3102 2596 3222 2648 μου
3244 2574 3396 2631 εἶναι
3408 2573 3713 2646 μαθητής·

2132 2668 2273 2723 κατά
2302 2670 2359 2723 δὲ
2381 2670 2472 2723 τὸν
2495 2670 2792 2735 Ματθαῖον,
2839 2670 2902 2723 '0
2928 2668 3119 2739 εὑρὼν
3144 2668 3261 2737 τὴν
3283 2667 3499 2738 ψυχὴν
3521 2664 3715 2721 αὑτοῦ

2131 2761 2419 2815 ἀπολέσει
2461 2761 2682 2828 αὑτήν·
2718 2762 2818 2816 καί
2862 2764 2897 2816 ὁ
2919 2761 3224 2827 ἀπολέσας
3268 2759 3464 2827 αὐτὴν
3499 2759 3717 2812 ἕνεκεν

2130 2850 2297 2919 ἐμοῦ,
2319 2848 2562 2918 εὑρήσει
2592 2851 2804 2918 αὐτήν.
2838 2851 2912 2906 Ού
2945 2850 3054 2923 γὰρ
3088 2851 3216 2923 περὶ
3246 2849 3354 2903 τῶν
3395 2849 3555 2912 ἐκτός
3590 2863 3707 2918 μοι.

2134 2941 2303 3013 φησὶν
2334 2944 2363 2994 ό
2408 2942 2587 3011 λόγος,
2633 2943 2754 2997 οὐδὲ
2792 2945 2919 3014 περὶ
2966 2945 3169 3012 γονέων
3204 2942 3302 2996 καὶ
3332 2942 3559 3006 τέκνων,
3593 2940 3711 2993 ἀλλ’

2132 3033 2253 3085 οὐδὲ
2297 3035 2425 3105 περὶ
2463 3032 2626 3087 αὐτοῦ
2672 3034 2766 3087 τοῦ
2816 3033 3064 3105 σώματος
3109 3036 3203 3087 καὶ
3245 3032 3347 3104 τῆς
3399 3033 3708 3103 εύφθάρτου

2133 3126 2336 3198 ταύτης
2366 3119 2673 3198 σαρκὸς,ὧν
2687 3126 2750 3198 δὴ
2769 3122 2986 3180 ἔλαττον
3006 3124 3308 3197 φροντίζειν
3332 3124 3710 3197 παρακελεύοι

2137 3236 2255 3290 μαι,
2290 3220 2384 3273 καὶ
2414 3219 2518 3290 πρὸ
2550 3220 2766 3274 πάντων
2796 3220 2961 3291 τιμᾷν
2986 3217 3114 3282 τοὺς
3134 3220 3302 3292 ἐμοὺς
3344 3218 3539 3286 λόγους
3562 3235 3706 3289 παρ-

2133 3309 2301 3372 αινῷο
2342 3310 2455 3365 ἀλλ’
2485 3313 2623 3382 ὅπερ
2681 3311 2797 3365 ἐστὶ
2844 3311 3060 3366 πάντων
3099 3309 3427 3383 τιμιώτερον
3465 3312 3501 3381 ή
3537 3309 3709 3383 ψυχὴ,

2131 3399 2200 3476 ἦς
2223 3403 2324 3456 οὐκ
2353 3401 2418 3456 ἂν
2465 3402 2672 3471 γένοιτό
2702 3420 2756 3456 τι
2799 3405 3046 3476 κρεῖττον
3075 3402 3310 3472 ἑκάστῳ,
3356 3401 3451 3455 καὶ
3504 3401 3711 3472 ταύτης

2133 3496 2300 3566 αὐτῆς
2329 3495 2436 3560 δέοι
2466 3494 2533 3549 ἀν
2559 3496 2650 3549 τὸν
2693 3496 2921 3568 ποιητὴν
2969 3496 3137 3567 αὐτῆς
3182 3498 3485 3568 προτιμᾷν·
3518 3493 3614 3559 ὡς,
3660 3494 3709 3548 εί

2134 3587 2323 3659 καιρός
2353 3603 2484 3640 ποτε
2515 3587 2816 3656 καλέσειεν,
2857 3589 3144 3661 ἀφειδῆσαι
3185 3588 3281 3641 καὶ
3304 3586 3531 3657 ταύτης,
3555 3587 3707 3640 ἀπω-

2132 3673 2250 3745 λείᾳ
2297 3691 2356 3727 τε
2389 3675 2578 3747 αὐτὴν,
2627 3676 2702 3740 ὡς
2743 3676 2801 3729 ὲν
2843 3676 3095 3731 ὑποθέσει
3125 3676 3284 3745 λόγου
3326 3679 3523 3739 εἰπεῖν,
3566 3676 3707 3747 ὑπὲρ

2132 3765 2411 3830 εὐσεϐείας
2430 3766 2563 3820 Θεοῦ
2594 3767 2946 3839 παραδοῦναι,
2972 3769 3066 3823 καὶ
3089 3769 3246 3823 τοῦτο
3275 3770 3382 3841 χρὴ
3412 3768 3705 3840 προθύμως

2134 3858 2450 3928 ὑπομένειν·
2482 3859 2566 3912 ὅτι
2613 3860 2756 3930 μόνῳ
2798 3860 2917 3931 Θεῷ
2947 3860 3043 3914 καὶ
3072 3861 3192 3932 τὴν,
3227 3861 3303 3925 ὡς
3346 3864 3404 3916 ὲν
3437 3861 3710 3925 ὑποθέσει,

2133 3945 2470 4002 ἀπολωλυῖαν
2488 3947 2554 4001 δι’
2577 3937 2736 4003 αύτὺν
2760 3949 2937 4021 ψυχὴν
2963 3950 3400 4005 ἀνακαλέσασθαι
3431 3952 3523 4004 καὶ
3553 3952 3707 4004 ἀνευ-

2137 4038 2245 4107 ρεῖν
2275 4036 2517 4096 δυνατόν.
2555 4037 2616 4094 Ὀ
2638 4039 2748 4111 γὰρ
2781 4041 3029 4113 μηδαμοῦ
3061 4042 3323 4113 μηδαμῶς
3348 4038 3512 4097 οὖσαν
3540 4043 3705 4116 αὐτὴν

2134 4129 2394 4201 πρότερον
2427 4130 2894 4206 ὑποστησάμενος,
2928 4134 3022 4187 καὶ
3052 4137 3115 4188 ὲκ
3142 4134 3235 4188 τοῦ
3272 4136 3345 4207 μὴ
3370 4135 3523 4199 ὄντος
3544 4138 3622 4199 εἰς
3648 4136 3705 4188 τὸ

2133 4217 2273 4274 εἶναι
2305 4221 2661 4293 παραγαγὼν,
2686 4223 2787 4277 οὐκ
2814 4223 2881 4278 ἂν
2922 4225 3006 4297 εἴη
3041 4225 3301 4290 ἀδύνατος
3329 4226 3701 4299 ἀπολλυμένην

2133 4310 2300 4381 αὐτὴν
2329 4312 2387 4376 ἐξ
2421 4311 2740 4384 ἀνθρώπων,
2784 4314 2879 4367 καὶ¹
2910 4316 2975 4367 ὲκ
3017 4314 3110 4369 τοῦ
3142 4314 3333 4387 θνητοῦ
3363 4316 3479 4387 βίου
3512 4318 3703 4385 ἀφανι-

462 4409 595 4464 Nam
625 4410 766 4479 quod
799 4411 1070 4480 perditum
1100 4410 1225 4476 fuit,
1253 4412 1396 4467 haud
1422 4428 1551 4468 sane
1580 4415 1632 4470 in
1664 4415 1891 4471 nihilum
1922 4418 2027 4473 dis-

2144 4402 2383 4469 σθεῖσαν,
2404 4399 2557 4468 αὖθις
2584 4406 2665 4468 είς
2680 4404 2796 4483 φῷς
2826 4410 3188 4478 παραγαγεῖν.
3213 4407 3286 4460 Τὸ
3299 4407 3408 4479 γὰρ
3435 4408 3702 4472 amicula;

460 4504 707 4567 solvitur,
730 4501 823 4557 sed
858 4502 1127 4567 subsistit,
1159 4513 1267 4569 est,
1292 4520 1354 4559 ac
1382 4515 1695 4576 permanet;
1731 4515 1936 4563 tantum
1971 4525 2031 4564 se

459 4594 729 4648 subtrahit
777 4594 1017 4662 latetque
1063 4593 1429 4651 destructores
1484 4611 1633 4664 suos,
1684 4612 1793 4653 non
1849 4608 2027 4655 tamen

459 4700 712 4753 magnum
776 4685 990 4740 oculum
1040 4684 1197 4755 fugit.
1245 4687 1609 4754 Quamobrem
1651 4689 1786 4746 nihil
1838 4704 2029 4756 reapse

456 4776 596 4846 apud
640 4776 806 4830 Deum
838 4778 999 4846 perit.
1046 4775 1199 4842 Quod
1229 4779 1274 4832 si
1310 4778 1432 4848 quis
1462 4778 1573 4833 Deo
1622 4795 1725 4833 non
1760 4783 1987 4836 credens
2007 4824 2029 4849 ,η

456 4881 632 4939 neque
666 4883 822 4938 posse
877 4870 945 4924 ab
995 4883 1060 4924 eo
1109 4870 1345 4924 animam
1377 4885 1496 4940 quas
1526 4872 1753 4941 periisse
1779 4885 2020 4943 putetur,

453 4961 697 5015 revocari
746 4975 811 5015 ac
855 4960 1114 5016 vivificari
1171 4962 1464 5032 judicans,
1516 4962 1915 5020 confessionem
1957 4964 2024 5020 de

453 5050 564 5106 Deo
598 5049 796 5107 factam
841 5052 1190 5122 abnegaverit
1216 5093 1232 5120 ,
1267 5067 1331 5108 ac
1362 5062 1648 5124 propterea
1702 5055 2022 5126 impenden-

408 5186 411 5189 η
455 5153 562 5198 tem
591 5142 660 5198 ab
690 5142 1000 5198 hominibus
1043 5158 1233 5199 necem
1288 5143 1509 5215 fugerit,
1550 5160 1718 5215 seque
1774 5160 2023 5203 securam

452 5234 594 5289 inter
628 5234 874 5298 homines
904 5236 1065 5290 vitam
1112 5237 1364 5306 adeptum
1399 5239 1703 5307 putaverit,
1740 5248 1906 5309 atque
1948 5239 2022 5294 ita

453 5325 690 5380 animam
721 5342 874 5383 suam
904 5343 963 5384 se
990 5329 1268 5386 invenisse
1306 5338 1511 5399 speret,
1542 5330 1744 5401 quippe
1779 5332 1873 5400 qui
1920 5331 2022 5386 ho-

454 5416 658 5470 minum
705 5418 929 5474 insidias
962 5418 1471 5490 impendentemque
1522 5421 1805 5494 religionis
1858 5435 2019 5479 causa

455 5521 640 5561 necem
682 5509 966 5577 vitaverit;
1004 5511 1112 5579 hic,
1167 5512 1412 5584 inquam,
1464 5512 1604 5570 sciat
1649 5528 1781 5571 vera
1843 5515 2019 5586 potius

455 5598 501 5631 “
531 5599 719 5656 Matth.
750 5617 804 5669 ι,
828 5603 918 5658 39.

444 5754 457 5766 _
526 5693 604 5758 (5)
634 5694 762 5753 Cod.
794 5698 858 5755 Α.
896 5696 933 5753 ι.
965 5697 1091 5761 aut.
1123 5698 1178 5755 h.

2129 4496 2229 4548 οὐκ
2274 4496 2355 4559 είς
2398 4496 2737 4568 ἀνυπαρξίαν
2776 4497 3115 4570 κεχώρηκεν,
3169 4497 3282 4551 ἀλλ’
3318 4499 3554 4570 ὑπάρχει
3608 4502 3699 4569 μὲν

2130 4584 2222 4637 καὶ
2251 4584 2366 4638 ἐστι
2408 4586 2503 4640 καὶ
2538 4586 2691 4658 μένει
2712 4605 2725 4618 ”
2760 4588 3066 4661 κέκρυπται
3093 4589 3151 4642 δὲ
3183 4590 3277 4642 καὶ
3304 4589 3553 4644 λανθάνει
3580 4593 3699 4654 τοὺς

2128 4676 2569 4744 ἀπολωλεκότας,
2628 4678 2742 4732 ἀλλ’
2792 4680 2912 4735 οὐδὲ
2970 4681 3061 4735 τὸν
3116 4680 3288 4754 μέγαν
3342 4682 3693 4754 διαδιδράσκει

2127 4768 2402 4840 ὀφθαλμόν
2429 4787 2443 4800 ·
2479 4770 2561 4824 διὸ
2602 4772 2753 4827 οὐδὲν
2802 4772 2867 4826 ἂν
2911 4774 3164 4827 ἀπόλοιτο
3196 4776 3324 4845 παρ’
3354 4775 3521 4847 αὐτῷ.
3554 4776 3614 4828 ΕΞ
3644 4775 3695 4829 δέ

2126 4877 2230 4923 τις,
2286 4862 2592 4933 ἀπιστήσας
2637 4863 2787 4931 Θεῷ,
2838 4865 2933 4918 καὶ
2973 4865 3048 4937 μὴ
3094 4865 3353 4921 δύνασθαι
3401 4866 3562 4921 αὐτὸν
3603 4868 3693 4939 τὴν

2128 4950 2462 5005 ἀπολωλέναι
2482 4954 2827 5025 νομισθεῖσαν
2844 4955 3024 5029 ψυχὴν
3043 4952 3143 5011 αὗθ
3151 4975 3199 5022 ις
3219 4960 3583 5029 ἐπαναγαγεῖν
3606 4961 3692 5017 καὶ

2128 5040 2410 5107 ζωοποιεῖν
2437 5045 2805 5117 ἡγησάμενος,
2834 5047 3064 5120 ἔξαρνος
3091 5049 3301 5120 γένοιτο
3326 5051 3425 5122 τῆς
3458 5052 3580 5123 περὶ
3608 5052 3690 5105 τὸν

2125 5131 2258 5186 Θεὸν
2281 5134 2589 5205 ὁμολογίας,
2616 5133 2733 5191 εἶτα
2758 5139 3012 5211 διαφύγοι
3051 5141 3148 5212 μὲν
3178 5142 3269 5195 τὸν
3301 5141 3363 5207 ἐξ
3404 5142 3689 5215 ἀνθρώπων

2125 5221 2513 5294 ἐπῃωρημένον
2553 5225 2800 5293 θάνατον,
2847 5230 2906 5283 ἐν
2941 5230 3213 5301 ἀσφαλείᾳ
3256 5230 3316 5284 δὲ
3366 5231 3469 5303 ἤδη
3516 5234 3598 5286 καὶ
3637 5236 3687 5290 ἐν

2129 5316 2417 5390 ἀμερίμνῳ
2446 5319 2548 5391 τῆς
2574 5321 2876 5393 ἀνθρώπων
2906 5323 3055 5396 ζωῆς
3094 5327 3282 5397 ἡγοῖτο
3329 5328 3522 5383 ἑαυτὸν
3546 5348 3687 5400 γεγο-

2127 5408 2294 5474 νέναι,
2329 5412 2406 5477 ὡς
2432 5413 2609 5469 δοκεῖν
2632 5415 2923 5489 εὑρηκέναι
2949 5417 3141 5473 έαυτοῦ
3169 5420 3269 5491 τὴν
3291 5420 3491 5494 ψυχὴν,
3518 5424 3603 5477 ἅτε
3628 5423 3683 5495 δὴ

2126 5500 2408 5572 ὲκφεύγων
2435 5504 2535 5570 τὰς
2561 5506 2619 5574 ἐξ
2648 5508 2950 5580 ἀνθρώπων
2974 5512 3285 5580 επιϐουλὰς,
3309 5515 3404 5571 καὶ
3428 5514 3520 5572 τὸν
3541 5519 3689 5587 qm-
