3858 6214
148 288 260 344 675

1508 290 1609 376 DE.
1636 289 2100 346 THEOPHANIA.

3295 301 3403 359 δτι

144 404 386 478 λημένον
407 405 592 458 ἕνεκεν
614 404 705 458 τοῦ
726 405 823 477 τῆς
843 404 1322 477 θεοσεϐείαςελόγου
1341 405 1587 461 θάνατον·
1607 408 1715 461 ῐστιι

1838 408 1948 461 vita
1990 421 2050 463 se
2099 406 2276 478 ipsum
2318 408 2599 477 privasse,
2642 422 2908 480 suamque
2950 411 3207 479 animam,
3241 428 3403 482 quam

144 496 177 550 ὸ
204 497 447 561 τοιοῦτος
494 496 594 566 τῆς
628 496 861 567 ἀληθοῦς
903 496 1051 567 ζωῆς
1093 496 1283 552 ἑαυτὸν
1322 498 1610 569 στερήσας,
1635 498 1729 551 καὶ

144 594 251 663 τὴν
281 588 474 644 ἑαυτοῦ
514 590 711 661 ψυχὴν,
754 590 823 662 ἢν
859 591 1150 661 εὑρηκέναι
1196 589 1498 660 νενόμικεν,
1538 589 1730 661 ἀληθεῖ

143 682 294 751 λόγῳ
324 681 599 752 παραδοὺς
628 681 890 752 ἀπωλείᾳ.
936 681 1123 752 Πάσης
1159 680 1267 750 γὰρ
1297 679 1530 752 ἐσχάτης
1575 681 1728 733 ἀπω-

142 774 305 836 λείας
334 773 529 841 γένοιτ’
560 771 628 825 ἂν
673 774 850 843 χεῖρον
882 772 944 825 τὸ
970 774 1221 826 ἐκπεσεῖν
1252 771 1408 836 Θεοῦ,
1440 771 1534 825 καὶ
1562 771 1729 843 ἀρνη-

143 867 313 937 θῆναι
340 866 445 919 ὑπὸ
473 864 565 919 τοῦ
609 864 741 918 Υίοῦ
775 865 868 917 τοῦ
906 863 1063 919 Θεοῦ.
1106 864 1172 915 Τί
1200 863 1258 917 δὲ
1289 863 1383 916 καὶ
1410 862 1571 916 πλέον
1598 865 1727 915 ἐπο-

151 958 366 1031 ρίσατο,
400 958 592 1011 ἑαυτὸν
624 958 926 1029 ἀπατήσας,
960 957 1055 1010 καὶ
1090 955 1381 1027 εὑρηκέναι
1406 957 1505 1026 τὴν
1534 954 1725 1009 ἑαυτοῦ

145 1049 330 1120 ψυχὴν
352 1047 657 1112 ὑπολαϐὼν,
685 1049 795 1111 ὅτε,
830 1046 1044 1117 φεύγων
1080 1046 1170 1100 τὸν
1202 1045 1450 1109 θάνατον,
1476 1045 1565 1098 τὸν
1595 1045 1726 1098 Θεὸν

139 1142 397 1211 ἠρνεῖτο;
425 1138 664 1209 Σμικροῦ
696 1137 802 1208 γὰρ
828 1137 980 1201 ὄντος
1009 1138 1101 1192 καὶ
1126 1137 1413 1209 ἐπικαίρου
1441 1137 1580 1209 βίου,
1608 1138 1725 1208 μετ’

86 1280 89 1285 .
140 1230 208 1282 οὐ
240 1230 376 1283 πολύ
402 1227 500 1301 τῆς
523 1229 723 1301 θνητῆς
752 1230 843 1282 καὶ
861 1228 1222 1301 ὀλιγοχρονίου
1250 1227 1395 1299 ζωῆς
1417 1214 1723 1300 στερηθεὶς,

140 1321 244 1373 καὶ
272 1319 353 1391 τῷ
382 1320 595 1391 θανάτῳ
638 1320 696 1373 ὃν
730 1318 946 1390 φεύγων
970 1320 1062 1373 τὸν
1089 1320 1222 1373 Θεὸν
1253 1322 1467 1392 ήρνεῖτο
1491 1320 1727 1391 ὑποϐλη-

141 1413 284 1477 θεὶς,
319 1416 386 1483 τῇ
420 1412 555 1482 μετά
585 1412 675 1466 τὸν
698 1410 923 1465 θάνατον
955 1410 1149 1482 αίωνίᾳ
1174 1410 1390 1464 κολάσει
1416 1409 1726 1481 παραδοθή-

138 1520 322 1567 σεται,
346 1503 614 1566 ἀπολέσας
647 1502 862 1572 ἀληθῶς
891 1501 988 1572 τὴν
1012 1500 1204 1555 ἑαυτοῦ
1236 1500 1433 1572 ψυχὴν,
1461 1500 1529 1571 ἢν
1557 1500 1724 1572 εὑρη-

136 1596 305 1649 κέναι
344 1595 662 1666 ὐπειλήφει·
721 1594 798 1657 ὡς
838 1592 1104 1647 ἀνάπαλιν
1146 1593 1176 1644 ὁ
1208 1588 1295 1645 διά
1329 1592 1429 1662 τὴν
1466 1592 1545 1653 εἰς
1589 1590 1723 1644 Θεὸν

140 1687 345 1741 ἐλπίδα
373 1686 561 1740 ἑαυτὸν
586 1685 875 1754 ἀπογνοὺς,
901 1684 996 1737 καὶ⁹
1022 1683 1119 1755 τὴν
1144 1682 1337 1737 ἑαυτοῦ
1377 1682 1516 1753 ζωὴν
1546 1682 1724 1752 ἀπαρ-

1835 497 1937 553 sibi
1968 497 2239 553 invenisse
2260 497 2566 565 videbatur,
2599 501 2885 570 perditioni
2918 503 3227 560 tradidisse.
3254 504 3402 572 Quo-

1834 587 1917 641 vis
1953 585 2099 641 enim
2138 600 2354 642 summo
2398 586 2570 642 exitio
2620 588 2862 645 deterius
2907 588 2991 646 est
3028 592 3122 648 Dei
3169 598 3401 664 gratiam

1809 678 2086 733 'amittere
2114 689 2169 733 et
2193 695 2223 733 a
2262 678 2402 735 Filio
2432 679 2528 734 Dei
2563 680 2776 751 negari.
2802 682 2941 749 Quid
2975 700 3106 741 vero
3136 688 3400 758 quispiam

1834 770 2070 840 prolicit,
2099 771 2224 826 dum
2255 786 2315 826 se
2342 771 2565 842 decipit,
2593 783 2648 828 et
2671 775 2909 830 animam
2956 791 3108 832 suam
3155 779 3401 837 invenire

1834 862 2152 926 arbitratur,
2182 876 2305 916 cum
2338 872 2567 918 mortem
2600 864 2799 931 vitans,
2832 865 3001 922 Deum
3034 873 3232 942 negat?
3263 872 3398 929 Nam

1833 966 1961 1007 cum
2009 952 2082 1009 sit
2124 962 2331 1007 arctum
2363 961 2418 1008 et
2450 957 2748 1023 temporale
2791 957 2893 1011 hoc
2942 968 3141 1026 aevum,
3169 973 3400 1031 quanto-

1833 1044 1951 1099 cius
1994 1044 2213 1098 mortali
2265 1044 2527 1113 brevique
2572 1047 2683 1101 vita
2721 1048 2966 1112 orbatus,
3019 1061 3227 1107 aeterno
3280 1068 3402 1124 post

1833 1144 2059 1189 mortem
2097 1134 2361 1204 supplicio
2403 1137 2669 1202 tradetur,
2711 1140 2923 1209 perdita
2960 1142 3239 1199 enimvero
3275 1160 3404 1215 pro-

1831 1227 1951 1295 pria
2011 1226 2214 1292 anima,
2244 1241 2408 1297 quam
2477 1242 2535 1282 se
2606 1228 2879 1285 invenisse
2923 1234 3174 1302 putabat.
3231 1212 3401 1292 Sicuti

1833 1332 1987 1372 versa
2014 1319 2133 1373 vice
2160 1319 2249 1388 qui
2282 1321 2352 1376 ob
2383 1334 2532 1388 spem
2578 1321 2633 1375 in
2692 1321 2860 1379 Deum
2910 1327 3256 1397 semetipsum
3308 1346 3404 1384 ne—

1831 1405 2001 1476 gligit,
2036 1422 2299 1477 suamque
2329 1409 2496 1463 vitam
2530 1410 2781 1481 abnegat,
2817 1422 2872 1468 et
2894 1424 3157 1483 quantum
3208 1420 3402 1474 attinet

1832 1498 1900 1550 ad
1953 1511 2108 1550 suum
2160 1499 2519 1566 propositum,
2578 1502 2814 1556 animam
2873 1505 3153 1573 propriam
3189 1510 3394 1578 perdit,

1830 1598 2025 1641 cuncta
2057 1586 2172 1641 hate
2201 1587 2456 1643 alacriter
2490 1601 2711 1661 propter
2738 1592 2900 1648 ﬁdem
2937 1609 3068 1664 erga
3116 1596 3282 1652 Deum
3318 1611 3402 1653 to-

1832 1678 2049 1744 lerans;
2084 1679 2171 1733 hic
2202 1680 2419 1748 inquam
2453 1691 2637 1738 erecta
2690 1683 2884 1738 ﬁducia
2925 1686 3016 1750 sit,
3070 1689 3223 1756 quasi
3266 1689 3399 1745 nihil

137 1779 354 1850 νηθεὶς,
389 1780 511 1833 ὅσον
548 1795 609 1831 τε
649 1776 743 1829 ἐπὶ
770 1779 835 1847 τῇ
866 1774 1059 1829 ἑαυτοῦ
1094 1773 1349 1846 προθέσει
1391 1773 1489 1844 τὴν
1529 1773 1715 1826 ἑαυτοῦ

1824 1770 2143 1839 perdiderit.
2166 1772 2283 1826 Non
2302 1772 2444 1827 enim
2462 1774 2575 1844 ipse
2587 1774 2793 1840 amisit,
2809 1776 2902 1831 sed
2923 1777 3127 1832 invenit
3160 1782 3398 1837 animam

136 1870 324 1942 ψυχὴν
357 1868 733 1935 ἀπολωλεκὼς,
771 1870 947 1922 πάντα
989 1884 1048 1919 τε
1083 1866 1253 1919 ταῦτα
1286 1865 1567 1937 εὐθαρσῶς
1597 1866 1724 1918 ἐπο-

140 1961 341 2030 μείνας
378 1959 466 2013 διά
497 1959 597 2029 τὴν
636 1960 715 2021 είς
759 1957 849 2010 τὸν
894 1956 1026 2010 Θεὸν
1072 1956 1277 2021 πίστιν,
1332 1954 1602 2025 θαρρείτω
1646 1951 1722 2017 ὡς

141 2051 378 2121 μηδενὸς
399 2049 736 2113 ἀπολωλότος
762 2048 913 2120 αὐτῷ
936 2065 948 2078 ·
984 2049 1046 2101 οὐ
1074 2048 1182 2120 γὰρ
1207 2045 1483 2100 ἀπόλωλεν
1504 2046 1531 2097 ό
1550 2043 1723 2097 τοιοῦ-

132 2160 254 2206 τος,
288 2143 404 2195 ἀλλ’
431 2135 557 2215 εὗρε
590 2142 690 2214 τὴν
719 2140 910 2195 ἑαυτοῦ
936 2141 1134 2211 ψυχήν.
1161 2141 1223 2193 Εἰ
1246 2138 1376 2208 γοῦν
1400 2138 1475 2201 ὡς
1504 2139 1561 2190 ὲν
1593 2138 1726 2189 ὐπο-

136 2235 291 2287 θέσει
321 2234 478 2302 λόγου
514 2233 681 2305 θνητὴ
710 2230 845 2288 οὖσα
871 2232 1153 2303 ἐτύγχανε,
1184 2232 1279 2285 καὶ
1304 2230 1388 2284 οἵα
1418 2247 1476 2282 τε
1509 2227 1724 2299 ἀληθῶς

130 2328 224 2387 εἰς
254 2325 319 2377 τὸ
345 2324 419 2395 μὴ
447 2324 505 2377 ὃν
530 2326 747 2395 χωρεῖν,
774 2323 867 2377 καὶ
894 2323 942 2375 εί
974 2321 1257 2375 ἀπώλλυτο
1281 2320 1386 2375 ὐπὸ
1414 2316 1722 2389 ἀνθρώπων

135 2417 533 2488 ἀναιρουμένη,
565 2417 712 2487 ὅμως
742 2416 842 2470 οὐκ
874 2416 953 2478 είς
983 2414 1299 2479 ἀνέλπιστον
1327 2411 1432 2484 χρὴ
1463 2410 1553 2463 τὸν
1584 2409 1724 2480 ὑπὲρ

138 2508 429 2571 εὐσεϐείας
473 2508 660 2576 ἀγῶνα
710 2508 1113 2579 διακαρτερεῖν·
1150 2503 1337 2575 ἐπειδὴ
1375 2502 1454 2573 τῷ
1481 2501 1599 2572 Θεῷ
1628 2500 1722 2553 καὶ

136 2602 212 2655 τά
251 2602 567 2656 ἀπολωλότα
591 2602 684 2655 καὶ
720 2600 790 2654 τὰ
851 2599 1073 2672 μηδαμῆ
1111 2597 1374 2670 μηδαμῶς
1416 2597 1547 2650 ὄντα
1579 2611 1722 2665 παρ-

1828 1878 2000 1917 suam.
2026 1863 2082 1918 Si
2113 1878 2243 1935 ergo
2269 1879 2365 1934 per
2392 1864 2734 1936 ltypothesim
2752 1869 3001 1925 mortalis
3030 1882 3177 1928 esset
3195 1874 3397 1939 anima,

1828 1970 1891 2010 ac
1922 1971 2052 2010 vere
2072 1956 2125 2010 in
2148 1957 2378 2012 nihilum
2415 1969 2598 2028 posset
2633 1959 2876 2029 dissolvi,
2917 1971 2973 2016 et
3003 1963 3048 2018 si
3080 1967 3286 2035 periret
3330 1968 3400 2021 ab

1827 2046 2137 2102 hominibus
2162 2051 2421 2116 extincta,
2453 2051 2806 2109 nihilominus
2836 2053 2979 2111 haud
3002 2057 3121 2113 sine
3137 2072 3231 2127 spe
3259 2058 3400 2114 foret

1826 2151 1923 2205 pro
1950 2136 2210 2208 religione
2235 2138 2681 2209 depugnandum;
2710 2141 2835 2211 quia
2875 2142 2986 2197 Deo
3004 2152 3060 2197 et
3089 2143 3303 2212 perdita
3344 2153 3399 2200 et

1831 2242 2095 2295 nusquam
2130 2228 2428 2291 exstantia,
2461 2229 2528 2284 ad
2572 2217 2952 2285 exsistentium
3000 2243 3165 2303 atque
3194 2234 3261 2288 ad
3312 2236 3395 2289 vi-

1825 2323 1933 2371 tam
1962 2318 2255 2385 perducere
2285 2333 2390 2373 non
2408 2328 2490 2375 est
2508 2321 2760 2377 arduum.
2779 2322 3119 2393 Quapropter
3140 2338 3207 2381 ea
3230 2326 3394 2380 etiam

1824 2423 1944 2477 quae
1970 2410 2236 2465 exsistere
2259 2426 2363 2467 non
2395 2413 2710 2477 creduntur,
2733 2417 2826 2468 sed
2857 2414 2977 2485 ejus
3004 2432 3167 2473 causa
3193 2433 3259 2473 ex
3292 2418 3396 2473 ho-

1829 2502 2064 2558 minibus
2090 2512 2463 2568 excesserunt,
2491 2519 2595 2559 non
2623 2505 2730 2560 erit
2760 2506 2807 2560 ei
2833 2506 3163 2577 impossibile
3207 2525 3396 2565 rursus

1829 2592 2158 2657 instaurare,
2206 2603 2261 2648 et
2305 2596 2527 2664 perdita:
2562 2595 2757 2652 animte
2797 2597 3167 2655 inventionem
3195 2602 3269 2667 ei,
3304 2605 3395 2672 qui

142 2695 303 2762 ἁγειν
331 2692 392 2758 ἐξ
414 2694 514 2747 οὐκ
534 2693 701 2747 όντων
730 2695 825 2747 καὶ
842 2692 1123 2758 ζωοποιεῖν
1144 2690 1385 2745 δυνατόν.
1404 2689 1495 2743 Διὸ
1521 2690 1614 2743 καὶ
1637 2688 1715 2740 τὸκ

1833 2684 2004 2754 ipsius
2035 2700 2195 2739 causa
2227 2686 2518 2748 amisisset,
2545 2689 2865 2743 concedere.

134 2787 465 2857 νομισθέντα
490 2786 684 2858 μηκέτι
706 2783 865 2851 εἶναι,
896 2786 1031 2839 ἀλλά
1050 2786 1117 2839 δι’
1144 2785 1306 2840 αὐτὸν
1330 2784 1389 2850 ἐξ
1416 2780 1715 2853 ἀνθρώπων
1751 2777 2085 2840 ἀπολωλότα,
2144 2778 2243 2831 οὐκ
2302 2778 2368 2832 ἂν
2393 2779 2541 2849 αὐτῷ
2560 2781 2766 2849 γένοιτο
2793 2780 3051 2837 ἀδύνατον
3079 2779 3233 2848 αὖοις
3260 2784 3395 2839 ὑπο·

142 2882 469 2953 στήσασθαι,
515 2884 609 2936 καὶ
639 2882 739 2953 τὴν
772 2881 985 2952 εὕρεσιν
1033 2882 1132 2951 τῆς
1172 2878 1512 2941 ἀπολωλυίας
1541 2876 1715 2947 ψυχῆς
1748 2873 1828 2945 τῷ
1853 2873 1919 2925 δι’
1949 2872 2110 2926 αὐτὸν
2142 2872 2309 2927 αὐτὴν
2342 2873 2707 2927 ἀπολωλεκότι
2745 2880 3067 2946 παρασχεῖν.

826 2974 904 3028 12'
939 2973 1036 3043 (6).

212 3066 405 3130 Οὐδεὶς
435 3066 615 3137 μέντοι
647 3063 864 3118 πώποτε
894 3062 1186 3135 προφητῶν
1216 3062 1277 3115 τὸ
1310 3062 1571 3133 κήρυγμα
1617 3060 1715 3131 τῆς

137 3159 251 3211 τῶν
285 3154 529 3228 οὐρανῶν
564 3156 839 3226 βασιλείας
875 3153 1095 3225 γυμνῶς
1123 3155 1203 3217 είς
1248 3153 1456 3215 πάντας
1486 3151 1715 3221 εὐηγγέ-

138 3250 320 3303 λιστο·
367 3249 480 3302 ἀλλ’
524 3249 723 3319 ᾔδεσαν
773 3248 870 3317 μὲν
909 3247 1038 3300 αὐτὸ
1083 3245 1356 3317 προφῆται
1397 3243 1618 3306 πάντες,
1651 3243 1713 3296 οὐ

143 3341 252 3411 μὴν
292 3341 387 3393 καί
416 3338 494 3410 τῷ
545 3338 810 3393 Ἰουδαίων
852 3335 966 3407 λαῷ
1008 3336 1384 3406 παρεδίδοσαν,
1417 3334 1505 3388 διά
1534 3334 1595 3388 τὸ
1622 3351 1716 3404 νη-

138 3430 359 3495 πιάζειν
384 3430 481 3494 τάς
509 3430 729 3501 φρένας,
764 3430 860 3483 καὶ
896 3428 1199 3493 ὲξασθενεῖν
1234 3427 1369 3499 πρὸς
1397 3427 1460 3480 τὸ
1490 3425 1715 3497 μέγεθος

136 3522 232 3574 τοῦ
261 3522 611 3592 κηρύγματος
631 3537 644 3551 ·
677 3520 895 3594 πρώτου
932 3519 989 3573 δὲ
1030 3518 1274 3572 Ἰωάννου
1299 3517 1584 3589 τηλαυγῶς
1609 3535 1712 3588 κη-

142 3614 407 3685 ρύξαντος
435 3612 719 3683 ήγγικέναι
744 3612 839 3683 τὴν
861 3610 968 3664 τῶν
995 3594 1237 3683 οὐρανῶν
1265 3609 1557 3680 βασιλείαν,
1580 3607 1713 3678 ἀφε-

141 3705 227 3760 σίν
253 3722 315 3757 τε
349 3704 629 3775 ἁμαρτιῶν
665 3702 753 3756 διὰ
794 3702 1019 3774 λουτροῦ
1052 3699 1469 3770 παλιγγενεσίας
1505 3715 1713 3767 καταγ-

132 3796 423 3866 γείλαντος
448 3794 771 3867 ἀνθρώποις,
804 3795 855 3847 οἱ
885 3792 960 3864 τῷ
989 3793 1307 3864 κηρύγματι
1338 3790 1559 3854 ἑαυτοὺς
1596 3791 1714 3843 ἑπι-

137 3886 323 3949 δόντες
368 3885 770 3956 περιάρπαστον
816 3883 984 3954 αὐτὴν
1033 3884 1346 3953 ἐσχήκασιν,
1391 3880 1450 3948 ἐξ
1494 3880 1713 3934 ἐκείνων

134 3978 253 4029 τῶν
289 3975 511 4047 ἡμερῶν
548 3975 865 4048 ἀρξάμενοι,
907 3973 967 4039 ἐξ
1000 3967 1076 4028 ὧν
1113 3977 1143 4028 ὸ
1187 3976 1436 4044 Ἰωάννης
1464 3972 1556 4026 τὸν
1586 3972 1713 4045 περὶ

136 4068 315 4138 αὐτῆς
354 4067 676 4138 κατήγγειλε
714 4066 891 4135 λόγον.
926 4066 1139 4137 Τάσμὲν
1175 4065 1284 4137 γὰρ
1326 4064 1601 4128 Μωῦσέως
1628 4065 1714 4118 νό-

140 4175 289 4229 μιμα
311 4158 407 4211 καὶ
430 4159 527 4228 τὴν
568 4157 860 4228 Ἰουδαῖκὴν
881 4157 1133 4230 λατρείαν
1156 4156 1344 4228 καιρόν
1364 4173 1525 4227 φησιν
1550 4158 1712 4226 ἐσχη-

130 4251 297 4302 κέναι
342 4250 570 4301 οἰκεῖον·
606 4248 790 4302 τοῦτον
834 4248 890 4302 δὲ
932 4247 1366 4325 περιγράφεσθαι
1408 4248 1567 4320 μέχρι
1613 4248 1713 4318 τῆς

2526 2964 2687 3022 XVII.

1892 3055 2063 3112 Nemo
2117 3072 2353 3126 unquam
2399 3072 2466 3112 ex
2523 3058 2804 3129 praphetis
2846 3061 3179 3130 praeconium
3241 3065 3392 3134 regni

1823 3148 2086 3205 caelorum
2118 3158 2306 3219 aperte
2356 3164 2539 3204 coram
2584 3151 2782 3220 populo
2817 3150 2946 3207 l'ecit
2969 3168 2983 3205 :
3008 3154 3105 3209 sed
3144 3153 3393 3211 sciebant

1821 3240 2042 3309 quidem
2086 3241 2139 3295 id
2184 3240 2464 3311 prepltetae
2494 3257 2706 3308 omnes,
2742 3258 2922 3314 neque
2955 3253 3134 3302 tamen
3171 3245 3392 3304 Judao-

1823 3347 1941 3386 rum
1965 3332 2162 3402 populo
2188 3334 2513 3401 prodebant,
2540 3343 2762 3404 propter
2806 3337 3005 3391 mentis
3034 3337 3254 3393 illorum
3302 3342 3390 3395 in-

1822 3424 2066 3489 fantiam,
2095 3432 2150 3479 et
2179 3424 2506 3480 sustinendae
2541 3426 2801 3495 prmeonii
2827 3430 3212 3496 magnitudinis
3241 3432 3393 3487 inﬁr-

1822 3516 2085 3569 mitatem.
2115 3514 2249 3570 Cum
2301 3522 2481 3569 autem
2513 3517 2724 3584 primus
2744 3516 2982 3573 Joannes
3009 3520 3159 3575 clare
3190 3525 3388 3591 praedi-

1820 3607 1965 3661 cavit
1991 3607 2426 3677 appropinquare
2470 3622 2695 3679 regnum
2743 3610 3029 3676 cualorum,
3057 3622 3113 3668 et
3143 3625 3389 3682 peccato-

1822 3715 1941 3754 rum
1999 3699 2378 3754 remissionem
2446 3713 2542 3769 per
2608 3702 3035 3770 regenerationis
3108 3703 3383 3760 lavacrum

1820 3790 2129 3847 hominibus
2155 3791 2447 3856 nuntiavit,
2479 3792 2514 3846 ii
2560 3793 2654 3861 qui
2696 3793 3069 3861 prmdieatioui
3101 3809 3386 3852 assensum

1819 3900 1977 3941 suum
2009 3884 2378 3953 praebuerunt,
2414 3900 2641 3955 regnum
2686 3885 2819 3942 illud
2863 3902 2961 3942 ceu
2992 3903 3054 3943 ex
3098 3898 3254 3959 rapto
3280 3891 3387 3947 sibi

1817 3979 2144 4043 habuerunt,
2174 3993 2244 4033 ex
2276 3992 2342 4031 eo
2380 3985 2623 4047 tempore
2648 3977 2992 4047 incipientes,
3022 3996 3130 4052 quo
3151 3980 3387 4037 Joannes

1819 4074 1887 4128 de
1926 4072 2046 4142 ipso
2083 4086 2388 4127 sermonem
2436 4070 2639 4125 intulit.
2685 4070 2823 4126 Nam
2868 4071 3067 4143 Moysis
3112 4073 3305 4144 legalis
3331 4084 3388 4131 et

1817 4161 2101 4219 Judaicum
2154 4163 2359 4218 cultum
2406 4162 2685 4233 proprium
2733 4172 2944 4234 tempus
2984 4164 3234 4222 habuisse
3272 4168 3384 4234 ait;

1818 4256 1961 4325 quod
1988 4254 2215 4311 Joannis
2260 4253 2552 4325 praseutia
2593 4255 2777 4310 linitur
2807 4271 2823 4321 ;
2849 4256 3143 4325 prophetas
3170 4272 3387 4327 quoque

150 4338 401 4391 Ἰωάννου
434 4338 762 4410 παρουσίαςο
797 4339 1045 4402 καὶτοὺς
1090 4340 1373 4410 προφήτας
1415 4339 1473 4391 δὲ
1519 4338 1710 4409 μέχρις

1823 4360 1987 4415 usque
2020 4345 2086 4400 ad
2113 4343 2381 4400 Joannem
2411 4344 2614 4401 Judaeis
2637 4355 2889 4401 auctores
2908 4344 3076 4402 fuisse
3101 4358 3156 4401 ut
3185 4348 3385 4418 Moysis

150 4429 400 4483 Ἰωάννου
464 4426 735 4491 Ἰουδαίοις
795 4428 1121 4498 πεποιῆσθαι
1177 4428 1277 4491 τὰς
1333 4431 1708 4500 παραγγελίας

134 4521 281 4592 πρδς
308 4519 371 4573 τὸ
402 4519 687 4589 φυλάττειν
718 4519 787 4572 τὰ
818 4521 1093 4583 Μωῦσέως
1134 4521 1337 4592 νόμιμα
1358 4538 1371 4551 ’
1405 4522 1619 4592 πρῶτον
1650 4524 1707 4577 δὲ

145 4616 405 4685 Ἰωάννην
442 4614 681 4686 ἀρχηγὸν
716 4613 995 4681 γεγονέναι
1035 4613 1133 4684 τῆς
1161 4613 1369 4683 Καινῆς
1412 4612 1705 4687 Διαθήκης.

135 4708 237 4762 ita
280 4706 581 4776 πρόδρομον
627 4703 791 4757 αὐτοῦ
838 4703 1144 4774 γενόμενον.
1178 4704 1353 4757 Αὐτοῦ
1388 4721 1449 4757 τε
1490 4704 1705 4775 πρώτου

132 4799 235 4853 καὶ
264 4797 323 4861 ἐξ
351 4795 512 4849 αὐτοῦ
549 4795 647 4866 τὴν
679 4794 950 4864 βασιλείαν
977 4794 1085 4847 τῶν
1113 4794 1354 4865 οὐρανῶν
1381 4796 1584 4850 ἅπασιν
1613 4798 1706 4850 ἀν-

135 4888 380 4960 θρώποις
398 4886 874 4959 εὐηγγελισμένου,
895 4887 1019 4948 τοὺς
1037 4886 1218 4952 ἀξίους
1244 4887 1412 4958 αὐτῆς
1436 4889 1515 4951 είς
1537 4888 1706 4960 αὐτὴν

137 4976 421 5049 βιάζεσθαι
469 4978 753 5048 νοήσομεν,
791 4978 1198 5048 ἐπιστήσαντεςν
1229 4977 1306 5041 ὡς
1344 4980 1515 5049 μέγας
1556 4981 1705 5050 ἀγὼν

134 5065 398 5141 τυγχάνει
428 5073 538 5133 τοῖς
569 5069 662 5124 ἐπὶ
697 5070 801 5139 γῆς
823 5068 1127 5141 ἀνθρώποις
1148 5070 1284 5141 πρὸς
1320 5072 1417 5142 τὴν
1449 5074 1506 5126 ὲν
1537 5075 1704 5144 οὐρα-

131 5158 249 5227 νοῖς
276 5164 477 5219 ἄνοδον.
506 5162 580 5215 Τὸ
602 5161 710 5233 γάρ
735 5161 1051 5234 ἀνθρώπους
1077 5162 1236 5227 ὄντας
1263 5152 1356 5217 καὶ
1380 5164 1555 5235 σάρκα
1580 5166 1705 5238 θνη-

130 5257 234 5328 τὴν
271 5255 783 5326 περιϐεϐλημένους,
831 5254 938 5307 τῶν
980 5254 1220 5324 φυσικῶν
1261 5255 1490 5326 ὀρέξεων
1523 5260 1703 5330 κρείτ-

132 5367 263 5413 τους
293 5349 556 5417 γίνεσθαι,
585 5349 777 5420 ἡδονῆς
804 5364 862 5401 τε
892 5351 1111 5420 κρατεῖν
1142 5348 1235 5401 καὶ
1268 5348 1447 5418 πάσης
1474 5352 1703 5421 αἰσχρᾶς

133 5441 455 5511 ἐπιθυμίας,
498 5442 588 5493 καὶ
638 5438 701 5493 τὸ
743 5438 991 5494 ἐντεῦθεν
1022 5437 1124 5509 ήδη
1170 5438 1565 5510 ἀπομιμεῖσθαι
1609 5439 1701 5493 τὸν

206 5600 286 5693 (Gl
308 5623 454 5695 Huic
486 5639 715 5695 quoque
746 5624 1059 5695 fragmento,
1084 5587 1150 5677 in.
1184 5621 1369 5695 codice
1392 5621 1457 5677 A.
1491 5621 1524 5675 Γ.
1566 5620 1693 5695 218,

133 5692 554 5764 superscribitur
602 5692 789 5751 titulus
838 5694 1133 5748 Εὐσεόἱυυ
1187 5692 1403 5756 ,βιϐλίῳ
1448 5692 1700 5759 τετάρτῳ

1814 4436 2006 4504 legalia
2056 4444 2358 4491 servarent.
2412 4435 2520 4493 Sed
2568 4437 2803 4506 primum
2849 4434 3114 4492 Joannem
3167 4438 3381 4495 initimn

1814 4530 1950 4586 Novi
2000 4528 2335 4584 Testamenti
2383 4528 2600 4593 fecisse,
2630 4538 2818 4599 utpote
2862 4528 3033 4597 ipsius
3084 4546 3380 4599 prazeurso-

1815 4634 1952 4675 rem.
1995 4616 2114 4688 Ipso
2152 4628 2330 4672 autem
2371 4619 2569 4687 primo,
2608 4628 2771 4673 aetate
2810 4617 2922 4684 illa,
2958 4634 3179 4687 regnum
3215 4620 3382 4674 ctelo-

1815 4727 1933 4765 rum
1984 4711 2193 4765 cunctis
2241 4710 2548 4765 hominibus
2600 4709 2908 4773 nuntiante,
2939 4711 3129 4779 dignos
3160 4710 3249 4765 illo
3282 4711 3379 4764 ho-

1812 4804 1985 4860 mines
2019 4804 2071 4858 in
2104 4803 2277 4873 ipsum
2319 4804 2371 4857 vi
2408 4803 2713 4871 irrumpere
2758 4802 3092 4871 putabimus,
3126 4802 3170 4856 si
3198 4805 3378 4857 consi-

1806 4897 2059 4952 deremus
2087 4911 2250 4966 quam
2290 4895 2476 4967 gravis
2506 4895 2577 4951 sit
2619 4904 2849 4949 conatus
2887 4894 3198 4949 hominibus
3221 4906 3376 4951 teme

1808 4985 2004 5042 incolis
2038 4988 2140 5041 iter
2186 4986 2253 5042 ad
2293 4985 2492 5040 coelum
2543 4985 2784 5040 tendere.
2837 4984 3081 5054 Namque
3128 4987 3375 5041 homines

1807 5088 1988 5142 natos,
2017 5088 2073 5133 et
2128 5062 2346 5133 mortali
2392 5092 2562 5132 carne
2606 5077 2998 5143 circumdatos,
3035 5077 3373 5133 naturalibus

1808 5168 2134 5239 appetitibus
2161 5168 2277 5222 fieri
2300 5168 2631 5235 superiores.
2672 5176 2728 5222 et
2765 5167 3092 5236 voluptatem
3130 5182 3373 5223 omnem-

1809 5275 1914 5327 que
1942 5269 2151 5330 turpem
2188 5260 2535 5329 cupiditatem
2581 5259 2857 5325 cohibere,
2888 5260 3166 5329 vitamque
3204 5275 3371 5332 ange—

1810 5350 1969 5403 licam
2025 5351 2162 5406 velle
2218 5351 2270 5405 in
2343 5352 2501 5406 terris
2556 5351 2796 5415 imitari;
2860 5354 2933 5405 ita
2994 5360 3054 5405 ut
3105 5367 3257 5419 teque
3306 5370 3370 5407 ac

1806 5438 2008 5498 Paulus
2032 5443 2213 5497 dicere
2238 5444 2447 5513 possint
2474 5457 2487 5492 :
2524 5439 2724 5496 Nostra
2756 5452 2931 5495 autem
2964 5442 3284 5495 conversatio
3314 5444 3367 5494 in

1806 5621 2185 5745 |Gesognwslac,
2222 5635 2343 5677 cum
2379 5618 2531 5690 siglis
2581 5632 2741 5687 supra
2789 5620 3079 5675 secundum
3134 5620 3364 5674 vocaliu-

1826 5710 1934 5745 Ulll.

1826 5710 1934 5747 Ulllo
