3858 6214
475 280 584 337 675

1144 272 1413 333 EUSEBII
1450 271 1924 328 C/ESARIENSIS
1960 270 2112 327 OPI’.
2154 271 2334 328 PARS
2367 272 2460 328 IV.
2501 301 2568 311 —
2607 269 3024 328 DOGIIATICA.

3625 270 3739 324 676

473 399 615 454 uelis
645 406 717 451 est
735 395 822 459 u‘;
872 392 1061 462 quidni
1107 391 1213 446 hoc
1251 390 1546 445 violentum
1591 389 1688 453 sit,
1737 402 1805 442 ac
1859 401 2042 457 prope-

2147 388 2436 457 ἁγγελικὸν
2491 386 2694 440 ἐθέλειν
2747 384 2859 456 βίον
2900 385 3041 439 ὥστε
3080 383 3256 453 λέγειν
3288 383 3488 455 ὁμοίως
3531 385 3738 456 Παύλῳ

472 492 692 546 modum
734 499 934 557 prmter
979 495 1229 538 naturam
1292 497 1566 553 supraque
1604 482 1752 536 vires
1798 496 1922 536 esse
1960 481 2043 534 vi-

473 576 701 635 deatur?
734 577 868 642 Quis
895 589 1022 629 vero
1047 574 1326 644 religionis
1352 582 1551 626 nostra:
1574 579 1786 626 ascetas
1813 583 2044 624 cernens

471 684 689 727 carnem
745 683 898 723 suam
942 667 1325 734 propemodum
1363 673 1666 718 emortuam
1715 660 1949 723 eIIicere,
1983 668 2045 715 ut

472 760 863 819 dicant:Cum
923 758 1135 814 Christo
1200 758 1491 827 cruciﬁxus
1518 773 1656 821 sum,
1696 757 1810 811 vivo
1866 766 2043 809 autem

476 859 587 922 iam
620 873 721 910 non
749 868 880 924 ego;
915 854 1059 922 quis,
1078 852 1319 921 inquam,
1345 864 1450 904 non
1479 847 1756 911 fatebitur,
1787 859 1915 901 vere
1945 846 2045 900 hos

471 951 585 1004 vim
619 947 796 1002 facere
825 957 992 1014 regno
1022 939 1325 996 caelorum?
1351 939 1506 1005 Quod
1548 937 1592 993 si
1620 937 1742 1006 quis
1782 945 2043 1006 praeterea

472 1042 726 1096 observet
754 1035 1060 1092 mirabilem
1086 1041 1408 1088 sanctorum
1439 1039 1746 1100 martyrum
1779 1036 2042 1082 constan-

475 1137 629 1198 tiam,
656 1131 778 1202 quis
805 1143 994 1184 rursus
1029 1142 1134 1182 non
1171 1126 1318 1180 dicat
1353 1124 1461 1178 vim
1512 1123 1701 1178 inferri
1735 1122 1803 1177 ab
1836 1121 1920 1177 his
1959 1134 2045 1176 re-

470 1240 578 1295 gno
616 1222 899 1286 caelorum,
927 1227 1090 1289 prout
1116 1215 1381 1272 Servator
1401 1215 1514 1286 jam
1550 1213 1831 1284 praedixit?

1149 1391 1338 1449 XVIII.

542 1490 792 1560 Congrue
830 1486 1119 1541 admodum
1168 1499 1275 1540 non
1321 1481 1647 1538 multitudini
1683 1491 1890 1538 tantum
1931 1491 2046 1537 tur-

470 1585 663 1652 bisqne
711 1591 838 1635 tunc
889 1577 1192 1633 astantibus
1239 1575 1470 1644 primam
1501 1575 1814 1646 parabolam
1865 1574 2047 1630 intulit

469 1678 721 1733 Christus
753 1673 825 1739 “,
855 1687 1044 1728 verum
1072 1671 1238 1726 etiam
1272 1671 1336 1725 iis
1364 1670 1457 1740 qui
1492 1679 1676 1740 postea
1707 1669 1776 1724 ad
1805 1669 1921 1740 ejus
1945 1686 2042 1724 an-

472 1771 697 1825 diendos
741 1779 1018 1823 sermones
1067 1763 1386 1820 conventuri
1427 1773 1617 1828 erant;
1661 1763 1738 1818 rei
1794 1765 2044 1834 gerenda:

471 1860 806 1916 diﬂ'erentias
841 1858 1023 1912 divina
1048 1856 1354 1927 provisione
1399 1853 1704 1920 declarans,
1742 1868 2044 1922 causasque

470 1952 770 2022 praedicens
806 1951 875 2005 ob
906 1963 1044 2018 quas
1082 1946 1320 2002 nonnulli
1351 1945 1531 2001 divina
1562 1945 1733 2016 gratia
1770 1945 2040 2000 excident.

468 2045 685 2100 Initium
713 2041 984 2115 parabolae
1013 2040 1310 2097 seminator
1335 2046 1439 2103 est,
1489 2047 1545 2092 et
1577 2036 1738 2110 huius
1769 2039 1947 2094 exitus
1975 2038 2044 2092 ad

469 2157 562 2202 eas
599 2144 692 2215 qui
725 2152 878 2198 extra
910 2149 1085 2205 erant,
1119 2147 1230 2192 tum
1256 2131 1491 2191 seminis
1526 2129 1807 2201 proiectio,
1849 2140 1904 2186 et
1939 2131 2045 2188 hoc

470 2237 610 2293 haud
644 2235 762 2306 pari
794 2232 953 2288 modo
987 2229 1312 2297 recipientes
1335 2225 1603 2296 regiones.
1635 2219 1754 2275 Jam
1785 2220 1900 2276 haec
1923 2235 2045 2276 esse

470 2327 620 2396 regni
652 2323 906 2396 mysteria
931 2323 1157 2391 ipsemet
1187 2324 1413 2372 testatus
1439 2323 1542 2370 est.
1569 2313 1704 2369 Nam
1732 2321 1787 2369 et
1813 2311 2047 2367 semina.

469 2433 557 2478 tor
599 2420 666 2475 de
697 2401 948 2488 supernis
974 2412 1236 2475 exiverat,
1275 2417 1331 2464 et
1380 2407 1504 2464 illuc
1552 2405 1796 2472 redibat;
1854 2417 2045 2475 nempe

467 2523 531 2570 ut
573 2513 690 2582 ipse
729 2507 978 2573 docebat,
1009 2503 1195 2558 dicens
1231 2521 1244 2556 :
1278 2498 1390 2568 Ego
1419 2513 1484 2554 ea:
1510 2495 1673 2552 Patre
1708 2495 1955 2566 processi,
1995 2506 2043 2550 et

467 2604 614 2660 venio
638 2600 704 2655 ".
737 2599 845 2654 Sed
890 2604 946 2650 et
989 2595 1056 2649 de
1083 2589 1317 2662 propriis
1361 2589 1446 2644 sui
1499 2587 1652 2658 regni
1699 2585 2044 2644 conclavibus

465 2697 715 2753 exiverat
740 2694 807 2747 ad
831 2689 952 2746 illos
977 2686 1070 2758 qui
1101 2684 1274 2741 exteri
1303 2683 1354 2737 ei
1383 2681 1513 2737 lacti
1542 2686 1720 2744 erant,
1761 2688 2044 2749 postquam

468 2788 676 2859 expulit
706 2785 848 2840 Deus
872 2782 1161 2844 Adamum,
1190 2785 1247 2832 et
1279 2775 1565 2830 collocavit
1599 2788 1726 2828 eum
1755 2770 1908 2840 juxta
1948 2784 2045 2838 pa-

468 2880 712 2936 radisum
738 2874 1075 2932 deliciarum.
1101 2867 1196 2924 Ille
1223 2875 1402 2921 autem
1429 2864 1582 2920 exsul
1612 2871 1832 2933 propter
1861 2860 2046 2916 inobe-

466 2970 726 3025 dientiam
781 2966 975 3030 lactus,
1021 2969 1078 3017 et
1117 2969 1272 3016 extra
1303 2957 1615 3028 paradisum
1647 2954 1870 3023 eiectus,
1903 2955 2044 3008 inte-

468 3062 630 3116 rioris
709 3057 1058 3129 agriculturae
1148 3052 1355 3107 semina
1417 3046 1819 3119 pessumdedit,
1873 3045 2046 3099 instar

468 3153 613 3208 illius
641 3147 976 3207 contumacis
998 3145 1255 3199 adversus
1279 3149 1488 3210 patrem
1514 3137 1629 3203 ﬁlii,
1651 3137 1743 3206 qui
1763 3145 2042 3204 acceptam

467 3243 826 3301 substantiam
882 3238 938 3292 in
967 3235 1140 3289 aliena
1179 3233 1398 3300 regione
1435 3229 1738 3300 dissipavit.
1796 3227 2045 3283 Cbrisws

469 3352 596 3393 vero
625 3331 962 3402 benignitate
989 3326 1180 3398 optimi
1216 3325 1392 3380 Patris
1417 3323 1608 3388 exivit,
1635 3321 1933 3376 seminator
1961 3319 2046 3373 fa-

469 3439 615 3492 ctus,
633 3425 890 3493 venitque
912 3422 979 3476 ad
1001 3436 1100 3474 nos
1116 3428 1334 3474 exteros
1358 3415 1498 3471 haud
1519 3415 1680 3468 aliam
1705 3413 1774 3468 ob
1799 3426 2041 3478 causam,

467 3521 573 3576 nisi
611 3518 737 3572 utin
753 3515 908 3571 nobis
942 3512 1241 3567 seminaret
1270 3508 1496 3564 caeleste
1525 3520 1729 3561 semen.
1759 3505 1920 3560 Solus
1948 3519 2045 3558 au-

468 3619 577 3665 tem
594 3610 709 3678 ipse
735 3605 904 3660 exivit
930 3603 996 3658 ad
1029 3597 1399 3657 seminandum
1421 3613 1437 3661 ;
1457 3595 1894 3665 quandoquidem
1918 3604 1971 3648 et
1995 3595 2042 3648 is

467 3703 617 3757 solus
657 3707 777 3753 erat
798 3695 1040 3752 omnium
1075 3692 1394 3748 seminator.
1431 3687 1583 3743 Multi
1609 3687 1807 3757 quippe
1837 3689 1902 3741 de
1927 3701 2042 3743 cm-

467 3791 696 3848 Iestibus
725 3794 988 3843 venerunt
1016 3781 1366 3847 stationibus,
1403 3788 1564 3849 atque
1607 3779 1674 3832 ad
1708 3778 1956 3832 homines
1984 3793 2042 3833 se

465 3882 827 3946 contulerunt,
881 3879 976 3934 sed
1005 3890 1112 3931 non
1145 3872 1446 3930 seminandi
1476 3885 1636 3925 causa
1681 3887 1697 3924 :
1747 3882 1854 3923 non
1895 3870 2040 3923 enim

466 3977 825 4034 semiuatores
853 3976 1032 4036 erant,
1080 3967 1175 4022 scd
1229 3961 1682 4021 administraturii
1717 3960 1944 4030 spiritus
1983 3959 2040 4014 in

465 4065 828 4122 ministerium
857 4061 1028 4116 missi.
1059 4058 1269 4129 Moyses
1293 4065 1496 4118 autem,
1526 4063 1583 4109 et
1610 4061 1732 4122 post
1763 4067 1888 4108 eum
1915 4066 2042 4120 pro-

464 4159 643 4230 pbeta:
667 4153 812 4209 haud
850 4151 1106 4222 mysteria
1134 4147 1283 4218 regni
1312 4147 1574 4203 ccelorum
1604 4145 1911 4200 hominibus
1931 4144 2040 4200 dis-

465 4258 776 4313 seruerunt,
801 4249 895 4304 sed
925 4245 1178 4316 parvulos
1204 4243 1380 4298 adhuc
1403 4241 1742 4306 erudierunt,
1775 4241 2039 4312 insipien-

466 4354 550 4400 tes
579 4358 608 4397 a
639 4340 858 4397 malitiae
879 4350 1066 4393 errore
1102 4344 1439 4399 averterunt,
1461 4343 1516 4388 et
1550 4333 1890 4388 idololatrico
1923 4333 2041 4409 illo-

2147 480 2429 546 δύνασθαι,
2487 480 2684 549 Ἠμῶν
2734 477 2804 532 δὲ
2846 476 2914 531 τὸ
2963 477 3296 546 πολίτευμα
3333 477 3404 530 ὲν
3451 477 3737 545 οὐρανοῖς

2143 572 2422 642 ὑπάρχει,
2453 571 2572 635 πῶς
2595 572 2658 625 οὐ
2692 569 2884 640 βίαιον,
2921 570 3036 633 καὶ,
3071 569 3147 632 ὡς
3178 568 3246 622 ἀν
3271 585 3356 632 τις
3383 569 3553 632 εῐποι,
3581 571 3739 640 παρὰ

2145 664 2308 735 φύσιν
2339 665 2434 718 καὶ
2463 663 2603 732 ὑπὲρ
2631 661 2862 732 δύναμιν
2894 655 3032 714 εῖναι
3058 661 3241 725 δοκεῖ;
3274 659 3374 723 Τίς
3395 659 3454 713 δέ
3478 660 3608 720 τοὺς
3637 661 3739 729 τῆς

2144 754 2452 818 θεοσεϐείας
2473 753 2717 826 ἀσκητάς
2741 753 2882 825 ὀρῶν
2910 753 3192 824 μονονουχὶ
3217 750 3444 823 νεκροῧν
3474 751 3576 820 τὴν
3606 752 3738 805 ἐαυ-

2141 848 2252 902 τῶν
2275 846 2474 919 σάρκα,
2492 846 2568 908 ὡς
2597 844 3033 916 ἐπαληθεύοντας
3059 844 3260 912 λέγειν’
3291 840 3526 911 Χριστῷ
3546 858 3736 896 συνε-

2144 945 2508 1010 σταύρωμαι,
2535 936 2613 1004 ζῶ
2643 938 2712 992 δὲ
2738 937 2940 993 οὐκέτι
2966 936 3101 1007 ἐγὼ,
3127 937 3228 990 οὐκ
3254 936 3319 992 ἂν
3345 935 3742 1007 ὁμολογήσειεν

2143 1033 2360 1105 ἀληθῶς
2397 1031 2679 1102 βιάζεσθαι
2720 1031 2919 1095 αὐτοὺς
2958 1030 3057 1102 τὴν
3101 1028 3372 1100 βασιλείαν
3409 1027 3522 1080 τῶν
3560 1027 3738 1097 οὐρα-

2143 1124 2278 1190 νῶν;
2313 1125 2377 1178 Εἰ
2411 1124 2456 1178 δ’
2478 1123 2793 1194 ἐπιστήσειέ
2821 1139 2904 1186 τις
2931 1124 2996 1192 τῇ
3023 1120 3310 1190 θαυμαστῇ
3345 1117 3602 1190 προθέσει
3627 1116 3741 1168 τῶν

2115 1264 2117 1266 .
2143 1217 2312 1283 ἁγίων
2346 1215 2660 1288 μαρτύρων,
2681 1214 2799 1279 πῶς
2827 1215 2929 1268 οὐκ
2958 1214 3026 1268 ἂν
3056 1213 3201 1266 εἴποι
3229 1211 3510 1282 βιάζεσθαι
3534 1210 3741 1273 αὐτοὺς

2142 1308 2242 1382 τὴν
2267 1310 2545 1380 βασιλείαν
2591 1309 2734 1362 κατὰ
2757 1307 2858 1378 τὴν
2887 1307 3154 1377 σωτήριον
3196 1303 3597 1374 προαγόρευσιν
3621 1300 3736 1371 (7);

2825 1400 2912 1452 ιιιν
2945 1397 3045 1468 (8).

2214 1489 2424 1561 Σςρόδρα
2471 1487 2823 1560 καταλλήλως
2861 1489 2974 1550 τοῖς
3016 1485 3196 1556 ὄχλοις
3243 1484 3338 1539 καὶ
3371 1482 3606 1554 πλήθεσι
3636 1479 3740 1550 τὴν

2144 1580 2368 1652 πρώτην
2391 1580 2685 1644 ἐποιήσατο
2707 1577 3023 1652 παραϐολὴν
3047 1579 3076 1631 ὁ
3104 1575 3358 1650 Χριστὸς,
3388 1575 3450 1629 οὐ
3476 1575 3590 1638 τοῖς
3612 1574 3740 1626 τότε

2145 1672 2483 1745 παριστῶσιν
2515 1672 2664 1744 αὐτῷ
2709 1673 2909 1744 μόνοις.
2945 1671 3082 1726 ἀλλὰ
3111 1673 3208 1724 καὶ
3245 1672 3358 1732 τοῖς
3390 1666 3530 1738 μετά
3563 1666 3743 1720 ταῦτα

2147 1763 2617 1834 συνελευσομένοις
2661 1766 2748 1817 ἐπ’
2784 1764 3044 1837 ἀκροάσει
3073 1762 3181 1816 τῶν
3214 1759 3378 1818 αὑτοῦ
3407 1759 3607 1826 λόγων,
3638 1757 3741 1820 τὰς

2143 1855 2404 1926 διαφορὰς
2429 1859 2586 1928 θεϊκῇ
2613 1855 2858 1928 δηλώσας
2881 1853 3208 1927 προγνώσει,
3238 1853 3421 1924 προφή
3431 1868 3530 1914 σας
3553 1868 3614 1903 τε
3638 1850 3742 1912 τὰς

2144 1950 2323 2013 αἰτίας
2352 1949 2460 2004 τῶν
2506 1951 2606 2021 τῆς
2641 1949 2864 2023 χάριτος
2894 1951 2995 2021 τῆς
3046 1950 3198 2012 θείας
3245 1944 3736 2015 ἀποπεσουμένων.

2157 2043 2323 2114 Ἀρχὴ
2351 2043 2409 2096 δὲ
2439 2043 2539 2114 τῆς
2565 2043 2880 2115 παραϐολῆς
2911 2043 3059 2095 ἐστιν
3091 2041 3119 2093 ὁ
3149 2040 3384 2110 σπορεὺς
3408 2037 3505 2091 καὶ
3536 2039 3570 2107 ἡ
3610 2035 3743 2089 τού-

2143 2152 2236 2188 του
2273 2135 2448 2202 ἔξοδος
2487 2135 2622 2206 πρὸς
2669 2134 2796 2197 τοὺς
2828 2133 2952 2197 ἔξω,
2985 2132 3021 2204 ἦ
3060 2147 3119 2184 τε
3158 2129 3254 2183 τοῦ
3289 2128 3493 2200 σπόρου
3529 2125 3743 2186 πτῶσις

2145 2225 2241 2278 καὶ
2293 2227 2350 2278 αἱ
2402 2224 2594 2280 τοῦτον
2645 2225 2745 2295 οὐχ
2796 2223 2998 2295 ὁμοίως
3048 2218 3484 2291 καταδεξάμεναι
3532 2215 3736 2286 χῶραι.

2145 2317 2438 2388 Μυστήρια
2471 2317 2529 2370 δὲ
2561 2314 2738 2370 ταῦτα
2769 2312 2908 2369 εἶναι
2933 2315 3034 2385 τῆς
3064 2312 3344 2384 βασιλείας
3373 2309 3540 2371 αὐτὸς
3561 2309 3739 2377 ἐμαρ-

2146 2412 2319 2474 τύρει.
2353 2413 2421 2464 Ὅ
2457 2428 2518 2464 τε
2561 2409 2670 2482 γὰρ
2703 2409 2940 2481 σπορεὺς
2965 2408 3174 2462 ἄνωθεν
3203 2404 3349 2476 ἐξῄει
3379 2403 3474 2456 καὶ
3500 2399 3697 2471 κατῄει
3717 2415 3734 2430 ·

2143 2509 2332 2580 ὥσπερ
2373 2499 2466 2561 οὖν
2493 2503 2656 2563 αὐτὸς
2686 2503 2934 2557 ἐδίδασκε
2960 2500 3160 2568 λέγων,
3201 2496 3348 2566 Ἐγὼ
3377 2495 3448 2548 ἐκ
3479 2493 3587 2547 τοῦ
3621 2494 3742 2580 lia-

2113 2575 2119 2580 I
2144 2597 2282 2668 τρός
2301 2575 2590 2665 ἐξῆλθον,
2632 2593 2732 2648 καὶ
2766 2591 2913 2661 ἥκω.
2954 2587 3118 2642 Ἀλλά
3148 2585 3244 2639 καὶ
3273 2586 3338 2636 ἐκ
3375 2580 3487 2635 τῶν
3515 2578 3738 2632 οἰκείων

2143 2689 2407 2760 ταμιείων
2453 2689 2552 2758 τῆς
2589 2684 2755 2740 αὐτοῦ
2787 2684 3063 2755 βασιλείας
3090 2680 3236 2752 ἐξῄει
3265 2675 3408 2749 πρὸς
3609 2669 3738 2728 τοὺς

2144 2781 2250 2846 ἔξω
2284 2779 2577 2850 γεγονότας
2613 2777 2673 2846 ἐξ
2713 2777 2924 2831 ἐκείνου
2967 2775 3069 2845 (9),
3112 2773 3175 2838 ἐξ
3219 2765 3388 2840 οὗπερ
3422 2764 3680 2833 ἐξέϐαλεν
3707 2764 3736 2815 ὁ

2143 2874 2278 2937 Θεὸς
2305 2873 2395 2926 τὸν
2435 2872 2626 2943 Ἀδὰμ,
2660 2871 2756 2926 καὶ
2800 2869 3107 2940 κατῴκισεν
3152 2864 3314 2920 αὑτὸν
3346 2861 3611 2916 ἀπέναντι
3638 2856 3735 2909 τοῦ

2145 2963 2472 3037 παραδείσου
2504 2963 2606 3034 τῆς
2651 2961 2880 3032 τρυφῆς.
2921 2960 2980 3012 '0
3017 2958 3116 3029 μὲν
3153 2955 3263 3026 γὰρ
3306 2944 3735 3037 ἀπόϐλητος-διά

2146 3035 2244 3127 τὴν
2271 3053 2556 3126 παρακοὴν
2583 3047 2842 3121 γεγονὼς,
2875 3050 2968 3102 καὶ
2995 3047 3089 3102 τοῦ
3133 3041 3466 3116 παραδείσου
3514 3035 3735 3109 βληθεὶς

2145 3147 2270 3212 ἔξω,
2295 3147 2363 3200 τὰ
2385 3148 2449 3198 ὲκ
2473 3146 2572 3218 τῆς
2595 3145 2742 3200 ἐνδον
2765 3143 3039 3215 γεωργίας
3062 3139 3355 3210 σπέρματα
3372 3132 3731 3192 ἀπολωλέκει,

2143 3242 2287 3295 κατὰ
2316 3241 2408 3294 τὸν
2436 3239 2816 3311 ἀφηνιάσαντα
2845 3237 2938 3291 τοῦ
2968 3233 3177 3305 πατρὸς
3202 3231 3336 3294 υἱὸν,
3378 3229 3477 3282 καὶ
3507 3226 3608 3296 τὴν
3638 3225 3698 3276 οὐ
3717 3253 3734 3260 -

2145 3333 2266 3386 σίαν
2293 3333 2362 3403 ἣν
2393 3331 2606 3402 εἰλήφει
2632 3330 2726 3382 ἐπὶ
2753 3328 2856 3398 τῆς
2879 3323 3185 3395 ἀλλοδαπῆς
3211 3320 3394 3392 χώρας
3421 3315 3728 3384 διασπαθή-

2145 3438 2348 3476 σαντα⁶
2395 3423 2426 3476 ό
2467 3422 2526 3475 δέ
2576 3418 2958 3490 φιλανθρωπίᾳ
3003 3414 3099 3468 τοῦ
3144 3409 3458 3479 παναγάθου
3513 3404 3732 3476 Πατρὸς

2143 3514 2382 3586 ἐξῆλθεν,
2411 3513 2574 3576 αὐτὸς
2616 3511 2692 3564 ὢν
2723 3513 2752 3564 ὁ
2776 3510 3037 3579 σπείρων,
3070 3505 3163 3560 καὶ
3191 3503 3378 3574 ἐξῆλθε
3410 3500 3549 3571 πρὸς
3577 3498 3731 3568 ἡμᾶς

2143 3609 2268 3670 τοὺς
2294 3606 2400 3673 ἔξω
2430 3604 2779 3676 γενομένους,
2821 3601 2889 3654 δι’
2917 3600 3070 3653 οὐδὲν
3097 3597 3284 3667 ἕτερον
3311 3595 3344 3666 ἦ
3383 3593 3448 3680 τό
3477 3594 3725 3661 σπεῖραι,

2143 3700 2264 3752 ἐπεί⁸
2288 3699 2383 3752 καὶ
2411 3697 2568 3769 μόνος
2602 3695 2766 3758 αὐτὸς
2788 3689 2856 3764 ἦν
2887 3695 2916 3746 ό
2941 3692 3050 3746 τῶν
3081 3691 3216 3744 ὅλων
3247 3685 3500 3759 σπορεύς.
3535 3681 3730 3736 Πολλοὶ

2145 3793 2244 3864 μὲν
2287 3791 2396 3864 γὰρ
2443 3790 2665 3863 ἐξῆλθον
2713 3789 2778 3842 ἐκ
2814 3787 2923 3841 τῶν
2963 3785 3228 3856 οὐρανίων
3267 3779 3580 3852 διατριϐῶν,
3629 3777 3727 3830 καὶ

2141 3883 2408 3954 κατῆλθον
2439 3884 2519 3946 είς
2561 3881 2901 3953 ἀνθρώπους,
2943 3878 3058 3932 ἀλλ’
3083 3878 3184 3930 οὐκ
3221 3873 3315 3927 ἐπὶ
3341 3872 3423 3944 τῷ
3461 3873 3682 3940 σπεῖραι
3705 3885 3719 3898 ·

2141 3977 2203 4030 οὐ
2231 3976 2338 4048 γὰρ
2362 3970 2503 4048 ἦσαν
2528 3977 2770 4047 σπορετς,
2797 3971 2933 4026 ἀλλὰ
2956 3967 3306 4042 λειτουργικά
3331 3964 3617 4034 πνεύματα
3645 3964 3724 4024 εἰς

2139 4067 2415 4122 διακονίαν
2450 4066 2925 4137 ἀποστελλόμενα·
2975 4062 3216 4132 Μωῦοῆς
3259 4059 3316 4112 δὲ
3361 4059 3457 4111 καὶ
3493 4058 3546 4109 οἱ
3603 4054 3722 4126 μετ’

2141 4156 2302 4209 αὐτὸν
2349 4156 2623 4228 προφῆται
2665 4157 2726 4209 οὐ
2762 4154 2833 4208 τὰ
2882 4155 3159 4226 μυστήρια
3195 4151 3296 4221 τῆς
3337 4149 3449 4203 τῶν
3477 4145 3724 4219 οὐρανῶν

2142 4245 2414 4316 βασιλείας
2455 4235 2764 4318 ἀνθρώποις
2795 4245 3175 4308 κατεϐάλοντο,
3208 4241 3436 4313 νηπίους
3466 4242 3565 4294 ἆτε
3599 4257 3722 4292 παι-

2138 4337 2530 4407 δαγωγοῦντες,
2551 4338 2644 4390 καὶ
2662 4336 2901 4408 ἄφρονας
2917 4337 3016 4406 τῆς
3031 4336 3172 4389 κατά
3190 4334 3286 4405 τὴν
3308 4332 3508 4386 κακίαν
3529 4331 3722 4402 ἀπείρο

466 4450 586 4490 rum
611 4430 799 4487 morbo
819 4425 1145 4484 medicinam
1165 4424 1346 4479 facere
1368 4425 1708 4488 studuerunt,
1725 4423 2036 4478 eorumdem

2145 4447 2324 4498 γοντες
2348 4430 2574 4502 πλάνης,
2603 4429 2924 4501 θεραπεύειν
2953 4429 3130 4482 αὐτῶν
3151 4426 3480 4501 πειρώμενοι
3502 4426 3605 4497 τὴν
3626 4427 3722 4496 τῆς

463 4525 696 4588 animas,
726 4520 874 4576 velut
905 4516 1118 4574 novalia
1155 4515 1423 4585 quasdam,
1459 4515 1666 4568 semine
1698 4523 2031 4584 vegetantes.

463 4615 625 4672 Solus
655 4621 834 4668 autem
874 4607 1196 4665 universalis
1229 4614 1398 4670 sator,
1439 4605 1538 4660 Dei
1575 4604 1831 4672 Verbum,
1884 4605 2034 4661 beni-

2137 4519 2580 4592 είδωλολατρείας
2607 4521 2781 4586 νόσον,
2815 4520 2910 4574 καὶ
2930 4519 3120 4591 ὥσπερ
3147 4518 3392 4581 νεοῦντες
3417 4519 3604 4572 αὐτῶν
3629 4521 3720 4572 καὶ

2137 4610 2396 4682 ἀροῦντες
2441 4611 2540 4676 τὰς
2567 4612 2766 4683 ψυχάς.
2805 4613 2979 4676 Μόνος
3005 4611 3062 4665 δέ
3095 4613 3124 4666 ὁ
3151 4611 3259 4666 τῶν
3279 4610 3416 4666 ὅλων
3461 4614 3715 4684 σπορεὺς,

533 4775 580 4808 ⁸⁸
616 4773 756 4829 Phil.
784 4771 980 4841 111,20.
1054 4770 1102 4805 “
1139 4769 1330 4827 Matth.
1359 4784 1482 4835 xm,
1503 4770 1560 4826 3.
1636 4768 1681 4801 ‘7
1719 4767 2013 4842 Joan.vm,
2040 4773 2132 4828 42.

535 4931 612 4998 (7)
643 4927 853 5000 Videsis
869 4929 1081 5000 partim?
1096 4929 1182 4984 his
1217 4927 1412 5000 similia
1432 4927 1739 5000 inSiyriaca
1765 4928 2034 5000 Theopha-

464 5003 554 5055 nia
583 5001 675 5056 lib.
712 5015 793 5061 tu,
818 4999 910 5064 21,
937 4998 1028 5063 22,
1062 4999 1154 5063 25,
1185 5009 1240 5053 et
1269 4999 1362 5052 lib.
1397 5013 1470 5060 tv,
1492 4998 1583 5064 52,
1608 5000 1695 5053 ubi
1732 4999 2032 5068 priscorum

464 5071 897 5196 ﬁbristianorum
925 5071 1064 5126 mira
1095 5085 1159 5126 ac
1185 5083 1371 5126 severa
1398 5068 1574 5124 virtus
1599 5070 1813 5140 egregie
1835 5067 2037 5122 descri-

505 5152 632 5196 Illll‘.

505 5152 632 5196 lllll‘.

537 5211 614 5280 (8)
645 5209 855 5265 Citatur
877 5209 980 5280 hoc
1001 5208 1153 5280 titulo
1175 5209 1226 5262 in
1258 5209 1379 5263 cod.
1413 5207 1480 5280 Ar.
1511 5207 1550 5265 f.
1586 5207 1707 5280 122,
1737 5207 1936 5280 etcod.
1968 5207 2030 5262 L.

467 5280 504 5334 l‘.
537 5277 622 5343 ιι,
652 5283 684 5333 1)
709 5297 720 5332 :
743 5279 1034 5332 Εὐσεϐιου
1056 5279 1144 5342 βι.
1181 5279 1560 5347 Θεοφανείας.
1597 5277 1758 5333 Vides
1803 5277 1890 5334 hic
1921 5293 2037 5331 ma-

468 5351 662 5405 nifeste
678 5349 785 5432 dici
811 5348 999 5420 βιϐλίῳ
1029 5363 1135 5402 non
1163 5350 1534 5429 tantummodo
1646 5348 2036 5419 Superponitur

468 5429 644 5471 autem
678 5436 730 5471 In
755 5419 874 5471 cod.
909 5421 972 5471 Α.
1003 5422 1378 5471 compendium
1419 5420 1554 5471 smni
1579 5421 1731 5471 icans
1770 5419 2031 5471 τετάρτου

467 5429 644 5475 autem
678 5420 730 5473 in
755 5419 874 5474 cod.
909 5419 978 5472 A.’
1003 5419 1378 5488 compendium
1419 5419 1731 5488 signillcans
1770 5419 2031 5489 τετάρτου

467 5491 551 5543 vel
576 5491 750 5557 potius
775 5489 1019 5560 τετάρτῳ
1043 5487 1338 5560 (mendose:
1349 5487 1528 5560 tamen
1557 5489 1608 5560 in
1636 5489 1845 5560 θρόει.
1882 5487 2033 5559 πρώ-

466 5555 671 5630 τουχοι
699 5555 943 5630 πρώτῳῇ.
983 5555 1185 5630 Reapse
1218 5558 1270 5610 in
1296 5555 1628 5630 Theon/iunia
1658 5555 2026 5630 Syriaca,;'lib.

469 5629 631 5688 ιν,ὅό
649 5637 704 5681 et
725 5627 814 5690 34,
837 5627 1015 5682 sermo
1051 5629 1225 5698 estde
1245 5627 1496 5698 parabole
1523 5627 1902 5690 seminatoris;
1938 5645 2029 5680 ve-

470 5707 772 5753 rumtamen
811 5699 977 5754 multo
1009 5697 1243 5754 brevius.
1279 5697 1463 5754 Neaue
1511 5712 1610 5761 ego
1658 5713 1806 5754 certe
1846 5699 2027 5754 titulus

2141 4930 2387 5002 codicum
2431 4929 2853 5002 _V’aticanorum,
2905 4932 2999 5000 qui
3057 4932 3159 4988 hoc
3219 4933 3588 5002 fragmentum
3651 4952 3711 4991 ex

2142 4997 2474 5068 Theopliania
2545 5015 2667 5072 esse
2731 4997 3037 5072 allirmaut,
3108 4997 3330 5072 negare'
3368 5015 3464 5057 aut
3534 5008 3710 5060 delere

2139 5083 2297 5140 queo,
2328 5069 2812 5140 prresertimrquia,
2856 5071 2996 5124 facta
3029 5069 3268 5126 textunm
3287 5080 3706 5140 comparatione,

2140 5139 2259 5194 luce
2287 5141 2580 5194 meridiana
2603 5139 2801 5194 clarius
2824 5152 3047 5209 apparet
3075 5151 3301 5196 tractum
3339 5139 3486 5198 hunc
3517 5160 3585 5200 ex
3625 5147 3708 5202 illo

2142 5225 2364 5282 prorsus
2390 5225 2550 5282 Opere
2577 5226 2696 5263 esse
2718 5211 3039 5282 derivatum.

2211 5279 2288 5351 (9)
2313 5281 2692 5355 Animadverte
2720 5281 3354 5355 quaurhteccongruaut
3376 5298 3500 5355 cum
3516 5285 3705 5355 (Syria-

2137 5363 2198 5402 ca
2227 5348 2321 5404 seu
2351 5349 2573 5420 Anglica
2600 5348 2956 5416 Theophania,
2990 5351 3080 5405 lib.
3110 5348 3183 5414 Iv,
3218 5353 3288 5407 54
3320 5371 3336 5408 :
3371 5353 3451 5406 lle
3481 5348 3700 5420 therefo-

2139 5435 2193 5472 re
2219 5429 2352 5474 went
2379 5416 2517 5486 forth
2547 5416 2680 5485 from
2704 5420 2902 5476 within.
2931 5422 3038 5474 and
3065 5438 3208 5475 came
3230 5435 3342 5477 out.
3378 5422 3568 5477 Where
3589 5416 3701 5478 then

2135 5505 2240 5542 was
2272 5492 2334 5544 Ite
2358 5488 2561 5560 within,
2582 5490 2666 5560 but
2688 5492 2849 5542 above
2866 5489 2950 5542 tlte
2973 5492 3134 5544 world
3155 5492 3179 5544 ?
3205 5494 3373 5545 where
3394 5494 3456 5544 Ite
3475 5495 3698 5560 exiswd;

2134 5561 2241 5611 and
2263 5561 2319 5612 in
2357 5559 2441 5610 the
2465 5559 2563 5610 end
2586 5559 2648 5624 of
2669 5562 2753 5612 the
2781 5561 2943 5613 world
2975 5561 3038 5614 Ite
3061 5578 3204 5614 came
3233 5565 3391 5628 forth.
3422 5566 3530 5615 and
3562 5559 3699 5618 carne

2132 5631 2282 5704 down
2313 5641 2364 5704 to
2389 5628 2604 5704 us._wl_io
2625 5643 2754 5704 were
2780 5629 2997 5704 without
3033 5631 3115 5684 the
3143 5630 3383 5704 kingdom
3411 5632 3471 5702 of
3489 5633 3699 5693 heat-en.

2132 5697 2283 5755 Mitto
2311 5699 2378 5755 de
2404 5699 2526 5756 aliis
2547 5699 2682 5758 locis
2708 5701 2974 5757 similibus
3001 5703 3201 5764 dicere.
