3858 6214
217 273 327 330 677
747 349 750 353 _
1589 292 1679 348 oe
1716 292 1740 348 1

1953 294 2178 350 llANIA.
3369 309 3476 363 678

217 392 250 443 ὁ
282 391 380 445 τοῦ
404 394 541 448 Θεοῦ
575 399 764 468 Λόγος,
812 403 1192 479 φιλανθρωπιᾳ
1221 410 1317 462 τοῦ
1344 411 1555 482 Πατρὸς
1588 412 1740 484 ἐξῆλθ

1951 414 2108 468 nitate
2134 414 2316 470 Patris
2337 417 2526 483 exivit,
2551 433 2687 473 nova
2723 420 2929 475 semina
2953 430 3008 477 et
3029 423 3179 491 regni
3211 423 3474 481 ctelornm

218 485 385 536 καινὰ
425 488 718 560 σπέρματα
771 496 865 547 καὶ
914 497 1187 566 βασιλείας
1231 501 1472 571 οὐρανῶν
1527 505 1740 574 μυστήρ

1948 509 2156 578 ιγειθτίιι
2186 509 2363 565 fauste
2384 512 2758 579 nuntiaturus,
2787 523 2844 568 et
2870 517 3116 584 supernis
3145 517 3235 570 Dei
3273 519 3471 593 minis-

219 577 732 651 εὐαγγελιούμενος,
755 589 868 649 τοῖς
898 605 956 640 τε
995 593 1116 643 κατ’
1138 592 1368 664 οὐρανὸν
1402 594 1495 647 τοῦ
1529 595 1664 648 Θεοῦ
1697 595 1742 648 λε

1949 601 2002 654 ’ἰε
2045 600 2336 656 humanum
2380 618 2549 673 genus
2592 606 3021 662 consociaturus.
3070 607 3220 662 Hanc
3243 589 3372 680 ergo
3402 611 3472 666 ob

215 673 472 740 τουργοῖς
495 672 554 725 τὸ
585 675 694 729 τῶν
716 678 1018 748 ἀνθρώπων
1053 684 1304 753 συνάψων
1337 687 1494 754 γένος
1514 703 1528 716 ·
1558 688 1648 739 ἐπὶ
1681 706 1738 741 το

1945 705 2118 746 ausam
2147 693 2294 747 solus
2325 672 2439 762 ipse
2495 708 2526 749 e
2569 704 2796 764 paterno
2839 713 3004 766 regno
3041 700 3324 766 processit.
3367 700 3468 766 Qui

215 778 333 826 τοις
360 767 452 819 οὖν
479 767 637 836 μόνος
658 771 819 836 αὐτὸς
843 773 940 844 τὴν
964 775 1072 829 ἀπὸ
1089 776 1197 830 τῶν
1224 779 1502 848 πατρικῶν
1513 779 1738 849 βασιλείι

1946 791 2080 836 atem
2143 783 2353 836 semina
2406 783 2527 851 ejus
2569 796 2918 852 exceperunt,
2977 787 3031 843 hi
3087 805 3212 845 suas
3262 793 3469 848 animas

215 854 454 908 ἐποιεῖτο
480 857 657 922 ἔξοδον
673 877 687 892 ·
717 864 767 915 οἰ
794 863 851 916 δὲ
873 864 940 918 τά
967 867 1097 938 παρ’
1124 868 1286 920 αὐτοῦ
1316 871 1604 942 σπέρματα
1629 889 1738 925 κατι

1945 872 2045 927 elut
2088 888 2247 941 agros
2287 873 2486 929 cultori
2522 873 2696 930 Verbo
2721 878 3101 946 exhibuerunt,
3143 894 3199 938 et
3230 900 3359 941 aure
3385 885 3468 940 fa-

211 941 499 1014 δεξάμενοι
544 947 645 1012 τὰς
677 951 888 1006 ἑαυτῶν
917 954 1096 1024 ψυχὰς
1128 953 1218 1010 οἷα
1256 958 1322 1029 δὴ
1355 941 1538 1032 χώρας
1569 976 1734 1032 γεωρῑ

1407 941 1538 1032 ὒρας
1569 961 1801 1032 γεωργῷ
1899 972 2089 1020 ventes
2109 964 2333 1020 caeleste
2364 980 2551 1022 semen
2579 968 2930 1026 admiserunt.

214 1039 481 1107 παρεῖχον
511 1039 591 1110 τῷ
627 1041 805 1113 Λόγῳ,
850 1047 945 1100 καὶ
972 1046 1061 1100 διὰ
1087 1048 1196 1102 τῶν
1234 1050 1414 1104 ἀκοῶν
1435 1052 1526 1105 τὸν
1552 1054 1800 1125 οὐράνιον

212 1127 545 1198 ὑπεδέχοντο
584 1133 808 1204 σπόρον.

285 1218 351 1270 Et
401 1220 504 1289 μὲν
543 1218 637 1277 οὖν
670 1226 780 1296 (10)
823 1228 870 1280 oi
915 1226 1344 1300 μαθητευόμενοι
1381 1235 1509 1304 μιᾶς
1556 1236 1799 1307 ὑπῆρχον

1969 1208 2027 1261 Si
2054 1209 2268 1278 quidem
2299 1209 2481 1279 itaque
2503 1210 2812 1269 Christiana
2837 1215 3079 1271 doctrina
3112 1219 3332 1288 eruditi,
3361 1237 3468 1280 uno

211 1311 625 1382 προαιρέσεως,
704 1316 854 1370 οὐδὲν
925 1319 1095 1390 ἐχρῆν
1149 1299 1446 1392 διακρίνειν
1506 1327 1601 1378 καὶ

1946 1299 2197 1369 )demqne
2229 1304 2512 1371 proposito
2535 1314 2737 1372 essent,
2773 1306 2905 1360 nihil
2931 1323 3065 1378 opus
3097 1319 3241 1367 esset
3268 1314 3469 1370 discer-

214 1401 392 1472 ρίζειν
433 1404 653 1470 τούτους
685 1407 782 1460 ἀπ’
826 1408 1091 1482 ἁλλήλων’
1133 1391 1320 1485 ἐπειδὴ
1356 1414 1413 1468 δὲ
1453 1416 1604 1489 παρὰ
1635 1391 1737 1471 ea}:

1945 1405 2029 1445 ere
2061 1391 2199 1446 inter
2224 1392 2369 1460 ipsos
2397 1408 2461 1449 ac
2489 1409 2765 1464 separare.
2808 1399 2960 1474 Nunc
3013 1402 3137 1470 quia
3167 1404 3220 1458 in
3254 1408 3468 1464 cunctis

211 1493 525 1566 ἀνθρώποις
575 1500 608 1569 ἡ
677 1498 772 1553 τοῦ
829 1479 1176 1567 αὐτεξουσίου
1245 1479 1465 1576 ἐκράτει
1533 1479 1730 1580 δύναμι

1944 1480 2208 1537 ominibus
2234 1482 2390 1538 liberi
2417 1485 2635 1541 arbitrii
2671 1488 2749 1541 vis
2779 1491 3057 1557 prmvalet,
3081 1491 3280 1564 aliique
3311 1495 3467 1552 aliter

211 1585 368 1639 ἄλλοι
443 1605 504 1641 τε
569 1589 745 1656 ἄλλως
820 1593 1032 1658 ἑαυτοῖς
1097 1597 1191 1650 καὶ
1258 1570 1338 1668 τῶ
1406 1570 1734 1671 καταϐληθὲν

1945 1572 2079 1626 ιᾶοιε
2102 1589 2196 1628 sua
2213 1574 2469 1643 jactoque
2492 1578 2632 1632 intra
2663 1593 2792 1635 suas
2815 1581 3026 1637 animas
3053 1584 3237 1640 divino
3261 1590 3468 1644 semine

209 1683 337 1743 ταῖς
383 1680 581 1751 ψυχαῖς
625 1683 864 1756 οὐρανίῳ
917 1687 1102 1758 σπόρῳ
1147 1666 1602 1762 κατακέχρηνται,
1639 1666 1732 1747 ϋείκ

1941 1672 2152 1733 tuntur;
2206 1666 2327 1723 ideo
2371 1679 2542 1735 recte,
2598 1679 2782 1741 utpote
2833 1674 2926 1728 Dei
2989 1674 3247 1742 Verbum,
3300 1679 3464 1735 futuri

207 1789 324 1836 τως
364 1767 454 1826 οἷα
499 1773 635 1828 Θεοῦ
682 1776 854 1846 Λόγος
902 1778 1002 1850 τὴν
1028 1757 1252 1847 γνῶσιν
1302 1757 1648 1854 προειληφὼς
1687 1803 1730 1838 τι

1940 1757 2180 1812 :ientiam
2213 1775 2616 1832 praeoccupans,
2657 1763 2786 1832 quid
2830 1767 3020 1822 semini
3049 1783 3150 1824 suo
3197 1769 3341 1826 inter
3370 1773 3463 1827 ho-

211 1863 541 1935 μελλόντων,
605 1867 766 1922 ὁποῖα
800 1849 1048 1923 πείσεται
1106 1871 1186 1935 είς
1237 1849 1556 1946 ἀνθρώπους
1587 1878 1615 1929 ὀ
1663 1894 1734 1928 πα

1946 1849 2071 1904 lines
2090 1866 2280 1919 sparso
2302 1864 2623 1911 eventurum
2653 1857 2745 1924 sit,
2765 1860 3033 1927 praedicit.
3064 1860 3260 1918 Casum
3287 1866 3469 1937 itaque

206 1957 380 2010 αὐτοῦ
414 1958 615 2030 σπόρος
647 1963 850 2024 πεσὼν,
880 1961 1145 2026 θεσπίζει.
1177 1963 1390 2018 Πτῶσιν
1421 1967 1552 2036 γοῦν
1581 1967 1727 2040 θαυμ

1955 1941 2124 1997 irilicc
2178 1944 2412 2014 appellat
2460 1946 2764 2003 caelestium
2822 1951 3088 2005 seminum
3135 1954 3186 2008 ln
3222 1955 3470 2015 homines

209 2046 357 2107 στῶς
399 2047 499 2114 τὴν
549 2048 852 2120 καταϐολὴν
883 2049 988 2104 τῶν
1014 2052 1281 2122 οὐρανίων
1323 2056 1653 2126 σπερμάτων
1697 2075 1732 2109 τη

1945 2033 2309 2101 rejectionem.
2338 2036 2592 2108 Duosque
2624 2039 2783 2095 docet
2823 2041 2940 2097 fore
2975 2044 3344 2114 recipientium
3379 2064 3468 2104 se-

205 2139 294 2201 εἱς
313 2139 411 2192 ἀνθ
421 2138 638 2212 ρώπους
657 2141 928 2212 ὠνόμασε·
959 2143 1053 2202 καὶ
1073 2145 1138 2216 δὴ
1167 2145 1260 2200 δύο
1279 2125 1534 2218 τάγματα
1565 2149 1673 2202 τῶν
1704 2168 1728 2202 τ

1940 2139 2017 2179 ten
2042 2125 2259 2182 ordines
2296 2143 2310 2178 :
2341 2130 2575 2198 priorem
2607 2131 2818 2186 illorum
2857 2137 2947 2204 qui
2982 2138 3258 2194 ctelestem
3300 2157 3463 2197 voca-

206 2231 418 2301 σπόρον
466 2232 916 2304 καταδεξαμένων
945 2233 1184 2300 ἔσεσθαι,
1215 2217 1474 2291 διδάσκειο
1527 2241 1729 2313 πρότερ

1939 2233 2097 2290 onem
2121 2221 2322 2288 sortiti,
2349 2237 2446 2291 per
2469 2225 2973 2294 socordiamgtamen
3002 2242 3164 2298 atque
3194 2231 3461 2300 ignaviam

204 2323 273 2377 τὸ
288 2323 399 2378 τῶν
427 2325 681 2391 καταξιου
691 2325 866 2395 μένων
885 2327 982 2398 μὲν
1006 2327 1107 2398 τῆς
1136 2328 1380 2399 κλήσεως
1402 2330 1500 2402 τῆς
1521 2332 1580 2384 οὐ
1590 2332 1727 2402 ρανίι

1938 2313 2066 2366 ratia
2107 2313 2366 2370 excidunt
2399 2331 2414 2368 :
2447 2319 2742 2374 secundum
2795 2322 3042 2378 ordinem
3094 2324 3307 2380 illorum
3368 2332 3461 2397 qui

205 2412 278 2467 δι’
303 2409 634 2485 ἀπροσεξίαν
662 2414 720 2467 δὲ
760 2416 854 2469 καὶ
881 2415 1154 2487 ρᾳθυμίαν
1196 2418 1297 2488 τῆς
1351 2419 1571 2490 χάριτος
1610 2421 1728 2474 ἀπο]

1938 2417 2077 2456 :men
2137 2406 2354 2476 egregio
2411 2406 2590 2462 fructu
2641 2409 3022 2480 multiplicant.
3049 2412 3184 2470 Tres
3212 2431 3375 2486 porro
3407 2419 3461 2474 in

207 2504 562 2559 σθαινόντων·
613 2505 865 2579 δεύτερον
905 2507 963 2560 δὲ
998 2507 1060 2560 τὸ
1099 2509 1207 2562 τῶν
1251 2510 1730 2576 πολυπλασιαξόντι

1942 2500 2127 2563 troque
2169 2496 2359 2552 ordine
2397 2498 2732 2556 differentias
2765 2503 2971 2557 statuit.
3003 2503 3136 2560 Nam
3175 2517 3228 2562 et
3254 2510 3343 2577 qui
3376 2513 3465 2565 se-

204 2595 304 2648 τδν
350 2596 551 2668 σπόρον
597 2598 656 2650 ὲν
695 2598 930 2667 ἀγαθαῖς
973 2600 1390 2673 καρποφορίαις.
1448 2603 1608 2674 Τρεῖς
1634 2603 1690 2656 δὲ

1936 2597 2016 2637 ten
2073 2587 2424 2654 pessumdant
2452 2627 2468 2652 ,
2527 2591 2670 2645 haud
2710 2593 2826 2660 pari
2863 2595 3023 2649 modo
3067 2598 3459 2668 exstinguunt:

209 2683 465 2755 ἑκατέρῳ
501 2685 742 2755 τάγματι
798 2686 1061 2758 διαφορὰς
1091 2688 1324 2760 τίθησινο
1374 2691 1506 2744 οἵτε
1546 2691 1655 2764 γὰρ
1703 2711 1732 2746 τ

1936 2677 2238 2748 icissimque
2263 2680 2298 2734 ii
2330 2680 2420 2750 qui
2455 2682 2585 2738 illud
2618 2684 2897 2751 excolunt,
2928 2702 2997 2742 ex
3020 2703 3194 2758 eoque
3224 2691 3459 2748 fructum

209 2774 415 2845 σπόρον
446 2775 775 2840 ἀπολλύντες
814 2779 912 2850 οὐχ
941 2780 1125 2851 ὅμοιον
1155 2779 1361 2850 ἴσχουσι
1394 2782 1492 2852 τῆς
1521 2782 1732 2836 ἀπωλεί.

1941 2770 2139 2838 ignunt,
2189 2772 2335 2827 haud
2370 2773 2488 2842 pari
2521 2775 2770 2831 ubertate
2807 2789 2952 2834 sunt.
3002 2779 3227 2851 Insuper
3270 2799 3464 2840 causa:

209 2866 306 2920 τὸν
319 2866 541 2938 τρόπον’
564 2868 618 2921 οῖ
638 2869 686 2921 τ’
721 2864 788 2924 αὖ
830 2869 1202 2943 γεωργοῦντες
1226 2872 1415 2938 αὐτὸν,
1455 2872 1553 2926 καὶ
1587 2873 1679 2928 τὸν

1936 2861 2058 2914 tiam
2102 2860 2286 2930 lapsus
2333 2877 2521 2918 eorum
2572 2867 2664 2936 qui
2718 2881 2903 2924 semen
2960 2873 3459 2941 pessumdederunt,

208 2961 382 3015 αὑτοῦ
437 2963 784 3035 ποριζόμενοι
833 2965 1065 3037 καρπὸν,
1117 2967 1219 3020 οὐκ
1259 2966 1380 3038 ῐσην
1425 2967 1731 3039 ἀποφέροντ-

1936 2953 2073 3008 ivina
2103 2955 2414 3024 provisione
2446 2959 2607 3014 sistit.
2640 2959 2774 3016 Nam
2819 2961 2905 3018 vel
2939 2963 3132 3026 ignave
3163 2965 3459 3022 incustodi-

205 3055 312 3125 τὴν
362 3055 647 3128 εὐπορίανο
683 3057 764 3110 ἔτι
794 3058 930 3130 πρὸς
970 3058 1182 3123 τούτοις
1225 3059 1440 3124 καὶτὰς
1465 3059 1643 3124 αἰτίας
1693 3064 1728 3113 τ

1938 3059 1979 3100 IS
2007 3046 2218 3102 animas
2240 3062 2367 3104 suas
2389 3063 2509 3104 esse
2531 3051 2789 3120 sinentes,
2838 3051 3032 3121 iniecta
3057 3055 3110 3110 in
3135 3057 3234 3114 has
3256 3061 3461 3116 semina

207 3145 586 3211 ἁποπτώσεως
617 3146 726 3201 τῶν
756 3147 849 3201 τὸν
890 3149 1088 3220 σπόρον
1111 3149 1455 3204 ἀπολλύντων
1488 3149 1730 3220 προγνώε

1938 3136 2216 3204 miserunt,
2245 3139 2580 3208 rapientibus
2609 3142 2818 3199 scilicet
2844 3158 2910 3200 ex
2933 3145 3172 3214 ipsorum
3198 3160 3378 3206 mente
3397 3166 3461 3207 ac

207 3236 368 3307 θεῖκῇ
422 3237 773 3308 παρίστησιν·
815 3238 849 3311 ἢ
881 3239 991 3311 γὰρ
1026 3239 1116 3294 διὰ
1139 3239 1410 3312 ῥᾳθυμίας
1453 3240 1728 3309 ἀφυλάκτο

1959 3227 2152 3281 emoria
2189 3222 2422 3286 inimicis
2448 3231 2770 3301 quibusdam
2803 3245 2969 3304 atque
3003 3237 3275 3296 insidiosis
3301 3230 3482 3312 spiri-'

205 3329 310 3392 τὰς
355 3329 566 3383 ἑαυτῶν
625 3329 802 3402 ψυχὰς
856 3329 1231 3396 ἀπολιπόντες,
1276 3332 1344 3384 τὰ
1387 3332 1728 3403 καταῆληθὲνι

1937 3317 2037 3373 bus
2067 3319 2336 3388 malisque
2365 3321 2723 3390 daemonibus,
2769 3326 2863 3396 qui
2896 3327 2950 3381 in
2983 3329 3086 3385 hoc
3121 3331 3265 3386 circa
3297 3334 3455 3390 tellu~

206 3420 396 3482 αὐτοῖς
431 3421 674 3492 σωτήρια
729 3421 1019 3491 σπέρματα
1045 3419 1474 3484 ἀπολωλέκασιν,
1511 3421 1729 3493 ἀρπασά

1939 3424 2004 3464 ιιι]
2034 3425 2160 3467 aere
2185 3411 2413 3466 volitant
2435 3431 2449 3468 :
2474 3413 2558 3468 vel
2577 3415 2740 3470 etiam
2765 3416 3122 3477 fraudulentis
3150 3424 3462 3482 hominibus

204 3525 318 3562 των
371 3507 512 3563 αὐτὰ
547 3510 614 3562 ἐκ
652 3509 752 3581 τῆς
804 3509 981 3564 αὐτῶν
1030 3509 1267 3574 διανοίας
1315 3527 1375 3563 τε
1414 3511 1505 3563 καὶ
1548 3512 1727 3582 μνήμη

1934 3517 1956 3557 o
1977 3502 2280 3568 fallacibus,
2314 3505 2400 3559 vel
2431 3507 2725 3562 contrariis
2752 3511 2967 3566 veritati
2998 3512 3297 3580 doctrinis;
3336 3533 3457 3586 quzc

209 3598 429 3670 ἐχθρῶν
465 3617 628 3654 τινων
673 3601 767 3654 καὶ
814 3598 1114 3653 ἐπιϐούλων
1155 3599 1274 3670 ἦτοι
1333 3601 1656 3672 πνευμάτων
1697 3618 1732 3654 κ

1932 3594 2070 3648 mnia
2103 3595 2405 3652 caelestium
2429 3598 2710 3652 volucrum
2739 3602 2956 3657 nomine
2986 3603 3312 3674 indigitavit.
3359 3608 3455 3664 Vel

205 3691 481 3760 δαιμόνων
512 3691 764 3762 πονηρῶν
797 3690 888 3745 τὸν
932 3689 1209 3762 περίγειον
1245 3691 1606 3762 διιπταμένων
1630 3693 1728 3763 ἀέρ

1932 3684 2052 3737 tiam
2079 3689 2314 3740 secundo
2339 3685 2459 3740 loco
2486 3688 2720 3742 avaritia
2762 3699 2817 3742 et
2869 3691 3157 3759 voluptatis
3194 3695 3455 3764 studium,

205 3785 242 3853 ἢ
281 3783 487 3854 ἀνδρῶν
515 3785 724 3855 γοήτων
772 3784 866 3836 καὶ
891 3783 1202 3856 ἀπατηλῶν,
1233 3781 1266 3853 ἢ
1315 3781 1485 3850 λόγων
1533 3783 1728 3836 ὲναντίι

1930 3782 1940 3827 t
1987 3773 2152 3829 variae
2181 3775 2366 3830 mundi
2395 3791 2557 3844 curm,
2599 3793 2736 3848 quas
2775 3781 2960 3847 spinas
2989 3784 3144 3848 dixit,
3186 3798 3367 3840 semen
3399 3789 3453 3844 in

205 3877 278 3946 τῇ
313 3874 558 3952 mea;
582 3875 617 3928 ἃ
641 3874 705 3945 δὴ
726 3875 948 3927 πετεινά
978 3873 1209 3948 ούρανοῦ
1226 3872 1529 3944 ὠνόμασεν
1564 3873 1596 3944 ἢ
1618 3873 1728 3926 δεύτ

1933 3865 2020 3920 »εἰς
2063 3865 2234 3920 emori
2275 3878 2495 3936 cogunt.
2529 3867 2624 3923 Vel
2651 3870 2882 3941 denique
2917 3873 3074 3929 tertio
3103 3874 3243 3940 loco,
3270 3892 3456 3946 perse-

209 3983 308 4038 ρον
345 3965 434 4019 διὰ
473 3965 834 4037 φιλαργυρίαν
876 3967 970 4019 καὶ
997 3964 1326 4035 φιληδονίαν,
1355 3964 1444 4018 διά
1475 3981 1534 4017 τε
1567 3964 1665 4028 τὰς
1691 3982 1732 4018 τι

1934 3957 2164 4012 ιιὶοηυῐη
2208 3973 2272 4013 ac
2298 3973 2676 4028 prcssurarum
2711 3963 3005 4020 certamina
3046 3980 3148 4020 non
3185 3969 3457 4025 sustinenn

208 4058 328 4128 βίου
351 4057 885 4129 φιλοπραγμοσύνας,
911 4057 948 4110 ἃ
978 4057 1042 4128 δὴ
1065 4055 1306 4120 ἀκάνθας
1342 4055 1667 4120 ἀπεκάλεσε,
1695 4059 1731 4109 τί

1934 4064 1986 4112 :s,
2017 4065 2152 4119 quas
2180 4059 2344 4105 aestus
2370 4053 2588 4108 nomine
2616 4054 2668 4107 in
2695 4053 2946 4122 parabola
2978 4057 3285 4127 appellavit,
3307 4077 3457 4118 coar-

206 4153 271 4203 ὲν
297 4150 477 4210 αὐτοῖς
510 4148 710 4219 σπόρον
740 4149 1105 4219 ἀποπνιγῆναι
1133 4147 1578 4219 πεποιήκασινο-ἢ
1605 4147 1726 4217 τρίτ

1930 4143 1997 4196 oti
2029 4150 2156 4198 sunt
2182 4142 2325 4198 haud
2359 4143 2466 4198 alte
2512 4145 2569 4199 in
2609 4143 2819 4202 illarum
2861 4149 3040 4204 anima
3076 4165 3260 4205 semen
3291 4152 3453 4210 fuisse

205 4240 466 4312 διωγμῶν
497 4242 592 4294 καὶ
639 4243 1012 4313 περιστάσεων
1035 4242 1163 4304 τοὺς
1197 4240 1414 4310 ἀγῶνας
1433 4241 1531 4311 οὐχ
1560 4241 1728 4311 ύπομε

1930 4231 2205 4298 ιάἰοιιιιιιη,
2226 4233 2322 4287 sed
2363 4233 2418 4288 in
2445 4233 2731 4304 superﬁcie
2759 4238 3129 4294 tantummodo
3162 4255 3226 4294 ac
3254 4243 3453 4310 specie,

211 4349 427 4396 ναντες,
455 4332 490 4388 ἃ
511 4332 574 4402 δὴ
607 4332 700 4385 καὶ
725 4331 979 4386 καύσωνα
1010 4330 1098 4385 διά
1128 4332 1228 4402 τῆς
1261 4329 1577 4403 παραϐολῆς
1614 4348 1734 4402 προ‹

1927 4321 2032 4376 rcvi
2070 4329 2310 4391 tempore
2337 4321 2652 4389 efﬂoruisse,
2691 4333 2746 4378 et
2794 4340 2930 4380 vana
2979 4327 3150 4396 plebis
3196 4329 3450 4398 opinione

205 4430 390 4487 εἶπεν,
423 4424 846 4495 ἀπηλέγχθησαν
877 4423 951 4494 μὴ
984 4422 1124 4476 κατά
1152 4421 1312 4492 βάθος
1341 4421 1438 4492 τῆς
1465 4422 1642 4474 αὐτῶν
1679 4421 1728 4490 ψη

1928 4413 2101 4468 abitos
2126 4427 2245 4468 esse
2267 4413 2511 4469 homines
2529 4413 2701 4486 frugi;
2729 4429 2865 4484 quos
2882 4416 2970 4471 diu
2989 4417 3215 4472 latentes
3240 4419 3451 4473 demum

202 4520 310 4590 χῆς
349 4518 442 4570 τὸν
479 4517 679 4588 σπόρον
731 4515 1110 4587 ἐρριζωμένοι,
1150 4512 1266 4566 ἀλλ’
1294 4511 1352 4578 ἐξ
1395 4512 1658 4582 ἐπιπολῆς
1690 4529 1724 4564 κ

1930 4505 2114 4568 avelat,
2151 4504 2291 4573 ignis
2314 4505 2483 4560 instar
2514 4507 2824 4575 explorans,
2852 4516 2905 4561 et
2941 4509 3162 4562 minime
3191 4509 3453 4579 genuinos

207 4610 373 4681 μέχρι
386 4607 480 4662 τοῦ
502 4608 676 4661 δοκεῖν
703 4605 777 4670 ὡς
797 4605 932 4676 πρός
960 4622 1082 4659 τινα
1116 4603 1305 4675 καιρὸν
1336 4603 1537 4666 ἀνθεῖν,
1571 4604 1666 4656 καὶ
1713 4621 1730 4655 Ί

1928 4613 2188 4670 oarguens
2240 4608 2468 4667 tempus,
2520 4602 2662 4671 quod
2691 4610 2880 4657 aestum
2913 4611 3040 4671 apto
3068 4604 3330 4659 vocabulo
3355 4618 3451 4672 ap-

201 4701 317 4755 τῶν
356 4699 567 4753 πολλῶν
614 4698 884 4770 φαντασίᾳ
938 4697 1259 4759 σπουδαίους
1283 4689 1419 4748 εἶναι
1445 4693 1724 4765 νομίζεσθο

878 4717 884 4749 ι
938 4697 1259 4759 σπουδαίους
1283 4689 1419 4748 εἶναι
1445 4693 1779 4765 νομίζεσθαιο
1885 4693 2104 4761 pellavit
2126 4691 2401 4746 Servatur.

201 4792 302 4857 οὓς
331 4792 426 4847 καὶ
473 4789 669 4862 μακρῷ
703 4789 964 4852 λαθόντας
999 4789 1173 4860 χρόνῳ
1203 4787 1431 4851 ἐπιστὰς
1483 4783 1788 4857 ἀπήλεγξεν
1821 4784 2173 4857 όπυρωτικὺς
2205 4785 2300 4840 καὶ
2322 4784 2431 4839 τῶν
2488 4785 2551 4839 οὑ
2600 4784 2838 4854 γνησίων
2860 4783 3222 4855 διελεγκτικὸς
3240 4787 3450 4858 καιρὸς,

201 4888 266 4942 ὃν
281 4886 346 4958 δὴ
369 4885 625 4940 καύσωνα
645 4883 946 4948 εὐθυϐόλως
972 4885 1000 4936 ό
1031 4885 1220 4955 Σωτὴρ
1240 4884 1512 4955 ὠνόμασε.

880 5000 958 5055 16'
983 5000 1119 5071 (ll).

2598 4994 2742 5052 XIX.

288 5096 351 5150 '0
403 5095 461 5149 δὲ
497 5111 658 5158 αυτος
689 5093 894 5160 εδίδαξε
939 5094 1038 5164 τὴν
1069 5092 1246 5146 αἰτίαν
1297 5092 1364 5145 δι’
1404 5092 1472 5162 ἢν
1489 5093 1601 5154 τοῖς
1649 5090 1783 5161 πλή-

1951 5090 2082 5146 ltem
2110 5090 2358 5146 Christus
2387 5103 2606 5145 causam
2633 5087 2817 5144 docuit
2835 5102 2933 5143 cur
2957 5101 3023 5142 au
3048 5088 3447 5143 multitudinem

201 5189 325 5240 θεσι
381 5186 448 5239 δι’
481 5185 816 5256 αἰνιγμάτων
846 5185 970 5248 τοὺς
1015 5184 1205 5253 λόγους
1246 5183 1548 5255 παρεδίδου·
1598 5184 1724 5236 αὐτο

1930 5198 1986 5238 >ιι
2034 5184 2240 5249 absque
2293 5183 2577 5252 aanigmate
2630 5180 2985 5250 loqueretur:
3020 5181 3295 5249 discipulis
3337 5182 3453 5250 qni-

204 5279 311 5350 μὲν
343 5277 588 5348 ἐφεῖσθαι
625 5277 791 5331 εἰπὼν
819 5276 889 5329 τά
921 5277 1193 5347 μυστήρια
1221 5277 1317 5345 τῆς
1347 5275 1439 5328 τοῦ
1458 5273 1592 5329 Θεοῦ
1627 5273 1727 5343 βασ

1924 5289 2001 5328 em
2030 5273 2251 5327 concedi
2275 5273 2482 5335 dicens,
2507 5282 2566 5326 ut
2589 5273 2838 5344 mysteria
2865 5272 3010 5338 regni
3037 5272 3125 5326 Dei
3151 5273 3447 5338 discerent,

201 5370 356 5433 λείας
373 5369 684 5440 μανθάνειν,
714 5369 789 5439 μὴ
823 5367 1057 5422 δίδοσθαι
1077 5368 1134 5422 δὲ
1156 5368 1403 5432 ἐκείνοις,
1439 5369 1564 5430 τοὺς
1590 5367 1724 5435 ὄχλοι

1928 5381 1989 5420 on
2026 5374 2205 5420 tamen
2241 5365 2431 5421 turbis.
2487 5365 2576 5419 Ait
2599 5365 2745 5419 enim
2781 5383 2792 5416 :
2825 5361 2922 5417 Est
2953 5372 3128 5417 autem
3157 5365 3268 5418 lucc
3295 5379 3451 5433 para-

302 5573 394 5646 lO)
422 5573 556 5631 Cod.
577 5574 642 5631 A.
665 5574 932 5646 τηεμ).
966 5571 1379 5646 Sequentialiaec
1407 5584 1529 5646 eum
1563 5583 1770 5637 przece-
1945 5570 2060 5646 (ll)
2098 5569 2232 5646 qod.
2284 5569 2345 5625 L.
2400 5569 2564 5646 limiti,
2596 5567 2662 5623 'b.
2692 5567 3073 5646 gon-ferantur
3131 5565 3456 5646 se_q_uentia,

204 5635 462 5701 dentibus
482 5653 606 5711 apte
629 5635 898 5706 connecti,
935 5635 1072 5710 quis‘
1096 5657 1199 5712 non
1244 5639 1432 5693 videt?
1460 5635 1769 5708 quanquam
1878 5651 1933 5696 ut
1955 5635 2079 5712 μω
2106 5641 2240 5707 dixi,
2283 5656 2406 5698 cum
2443 5639 2664 5710 Syriaca
2692 5637 3047 5708 Theopltania,
3080 5649 3158 5704 tv,
3181 5635 3272 5692 53.

205 5717 262 5770 in
288 5716 480 5771 codice
514 5715 726 5776 nonnisi
755 5715 957 5772 nudum
987 5711 1205 5768 Eusebii
1250 5725 1447 5766 nomen
1487 5720 1696 5779 gerunt.
