3858 6214
406 316 476 373 79
1073 294 1345 354 EUSEBH
1382 287 1861 351 CESARIENSIS
1896 287 2044 345 OPP.
2091 285 2271 342 PARS
2307 284 2399 340 Ν.
2439 311 2508 326 —--
2544 281 2963 338 DOGMATICA.

3537 273 3650 327 680

373 431 496 487 boia
526 445 546 485 :
570 426 761 484 Semen
781 418 1081 477 estcerbum
1108 415 1228 481 Dei,
1254 414 1423 470 etc.“
1444 441 1518 454 —
1540 411 1795 467 Diversus
1821 408 1941 463 ani-
1969 422 1985 470 Α

2094 427 2287 499 λλώσας
2299 445 2312 460 ·
2326 425 2431 496 ἔφη
2446 424 2573 497 γάρ·
2584 425 2749 477 Ἔστι
2766 419 2834 476 δὲ
2845 422 2995 491 αὕτη
3016 421 3054 490 ἠ
3074 415 3405 490 παραϐολή*
3422 414 3651 484 Ὀξσπό-

375 534 587 577 marum
610 515 827 573 habitus
853 513 909 565 in
931 510 997 565 iis
1022 508 1120 578 qui
1141 506 1443 562 doctrinam
1468 501 1586 572 ejus
1613 500 1950 568 subsequen-

2042 536 2155 589 ρος
2177 516 2349 571 ἐστὶν
2370 519 2404 571 ό
2428 517 2611 586 λόγος
2643 513 2750 569 τοῦ
2783 513 2952 579 Θεοῦ,
2985 532 3040 568 κ.
3072 531 3121 567 τ.
3143 508 3391 583 λ.-(12)
3416 506 3529 569 Τάς
3585 509 3650 558 ὲν

376 626 431 669 te
457 621 697 680 tempore
718 603 1025 674 suscepturi
1050 607 1233 665 erant,
1263 607 1412 652 recte
1428 594 1722 649 admodum
1752 589 1956 647 revelat

2094 613 2248 682 υχαῖς
2272 608 2547 682 διαφορὰς
2585 607 2694 661 τῶν
2723 607 2821 679 τὴν
2853 604 3202 660 διδασκαλίαν
3235 600 3399 658 αὑτοῦ
3422 595 3653 671 μελλόν-

375 679 658 762 Dominus.
688 698 825 753 Tres
856 690 1113 748 videlicet
1155 689 1381 745 ordines
1410 685 1687 741 hominum
1719 681 1834 737 fore
1856 679 1953 737 di-

375 794 475 856 cit,
499 790 593 859 qui
625 786 885 842 doctrina:
910 796 1022 837 sua:
1049 794 1232 835 semen
1256 776 1399 831 haud
1422 777 1560 830 bene
1577 772 1691 828 sint
1706 780 1956 840 receptu-

376 886 446 942 ri.
472 882 607 937 Tres
625 878 867 936 vicissim
890 874 1226 945 egregiorum
1251 868 1532 925 hominum
1559 867 1776 929 choros,
1805 865 1959 919 honre

380 986 541 1032 terra:
586 973 759 1028 instar
799 966 1058 1023 doctrina:
1093 961 1325 1016 fructum
1356 959 1573 1015 uberem
1616 973 1681 1013 ac
1708 954 1960 1024 multipli-

382 1078 561 1124 catum
591 1064 852 1120 edituros.
876 1059 1019 1127 Ergo
1047 1055 1165 1111 illos
1185 1056 1277 1124 qui
1298 1051 1442 1122 iacta
1472 1052 1525 1106 in
1549 1050 1784 1105 animam
1806 1063 1959 1104 suam

384 1160 589 1217 semina
619 1153 996 1225 pessumdant,
1045 1161 1240 1204 causas
1268 1146 1471 1199 habere
1504 1144 1633 1198 dicit
1659 1152 1790 1197 tres.
1826 1140 1960 1194 Nam

381 1251 468 1305 vel
517 1246 697 1303 mundi
727 1244 890 1308 curis,
942 1254 1007 1295 ac
1055 1254 1241 1294 rerum
1283 1236 1505 1292 minime
1532 1234 1962 1290 necessariarum

386 1341 585 1406 studio,
634 1346 689 1393 et
725 1336 917 1407 opibus
941 1331 1260 1400 deliciisque
1285 1327 1553 1399 impliciti,
1593 1340 1780 1382 semen
1808 1340 1965 1380 suum

384 1437 703 1495 obruentes,
746 1426 917 1498 spinis
966 1421 1363 1495 quodammodo
1395 1419 1661 1476 suffocare
1690 1420 1964 1474 videntur.

394 1527 487 1580 Vel
518 1525 739 1579 minime
776 1520 828 1574 in
865 1517 1063 1573 mentis
1088 1528 1202 1572 suae
1227 1512 1600 1584 penetralibus
1640 1519 1857 1581 recepto
1881 1524 1970 1564 se-

390 1618 557 1679 mine,
601 1611 851 1666 celeriter
879 1607 1251 1677 exstinguunt,
1294 1603 1558 1673 angustiis
1587 1601 1844 1670 correpti.
1872 1596 1971 1654 Vel

2051 718 2159 755 των
2184 698 2538 769 ὑποδέχεσθαι
2576 698 2634 751 ὲν
2659 697 2770 762 τοῖς
2806 696 2945 769 μετὰ
2975 694 3149 751 ταῦτα
3173 696 3383 767 χρόνοις
3421 687 3480 745 εὖ
3503 690 3657 762 μάλα

2056 790 2362 861 ὲκγυμνοῖό
2380 787 2605 860 Κύριος·
2631 788 2725 842 καὶ
2748 788 2875 861 τρία
2907 788 3004 860 μὲν
3017 786 3276 860 τάγματα
3303 787 3411 840 τῶν
3438 786 3499 838 οὑ
3519 792 3660 853 γνη-

2058 883 2189 946 σίως
2226 881 2318 936 τὸν
2356 882 2558 953 σπόρον
2590 882 2689 953 τῆς
2716 879 2881 935 αὑτοῦ
2915 880 3260 944 διδασκαλίας
3276 876 3661 951 παραδεχομέ-

2056 996 2164 1033 νων
2211 975 2429 1030 ἔσεσθαι
2487 972 2873 1047 προαγορεύει·
2932 976 3081 1045 τρεῖς
3119 971 3378 1034 ὡσαύτως
3428 965 3661 1036 ἀγαθῶν

2056 1069 2251 1141 χοροὺς
2284 1066 2393 1120 τῶν
2440 1065 2600 1137 δίκην
2630 1064 2844 1134 εύγείου
2867 1061 3050 1137 χώρας
3072 1062 3518 1135 πολυφορούντων
3558 1060 3665 1113 καὶ

2062 1156 2611 1221 πολυπλασιαζόντων
2652 1157 2745 1212 τὸν
2768 1157 2946 1225 λόγον.
2979 1156 3116 1229 Τῶν⁵
3136 1156 3235 1227 μὲν
3251 1152 3343 1209 οὖν
3376 1152 3665 1207 ἀπολλύν-

2061 1272 2169 1308 των
2216 1254 2283 1307 τά
2330 1251 2783 1324 καταϐαλλόμενα
2821 1255 2888 1324 τῇ
2940 1250 3121 1305 αὑτῶν
3167 1249 3310 1321 ψυχῇ
3364 1247 3665 1319 σπέρματα

2064 1344 2243 1409 αἰτίας
2293 1341 2431 1400 εἷναί
2486 1362 2616 1417 φησι
2659 1341 2830 1415 τρεῖς·
2860 1343 2894 1415 ἢ
2930 1343 3040 1417 γάρ
3086 1342 3192 1396 ὑπὸ
3222 1341 3520 1413 φροντίδων
3564 1336 3664 1391 τοῦ

2069 1434 2207 1505 βίου,
2226 1436 2320 1489 καὶ
2356 1438 2454 1507 τῆς
2484 1433 2636 1508 παρὰ
2661 1431 2730 1488 τά
2764 1434 2840 1507 μὴ
2860 1436 3130 1504 ἀναγκαῖα
3164 1433 3424 1505 σπουδῆς,
3470 1432 3579 1485 ὑπό
3602 1448 3665 1485 τε

2070 1527 2303 1581 πλούτου
2341 1529 2438 1581 καὶ
2471 1527 2704 1599 τρυφῆς,
2768 1525 3214 1596 καταχωννύντες
3247 1524 3339 1578 τὸν
3379 1524 3438 1578 ὲν
3475 1520 3667 1585 αὐτοῖς

2072 1618 2272 1691 σπόρον
2303 1618 2511 1672 ἐοίκασι
2531 1620 2645 1682 τοῖς
2668 1614 2773 1671 ὑπὸ
2799 1617 3049 1671 ἀκανθῶν
3080 1616 3461 1685 ἀποπνίγουσιο
3493 1615 3527 1685 ἦ
3560 1614 3671 1667 οὐκ

392 1707 554 1761 tertio
596 1703 831 1771 denique
881 1714 1047 1755 causa
1093 1695 1375 1752 amittendi
1426 1694 1536 1749 dati
1584 1693 1808 1749 seminis
1867 1690 1970 1747 sibi

2094 1712 2182 1765 ιπὺ
2220 1711 2418 1782 βάθους
2459 1710 2700 1774 διανοίας
2758 1707 2921 1765 αὑτὸν
2966 1706 3423 1780 παραδεξάμενοι,
3468 1706 3670 1759 θᾶττον

391 1801 549 1862 tiunt,
585 1798 711 1852 dum
738 1794 947 1865 patulas
972 1807 1131 1847 aures
1176 1792 1420 1861 pmbent
1457 1788 1773 1845 hominibus
1821 1786 1972 1842 deci-

2094 1803 2496 1858 ὶποσὸέννυνται
2543 1796 2921 1873 περιστάσεως
2964 1799 3394 1872 καταλαϐούσης·
3441 1799 3476 1870 ἢ
3522 1798 3673 1851 κατά

392 1890 573 1962 piendi
598 1888 875 1953 studiosis,
900 1885 1122 1955 etjacta
1161 1884 1216 1939 in
1245 1883 1459 1938 illorum
1491 1882 1729 1936 animam
1760 1881 1971 1935 semina

394 1982 705 2052 diripiendi.
736 1979 862 2035 Haec
897 1979 1062 2051 igitur
1090 1976 1386 2033 secundum
1415 1989 1569 2030 suam
1603 1973 1970 2043 provisionem

396 2055 742 2144 a_Servatore
771 2068 1027 2138 praadicta
1059 2067 1298 2121 fuerunt.
1327 2064 1418 2119 Sic
1438 2073 1618 2118 autem
1651 2077 1763 2116 rem
1793 2076 1851 2116 se
1875 2061 1974 2115 ha-

397 2167 526 2219 bere
550 2161 1043 2232 exploratissimum
1076 2165 1182 2213 est.
1202 2156 1357 2211 Haud
1375 2154 1535 2208 aliter
1559 2154 1701 2208 enim
1731 2150 1974 2207 nonnulli

398 2254 657 2309 excidunt
687 2250 962 2319 religionis
988 2247 1254 2311 doctrina,
1295 2245 1399 2301 nisi
1425 2245 1611 2315 aliquo
1645 2258 1676 2298 e
1701 2242 1976 2313 praedictis

400 2347 555 2400 abeo
578 2343 768 2399 modis.
805 2340 1064 2396 Similiter
1095 2337 1335 2393 meliOris
1359 2351 1575 2407 quoque
1598 2334 1826 2400 ordinis,
1859 2332 1981 2387 illo-

400 2450 521 2489 rum
551 2433 764 2489 scilicet
789 2431 885 2501 qui
908 2429 1134 2486 cmleste
1162 2442 1386 2498 regnum
1421 2435 1549 2481 sunt
1570 2425 1839 2496 adepturi,
1868 2432 1979 2478 tres

402 2528 607 2581 classes
631 2523 914 2579 Mattheus
944 2520 1172 2577 sistit”.
1200 2517 1393 2574 Cuncti
1416 2518 1561 2573 enim
1586 2516 1653 2571 ab
1670 2532 1777 2571 uno
1804 2525 1982 2571 satore

403 2629 459 2672 et
481 2615 712 2688 agricola
743 2615 798 2669 in
825 2612 1109 2668 animabus
1136 2610 1270 2674 suis,
1294 2623 1395 2665 ceu
1422 2607 1690 2664 fertilibus
1717 2607 1983 2676 bonisque

404 2710 551 2777 agris
570 2748 586 2775 ,
614 2721 779 2760 unum
810 2704 1059 2774 idemque
1089 2712 1365 2771 receptura
1398 2712 1606 2763 semen,
1643 2714 1741 2768 pro
1779 2697 1983 2751 viribus

406 2800 694 2863 excolunt;
750 2811 926 2867 neque
964 2806 1140 2850 tamen
1189 2794 1307 2864 pari
1345 2806 1572 2847 numero
1602 2789 1981 2861 multiplicant,

406 2906 595 2945 verum
625 2889 914 2960 plurimam
966 2884 1166 2954 singuli
1211 2885 1264 2938 in
1299 2884 1456 2939 bonis
1481 2883 1594 2937 suis
1625 2881 1983 2936 dili‘crentiam

407 2999 518 3053 pne
559 2997 617 3037 se
643 2981 841 3036 ferunt.
891 2974 1009 3033 Etsi
1034 2977 1177 3033 enim
1211 2990 1376 3031 unum
1407 2974 1589 3029 fuitin
1618 2973 1701 3027 his
1735 2973 1987 3027 omnibus

411 3090 619 3159 semen,
652 3089 794 3129 unus
815 3073 942 3128 item
974 3071 1224 3139 idemque
1247 3077 1417 3135 sator,
1454 3084 1561 3123 non
1595 3077 1774 3125 tamen
1802 3068 1987 3136 singu-

2071 1894 2263 1966 τρίτην
2309 1893 2490 1948 αἰτίαν
2540 1893 2704 1948 αἴτιοι
2757 1893 3030 1958 ἀπωλείας
3076 1892 3429 1947 καθίστανται
3471 1890 3566 1945 τοῦ
3610 1894 3673 1945 ἐν

2074 1987 2259 2049 αὑτοῖς
2295 1986 2521 2058 σπόρου,
2557 1986 2655 2050 τὰς
2693 1986 2873 2039 αὑτῶν
2922 1985 3093 2049 ἀκοάς
3133 1985 3434 2048 ἐκδιδόντες
3457 1985 3673 2047 ἀνέτως

2073 2079 2186 2140 τοῖς
2213 2077 2489 2149 ἐξαπατᾷν
2520 2077 2765 2131 ἐθέλουσι
2800 2078 2895 2132 καὶ
2917 2077 3262 2148 ὑφαρπάζειν
3287 2076 3357 2130 τά
3380 2078 3438 2130 ὲν
3468 2079 3537 2148 τῇ
3568 2075 3674 2129 αὑ-

2074 2166 2182 2221 τῶν
2214 2168 2356 2239 ψυχῇ
2412 2169 2827 2239 καταϐληθέντα
2865 2169 3175 2241 σπέρματα.
3219 2168 3406 2224 Ταῦτα
3447 2168 3548 2239 μὲν
3573 2163 3673 2222 οὖν

2076 2257 2220 2311 κατά
2254 2260 2561 2331 πρόγνωσιν
2589 2260 2666 2332 τῷ
2700 2262 2911 2333 Σωτῆρι
2948 2261 3297 2333 προλὲλεκτο·
3335 2264 3450 2324 τοῖς
3482 2261 3541 2313 δὲ
3575 2259 3673 2332 ἕρ-

1998 2414 2003 2419 ,
2077 2366 2196 2418 γοις
2224 2349 2396 2415 οὕτως
2417 2351 2609 2423 ἔχοντα
2640 2354 2673 2424 ἡ
2712 2353 2969 2424 ἐνάργεια
2992 2353 3345 2424 παρίστησιν·
3377 2351 3477 2403 οὑκ
3494 2351 3674 2413 ἄλλως

2079 2442 2187 2514 γὰρ
2220 2442 2547 2499 ἐκπίπτουσι
2568 2463 2713 2510 τινες
2734 2446 2827 2499 τοῦ
2849 2446 2948 2516 τῆς
2981 2444 3289 2507 θεοσεϐείας
3321 2440 3483 2514 λόγου
3499 2444 3533 2514 ἢ
3550 2442 3674 2496 καθ’

2079 2535 2178 2590 ἕνα
2202 2536 2310 2590 τῶν
2344 2538 2435 2591 ὑπ’
2465 2538 2630 2592 αὑτοῦ
2665 2538 3087 2612 προρρηθέντων
3118 2538 3353 2609 τρόπων.
3402 2535 3676 2597 Ὡσαύτως

2081 2624 2140 2680 δὲ
2174 2628 2267 2680 καὶ
2304 2626 2398 2680 τοῦ
2431 2628 2739 2699 κρείττονος
2759 2628 3036 2699 τάγματος
3064 2626 3174 2680 τῶν
3198 2625 3541 2695 τευξομένων
3576 2624 3677 2693 τῆς

2082 2718 2332 2790 οὐρανίου
2374 2707 2651 2789 βασιλείας
2683 2723 2833 2791 τρεῖς
2865 2716 3003 2773 εἶναι
3035 2716 3218 2784 τάξεις
3262 2718 3507 2789 παρίστη
3537 2716 3677 2771 κατά

2084 2810 2385 2875 Ματθαῖον,
2415 2813 2632 2865 πάντων
2653 2813 2748 2882 μὲν
2776 2812 2866 2881 ὑφ’
2892 2810 3012 2875 ἑνὸς
3036 2810 3280 2883 σπορέως
3296 2827 3356 2862 τε
3380 2810 3477 2862 καὶ
3505 2826 3674 2880 γεωρ-

2085 2902 2184 2971 γοῦ
2231 2906 2351 2966 ταῖς
2389 2902 2568 2956 αὑτῶν
2598 2903 2816 2974 ψυχαῖς,
2853 2897 2940 2956 οἶα
2974 2902 3038 2973 δὴ
3069 2901 3273 2975 χώραις
3315 2900 3550 2970 εὐγείοις
3588 2902 3677 2954 καῖ

2086 2990 2336 3057 ἀγαθαῖς,
2369 2991 2466 3044 ἕνα
2507 2992 2601 3044 καὶ
2639 2990 2727 3044 τὸν
2788 2991 2948 3045 αὑτὸν
2980 2991 3424 3064 ὑποδεδεγμένίύν
3457 2992 3679 3062 σπόρον,

2088 3096 2306 3150 γεωργη
2315 3079 2521 3133 σάντων
2534 3080 2591 3132 δὲ
2603 3080 2762 3134 αὑτὸν
2790 3080 3069 3135 κατάδύνα
3078 3100 3190 3154 μιν,
3208 3081 3662 3137 πολυπλασιασάν

413 3139 585 3222 lorum
606 3139 871 3220 sedulitas
901 3177 965 3217 ac
999 3161 1247 3217 voluntas
1278 3174 1461 3228 parem
1497 3159 1552 3211 in
1581 3159 1830 3212 omnibus
1869 3158 1983 3211 fru-

2094 3139 2415 3240 rtnv'r'e'obx
2439 3170 2660 3241 ὁμοίως.
2693 3170 2829 3223 ἀλλά
2878 3139 3138 3243 πλείστῆν
3170 3139 3415 3225 ἑκάστων
3447 3170 3676 3234 ἐνδειξα-

414 3268 558 3314 ctum
593 3255 815 3325 protulit
849 3269 863 3305 :
895 3252 1246 3323 quamobrem
1281 3264 1349 3303 ne
1387 3248 1731 3317 agriculturae
1773 3248 1990 3316 quidem

418 3351 623 3404 reditus
651 3361 750 3416 par
779 3343 978 3413 uhique
1008 3341 1109 3396 fuit
1134 3359 1148 3395 :
1176 3340 1267 3394 sed
1296 3338 1387 3392 alii
1421 3339 1637 3408 triginta
1667 3337 1988 3401 retulerunt,

416 3440 509 3493 alii
546 3436 880 3506 trigesimum
907 3444 1190 3486 numerum
1231 3427 1598 3498 duplicarunt,
1638 3426 1729 3480 alii
1759 3426 1993 3496 denique

419 3531 606 3585 labore
626 3526 1016 3599 praecedentes,
1043 3519 1402 3589 centuplicem
1445 3518 1677 3573 fructum
1705 3517 1988 3575 dederunt.

416 3621 574 3678 Prior
596 3634 726 3690 ergo
743 3618 835 3674 ille
858 3616 994 3672 ordo
1015 3616 1160 3671 haud
1183 3613 1341 3668 aliter
1363 3612 1545 3668 divina
1576 3610 1993 3666 fructiﬁcatione

418 3714 685 3784 privatur,
725 3709 828 3764 nisi
857 3707 1037 3777 aliquo
1076 3720 1107 3760 e
1145 3703 1417 3775 prmdictis
1448 3702 1640 3758 modis.
1672 3702 1775 3769 Qui
1814 3712 1993 3757 autem

422 3807 476 3861 in
527 3803 797 3859 contrario
839 3799 1032 3855 ordine
1062 3805 1207 3861 sunt,
1251 3810 1382 3865 pura
1441 3795 1621 3849 anima
1667 3802 1723 3848 et
1762 3793 1996 3864 genuino

422 3895 622 3951 mentis
646 3892 941 3963 proposito,
982 3889 1208 3945 salutari
1248 3894 1464 3955 recepto
1501 3885 1726 3949 semine,
1757 3885 1994 3939 vicissim

422 4001 520 4057 pro
548 4000 659 4040 suae
699 3983 892 4037 animae
922 3979 1130 4037 viribus
1161 3976 1629 4034 fructiﬁcationem
1671 3992 1823 4032 suam
1855 3977 1995 4033 mul-

424 4080 689 4150 tiplicant.
1026 4080 1033 4083 ’

2094 3258 2269 3329 μένων
2297 3260 2355 3313 ὲν
2404 3260 2629 3329 ἀγαθοῖς
2681 3260 2962 3331 διαφοράψ
2991 3262 3040 3314 εί
3066 3261 3131 3333 δὴ
3157 3256 3240 3326 εἷς
3275 3261 3375 3333 μὲν
3421 3257 3491 3333 ἦν
3520 3264 3680 3315 πᾶσιν

2091 3351 2273 3413 αὐτοῖς
2306 3352 2334 3403 ό
2379 3350 2601 3422 σπόρος,
2632 3346 2710 3415 εἷς
2740 3351 2797 3403 δὲ
2828 3352 2921 3404 καὶ
2949 3353 2977 3405 ό
2999 3351 3158 3415 αὐτὸς
3186 3352 3443 3423 σπορεὺς,
3475 3354 3538 3405 οὑ
3575 3353 3680 3423 μὴν

2091 3441 2159 3494 τὰ
2186 3443 2245 3508 ἐξ
2272 3443 2589 3511 ἐπιμελείας
2620 3444 2722 3513 τῆς
2755 3443 2987 3497 ἑκάστου
3015 3443 3407 3516 προαιρέσεως,
3438 3444 3532 3497 ἶσα
3569 3446 3680 3506 τοῖς

2097 3532 2261 3585 πᾶσιν
2292 3529 2594 3604 ἐπορίζετο·
2654 3532 2735 3586 διὸ
2777 3531 2898 3587 οὐδὲ
2945 3534 2974 3584 ό
3022 3532 3123 3601 τῆς
3157 3531 3433 3603 γεωργίας
3474 3532 3682 3599 καρπὸς

2096 3622 2280 3693 ὅμοιος
2314 3623 2467 3695 παρά
2493 3625 2605 3688 τοῖς
2633 3625 2797 3678 πᾶσιν
2812 3618 2900 3694 ἦν·
2926 3622 3104 3678 άλλόἱ
3134 3606 3231 3692 μὲν
3260 3622 3685 3692 τριακοντάχουν
3712 3666 3725 3679 ,

2097 3711 2529 3786 ὲκαρποφόρουν,
2565 3717 2612 3768 οἱ
2651 3715 2709 3769 δὲ
2741 3714 2894 3787 παρά
2924 3713 3147 3777 τούτους
3186 3711 3600 3775 ὲδιπλασίαζον,
3639 3715 3686 3764 οξ

2099 3802 2155 3855 δὲ
2186 3804 2613 3876 ὑπερϐάλλοντες
2640 3808 2705 3877 τῇ
2727 3807 3011 3877 φιλοπονίᾳ
3037 3803 3429 3873 ἑκατοντάχουν
3449 3803 3540 3856 τὸν
3561 3820 3685 3874 καρ-

2102 3895 2203 3946 πὸν
2223 3896 2563 3950 ἀπεδίδοσαν.
2605 3898 2960 3969 Ἐκεῖνοι’μὲν
2988 3890 3080 3951 οὖν
3106 3896 3206 3949 οὑκ
3228 3894 3402 3958 ἄλλως
3422 3894 3524 3963 τῆς
3548 3896 3685 3947 κατὰ

2100 3985 2231 4039 Θεὸν
2267 3988 2544 4061 στέρονται
2565 3989 2942 4063 καρποφορίας
2974 3987 3007 4059 ἦ
3036 3987 3155 4042 καθ’
3179 3988 3276 4041 ἕνα
3302 3986 3411 4040 τῶν
3432 3986 3685 4056 lake-mg-

2100 4094 2207 4132 νων
2234 4080 2471 4152 τρόπων·
2501 4082 2622 4136 οἱδὲ
2659 4082 2914 4146 ἐναντίως
2940 4082 3171 4144 ἐκείνοις
3195 4080 3552 4151 διακείμενοι,
3588 4099 3686 4135 κα-

427 4173 569 4243 θαρᾷ
604 4170 748 4241 ψυΧῇ
770 4185 864 4223 και
899 4165 1215 4238 προαιρέσει
1254 4163 1453 4237 γνησίᾳ
1487 4162 1580 4217 τδν
1620 4164 1884 4233 σωτήριον
1935 4163 2321 4242 ὑποδεξάμενοι
2378 4173 2599 4247 σπόρον,
2643 4175 2805 4230 πάλιν
2882 4173 3023 4228 κατά
3095 4173 3323 4245 δύναμιν
3359 4174 3461 4245 τῆς
3512 4175 3689 4228 αὑτῶν

426 4266 603 4339 ψυχῆς
633 4260 1130 4325 πολυπλασιάζουσι
1154 4261 1280 4324 τοὺς
1305 4257 1513 4313 ἑαυτῶν
1532 4257 1795 4349 καρπούς.

500 4361 724 4417 Etiamsi
770 4358 1143 4423 saecularibus,
1181 4356 1387 4429 inquit,
1465 4356 1679 4411 nonnisi
1714 4369 1810 4424 per
1843 4369 2001 4424 para-
2032 4359 2079 4413 D

430 4451 607 4507 bolam
643 4448 784 4504 facta
810 4448 971 4502 verba
1003 4454 1150 4510 sunt,
1182 4453 1241 4498 ut
1268 4444 1510 4498 videntes
1540 4458 1643 4497 non
1673 4443 1921 4506 videant,
1947 4453 2003 4498 et

434 4543 715 4598 audientes
744 4554 851 4596 non
883 4536 1185 4607 intelligant
1224 4543 1443 4606 propter
1469 4550 1624 4590 suam
1654 4536 2001 4592 incredulita-

432 4647 539 4690 tem
562 4651 578 4701 ;
606 4632 960 4690 nihilominus
981 4632 1175 4699 cuique
1196 4630 1361 4699 digno
1387 4637 1529 4684 totus
1550 4644 1730 4685 sermo
1754 4629 1858 4685 erit
1879 4643 2001 4699 per-

436 4727 674 4797 spicuus.
702 4722 837 4778 Nam
868 4736 967 4777 nec
1001 4721 1219 4776 lucerna
1266 4728 1328 4775 ut
1363 4733 1432 4775 ne
1463 4718 1637 4775 luceat
1671 4719 1999 4785 incenditur,

435 4834 608 4889 neque
666 4826 726 4872 ut
762 4816 864 4872 sub
898 4814 1074 4869 modio
1102 4811 1188 4867 vel
1221 4813 1363 4867 lecto
1387 4811 1656 4867 condatur
1675 4812 1720 4843 “9
1741 4830 1753 4864 :
1777 4812 1849 4865 ita
1869 4810 2005 4865 nihil

436 4906 571 4961 adeo
592 4905 698 4960 erit
728 4902 1120 4965 absconditum,
1150 4909 1208 4955 ut
1237 4899 1365 4954 nulli
1409 4900 1631 4955 omnino
1676 4898 1999 4955 innotescat.

437 4998 528 5052 Sic
553 4997 719 5051 etiam
750 4994 1010 5050 caelorum
1053 4993 1203 5062 regni
1252 4991 1506 5063 mysteria
1548 5006 1645 5062 per
1691 4991 1999 5060 parabolam

438 5089 600 5153 dicta,
655 5087 755 5142 etsi
810 5086 933 5140 ﬁdei
973 5094 1262 5139 extraneos
1326 5083 1515 5149 latent,
1553 5099 1782 5153 quorum
1839 5085 2004 5139 etiam

438 5194 599 5233 causa
659 5175 895 5232 involute
952 5182 1081 5230 sunt
1109 5173 1340 5243 prolata,
1378 5188 1487 5229 non
1534 5183 1717 5230 tamen
1764 5175 2005 5242 impene-

2177 4354 2288 4427 (l5)
2314 4357 2377 4409 Εἰ
2402 4357 2496 4410 καὶ
2514 4357 2584 4410 τὰ
2603 4357 2857 4428 μάλιστα,
2890 4358 3044 4428 φησὶ,
3074 4359 3186 4421 τοῖς
3213 4355 3316 4420 ἔξω
3336 4356 3426 4409 διά
3447 4355 3690 4426 παραὸοο

2107 4444 2205 4516 λῆς
2240 4445 2453 4516 εἴρηται
2475 4447 2544 4500 τά
2577 4447 2866 4519 λεγόμενα,
2886 4449 2975 4501 ἵνα
3007 4447 3295 4518 βλέποντες
3322 4447 3398 4518 μὴ
3427 4447 3689 4516 βλέπωσι,

2164 4500 2202 4516 .-
2297 4500 2360 4516 ι.
2650 4500 2721 4519 .ν.
2948 4500 3019 4518 κ.
3274 4500 3439 4518 ....

2110 4536 2205 4589 καὶ
2239 4535 2527 4600 ἀκούοντες
2564 4539 2638 4608 μὴ
2691 4538 2913 4591 συνιῶσι
2955 4536 3043 4591 διὰ
3066 4536 3165 4609 τὴν
3201 4538 3461 4591 ἀπιστίαν
3488 4500 3737 4603 αὐτῶν,Ι

2108 4625 2243 4679 ἀλλά
2272 4628 2387 4691 τοῖς
2418 4644 2482 4695 γε
2510 4627 2677 4692 ἀξίοις
2711 4629 2886 4699 σαφὴς
2909 4627 3059 4682 ἔσται
3083 4630 3190 4692 πᾶς
3213 4628 3389 4697 λόγος.
3418 4628 3559 4684 Οὔτε
3588 4632 3691 4700 γάρ

2108 4715 2297 4786 λύχνος
2335 4716 2427 4768 ἐπὶ
2457 4715 2536 4786 τῷ
2581 4719 2655 4788 μὴ
2696 4718 2908 4787 φαίνειν
2956 4717 3275 4783 ἐξάπτεται,
3320 4718 3431 4772 οὐδ’
3484 4720 3582 4772 ἐπὶ
3618 4721 3690 4790 τῷ

2110 4806 2477 4861 καλύπτεσθαι
2516 4808 2621 4861 ὑπὸ
2650 4809 2827 4880 μόδιον
2873 4809 2907 4881 ἢ
2965 4809 3173 4881 κλίνην*
3221 4809 3405 4863 οὐκέτι
3454 4812 3692 4880 κρυπτὸν

2110 4900 2264 4955 ἔσται
2288 4901 2461 4972 πάντη
2478 4900 2762 4965 λανθάνον,
2795 4901 2872 4965 ὡς
2906 4902 2980 4973 μή
3012 4918 3125 4954 τισι
3158 4900 3290 4971 γοῦν
3308 4901 3692 4972 γνωρίζεσθαι·

2108 4989 2280 5053 οὑτως
2328 4991 2423 5043 καὶ
2472 4990 2542 5044 τά
2574 4992 2673 5062 τῆς
2704 4992 2980 5062 βασιλείας
3008 4991 3117 5046 τῶν
3148 4992 3391 5064 οὐρανῶν
3420 4995 3693 5065 μυστήρια

2109 5083 2197 5137 διὰ
2222 5083 2539 5156 παραϐολῆς
2560 5084 2846 5156 λεγόμενα,
2875 5086 2923 5138 εἰ
2953 5085 3047 5137 καὶ
3070 5086 3196 5148 τοὺς
3212 5084 3318 5152 ἔξω
3332 5083 3433 5157 τῆς
3461 5086 3694 5149 πίστεως

2110 5174 2389 5242 λανθάνει,
2414 5175 2479 5229 δι’
2512 5175 2608 5238 οὓς
2631 5177 2725 5229 καὶ
2748 5176 3277 5247 ὲπικεκαλυμμένως
3309 5176 3551 5249 εἴρηται,
3584 5177 3694 5232 ἀλλ’

442 5268 687 5322 trabiletn
729 5265 978 5321 omnibus
1014 5278 1233 5317 sensum
1266 5262 1562 5318 habebunt.
1609 5263 1684 5317 Ita
1724 5278 1855 5334 ergo
1884 5279 1983 5319 sun

2103 5267 2167 5319 ού
2203 5270 2316 5329 τοῖς
2348 5269 2514 5321 πᾶσιν
2539 5267 2851 5339 ἀπόρρητον
2876 5265 3115 5339 περιέξει
3143 5267 3236 5321 τὸν
3273 5267 3420 5322 νοῦν’
3450 5268 3695 5323 λέλεκται

442 5357 604 5421 dicta,
634 5366 743 5411 uta
766 5355 941 5425 dignis
964 5351 1333 5408 tantummodo
1357 5363 1777 5423 cognoscantur.
1808 5354 2010 5421 Quam-

442 5447 624 5501 obrem
651 5461 765 5511 vos,
793 5444 1036 5515 discipuli
1074 5444 1199 5508 mei,
1227 5451 1282 5498 et
1310 5445 1532 5500 cernitis
1555 5454 1611 5500 et
1638 5444 1836 5501 auditis
1864 5461 2013 5500 men-

442 5534 513 5587 tis
536 5533 707 5587 oculis
738 5543 898 5603 atque
926 5533 1148 5588 auribus
1180 5532 1480 5602 puriﬁcatis
1520 5548 1581 5588 ea
1615 5549 1736 5603 quae
1767 5536 2015 5590 multitu-

1649 5631 1697 5662 ”
1732 5627 1993 5700 Luc.vm,
2017 5630 2107 5686 16.

506 5625 707 5684 “Luc.
732 5644 851 5694 vm,
875 5629 962 5683 ll.
1036 5628 1080 5660 ⁸⁸
1120 5628 1312 5682 Matth.
1344 5629 1572 5691 Πηλεῖ.

513 5721 787 5789 (12)Cod.
825 5723 888 5777 Α.
922 5722 960 5777 r.
994 5721 1277 5779 134.C0d.
1311 5722 1371 5785 ι..
1411 5723 1447 5778 r.
1482 5724 1568 5778 16.
1610 5725 1665 5781 6.

2105 5357 2238 5424 γοῦν
2266 5358 2342 5422 ὡς
2389 5358 2458 5413 ἂν
2506 5360 2690 5430 μόνοις
2740 5361 2855 5423 τοῖς
2896 5358 3071 5427 ἀξίοις
3113 5358 3455 5433 γνωρίζοιτο.
3499 5362 3695 5434 Διόπερ

2109 5450 2292 5520 ὑμεῖς,
2313 5453 2361 5504 οἱ
2382 5452 2507 5522 ἐμοὶ
2529 5451 2788 5523 μαθηταὶ,
2818 5454 2913 5508 καὶ
2935 5452 3161 5525 βλέπετε
3186 5456 3282 5509 καὶ
3318 5455 3549 5510 ἀκούετε
3585 5457 3696 5511 δια-

2109 5541 2254 5605 νοίας
2283 5541 2581 5615 ὀφθαλμοῖς
2614 5546 2709 5598 καὶ
2750 5545 2855 5599 ὠσὶ
2886 5546 3324 5619 κεκαθαρμένοις
3356 5549 3426 5604 τὰ
3462 5550 3541 5620 μὴ
3583 5552 3697 5613 τοῖς

2090 5725 2202 5797 (ιδ)
2229 5726 2362 5785 Cod.
2390 5727 2455 5784 A.
2487 5727 2523 5783 r.
2561 5728 2766 5799 124,1).
2799 5729 2931 5788 Cod.
2971 5728 3033 5786 L.
3068 5729 3103 5786 ι.
3136 5730 3222 5786 ts.
