3858 6214
165 262 263 317 681

1533 247 1621 303 DE
1658 241 2127 304 THEOPHANIA.

3309 234 3415 291 683

166 379 296 434 πᾶσι
327 374 669 447 καταληπτά·
707 373 836 446 ὑμῖν
874 371 983 445 γὰρ
1006 373 1119 436 τοῖς
1162 369 1342 443 έχουσι
1374 370 1472 444 τὴν
1531 372 1608 434 εἰς
1639 370 1740 442 ἐμὲ

1870 367 1954 423 lini
2005 361 2360 435 intelligibilia
2393 367 2499 417 nan
2524 368 2668 415 sunt.
2702 355 2869 414 Vobis
2913 354 3081 424 enim,
3117 355 3210 427 qui
3239 355 3294 411 in
3330 371 3418 413 me

168 471 343 525 πίστιν
380 469 474 523 καὶ
501 469 536 538 ἡ
556 467 666 522 τῶν
685 467 1011 539 ἀπορρήτων
1050 461 1483 535 προστεθήσεται
1511 459 1734 529 γνῶσις

1840 457 2086 520 creditis,
2137 467 2459 510 arcanorum
2520 466 2736 522 quoque
2788 449 3074 520 adjicictur
3117 448 3330 504 natitia.
3379 447 3419 504 li

168 564 277 625 τοῖς
301 561 356 616 δὲ
395 560 468 632 μὴ
490 559 670 613 πίστιν
688 556 899 628 ἔχουσιν
931 553 1217 625 εἰλικρινῆ,
1253 551 1742 624 προσποιουμένοις

1870 555 2022 601 utem
2077 544 2169 614 qui
2219 557 2407 614 puram
2462 541 2623 598 tidem
2677 557 2784 597 non
2831 541 3058 606 habent,
3101 539 3198 595 sed
3251 539 3419 594 simu-

169 655 224 710 δὲ
251 630 411 724 ἔχειν,
461 630 605 724 πρὸς
632 649 695 703 τὺ
727 649 892 722 μηδὲν
949 646 1111 700 πλέον
1158 648 1223 700 ὲκ
1261 645 1369 698 τῶν
1416 643 1743 717 παραϐολῶν

1870 646 1978 705 ant,
1998 644 2357 707 praeterquam
2381 635 2524 707 quod
2551 634 2685 690 nihil
2716 634 2781 689 de
2799 631 3075 703 parabolis
3100 630 3422 703 intelligent,

175 723 545 815 γινώσκεσθαι,
567 741 657 794 καὶ
685 741 941 812 στέρησις
959 737 1112 794 ἔσται
1126 737 1220 793 τοῦ
1254 736 1539 800 δοκοῦντος
1561 736 1745 800 αὐτοῖς

1870 745 1910 786 ιο
1937 731 2100 786 etiam
2136 728 2512 799 spoliabuntnr
2556 728 2699 798 quod
2735 725 2988 780 videntur
3032 723 3257 791 habere,
3299 738 3423 780 cum

171 836 450 908 ὑπάρχειν,
489 831 842 904 ἐλεγχθείσης
873 830 1054 886 αὐτῶν
1102 832 1162 886 ἐν
1201 829 1380 903 καιρῷ
1430 828 1530 901 τῆς
1580 844 1748 900 προσ-

173 927 392 997 ποιήτου
425 924 680 986 πίστεως.

260 1016 320 1069 '0
350 1013 458 1087 γὰρ
515 1013 708 1086 χρόνος
763 1011 982 1066 πάντων
1034 1010 1272 1080 ἔλεγχος
1329 1009 1434 1065 κᾶν
1487 1005 1579 1064 οὖν
1613 1009 1750 1082 πρὸς

174 1108 349 1179 ὀλίγον
373 1110 408 1179 ἡ
437 1107 559 1161 καθ’
598 1105 751 1178 ὑμῶν
789 1105 980 1177 ἰσχύσῃ
1017 1104 1239 1178 διαϐολὴ
1277 1103 1370 1157 καὶ
1395 1102 1751 1173 συκοφαντία,

175 1202 289 1257 ἀλλ’
341 1199 510 1255 ὲπιὼν
557 1201 586 1253 6
627 1198 834 1271 μακρὸς
869 1199 1081 1270 χρόνος,
1117 1198 1212 1252 καὶ
1257 1197 1635 1268 διαλάμπουσα
1684 1195 1752 1249 δι’

176 1294 328 1366 ὑμῶν
343 1295 507 1349 πᾶσιν
523 1290 830 1364 ἀνθρώποις
846 1289 1288 1362 καταϐαλλομένη
1299 1287 1635 1359 διδασκαλία(
1645 1287 1666 1340 1
1678 1285 1752 1357 4),

175 1388 244 1441 τὰ
299 1387 392 1441 νῦν
452 1385 592 1450 τέως
638 1384 972 1440 λανθάνοντα
1004 1385 1131 1448 τοὺς
1196 1381 1424 1443 πολλοὺς
1477 1379 1756 1451 ἐκλάμψαι

176 1480 408 1552 ποιήσει,
441 1477 691 1537 καὶτοὺς
749 1475 1092 1546 συκοφάντας
1125 1473 1352 1544 ἐλέγξει.
1400 1473 1636 1526 Βλέπετε
1664 1466 1758 1526 οὖν

176 1573 297 1636 πῶς
328 1569 574 1627 ἀκούετε·
605 1571 634 1623 6
655 1568 795 1640 ἔχων
837 1569 948 1641 γὰρ
973 1565 1272 1622 σπουδαίαν
1304 1565 1625 1638 προαίρεσιν
1663 1563 1760 1636 λή-

1848 823 2062 882 illorum
2092 822 2218 880 ﬁcta
2244 821 2380 879 ﬁdes
2416 821 2614 878 idoneo
2643 827 2886 890 tempore
2913 827 3258 888 coarguatur.

1921 1011 1966 1045 ’ί
1997 1007 2132 1066 Nam
2179 1016 2391 1079 tempus
2419 1017 2614 1064 cuncta
2669 1004 2944 1076 coarguit.
2990 1003 3217 1060 Etiamsi
3261 1001 3428 1074 igitur

1853 1103 2118 1168 tantisper
2147 1098 2457 1156 criminatio
2473 1097 2558 1155 vel
2584 1096 2856 1154 calumnia
2885 1097 3147 1152 adversus
3167 1108 3266 1150 vos
3289 1094 3430 1151 forte

1854 1194 2205 1267 prmvaleat;
2265 1200 2322 1247 at
2379 1192 2720 1260 subsequens
2785 1189 3053 1261 prolixum
3114 1199 3326 1257 tempus
3376 1195 3432 1242 et

1855 1287 2133 1359 splendida
2162 1302 2259 1358 per
2291 1301 2388 1342 vos
2414 1285 2627 1340 cunctis
2675 1283 2984 1339 hominibus
3027 1281 3300 1353 impertita
3335 1281 3432 1337 doc

1857 1379 2058 1446 ctrina,
2087 1394 2150 1435 ea
2178 1393 2299 1448 quae
2349 1393 2495 1434 nunc
2520 1376 2720 1432 multos
2768 1375 2959 1442 latent,
3019 1374 3331 1432 illucescere
3358 1373 3435 1430 fa.

1859 1472 1986 1539 ciet,
2044 1480 2102 1528 et
2157 1470 2582 1527 calumniatores
2642 1468 2952 1538 redarguet.
3009 1467 3436 1522 Animadvertite

1860 1565 2030 1637 igitur
2067 1562 2341 1635 quomodo
2398 1561 2652 1617 audiatis.
2718 1557 2854 1614 Nam
2900 1559 2991 1629 qui
3038 1559 3206 1615 habet
3235 1559 3437 1614 bonum

178 1665 335 1736 ψεται
365 1662 683 1733 Πνεύματος
712 1661 873 1734 χάριν
904 1660 1000 1714 καὶ
1027 1659 1217 1729 σοφίας
1249 1659 1344 1712 καὶ
1362 1657 1638 1728 γνώσεως,
1667 1656 1761 1710 καὶ

1870 1656 2222 1728 propositum,
2265 1653 2493 1722 accipiet
2536 1650 2772 1722 Spiritus
2798 1649 3029 1720 gratiam
3062 1657 3119 1704 et
3152 1647 3432 1720 sapientia

178 1723 335 1824 άξίαν
360 1757 468 1810 τῶν
496 1723 676 1809 πόνων
840 1723 1215 1825 άμοιϐήϊνκαὶ
1246 1751 1305 1816 ὃς
1329 1723 1397 1806 ἂν
1415 1750 1491 1822 μὴ
1520 1750 1640 1822 ἔχῃ,
1669 1751 1764 1804 καὶ

1870 1764 1933 1804 ac
1982 1747 2247 1813 scientiae,
2300 1746 2631 1818 dignamque
2691 1744 2938 1799 laborum
2994 1742 3342 1798 mercedem:
3387 1741 3442 1799 ei

178 1848 207 1902 δ
235 1849 383 1902 δοκεί
401 1848 566 1921 ἔχειν,
589 1846 888 1920 ἀρθήσεται
911 1847 1004 1900 ἀπ’
1023 1844 1209 1900 αὐτοῦ’
1231 1845 1300 1898 τά
1325 1845 1433 1917 γὰρ
1455 1846 1520 1898 ὲκ
1552 1843 1766 1912 φύσεως

178 1940 313 2011 ἡμῖν
343 1937 551 2001 ἐνόντα,
577 1938 611 2009 ἢ
645 1936 733 1992 διὰ
758 1936 980 2008 χάριτος
1007 1935 1248 2001 δοθέντα,
1280 1933 1376 1989 ἐὰν
1414 1935 1488 2008 μὴ
1519 1934 1606 1988 διὰ
1637 1952 1765 1989 συν-

181 2032 340 2103 εχοῦς
370 2031 642 2104 προσοχῆς
672 2031 768 2084 καὶ
815 2028 1054 2100 σπουδῆς
1094 2029 1383 2098 φιλοπόνου
1421 2026 1765 2099 φυλάξωμεν,

183 2125 359 2204 ταῦτα
399 2122 886 2196 ζημιωθησόμεθα,
918 2122 978 2175 o6
1013 2121 1172 2192 μόνον
1209 2121 1374 2194 μηδὲν
1411 2119 1768 2192 προσλαμϐά-

181 2237 386 2284 νοντες,
429 2218 564 2271 ἀλλὰ
607 2215 1086 2290 προσαπολλύντες
1117 2217 1213 2270 καὶ
1251 2215 1287 2270 ἃ
1315 2215 1458 2286 ἔχειν
1485 2215 1765 2286 ἐδόξαμεν·

184 2314 278 2367 καί
304 2309 371 2365 αὖ
399 2311 458 2375 ὃς
473 2310 588 2381 ἔχει
603 2309 662 2362 τὸ
687 2308 844 2378 φύσει
874 2308 1100 2380 εύήκοον
1131 2308 1268 2380 πρὸς
1289 2307 1379 2361 τὸν
1403 2306 1580 2375 λόγον,
1596 2303 1772 2376 τούτῳ

183 2406 281 2458 καὶ
306 2407 334 2458 ὁ
351 2405 510 2472 λόγος
534 2400 803 2473 ἀληθινῶς
821 2400 1044 2462 δίδοται,
1079 2401 1172 2453 καὶ
1202 2399 1555 2472 προσγίνεται
1586 2401 1654 2469 τῇ
1681 2413 1774 2466 φυ·

186 2498 314 2568 σικῇ
351 2496 560 2548 συνέσει
598 2493 660 2547 τὸ
705 2494 769 2546 ὲκ
803 2491 951 2555 θείας
978 2493 1295 2564 ἀκροάσεως
1346 2490 1527 2561 σοφόν.
1575 2492 1672 2554 Ὃς
1715 2488 1773 2541 δὲ

185 2590 288 2642 οὐκ
313 2589 428 2659 ἔχει
453 2588 514 2642 τὸ
555 2587 646 2642 διὰ
682 2586 784 2658 τῆς
839 2585 898 2652 ἐξ
924 2585 1100 2656 ἀρχῆς
1127 2583 1488 2656 δημιουργίας
1532 2581 1775 2655 ὑπάρχον

185 2681 338 2752 αὐτῷ
372 2679 510 2734 σῶον
552 2677 972 2748 φυλαττόμενον,
1007 2675 1138 2738 ἴσως
1183 2674 1244 2728 τὸ
1275 2674 1409 2746 μηδὲ
1440 2672 1565 2727 νοῦν
1601 2673 1776 2744 ἔχοντι

1864 1855 1996 1896 vero
2021 1841 2113 1911 qui
2145 1854 2252 1895 non
2280 1839 2468 1904 habet,
2497 1836 2661 1893 etiam
2691 1838 2744 1892 id
2771 1836 2915 1906 quod
2966 1835 3181 1891 videtur
3212 1835 3439 1900 habere,

1866 1933 2166 1988 auferetur.
2198 1932 2415 1990 Etenim
2440 1946 2560 2001 quae
2593 1930 2913 1986 naturaliter
2940 1930 3098 1986 nobis
3124 1930 3333 1995 insunt,
3358 1928 3444 1985 vel

1869 2024 2039 2097 gratis
2074 2026 2198 2080 data
2221 2031 2372 2090 sunt,
2407 2024 2509 2079 nisi
2548 2023 2846 2079 continenti
2875 2022 3199 2090 attentione,
3230 2021 3441 2078 studio-

1869 2131 1974 2188 que
2003 2117 2272 2172 industrio
2318 2115 2710 2181 custodiamus,
2729 2113 3071 2182 amittemus,
3129 2128 3236 2188 non
3280 2117 3444 2169 modo

1874 2207 2010 2263 nihil
2042 2207 2264 2277 insuper
2291 2205 2642 2276 accipientes,
2689 2219 2878 2259 verum
2908 2204 3073 2258 etiam
3107 2181 3296 2260 eorum
3324 2219 3446 2275 qua:

1875 2297 2081 2352 habere
2140 2296 2490 2366 putabamus,
2543 2287 2926 2351 detrimentum
2969 2294 3256 2363 patientes.
3302 2293 3448 2350 Sane

1872 2386 1964 2455 qui
1999 2386 2066 2441 ad
2101 2386 2412 2466 doctrinam
2448 2385 2775 2440 audiendam
2815 2384 2998 2442 alacer
3027 2394 3135 2450 est,
3190 2385 3317 2441 huic
3361 2399 3448 2441 reo

1873 2491 2003 2548 apse
2033 2475 2280 2532 doctrina
2309 2476 2560 2542 traditur,
2589 2486 2647 2532 et
2685 2475 2832 2530 illius
2863 2476 3100 2532 naturali
3135 2476 3448 2547 intelligcno

1877 2571 1966 2625 tiae
2008 2569 2221 2625 accedit
2251 2568 2448 2624 divi-nae
2485 2568 2736 2624 lectionis
2779 2568 3069 2639 sapientia.
3114 2568 3218 2636 Qui
3267 2579 3448 2625 autem

1872 2661 1986 2732 iam
2018 2661 2144 2717 inde
2183 2676 2214 2716 a
2255 2661 2513 2731 primaeva
2549 2661 2826 2716 creatione
2850 2661 3032 2716 datam
3078 2660 3314 2716 indolem
3345 2676 3452 2717 non

1878 2752 2045 2808 habet
2091 2750 2440 2819 incolumem,
2494 2751 2585 2806 hic
2630 2765 2730 2821 par
2785 2761 2969 2807 mente
3030 2753 3237 2808 carenti
3272 2761 3376 2818 est,
3419 2769 3451 2806 ιι

1879 2843 2020 2900 malo
2079 2845 2325 2900 daemone
2379 2857 2573 2900 vecors
2635 2842 2885 2900 eﬂ‘ectus.
2945 2843 3098 2902 Sicut
3133 2857 3190 2900 et
3239 2845 3328 2901 ille
3361 2846 3454 2914 qui

187 2773 534 2836 καθίσταται,
560 2768 931 2842 φρενοϐλαϐὴς
956 2768 1061 2822 ὑπὸ
1086 2767 1182 2820 τοῦ
1207 2766 1448 2839 πονηροῦ
1465 2767 1773 2837 γενόμενος·

188 2864 444 2934 καθάπερ
479 2863 574 2916 καὶ
601 2863 629 2915 6
669 2862 796 2925 τοὺς
824 2859 1136 2932 ὀφθαλμοὺς
1165 2859 1322 2930 ἔχων,
1363 2861 1413 2912 εἰ
1457 2859 1533 2931 μὴ
1567 2859 1775 2929 βλέποι,

191 2954 309 3019 ῐσος
358 2953 439 3025 τῷ
487 2952 674 3024 τυφλῷ
704 2953 1016 3024 γεγένηται·
1061 2953 1154 3006 κα)⁸
1209 2953 1345 3022 φαίη
1396 2969 1480 3016 τις
1510 2953 1576 3006 ἂν
1617 2953 1766 3008 αὑτὸι

1883 2937 2070 2994 oculos
2102 2938 2310 2994 habens
2330 2937 2466 2993 nihil
2500 2948 2680 2993 tamen
2719 2937 2888 3006 videt,
2919 2953 3017 3009 par
3039 2953 3184 2994 caaco
3211 2949 3321 3006 est,
3350 2955 3458 2994 me-

191 3047 509 3124 ὰφῃρῆσθαι
545 3046 652 3100 τῶν
681 3046 993 3118 ὀφθαλμῶνσ
1048 3046 1223 3112 οὕτως
1253 3048 1303 3101 oi
1335 3047 1518 3102 πολλοὶ
1546 3047 1612 3101 δι’
1654 3050 1766 3102 ὲαυ·

1884 3031 2097 3097 ritoque
2128 3029 2339 3084 dicetur
2387 3029 2560 3086 oculis
2611 3030 2859 3086 orbatus.
2899 3030 2992 3086 Sic
3017 3031 3273 3086 nimirum
3305 3032 3459 3088 multi

191 3119 474 3212 πρὸς
501 3139 592 3193 τὸν
605 3139 761 3208 λόγον
783 3139 1054 3194 άσύνετοι·
1074 3141 1154 3194 ὅτι
1173 3140 1292 3194 οὐδὲ
1313 3142 1412 3216 τὴν
1432 3141 1604 3214 ἀρχὴν
1621 3157 1766 3214 προσι

1884 3120 2102 3190 propria
2136 3119 2291 3189 culpa
2327 3120 2552 3176 hebetes
2581 3121 2646 3175 ad
2676 3121 2982 3177 doctrinam
3011 3133 3160 3188 sunt,
3184 3123 3310 3193 quia
3346 3123 3459 3192 jam

192 3237 413 3309 ἔχοντες
474 3232 802 3299 ἀκούουσιν,
853 3232 968 3287 ἀλλ’
1037 3225 1354 3309 ἀπέρριψαν
1369 3211 1640 3307 ⁷ιάμελείᾳ
1667 3211 1766 3288 ⁷’τοι

1883 3211 2008 3266 inde
2031 3212 2098 3267 ab
2128 3212 2284 3268 initio
2307 3212 2496 3268 audire
2540 3212 2689 3268 illam
2719 3223 3038 3283 renuerunt,
3070 3215 3166 3271 sed
3193 3215 3465 3271 socordia

202 3305 383 3396 λόγον.
1156 3305 1159 3306 ν
1192 3305 1199 3306 7
1318 3307 1320 3309 ί
1454 3305 1462 3307 ἡ
1616 3305 1621 3306 7

1884 3319 1981 3360 sua
2005 3305 2338 3375 abjecerunt.

879 3439 945 3493 K'
978 3438 1111 3510 (l5)-
2621 3441 2742 3501 XX.

281 3552 626 3624 ’Υπογράφει
653 3568 719 3620 γε
749 3550 855 3624 μὴν
883 3549 1121 3606 ἐνταῦθα
1154 3548 1362 3622 σπορέα
1393 3547 1588 3604 ἑαυτὸν
1615 3549 1644 3602 6
1674 3547 1766 3602 K6

1964 3556 2106 3614 Dicit
2154 3573 2214 3615 se
2260 3558 2366 3615 hoc
2389 3558 2920 3618 loco“."Dominus
2965 3567 3224 3626 satorern,
3275 3572 3464 3628 agrum

199 3667 337 3722 ριος,
363 3648 542 3718 κῆπον
568 3647 624 3700 δὲ
644 3645 899 3717 ὀνομάζει
930 3646 1022 3700 τὸν
1038 3645 1240 3716 κόσμον
1264 3643 1394 3716 (16).
1413 3643 1766 3714 Αίνιττόμενοε

1895 3659 2076 3704 autem
2113 3659 2380 3705 terrarum
2413 3651 2624 3705 orbem.
2679 3647 2752 3705 Ut
2797 3658 2980 3704 autem
3023 3658 3227 3720 quanta
3273 3648 3468 3703 semini

197 3741 256 3794 δὲ
299 3740 403 3811 τὴν
435 3741 492 3792 ὲν
536 3737 616 3810 τῷ
648 3738 838 3810 σπόρῳ
882 3737 1112 3808 δύναμιν
1145 3736 1306 3790 ὁποία
1349 3753 1433 3801 τις
1462 3735 1570 3808 εἴη,
1604 3736 1766 3807 κόκκσ

1892 3743 1976 3796 vis
2005 3742 2077 3796 sit
2105 3741 2267 3796 insita
2297 3741 2510 3807 innuat,
2543 3755 2713 3810 grano
2747 3740 2953 3811 sinapis
2988 3740 3120 3796 illud
3150 3747 3468 3809 comparat:

200 3833 480 3895 σινάπεως
523 3831 684 3885 αὐτὸν
721 3830 1082 3902 παραϐάλλει,
1111 3830 1170 3895 ὃς
1197 3829 1308 3883 τῶν
1336 3829 1464 3902 παρ’
1483 3827 1766 3900 ἀνθρώποις

1893 3835 2037 3907 quod
2059 3836 2294 3906 quidem,
2317 3838 2463 3890 inter
2481 3833 2760 3888 hominum
2786 3833 3088 3897 doctrinas,
3115 3833 3229 3888 sive
3251 3830 3472 3886 Graecas

201 3927 402 3994 λόγων,
430 3922 756 3994 Ἑλληνικῶν
775 3941 836 3977 τε
869 3925 961 3977 καὶ
992 3922 1360 3995 βαρϐαρικῶν,
1388 3922 1495 3976 τῶν
1518 3921 1582 3994 δὴ
1601 3922 1766 3991 σοφία¹

1894 3931 2010 3983 sive
2043 3928 2385 3992 barbaricas,
2410 3936 2678 3997 quotquot
2709 3925 3030 3996 sapientiam
3052 3925 3290 3995 aliquam
3311 3922 3473 3992 hujus

201 4017 328 4071 τινά
353 4016 450 4070 τοῦ
505 4017 698 4081 αἰῶνος
723 4015 912 4070 τούτου
948 4016 1378 4088 προϊσχομένων,
1433 4015 1763 4086 σμικρότατο

1897 4020 2080 4077 saaculi
2115 4036 2226 4090 prae
2263 4035 2323 4076 se
2353 4019 2558 4086 ferunt,
2595 4018 2883 4074 niinimum
2919 4031 3043 4073 esse
3073 4018 3287 4072 videtur
3311 4026 3475 4089 atque

199 4109 348 4165 εἶναι
385 4109 534 4164 δοκεῖ
561 4110 656 4162 καὶ
688 4109 1092 4172 εὐτελέστατος,
1121 4107 1349 4179 δύναμιν
1374 4123 1437 4175 γε
1474 4107 1580 4178 μὴν
1603 4105 1664 4158 οὐ

1900 4114 2249 4180 vilissimum,
2280 4129 2456 4183 neque
2482 4123 2660 4169 tamen
2699 4111 2982 4183 vulgarem
3016 4112 3276 4166 virtutem
3303 4112 3475 4166 conti-

201 4202 478 4274 τυχοῦσαν
511 4203 568 4256 ὲν
618 4201 795 4273 ἑαυτῷ
828 4201 1001 4272 φέρει.
1033 4201 1143 4254 Καὶ
1183 4198 1332 4254 ἐστιν
1371 4202 1399 4252 6
1439 4199 1601 4262 αὐτὸς
1652 4200 1765 4251 σῖτο

1899 4213 2014 4260 net.
2061 4203 2158 4258 Est
2204 4214 2386 4260 autem
2429 4204 2520 4260 illa
2559 4204 2830 4271 doctrina,
2867 4202 3200 4256 frniiientum
3255 4200 3476 4270 quidem

206 4296 336 4368 μὲν,
380 4294 504 4349 καθ’
535 4294 565 4347 6
608 4293 798 4366 ψυχῶν
834 4293 1098 4366 τρόφιμός
1129 4293 1268 4357 ἔστι,
1301 4293 1394 4347 καὶ
1426 4291 1632 4363 τροφῆς
1696 4291 1764 4362 τῆ

1901 4306 2171 4368 quatenus
2199 4297 2504 4352 animarum
2538 4297 2723 4352 nutrix
2749 4302 2854 4359 est,
2901 4305 2957 4349 et
2992 4293 3267 4348 alimoniae
3299 4307 3332 4347 a
3367 4291 3479 4346 Deo

203 4390 365 4461 παρὰ
421 4387 501 4460 τῷ
555 4389 675 4461 Θεῷ
729 4387 1078 4458 παρεκτικόςο
1137 4384 1334 4448 κόκκος
1388 4383 1445 4437 δὲ
1502 4385 1766 4447 σινάπεως

1870 4439 1874 4462 ,
1903 4391 2046 4444 data:
2077 4388 2363 4454 ministra;
2389 4403 2617 4459 granum
2650 4403 2783 4444 vero
2825 4385 3050 4457 sinapis,
3083 4395 3356 4455 quatenus
3385 4399 3476 4440 se—

204 4481 335 4536 καθ⁹
377 4481 407 4534 6
436 4480 768 4554 βραχύτατος
831 4476 928 4548 μὲν
983 4475 1235 4529 ἁπάντων
1289 4472 1399 4526 τῶν
1441 4472 1766 4543 σπερμάτων

1908 4482 2112 4536 minnm
2143 4481 2386 4536 omnium
2416 4490 2505 4538 est
2539 4481 2938 4536 tenuissimum.
2995 4477 3182 4548 Neque
3209 4477 3358 4533 enim
3395 4484 3481 4532 est

205 4577 334 4631 οὐδὲ
391 4576 501 4648 γάρ
559 4577 706 4628 ἐστιν
759 4572 886 4627 ἄλλο
931 4570 1041 4624 τῶν
1093 4569 1186 4622 ἐπὶ
1242 4567 1346 4638 γῆς
1388 4563 1765 4635 καταϐαλλομέ

1904 4558 2054 4632 aliud
2084 4592 2152 4633 ex
2178 4577 2266 4633 bis
2290 4591 2414 4647 quas
2460 4577 2514 4632 in
2578 4585 2784 4632 terram
2838 4574 3202 4646 projiciuntur
3251 4574 3478 4630 semini-

206 4688 320 4725 νων
358 4668 692 4741 σπερμάτων
727 4665 916 4720 τούτου
944 4665 1011 4734 τῇ
1051 4661 1373 4735 σμικρότητι
1415 4655 1766 4730 συγκρίνεσθα

1907 4671 2030 4736 bus,
2073 4670 2236 4740 hujus
2275 4669 2529 4741 parvitati
2579 4667 3028 4737 comparandum,
3079 4668 3153 4723 ita
3177 4677 3235 4722 ut
3277 4673 3479 4740 puncto

206 4761 532 4832 δυνάμενον,
565 4757 652 4811 διὰ
678 4757 741 4810 τὸ
773 4757 980 4827 κέντρῳ
1006 4753 1258 4815 ἑοικέναι,
1283 4751 1376 4805 κα)⁵
1402 4749 1583 4821 σχεδὸν
1612 4748 1766 4818 άτόμι

1909 4761 2088 4818 simile
2118 4763 2210 4830 sit,
2239 4772 2295 4818 et
2326 4762 2468 4817 velut
2501 4771 2684 4817 atomo
2714 4770 2771 4816 et
2797 4761 2916 4816 sine
2949 4761 3196 4831 partibus
3223 4762 3481 4831 corpori;

208 4853 310 4908 καὶ
337 4852 538 4923 άμερεῖ
583 4848 816 4921 σώματι·
863 4849 1013 4924 ὅμως
1061 4846 1118 4900 δὲ
1149 4847 1230 4911 είς
1277 4845 1530 4898 τοσοῦτον
1573 4843 1766 4916 μέγεθο

1909 4863 1966 4908 et
2019 4862 2198 4908 tamen
2253 4853 2308 4909 in
2357 4862 2560 4909 tantam
2599 4853 2875 4908 excrescit
2919 4852 3373 4923 magnitudinem,
3426 4862 3482 4906 ut

208 4945 546 5009 ἐπιδίδωσιν,
579 4943 654 5007 ὡς
708 4943 816 4996 πᾶν
854 4941 916 4995 τὸ
944 4938 1053 4994 τῶν
1080 4938 1325 5010 λαχάνων
1355 4937 1591 5008 καλύψαι
1619 4937 1766 5004 γένος

1905 4959 2069 5000 omne
2106 4945 2314 5001 olerum
2339 4959 2511 5017 genus
2541 4952 2784 5015 superet.
2816 4942 2970 5011 Quod
3003 4942 3249 5014 profecto
3277 4944 3486 4998 habere

213 5039 284 5092 Ὃ
304 5037 372 5108 δὴ
401 5038 495 5090 καὶ
523 5035 655 5090 αὐτὸ
677 5033 902 5088 ἔκϐασιν
927 5033 1109 5105 ἔργοις
1124 5033 1306 5094 αὐτοῖς
1327 5031 1614 5102 σύμφωνον
1630 5029 1766 5095 ἔδειξ

1912 5036 2122 5091 exitum
2198 5051 2393 5092 revera
2455 5051 2755 5092 consonum
2811 5035 3268 5105 praedictionibus
3312 5043 3471 5090 osten
3530 5033 3539 5049 '

214 5133 337 5194 ταῖς
387 5131 774 5202 προρρήσεσιν
826 5127 1021 5181 αὐτίκα
1050 5124 1181 5195 γοῦν
1214 5125 1512 5196 ὀφθαλμοῖς
1565 5124 1766 5194 πάρεστ

1909 5127 2014 5183 dit.
2077 5128 2221 5186 Ecce
2279 5130 2428 5184 enim
2474 5129 2646 5185 oculis
2708 5137 2958 5198 spectare
3016 5127 3165 5194 licet,
3219 5127 3490 5198 quomodo

210 5223 694 5295 παραλαμϐάνειν,
723 5221 798 5285 ὼς
829 5223 858 5275 6
891 5221 1089 5284 σπόρος
1116 5220 1144 5272 6
1171 5215 1543 5288 εὐαγγελικὸς,
1587 5216 1766 5288 σπειρέ

1911 5221 2284 5294 evangelicum
2336 5237 2544 5290 semen,
2593 5221 2694 5278 sub
2727 5221 2859 5292 ipsis
2911 5221 3140 5277 sationis
3180 5220 3491 5289 primordiis

232 5364 310 5399 δι’
331 5365 376 5396 ⁸¹
410 5360 608 5416 Matth.
641 5371 764 5421 xm,
793 5355 856 5410 5|
885 5351 1059 5420 ;Luc.
1089 5365 1210 5438 snt,
1239 5351 1327 5407 19.

290 5487 409 5559 (14)
435 5489 769 5566 gongrnnnt
801 5488 918 5545 hac
968 5489 1114 5546 belle
1155 5505 1278 5546 cum
1317 5487 1661 5562 Tneophania
1697 5491 1802 5566 Sy-

215 5561 399 5620 riaca,
435 5560 529 5614 lib.
561 5576 634 5622 tv,
671 5561 761 5614 5L

295 5631 418 5701 (15)
456 5630 676 5686 Grande
724 5634 827 5701 hoc
877 5628 1268 5701 fragmentum,
1319 5646 1492 5701 usque
1538 5631 1604 5685 ad
1631 5623 1796 5688 verba

216 5699 646 5773 ὑποδεξαμένων
698 5699 880 5764 αὐτόν,
931 5699 1276 5771 perspicuum
1323 5699 1462 5775 gerit
1494 5701 1708 5761 titulum
1745 5703 1798 5762 in

555 5794 831 5857 mum.
872 5793 991 5859 Gn.
1033 5795 1272 5859 xxxv.
2447 5791 2454 5795 ’
3086 5785 3169 5849 29

1908 5495 2102 5578 codice
2128 5495 2204 5578 ΛΑ,
2224 5494 2273 5578 _f.
2302 5493 2438 5550 164:
2491 5492 2680 5578 βιϐλίῳ
2701 5493 2946 5578 τετάρτῳ
2979 5490 3335 5578 ρεοφανιίας,
3361 5502 3487 5548 cum

1909 5567 2087 5624 solitis
2124 5575 2332 5621 tantum
2350 5561 2579 5636 Anuin'eri
2620 5561 2773 5636 siglis
2799 5561 2962 5635 supra
2995 5561 3046 5634 β.

1982 5637 2097 5711 (l6)
2133 5636 2227 5696 Sic
2252 5637 2306 5696 in
2343 5630 2698 5708 Theophanid
2721 5630 2972 5709 Syriaca,
2995 5630 3082 5701 iv,
3119 5630 3214 5688 54.
