3836 6216
447 281 548 338 583

1081 282 1352 340 EUSEBII
1390 281 1871 339 CAESARIENSIS
1910 281 2060 338 OPP.
2104 281 2280 338 PARS
2320 282 2408 340 IV.
2450 313 2518 323 -—
2557 281 2982 341 DOGMATICA.

3598 290 3710 347 684

445 406 716 463 invisibile
742 405 926 474 fuerit,
952 417 1003 464 et
1036 421 1148 477 prae
1176 407 1424 463 doctrina
1466 407 1708 476 qualibet
1740 421 1866 462 vere
1916 421 1967 460 m

2066 412 2094 468 λ
2125 423 2284 477 μενος
2307 406 2404 478 μὲν
2437 407 2495 460 ὲν
2516 407 2710 479 ἀρχαῖς
2746 406 2957 478 ἀφανὴς
2976 402 3066 479 ἦν,
3095 408 3190 462 καὶ
3226 408 3443 465 πάντων
3465 410 3544 474 ὡς
3575 413 3713 484 ἀλη-

442 501 650 554 nimum
688 511 744 554 et
795 499 1348 570 contemptissimum.
1403 499 1607 555 Deinde
1643 513 1772 554 vero
1803 508 1957 553 tantu

2122 499 2229 564 θῶς
2251 498 2631 563 εὐτελέστατος
2656 500 2748 553 xal.
2783 500 3142 572 σμικρότατος
3179 502 3371 572 λόγων·
3411 501 3620 578 προῖὼν
3650 507 3709 560 δὲ

437 594 584 661 cepit
621 593 1041 660 incrementum,
1063 603 1122 648 ut
1147 593 1464 648 universum
1488 595 1678 648 orbem
1701 590 2014 660 repleverit.

2118 589 2371 644 τοσοῦτον
2413 589 2737 644 ἐπιδέδωκεν
2767 589 2936 662 αὔξης
2961 607 3022 643 τε
3055 591 3148 644 καὶ
3180 591 3464 661 μεγέθους,
3499 593 3578 657 ὡς
3605 594 3707 666 τὴν

436 683 567 739 Fuit
589 698 721 755 ergo
765 699 958 740 revera
1006 699 1104 755 per
1151 691 1378 739 cunctas
1428 691 1620 753 gentes
1673 696 1862 738 semen
1912 681 1967 736 bt

2117 683 2408 754 σύμπασαν
2433 683 2756 754 οἰκουμένην
2777 683 3084 756 πληρῶσαι.
3113 684 3340 752 Γέγονεν
3361 681 3455 738 οῦν
3484 685 3708 757 ἀληθῶς

437 777 612 846 majus
664 793 828 848 quam
880 776 1196 848 Graecorum
1246 784 1301 831 et
1329 775 1684 831 barbarorum
1721 774 2011 844 sapientia,

430 882 594 936 quam
630 868 914 923 Matthqu
943 866 1186 922 oleribus
1223 864 1586 936 comparavit,
1636 863 2008 919 inﬁrmitatem

430 960 504 1013 ita
549 968 605 1014 et
651 959 1170 1028 corruptibilitatem
1216 959 1575 1013 humanarum
1633 957 2006 1012 doctrinarum

425 1050 762 1119 signiﬁcans.
792 1049 1040 1120 Namque
1088 1059 1142 1104 et
1182 1049 1323 1119 apud
1361 1047 1656 1118 praphetas
1703 1048 1904 1103 dictum
1936 1046 2006 1103 de

424 1147 556 1216 ipsis
607 1154 744 1201 est:
802 1143 1077 1212 Tanquam
1129 1144 1307 1211 fenum
1360 1144 1603 1198 uelociter
1656 1151 1916 1208 arescent,
1953 1152 2004 1196 et

419 1238 858 1306 quemadmodum
887 1236 1034 1291 olera
1065 1237 1346 1291 herbarum
1397 1238 1502 1290 cito
1528 1236 1768 1290 derident
1796 1234 1864 1288 ⁵⁸.
1892 1233 2004 1288 Hu-

416 1326 714 1395 iuscemodi
741 1337 868 1381 sunt
913 1325 1280 1397 sophistarum
1312 1341 1377 1380 ac
1402 1325 1851 1396 philosophorum
1882 1325 1984 1379 de-

417 1420 615 1475 ctrina:
651 1419 1223 1490 disciplinaeque,qua2
1269 1418 1584 1488 aliquandiu
1632 1417 1992 1479 herbescunt,

413 1512 680 1582 brevique
725 1521 970 1581 tempore
1019 1510 1238 1573 ﬂorent,
1280 1511 1375 1567 sed
1429 1525 1535 1566 non
1563 1509 1655 1565 diu
1687 1516 1810 1580 post
1839 1507 1993 1563 exci-

413 1605 547 1660 dunt
583 1619 679 1676 per
702 1620 761 1660 se
782 1607 914 1676 ipsa:
939 1614 1249 1676 corruptae:
1282 1605 1354 1659 ita
1383 1611 1444 1659 ut
1469 1602 1602 1659 alibi
1653 1601 1783 1658 {eno
1833 1611 1997 1657 tecto-

410 1712 532 1756 rum
556 1706 837 1767 comparet
883 1711 976 1752 eas
999 1697 1168 1753 David
1195 1697 1262 1762 ⁸⁸,
1294 1694 1462 1767 quod,
1491 1694 1810 1766 priusquam
1839 1693 1992 1750 evel-

409 1787 575 1853 latur,
597 1787 712 1858 jam
739 1789 972 1843 exaruit.

476 1878 618 1934 Sunt
680 1879 798 1934 istae
847 1879 1016 1951 igitur
1073 1877 1401 1948 sapientium
1455 1875 1618 1948 hujus
1657 1873 1841 1932 saeculi
1887 1873 1986 1931 do-

417 1972 636 2037 ctrina,
670 1972 900 2028 inﬁrmae
943 1972 1197 2027 nimirum
1249 1981 1307 2027 et
1352 1970 1636 2035 oleraceae,
1674 1969 1798 2026 feno
1829 1967 1986 2024 ﬂore-

401 2065 577 2118 scenti
624 2064 856 2119 similes.
888 2063 1059 2120 Secus
1081 2079 1211 2120 vero
1246 2064 1486 2119 omnium
1516 2063 1797 2118 minimum
1828 2071 1884 2116 et
1913 2070 1986 2116 te-

402 2156 729 2212 nuissimum
767 2158 912 2212 inter
936 2157 1171 2223 semina,
1219 2158 1374 2228 regni
1420 2157 1681 2212 nimirum
1715 2155 1980 2210 caelorum

397 2248 774 2319 evangelicum
809 2250 1058 2314 verbum,
1105 2263 1232 2304 acre
1283 2249 1648 2319 mordensque
1691 2247 1860 2302 veluti
1904 2247 1982 2302 si-

399 2341 554 2410 napi,
586 2341 729 2410 quod
759 2352 937 2396 tamen
984 2341 1141 2413 longe
1181 2341 1446 2406 excrevit,
1490 2349 1547 2395 et
1601 2341 1855 2396 humanae
1885 2356 1977 2395 sa-

397 2431 620 2500 pientiae
645 2432 902 2502 superius
938 2435 1143 2490 evasit:
1181 2442 1344 2502 atque
1386 2432 1441 2488 in
1488 2433 1660 2488 altum
1699 2433 1975 2487 sublatum

393 2521 578 2576 omnia
624 2521 740 2578 loca
781 2523 1092 2594 occupavit,
1145 2523 1219 2578 ita
1256 2533 1317 2578 ut
1359 2537 1556 2594 magna
1602 2523 1767 2577 arbor
1799 2538 1867 2578 ex
1907 2537 1974 2577 eo

393 2612 465 2664 sit
509 2623 653 2678 orta,
693 2612 818 2668 caeli
857 2614 1138 2668 volucrum
1185 2627 1359 2684 capax
1404 2614 1497 2684 qui
1534 2614 1587 2668 in
1639 2614 1757 2686 ejus
1803 2614 1972 2669 ramis

389 2705 717 2760 consistunt.
753 2704 893 2762 Olim
924 2706 977 2761 id
1013 2707 1232 2778 quidem
1263 2707 1608 2778 simplicibus
1637 2707 1818 2762 verbis
1845 2706 1969 2761 Ser-

388 2797 594 2853 vatoris
640 2811 772 2852 voce
819 2797 1070 2868 prolatis,
1126 2798 1312 2853 divina
1369 2797 1828 2869 prognosticaque
1859 2799 1972 2854 vir-

388 2898 509 2944 tute
540 2891 958 2958 praedicebatur.
994 2890 1115 2946 Jam
1141 2906 1274 2946 vero
1309 2891 1362 2944 in
1393 2891 1553 2960 quale
1589 2901 1966 2961 quantumque

383 2995 524 3050 Opus
574 2982 854 3051 praedictio
890 2983 1244 3052 processerit,
1300 2993 1676 3054 quantumque
1726 2985 1966 3040 creverit

384 3074 651 3129 doctrinae
683 3089 812 3138 vox,
863 3074 971 3129 dici
1005 3089 1106 3143 pro
1151 3075 1418 3145 dignitate
1446 3091 1552 3130 non
1583 3085 1778 3144 potest.
1819 3076 1962 3132 Tan-

383 3177 498 3222 tum
533 3167 716 3237 itaque
755 3181 1045 3237 progressu
1079 3167 1343 3236 temporis
1369 3167 1609 3223 salutare
1641 3184 1826 3225 semen
1859 3170 1962 3223 vir-

381 3266 551 3314 tutem
583 3259 848 3323 exseruit,
893 3261 1277 3329 utgerminata
1312 3275 1380 3316 ex
1418 3260 1512 3316 illo
1551 3259 1735 3326 arbor,
1768 3261 1823 3316 id
1853 3272 1958 3329 est,

379 3349 608 3405 fundata
641 3364 671 3403 a
704 3350 997 3406 Servatore
1019 3367 1119 3422 per
1161 3353 1474 3407 universam
1529 3361 1733 3408 terram
1779 3352 1964 3409 Eccle-

376 3445 482 3510 sia,
519 3452 717 3500 cuncta
747 3443 866 3500 loca
898 3444 1241 3516 oppleverit;
1280 3445 1334 3500 in
1369 3445 1486 3515 ejus
1519 3447 1688 3502 ramis
1709 3445 1835 3503 cmli
1863 3462 1962 3503 vo-

375 3535 557 3592 lucres
607 3536 876 3604 habitent,
930 3536 1114 3608 angeli
1168 3537 1279 3592 diri
1345 3539 1558 3595 scilicet
1604 3549 1661 3594 et
1703 3538 1959 3594 caelestes

374 3629 647 3697 potentiae,
708 3644 830 3699 quae
883 3637 1085 3684 terram
1159 3630 1513 3686 invisibiliter
1582 3631 1954 3696 discurrunt;

373 3721 616 3789 itemque
651 3722 848 3774 animae
877 3727 1084 3775 sanctae
1114 3719 1227 3773 alte
1251 3719 1583 3790 gradientes,
1619 3719 1670 3774 id
1698 3727 1803 3781 est,
1841 3719 1953 3772 vita

369 3827 646 3881 sensuque
676 3811 895 3867 sublimi
933 3827 998 3867 ac
1029 3811 1242 3866 caelesti
1271 3813 1532 3881 prmdita.
1565 3811 1812 3882 Namque
1857 3812 1956 3868 bas

369 3917 430 3960 et
459 3920 570 3959 non
599 3903 749 3958 aliud
777 3903 1050 3974 quidlibet
1080 3905 1330 3959 denotari
1357 3919 1388 3958 a
1417 3903 1543 3960 caeli
1577 3905 1795 3970 avibus,
1827 3905 1954 3961 Ser-

375 3989 587 4054 vatoris
613 3999 732 4053 haec
775 3997 1036 4068 parabola
1093 3998 1388 4067 signiﬁcat.
1439 3997 1594 4054 Sicut
1640 4001 1954 4054 econtrario

367 4091 424 4144 in
447 4089 708 4159 parabola
731 4089 1080 4144 seminatoris
1111 4089 1375 4145 vocabulo
1405 4091 1608 4155 avium,
1630 4090 1950 4147 insidiantes

365 4183 686 4238 hominibus
707 4181 979 4248 potentias
1026 4181 1344 4247 denotabat,
1395 4183 1513 4253 pari
1561 4182 1826 4240 vocabulo
1873 4184 1952 4239 di-

361 4288 496 4329 cens
559 4287 689 4328 aves
728 4272 851 4328 (mli
903 4273 1201 4343 diripuisse
1250 4287 1436 4330 semen
1480 4274 1687 4346 jactum
1737 4277 1805 4334 iis
1851 4279 1946 4348 qui

362 4365 516 4434 iuxta
559 4367 703 4418 viam
739 4363 870 4418 illud
902 4374 1288 4436 susceperant.

1084 4455 1227 4511 XXI.
1975 4469 2022 4524 ι)

429 4547 610 4616 Atque
655 4547 772 4601 haec
811 4547 1125 4602 necessario
1187 4545 1450 4604 Servator
1501 4549 1783 4620 discipulis
1828 4551 1937 4606 suis

360 4637 740 4702 mandabat”,
771 4639 1018 4692 morbum
1043 4637 1426 4706 gravissimum
1454 4639 1698 4710 ipsorum
1723 4641 1940 4707 animat,

360 4738 627 4784 tumorem
659 4738 825 4799 atque
835 4729 1160 4797 jactantiam
1179 4745 1402 4797 sanans,
1430 4741 1727 4801 vetansque
1757 4743 1942 4788 osten-

361 4821 659 4886 tationem,
713 4835 781 4874 ne
816 4820 1086 4875 ullatenus
1142 4820 1557 4887 extollerentur,
1605 4837 1744 4878 neve
1810 4824 1941 4892 quid

356 4924 614 4979 magnum
646 4921 742 4964 aut
780 4911 1078 4979 superbum
1110 4912 1178 4967 de
1223 4927 1284 4969 se
1327 4914 1732 4971 existimarent.
1765 4915 1938 4974 Docet

355 5011 569 5066 contra,
605 5003 776 5055 nostri
805 5016 927 5056 esse
952 5001 1166 5057 arbitrii
1197 5003 1252 5057 in
1287 5018 1516 5075 regnum
1543 5007 1800 5076 introire,
1844 5019 1939 5064 aut

354 5110 535 5150 secus.
564 5094 698 5148 Nam
731 5095 800 5162 si,
831 5103 888 5149 ut
908 5094 1108 5149 dicitur
1131 5095 1274 5165 apud
1301 5094 1642 5164 Mattliazum,
1684 5104 1936 5158 conversi

354 5188 550 5240 llamus
600 5185 747 5240 sicut
783 5185 1015 5254 parvuli,
1065 5185 1278 5240 malitia
1329 5188 1544 5245 scilicet
1587 5194 1823 5262 parvuli,
1878 5206 1938 5250 ut

349 5277 427 5330 ait
471 5275 767 5347 Apostolus
809 5277 898 5343 ⁸⁶;
945 5285 1002 5331 et
1043 5279 1090 5332 si
1145 5279 1247 5334 hoc
1307 5295 1536 5348 regnum
1586 5285 1936 5344 adtnittemus

352 5383 504 5424 more
541 5370 807 5440 simplicis
829 5382 885 5426 et
910 5370 1043 5426 nulli
1084 5371 1263 5428 adhuc
1298 5377 1431 5429 vitio
1458 5378 1626 5433 dediti
1678 5379 1930 5450 infantis,

351 5468 404 5510 et
430 5460 476 5512 si
511 5463 804 5530 puritatem
854 5473 1018 5534 atque
1057 5465 1425 5520 innocentiam
1474 5469 1699 5538 puerilis
1752 5477 1932 5529 aetatis

2117 776 2318 848 μείζων
2361 776 2460 847 τῆς
2492 777 2643 848 παρὰ
2668 778 2804 830 πᾶσι
2836 779 2949 840 τοῖς
2981 776 3189 830 ἔθνεσιν
3218 776 3444 848 Ἕλλησί
3488 794 3551 830 τε
3605 779 3706 832 καὶ

2114 868 2407 942 βαρϐάροις
2441 869 2652 939 σοφίας,
2685 869 2750 940 ἢν
2783 869 3033 940 λαχάνοις
3053 867 3192 922 κατὰ
3220 869 3497 924 Ματθαῖον
3519 887 3706 943 παρα-

2110 959 2362 1032 6ἐ6ληκε,
2392 962 2452 1015 τὸ
2481 962 2704 1024 ἀσθενὲς
2730 963 2826 1016 καὶ
2857 962 3180 1034 φθοριμαῖον
3195 962 3304 1016 τῶν
3328 963 3457 1034 παρ’
3483 962 3702 1034 ἀνθρὼ-

2107 1071 2230 1118 ποις
2271 1055 2609 1127 μαθημάτων
2630 1048 2733 1109 ὧδε
2767 1054 3130 1126 αἰνιξάμενος.
3173 1055 3327 1108 Ἐπεὶ
3353 1057 3447 1108 καὶ
3475 1057 3535 1108 ὲν
3561 1071 3702 1125 προ-

2106 1151 2304 1221 φήταις
2327 1150 2544 1218 ἐλέγετο
2583 1150 2712 1221 περὶ
2758 1149 2957 1203 αὐτῶνθ
2997 1148 3090 1215 Ὠς
3129 1149 3343 1218 χόρτος
3365 1149 3519 1218 ταχὺ
3545 1148 3700 1203 ἀπο-

2104 1241 2611 1310 ξηρανΘήσονται,
2641 1240 2741 1294 καὶ
2759 1242 2840 1307 ὡς
2869 1239 3110 1310 λάχανα
3139 1242 3328 1310 χλόης
3356 1240 3508 1310 ταχὺ
3544 1241 3700 1294 ἀπο-

2100 1334 2450 1388 πεσοῦνται.
2483 1332 2718 1387 Τοιαῦτα
2751 1333 2808 1386 δὲ
2837 1332 2906 1386 τὰ
2954 1333 3220 1402 σοφιστῶν
3254 1332 3349 1386 καὶ
3383 1333 3697 1403 φιλοσόφων

2103 1425 2401 1497 μαθήματα
2426 1427 2521 1480 καὶ
2545 1425 2908 1496 παιδεύματα,
2945 1424 3082 1498 πρὸς
3103 1424 3292 1497 καιρὸν
3311 1426 3409 1496 μὲν
3435 1425 3696 1496 χλοάζον-

2095 1535 2184 1580 τα,
2204 1519 2300 1572 καὶ
2328 1519 2463 1592 πρὸς
2491 1519 2671 1587 ὀλίγον
2708 1518 2994 1581 ἀνθοῦντα,
3025 1520 3124 1572 οὐκ
3155 1521 3235 1583 είς
3266 1520 3478 1590 μακρὸν
3504 1519 3560 1572 δὲ
3589 1521 3692 1573 ὲκ-

2095 1612 2381 1677 πίπτοντα,
2413 1612 2506 1667 καὶ
2531 1610 2590 1678 ἐξ
2624 1611 2834 1666 ἑαυτῶν
2868 1611 3220 1684 φθειρόμενα’
3262 1611 3337 1676 ὡς
3371 1615 3430 1666 ὲν
3472 1612 3694 1682 ἑτέροις

2094 1706 2271 1777 χόρτῳ
2298 1705 2547 1776 δομάτων
2575 1704 2874 1777 ἀφομοιοῦν
2904 1704 3062 1770 αὐτὰ,
3097 1704 3156 1770 ὃς
3187 1705 3294 1777 πρὸ
3343 1705 3440 1760 τοῦ
3469 1706 3690 1759 ὲκσπαο

2018 1771 2066 1833 Β
2095 1771 2282 1869 Saeva};
2307 1771 2400 1869 ἐξη
2410 1797 2599 1870 ράνθη.

2173 1890 2333 1944 Ἀλλά
2375 1891 2443 1945 τὰ
2479 1891 2578 1962 μὲν
2601 1889 2752 1962 παρά
2781 1893 2893 1954 τοῖς
2924 1889 3076 1964 παρὰ
3105 1888 3200 1944 τοῦ
3226 1889 3423 1954 αἰῶνος
3479 1889 3684 1943 τούτου

2084 1983 2328 2049 τοιαῦτα,
2384 1983 2586 2054 ἀσθενῆ
2630 1984 2726 2036 καλ⁴
2766 1982 3068 2055 λαχανώδη,
3111 1984 3206 2036 καὶ
3232 1983 3409 2055 χόρτῳ
3459 1981 3687 2035 εὐθαλεῖ

2083 2078 2504 2150 παρεικασμένα
2539 2077 2858 2149 μαθήματα·
2886 2079 2915 2130 ὁ
2951 2078 3006 2130 δὲ
3040 2076 3374 2150 βραχύτατος
3407 2077 3504 2130 καὶ
3537 2075 3684 2130 πάν-

2080 2188 2188 2223 των
2241 2169 2348 2222 τῶν
2380 2169 2711 2241 σπερμάτων
2767 2171 3110 2243 μικρότατος,
3160 2173 3255 2242 τῆς
3286 2170 3395 2223 τῶν
3422 2170 3676 2240 οὐρανῶν

2081 2263 2356 2334 βασιλείας
2393 2261 2820 2332 καταγγελτικὸς
2866 2263 3043 2331 λόγος,
3079 2263 3277 2334 δριμὺς
3333 2260 3436 2332 μὲν
3465 2262 3560 2314 καὶ
3592 2261 3678 2313 δε-

2078 2356 2264 2418 κτικὸς
2311 2354 2563 2427 καθάπερ
2609 2355 2672 2409 τὸ
2704 2355 2912 2426 σίνηπι,
2947 2355 3098 2426 ὅμως
3124 2355 3181 2408 δὲ
3229 2353 3542 2424 ὑπερανέϐη
3572 2355 3674 2407 καὶ

2077 2445 2445 2519 ὑπερηύξησε,
2479 2448 2744 2520 κρείττων
2771 2448 2870 2518 τῆς
2900 2448 2958 2501 ἐν
2988 2447 3294 2518 ἀνθρώποις
3326 2445 3675 2516 ἀπώειχθεὶς

2076 2541 2285 2608 σοφίαςο
2313 2541 2408 2593 καὶ
2454 2539 2530 2604 ὡς
2560 2540 2794 2610 ὑψωθεὶς
2823 2540 3000 2594 πάντα
3051 2539 3216 2592 τόπον
3259 2537 3550 2606 ἐκάλυψεν,
3590 2540 3672 2602 ὡς

2073 2633 2167 2686 καὶ
2198 2633 2410 2704 δένδρον
2448 2633 2873 2703 ἀποτελεσθῆναι
2899 2633 3042 2704 μέγα
3069 2632 3128 2698 ἐξ
3149 2631 3336 2692 αὑτοῦ,
3354 2633 3668 2703 χωρητικὸν

2071 2723 2334 2776 πετεινῶν
2383 2722 2616 2794 οὐρανοῦ
2666 2721 3154 2792 κατασκηνούντων
3195 2722 3252 2774 ὲν
3284 2722 3395 2782 τοῖς
3444 2719 3667 2784 κλάδοις

2068 2815 2253 2869 αὐτοῦ·
2281 2815 2449 2870 πάλαι
2475 2815 2575 2887 μὲν
2603 2814 2709 2868 ὑπὸ
2731 2815 2829 2885 τῆς
2868 2813 3134 2885 σωτηρίου
3150 2813 3252 2883 γῆς
3275 2812 3449 2881 ψιλοῖς
3483 2812 3550 2881 ῥή
3559 2829 3670 2882 μα-

2067 2924 2171 2972 σιν,
2199 2907 2367 2978 ὲνθέῳ
2394 2924 2457 2976 γε
2487 2908 2592 2979 μὴν
2615 2908 2712 2962 καὶ
2743 2906 3139 2979 προγνωστικῷ
3169 2904 3396 2974 δυνάμει
3426 2921 3665 2974 προανε-

2065 3004 2314 3068 φωνεῖτο.
2355 3002 2442 3066 Ὠς
2463 3002 2507 3055 δ’
2539 3004 2618 3066 είς
2643 3001 2779 3072 ἔργα
2805 3000 3232 3073 προκεχώρηκεν
3266 3000 3298 3069 ἡ
3323 2999 3660 3070 πρόγνωσις,

2063 3096 2144 3158 εἰς
2193 3093 2364 3164 αὑξην
2390 3112 2450 3147 τε
2477 3093 2744 3166 προῆλθεν
2776 3096 2808 3165 ή
2847 3092 2997 3164 φωνὴ
3042 3091 3136 3145 τοῦ
3180 3090 3361 3160 λόγου,
3405 3090 3509 3143 οὐκ
3543 3089 3662 3144 ἐστι

2067 3185 2184 3238 κατ’
2218 3186 2374 3251 ἀξίαν
2413 3187 2606 3238 εἰπεῖν⁸
2640 3183 2909 3254 τοσαύτην
2946 3180 3078 3250 γοῦν
3109 3181 3138 3233 δ
3164 3181 3430 3251 σωτήριος
3456 3177 3658 3248 σπόρος

2064 3277 2122 3330 ὲν
2152 3278 2264 3341 τοῖς
2293 3275 2431 3347 μετά
2480 3274 2654 3328 ταῦτα
2691 3275 2901 3346 χρόνοις
2939 3264 3298 3325 ἐπιδέδεικται
3331 3269 3554 3341 ἀρετὴν,
3581 3270 3656 3334 ὼς

2063 3368 2122 3422 τὸ
2150 3369 2211 3434 ἐξ
2239 3368 2403 3422 αὐτοῦ
2425 3369 2558 3439 φυὲν
2579 3368 2815 3438 δένδρον,
2843 3365 3002 3420 τοῦτο
3027 3365 3071 3418 δ’
3097 3364 3162 3418 ἂν
3192 3365 3274 3434 εἴη
3304 3365 3336 3434 ἠ
3379 3361 3657 3433 πανταχοῦ

2061 3460 2164 3532 γῆς
2194 3459 2450 3531 ἱδρυμένη
2475 3457 2638 3512 αὐτοῦ
2671 3457 2990 3530 Ἐκκλησία,
3027 3455 3096 3510 τὰ
3133 3455 3310 3508 πάντα
3337 3453 3651 3526 πληρῶσαιο

2059 3553 2200 3607 ῶστε
2231 3555 2288 3606 ἐν
2305 3557 2414 3616 τοῖς
2435 3552 2829 3624 κλάῶιςαὺτῆς
2861 3549 3286 3622 κατασκηνῶσαι
3323 3548 3393 3602 τὰ
3427 3548 3652 3600 πετεινὰ

2059 3646 2152 3700 τοῦ
2210 3645 2463 3718 οὐρανοῦ,
2510 3644 2774 3713 ἀγγέλους
2803 3643 3002 3714 δηλαδὴ
3035 3643 3213 3706 θείους
3245 3642 3338 3695 καὶ
3389 3641 3650 3712 οὐρανίας

2057 3739 2334 3811 δυνάμεις,
2374 3738 2471 3801 τὰς
2501 3739 2629 3810 περὶ
2658 3738 2760 3807 γῆν
2794 3737 3014 3806 ἀφανῶς
3051 3734 3432 3804 διιπταμένας,
3466 3733 3649 3804 ψυχας

2055 3847 2115 3883 τε
2145 3830 2304 3898 ἁγίας
2331 3829 2425 3882 καὶ
2453 3827 2920 3900 μετεωροπὸρους,
2947 3826 3048 3898 βίῳ
3071 3826 3164 3880 καὶ
3181 3827 3490 3897 φρονήματι
3515 3842 3647 3896 μετ·

2055 3920 2278 3991 αρσίους
2310 3919 2406 3972 καὶ
2448 3918 2748 3989 οὐρανίους⁸
2787 3919 2991 3981 ταύτας
3059 3916 3168 3988 γὰρ
3217 3913 3353 3969 εἶναι
3388 3919 3482 3969 καὶ
3519 3918 3646 3970 οὐδὲ

2052 4013 2216 4077 ἄλλας
2234 4011 2304 4066 τὰ
2325 4012 2545 4066 πετεινά
2577 4013 2672 4067 τοῦ
2704 4013 2934 4085 οὐρανοῦ
2972 4013 3291 4084 ήσωτήριος
3317 4012 3376 4065 ἐν
3427 4012 3642 4078 τούτοις

2052 4104 2272 4176 ᾐνίξατο
2323 4104 2622 4176 παραϐολήο
2677 4105 2752 4168 ὡς
2804 4104 3039 4176 ἔμπαλιν
3077 4104 3163 4158 διὰ
3183 4105 3282 4175 τῆς
3309 4103 3404 4156 τοῦ
3434 4106 3642 4178 σπόρου

2051 4195 2151 4259 τάς
2182 4194 2502 4261 ἐπιϐούλους
2523 4196 2633 4251 τῶν
2651 4195 2954 4268 ἀνθρώπων
2983 4196 3170 4267 ἐδήλου
3188 4197 3465 4266 δυνάμεις,
3494 4202 3648 4270 ὁμω-

2049 4287 2231 4358 νύμως
2261 4287 2482 4341 πετεινά
2514 4287 2744 4360 οὐρανοῦ
2780 4291 2958 4360 φήσας
2997 4288 3357 4360 διηρπακέναι
3389 4291 3482 4344 τὸν
3505 4294 3633 4344 σπόο

2053 4396 2142 4450 ρον
2164 4379 2272 4433 τῶν
2290 4378 2442 4452 παρά
2477 4379 2574 4450 τὴν
2607 4379 2724 4434 ὁδὸν
2748 4378 3160 4450 ὑποδεξαμένων
3193 4381 3375 4434 αὐτόν.

2703 4471 2814 4522 KA’
2845 4469 2978 4540 (l7).

2121 4561 2232 4614 Kal.
2255 4561 2428 4616 ταῦτα
2473 4563 2532 4616 δὲ
2569 4563 2886 4632 ἀναγκαίως
2912 4565 2941 4617 ό
2973 4564 3162 4636 Σωτὴρ
3195 4567 3306 4628 τοῖς
3334 4563 3504 4617 αὐτοῦ
3533 4583 3639 4635 μαο

2049 4652 2240 4724 θηταῖς
2278 4654 2598 4725 παρεδίδου,
2648 4655 2802 4709 νόσον
2843 4654 3270 4726 ἀργαλεωτάτην
3314 4656 3414 4727 τῆς
3449 4655 3640 4709 αὐτῶν

2046 4743 2246 4816 ψυχῆς,
2282 4745 2588 4816 χαυνότητά
2632 4763 2692 4799 τε
2744 4746 2840 4800 καὶ
2880 4745 3200 4811 ἀλαζονείαν
3241 4746 3494 4818 ἰώμενος,
3543 4749 3634 4801 καὶ

2047 4839 2272 4892 κωλύων
2301 4838 2360 4892 τὸ
2395 4839 2755 4910 μεγάλαυχον,
2811 4839 2886 4903 ὡς
2940 4839 3005 4894 ἂν
3061 4842 3272 4912 μήποτε
3318 4840 3641 4912 ὲπαρθεῖεν,

2049 4931 2188 5002 μηδέ
2220 4948 2272 4984 τι
2298 4931 2443 5002 μέγα
2479 4931 2614 5002 μηδὲ
2643 4931 2992 5002 ὑπερήφανον
3026 4932 3155 5004 περὶ
3187 4932 3394 4986 ἑαυτῶν
3433 4935 3631 5005 φρονήο

2049 5039 2220 5078 σαιεν.
2253 5024 2503 5077 Διδάσκει
2528 5023 2584 5076 δὲ
2607 5024 2864 5094 ἄντικρυς
2883 5025 2968 5092 ἐφ’
2987 5026 3116 5095 ἡμῖν
3137 5023 3349 5077 κεῖσθαι
3372 5025 3435 5078 τὸ
3465 5026 3637 5079 εἰσελ-

2048 5115 2179 5179 θεῖν,
2211 5115 2243 5186 ἢ
2279 5115 2376 5187 μὴ,
2411 5118 2491 5180 είς
2518 5115 2615 5186 τὴν
2645 5116 2916 5186 βασιλείαν
2951 5117 3042 5169 τοῦ
3079 5116 3234 5170 Θεοῦ.
3261 5119 3326 5171 Εἰ
3349 5119 3462 5190 γὰρ
3496 5119 3634 5173 κατά

2042 5203 2134 5256 τὸν
2162 5204 2440 5258 Ματθαῖον
2459 5205 2792 5276 στραφέντες
2830 5205 3126 5277 γενοίμεθα
3152 5208 3309 5272 ὡςτά
3349 5211 3526 5278 νήπια
3563 5215 3630 5282 τῇ

2043 5296 2211 5368 κακίᾳ
2242 5298 2600 5368 νηπιάζοντες
2628 5299 2771 5352 κατά
2812 5301 2904 5352 τὸν
2949 5299 3290 5364 Ἀπόστολον,
3329 5305 3427 5356 καὶ
3461 5307 3510 5356 εί
3540 5305 3625 5357 δε·-

2039 5387 2269 5458 χοίμεθα
2303 5389 2401 5460 τὴν
2439 5387 2719 5458 βασιλείαν
2765 5389 2841 5452 ὡς
2893 5389 3100 5443 ἁπλοῦν
3139 5392 3234 5444 καὶ
3259 5393 3630 5463 ἀπειρόκακον

2041 5478 2270 5543 παιδίον,
2305 5481 2399 5534 καὶ
2431 5481 2558 5534 εἰτὸ
2583 5481 2820 5552 καθαρὸν
2850 5482 2944 5535 καὶ
2971 5483 3231 5554 ἀμίαντον
3256 5486 3355 5556 τῆς
3374 5487 3628 5558 παιδικῆς

420 5551 467 5582 ⁸³
489 5551 578 5609 Ps.
603 5568 792 5620 xxxvi,
828 5555 886 5609 2.
959 5554 1008 5588 ⁸⁵
1043 5557 1130 5612 Ps.
1168 5573 1401 5626 cxxvtu,
1443 5563 1498 5614 6.
1571 5564 1618 5595 ⁸⁸
1635 5565 1831 5622 Matth.
1861 5583 1967 5624 xvu

2066 5571 2096 5625 ι.
2177 5572 2224 5603 ιο
2250 5574 2266 5626 l
2297 5573 2422 5629 Cor.
2455 5589 2569 5641 xrv,
2592 5575 2685 5630 eo.

422 5642 1002 5749 ructatio/eui.”
1038 5648 1106 5749 lix
1125 5649 1278 5749 245.”
1315 5650 1386 5748 b.~
1415 5652 1610 5735 titulus
1657 5659 1924 5749 .lllelIFDSB

2066 5667 2386 5749 o‘rrigendns
2404 5667 2477 5721 Εὐ
2487 5668 2668 5723 σεϐίου
2689 5667 2731 5724 δ’
2753 5665 3104 5749 Θεοφανείας,
3125 5667 3340 5725 Eusebii
3364 5671 3418 5727 in
3436 5682 3629 5745 quarto

351 5717 586 5784 scriptus
611 5717 907 5775 Εὐσεϐίου
935 5716 1218 5790 δευτέρας
1245 5721 1596 5792 θεός-πάγους.
1625 5728 1743 5786 sine
1765 5730 1929 5789 dubio

2040 5732 2414 5798 Theoyhaniw.
