3836 6216
121 320 234 376 685
1468 325 1565 385 DE
1602 328 2067 390 ΤΠΕΟΡΗΑΝΙΑ.
3273 340 3384 398 686

122 435 346 506 ἡλικίας
376 432 712 510 ζηλώσομεν,
755 441 1174 515 είσελευσόμεθα
1216 446 1295 509 είς
1329 446 1533 519 αὐτήν·
1566 450 1682 503 ἀλλά

1808 453 2198 520 adamabimus,
2266 454 2317 509 in
2368 468 2593 526 regnum
2640 454 3029 515 introibimus:
3078 458 3186 515 imo
3215 461 3378 517 etiam

120 529 221 581 καὶ
245 528 343 583 ἐὰν
374 530 772 603 εὖνουχίσωμεν
806 536 1029 599 ἑαυτοὺς
1053 536 1140 590 διά
1170 537 1269 609 τὴν
1296 537 1570 610 βασιλείαν
1599 541 1682 594 τῶ·

1810 544 1857 599 si
1905 554 2116 599 nosmet
2171 553 2399 612 propter
2445 559 2669 614 regnum
2718 538 2986 604 cmlorum
3051 552 3379 619 spadonahi—

118 619 402 690 οὐρανῶν
437 621 578 676 οὕτω
610 624 719 696 γάρ
757 643 840 689 τις
886 627 1134 699 ἐκτεμὼν
1172 630 1271 701 τῆς
1303 631 1497 685 ἐαυτοῦ
1528 632 1682 705 ψυχῆη

1808 650 1929 690 mus
1964 636 2077 707 (18)
2106 653 2121 702 ;
2153 636 2233 692 sic
2262 636 2408 691 enim
2438 635 2604 691 homo
2632 640 2934 707 praecidens
2974 655 3040 697 ex
3071 643 3251 697 anima
3280 658 3379 699 sua

119 712 235 763 πᾶν
268 712 328 764 τὸ
350 714 572 786 αίσχρὸν
596 719 690 771 καὶ
717 718 1015 773 ἀκόλαστον
1048 720 1241 786 πάθος,
1277 725 1326 776 εί
1360 726 1453 777 καὶ
1482 725 1581 796 τὴν
1611 728 1682 778 τοί

1810 736 2020 797 turpem
2073 731 2373 800 quamlibet
2429 741 2485 787 et
2547 733 2999 803 intemperantem
3049 735 3375 805 passionem,

117 799 380 871 σώματος
424 806 639 876 ἠλικίαν
672 809 1059 882 ,προόεϐηκὼς
1104 812 1190 884 εῐη
1235 814 1394 886 ἀνὴρ,
1447 819 1682 889 στραφελ,⁴

1805 821 1909 874 etsi
1965 799 2210 891 corporis
2260 832 2421 879 a'tate
2486 825 2597 895 jam
2645 825 2732 879 vir
2773 825 3033 893 evaserit,
3081 840 3379 881 conversus

115 892 320 960 γένοιτ’
337 896 401 948 ἂν
421 897 497 960 ὼς
523 899 754 954 παιδίον.
777 903 837 955 El
871 902 929 956 δὲ
965 904 1130 974 μηδὲν
1144 905 1349 960 τούτων
1378 907 1682 980 πράξαιμεν

1807 909 1901 965 ﬁet
1936 920 2190 981 tanquam
2218 929 2371 984 puer.
2397 892 2501 969 Sin'
2519 930 2649 971 vero
2674 915 2811 969 nihil
2834 892 3029 970 horum
3059 914 3376 981 fecerimus,

114 984 395 1055 ἀποφάσει
431 989 525 1042 τοῦ
573 991 827 1065 Σωτῆρος
871 994 1389 1068 ὑποδληθησόμεθα,
1433 1000 1573 1070 μετὰ
1610 1000 1703 1054 τοῦ

122 1076 275 1148 ἀμὴν
300 1080 746 1153 ἀποφηναμένου,
773 1087 853 1139 ὅτι
884 1087 1024 1159 εἰμὴ
1056 1088 1364 1161 πράξαιμεν
1384 1092 1578 1159 ταῦτα,
1606 1093 1706 1148 οὐκ

119 1167 279 1223 ἔσται
309 1171 440 1242 ἡμῖν
470 1174 743 1248 είσιτητὸν
775 1179 856 1241 είς
889 1178 987 1250 τὴν
1011 1179 1306 1249 βασιλείαν.

774 1267 881 1319 KB'
911 1267 1045 1341 (l9).

197 1351 391 1423 Ὁμοία
436 1354 493 1408 δὲ
541 1356 692 1428 παρά
721 1358 800 1430 τῷ
842 1361 1108 1434 Ματθαίῳ
1159 1366 1337 1419 κεῖται
1394 1366 1699 1439 παραϐολή.

109 1442 365 1515 Ὠσπερ,
415 1446 524 1519 γάρ
565 1466 750 1519 φησιν,
796 1450 1084 1523 ἄνθρωπος
1124 1455 1423 1527 ἀποδημῶν
1476 1457 1702 1512 ἐκάλεσε

106 1537 241 1598 τοὺς
273 1536 437 1602 ίδίους
466 1538 705 1607 δούλους,
742 1544 837 1597 καὶ
867 1538 912 1612 ᾧ
940 1545 1038 1616 μὲν
1064 1546 1231 1601 ἔδωκε
1257 1548 1418 1601 πέντε
1442 1550 1700 1615 τάλαντα,

106 1620 153 1693 ᾧ
203 1628 264 1682 δὲ
294 1628 407 1695 δύο,
447 1625 492 1699 ᾧ
514 1633 571 1685 δὲ
604 1634 696 1688 ἐν·
729 1637 852 1690 ἐπεὶ
896 1638 1066 1693 πολλά
1102 1641 1359 1712 τυγχάνει
1426 1643 1497 1697 τά
1548 1645 1704 1716 χαρίο

105 1735 293 1788 σματα
323 1721 568 1795 διάφοροί
587 1743 645 1779 τε
674 1726 766 1780 τοῦ
795 1728 950 1797 ἀγίου
973 1730 1287 1804 Πνεῦματος
1314 1737 1369 1789 αἱ
1393 1735 1701 1807 διαιρέσεις,

1817 1002 2129 1059 Servatoris
2179 1007 2463 1061 sententiae
2518 1007 2892 1076 subjiciemur,
2954 1020 3075 1060 cum
3136 1006 3375 1064 dictione

1815 1108 1975 1149 amen
2011 1095 2437 1164 interminantis,
2469 1098 2612 1167 quod
2639 1098 2740 1154 nisi
2775 1098 2848 1153 ita
2884 1112 2981 1153 nos
3026 1098 3374 1171 gesserimus,

1805 1202 1913 1242 non
1941 1187 2147 1256 patebit
2175 1190 2333 1246 nobis
2359 1191 2428 1245 ad
2453 1204 2678 1259 regnum
2702 1189 2979 1245 introitus.

2504 1279 2671 1337 XXII.

1877 1362 1987 1420 Par
2042 1366 2183 1437 apud
2236 1366 2553 1423 Matthaeum
2598 1384 2816 1440 quoque
2856 1378 3037 1425 exstat
3089 1368 3369 1441 parabola.

1803 1456 2016 1513 Etenim
2048 1459 2233 1524 homo,
2267 1467 2328 1512 ut
2364 1461 2460 1525 ait,
2493 1475 2720 1531 peregre
2749 1460 3127 1532 proficiscens,
3163 1464 3375 1517 vocavit

1804 1562 1994 1606 servos
2040 1563 2201 1619 suos;
2233 1560 2289 1605 et
2323 1551 2414 1605 uni
2445 1552 2664 1623 quidem
2694 1552 2842 1609 dedit
2875 1553 3119 1625 quinque
3149 1556 3371 1621 talenta,

1804 1638 1961 1694 alteri
1990 1640 2120 1705 duo,
2153 1641 2313 1696 tertio
2332 1642 2565 1712 denique
2592 1658 2759 1698 unum
2785 1644 2833 1677 ⁸⁷
2858 1660 2873 1710 ;
2904 1648 3032 1715 quia
3058 1644 3224 1700 multa
3247 1657 3376 1701 sunt

1807 1730 1975 1797 dona,
2003 1740 2058 1785 et
2081 1732 2313 1788 diversa;
2340 1733 2517 1788 sancti
2562 1732 2803 1805 Spiritus
2839 1736 3221 1805 diribitiones;
3254 1736 3375 1792 uni.

107 1812 329 1884 ἑκάστῳ
346 1814 403 1867 δὲ
431 1816 634 1873 δίδοται
660 1820 799 1891 πρὸς
824 1822 887 1875 τὸ
913 1824 1190 1896 συμφέρον
1211 1843 1223 1856 ο
1242 1827 1453 1895 γένοιτο
1476 1829 1541 1882 ἄν
1565 1845 1682 1882 ποτε

1803 1822 2002 1892 cuique
2042 1832 2222 1879 autem
2260 1824 2421 1880 datur
2439 1827 3149 1900 proutexpedit.Contingit
3176 1831 3374 1902 quippe

105 1904 137 1954 ὁ
178 1902 281 1971 μέν
309 1922 396 1968 τις
412 1906 546 1971 ,ἐνὸς
590 1910 816 1981 μέτοχος
848 1914 1207 1985 χαρίσματος,
1238 1918 1266 1969 ό
1289 1917 1345 1970 δέ
1376 1918 1542 1984 δυοῖν,
1582 1920 1611 1971 ό
1637 1919 1682 1973 δὲ

1796 1913 2088 1985 aliquando
2123 1926 2181 1970 ut
2216 1916 2413 1987 aliquis
2472 1933 2580 1973 uno
2610 1920 2751 1976 dono
2782 1922 3036 1991 potiatur,
3067 1923 3277 1980 duobus
3304 1923 3374 1977 al.

105 1998 375 2053 πλειόνων
399 2017 413 2032 ⁸
443 2002 616 2069 οὕτως
646 2002 739 2060 οὖν
760 2009 992 2082 εἴρηται,
1018 2012 1096 2083 τῷ
1120 2014 1217 2083 μὲν
1255 2015 1497 2070 δεδόσθαι
1530 2018 1682 2071 πέντε

1795 2015 1897 2068 ter,
1935 2006 2078 2062 alius
2112 2007 2345 2078 denique
2377 2008 2646 2079 pluribus.
2685 2012 2779 2067 Sic
2836 2027 2968 2082 ergo
3010 2013 3213 2069 dictum
3262 2025 3369 2079 εει,

103 2094 369 2160 τάλαντα,
399 2095 669 2154 τοσούτων
702 2106 1058 2176 χαρισμάτων
1082 2107 1168 2161 διὰ
1193 2108 1288 2162 τοῦ
1331 2110 1484 2179 ἁγίου
1520 2112 1693 2165 Πνεύι

107 2200 284 2253 ματος
338 2186 487 2257 αὐτῷ
532 2188 963 2263 δεδωρημένωνο
999 2198 1171 2271 ἑτέρῳ
1219 2199 1277 2253 δέ
1323 2201 1384 2254 οὐ
1430 2201 1689 2271 τοσαῦτα,

102 2277 221 2329 ἀλλ’
253 2277 313 2331 ἒν
349 2280 509 2350 μόνον
560 2279 800 2352 δέδοται,
860 2287 919 2353 ὃς
961 2290 1207 2357 πλείονος
1243 2294 1394 2365 τύχοι
1428 2295 1494 2350 ἂν
1526 2315 1693 2351 κατα-

102 2370 365 2463 κρίσεως,
405 2374 484 2428 ὅτι
526 2377 660 2449 μηδέ
690 2380 862 2434 πολλά
898 2382 1136 2454 εἰληφὼς
1176 2386 1251 2451 ὡς
1289 2388 1596 2459 ἀποκυῆσαι
1623 2393 1689 2463 τῇ

100 2458 211 2512 τῶν
228 2462 492 2517 πλειόνων
506 2467 756 2540 ἐργασίᾳ,
774 2470 894 2524 οὐδὲ
916 2473 1011 2525 τοῦ
1032 2474 1149 2539 ἑνὸς
1170 2477 1261 2529 τὸν
1277 2458 1691 2551 καρώνίέπορίί

104 2569 261 2617 σατο,
287 2555 459 2626 ἀργὸν
484 2556 541 2610 δὲ
574 2559 706 2612 αὐτὸ
750 2561 1011 2630 φυλάξας,
1042 2567 1135 2619 καὶ
1170 2569 1245 2639 μὴ
1286 2570 1544 2640 μεταδοὺς
1577 2572 1693 2625 ἑτέ-

106 2661 244 2713 ροις,
266 2649 590 2721 στερήσεται
609 2653 705 2706 καὶ
716 2653 906 2709 τούτου
924 2657 1066 2711 κατά
1090 2659 1188 2731 τὴν
1210 2662 1472 2732 σωτήριον
1487 2664 1696 2733 ἀπόφα-

104 2755 209 2801 σιν,
228 2739 545 2810 ἐλέγχοντος
559 2744 720 2799 αὑτὸν
738 2746 832 2800 τοῦ
853 2750 1038 2819 κριτοῦ
1054 2752 1144 2803 ἐπὶ
1156 2752 1321 2824 ἀργίᾳ
1335 2753 1428 2806 καὶ
1440 2752 1688 2826 ὀκνηρίᾳ,

100 2831 198 2883 καὶ
236 2832 477 2903 φοϐεράν
497 2835 725 2907 ἀπειλὴν
764 2837 859 2891 καὶ
888 2838 1067 2910 κρίσιν
1102 2842 1375 2914 ἀπότομον
1391 2844 1688 2899 κατάύτοῦ

100 2918 449 2991 ἐκφέροντος.
483 2924 546 2975 Ol
572 2924 628 2977 δὲ
648 2927 742 2979 καὶ
772 2928 1034 2983 πλειόνων
1061 2930 1156 2984 τοῦ
1183 2933 1340 3001 ἁγίου
1371 2934 1691 3005 Πνεύματος

100 3009 399 3081 ἠξιωμένοι
429 3016 812 3087 χαρισμάτων,
859 3015 975 3074 εἶτα
1004 3021 1209 3077 τούτων
1233 3025 1325 3078 τὸν
1358 3025 1569 3098 καρπὸν
1600 3027 1689 3081 διὰ

98 3107 198 3175 τῆς
228 3109 538 3179 πρακτικῆς
565 3110 829 3179 ἐργασίας
850 3114 1403 3181 πολυπλασιάσαντες,
1429 3118 1571 3172 κατά
1596 3121 1687 3174 τὸν

1793 2097 1885 2151 alii
1924 2099 2139 2168 quidem
2172 2100 2295 2154 data
2331 2099 2499 2157 fuisse
2534 2103 2775 2173 quinque
2799 2105 3025 2170 talenta,
3083 2107 3207 2177 quia
3247 2108 3373 2162 toti.

1792 2188 1914 2242 dem
1960 2190 2134 2243 sancti
2194 2191 2433 2259 Spiritus
2502 2194 2644 2247 dona
2677 2194 2748 2247 illi
2785 2194 3045 2250 attributa
3087 2204 3245 2251 sunt:
3279 2198 3368 2252 alii

1794 2292 1976 2337 autem
2007 2284 2150 2338 haud
2199 2284 2444 2349 totidem,
2482 2286 2575 2342 sed
2603 2303 2768 2341 unum
2804 2288 2991 2342 datum
3042 2287 3246 2353 fuisse;
3276 2291 3367 2359 qui

1793 2375 2097 2445 graviorem
2130 2377 2541 2433 damnationem
2572 2378 2830 2449 perferet,
2860 2381 2984 2450 quia
3025 2397 3148 2437 cum
3197 2383 3365 2437 multa

1792 2482 1900 2521 non
1951 2467 2275 2537 accepisset,
2328 2484 2396 2524 ne
2449 2469 2588 2524 forte
2635 2471 2703 2526 ad
2754 2473 3043 2542 operosius
3093 2476 3366 2546 negotium

1792 2563 2072 2627 torperet;
2115 2558 2465 2615 nihilominus
2494 2575 2563 2616 ne
2592 2575 2659 2615 ex
2702 2577 2808 2618 uno
2860 2564 3076 2633 quidem
3129 2564 3363 2622 fructum

1793 2650 2081 2716 retulerit;
2116 2653 2258 2721 quod
2288 2668 2412 2707 cum
2445 2653 2592 2708 iners
2622 2655 3001 2724 custodiverit,
3044 2670 3219 2727 neque
3246 2657 3367 2712 aliis

1793 2740 1957 2797 fuerit
1994 2743 2321 2812 impertitus,
2372 2744 2475 2801 hoc
2518 2746 2635 2816 ipso
2685 2738 3025 2818 spoliabitur,
3067 2751 3365 2806 secundum

1793 2828 2099 2891 Servatoris
2125 2835 2370 2904 eﬂ‘atum,
2402 2839 2699 2894 damnante
2721 2856 2842 2896 eum
2866 2840 3051 2911 judice
3078 2843 3145 2898 de
3174 2856 3366 2899 socora

1792 2926 1880 2979 dia
1940 2936 2102 2996 atque
2154 2929 2389 2999 ignavia,
2444 2930 2826 3002 terribilesque
2873 2935 3047 2991 minas
3085 2944 3142 2991 et
3187 2937 3364 2992 diram

1793 3019 2118 3071 sententiam
2156 3017 2421 3073 adversus
2450 3034 2575 3073 eum
2607 3018 2837 3075 ferente.
2885 3019 2988 3087 Qui
3024 3037 3155 3078 vero
3210 3023 3363 3093 plura

1792 3110 1964 3163 sancti
1998 3110 2234 3178 Spiritus
2258 3125 2483 3166 munera
2527 3112 2715 3167 collata
2741 3112 3069 3182 habuerunt,
3090 3125 3145 3171 et
3173 3116 3366 3172 deinde

100 3198 291 3269 καιρὸν
323 3198 425 3269 τῆς
452 3201 561 3253 τῶν
592 3202 764 3271 λόγων
796 3206 1110 3277 συνάρσεως
1140 3207 1321 3275 δεξιᾶς
1358 3211 1452 3263 καὶ
1478 3211 1682 3281 ἀγαθῆς

1795 3200 1986 3254 harum
2023 3202 2263 3257 fructum
2306 3217 2539 3272 operoso
2575 3203 2763 3260 labore
2804 3205 3259 3276 multiplicarunt,
3311 3208 3365 3263 hi

102 3290 414 3361 μαρτυρίας
445 3293 743 3359 τεύξονται.
784 3297 871 3349 Ἑν
896 3297 1098 3366 ὀλίγοις
1129 3299 1239 3371 γάρ
1265 3300 1689 3372 δοκιμασθέντας

98 3385 211 3447 τοῖς
246 3383 387 3437 κατά
418 3385 510 3438 τὸν
535 3387 805 3442 ἐνεστῶτα
833 3388 966 3459 βίον,
995 3393 1256 3460 μειζόνων
1286 3395 1393 3446 τῶν
1424 3395 1562 3449 κατά
1596 3397 1687 3448 τόν

102 3474 366 3544 μέλλοντα
379 3475 551 3531 αἰῶνα
563 3479 656 3531 καὶ
672 3479 937 3551 οὐρανίων
958 3483 1206 3537 ἐπάθλων
1220 3486 1564 3550 καταξιώσει.
1584 3488 1687 3540 Τὸν

97 3564 152 3617 δὲ
170 3567 409 3637 πονηρὸν
427 3569 519 3621 καὶ
538 3568 767 3641 ὀκνηρὸν
792 3572 975 3626 δοῦλον
1002 3574 1225 3644 ἐλέγξας
1249 3578 1341 3630 ἐπὶ
1363 3581 1428 3649 τῇ
1452 3579 1687 3651 πονηρίᾳ.

101 3659 194 3711 καὶ
216 3660 297 3729 τῷ
313 3660 477 3731 ὄκνῳ,
492 3664 557 3732 τῇ
577 3665 929 3738 προσηκούσῃ
944 3667 1257 3737 παραδώσει
1272 3669 1395 3741 δίκῃ
1409 3686 1424 3700 ο
1456 3671 1685 3740 ὀκνηρὸν

102 3751 202 3820 μὲν
231 3751 401 3805 αὐτὸν
427 3754 596 3807 εἰπὼν
628 3756 716 3809 διὰ
744 3756 806 3809 τὸ
841 3757 1005 3828 μηδὲν
1032 3759 1280 3831 ἐθελῆσαι
1320 3760 1427 3814 τῶν
1457 3760 1684 3814 δεόντων

95 3842 467 3912 ἐργάσασθαι,
510 3847 746 3919 πονηρὸν
783 3848 841 3902 δὲ
876 3848 964 3902 διά
994 3849 1056 3902 τὸ
1094 3852 1364 3923 τολμῆσαι
1405 3852 1569 3922 φάναι
1606 3852 1683 3923 τῷ

95 3932 289 3986 ἑαυτοῦ
326 3935 522 4007 κυρίῳ,
562 3938 843 4010 Αύστηρὸς
884 3936 936 3993 εἴ
971 3942 1275 4014 ἄνθρωπος,
1302 3945 1396 3998 καὶ
1426 3944 1495 3998 τά
1531 3944 1679 4015 ἑξῆς.

108 4020 443 4090 Ἀπελέγξας
470 4024 602 4093 γοῦν
617 4027 777 4081 αὑτὸν
803 4029 1068 4101 πρότερον
1090 4032 1167 4096 ὼς
1184 4033 1678 4101 ἐναντιολογοῦντα,

94 4114 190 4166 καὶ
224 4116 289 4167 ἐκ
313 4115 406 4168 τοῦ
435 4116 703 4187 στόματος
735 4122 1074 4193 κατακρίνας
1113 4125 1298 4189 αὐτὸν,
1326 4127 1429 4192 ὅτι,
1474 4128 1680 4201 καίπερ

91 4206 259 4259 αὑτὸν
278 4207 551 4280 αὐστηρὸν
572 4211 666 4263 καὶ
690 4213 1067 4285 ἀπαραίτητον
1099 4216 1293 4288 κριτὴν
1315 4213 1453 4272 εἶναι
1475 4220 1677 4290 φήσας,

92 4298 249 4367 ὅμως
279 4300 684 4371 κατεφρόνησεν
728 4304 804 4368 ὼς
844 4305 1011 4375 μηδὲν
1044 4307 1247 4376 ἀγαθὸν
1279 4308 1502 4380 θελῆσαι
1533 4313 1679 4381 πρᾶ-

93 4389 201 4454 ξαι,
226 4391 575 4464 δικαιοτάτην
593 4393 789 4459 ἐξοίσει
810 4398 910 4467 τὴν
931 4397 1051 4450 κατ’
1082 4397 1247 4452 αὑτοῦ
1275 4398 1474 4470 ψῆφον,
1502 4402 1679 4472 σκότῳ

1791 3307 1898 3360 quo
1928 3302 2174 3362 tempore
2203 3295 2475 3349 rationum
2518 3295 2626 3350 dati
2662 3304 2717 3351 et
2759 3296 2969 3366 accepti
3000 3298 3226 3353 collatio
3252 3299 3362 3362 fiet,

1788 3384 2024 3438 faustum
2065 3386 2377 3456 bonumque
2404 3387 2775 3442 testimonium
2832 3388 3089 3444 referent.
3122 3389 3365 3461 Namque

1789 3475 1841 3529 in
1872 3475 2062 3544 paucis
2088 3477 2367 3544 probatos,
2406 3476 2459 3531 in
2490 3487 2755 3547 praesente
2787 3479 3045 3533 nimirum
3077 3480 3211 3547 vita,
3242 3497 3361 3535 ma-

1781 3565 1993 3635 joribus
2027 3566 2081 3619 in
2112 3566 2295 3621 futuro
2341 3567 2540 3622 saeculo
2572 3578 2627 3622 et
2651 3568 2969 3623 caelestibus
3008 3570 3249 3636 praemiis
3290 3570 3365 3623 di.

1786 3656 2045 3727 gnabitur
2070 3657 2354 3712 Dominus.
2390 3658 2456 3712 At
2490 3673 2620 3715 vero
2655 3674 2888 3729 nequam
2940 3675 3159 3715 servum
3200 3672 3256 3716 et
3284 3665 3362 3731 pi-

1785 3762 1962 3817 grum,
2000 3750 2244 3803 incusata
2273 3748 2389 3817 ejus
2414 3750 2763 3819 improbitate
2785 3760 2839 3806 et
2858 3752 3093 3822 ignavia,
3122 3766 3361 3824 congrua

1784 3856 1944 3910 paena
1979 3840 2210 3909 afﬁciet;
2258 3845 2537 3899 socordem
2585 3858 2707 3898 eum
2733 3845 3051 3915 lappellans,
3076 3847 3203 3916 quia
3236 3846 3359 3902 oﬂi-
3439 3880 3453 3903 1

1783 3934 1927 3988 cium
1959 3949 2069 3989 non
2095 3936 2409 4003 praestiterit
2439 3954 2454 4003 ;
2494 3951 2721 4006 nequam
2756 3946 2960 4004 autem,
2986 3937 3112 4007 quia
3145 3938 3362 3994 domino

1770 4012 1882 4080 ’δυο
1920 4026 2104 4081 dicere
2134 4042 2299 4082 ausus
2338 4027 2822 4097 fuerit,:Ansterus
2846 4043 2907 4084 es
2937 4030 3120 4094 homo,
3151 4039 3205 4085 et
3238 4030 3362 4085 reli-

1782 4134 1908 4188 qua.
1938 4119 2107 4190 Igitur
2141 4136 2206 4176 eo
2235 4130 2495 4192 coarguto
2521 4122 2666 4191 quod
2718 4123 3079 4192 repugnantia
3109 4123 3361 4194 loquereo

1784 4221 1892 4277 tur,
1920 4222 1977 4267 et
1998 4230 2065 4268 ex
2094 4228 2188 4268 ore
2214 4213 2332 4283 ejus
2363 4214 2653 4278 damnans,
2685 4216 2811 4285 quia
2841 4231 2963 4270 cum
3014 4232 3138 4271 eum
3182 4226 3361 4271 auste-

1782 4317 1903 4357 rum
1930 4312 1984 4357 et
2013 4303 2404 4358 inexorabilem
2432 4302 2668 4374 iudicem
2702 4320 2825 4360 esse
2860 4307 3110 4371 dixisset,
3167 4307 3363 4362 nibilo-

1788 4396 1971 4449 minus
2000 4404 2112 4449 tam
2160 4394 2323 4449 fuerit
2351 4396 2628 4463 negligens
2660 4405 2717 4450 ut
2745 4397 2879 4452 nihil
2921 4413 3085 4468 agere
3120 4400 3246 4454 boni
3277 4414 3360 4453 vn-

92 4483 376 4554 παραδοὺς
432 4486 595 4538 αὐτὸν
642 4485 916 4560 ἐξωτάτω,
969 4490 1046 4553 ὡς
1088 4492 1150 4544 οὐ
1193 4492 1351 4561 μόνον
1378 4493 1545 4564 ἀργὸν
1577 4495 1673 4547 καὶ

1792 4486 1968 4548 luerit,
2002 4484 2368 4553 justissimam
2405 4487 2545 4541 feret
2585 4488 2637 4541 in
2667 4502 2788 4542 eum
2825 4488 3181 4552 sententiam,
3220 4498 3359 4543 tene
3456 4556 3461 4561 _

92 4575 359 4646 πονηρὸν,
410 4576 546 4631 ἀλλά
588 4580 681 4632 καὶ
728 4581 944 4652 ἀχρεῖον
985 4583 1080 4635 καὶ
1126 4583 1433 4653 ἀπόϐλητον
1467 4583 1670 4640 δοῦλον.

91 4666 244 4733 Δόξει
278 4667 379 4738 μὲν
400 4664 492 4721 οὖν
518 4670 863 4742 ἀπεριέργως
883 4673 1006 4725 ὅσον
1035 4674 1126 4726 ἐπὶ⁸
1154 4676 1219 4745 τῇ
1238 4674 1527 4745 ἀκολουθίᾳ
1550 4676 1677 4747 περὶ

91 4756 185 4809 τοῦ
228 4757 398 4828 μηδὲν
425 4761 822 4832 ἐργασαμένου,
849 4762 986 4817 ἀλλά
1020 4763 1437 4834 ἀποκρύψαντος
1476 4764 1537 4817 τὸ
1577 4766 1675 4818 τά-

93 4848 291 4903 λαντον
310 4892 324 4915 ,
348 4851 494 4905 τοῦτ’
528 4854 801 4925 εἰρῆσθαι·
831 4856 955 4908 ἐπεὶ
987 4855 1045 4907 δέ
1070 4856 1131 4909 τὸ
1158 4858 1237 4919 εἰς
1258 4851 1545 4927 ἡμᾶςῆκον
1563 4856 1674 4926 (21))

103 4942 420 5014 Ἐὅραῖκοῖς
484 4945 861 5016 χαρακτῆρσιν
904 4945 1232 5014 Εὐαγγέλιον
1285 4945 1385 5018 τὴν
1442 4945 1675 5018 ἀπειλὴν

91 5035 152 5086 οὐ
192 5036 340 5089 κατά
369 5036 463 5089 τοῦ
510 5037 926 5109 ἀποκρύψαντος
958 5038 1182 5109 ἐπῆγεν,
1228 5038 1364 5093 ἀλλά
1406 5038 1550 5093 κατὰ
1581 5040 1674 5093 τοῦ

162 5125 209 5157 ⁸⁷
245 5127 435 5182 Matth.
476 5144 605 5193 xxv,
628 5130 716 5185 M.

163 5220 282 5288 (18)
328 5219 461 5275 Utor
494 5222 596 5276 hoc
625 5224 811 5288 verbo,
844 5222 985 5287 quod
1006 5233 1092 5276 est
1124 5221 1175 5275 in
1218 5221 1537 5291 fragmentis
1565 5236 1664 5273 an-

93 5290 424 5357 tiquissimis
453 5294 655 5346 veteris
680 5293 821 5350 Itala:
853 5293 1043 5347 Matth.
1074 5308 1185 5354 xIx,
1207 5290 1359 5356 12,7a
1394 5308 1479 5347 me
1503 5292 1664 5345 editis

90 5376 212 5412 cum
237 5362 428 5433 sancti
462 5362 750 5432 Augustini
780 5364 1015 5433 genuino
1046 5360 1305 5433 Speculo_;
1362 5364 1525 5433 idque
1568 5376 1663 5413 vo-

92 5430 346 5503 cabulum
399 5431 451 5503 in
502 5430 624 5487 meo
666 5430 880 5503 quoque
936 5433 1204 5503 glossario
1255 5430 1452 5501 Spicil.
1493 5441 1532 5484 t.
1582 5446 1663 5495 tx,

88 5498 207 5573 iure
238 5502 433 5570 scripsi
461 5521 475 5556 :
507 5504 640 5556 Sunt
679 5498 963 5573 ipadones',’
1005 5511 1139 5567 etc.,
1166 5504 1256 5572 qui
1286 5498 1340 5556 se
1378 5504 1517 5571 ipsos
1544 5518 1668 5573 spa-

90 5568 418 5645 ιξοηαιίενιιηι
451 5589 666 5645 propter
688 5568 926 5645 regnum.
962 5573 1079 5645 Quo
1106 5568 1519 5645 piogsensu’tet
1554 5568 1671 5645 qni-

92 5639 212 5712 dem
254 5640 361 5696 huc
420 5639 949 5712 respiciensfetiam
1002 5639 1369 5698 Ter—tullianus
1421 5642 1497 5697 De
1541 5639 1668 5697 calt.

94 5707 211 5832 15:.
236 5725 313 5780 ix,
332 5712 488 5783 dixit,
506 5707 561 5769 ie
586 5715 905 5785 spadonatui
927 5714 1198 5786 assignant
1225 5722 1438 5785 propter
1457 5727 1672 5780 regnum

1781 4575 1965 4629 nebris
2020 4575 2386 4631 exterioribus
2432 4590 2556 4631 eum
2621 4576 2865 4642 tradens,
2922 4591 3028 4630 non
3088 4580 3249 4631 modo
3301 4587 3358 4632 ut

1776 4666 2064 4721 socordem
2094 4674 2150 4720 et
2176 4680 2428 4735 nequam.
2458 4681 2644 4721 verum
2679 4668 2844 4722 etiam
2882 4676 2941 4722 ut
2979 4667 3227 4722 inutilem
3265 4672 3359 4723 do-

1779 4773 1976 4827 moque
2021 4757 2333 4827 pellendum
2382 4757 2664 4813 famulum.
2707 4759 2994 4814 Videbitur
3033 4774 3163 4830 ergo
3195 4774 3357 4830 appa—

1780 4859 1980 4917 rentcr,
2011 4849 2155 4905 haud
2187 4850 2321 4905 satis
2346 4861 2603 4905 accurate
2635 4850 2778 4919 quod
2802 4852 2996 4905 attinet
3016 4852 3081 4905 ad
3103 4865 3357 4905 sensuum

1784 4942 2085 5012 sequelam,
2120 4941 2223 4996 hoc
2257 4942 2324 4996 de
2369 4942 2462 4995 illo
2495 4942 2664 4996 fuisse
2715 4941 2919 4995 dictum
2943 4943 3036 5011 qui
3070 4941 3204 4996 nihil
3229 4957 3357 5012 ope-

1789 5052 1918 5091 rans
1973 5036 2237 5090 talentum
2291 5034 2600 5089 abscondit.
2661 5034 2820 5090 Certe
2868 5037 3012 5106 quod
3076 5035 3357 5092 Hebraicis

1838 5216 1952 5305 (l9)
1996 5216 2399 5305 ilﬁocvquoque
2441 5217 2632 5305 ingens
2665 5218 3240 5305 fragmentumttsque
3287 5222 3356 5303 ad

1768 5291 1935 5369 verba
1986 5297 2244 5373 exiget-na.
2292 5287 2609 5373 παραδιρσει
2655 5287 2806 5373 δίκῂ,
2857 5287 3249 5373 εοιςὶιυιίιιιιὶηη
3279 5295 3353 5373 “in

1767 5358 1957 5431 codice
1987 5356 2198 5433 Αεεδι.
2230 5358 2283 5433 [1.
2309 5356 2607 5433 Εὑρεσίου
2636 5360 2704 5423 ,6.
2741 5356 3067 5433 (ἐυιιὶείειίε
3095 5376 3256 5428 supra
3274 5361 3353 5433 β.)

1769 5424 2132 5496 Θεοφανείας
2164 5441 2190 5498 εν
2220 5426 2458 5491 Eusebii,
2489 5430 2625 5482 libro
2654 5424 2840 5498 quarto
2868 5424 3243 5496 ΤΙιεόμΙιηηὶίε.

1839 5499 1952 5572 (29)
1980 5499 2154 5572 Etiam
2182 5497 2233 5572 i_t_t
2262 5497 2483 5572 Syriaca
2504 5497 2971 5572 Theophaniqlib.
3004 5515 3077 5572 tv,
3112 5500 3201 5572 12,
3236 5500 3353 5555 lau-

1773 5566 1868 5625 dat
1894 5566 2162 5639 Eusebius
2191 5566 2471 5639 Evangelii
2504 5566 2787 5639 exemplar
2824 5568 3109 5624 Hebraicis
3137 5566 3237 5639 (id,
3268 5582 3353 5627 est

1771 5639 2050 5712 Syriacis)
2104 5638 2297 5692 litteris
2324 5639 2605 5712 scriptum.
2644 5637 2764 5693 Jam
2805 5653 2933 5712 vero
2961 5655 3083 5694 cum
3121 5637 3173 5695 in
3205 5638 3350 5712 ﬂat.

1774 5708 2102 5781 bibliotheca
2126 5714 2295 5764 codex
2318 5708 2507 5781 exstet
2522 5708 2784 5781 Syriacus
2823 5708 2923 5764 sub
2946 5724 3170 5766 numero
3204 5710 3352 5781 XIX,

1776 5782 1991 5844 priscos
2033 5780 2169 5837 adeo
2210 5788 2269 5836 ut
2315 5778 2533 5838 Eusebii
2569 5778 2800 5836 'aetatem
2848 5793 3136 5849 tamquam
3194 5778 3355 5840 posse
