3836 6216
475 312 582 369 687

1207 306 1473 363 EUSEBII
1510 303 1978 362 CESARIENSIS
2014 304 2167 361 OPP.
2210 303 2390 359 PARS
2428 304 2517 359 IV.
2555 331 2626 345 -—
2664 301 3083 358 DOGMATICA.

3617 304 3721 355 6815

477 429 671 486 litteris
723 427 1093 498 conscriptum
1136 426 1492 496 Evangelium
1540 426 1608 481 ad
1651 441 1750 481 nos
1807 426 2037 489 devenit,

2147 422 2367 488 ἀσώτως
2406 424 2680 495 ἑζηκότος.
2722 424 2883 495 Τρεῖς
2909 422 3019 493 γὰρ
3056 420 3276 483 δούλους
3322 419 3600 491 περιεῖχε,
3632 420 3721 472 τὸν

477 525 655 579 minas
703 521 825 578 illas
873 521 1020 577 haud
1068 529 1259 577 contra
1290 519 1480 576 talenti
1507 519 1918 585 occultatorem,
1947 518 2041 574 sed

474 626 666 674 contra
692 614 970 671 luxuriose
997 613 1270 670 viventem
1318 613 1576 669 intendit.
1611 611 1747 668 Tres
1780 611 1925 665 enim
1967 609 2041 667 ibi

477 718 941 780 repraesentantur
967 710 1147 768 servi;
1174 708 1312 764 alius
1347 707 1546 762 domini
1578 704 1934 761 substantiam
1957 702 2043 757 de-

471 813 674 853 vorans
703 813 827 853 cum
858 797 1235 852 meretricibus
1256 806 1311 850 et
1331 794 1681 859 saltricibus;
1714 792 1853 848 alter
1876 803 2043 862 Opere

473 888 876 958 multiplicans;
906 888 1100 943 tertius
1118 887 1378 942 talentum
1396 885 1702 941 occultans.
1733 883 1935 939 Deinde
1963 881 2043 938 ait

471 995 638 1035 unum
668 980 885 1049 quidem
935 979 1196 1034 benevole
1244 986 1552 1048 exceptum,
1592 976 1817 1033 alterum
1854 989 2040 1045 repre-

472 1074 703 1130 hensum
737 1072 1133 1135 tantummodo,
1160 1072 1378 1127 tertium
1405 1071 1457 1125 in
1481 1068 1695 1125 vincula
1714 1068 2038 1139 conjectum.

470 1170 720 1240 Ambigo,
763 1183 832 1222 an
865 1167 1004 1222 forte
1037 1167 1179 1236 apud
1216 1165 1529 1221 Matthazum
1564 1174 1681 1235 post
1732 1163 2039 1219 absolutum

472 1269 661 1316 contra
693 1261 938 1331 ignavum
971 1272 1189 1313 servum
1241 1270 1576 1320 sermonem,
1623 1271 1743 1325 quae
1793 1254 2041 1325 sequitur

469 1352 762 1417 sententia,
796 1352 936 1406 haud
965 1351 1017 1405 in
1044 1349 1211 1413 hunc,
1258 1347 1351 1403 sed
1383 1363 1479 1416 per
1506 1346 1863 1417 epanalepsiu
1897 1345 2041 1400 dicta

469 1438 633 1493 fuerit
694 1438 954 1494 adversus
1026 1436 1398 1492 comedentem
1456 1445 1511 1490 et
1565 1436 1836 1491 bibentem
1912 1449 2038 1490 cum

469 1530 721 1585 ebriosis.
1790 1536 1797 1545 ·

538 1618 664 1673 Ηωο
711 1617 878 1689 igitur
932 1618 1005 1674 ita
1041 1618 1181 1687 apud
1230 1618 1542 1672 Matthmum
1613 1615 1757 1670 dicta
1821 1613 2040 1669 fuerunt

469 1709 524 1765 in
550 1719 734 1766 monte
760 1709 1035 1774 Olearum,
1057 1711 1146 1764 ubi
1169 1710 1430 1767 Servator
1451 1723 1575 1764 cum
1603 1706 1883 1775 discipulis
1906 1720 2042 1761 cono

467 1801 666 1859 sistens
695 1803 760 1858 de
784 1803 970 1858 mundi
1016 1801 1482 1857 consummatione
1525 1799 1849 1856 disserebat.
1893 1796 2040 1852 Pras-

469 1893 674 1949 dictam
710 1903 891 1948 autem
916 1894 1229 1963 parabolam
1260 1895 1409 1950 solus
1439 1892 1617 1949 Lucas
1644 1874 2039 1947 commemorat

467 1993 726 2053 tanquam
786 1986 984 2040 dictam
1018 2001 1047 2040 a
1104 1985 1397 2041 Servatore
1449 2000 1557 2055 quo
1596 1991 1843 2053 tempore
1895 1981 2038 2050 apud

470 2070 876 2129 Hierichuntem
905 2073 1135 2145 degebat
1164 2074 1235 2129 ⁸⁸.
1266 2074 1445 2143 Quare
1464 2086 1582 2129 'nec
1614 2073 1861 2128 eamdem
1897 2071 2040 2126 hanc

466 2180 590 2221 cum
616 2165 703 2220 illa
731 2179 851 2221 esse
874 2167 1175 2235 putandum
1199 2176 1306 2232 est,
1335 2166 1593 2235 quoniam
1623 2178 1744 2235 quae
1778 2162 1832 2217 in
1858 2162 2041 2219 amba-

467 2258 570 2313 bus
600 2257 873 2326 leguntur,
917 2259 1059 2312 haud
1091 2257 1285 2313 similia
1337 2266 1484 2313 sunt.
1514 2254 1613 2311 Hic
1660 2255 1803 2310 enim
1851 2254 2036 2311 decem

466 2351 730 2406 dicuntur
756 2348 925 2413 servi,
950 2348 1059 2404 illic
1082 2348 1225 2403 haud
1261 2348 1375 2417 pari
1412 2360 1658 2402 numero.
1709 2345 1810 2400 Hic
1838 2344 2034 2415 singuli

465 2440 708 2512 singulas
734 2440 910 2495 minas
932 2439 1223 2511 accipiunt,
1252 2439 1363 2495 illic
1381 2438 1520 2494 alius
1544 2438 1784 2508 quinque
1814 2439 2033 2505 talenta,

480 2534 621 2588 alter
646 2532 775 2598 duo,
810 2532 1002 2588 tertius
1021 2545 1184 2586 unum
1214 2531 1433 2601 accipit.
1478 2530 1575 2585 Hic
1608 2530 1699 2599 qui
1729 2529 2039 2600 decuplavit

471 2625 700 2691 minam,
730 2624 882 2679 audit
911 2639 927 2678 :
962 2620 1134 2692 Euge,
1161 2635 1319 2677 serve
1355 2622 1496 2677 bone
1525 2629 1581 2676 et
1602 2620 1796 2684 ﬁdelis,
1821 2621 1946 2690 quia
1982 2622 2035 2675 in

477 2712 705 2768 minimo
732 2711 880 2767 fuisti
910 2712 1103 2778 ﬁdelis,
1134 2722 1253 2767 esto
1276 2720 1599 2782 potestatem
1635 2712 1841 2767 habens
1878 2726 2038 2783 super

465 2806 652 2860 decem
684 2805 865 2861 urbes.
886 2804 985 2873 Qui
1014 2815 1194 2861 autem
1225 2820 1293 2861 ex
1321 2821 1422 2861 una
1451 2805 1580 2860 fecit
1607 2805 1866 2876 quinque,
1887 2805 2039 2861 simi-

476 2894 605 2949 liter
620 2895 770 2951 audit
802 2909 819 2949 :
850 2895 929 2951 'l‘u
956 2910 1173 2967 quoque
1204 2911 1365 2967 supra
1426 2896 1661 2966 quinque
1713 2897 1873 2952 urbes
1897 2905 2036 2951 esto.

467 2982 529 3041 In
558 2986 886 3041 talentorum
918 3001 1048 3042 vero
1064 2989 1320 3058 parabola
1349 2987 1631 3043 dicebatur
1658 3004 1674 3044 :
1697 3001 1851 3059 euge,
1883 3002 2038 3043 serve

468 3077 639 3142 bone;
670 3078 724 3132 in
751 3078 941 3147 paucis
964 3077 1115 3134 fuisti
1146 3078 1337 3147 ﬁdelis,
1368 3093 1533 3149 super
1562 3082 1734 3135 multa
1763 3088 1817 3135 te
1839 3078 2041 3137 consti-
2066 3118 2109 3179 ο

471 3179 619 3227 tuam
645 3188 663 3239 ;
690 3172 834 3227 intra
862 3172 917 3226 in
943 3171 1197 3242 gaudium
1228 3171 1434 3229 domini
1460 3171 1561 3228 tui.

538 3443 653 3513 Age
697 3457 828 3498 vero
872 3441 1143 3512 parabolae
1186 3440 1617 3513 explanationem
1670 3442 1736 3497 ad
1786 3458 2042 3515 compen~

463 3537 613 3591 dium
643 3534 1022 3603 conferentes,
1055 3534 1127 3589 ita
1158 3536 1417 3591 dicimus.
1451 3536 1877 3592 Arbitrabantur
1908 3552 2042 3592 non-

463 3629 615 3699 nulli,
642 3628 819 3700 primo
850 3627 1162 3684 Servatoris
1184 3628 1355 3683 nostri
1383 3627 1617 3683 adventu
1662 3642 1886 3698 regnum
1922 3629 2041 3700 ejus

462 3723 601 3791 fore,
632 3722 795 3792 idque
818 3730 948 3776 tunc
975 3720 1318 3790 iucepturum
1353 3719 1743 3776 existimabant
1767 3722 1950 3776 statim
1977 3737 2041 3777 ac

462 3814 837 3887 Hierosolyma
899 3813 1258 3868 ascendisset.
1299 3812 1449 3867 Adeo
1506 3812 1627 3868 illos
1681 3813 2041 3869 admiratione

462 3906 814 3976 perculerant
859 3912 1073 3973 patrata
1119 3903 1190 3958 ab
1252 3903 1372 3973 ipso
1425 3902 1706 3958 miracula.
1765 3902 2042 3959 Adversus

463 3996 935 4065 hancopinionem
964 3993 1227 4050 Servator
1251 3995 1441 4059 docet,
1483 3993 1626 4048 haud
1661 4003 1788 4049 ante
1813 4009 1842 4047 a
1878 3991 2065 4069 Patre'

463 4102 524 4143 se
551 4102 776 4158 regnum
808 4096 1187 4155 accepturum,
1227 4100 1390 4155 quam
1431 4099 1660 4156 peregre
1703 4084 1772 4139 ab
1800 4086 2039 4141 homini-

464 4182 564 4236 bus
591 4181 661 4235 ad
691 4178 909 4235 Patrem
941 4179 1160 4235 abierit.
1198 4177 1254 4232 Id
1284 4193 1415 4233 vero
1450 4179 1555 4234 bac
1599 4178 1851 4247 parabola
1895 4177 2041 4233 δωτ-

464 4273 634 4327 mavit
663 4272 853 4327 dicens
886 4288 902 4328 :
934 4271 1108 4325 Homo
1134 4271 1352 4341 quidam
1387 4270 1579 4326 nobilis
1609 4271 1737 4325 abiit
1778 4272 1834 4325 in
1867 4272 2040 4342 regio.

462 4378 579 4417 nem
605 4360 968 4431 longinquam,
997 4356 1053 4414 ut
1074 4361 1329 4428 acciperet
1352 4360 1452 4414 sibi
1476 4378 1715 4431 regnum,
1742 4370 1791 4415 et
1813 4364 2038 4429 rediret;

2146 519 2244 589 μὲν
2291 518 2673 588 καταφαγόντα
2716 516 2815 587 τὴν
2858 513 3092 586 ὓπαρξιν
3133 509 3229 566 τοῦ
3276 510 3541 566 δεσπότου
3583 510 3720 580 μετὰ

2142 609 2359 682 πορνῶν
2399 612 2493 663 καὶ
2523 607 2857 680 αὐλητρίδων
2877 648 2892 672 ,
2930 606 3022 659 τὸν
3066 605 3124 658 δὲ
3166 602 3723 658 πολλαπλασιάσαντα

2141 696 2240 767 τὴν
2279 697 2561 767 ἐργασίαν,
2578 696 2668 750 τὸν
2690 696 2746 749 δὲ
2764 692 3190 764 κατακρύψαντα
3208 692 3269 746 τὸ
3288 692 3574 745 τάλαντον·
3602 687 3724 744 εἶτα

2140 788 2231 841 τὸν
2263 788 2360 860 μὲν
2395 785 2890 859 ἀποᾶχθῆναι,τδν
2921 785 2978 838 δὲ
3014 783 3331 855 μεμφθῆναι
3351 783 3532 854 μόνον,
3550 782 3647 835 τὸν
3669 782 3725 835 δὲ

2144 878 2565 948 σιιγκλεισθῆναι
2621 876 3001 949 δεσμωτηρίῳ.
3057 876 3393 944 Ἑφίστημι,
3464 876 3723 945 μήποτε,

2141 969 2284 1023 κατὰ
2308 971 2399 1023 τὸν
2419 968 2713 1029 Ματθαίον,
2738 966 2877 1038 μετὰ
2898 967 2998 1038 τὴν
3019 965 3413 1035 συμπληρωσιν
3438 964 3534 1017 τοῦ
3562 964 3725 1031 λόγου

2139 1062 2239 1134 τὴν
2266 1061 2408 1116 κατὰ
2425 1061 2519 1116 τοῦ
2552 1061 2717 1132 μηδὲν
2733 1059 3110 1133 ἱργασαμένου
3142 1062 3175 1130 ἡ
3206 1058 3333 1129 ἑξῆς
3356 1055 3724 1128 ἐπιλεγομένη

2139 1153 2337 1224 ἀπειλὴ
2364 1154 2424 1207 οὐ
2450 1152 2580 1223 περὶ
2612 1151 2801 1216 αὐτοῦ,
2837 1150 2975 1205 ἀλλὰ
3008 1151 3137 1221 περὶ
3176 1149 3272 1203 τοῦ
3301 1149 3569 1221 προτέρου
3598 1147 3725 1202 κατ’

2139 1244 2477 1317 ἐπανάληψιν
2499 1244 2747 1298 λέλεκται
2770 1242 2863 1296 τοῦ
2887 1242 3157 1306 ἐσθίοντος
3185 1241 3278 1295 καὶ
3307 1241 3554 1306 πίνοντος
3582 1240 3728 1312 μετὰ

2140 1339 2247 1393 τῶν
2281 1337 2380 1409 μεθ
2387 1337 2605 1390 υόντων.

2209 1609 2395 1665 Ταῦτα
2451 1610 2551 1681 μὲν
2594 1604 2687 1663 οὖν
2725 1610 2900 1675 οὕτως
2931 1611 3142 1682 εἴρηται
3199 1612 3352 1681 παρὰ
3407 1608 3501 1663 τοῦ
3557 1611 3725 1664 Ματ-

2140 1702 2292 1756 θαίου
2318 1704 2413 1756 ἐπὶ
2441 1702 2534 1755 τοῦ
2561 1702 2722 1774 ὅρους
2766 1702 2874 1755 τῶν
2912 1702 3159 1767 Ἐλαιῶν,
3180 1702 3275 1756 τοῦ
3322 1703 3577 1773 Σωτῆρος
3609 1705 3729 1766 τοῖς

2140 1793 2302 1848 αὑτοῦ
2362 1793 2630 1865 μαθηταῖς
2673 1796 2923 1859 συνόντος
2978 1795 3072 1848 καὶ
3124 1794 3195 1848 τὰ
3227 1793 3356 1866 περὶ
3391 1793 3492 1864 τῆς
3534 1810 3729 1848 συντε-

2139 1888 2290 1952 λείας
2339 1888 2891 1960 προδιαστελλομένου
2921 1904 2936 1918 ο
2989 1887 3089 1960 τὴν
3121 1888 3179 1941 δὲ
3213 1888 3584 1959 προκειμένην
3622 1905 3729 1942 πα-

2142 1980 2373 2052 ραϐολὴν
2404 1980 2565 2051 μόνος
2586 1983 2800 2046 Λουκᾶς
2842 1982 3346 2054 ἀπεμνημόνευσεν,
3378 1982 3456 2045 ὡς
3486 1981 3582 2035 τοῦ
3613 1984 3727 2035 Σω-

2138 2070 2304 2141 τῆρος
2340 2071 2622 2142 εἰρηκότος
2648 2071 2817 2142 αὐτὴν
2831 2070 2955 2125 καθ’
2977 2072 3036 2126 ὃν
3064 2071 3253 2143 χρόνον
3281 2070 3339 2125 ὲν
3380 2063 3601 2143 Ἱεριχδῖ
3626 2072 3727 2134 τὰς

2137 2160 2419 2232 διατριϐὰς
2474 2164 2725 2216 ἐποιεῖτο.
2772 2163 2972 2236 Διόπερ
3018 2163 3140 2217 οὐδὲ
3187 2163 3284 2235 τὴν
3317 2164 3488 2236 αὐτὴν
3538 2165 3729 2238 ἐκείνῃ

2137 2251 2342 2323 ταύτην
2399 2247 2538 2305 εἶναι
2570 2253 2926 2323 ὑποληπτέον,
2955 2255 3078 2308 ἐπεὶ
3113 2254 3248 2326 μηδὲ
3307 2240 3374 2308 τὰ
3427 2256 3485 2309 ὲν
3537 2257 3728 2319 αὐτοῖς

2140 2344 2414 2416 φερόμενα
2469 2346 2631 2415 ὅμοια
2683 2347 2959 2417 τυγχάνει.
3001 2347 3264 2401 Ἐνταῦθα
3320 2347 3423 2419 μὲν
3453 2348 3564 2419 γὰρ
3590 2348 3729 2401 δέκα

2139 2437 2387 2506 λέγονται
2412 2437 2608 2502 δοῦλοι,
2645 2439 2762 2491 ἐκεῖ
2793 2438 2849 2491 δὲ
2898 2439 2960 2492 οὐ
2991 2439 3268 2493 τοσοῦτοι·
3305 2441 3400 2494 καὶ
3427 2440 3665 2494 ἐνταῦθα
3698 2443 3733 2494 6

2140 2526 2328 2592 καθεὶς
2379 2527 2482 2580 ἀνὰ
2538 2527 2666 2599 μίαν
2695 2530 2833 2599 μνᾶν
2865 2529 3152 2600 λαμϐάνει,
3187 2530 3303 2583 ἐκεῖ
3352 2530 3411 2584 δὲ
3444 2532 3473 2583 ό
3510 2531 3613 2603 μέν
3644 2551 3733 2597 τις

2140 2618 2302 2672 πέντε
2329 2618 2585 2683 τάλαντα,
2610 2620 2638 2671 6
2669 2619 2727 2673 δὲ
2752 2619 2864 2683 δύο,
2887 2622 2914 2674 6
2937 2621 2993 2674 δὲ
3031 2621 3109 2674 ἓν.
3146 2622 3255 2675 Καὶ
3293 2621 3527 2676 ἐνταῦθα
3547 2624 3575 2676 6
3628 2624 3734 2695 μέν

2139 2726 2223 2773 τις
2280 2710 2720 2775 δεκαπλασιάσας
2768 2711 2866 2783 τὴν
2924 2714 3059 2783 μνᾶν
3120 2712 3327 2781 ἀκούει,
3373 2710 3487 2781 Εὖ,
3540 2714 3734 2770 δοῦλε

2140 2801 2325 2871 ἀγαθὲ
2346 2803 2444 2856 καὶ
2475 2802 2675 2867 πιστὲ,
2703 2803 2791 2857 ὅτι
2815 2805 2885 2857 ἐν
2916 2804 3220 2873 ἐλαχίστῳ
3251 2806 3468 2873 πιστὸς
3487 2805 3735 2876 ἐγένου,

2143 2893 2267 2947 ἴσθι
2320 2893 2609 2958 ἐξουσίαν
2654 2896 2810 2964 ἔχων
2860 2896 3060 2949 ἐπάνω
3111 2895 3259 2950 δέκα
3304 2899 3576 2952 πόλεων-
3614 2901 3642 2952 ό
3672 2899 3733 2952 δὲ

2140 2985 2241 3058 τὴν
2275 2986 2402 3057 μίαν
2435 2986 2596 3041 πέντε
2638 2989 2869 3060 ποιήσας
2909 2987 3117 3053 ἀκούει,
3141 2989 3250 3044 Καὶ
3276 2988 3357 3043 σὺ
3382 2991 3557 3059 γίνου
3584 2990 3732 3044 ἐκάη

2142 3094 2226 3131 νω
2253 3077 2432 3132 πέντε
2457 3080 2711 3133 πόλεων.
2765 3080 2853 3131 Ἐν
2884 3079 2941 3132 δὲ
2971 3082 3037 3151 τῇ
3072 3078 3182 3132 τῶν
3221 3080 3500 3135 ταλάντων
3541 3099 3731 3153 παρα-

2142 3170 2271 3242 ϐολῇ
2335 3172 2571 3241 ἐλέγετο,
2626 3171 2735 3237 Εὖ,
2796 3171 2980 3227 δοῦλε
3036 3173 3251 3243 ἀγαθὲ,
3293 3174 3393 3227 ἐπὶ
3437 3176 3617 3245 ὀλίγα
3652 3176 3730 3243 ἧς

2141 3262 2378 3328 πιστὸς,
2405 3262 2503 3316 ἐπὶ
2536 3261 2785 3317 πολλῶν
2818 3280 2893 3317 σε
2920 3263 3307 3333 καταστήσω·
3358 3266 3603 3322 εἷσελθε
3642 3271 3733 3335 εἰς

2140 3353 2257 3422 τὴν
2282 3353 2475 3423 χαρὰν
2499 3355 2606 3409 τοῦ
2638 3356 2860 3424 Κυρίου
2894 3372 3033 3410 σου.

2210 3447 2321 3517 Τήν
2354 3464 2418 3515 γε
2474 3446 2580 3519 μὴν
2637 3449 2718 3510 είς
2775 3447 2877 3519 τὴν
2917 3448 3232 3522 παραϐολὴν
3276 3450 3574 3521 ἑρμηνείαν
3606 3453 3727 3506 ὲπι-

2139 3538 2460 3609 τεμνόμενοί
2494 3557 2675 3611 φαμεν
2699 3556 2713 3570 ο
2758 3540 3057 3595 ’Υπέλαϐόν
3085 3559 3231 3605 τινες
3258 3542 3401 3597 κατά
3429 3544 3529 3615 τὴν
3575 3544 3732 3616 πρώ-

2138 3648 2239 3702 την
2256 3629 2349 3684 τοῦ
2374 3632 2625 3703 Σωτῆρος
2652 3632 2808 3703 ἡμῶν
2847 3633 3152 3704 παρουσίαν
3180 3634 3281 3704 τὴν
3314 3634 3596 3705 βασιλείαν
3630 3638 3734 3690 αὖ·

2139 3723 2233 3777 τοῦ
2264 3724 2589 3794 γενήσεσθαι
2610 3742 2623 3754 ’
2649 3725 2754 3778 -καὶ
2786 3723 2944 3778 τοῦτο
2994 3724 3243 3796 ἐνόμιζον
3269 3726 3489 3781 ἔσεσθαι
3544 3745 3737 3801 παραυ

2140 3813 2326 3885 χρῆμα
2348 3814 2467 3868 τότε
2495 3814 2714 3869 ἐπειδάν
2747 3815 2910 3887 ἐπιϐῇ
2939 3818 3051 3879 τοῖς
3094 3816 3519 3889 Ἱεροσολύμοις·
3547 3818 3737 3884 οὕτως

2140 3904 2467 3976 ἐξέπληττον
2513 3906 2710 3969 αὐτοὺς
2748 3906 2806 3959 αἱ
2850 3905 3165 3978 θεοο-ημείαι
3213 3909 3306 3962 ὑπ’
3337 3908 3503 3963 αὐτοῦ
3535 3926 3737 3963 συντε-

2139 3993 2417 4065 λούμεναι.
2457 3996 2600 4069 Πρὸς
2624 3995 2688 4066 δὴ
2708 3991 2804 4051 οὖν
2833 3996 3037 4067 ταύτην
3067 3997 3165 4070 τὴν
3192 3999 3447 4053 ὑπόνοιαν
3468 4001 3496 4053 6
3530 4000 3735 4073 Σωτὴρ

2140 4083 2399 4150 διδάσκει,
2430 4086 2506 4157 μὴ
2540 4086 2801 4159 πρότερον
2828 4086 2990 4141 αὐτὸν
3032 4088 3184 4159 παρὰ
3223 4089 3316 4142 τοῦ
3360 4091 3577 4161 Πατρός
3627 4093 3736 4162 τὴν

2141 4175 2417 4246 βασιλείαν
2460 4178 2858 4251 ἀπολήψεσθαι,
2904 4181 2935 4251 ἢ
2997 4180 3095 4253 τὴν
3140 4181 3452 4253 ἀποδημίαν
3506 4181 3605 4253 τὴν
3669 4186 3736 4250 ἐξ

2139 4267 2443 4341 ἀνθρώπων
2474 4269 2610 4344 πρὸς
2654 4270 2745 4323 τὸν
2795 4271 3014 4342 Πατέρα
3070 4271 3401 4325 στείλασθαι.
3451 4272 3630 4326 Τοῦτο
3671 4273 3737 4327 δὲ

2139 4360 2227 4415 διὰ
2269 4362 2371 4432 τῆς
2418 4362 2733 4434 παραϐολῆς
2787 4365 3061 4435 παρίστη,
3112 4364 3286 4434 λέγων
3307 4381 3323 4395 ο
3387 4366 3736 4433 Ἄνθρωπός

462 4452 698 4508 nobilem
729 4451 948 4521 quidem
975 4459 1147 4507 semet
1179 4450 1457 4521 appellans
1495 4460 1712 4522 propter
1761 4453 2035 4507 carnalem

2147 4470 2227 4519 τις
2277 4454 2530 4524 εὐγενὴς
2579 4452 2871 4523 ἐπορεύθη
2916 4458 3005 4522 είς
3060 4455 3261 4524 χώραν
3310 4456 3581 4524 μακρὰν,
3623 4460 3736 4512 λα·

463 4546 801 4600 nativitatem
854 4558 1019 4615 quam
1057 4558 1127 4599 ex
1159 4544 1497 4609 Abraliamo,
1547 4543 1754 4612 lsaaco,
1810 4545 2038 4611 Jacobi),

462 4636 687 4705 Davide,
719 4646 884 4707 atque
912 4638 1104 4692 horum
1139 4636 1377 4706 posteris
1401 4636 1631 4692 sortitus
1672 4649 1811 4692 erat.
1857 4636 2039 4704 Quare

460 4739 516 4786 et
543 4731 816 4786 hominem
845 4745 903 4787 se
958 4730 1278 4786 nominavit.
1310 4729 1443 4784 Dum
1474 4744 1605 4785 vero
1634 4728 1711 4783 ait
1736 4729 2036 4799 profectum

462 4822 516 4878 in
546 4822 819 4893 regionem
851 4821 1223 4892 longinquam,
1255 4835 1413 4876 suum
1462 4819 1516 4873 in
1553 4820 1750 4874 caelum
1795 4821 1860 4874 de
1895 4828 2035 4873 terra

463 4911 698 4966 reditum
736 4910 1089 4980 signiﬁcavit.
1134 4910 1358 4965 Addens
1415 4908 1667 4979 denique,
1701 4923 1761 4964 se
1814 4920 2038 4981 accepto

460 5016 632 5071 regno
659 5014 1027 5066 reversurum,
1072 5002 1366 5056 secundam
1418 5014 1574 5054 suam
1621 5000 2035 5069 theophaniam,

461 5093 753 5160 gloriosam
778 5103 940 5163 atque
964 5091 1223 5162 regalem,
1250 5091 1546 5146 denotavit.
1576 5089 1748 5146 Porro
1769 5092 2040 5161 praedicta:

466 5193 711 5254 tempore
739 5183 1197 5252 peregrinationis
1224 5195 1415 5236 servos
1446 5180 1591 5237 illius
1623 5181 1753 5237 dicit
1782 5191 2036 5251 acceptas

464 5277 641 5331 minas
696 5276 913 5332 diverso
960 5290 1216 5331 successu
1274 5273 1443 5329 fuisse
1504 5274 1809 5345 negotiatos
1839 5293 1853 5330 :
1887 5276 2038 5331 cives

466 5381 591 5425 vero
619 5368 862 5439 ejusdem
900 5369 1005 5439 ipsi
1054 5367 1318 5435 infensos,
1352 5368 1515 5423 missa
1570 5376 1692 5438 post
1735 5382 1857 5423 eum
1893 5369 2038 5442 lega-

534 5485 581 5517 "
609 5484 736 5541 Luc.
769 5501 884 5549 ιιι,
914 5484 1001 5539 12.

468 5581 754 5653 videatur;
805 5582 961 5650 isque
1013 5582 1192 5653 lingua
1252 5582 1537 5641 Palaestina
1610 5588 1885 5642 contineat
1951 5603 2026 5643 ss.

468 5648 775 5724 Evangelia,
816 5648 1012 5721 cupide
1045 5648 1288 5724 consului
1321 5670 1446 5708 num
1495 5656 1565 5710 ibi
1620 5658 1736 5711 haec
1768 5658 2025 5724 parabola

466 5719 542 5777 ita
556 5719 847 5792 legeretur,
874 5719 936 5778 ut
964 5723 1126 5780 modo
1147 5724 1226 5780 ait
1246 5724 1511 5783 Eusebius
1536 5742 1553 5794 ;
1575 5728 1669 5784 sed
1691 5719 2023 5785 contrarium

2147 4544 2274 4597 δεῖν
2336 4543 2527 4610 ἑαυτῷ
2594 4546 2922 4609 ,βασιλείαν
2990 4547 3088 4601 καὶ
3158 4547 3578 4616 ὑποστρέψαι·
3640 4550 3736 4604 £6-

2145 4638 2276 4708 γενῆ
2324 4637 2421 4709 μὲν
2457 4639 2649 4692 ἑαυτὸν
2704 4638 2885 4693 καλῶν
2932 4638 3021 4693 διὰ
3070 4638 3168 4710 τὴν
3207 4640 3350 4693 κατὰ
3410 4640 3597 4711 σάρκα
3642 4642 3737 4710 γέ-

2143 4748 2288 4784 νεσιν
2340 4730 2399 4796 ἐξ
2448 4730 2692 4804 Ἀϐραὰμ
2728 4732 2820 4786 καὶ¹
2866 4732 3052 4785 Ἰσαὰκ
3109 4732 3204 4786 καὶ
3262 4731 3491 4797 Ἰακὼϐ,
3551 4734 3621 4787 ἐκ
3672 4751 3736 4789 τε

2144 4822 2308 4876 Δαϐὶδ
2336 4824 2428 4878 καὶ
2459 4823 2569 4878 τῶν
2590 4824 2778 4879 τούτου
2809 4824 3067 4894 διαδόχων
3090 4825 3466 4898 γεγενημένην
3485 4842 3501 4858 ·
3527 4825 3617 4880 διδ
3640 4830 3737 4879 καὶ

2142 4914 2426 4987 ἄνθρωπον
2452 4917 2640 4971 ἑαυτὸν
2663 4915 2932 4988 ὠνόμαζε.
2968 4917 3155 4986 Λέγων
3181 4916 3257 4984 δὲ,
3290 4918 3619 4987 Ἐπορεύθη
3646 4923 3736 4985 εις

2142 5008 2343 5077 χώραν
2366 5009 2624 5079 μακρὰν,
2653 5012 2752 5083 τὴν
2780 5012 2889 5066 άπὸ
2910 5011 3013 5082 γῆς
3041 5013 3121 5076 είς
3142 5011 3366 5084 οὐρανὸν
3397 5010 3591 5066 ἄνοδον
3611 5014 3736 5066 ἑαυ-

2137 5100 2231 5152 τοῦ
2251 5102 2345 5172 ὲσή
2355 5118 2540 5171 μανεν.
2560 5103 2861 5175 Ἐπιφέρων
2881 5103 2939 5157 δὲ
2965 5103 3045 5167 τὸ,
3070 5098 3279 5160 λαϐεῖν
3309 5104 3532 5159 ἑαυτοῦ
3559 5104 3737 5170 βασι·-

2139 5195 2317 5249 λείαν
2348 5195 2447 5249 καὶ
2474 5195 2876 5265 ὑποστρέψαι,
2898 5196 2997 5267 τὴν
3032 5196 3290 5266 δευτέραν
3323 5198 3495 5251 αὐτοῦ
3536 5199 3733 5269 θεοφά-

2140 5301 2306 5345 νειαν.
2327 5285 2426 5359 τὴν
2454 5285 2661 5351 ἔνδοξον
2680 5290 2774 5341 καὶ
2800 5286 3103 5360 βασιλικὴν,
3130 5288 3395 5359 παρίστη.
3433 5290 3595 5344 Ἀλλὰ
3621 5292 3735 5361 γὰρ

2141 5378 2279 5432 κατὰ
2302 5378 2399 5450 τὴν
2421 5380 2698 5451 λεχθεῖσαν
2718 5379 3021 5451 ἀποδημίαν
3043 5383 3171 5444 τοὺς
3195 5381 3293 5451 μὲν
3319 5380 3488 5435 αὑτοῦ
3512 5382 3699 5437 δούλου
3714 5401 3744 5446 ς

2138 5589 2375 5659 comperi
2400 5607 2425 5670 ;_
2439 5588 2520 5717 ita
2546 5600 2603 5646 ut
2630 5589 2694 5648 de
2720 5589 2829 5648 alio
2855 5589 3155 5661 exemplari
3181 5578 3447 5660 loquatur
3461 5588 3733 5647 Eusebius

2138 5675 2360 5717 necesse
2382 5675 2429 5717 Si
2462 5697 2478 5717 .

2135 5675 2360 5720 necesse
2382 5675 2429 5717 Si
2439 5675 2478 5717 ι.
