3836 6216
434 311 528 366 891
1103 311 1372 365 EUSEBII
1410 310 1885 367 CAJSARIENSIS
1923 311 2071 366 OPP.
2117 311 2294 365 PARS
2331 309 2420 366 IV.
2461 338 2531 352 —-
2567 307 2986 367 DOGMATICA.
3594 307 3692 364 69$

436 425 722 481 Eusebium
756 423 896 494 quod
938 424 1149 488 attinet,
1179 441 1283 479 non
1316 426 1501 495 ignoro
1537 425 1696 493 paulo
1731 424 2050 495 liberiorem
2071 423 2378 479 Grtrcarum
2418 434 2721 495 catenarum
2757 425 3079 484 methodum.
3121 437 3226 493 qua
3257 421 3486 488 excerpti
3519 433 3688 479 textus

437 499 727 567 aliquando
766 495 1020 567 tantisper
1060 496 1262 548 variari
1299 494 1465 549 salent
1495 512 1511 549 :
1536 496 1779 567 quisquis,
1796 506 1970 567 tamen
2013 494 2200 550 (ἔνατα
2235 507 2432 567 nostra,
2454 511 2570 549 cuin
2606 494 2844 567 Syriacis
2867 495 3126 567 conferet,
3161 509 3299 567 a'gre
3345 503 3404 546 ut
3437 504 3564 559 puto
3595 497 3688 567 sibi

439 563 790 636 persuadebit,
825 565 939 631 ﬁeri
969 575 1204 636 posseint
1235 575 1308 618 tot
1348 563 1560 635 tamque
1593 563 2214 636 grandia_additamenta
2250 566 2478 636 aliunde,
2506 563 2667 634 quam
2693 566 2760 616 ab
2798 564 3046 636 originali
3073 578 3242 630 opere,
3264 563 3540 625 desumpta
3564 566 3686 636 rint.

439 633 548 690 Cur
581 637 719 688 enim
755 646 1064 688 catenarum
1123 633 1500 689 Vaticanarum
1534 633 1773 688 auctores
1823 633 2037 689 Nicetas
2075 647 2226 703 atque
2274 633 2579 696 Macarius,
2619 650 2710 688 cur
2758 634 2894 687 alius
2948 649 3260 702 anonymus,
3287 636 3454 703 primo
3483 635 3691 701 quidem

441 706 658 759 titulum
702 703 1054 773 Theophania:
1107 707 1277 768 toties,
1309 715 1356 758 et
1387 708 1596 773 quidem
1625 705 1734 758 sine
1760 705 1871 757 ulla
1912 722 2094 770 causa,
2142 701 2447 774 'ﬁnxissent,
2477 706 2666 759 deinde
2703 714 2811 756 tam
2841 704 2995 774 longa
3045 701 3325 774 segmenta
3358 701 3491 774 huic,
3518 705 3691 774 p_otius

441 792 602 846 quam
639 775 734 828 alii
763 772 1341 846 titulosupposuissent
1368 772 1667 845 ?’Profecto
1693 775 1795 846 fuit
1819 772 2164 846 facillimum,
2197 773 2414 846 Eusebii
2452 785 2654 828 tantum
2697 789 2882 846 nomen
2908 773 3070 842 (quod
3109 773 3382 846 aliquoties
3415 773 3502 839 ﬁt)
3534 772 3696 846 Th_eo-

440 843 647 916 phania:
681 861 886 916 quoque
907 844 1214 916 fragmentis
1249 843 1555 916 inscribere,
1588 843 1699 898 sive
1721 844 1951 916 alicujus
1976 845 2314 898 amanuensis
2337 846 2580 898 socordia
2620 846 2726 916 sive
2753 843 3053 916 voluntate;
3077 859 3253 916 verum
3279 845 3540 916 enimvero
3577 843 3693 897 Eu-

442 911 655 970 sebiano
685 911 846 968 alicui
875 911 1064 968 diversi
1099 916 1392 982 argumenti
1427 915 1623 983 scripto
1651 911 1867 967 titulum
1891 913 2242 983 Theophanite
2267 925 2374 967 tam
2401 930 2536 980 sa'pe
2567 931 2598 966 a
2623 911 2814 966 Niceta
2846 911 3182 983 Macarioque
3211 912 3374 980 fuisse
3401 914 3691 980 appictum,

444 985 596 1040 valde
623 995 698 1038 est
735 985 1058 1055 incredibile.
1102 985 1235 1050 Quae
1263 986 1307 1038 si
1329 986 1404 1038 ita
1423 1000 1478 1039 se
1503 982 1717 1049 habent,
1748 985 1987 1054 sequitur
2007 995 2061 1038 ut
2086 982 2252 1055 Sgrus
2281 983 2496 1038 Eusebii
2524 985 2804 1053 interpres,
2847 982 3090 1035 brevitati
3126 983 3361 1046 studens,
3383 992 3562 1053 partes
3591 984 3697 1038 ali-

437 1065 573 1127 .quot
599 1056 767 1122 operis
803 1054 1128 1127 subtraxisse
1154 1056 1413 1127 videatur,

518 1121 688 1191 Atque
714 1137 764 1176 ut
791 1123 859 1177 ad
901 1125 1189 1193 exemplum
1228 1124 1570 1193 epistolarum
1613 1122 1812 1193 Ignatii
1844 1133 2108 1186 revertar,
2137 1123 2272 1177 dicet
2295 1121 2510 1192 aliquis,
2550 1122 2882 1192 apprimeque
2914 1123 2972 1176 in
3004 1122 3116 1176 suis
3155 1122 3412 1190 perdoctis
3451 1125 3700 1180 vindiciis

444 1197 515 1251 cl.
553 1191 1144 1265 Curetonus,Gr_a’cum
1173 1195 1347 1264 potius
1371 1191 1779 1265 Ignotianarum
1829 1194 2172 1265 epistolarum
2215 1191 2512 1265 contextum
2552 1191 2930 1265 interpolatum
2976 1201 3302 1265 auctumque,
3319 1194 3481 1260 fuisse
3506 1212 3525 1259 ;
3553 1199 3698 1263 quod

446 1268 582 1320 idem
615 1264 835 1332 fortasse
861 1264 925 1318 de
957 1261 1182 1319 Graecis
1209 1261 1423 1332 quoque
1441 1261 1758 1318 Eusebianis
1791 1265 2072 1318 dicendum
2117 1261 2280 1316 alicui
2307 1263 2587 1333 videbitur.
2623 1261 2647 1314 1
2657 1262 2963 1333 gnatianam
2988 1277 3084 1333 ego
3115 1261 3454 1331 quwstionem
3476 1261 3700 1333 aggredi

444 1331 665 1405 prorsus
719 1333 1018 1405 nolo,_qua:
1058 1349 1151 1388 nec
1176 1335 1433 1405 propositi
1463 1335 1564 1388 mei
1591 1344 1688 1398 est,
1719 1345 1768 1388 et
1796 1350 1830 1387 a
1855 1335 2072 1405 summis
2106 1333 2306 1405 criticis
2327 1331 2538 1405 jamdiu
2561 1333 2667 1400 fuit
2702 1331 2974 1405 ventilata.
3000 1331 3331 1405 Caeteroqltin
3357 1331 3701 1388 ostendendi:

446 1399 790 1472 epistolarum
844 1399 1058 1458 illarum
1109 1399 1350 1475 varietati
1401 1419 1494 1473 ego
1534 1405 1745 1475 quidem
1770 1404 2068 1475 symbolam
2095 1399 2648 1475 contuli_,;frag_mento
2680 1400 2823 1475 edito
2858 1401 3087 1475 epistola:
3115 1403 3184 1454 ad
3218 1399 3532 1475 'Tarsenses,
3553 1406 3702 1472 quod

446 1469 755 1529 Anastasius
790 1476 1053 1542 presbyter
1079 1491 1111 1527 a
1139 1490 1218 1527 me
1245 1469 1489 1541 vulgatus
1518 1469 1738 1529 servavit
1760 1469 1983 1542 (Script.
2015 1484 2126 1528 vet.
2154 1481 2194 1524 t.
2230 1469 2358 1542 γη,
2379 1469 2598 1539 ρ.’29».),
2620 1473 2858 1542 quodque
2884 1472 3122 1542 hocrloco
3149 1487 3249 1542 non
3283 1471 3417 1540 piget
3443 1469 3699 1540 repetere,

445 1545 867 1615 quandoquidem
899 1541 955 1615 in
980 1543 1176 1615 [gnatii
1205 1544 1351 1615 edita
1367 1543 1634 1615 hactenus_
1656 1543 1724 1595 ad
1765 1541 1956 1615 Tarsen

2183 1541 2301 1615 :tola
2339 1541 2732 1615 nonoccurrit.
2778 1541 3070 1615 ῘῙπνατίου
3112 1541 3218 1615 (of)
3253 1544 3549 1615 θεοφόρρυ
3595 1545 3698 1597 καὶ

443 1609 741 1684 ίιάρτυρὸς
765 1612 973 1684 ἐκᾲτῆς
999 1609 1148 1684 ἐτρός
1172 1613 1400 1684 τοὺς-γέν
1438 1611 1660 1684 Ταρσῷ.
1693 1615 1763 1684 ει
1793 1612 1904 1683 γὰρ
1951 1611 2116 1684 ᾔδεις
2143 1611 2230 1684 su.
2252 1609 2414 1684 ΔΘεοῦ
2455 1611 2602 1684 Υἱὸς-
2631 1612 2730 1684 ἦν,
2769 1611 3092 1684 ἐγίνίιέσκες
3114 1610 3203 1684 ὅτε
3239 1609 3704 1684 τεσσζαρὰκονζα

445 1679 671 1763 ἢμέρςιζ-
690 1682 969 1763 dictavisses
994 1679 1252 1763 πριήίζᾳς
1273 1683 1340 1763 rt)
1363 1679 1627 1763 anprbs:
1653 1679 1844 1763 σῷμά,
1864 1679 1985 1763 eoab
2010 1685 2098 1748 εις
2130 1681 2202 1763 to
2241 1680 2512 1763 6137,18st
2534 1679 2818 1763 ἡδύνξῑζσ
2842 1679 3018 1763 eoat?
3057 1679 3343 1763 ποιῇσαις
3372 1683 3553 1763 διὰκζι
3582 1681 3706 1763 03'»-

446 1749 623 1820 netia
658 1769 676 1815 ;
702 1754 803 1806 ἵνα
825 1752 992 1821 δείξῃ
1019 1753 1106 1805 ὅτι
1137 1749 1377 1819 ἀληθῶςξ
1397 1749 1653 1807 ἀνέλαϐε
1679 1749 1852 1822 σῶμα
1889 1750 2244 1822 ὁμοιοπαθὲς
2274 1751 2597 1819 ἀνθρώποις
2628 1769 2640 1782 ·
2673 1751 2768 1805 διὰ
2782 1750 2899 1821 μὲν
2940 1751 3050 1820 γὰρ
3084 1749 3188 1804 τοῦ
3211 1751 3443 1819 πρώτου
3466 1753 3706 1817 ἔδειξεν

447 1825 536 1878 ὅτι
570 1823 855 1902 ignavia
891 1823 960 1876 δὲ
980 1823 1092 1902 τοτξ
1113 1822 1396 1902 ᾷειζζέρου
1422 1823 1513 1902 6_tt_
1541 1824 1639 1876 καὶ
1665 1821 1962 1902 ᾅνθρωπρς

2194 1823 2288 1874 atii
2313 1822 2582 1886 theophori
2604 1839 2666 1876 ac
2708 1822 2977 1902 martyris,
3002 1837 3067 1874 ex
3108 1822 3326 1902 epistola
3365 1824 3435 1876 ad
3466 1823 3703 1879 Tarsen—

446 1911 548 1950 scs.
580 1892 637 1948 Si
666 1894 800 1947 enim
832 1897 1002 1962 ipsum
1050 1892 1142 1946 Dei
1201 1891 1403 1946 Filium
1434 1893 1597 1961 fuisse
1617 1890 1798 1956 scires,
1842 1896 2020 1963 utique
2056 1890 2214 1946 etiam
2243 1906 2596 1963 cognosceres,
2628 1907 2746 1963 eunt
2773 1890 2862 1958 qui
2907 1890 3246 1963 corruptibile
3269 1909 3458 1958 corpus
3493 1910 3654 1947 suum
3683 1936 3705 1960 ,

447 1965 800 2034 quadraginta
841 1960 1048 2034 dierum
1095 1964 1289 2030 spatio,
1335 1960 1448 2034 cibo
1493 1979 1597 2018 non
1638 1963 1874 2032 indigum
1925 1960 2460 2034 e/fecerat,_potuisse
2495 1961 2651 2014 etiam
2693 1961 2746 2014 in
2791 1970 3094 2034 perpetuum
3142 1960 3248 2015 tale
3290 1974 3565 2034 prtestare.
3591 1964 3703 2019 Cur

447 2030 571 2104 ergo
617 2030 779 2087 esurit
802 2037 836 2104 7?
866 2031 1064 2104 Nempe
1094 2043 1148 2086 ut
1192 2033 1431 2087 ostendat
1461 2050 1515 2088 se
1553 2049 1668 2088 vere
1717 2030 1908 2100 corpus
1957 2030 2340 2104 assumpsisse,
2377 2047 2528 2104 teque
2565 2041 2886 2104 ac_cte_t_eros
2933 2030 3171 2104 homines
3203 2033 3470 2099 possibile.
3506 2032 3706 2090 Priore

447 2098 570 2172 ergo
594 2105 746 2156 modo
790 2103 979 2166 Deum,
1001 2098 1170 2156 altero
1197 2107 1354 2156 etiam
1386 2104 1652 2172 hominem
1691 2120 1743 2157 se
1767 2098 1878 2156 esse
1894 2098 2291 2155 demonstravit.
2319 2118 2337 2151 ι
2365 2098 2694 2170 theroquin
2716 2100 2997 2172 illamagis
3035 2098 3290 2172 sententia
3314 2104 3442 2172 mihi
3470 2105 3704 2168 arridet,

441 2169 565 2226 eum
595 2174 862 2245 lgnatium
888 2173 1224 2227 imminutum
1252 2175 1424 2245 potius
1458 2191 1490 2227 a
1535 2171 1685 2245 Syris
1711 2173 2045 2245 aliarumque
2068 2172 2312 2245 gentium
2342 2169 2637 2224 hominibus
2662 2171 2869 2245 statuit,
2899 2169 3056 2245 quam
3102 2187 3136 2245 a_
3157 2169 3358 2225 Grtecis
3387 2171 3702 2245 Latinisque

447 2239 744 2299 hominibus
794 2256 1007 2297 auctum
1039 2257 1058 2297 :
1093 2239 1362 2311 tegerrime
1411 2246 1552 2298 enim
1578 2239 1794 2311 'ferrem
1830 2253 1903 2297 tot
1956 2239 2106 2295 nobis
2160 2241 2294 2308 eripi
2327 2256 2500 2311 sacrte
2541 2251 2590 2294 et
2635 2239 2945 2307 dogmaticte
2968 2239 3222 2311 doctrinae
3259 2245 3454 2309 capita,
3491 2239 3625 2311 quat
3648 2247 3704 2297 in

446 2311 711 2437 ‘Nit‘rieizsi
765 2311 1018 2386 Syrorum
1074 2309 1362 2382 exemplari
1407 2309 1646 2368 desunt:
1684 2313 1978 2382 prtesertim
2019 2312 2145 2382 quia
2182 2318 2356 2379 partes
2385 2313 2452 2363 ab
2482 2310 2562 2364 his
2609 2311 2852 2374 omissae,
2885 2309 3026 2379 apud
3068 2313 3404 2384 perantiquos
3451 2309 3704 2370 auctores

469 2400 536 2436 au
576 2399 644 2437 an
673 2399 754 2436 ur.

469 2393 754 2437 nudantur.

521 2453 645 2507 lant
672 2462 730 2522 ut
761 2451 1156 2522 Theophaniam
1193 2451 1417 2520 fortasse
1440 2459 1773 2507 decurtatam
1803 2469 1835 2505 a
1863 2450 1997 2522 Syro
2024 2451 2303 2522 interprete
2333 2449 2660 2522 vehementer
2698 2452 2965 2522 suspicer,
2995 2461 3118 2509 ante
3168 2451 3347 2508 omnia
3392 2469 3475 2507 me
3503 2465 3704 2522 cogunt

448 2534 622 2592 partes
655 2521 855 2577 Graecas
897 2519 1210 2594 complures,
1241 2539 1379 2594 quas,
1411 2531 1567 2591 prout
1595 2525 1649 2576 in
1678 2519 1918 2594 singulis'
1945 2521 2073 2594 locis
2120 2519 2251 2594 dixi,
2286 2520 2478 2594 partim
2517 2519 2728 2594 titulum
2753 2519 3102 2594 TheOphania:
3126 2532 3328 2594 gerunt,
3355 2526 3549 2590 partim
3568 2519 3704 2578 cum

447 2590 556 2647 illis
595 2595 992 2648 continuantur.
1014 2590 1228 2646 Deinde
1253 2590 1373 2647 cum
1397 2590 1582 2659 reputo
1605 2595 1690 2646 vix
1709 2590 1826 2659 fieri
1845 2593 2077 2658 potuisse
2100 2599 2154 2661 ut
2189 2590 2447 2661 Eusebius
2495 2591 2696 2644 nullam
2741 2592 2839 2646 hoc
2875 2590 2930 2647 in
2967 2590 3484 2660 apere'prophetiam
3537 2596 3709 2661 paulo

449 2663 699 2717 disertius
731 2671 1028 2731 exponeret,
1055 2663 1175 2721 ideo
1201 2674 1403 2728 partem
1437 2663 1582 2714 illam
1612 2661 1873 2715 Danielici
1927 2660 2157 2716 vaticinii
2189 2659 2429 2729 ablegare
2460 2676 2563 2712 non
2603 2662 2771 2728 potui,
2811 2659 3102 2730 prtesertim
3153 2662 3502 2727 Theophanite
3537 2659 3706 2717 titulo

451 2731 764 2800 Eusebiique
789 2733 998 2802 nomine
1030 2735 1084 2785 in
1119 2733 1294 2802 codice
1315 2741 1578 2786 ornatam.
1602 2731 1675 2785 De
1697 2733 1898 2785 cteteris
1939 2731 2309 2802 additamentis
2345 2742 2589 2802 accurate
2618 2731 2672 2783 in
2694 2733 2912 2800 singulis
2945 2749 3105 2802 prope
3133 2733 3339 2802 paginis
3379 2749 3439 2784 ac
3467 2734 3704 2798 ﬁdeliter

447 2805 582 2856 dixi.
601 2799 713 2871 Age
737 2818 854 2856 vero
884 2801 1140 2855 Vaticana
1159 2801 1510 2870 Theophanite
1537 2802 1830 2871 fragmento
1851 2817 1914 2856 ex
1937 2801 2090 2871 tertio
2112 2810 2401 2871 o_uartoque
2423 2799 2554 2871 l_i_bro
2580 2799 2841 2867 prtecipue
2867 2799 3146 2858 sumuntur
3166 2820 3184 2868 ;
3202 2799 3368 2870 pauca
3383 2819 3448 2856 ex
3467 2806 3705 2868 quinto;

448 2889 514 2928 ex
537 2868 704 2941 primo
743 2872 962 2941 denique
991 2887 1174 2937 unum,
1207 2868 1346 2940 quod
1380 2868 1561 2926 Gra’ce
1587 2868 1770 2924 catena
1803 2868 2023 2924 Patrum
2040 2869 2097 2941 in
2127 2868 2295 2938 Epist.
2331 2872 2400 2922 ad
2424 2868 2583 2941 Hebr.
2605 2886 2678 2934 Iv,
2711 2871 2796 2934 12,
2820 2874 2948 2926 mihi
2981 2868 3348 2941 suppeditavit.
3381 2871 3509 2926 Jam
3533 2891 3706 2928 causa

449 2936 548 2996 cur
583 2957 649 2995 ex
676 2943 828 2995 tertio
866 2936 1197 3011 potissimum
1218 2936 1522 3011 'quartoque
1545 2941 1678 2994 libro
1701 2941 1996 3010 fragmenta
2027 2936 2210 3011 Grieca
2232 2939 2635 3011 supersint,_illa
2667 2951 2765 3004 est,
2791 2945 2929 3009 quod
2969 2936 3172 2996 duobus
3202 2943 3282 2995 his
3332 2943 3480 2996 libris
3525 2943 3706 2997 Euse-

450 3013 566 3065 bius
599 3011 863 3079 publicam
913 3011 1110 3064 Christi
1143 3008 1357 3064 Domini
1386 3008 2010 3078 vstam,pra'dicationem
2044 3010 2262 3072 scilicet,
2311 3008 2566 3062 ntiracula
2611 3026 2672 3063 ac
2721 3008 2959 3078 mortem,
2992 3016 3363 3077 concluserat;
3390 3025 3704 3066 catenarum

450 3093 626 3137 autem
650 3080 965 3148 auctoribus
997 3080 1109 3133 htec
1139 3082 1374 3148 apprime
1403 3081 1592 3132 idonea
1621 3082 1844 3133 materia
1872 3092 2008 3140 erat,
2028 3081 2118 3142 qui
2147 3081 2213 3132 ad
2255 3079 2606 3147 evangelicum
2657 3082 2930 3134 historiam
2969 3083 3369 3136 commentarios
3421 3084 3700 3136 subnecte-

451 3153 596 3204 bant.
637 3147 809 3221 1:0er
849 3151 937 3220 qui
981 3147 1192 3221 tertium
1243 3162 1593 3221 quartumque
1645 3149 1835 3221 librum
1871 3152 1924 3221 in
1957 3148 2182 3219 Syriaca
2235 3151 2312 3203 vel
2353 3148 2575 3221 Anglico
2604 3150 2949 3206 translatione
2981 3153 3139 3221 leget,
3184 3153 3230 3206 is
3270 3151 3428 3219 facile
3452 3162 3707 3220 agnoscet

450 3231 612 3291 totam
636 3218 1260 3291 ‘Eusebii’narrationem
1288 3219 1431 3272 nullo
1457 3219 1567 3286 fere
1593 3219 1774 3272 ordine
1795 3219 1934 3287 ﬁeri,
1963 3218 2186 3291 sumptis
2211 3222 2454 3291 modoex
2475 3220 2569 3272 hoc
2595 3222 2748 3272 modo
2784 3236 2847 3274 ex
2873 3222 2963 3275 illo
2999 3218 3316 3291 evangelista
3345 3218 3702 3290 argumentis.

452 3289 600 3343 nullo
627 3289 764 3343 inter
785 3305 839 3360 se
859 3289 1060 3343 vinculo
1089 3290 1233 3343 nexis
1263 3300 1548 3360 :quartum
1584 3304 1701 3342 vero
1729 3291 1992 3358 prtecipue
2013 3289 2205 3343 librum
2234 3301 2339 3342 tam
2354 3289 2527 3360 libero
2551 3299 2719 3360 marte
2759 3291 2933 3357 scribi,
2960 3301 3017 3344 ut
3039 3289 3246 3360 quidvis
3273 3293 3398 3344 addi
3413 3289 3519 3344 aut
3558 3293 3704 3345 demi

454 3369 551 3428 aut
581 3359 838 3428 interponi
859 3361 1045 3428 possit,
1081 3359 1208 3424 quin
1239 3359 1494 3413 orationis
1521 3375 1703 3413 cursus
1732 3357 1972 3427 abrumpi
1997 3368 2090 3412 aut
2125 3359 2364 3426 intercipi
2387 3358 2648 3412 videatur.
2681 3357 2801 3427 Ipse
2833 3357 3091 3415 Eusebius
3132 3363 3185 3414 in
3227 3362 3367 3414 tertii
3407 3362 3529 3414 libri
3557 3364 3707 3414 calce

451 3427 552 3492 ait,
582 3427 746 3482 multo
779 3444 888 3482 esse
913 3431 1068 3497 plura
1096 3444 1211 3498 qua:
1233 3431 1296 3482 de
1323 3429 1451 3482 Jesu
1472 3432 1694 3498 tractari
1719 3437 1980 3498 poterant,
2005 3446 2037 3481 a
2073 3445 2126 3483 se
2161 3439 2335 3482 tamen
2379 3444 2550 3496 pauca
2590 3428 2736 3498 eligi,
2766 3445 2884 3497 qua:
2930 3431 3191 3484 volumine
3240 3441 3426 3498 quarto
3467 3431 3706 3498 comple-

451 3512 618 3557 πυτία
640 3499 726 3561 sit,
755 3498 894 3568 quod
926 3497 1130 3553 cwteris
1165 3500 1424 3568 prolixius
1454 3497 1566 3567 fore
1596 3503 1892 3564 promittit:
1927 3515 2030 3567 quo
2061 3514 2128 3552 ex
2155 3501 2296 3552 dicto
2342 3497 2712 3568 intelligimus,
2761 3499 2882 3553 libri
2926 3503 3040 3566 ejus
3073 3497 3336 3553 dilatandi
3363 3512 3454 3554 aut
3478 3512 3704 3553 contra-

454 3569 610 3622 hendi
638 3569 857 3640 liberam
897 3571 1048 3624 valde
1077 3570 1241 3638 fuisse
1263 3569 1571 3640 facultatem
1611 3585 1629 3622 :
1654 3584 1810 3636 quam
1841 3585 1950 3622 rem
1993 3569 2136 3622 haud
2185 3585 2276 3622 nos
2309 3569 2546 3636 equidem
2567 3570 3024 3640 _considerandam
3069 3571 3349 3625 lectoribus
3380 3586 3706 3640 proponere-

451 3654 593 3709 ntu_s,
618 3638 721 3693 nisi
755 3637 942 3709 Grteca
971 3637 1108 3692 nunc
1135 3637 1455 3706 deprehensa
1481 3638 1775 3709 fragmenta
1806 3641 2152 3704 suspicionem
2180 3649 2415 3709 nostram
2459 3637 2872 3706 conjecturamve
2901 3642 3192 3706 ﬁrmarent.

527 3707 696 3780 Porro
750 3707 1166 3780 fragmentorum
1220 3719 1520 3780 nostrorum
1547 3707 1743 3780 duplex
1777 3710 2163 3780 quodammodo
2183 3708 2371 3780 classis
2403 3715 2480 3780 est
2507 3725 2522 3772 ;
2565 3710 2732 3776 prior,
2764 3710 3006 3763 undecim
3057 3710 3351 3780 fragmenta
3397 3709 3702 3780 continens,

453 3795 571 3835 cum
615 3775 757 3847 Syro
804 3775 872 3831 ad
905 3780 1130 3832 litteram
1187 3778 1486 3846 plerumque
1530 3775 1797 3847 congruit,
1827 3780 1889 3830 iis
1919 3778 2047 3830 locis
2075 3779 2300 3846 exceptis
2325 3779 2412 3847 qui
2447 3777 2654 3846 longius
2683 3775 2982 3832 excurrunt.
3031 3775 3216 3832 Alte—ra
3251 3778 3457 3841 classis,
3514 3794 3703 3845 parem

453 3863 730 3902 numerum
783 3847 1194 3918 fragmentorum
1235 3850 1450 3912 habens,
1478 3847 1827 3916 Theophanite
1862 3863 2006 3913 teque
2053 3848 2264 3900 titulum
2300 3851 2354 3900 in
2389 3849 2653 3900 codicibus
2685 3851 2875 3901 nostris
2911 3860 3172 3913 ostentat;
3203 3858 3250 3903 et
3295 3856 3469 3900 tamen
3498 3851 3705 3912 partim

450 3919 768 3988 rariuscum
795 3917 1020 3988 Syriaco
1049 3930 1194 3971 textu
1217 3919 1506 3985 conspirat,
1541 3920 1732 3986 partim
1761 3933 1890 3971 nova
1916 3933 1978 3970 ac
2003 3917 2244 3970 inaudita
2275 3918 2487 3970 omnino
2517 3925 2613 3971 est.
2647 3917 2814 3986 Atque
2836 3919 2947 3972 htec
2967 3935 3125 3973 causa
3161 3921 3283 3988 fuit,
3330 3934 3426 3971 cur
3463 3918 3577 3971 hac
3606 3935 3706 3971 nos

450 3987 738 4058 posteriora
767 3987 1530 4058 propemodumsecreverimus
1560 4004 1580 4053 ;
1609 4003 1730 4058 nam
1758 3989 1800 4040 si
1825 3989 2072 4054 temporis
2097 3991 2393 4058 _0perisque
2430 3989 2664 4040 ordinem
2704 3990 2848 4058 sequi
2892 3987 3299 4052 libuisset,cum
3337 3989 3705 4058 superioribus

450 4056 721 4126 miscenda
744 4067 933 4122 erant;
961 4059 1098 4125 quod
1133 4057 1186 4110 in
1219 4058 1318 4110 hac
1352 4056 1534 4126 saltent
1562 4057 1734 4126 prima
1755 4058 1984 4110 editione
2017 4056 2311 4119 noluimus,
2339 4068 2391 4110 ut
2415 4058 2573 4110 totius
2601 4059 2674 4110 rei
2701 4056 2866 4111 status
2904 4059 3195 4112 evidentius
3217 4067 3499 4112 constaret.
3526 4056 3707 4110 Dicet-

452 4142 517 4196 ne
542 4125 735 4192 aliquis
757 4143 873 4179 cum
905 4127 1106 4196 vulgari
1136 4127 1429 4194 proverbio,
1462 4125 1646 4179 Facile
1687 4143 1797 4180 esse
1823 4128 2044 4196 inventis
2092 4143 2185 4179 seu
2224 4127 2374 4191 factis
2423 4129 2618 4196 addere
2641 4127 2666 4178 ?
2693 4127 2949 4196 Equidem
2992 4130 3046 4181 in
3094 4143 3148 4180 re
3177 4130 3242 4180 de
3287 4144 3392 4196 qua
3447 4130 3664 4196 agimus
3687 4167 3706 4192 ,

449 4195 890 4267 adagium_nego.
929 4193 1173 4267 Namque
1204 4205 1251 4249 et
1297 4197 1350 4249 in
1395 4196 1694 4265 lgnatianis
1723 4195 1976 4267 epistolis,
2017 4205 2061 4249 et
2103 4197 2157 4249 in
2204 4196 2416 4250 Eusebii
2449 4193 2784 4263 TheOphania
2838 4198 2989 4267 longe
3033 4197 3248 4267 facilius
3287 4193 3387 4262 fuit
3436 4193 3702 4259 omittere,

447 4281 608 4336 quam
634 4264 902 4334 adjicere:
931 4266 1193 4335 siquidem
1222 4267 1310 4334 qui
1343 4264 1532 4318 omittit
1561 4268 1615 4319 id
1639 4282 1812 4336 unum
1837 4265 1946 4332 fere
1976 4275 2142 4336 cavet,
2179 4283 2241 4320 ne
2267 4267 2522 4319 orationis
2554 4267 2739 4319 seriem
2762 4264 3324 4336 incautius'abrumpat
3350 4282 3369 4318 :
3398 4267 3488 4336 qui
3522 4281 3705 4318 autem

449 4335 623 4401 addit,
660 4344 709 4388 et
740 4335 1035 4405 excogitare
1054 4350 1188 4406 nova
1216 4337 1366 4388 debet
1397 4346 1444 4388 et
1469 4347 1588 4400 apte
1613 4335 1849 4404 digerere
1873 4351 1991 4387 cum
2017 4335 2139 4403 styli
2187 4337 2368 4405 aliqua
2411 4336 2700 4406 imitatione
2733 4353 3004 4406 rerumque
3035 4335 3417 4391 similitudine.
3455 4338 3706 4404 Profecto

447 4421 644 4476 pauca,
669 4406 712 4458 si
741 4406 914 4476 minus
950 4405 1118 4468 nulla,
1138 4406 1397 4458 cernimus
1425 4407 1724 4476 priscorum
1751 4421 1906 4471 Opera
1927 4421 2065 4476 quae
2093 4407 2336 4472 deinceps
2364 4407 2428 4458 ab
2470 4405 2592 4458 aliis
2629 4417 2787 4459 aucta
2816 4405 3012 4476 fuerint
3039 4424 3056 4470 ;
3090 4408 3322 4460 breviata
3357 4422 3477 4476 vero
3506 4423 3705 4474 quam-

445 4475 700 4545 plurima.
739 4474 981 4545 Namque
1007 4484 1065 4530 ut
1091 4477 1327 4545 omittam
1358 4491 1477 4544 qute
1501 4474 1713 4543 jamdiu
1739 4476 1895 4545 editis
1921 4474 1974 4527 in
2005 4475 2155 4528 libris
2191 4484 2430 4544 prostant
2461 4491 2482 4540 ;
2508 4491 2621 4528 ecce
2642 4477 2698 4529 in
2721 4474 2823 4530 hoc
2845 4476 3106 4531 volumine
3133 4478 3383 4545 habemus
3416 4474 3702 4545 Evangeli-

447 4561 540 4598 cas
571 4543 784 4598 Eusebii
817 4543 1144 4610 Qu‘a’stiones
1167 4547 1235 4598 ad
1274 4543 1599 4616 Stephanum
1629 4555 1676 4616 et
1728 4548 1796 4616 ad
1830 4544 2101 4616 blnrinum
2149 4543 2212 4616 ab
2248 4561 2527 4616 anonymo,
2566 4548 2737 4600 nescio
2774 4563 2876 4616 quo
2925 4547 3206 4601 breviatas.
3253 4544 3447 4598 Valerii
3475 4543 3706 4600 Maximi

343 4641 350 4646 -
445 4615 551 4671 duo
575 4631 667 4684 ego
694 4616 1000 4684 compendia
1021 4616 1075 4667 in
1097 4617 1265 4670 lucem
1298 4612 1462 4668 extuli
1486 4614 1738 4669 Paradisi
1768 4631 1830 4668 ac
1853 4613 2157 4682 Nepotiani.
2186 4614 2249 4668 In
2285 4612 2556 4668 Vaticanis
2595 4618 2717 4669 item
2747 4612 3014 4670 codicibus
3037 4618 3348 4684 compendia
3387 4616 3494 4669 vidi
3535 4616 3704 4670 histo-

444 4686 647 4756 riarum
667 4683 939 4756 Iosephiet
965 4683 1158 4740 Orosii.
1177 4685 1599 4756 Chrysostomum
1632 4693 2126 4756 wquecontractunt
2156 4685 2211 4738 in
2239 4686 2615 4756 mss.cogn_ovi,
2633 4685 2935 4755 compendia
2961 4683 3175 4756 insuper
3204 4686 3706 4756 commentariorum

446 4752 755 4825 Hieronymi
782 4752 851 4808 ad
874 4755 1076 4810 Isaiam
1109 4772 1144 4808 a
1179 4752 1442 4809 Damiano
1493 4752 1718 4824 quodam
1773 4753 1987 4807 Daniele
2053 4753 2308 4824 Remigio,
2349 4755 2417 4808 ad
2445 4752 2459 4754 “
2491 4753 2722 4808 Paulum
2748 4752 2798 4810 ἀ
2837 4757 3059 4810 Claudio
3081 4752 3469 4810 'Taurianensi.
3497 4755 3565 4808 In
3599 4755 3706 4809 Va-

444 4825 636 4895 ticanis
660 4825 803 4894 juris
845 4826 1010 4881 civilis
1041 4826 1275 4895 reliquiis
1305 4827 1439 4894 leges
1477 4825 1680 4894 aliquot
1713 4825 1856 4879 edidi
1894 4826 2283 4895 integras,qute
2309 4835 2488 4892 postea
2530 4827 2584 4878 in
2617 4825 2980 4880 Theodosiano
3012 4829 3188 4880 codice
3217 4837 3337 4880 sunt
3380 4826 3703 4888 imminutae,

442 4896 507 4950 in.
535 4891 871 4950 Justinianeo
896 4897 1115 4964 denique
1145 4891 1212 4948 ad
1245 4891 1521 4950 minimam
1552 4891 1853 4948 brevitatem
1883 4891 2135 4965 redacta.
2173 4891 2409 4964 Denique
2454 4897 2614 4948 etiam
2650 4895 2931 4965 Augustini
2972 4896 3228 4949 librorum
3253 4895 3328 4950 De
3351 4897 3563 4950 musica
3592 4897 3702 4964 epi-

444 4975 636 5034 tameﬁm
681 4966 825 5018 edidi
876 4967 932 5021 in
975 4973 1266 5033 pervetusto
1313 4966 1491 5018 codice
1508 4976 1918 5034 Wconservatam.
1959 4963 2063 5018 Sed
2100 4971 2215 5018 ittec
2265 4963 2540 5026 hactenus,
2589 4983 2653 5019 ne
2692 4963 2974 5034 legentium
3007 4970 3116 5019 otio
3151 4967 3333 5018 videar
3369 4966 3540 5018 abuti.
3570 4963 3707 5031 om

441 5033 625 5105 omnia
651 5049 754 5105 non
784 5035 901 5088 ideo
931 5036 1063 5101 dixi,
1086 5036 1212 5104 quia
1240 5033 1479 5105 Syriaca:
1504 5033 1876 5101 TheOphanite,
1908 5035 2048 5103 quod
2094 5045 2166 5089 est
2214 5051 2344 5105 opus
2392 5033 2829 5097 pretiosissimum
2853 5076 2868 5101 ,
2897 5036 3107 5090 laudem
3140 5039 3374 5090 minuere
3401 5038 3513 5088 ullo
3545 5037 3704 5088 modo

444 5102 712 5176 velim,vel
739 5102 1123 5160 dubitationem
1150 5102 1445 5176 hanc'certo
1474 5106 1778 5168 dissolvere,
1796 5115 1889 5156 aut
1913 5102 2218 5172 fragmentis
2234 5104 2444 5176 _Gra:cis
2468 5105 2584 5176 plus
2612 5122 2758 5174 tequo
2785 5107 2993 5176 favere;
3018 5108 3106 5160 sed
3131 5123 3346 5159 causam
3371 5108 3549 5173 potius
3579 5123 3704 5173 κρι-

444 5173 788 5241 τικωτάτοις
811 5177 960 5240 viris,
985 5191 1050 5228 ac
1074 5175 1366 5242 prtesertim
1396 5175 1699 5229 doctissimo
1729 5191 1792 5228 ac
1821 5176 2189 5229 laudatissimo
2221 5173 2327 5228 Leo
2357 5175 2588 5243 praebere
2627 5173 2832 5240 studeo,
2858 5187 2914 5229 ut
2938 5177 3370 5240 controversiam,
3400 5178 3447 5228 si
3477 5177 3526 5229 ei
3561 5179 3705 5229 vide-

445 5245 609 5317 bitur,
636 5260 733 5313 pro
769 5261 867 5298 sua
892 5245 1149 5317 sapientia
1172 5244 1404 5317 ventilet,
1428 5245 1697 5313 judicium
1733 5254 1990 5317 exerceat,
2030 5246 2238 5301 lancem
2267 5255 2424 5314 prout
2452 5247 2640 5301 veritas
2688 5245 2976 5317 postulabit
3009 5247 3241 5302 inclinet.
3267 5243 3420 5300 Nihil
3441 5248 3584 5301 enim
3608 5261 3703 5316 ego

445 5313 612 5386 magis
643 5325 767 5386 apto
793 5313 1041 5388 quamad
1071 5325 1267 5375 rectam
1300 5315 1416 5386 ejus
1455 5317 1763 5372 sententiam
1790 5314 2058 5374 accedere.
