3836 6216
429 313 538 367 695

1137 315 1404 373 EUSEBII
1441 309 1910 370 C£SARIENSlS
1945 305 2096 362 OPP.
2137 307 2316 366 PARS
2349 308 2441 366 IV.
2473 340 2543 352 —
2582 308 3000 382 DOGMATICA.

3565 309 3668 364 696

429 443 566 484 tona
598 426 810 484 lumbos
839 426 1142 499 prmcincti,
1181 428 1412 498 panibus
1446 427 1653 500 azymis
1680 425 1988 498 degustatisl

2103 419 2309 490 τροφῆς
2340 437 2399 473 τε
2432 420 2654 491 ἀζύμων
2700 419 2877 492 ἄρτων
2907 419 3270 490 μετίσχοντες,
3304 433 3399 472 και
3422 417 3558 482 πόας
3581 437 3668 472 πι-

429 519 631 591 intybis
653 521 819 576 etiam
844 520 1125 591 appositis,
1151 519 1220 576 de
1257 521 1374 576 loco
1412 519 1466 575 in
1495 520 1697 587 locum,
1742 519 1793 573 id
1816 526 1900 574 est
1930 517 1999 572 de

429 610 807 684 Egyptiorum
842 613 1062 684 regione
1087 613 1140 667 in
1162 613 1464 680 desertum,
1492 612 1844 669 transierunt.
1875 609 2000 667 Haec

428 701 504 755 illi
537 716 700 772 agere
750 702 804 756 in
855 701 1124 758 mandatis
1151 703 1483 768 habuerunt,
1524 716 1647 758 cum
1686 702 1834 756 caede
1881 701 1999 756 ovis

425 805 650 862 esuque.
715 790 1078 858 Quamobrem
1135 793 1222 848 illa
1288 808 1353 848 ex
1411 791 1646 866 )Egypto
1693 792 1992 861 digressio,

426 897 625 937 nomen
656 881 940 952 fecitapud
971 883 1222 940 Hebraeos
1248 883 1389 940 festo
1413 887 1700 941 transitus.
1727 885 1994 942 Ca'terum

429 972 545 1026 haec
579 972 633 1026 in
663 972 831 1042 figura
872 973 979 1028 illis
1005 976 1429 1047 contingebant;
1464 976 1635 1032 nostri
1665 987 1844 1032 autem
1871 991 1996 1046 gra-

426 1064 498 1115 tia
530 1063 734 1132 scripta
764 1065 982 1119 fuerunt
1011 1067 1077 1120 ‘°.
1105 1068 1282 1137 Atque
1318 1070 1390 1122 ita
1428 1067 1628 1123 Paulus
1669 1069 1996 1139 interpreta-

424 1164 534 1221 tur,
571 1155 698 1212 dum
729 1157 1096 1228 symbolorum
1121 1168 1361 1215 veterum
1394 1161 1678 1216 veritatem
1707 1161 1790 1215 his
1818 1159 1994 1216 verbis

422 1243 596 1310 aperit
628 1261 642 1298 :
679 1258 804 1298 nam
838 1242 1049 1300 Pascha
1087 1258 1320 1302 nostrum
1354 1250 1658 1304 immolatus
1703 1260 1777 1312 est
1808 1247 1992 1304 Chris-

423 1341 506 1387 tua
539 1331 607 1388 “.
633 1333 866 1389 Causam
905 1351 1036 1391 vero
1073 1337 1232 1406 hujus
1273 1340 1586 1395 immolandi
1628 1341 1864 1411 Baptista
1911 1343 1994 1398 sic

419 1424 640 1478 exhibet
668 1425 854 1481 dicens
883 1443 899 1479 :
940 1428 1074 1483 Ecce
1094 1429 1270 1500 Agnus
1293 1430 1428 1494 'Dei.
1456 1447 1570 1485 ecce
1599 1433 1689 1502 qui
1717 1431 1848 1486 tollit
1877 1450 1995 1500 pec-

419 1524 540 1568 cata
590 1517 771 1569 mundi
810 1516 876 1571 θ’.
923 1515 1133 1588 Reapse
1177 1520 1422 1582 victima.
1451 1522 1711 1576 malorum
1753 1525 1992 1578 omnium

420 1606 756 1673 remedium,
791 1609 926 1663 neci
971 1609 1224 1665 traditum
1269 1611 1369 1666 fuit
1412 1612 1716 1668 Servatoris
1773 1629 1990 1682 corpus,

418 1697 561 1766 quod
620 1697 795 1753 instar
839 1701 1182 1770 expiationis,
1239 1702 1406 1759 totius
1477 1705 1659 1758 mundi
1710 1715 1990 1774 peccatum

421 1787 669 1844 abstulit.
725 1789 1018 1856 Propterea
1069 1792 1238 1850 Isaias
1292 1794 1436 1850 clare
1490 1796 1859 1850 exclamavit:
1892 1795 1994 1852 Hic

417 1892 632 1950 peccata
663 1893 843 1938 nostra
874 1881 996 1952 fert,
1023 1893 1069 1937 et
1091 1899 1189 1953 pro
1219 1885 1371 1940 nobis
1392 1886 1592 1954 patitur
1622 1887 1687 1940 ⁸³.

489 2063 546 2118 2.
585 2063 758 2136 Hujus
801 2080 932 2136 ergo
965 2067 1218 2130 victimae.
1280 2067 1334 2122 id
1388 2077 1472 2124 est
1533 2067 1841 2127 Servatoris
1901 2087 1992 2141 qui

417 2157 638 2227 proprio
666 2158 931 2228 sanguine
987 2160 1279 2214 humanum
1324 2175 1496 2230 genus
1529 2163 1779 2228 salvavit,
1835 2163 1994 2221 intel-

417 2247 737 2303 lectualibus
801 2249 941 2318 pasti
992 2249 1286 2315 carnibus,
1339 2251 1590 2306 videlicet
1650 2253 1992 2322 dogmatibus

417 2351 580 2408 atque
635 2339 899 2394 doctrinis
953 2340 1214 2396 caelorum
1279 2355 1504 2413 regnum
1577 2344 1990 2411 nuntiantibus,

417 2431 630 2487 deliciis
660 2431 854 2487 merito
890 2431 1092 2489 divinis
1119 2432 1458 2489 deliciamur.
1502 2433 1608 2490 Sed
1637 2445 1690 2490 et
1723 2435 1829 2490 lide
1859 2452 1989 2508 erga

416 2524 734 2594 sanguinem
781 2523 922 2595 ejus,
975 2539 1134 2594 quem
1171 2541 1270 2594 pro
1316 2537 1503 2582 nostra
1556 2530 1731 2583 salute
1788 2528 1989 2601 lytrum

418 2615 632 2682 obtulit,
661 2615 858 2672 anima
890 2616 1102 2684 domos,
1143 2617 1196 2672 id
1225 2628 1311 2674 est
1339 2633 1594 2688 corpora,
1619 2621 1987 2691 obsignantes,

415 2725 578 2766 omne
608 2726 782 2782 genus
826 2710 1196 2767 insidiantium
1223 2713 1524 2768 daemonum
1542 2729 1572 2768 a
1601 2715 1753 2770 nobis
1772 2715 1991 2771 submoo

416 2817 653 2869 vemus,
715 2803 1090 2872 transitusque
1149 2803 1548 2860 solemnitatem
1607 2805 1985 2874 celebrantes,

417 2895 653 2950 transire
706 2894 773 2949 ad
831 2896 1014 2950 divina
1070 2897 1370 2959 studemus.
1434 2895 1598 2951 veluti
1647 2897 1774 2953 olim
1817 2897 1891 2952 illi
1933 2899 1987 2952 in

413 2986 691 3040 desertum
722 3000 790 3041 ex
818 2985 1054 3056 Egypto
1069 2985 1516 3056 commigrarunt.
1552 2984 1627 3040 lta
1659 3001 1755 3041 nos
1773 3001 1987 3059 quoque
2018 3005 2024 3012 ·

2099 509 2295 579 κρὶδων
2349 512 2798 582 προσφερόμενοι,
2852 512 3016 564 τόπον
3047 512 3113 566 ὲκ
3158 511 3322 564 τόπου
3383 510 3688 576 διέϐαινον,-

2095 600 2187 654 τὸν
2207 601 2314 655 ἀπὸ
2337 603 2438 673 τῆς
2469 603 2780 672 Αἰγυπτίων
2807 605 2911 676 γῆς
2951 605 3044 658 ἐπὶ
3073 602 3170 676 τὴν
3209 603 3431 676 ἔρημον.
3480 603 3666 657 Ταῦτα

2097 693 2226 760 γοῦν
2251 694 2433 758 αὐτοῖς
2467 696 2600 766 ὁμοῦ
2621 699 2686 768 τῇ
2717 688 2811 750 τοῦ
2842 697 3114 768 προϐάτου
3137 699 3315 767 σφαγῇ
3343 713 3403 749 τε
3431 695 3529 750 καὶ
3553 712 3671 767 τρο-

2096 789 2168 858 φῇ
2199 787 2458 857 πράττειν
2501 789 2905 862 νενομοθέτητο.
2945 790 3134 844 Ἔνθεν
3182 791 3215 861 ή
3276 789 3334 855 ἐξ
3385 787 3666 856 Αἰγύπτου

2097 877 2399 946 μετάϐασις
2424 879 2522 952 τὴν
2556 881 2664 935 τῶν
2710 881 3071 952 διαϐατηρίων
3126 882 3307 944 αὐτοῖς
3350 878 3669 948 ἐπωνυμίαν

2095 969 2354 1042 ἐπλήρου.
2422 973 2564 1026 Ἀλλ’
2619 975 2848 1038 ἐκείνοις
2907 975 3005 1045 μὲν
3044 974 3285 1038 τυπικῶς
3332 973 3506 1027 ταῦτα
3548 989 3672 1026 συν-

2094 1059 2327 1125 έϐαινεν,
2375 1064 2588 1136 ἐγράφη
2631 1065 2689 1118 δὲ
2735 1066 2802 1119 δι’
2843 1067 3010 1138 ἡμᾶς.
3062 1066 3170 1119 Καί
3211 1083 3274 1135 γε
3321 1063 3670 1136 διερμηνεύει

2093 1152 2303 1219 Παῦλος
2323 1154 2429 1207 τῶν
2462 1157 2707 1210 παλαιῶν
2760 1157 3042 1229 συμϐόλων
3077 1155 3368 1226 διαφαίνων
3400 1157 3499 1228 τὴν
3529 1155 3670 1226 ἀλή-

2093 1243 2242 1300 θειαν
2268 1245 2334 1299 δι’
2359 1240 2434 1301 ὧν
2459 1265 2622 1318 φησι·
2659 1249 2768 1304 Καὶ
2798 1251 2908 1319 τὰρ
2948 1249 3016 1303 τὸ
3039 1247 3253 1317 Πάσχα
3277 1247 3445 1318 ἡμῶν
3486 1249 3670 1315 ἐτύθη

2091 1338 2360 1404 Χριστός.
2393 1338 2467 1391 Τὸ
2480 1339 2536 1392 δὲ
2561 1342 2731 1394 αίτιον
2754 1341 2848 1394 τοῦ
2870 1341 3093 1412 τυθῆναι
3117 1339 3279 1394 αὑτὸν
3301 1342 3330 1392 ὁ
3358 1337 3672 1409 Βαπτιστὴς

2092 1428 2418 1500 παρίστησιν
2437 1430 2604 1486 εἰπών
2623 1449 2636 1462 ·
2676 1431 2789 1486 Ἴδε
2813 1436 2844 1486 ό
2882 1433 3086 1502 Ἀμνὸς
3110 1430 3218 1485 τοῦ
3248 1430 3394 1485 Θεοῦ
3426 1433 3459 1484 ὀ
3483 1433 3674 1497 αἴρων

2092 1520 2208 1588 τὴν
2224 1523 2515 1590 ἁμαρτίαν
2536 1525 2643 1579 τοῦ
2666 1526 2914 1594 κόσμου.
2939 1526 3050 1580 Καὶ
3081 1526 3190 1597 γὰρ
3229 1525 3456 1594 σφάγιον
3479 1521 3673 1576 κακῶν

2090 1612 2346 1666 ἁπάντων
2375 1615 2744 1687 ἀποτρόπαιον
2783 1616 2845 1670 τὸ
2873 1617 3033 1688 σῶμα
3069 1616 3129 1670 τὸ
3159 1617 3424 1688 σωτήριον
3449 1613 3530 1685 τῷ
3566 1613 3672 1667 θα-

2096 1704 2242 1774 νάτῳ
2272 1707 2608 1778 παρεδίδοτο,
2633 1708 2662 1762 ὃ
2684 1707 2748 1779 δὴ
2795 1707 3090 1780 καθαρσίου
3115 1707 3270 1777 δίκην
3319 1704 3415 1759 τοῦ
3461 1704 3674 1768 παντὸς

2097 1800 2281 1870 ἀφεῖλε
2301 1801 2508 1872 κόσμου
2532 1803 2630 1874 τὴν
2659 1803 2963 1874 ἁμαρτίαν·
3007 1801 3246 1873 κέκραγε
3285 1800 3417 1869 γοῦν
3461 1799 3672 1871 τηλαυ-

2094 1893 2206 1962 γῶς
2247 1893 2512 1958 Ἠσαῖαςο
2573 1890 2761 1960 Οὗτος
2791 1895 2898 1961 τὰς
2943 1895 3233 1965 ἁμαρτίας
3281 1892 3450 1963 ἡμῶν
3501 1891 3674 1961 φέρει

2092 1985 2190 2038 καί
2210 1986 2342 2053 περί
2377 1985 2546 2054 ἡμῶν
2579 1985 2880 2041 ὀδυνᾶται.
3495 2003 3519 2024 κ

2163 2077 2229 2148 β’.
2265 2077 2466 2132 Τούτου
2503 2079 2568 2150 δὴ
2607 2079 2700 2133 τοῦ
2734 2080 2997 2152 σωτηρίου
3032 2079 3268 2150 θύματος
3323 2077 3417 2130 τοῦ
3446 2076 3524 2148 τῷ
3549 2075 3672 2147 ἰδίῳ

2091 2175 2283 2245 αἵματι
2321 2173 2383 2226 τὸ
2436 2174 2652 2229 πάντων
2705 2172 3005 2244 ἀνθρώπων
3046 2171 3201 2240 γένος
3239 2169 3672 2238 ἀνασωσαμένου

2089 2267 2209 2328 ταῖς
2263 2265 2506 2333 λογικαίς
2552 2264 2709 2337 σαρξὶ
2761 2264 3119 2336 τρεφόμενοι,
3173 2261 3454 2331 μαθήμασι
3506 2259 3674 2328 5131a-

2088 2355 2152 2426 δὴ
2182 2357 2275 2408 καὶ
2301 2355 2480 2423 λόγοις
2501 2354 2772 2425 βασιλείας
2794 2351 3036 2424 οὐρανῶν
3058 2349 3522 2418 καταγγελτικοῖς,
3563 2349 3671 2418 τὴν

2089 2446 2230 2501 κατὰ
2278 2447 2410 2500 Θεὸν
2460 2447 2682 2509 εἰκότως
2729 2444 3021 2516 τρυφῶμεν
3070 2441 3298 2512 τρυφήν.
3365 2438 3526 2493 Ἀλλὰ
3570 2439 3672 2492 καὶ

2089 2539 2268 2592 πίστει
2300 2537 2393 2592 τοῦ
2416 2539 2645 2608 αἵματος
2673 2535 2858 2598 αὐτοῦ,
2882 2535 2911 2588 ὃ
2929 2534 2993 2606 δὴ
3019 2534 3210 2604 λύτρον
3236 2531 3376 2602 ὑπὲρ
3401 2531 3503 2601 τῆς
3535 2533 3674 2602 ήμε·

2087 2635 2256 2704 τέρας
2285 2632 2602 2688 άντιδέδωκε
2651 2631 2957 2702 σωτηρίας,
2986 2631 3114 2692 τοὺς
3143 2629 3320 2699 ψυχῆς
3373 2628 3557 2690 οίκους
3601 2628 3674 2681 τὰ

2090 2725 2316 2795 σώματα
2339 2741 2548 2796 καταση
2559 2724 2890 2794 μαινόμενοι,
2920 2722 3028 2775 πᾶν
3054 2721 3210 2789 γένος
3240 2719 3510 2790 δαιμόνων
3540 2719 3673 2772 ἑπι-

2089 2815 2296 2869 ϐούλων
2317 2815 2377 2879 ἐξ
2415 2814 2624 2869 ἑαυτῶν
2652 2813 3028 2883 ἀπελαύνομεν
3049 2827 3063 2841 ⁸
3097 2813 3195 2865 καὶ
3223 2811 3320 2883 τὴν
3352 2811 3461 2865 τῶν
3486 2810 3676 2865 διαδα-

2085 2908 2288 2980 τηρίων
2320 2908 2511 2980 ἑορτὴν
2553 2906 2943 2973 ἐπιτελοῦντες,
2997 2895 3288 2962 διαϐαίνειν
3353 2904 3675 2976 μελετῶμεν

2087 2998 2179 3051 ἐπὶ
2210 2997 2277 3050 τὰ
2310 2997 2448 3064 θεῖα,
2483 2998 2558 3061 ὡς
2587 2997 2752 3051 πάλαι
2776 2997 2876 3066 τῆς
2924 2995 3198 3066 Αἰγύπτου
3231 2991 3675 3066 μεταϐεϐηκότες

416 3077 621 3132 invium
643 3077 915 3146 quoddam
938 3078 1321 3145 desertumque
1349 3092 1378 3130 a
1403 3077 1588 3132 multis
1608 3077 1708 3132 iter
1731 3078 1982 3144 facimus,

2094 3089 2182 3141 ἐπὶ
2210 3089 2308 3155 τὴν
2337 3087 2561 3159 ἔρημον.
2591 3087 2774 3158 Ταύτῃ
2815 3086 2945 3156 γοῦν
2983 3087 3076 3140 καὶ
3102 3087 3263 3157 ήμεῖς
3295 3081 3492 3155 ἀτριϐῆ
3542 3098 3674 3135 τινα

419 3179 573 3224 vetus
597 3168 882 3239 irreligiosi
917 3169 1121 3224 erroris
1152 3167 1480 3224 fermentum
1507 3169 1688 3224 anima
1715 3170 1987 3240 expellen-

417 3275 522 3334 tes,
565 3277 806 3335 veraque
849 3263 1030 3331 intyba
1062 3277 1248 3318 amaro
1295 3269 1353 3318 et
1387 3263 1599 3318 insuavi
1647 3263 1791 3319 victu
1829 3264 1987 3320 simul

417 3366 771 3426 apponentes.
808 3353 1048 3425 Tempus
1094 3367 1315 3424 quoque
1345 3352 1708 3408 solemnitatis
1733 3361 1990 3424 opportu-

417 3463 544 3504 num
575 3456 681 3510 est,
709 3443 852 3500 haud
886 3445 937 3499 in
981 3446 1217 3500 medium
1253 3445 1487 3500 hiemem
1524 3445 1828 3510 incurrens,
1869 3463 1989 3518 qua;

415 3540 588 3598 tristis
647 3547 765 3606 est;
826 3553 1001 3609 neque
1050 3536 1289 3594 vicissim
1337 3539 1391 3591 in
1441 3537 1673 3592 mediam
1716 3548 1986 3607 aestatem,

415 3647 526 3703 quo
580 3641 825 3702 tempore
873 3629 1088 3687 fervens
1147 3630 1480 3698 solstitium,
1540 3632 1874 3686 versantium
1932 3631 1986 3687 in

416 3727 564 3797 agris
592 3733 931 3781 venustatem
963 3723 1191 3786 deterit;
1229 3723 1395 3777 nimis
1436 3724 1564 3777 item
1610 3723 1832 3792 prolixae
1862 3735 1990 3781 sunt

417 3817 587 3881 hora),
649 3814 793 3870 baud
853 3814 1023 3882 aequis
1073 3814 1317 3883 partibus
1380 3812 1586 3869 divism.
1644 3814 1749 3870 Sed
1815 3828 1989 3887 neque

417 3905 726 3962 autumnale
771 3905 1154 3974 aequinoctium
1194 3905 1491 3974 jucundum
1547 3917 1825 3976 aspectum
1873 3924 1988 3980 pra:

415 4013 478 4052 se
506 3995 652 4060 fert,
687 3996 910 4050 vidualo
938 4011 1093 4066 agro,
1145 4007 1201 4051 et
1248 3997 1363 4052 suis
1415 3996 1678 4054 fructibus
1733 4011 1985 4070 tanquam

417 4086 544 4141 filiis
605 4086 854 4156 spoliato.
904 4087 1162 4156 Superest
1223 4104 1290 4144 ex
1337 4089 1421 4144 bis
1480 4092 1603 4146 anni
1660 4095 1987 4162 temporibus

415 4177 599 4234 laetum
629 4193 748 4244 ver,
788 4178 930 4247 quod
977 4178 1143 4254 t0ti_us
1190 4180 1341 4245 anni,
1384 4197 1480 4236 ceu
1531 4185 1778 4254 corporis
1826 4196 1988 4256 caput

415 4277 521 4334 est,
555 4283 679 4323 cum
720 4269 800 4324 sol
841 4271 1072 4338 primam
1123 4271 1282 4324 stadii
1336 4273 1418 4326 sui
1462 4284 1672 4341 partem
1723 4275 1984 4338 decurrit.

415 4361 543 4418 luna
581 4370 761 4417 autem
801 4361 1010 4432 pariter
1043 4361 1199 4433 pleno
1242 4364 1392 4420 orbis
1439 4366 1522 4420 sui
1572 4367 1774 4423 lumine
1813 4369 1987 4424 noctis

2093 3181 2188 3233 καὶ
2219 3179 2423 3251 ἔρημον
2446 3182 2558 3242 τοῖς
2575 3178 2786 3243 πολλοῖς
2811 3177 3138 3248 στελλόμεθα
3163 3175 3405 3248 πορείαν,
3429 3173 3674 3228 παλαιὰν

2095 3271 2270 3342 ζύμην
2336 3271 2495 3324 ἀθέου
2550 3271 2756 3342 πλάνης
2824 3270 2924 3341 τῆς
2991 3269 3162 3340 αὐτῆς
3210 3267 3390 3339 ψυχῆς
3457 3265 3674 3338 ὲξόριον

2096 3363 2438 3434 ποιούμενοι,
2473 3364 2566 3416 καὶ
2599 3362 2699 3426 τὰς
2728 3361 2949 3432 ἀληθεῖς
2984 3361 3237 3432 πικρίδας
3285 3359 3374 3413 διὰ
3421 3359 3522 3429 τῆς
3575 3376 3670 3411 πι-

2093 3457 2230 3528 κρᾶς
2272 3455 2365 3508 καί⁸
2409 3455 2660 3525 ἀλγεινῆς
2716 3453 2926 3524 διαίτης
2981 3452 3429 3525 προσφερόμενοι.
3479 3450 3594 3503 Καὶ
3642 3451 3673 3502 ό

2093 3548 2280 3620 καιρὸς
2306 3548 2364 3601 δὲ
2393 3549 2490 3619 τῆς
2518 3548 2707 3619 ἑορτῆς
2739 3545 2993 3620 εὔκαιρος
3013 3586 3030 3611 ,
3060 3547 3159 3600 οὐκ
3188 3548 3244 3598 ὲν
3293 3544 3431 3616 μέση
3461 3543 3676 3614 χειμῶ-

2092 3659 2181 3704 νος
2205 3641 2325 3713 ὥρᾳ
2358 3641 2742 3712 παρηγμένοςο
2773 3639 2998 3708 στυγνὸς
3031 3639 3139 3710 γὰρ
3161 3631 3348 3701 οῦτος⁶
3393 3635 3508 3689 ἀλλ’
3560 3635 3672 3688 οὐδ’

2093 3732 2150 3784 ἐν
2176 3731 2325 3801 μέσῳ
2355 3731 2501 3802 θέρει
2525 3729 2855 3800 κατάλληλος
2885 3723 2974 3800 ἦν,
3005 3729 3126 3788 καθ’
3154 3728 3211 3780 ὂν
3266 3728 3300 3797 ὴ
3347 3724 3525 3796 τροπὴ
3553 3723 3671 3794 (2-5)

2094 3824 2517 3895 φλεγμαίνουσα,
2556 3823 2664 3878 τῶν
2717 3826 2838 3878 κατ’
2891 3823 3093 3895 ἀγροὺς
3151 3818 3518 3892 σχολαζόντων
3570 3835 3674 3869 περ

2094 3917 2383 3985 ριαιρεῖται
2431 3913 2494 3968 τὸ
2555 3914 2748 3978 κάλλος
2767 3930 2782 3944 ⁸
2838 3912 3148 3966 πλεονεκτεῖ
3199 3910 3254 3963 δὲ
3290 3907 3385 3963 καὶ
3439 3905 3510 3959 τά
3556 3905 3672 3958 τῶν

2092 4005 2270 4078 ὡρῶν,
2305 4007 2405 4060 ούκ
2437 4005 2936 4076 ἐπαμφοτερίζοντα
2955 4007 3021 4075 τῇ
3049 4001 3319 4074 ἰσομοιρίᾳ
3346 3998 3480 4069 (25)·
3537 4014 3673 4068 μετ-

2091 4098 2306 4170 οπώρου
2325 4098 2434 4171 γὰρ
2468 4097 2676 4169 τροπῆς
2708 4099 2810 4150 οὑκ
2859 4095 3158 4167 ἐπιτερπὴς
3186 4094 3219 4164 ή
3251 4091 3368 4154 θέα,
3395 4089 3669 4162 χηρευού-

2095 4207 2194 4260 σης
2229 4191 2328 4260 μὲν
2361 4191 2458 4262 τῆς
2479 4189 2683 4261 χώρας,
2710 4188 2818 4242 τῶν
2862 4188 2908 4242 δ’
2941 4188 3150 4242 οἰκείων
3206 4184 3433 4256 καρπῶν
3485 4182 3564 4246 ὡς
3601 4182 3671 4235 ἂν

2089 4281 2296 4335 τέκνων
2335 4280 2800 4353 ἁπεστερημένης.
2833 4279 2974 4352 Ἔαρ
3028 4279 3092 4348 δὴ
3155 4275 3397 4330 λείπεται
3448 4275 3510 4328 τὸ
3540 4291 3673 4344 φαι-

2091 4372 2234 4443 δρὸν,
2263 4372 2291 4425 ὃ
2315 4371 2378 4444 δὴ
2398 4373 2491 4426 τοῦ
2520 4373 2718 4437 παντὸς
2744 4373 2894 4436 ἔτους
2934 4369 3140 4441 κεφαλή
3168 4385 3251 4432 τις
3281 4363 3370 4422 οἷα
3415 4366 3671 4436 σώματος

413 4467 634 4508 cursum
667 4453 718 4506 in
745 4451 982 4507 lucidum
1009 4453 1365 4508 transformat
1393 4455 1555 4512 diem.
1585 4458 1713 4522 Ver,
1745 4458 1987 4529 inquam,

2094 4466 2327 4536 ήγεῖται,
2365 4465 2516 4537 ἡλίου
2574 4465 2670 4535 μὲν
2714 4465 2779 4533 δὴ
2825 4465 2950 4536 ἄρτι
2979 4462 3041 4516 τὺ
3066 4461 3277 4536 πρῶτον
3305 4459 3501 4532 τμῆμα
3524 4459 3671 4512 διιπ-

413 4542 728 4598 hiemalinm
784 4544 1146 4599 tonitruorum
1213 4545 1650 4603 terriculamenta
1716 4549 1986 4617 discutit,

411 4631 572 4704 longa
615 4632 925 4704 (noctium)
989 4635 1280 4690 interstitia
1317 4637 1477 4703 tollit,
1520 4653 1786 4707 aquarum
1815 4657 1988 4696 exun-

411 4723 661 4780 dationes
691 4725 929 4780 cohibet.
971 4723 1202 4797 Jamque
1249 4743 1386 4782 nova
1428 4729 1744 4798 splendente
1781 4734 1988 4788 sereni-

410 4824 548 4882 tate,
580 4817 869 4886 tranquilla
907 4817 1037 4872 fiunt
1073 4819 1453 4888 navigantibus
1482 4823 1675 4886 maria,
1709 4825 1982 4892 sndusqne

411 4922 509 4963 aer
536 4916 678 4962 terra
706 4909 809 4963 iter
837 4909 1183 4964 facientibus.
1215 4910 1480 4981 [legiones
1515 4912 1731 4967 interim
1762 4915 1813 4968 in
1839 4915 1984 4984 agris

407 5001 765 5073 gravidantur
830 5003 1130 5057 seminibus
1165 5043 1180 5068 ,
1244 5013 1300 5058 et
1373 5005 1640 5060 fructibus
1713 5017 1983 5064 tumentes

410 5094 658 5155 arbores,
710 5091 805 5149 Dei
859 5093 1017 5148 donis
1066 5107 1376 5159 exornatas,
1431 5097 1683 5164 agricolis
1741 5099 1982 5155 laborum

408 5183 717 5237 mercedem
754 5183 806 5236 in
837 5183 1216 5239 benedictione
1239 5185 1497 5254 praebent.

2089 4555 2366 4620 πεύοντος,
2403 4556 2630 4628 σελήνης
2667 4555 2711 4608 δ’
2745 4558 2807 4610 ὲκ
2845 4555 3188 4626 παραλλήλου
3233 4553 3534 4622 πλησιφαεῖ
3589 4549 3670 4621 τῷ

2090 4649 2229 4717 φωτί
2249 4649 2340 4701 τὸν
2366 4647 2466 4719 τῆς
2493 4647 2684 4710 νυκτὸς
2708 4647 2906 4719 δρόμον
2929 4650 3007 4711 εἰς
3029 4644 3285 4718 λαμπρὰν
3323 4642 3671 4718 μεθαρμοζο.

2092 4742 2259 4814 μένης
2302 4742 2536 4814 ἡμέραν.
2596 4735 2766 4794 Τοῦτο
2809 4739 2926 4793 λύει
2970 4740 3067 4810 μὲν
3115 4737 3338 4792 κτύπων
3366 4736 3668 4807 χειμερίων

2090 4833 2335 4904 φόϐητρα
2361 4832 2494 4903 (9.6),
2515 4831 2628 4884 λύει
2650 4831 2706 4884 δε
2733 4829 2919 4902 μακρὰ
2939 4829 3299 4900 διαστήματα,
3328 4825 3669 4897 πλημμύρας

2091 4920 2296 4973 ὑδάτων
2329 4917 2669 4989 μεταϐάλλει.
2710 4918 2850 4989 Ἤδη
2897 4916 2954 4970 δὲ
2999 4919 3200 4988 νεαρᾶς
3247 4915 3668 4985 ὲπιλαμπούσης

2091 5009 2329 5081 αἰθρίας,
2356 5009 2563 5081 γαλήνη
2593 5008 2689 5080 μὲν
2727 5011 2840 5072 τοῖς
2865 5006 3248 5062 θαλαττεύουσι
3283 5005 3575 5076 καθίστησι
3601 5003 3668 5057 τὰ

2093 5101 2326 5170 πελάγη,
2357 5099 2527 5154 εῦδιον
2553 5100 2608 5152 δὲ
2633 5100 2770 5171 ἀέρα
2790 5101 2900 5163 τοῖς
2929 5098 3068 5160 κατὰ
3093 5099 3198 5170 γῆν
3240 5097 3543 5170 ὁδοιπόροις
3583 5099 3668 5150 ὲν-

2091 5191 2296 5246 δίδωσι.
2326 5192 2514 5264 Χῶραι
2541 5190 2586 5244 δ’
2615 5193 2672 5244 ὲν
2717 5191 2891 5262 τούτῳ
2937 5192 3058 5244 κατ’
3106 5190 3309 5262 ἀγροὺς
3363 5186 3667 5258 ἐγκύμονες

409 5275 760 5346 σπερμάτων,
795 5277 890 5332 καὶ
949 5277 1178 5347 καρπῶν
1229 5279 1556 5350 σπαργῶντα
1601 5283 1742 5352 φυτά
1782 5287 1892 5351 τοῖς
1920 5288 1984 5342 ὲκ
2021 5287 2156 5341 Θεοῦ
2222 5287 2414 5359 δώροις
2477 5287 2838 5362 ἀγαλλόμενα,
2874 5287 3138 5359 γεωργοῖς
3170 5289 3346 5339 πόνων
3371 5283 3475 5347 τὰς
3507 5282 3666 5352 ἀμοι-

406 5367 507 5434 ϐὰς
534 5369 593 5424 ὲν
613 5371 888 5440 εὐλογίαις
913 5374 1159 5444 παρέχει.

479 5461 528 5493 ⁸⁸
563 5461 737 5520 lCor.
769 5481 828 5534 ι,
859 5467 949 5521 Η.
1025 5469 1068 5501 ⁸⁸
1103 5468 1118 5521 l
1147 5469 1276 5525 Cor.
1305 5485 1360 5535 v,
1387 5469 1436 5523 7.
1513 5471 1558 5502 ⁸⁸
1578 5469 1734 5526 Joan.
1767 5473 1913 5540 1,29.

2094 5472 2179 5530 sai.
2205 5485 2321 5535 LIII,
2350 5467 2406 5522 4.

477 5555 591 5627 (24)
607 5556 740 5635 Cod.
767 5561 1048 5617 evidenter
1063 5565 1259 5635 τροφή,
1285 5564 1574 5621 manifesto
1590 5575 1767 5620 tamen
1787 5568 1973 5623 mendc

407 5638 564 5694 pro'r
633 5631 732 5699 πή.
1102 5631 1110 5633 ’
1175 5631 1233 5635 θ’

477 5643 891 5766 (255)0Loqnitur
924 5701 1222 5773 priscorum
1275 5717 1457 5770 more,
1502 5705 1642 5773 apud
1682 5720 1818 5773 quos
1852 5720 1974 5760 eum

406 5773 513 5819 tam
543 5777 730 5824 testate
764 5783 926 5830 quam
969 5771 1148 5830 hieme
1190 5773 1306 5832 dies
1353 5771 1612 5831 duodenis
1653 5771 1803 5832 boris
1844 5791 1976 5832 con-

2088 5577 2237 5621 stare
2277 5564 2542 5627 deberet,
2605 5561 2690 5617 ha:
2735 5561 3047 5617 necessario
3106 5566 3295 5614 testate
3346 5556 3654 5627 longiores~

2085 5637 2264 5706 hieme
2292 5633 2569 5706 breviores
2593 5633 3068 5706 computabantur.
3106 5700 3139 5706 μ
3277 5700 3289 5706 _
3318 5700 3329 5706 _
3532 5694 3564 5706 Α,

2159 5704 2270 5775 (‘26)
2319 5700 2595 5775 Estuosis
2640 5705 2785 5760 enim
2821 5703 2874 5758 in
2917 5700 3227 5774 regionibus
3277 5700 3456 5754 hieme
3492 5700 3659 5752 etiam

2085 5773 2320 5830 tonitrua
2348 5773 2663 5829 audiuntur.
