3836 6216
144 318 252 367 W7

1296 312 1386 366 DE
1427 310 1920 369 SOLEMNITATE
1960 309 2323 367 PASCIIALI.

3325 307 3432 369 698
3472 378 3473 381 η

220 436 293 496 γ’.
328 422 498 493 Οὗτος
541 431 571 482 ὁ
605 429 704 500 τῆς
745 429 939 500 ἑορτῆς
994 429 1217 499 καιρὸς,
1275 431 1593 499 Αἰγυπτίοις
1652 432 1750 503 μὲν

1924 435 1980 488 5.
2036 432 2147 487 Hoc
2185 430 2544 486 solemnitatis
2594 439 2805 500 tempus
2860 428 3127 500 Egyptiis
3161 430 3435 502 quidem,

146 521 376 593 ϐλεθρον
402 525 518 585 τοῖς
550 522 819 593 δαιμόνων
869 522 1065 591 φίλοις,
1118 522 1394 595 Ἑϐραίοις
1443 523 1502 577 δὲ
1551 525 1743 595 ἑορτά-

152 613 309 679 ζουσι
370 614 451 686 τῷ
500 614 638 686 Θεῷ,
683 615 872 668 κακῶν
931 615 1247 687 ἐλευθερίαν
1296 615 1617 687 προύξένειο
1656 611 1747 671 οὗ·

152 725 254 772 τος-
276 704 518 779 (26⁶).ἦν
556 708 722 772 αὐτὸς
756 711 985 772 ἐκεῖνος,
1012 709 1041 761 ό
1062 708 1127 779 δὴ
1157 709 1252 762 καὶ
1282 709 1376 763 ἐπὶ
1395 708 1495 780 τῆς
1523 708 1746 780 πρώτης

153 800 252 856 τοῦ
287 802 484 865 παντὸς
505 802 865 872 κοσμογονίας
914 800 1306 874 τετηρημένος,
1333 801 1456 856 καθ’
1496 801 1557 853 ὃν
1596 804 1630 872 ὴ
1669 800 1745 872 γῆ

157 897 483 967 ἐϐλάστησε,
511 897 632 951 καθ’
655 896 713 951 ὃν
738 898 786 950 οἰ
815 897 1101 969 φωστῆρες
1128 896 1396 965 ἐγένοντο,
1414 895 1536 949 καθ’
1562 896 1621 948 ὃν
1656 895 1749 948 οὐ-

159 992 322 1062 ρανὸς
346 991 437 1045 καὶ
452 991 522 1061 γῆ
536 990 897 1061 παρήχθησαν
915 990 1008 1043 καὶ⁹
1028 990 1205 1043 πάντα
1225 988 1294 1042 τὰ
1315 990 1371 1042 ὲν
1385 990 1587 1052 αὐτοῖς’
1608 986 1748 1041 κατὰ

156 1082 347 1137 τοῦτον
368 1084 461 1135 καὶ
488 1084 515 1134 ό
532 1080 721 1152 Σωτὴρ
748 1080 844 1133 τοῦ
873 1079 1187 1151 σύμπαντος
1216 1080 1421 1151 κόσμου
1448 1078 1508 1132 τὸ
1541 1080 1639 1149 τῆς
1668 1082 1747 1133 οἰ-

154 1172 314 1237 κείας
334 1172 526 1243 ἑορτῆς
551 1171 826 1237 ἐξετέλεσε
847 1173 1165 1242 μυστήριον,
1194 1171 1287 1226 καὶ
1303 1172 1403 1243 τὴν
1424 1170 1746 1242 οἰκουμένην

158 1268 317 1337 (27)ό
343 1268 515 1338 μέγας
542 1267 787 1339 φωστὴρ,
810 1265 1089 1330 εὐσεϐείας
1110 1266 1307 1334 αὐγαῖς
1329 1264 1745 1337 κατελάμπρυνε

155 1358 255 1410 καὶ
272 1356 336 1429 δὴ
350 1356 621 1425 γενέθλιον
643 1356 847 1426 κόσμου
864 1356 892 1409 ὁ
909 1354 1098 1425 καιρὸς
1119 1354 1399 1425 περιέχειν
1414 1353 1575 1407 ἔοικε.
1592 1354 1749 1408 Κατὰ

152 1450 347 1504 τοῦτον
376 1450 433 1504 δὲ
470 1450 564 1503 τὸν
592 1450 783 1521 καιρὸν
811 1450 906 1503 καὶ
927 1448 1097 1513 τύπος
1129 1448 1378 1508 ἐτελεῖτο,
1408 1446 1471 1500 τὸ
1520 1446 1749 1501 παλαιὸν

154 1541 373 1611 Πάσχα,
398 1540 427 1593 ὃ
459 1542 553 1595 καί
584 1540 932 1612 διαϐατήριον
954 1538 1171 1611 εἴρηται
1196 1555 1210 1570 ο
1254 1537 1390 1591 ἀλλὰ
1418 1539 1513 1591 καὶ
1541 1537 1749 1609 προϐά-

153 1652 253 1687 του
284 1633 500 1704 σφαγῆς
527 1632 797 1704 σύμϐολον
821 1631 1015 1703 ἔφερεν
1040 1648 1051 1657 ·
1092 1629 1227 1683 ἀλλὰ
1253 1630 1347 1684 καὶ
1380 1628 1591 1701 τροφῆς
1620 1628 1751 1693 ἀζύ-

158 1741 280 1795 μων
305 1724 486 1795 ἄρτων
516 1723 760 1794 ᾐνίττετο
790 1721 995 1775 εἰκόνα.
1020 1720 1205 1774 Ταῦτα
1227 1720 1284 1773 δὲ
1316 1719 1409 1772 ἐπὶ
1431 1719 1529 1783 τὴν
1574 1718 1751 1789 σωτή-

1848 536 2035 595 utpote
2073 526 2383 577 dannouum
2406 522 2627 586 amicis,
2654 521 2883 577 exitium
2912 540 2926 585 ;
2961 520 3204 579 Hebraeis
3247 538 3429 583 autem

1822 620 2018 687 Deum
2054 617 2193 672 festo
2218 618 2327 671 ritu
2357 614 2781 679 celebrantibus,
2801 616 3066 670 malorum
3096 616 3256 672 finem
3290 628 3430 675 attu-

1845 711 1925 767 lit.
1959 710 2073 766 Hoc
2117 710 2259 765 idem
2293 718 2415 764 erat
2447 708 2573 761 anni
2607 718 2842 776 tempus,
2883 706 3026 774 quod
3061 707 3115 762 in
3159 710 3431 780 primitiva

1846 806 2012 860 etiam
2048 803 2286 858 universi
2323 801 2600 855 creatione
2645 799 2998 863 decurrebat,
3039 815 3148 870 quo
3194 808 3435 872 tempore

1850 906 1995 951 terra
2044 894 2387 965 germinavit,
2437 903 2491 947 et
2552 891 2843 945 luminaria
2898 893 3224 947 exstiterunt
3269 910 3284 948 :
3327 909 3436 963 quo

1850 997 2094 1056 tempore
2122 985 2342 1050 cmlum,
2376 994 2556 1050 terra,
2596 991 2652 1035 et
2689 982 2872 1036 omnia
2908 998 3031 1053 quae
3068 983 3122 1037 in
3162 987 3243 1040 eis
3276 997 3433 1056 sunt,

1847 1079 2107 1149 producta
2149 1076 2389 1131 fuerunt.
2423 1074 2535 1130 Hoc
2564 1075 2679 1144 ipso
2713 1083 2956 1144 tempore
2989 1075 3225 1132 universi
3250 1078 3433 1133 mundi

1849 1171 2108 1226 Servator
2138 1168 2501 1224 solemnitatis
2528 1182 2639 1223 suae
2670 1167 2987 1237 mysterium
3016 1168 3244 1239 peregit;
3274 1178 3438 1241 atque

1848 1264 2034 1318 orbem
2067 1271 2337 1316 terrarum
2375 1259 2643 1314 luminare
2682 1275 2935 1326 magnum
2968 1274 3111 1315 verat
3160 1262 3439 1332 religionis

1849 1354 2231 1425 splendorihus
2261 1352 2588 1415 illustravit,
2620 1352 2920 1420 mundique
2968 1352 3150 1408 natale
3179 1355 3439 1412 reducere

1848 1448 2023 1503 visum
2058 1454 2164 1503 est.
2215 1445 2328 1500 Hoc
2361 1454 2607 1515 tempore
2644 1443 2815 1512 ﬁgura
2851 1445 3252 1513 perficiebatur,
3284 1458 3440 1505 vetus

1850 1539 2104 1594 nimirum
2134 1536 2345 1592 Pascha
2373 1551 2469 1591 seu
2503 1536 2767 1590 transitus
2805 1554 2819 1590 :
2847 1535 3076 1607 insuper
3104 1539 3270 1593 etiam
3301 1553 3443 1612 sym-

1850 1630 2033 1685 bolum
2062 1643 2215 1683 caesa!
2237 1628 2356 1682 ovis
2388 1628 2587 1689 fiebat;
2612 1627 2847 1697 denique
2885 1629 3062 1699 azymi
3096 1632 3251 1699 panis
3293 1646 3441 1696 esus,

1852 1721 2104 1791 imaginis
2132 1718 2413 1789 cujusdam
2450 1718 2627 1773 instar
2651 1728 2789 1773 erat.
2827 1720 2958 1785 ριιω
3000 1722 3182 1776 omnia
3212 1721 3264 1776 in
3316 1722 3444 1778 Ser—

157 1832 278 1887 ριον
307 1815 502 1887 ἑορτὴν
548 1814 764 1867 ἅπαντα
802 1811 1241 1885 συνεπληροῦτοο
1271 1810 1332 1865 τό
1352 1827 1411 1863 τε
1449 1808 1559 1880 γὰρ
1607 1807 1745 1879 πρό-

1866 1819 2051 1872 ratoris
2100 1816 2448 1873 solenmitate
2502 1814 2771 1882 completa
2838 1824 2989 1871 sunt.
3047 1813 3295 1887 Namque
3353 1816 3441 1871 illa

153 1905 323 1958 ϐατον
348 1904 509 1968 αὐτὸς
538 1900 608 1974 ἦν
643 1902 764 1957 καθ’
803 1902 832 1955 ὃ
873 1902 1182 1974 περιέκειτο
1210 1900 1393 1973 σῶμα.
1432 1899 1601 1963 Αὐτὸς
1652 1898 1746 1953 καὶ

154 1998 311 2068 ἥλιος
340 1998 708 2069 δικαιοσύνης,
742 1996 901 2067 ἔαρος
930 1996 1067 2067 δῆτα
1111 1995 1257 2048 θείου
1319 1994 1415 2049 καὶ
1471 1994 1743 2066 σωτηρίου

154 2091 372 2163 τροπῆς
402 2091 511 2144 άπὸ
540 2090 799 2161 χειρόνων
829 2091 921 2142 ἐπὶ
954 2087 1022 2141 τὰ
1049 2088 1281 2159 κρείττω
1304 2085 1394 2139 τὸν
1419 2084 1528 2137 τῶν
1545 2081 1750 2155 ἀνθρώ-

156 2202 280 2238 πων
314 2183 428 2253 βίον
477 2182 857 2252 διαλαϐούσηςδ
886 2180 1202 2250 Αἰγυπτίων
1232 2179 1329 2251 μὲν
1356 2176 1604 2247 δαίμοσιν
1638 2176 1749 2227 εἰσ-

156 2280 240 2331 έτι
267 2279 363 2331 καὶ
404 2277 499 2329 νῦν
517 2276 764 2346 θεήλατοι
808 2275 1071 2347 μάστιγες
1112 2271 1583 2341 καταπέμπονται,
1627 2266 1748 2321 λαοὶ

157 2369 216 2421 δὲ
252 2366 528 2438 πανταχοῦ
556 2368 663 2437 γῆς
690 2366 966 2429 οἰκοῦντες
999 2365 1099 2435 τὴν
1131 2362 1280 2431 σφῶν
1303 2360 1615 2431 ἐλευθερίαν
1650 2356 1748 2428 τὴν

160 2465 227 2515 ὲκ
251 2463 355 2532 τῆς
403 2459 774 2524 πλυπλανοῦς
796 2458 1086 2529 ἀθεότητος
1119 2453 1459 2527 ἑορτάζουσι.
1485 2451 1605 2505 Τῶν
1628 2450 1752 2503 λαο-

160 2550 384 2604 πλανῶν
412 2550 470 2603 δὲ
510 2550 838 2620 πνευμάτων
890 2546 1291 2617 πεπαυμένων,
1348 2544 1443 2597 καὶ
1486 2540 1753 2613 χειμῶνος

164 2642 376 2707 κακῶν,
407 2641 611 2695 καινῶν
644 2640 873 2710 καρπῶν
918 2638 1147 2710 εὐφορία
1168 2636 1442 2709 διαφόροις
1483 2635 1755 2707 χαρίσμα-

165 2752 251 2788 σιν
283 2734 442 2804 ἁγίου
459 2733 778 2805 Πνεύματος
801 2732 900 2805 τὴν
950 2731 1276 2801 Ἐκκλησίαν
1316 2729 1412 2783 τοῦ
1445 2728 1581 2783 Θεοῦ
1635 2744 1758 2781 στε-

162 2828 357 2898 φανοῖ·
387 2827 483 2880 καὶ
510 2824 698 2889 ἁπλῶς
730 2826 839 2879 πᾶν
867 2823 1023 2894 γένος
1049 2821 1355 2895 ἀνθρώπων
1402 2821 1495 2873 ἐπὶ
1521 2820 1583 2873 τὸ
1615 2819 1757 2892 ἠμέ-

162 2935 323 2989 τερον
352 2916 751 2987 μεταϐέϐληται
770 2933 785 2946 ·
815 2916 990 2987 χῶραι
1015 2915 1073 2969 δὲ
1096 2916 1292 2977 πᾶσαι,
1316 2912 1453 2984 πρὸς
1472 2911 1567 2965 τοῦ
1586 2928 1761 2983 γεωρ-

164 3011 265 3079 γοῦ
323 3009 493 3078 Λόγου
537 3008 636 3080 τῆς
668 3008 807 3063 κατὰ
858 3007 1037 3079 ψυχὴν
1086 3006 1362 3078 γεωργίας
1384 3004 1663 3075 τυχοῦσαι,
1691 3004 1760 3057 τὰ

165 3104 347 3175 ὡραῖα
385 3103 485 3173 τῆς
526 3101 729 3173 ἀρετῆς
769 3099 906 3171 ἄνθη
939 3099 1370 3171 βεϐλαστήκασιν
1396 3115 1410 3130 ο
1468 3096 1605 3152 ἀλλὰ
1665 3097 1759 3150 καὶ

166 3198 276 3249 τῶν
300 3194 400 3249 τοῦ
446 3195 672 3258 σκότους
709 3192 897 3247 κακῶν
943 3192 1403 3263 ἠλευθερωμένοι,
1465 3188 1641 3261 φωτὸς
1694 3189 1754 3243 ὲν
1781 3177 1823 3235 C

166 3291 354 3363 ἡμέρα
380 3288 516 3343 Θεοῦ
541 3288 796 3359 γνώσεως
832 3286 1272 3359 κατηξιώθημεν.

244 3384 310 3437 δ’.
326 3380 566 3436 Τοιαῦτα
594 3380 664 3434 τὰ
682 3379 844 3434 καινὰ
864 3379 1164 3451 μαθήματα
1186 3378 1353 3434 πάλαι
1373 3377 1471 3449 μὲν
1497 3377 1585 3433 διὰ
1617 3396 1757 3450 συμ-

168 3475 342 3529 ϐόλων
385 3473 814 3545 ἐπεσκιασμένα,
867 3472 1063 3527 νεωστὶ
1112 3471 1169 3525 δὲ
1198 3472 1280 3535 είς
1311 3471 1427 3541 φῶς
1487 3472 1760 3527 ἀνακεκα-

167 3566 444 3638 λυμμένα.
476 3568 587 3621 Καὶ
612 3566 677 3638 δὴ
708 3565 805 3619 καὶ
831 3567 995 3636 ἡμεῖς
1014 3563 1076 3616 τὸ
1112 3562 1404 3633 κεφάλαιον
1441 3564 1543 3634 τῆς
1566 3564 1761 3636 ἑορτῆς

169 3661 390 3715 κύκλων
423 3660 535 3733 (28)
570 3659 838 3732 περιόδοις
861 3658 980 3713 καθ’
997 3658 1227 3712 ἕκαστον
1244 3657 1362 3721 έτος
1375 3658 1762 3730 ἀναζωπυροῦ-

174 3771 297 3823 μεν,
318 3752 592 3824 προέορτα
632 3751 731 3823 μὲν
764 3751 1227 3823 προπαρασκευῆς
1247 3751 1411 3805 ἕνεκα
1430 3750 1530 3821 τὴν
1561 3767 1762 3804 τεσσα-

174 3845 413 3919 ρακονθή
423 3862 488 3916 με
496 3863 586 3917 ρον
600 3844 832 3915 ἄσκησιν
850 3861 927 3897 πα
934 3843 1070 3915 ραλα
1078 3844 1371 3915 μϐάνοντες
1388 3841 1531 3895 κατὰ
1550 3841 1640 3895 τὸν
1655 3841 1764 3896 τῶν

175 3940 352 4007 ἁγίων
385 3937 545 4007 ζῆλον
577 3936 855 3999 Μωῦσέως
886 3935 980 3989 καὶ
1019 3934 1220 4000 Ἡλίου,
1252 3936 1350 4006 τὴν
1370 3934 1427 3987 δὲ
1456 3935 1647 4007 ἑορτὴν
1669 3934 1765 3987 αὐ-

173 4035 277 4101 τὴν
299 4034 381 4095 είς
412 4031 643 4101 ἅληστον
682 4028 855 4082 αἰῶνα
885 4026 1288 4099 ἀνανεούμενοι.
1318 4026 1428 4098 Τὴν
1464 4026 1596 4096 γοῦν
1629 4024 1766 4096 πρὸς

176 4127 269 4178 τὸν
326 4122 458 4175 Θεὸν
493 4121 719 4192 πορείαν
768 4119 1133 4190 στελλόμενοι,
1179 4118 1281 4182 τὰς
1333 4118 1434 4189 μὲν
1475 4117 1646 4187 ὀσφῦς
1704 4113 1765 4172 εὖ

180 4218 332 4289 μάλα
366 4214 553 4285 δεσμῷ
614 4212 967 4284 σωφροσύνης
1010 4210 1397 4282 περιδούμεθα,
1449 4210 1520 4264 τὰ
1564 4210 1621 4264 δὲ
1670 4211 1770 4283 τῆς

174 4308 361 4379 ψυχῆς
414 4306 719 4377 βαδίσματα
753 4306 811 4358 ὲν
844 4301 1114 4374 ἀσφαλείᾳ
1161 4302 1543 4371 φυλάττοντες,
1579 4302 1770 4376 ῶσπερ

177 4404 241 4455 ὲν
270 4400 581 4471 ὑποδήμασι
633 4398 699 4470 δὴ
743 4399 835 4452 τὸν
867 4398 1065 4470 δρόμον
1112 4397 1213 4467 τῆς
1242 4396 1493 4467 οὐρανίου
1527 4396 1773 4467 κλήσεως

180 4492 700 4564 παρασκευάζομεν·
736 4490 1006 4563 βακτηρίᾳ
1044 4489 1102 4543 δὲ
1135 4488 1295 4558 λόγου
1328 4488 1474 4543 θείου
1507 4489 1566 4542 ἐν
1597 4487 1773 4559 εὐχῶν

176 4587 414 4658 δυνάμει
461 4586 598 4656 πρὸς
653 4585 865 4655 ἄμυναν
906 4581 1117 4655 ἐχθρῶν
1164 4580 1459 4654 χρώμενοι,
1490 4581 1587 4636 σὺν
1622 4581 1773 4655 πάσῃ

180 4680 468 4753 προθυμίᾳ
495 4676 840 4749 διαϐαίνομεν
862 4676 960 4748 τὴν
977 4678 1057 4741 εἰς
1072 4675 1336 4753 οὐρανοὺς
1359 4675 1629 4749 φέρουσαν
1654 4675 1772 4729 διά-

181 4748 382 4836 ϐασιν,
402 4748 721 4832 σπεύδοντες
746 4748 855 4823 άπὸ
878 4768 986 4821 τῶν
1018 4767 1146 4839 τῇδε
1180 4748 1275 4820 ἐπὶ
1302 4766 1371 4819 τὰ
1398 4767 1641 4839 οὐράνια,
1677 4766 1773 4822 καὶ

180 4864 296 4919 άπὸ
315 4862 462 4933 ζωῆς
490 4862 693 4934 θνητῆς
716 4862 808 4914 ἐπὶ
841 4860 940 4932 τὴν
973 4860 1259 4915 ἀθάνατον·
1291 4858 1435 4914 οὕτω
1464 4860 1575 4931 γὰρ
1602 4859 1774 4913 διαδέ-

184 4957 338 5020 ξεται
386 4956 534 5026 ἡμᾶς
562 4953 809 5009 ἐντεῦθεν
849 4953 919 5007 τὰ
961 4953 1287 5024 διαϐατήρια
1336 4948 1395 5006 εὖ
1452 4952 1548 5006 καὶ
1596 4951 1777 5017 καλῶς

183 5047 585 5117 διαϐεϐηκότας
628 5047 761 5118 ἄλλη
808 5063 893 5110 τις
929 5047 1129 5117 μείζων
1177 5047 1358 5118 ἑορτή·
1395 5046 1776 5118 Πεντηκοστὴν

184 5141 361 5208 αὐτὴν
396 5140 625 5211 ἐπίκλην
658 5138 924 5211 Ἐϐραίων
954 5138 1143 5202 παῖδες
1188 5136 1564 5209 ὀνομάζουσιν,
1592 5138 1776 5193 εἰκόνα

193 5232 473 5291 φέρουσαν
516 5232 615 5301 τῆς
662 5230 771 5285 τῶν
816 5230 1062 5302 οὐρανῶν
1114 5228 1407 5301 βασιλείας.
1442 5224 1605 5300 Λέγει
1647 5230 1778 5302 γοῦν

268 5328 318 5359 ⁸⁸
346 5329 505 5382 Deut.
532 5344 644 5391 xvi.
670 5329 727 5386 9.

262 5417 405 5489 (26‘)
426 5420 728 5486 Sequentes
758 5418 1007 5473 versiculi
1036 5418 1283 5473 undecim
1313 5433 1484 5489 usque
1504 5420 1569 5489 ad
1592 5420 1653 5475 τδ
1679 5439 1779 5475 πα-

187 5489 625 5560 λαιὸνίνῐιάσχα,
671 5490 907 5560 citantur
954 5505 1020 5543 ea:
1085 5489 1312 5543 Eusebio
1347 5488 1435 5554 [De
1489 5488 1771 5560 Paschate,

197 5559 467 5633 quebioo
495 5559 741 5633 περὶτοῦ
774 5559 988 5633 Πάσχα,
1017 5560 1182 5614 etiam
1217 5560 1776 5633 aAMacarioAChryso-

193 5630 425 5699 rephalo
456 5630 508 5684 in
546 5629 645 5684 sua
693 5631 895 5683 inedita
945 5640 1137 5685 catena
1174 5631 1296 5687 cod.
1327 5630 1387 5684 E.
1424 5629 1465 5683 f.
1499 5630 1588 5697 95,
1628 5629 1684 5697 b,
1720 5643 1775 5687 et

194 5700 416 5767 quidem
441 5715 549 5754 non
577 5700 694 5754 sine
727 5700 922 5770 verbis,
951 5700 1111 5767 paulo
1141 5700 1388 5770 pluribus
1412 5716 1571 5768 quam
1616 5716 1646 5755 a
1680 5702 1773 5756 Ni-

194 5780 352 5839 ceta;
396 5770 746 5842 quamobrem
778 5784 845 5827 ex
887 5769 1119 5828 Eusebio
1146 5769 1331 5842 potius
1356 5772 1485 5851 ipso
1512 5787 1673 5842 quam
1704 5788 1772 5830 ex

1848 1911 1988 1976 ovis,
2048 1910 2163 1972 ipse
2215 1918 2355 1971 erat,
2401 1917 2670 1977 quatenus
2734 1920 2936 1976 corpus
2996 1907 3441 1976 circumpositum

1850 2002 2106 2057 habebat.
2139 2001 2259 2071 Ipse
2292 2000 2456 2055 etiam
2484 1998 2565 2053 sol
2587 1996 2813 2065 justitia:
2839 2040 2855 2064 ,
2892 2013 3017 2052 cum
3049 1998 3161 2067 jam
3191 2015 3287 2054 ver
3309 2000 3446 2055 divi-

1852 2110 1936 2149 na:
1965 2094 2328 2163 salutarisque
2359 2091 2741 2149 conversionis
2770 2106 2799 2145 a
2838 2092 3203 2147 deterioribus
3244 2092 3298 2146 in
3326 2108 3443 2149 me-

1851 2188 2011 2251 liora,
2050 2187 2330 2241 hominum
2377 2183 2621 2239 moribus
2664 2184 3001 2253 supervenit.
3065 2182 3443 2256 Egyptiorum

1852 2280 2040 2347 utique
2079 2279 2416 2332 daemonibus
2474 2291 2622 2330 nunc
2653 2276 2819 2329 etiam
2860 2275 3034 2346 plagae
3062 2276 3439 2345 imponuntur,

1854 2372 2036 2443 pepuli
2062 2372 2263 2440 ubique
2297 2379 2567 2425 terrarum
2605 2367 2908 2423 incolentes
2936 2368 3249 2423 libertatem
3289 2382 3444 2424 suam

1853 2480 1882 2518 a
1936 2462 2259 2519 multiformi
2318 2460 2739 2530 irreligiositatis
2771 2473 2962 2513 errore
3015 2460 3262 2515 hilariter
3302 2460 3447 2517 cele-

1855 2557 2035 2611 brant.
2106 2554 2446 2623 Compressis
2490 2566 2620 2623 ergo
2674 2551 3059 2620 deceptoribus
3122 2552 3443 2622 populorum

1856 2648 2139 2720 Spiritibus
2179 2656 2234 2702 et
2282 2646 2547 2701 malorum
2603 2644 2804 2707 hieme,
2855 2659 3116 2699 novorum
3165 2644 3444 2701 fructuum

1858 2741 2075 2795 ubertas
2097 2738 2263 2792 variis
2307 2737 2481 2793 sancti
2529 2736 2771 2807 Spiritus
2813 2735 2971 2791 donis
3008 2735 3101 2791 Dei
3141 2735 3446 2793 Ecclesiam

1858 2840 2127 2897 exornat;
2183 2840 2349 2901 atque
2400 2837 2464 2883 ut
2516 2827 2831 2885 summatim
2880 2827 3084 2894 dicam,
3131 2828 3446 2885 universum

1860 2924 2143 2980 hominum
2194 2937 2366 2993 genus
2420 2921 2489 2976 ad
2550 2929 2737 2989 partes
2812 2929 3032 2977 nostras
3110 2920 3445 2983 transilivit;

1861 3027 2072 3073 cunctae
2103 3017 2355 3088 regiones
2381 3031 2410 3070 a
2447 3015 2628 3071 Verbo
2655 3013 2894 3085 agricola
2940 3015 3135 3068 anima:
3180 3013 3446 3087 culturam

1864 3121 2122 3181 expertae,
2149 3109 2408 3181 pulchros
2432 3108 2654 3164 virtutis
2677 3107 2839 3164 ﬂores
2864 3107 3239 3178 germinarunt
3274 3123 3291 3162 :
3324 3120 3450 3161 nos-

1857 3220 1963 3275 que
2013 3203 2251 3259 tenebris
2309 3205 2577 3258 malorum
2640 3201 2849 3270 erepti,
2909 3200 3030 3256 luce
3081 3200 3226 3271 digni
3278 3199 3450 3256 habiti

1860 3296 2060 3352 fuimus
2082 3311 2187 3366 qua
2222 3296 2310 3351 die
2345 3294 2437 3349 Dei
2472 3294 2724 3349 notitiam
2757 3294 3055 3349 hausimus.

1929 3388 1983 3442 4.
2017 3386 2141 3442 Haec
2179 3396 2306 3441 sunt
2331 3394 2467 3441 noVa
2500 3385 2850 3452 documenta,
2886 3384 3014 3440 olim
3055 3383 3272 3454 quidem
3306 3397 3450 3457 sym-

1859 3480 1998 3536 bolis
2023 3479 2365 3541 obumbrata,
2395 3492 2565 3547 nuper
2596 3486 2775 3530 autem
2804 3478 2856 3531 in
2888 3477 3063 3533 lucem
3101 3475 3448 3531 manifestam

1860 3570 2092 3642 prolata.
2124 3571 2189 3625 Et
2228 3571 2442 3639 quidem
2484 3584 2586 3623 nos
2608 3568 2770 3623 etiam
2809 3569 3022 3623 initium
3061 3567 3220 3637 hujus
3258 3568 3451 3623 solem-

1863 3664 2050 3721 uitatis
2100 3664 2374 3735 cyclorum
2420 3662 2658 3734 periodis
2696 3662 2923 3731 singulis
2972 3661 3131 3717 annis
3174 3661 3450 3717 instaura-

1866 3776 2026 3826 mus;
2063 3771 2188 3815 ante
2238 3759 2435 3815 festum
2489 3758 2729 3829 quidem,
2782 3758 3194 3829 prieparationis
3245 3774 3450 3825 causa,

1866 3853 2187 3924 quadragesi
2198 3853 2334 3906 male
2354 3853 2677 3907 exercitium
2698 3860 3061 3919 assumentes,
3077 3861 3295 3907 sanctos
3313 3850 3451 3923 Moy'

1867 3960 1981 4000 sem
2016 3953 2070 3997 et
2099 3941 2307 3997 Heliam
2344 3942 2639 4006 imitantes,
2671 3942 2844 4011 ipsum
2876 3956 3005 3997 vero
3030 3941 3223 3996 festum
3243 3955 3340 4012 per
3372 3940 3451 3995 in-

1867 4034 2129 4091 cessabile
2160 4050 2333 4089 aevum
2386 4042 2712 4105 repetentes.
2771 4031 2910 4102 Ergo
2950 4032 3145 4088 itinere
3174 4032 3241 4088 ad
3284 4032 3451 4086 Deum

1868 4139 2142 4199 suscepto,
2177 4128 2391 4183 lumbos
2435 4128 2679 4198 apprime
2724 4128 3101 4198 temperantia:
3149 4142 3284 4183 zona
3319 4142 3454 4197 prte-

1869 4220 2404 4291 cingimus,'aninue
2451 4234 2582 4275 vero
2643 4234 2865 4290 gressus
2918 4228 3074 4275 caute
3128 4220 3454 4285 munientes,

1873 4324 2133 4382 tauquam
2162 4312 2386 4367 calceati
2421 4311 2665 4367 cmlestis
2693 4311 2996 4366 vocationis
3041 4325 3260 4365 cursum
3306 4309 3457 4364 insti-

1876 4405 2082 4460 tuimus
2112 4420 2124 4456 :
2157 4405 2420 4474 virgaque
2470 4402 2637 4457 divini
2687 4401 2865 4467 verbi,
2916 4418 3024 4457 non
3081 4402 3197 4456 sine
3237 4414 3454 4470 precum

1803 4522 1852 4581 ο
1876 4499 2099 4561 virtute,
2144 4497 2213 4551 ad
2261 4494 2601 4565 repellendos
2640 4498 2826 4552 hostes
2871 4504 3119 4559 utentes,
3151 4509 3273 4547 cum
3305 4493 3456 4547 omni

1877 4590 2160 4644 alacritate
2192 4589 2260 4644 ad
2310 4588 2578 4644 ferentem
2615 4588 2669 4643 in
2713 4588 2881 4644 caelos
2925 4586 3212 4640 transitum
3233 4626 3249 4651 ,
3276 4584 3343 4638 ab
3372 4584 3459 4641 his

1878 4681 2078 4737 infimis
2102 4680 2167 4736 ad
2197 4696 2456 4751 superna,
2489 4695 2520 4735 a
2559 4678 2773 4735 mortali
2817 4678 2926 4733 vita
2956 4677 3024 4732 ad
3080 4675 3459 4731 immortalita-

1882 4782 1988 4827 tem
2015 4788 2396 4843 pr0peramus.
2417 4772 2508 4828 Sic
2536 4773 2679 4828 enim
2708 4778 2929 4841 peracto
2950 4768 3181 4825 feliciter
3201 4767 3457 4834 transitu,

1878 4867 2048 4934 major
2072 4866 2174 4920 alia
2202 4866 2435 4936 excipiet
2454 4881 2551 4922 nos
2565 4864 3076 4935 solemnitas(quam
3102 4862 3457 4918 Pentecosten

1878 4959 2111 5014 Hebraei
2137 4956 2441 5028 nominant)
2480 4958 2630 5028 regni
2653 4957 2913 5013 caelorum
2944 4956 3235 5026 imaginem
3268 4969 3379 5023 pra:
3401 4967 3460 5007 se

1879 5050 2083 5104 ferens.
2113 5047 2204 5103 Ait
2238 5046 2421 5116 itaque
2458 5047 2670 5117 Moyses
2708 5044 2833 5100 :Ea:
2862 5062 2964 5115 quo
3008 5044 3195 5116 falcem
3229 5045 3285 5097 in
3328 5058 3462 5097 mes-

1878 5159 1986 5197 sem
2012 5140 2240 5204 miseris,
2267 5141 2571 5195 numerabis
2605 5141 2699 5194 tibi
2727 5151 2916 5211 septem
2961 5139 3334 5205 hebdomadas,
3366 5152 3458 5190 no-

1882 5250 2076 5306 vosque
2107 5250 2269 5305 panes
2313 5250 2379 5289 e1:
2414 5250 2544 5288 nova
2567 5249 2733 5288 messe
2758 5247 3015 5303 propones
3050 5240 3172 5286 ante
3198 5229 3365 5285 Deum
3390 5229 3456 5283 “.

1887 5418 2071 5473 Nireta
2099 5415 2344 5471 hausisse
2372 5416 2586 5470 videtur
2606 5413 2895 5471 Macarius.

1956 5488 2089 5560 (εδ)
2108 5487 2248 5560 ραι.
2278 5486 2650 5560 τὴν,ὕφήλιον-

1955 5552 2058 5629 (ιε’
2071 5552 2089 5629 ’ί
2108 5556 2247 5629 Dicit
2286 5552 2513 5628 cjclum'
2543 5555 2895 5629 paschalenv,
2926 5552 3225 5629 cuiusmodi
3279 5552 3463 5629 plures

1885 5629 1938 5684 in
1965 5625 2222 5697 antiquis
2250 5625 2618 5682 monumentis
2651 5636 2759 5680 tam
2790 5627 3011 5697 scriptis
3041 5638 3203 5697 quam
3231 5625 3463 5697 sculptis

1880 5694 2129 5754 exstant.
2149 5697 2627 5769 Videsisilnscript.
2653 5697 2774 5754 chr.
2807 5694 2949 5767 apud
2982 5712 3105 5765 nos,
3134 5694 3331 5769 Script.
3361 5704 3459 5751 ut.

1883 5779 1921 5827 t.
1965 5770 2030 5833 V,
2066 5785 2120 5834 ι).
2151 5767 2219 5824 70
2245 5776 2301 5827 et
2330 5768 2455 5824 472.
