3836 6216
357 264 462 317 699

1035 253 1308 310 EUSEBII
1347 255 1826 312 CIESARIENSIS
1863 255 2015 314 OPP.
2057 258 2237 314 PARS
2272 256 2362 312 IV.
2413 285 2479 297 —
2516 246 2941 309 DOGMATICA.

3534 249 3654 305 ἴω)

361 384 933 454 Significabatnempe
977 383 1297 453 prophetica
1335 384 1435 437 hac
1465 383 1635 452 ﬁgura
1672 398 1768 452 per
1811 398 1946 440 mes-

2070 383 2317 454 Πωῦσῆς·
2379 378 2746 450 Ἀρχομένων
2768 393 2886 431 σου
2921 374 3223 444 δρέπανον
3263 373 3356 428 ἐπ’
3391 373 3651 444 ἄμητον,

359 493 474 534 sem
506 477 724 546 quidem
761 477 1102 530 vocationem
1133 474 1399 546 gentium,
1423 490 1520 543 per
1551 489 1718 529 novos
1757 491 1946 544 panes,

359 569 568 622 animas
596 565 797 620 Christi
828 567 1036 620 meritis
1058 566 1271 620 oblatas
1301 565 1429 632 Deo,
1471 565 1853 636 ecclesiasque
1878 582 1947 621 ex

357 659 592 715 ethnicis
619 657 899 722 conflatas,
931 673 1158 728 quarum
1207 671 1371 712 causa
1419 657 1714 712 maximum
1746 657 1944 712 festum

359 753 503 819 apud
533 751 824 820 benignum
858 751 1022 805 Deum
1059 750 1137 804 fit.
1163 749 1408 818 Namque
1435 749 1791 805 rationalibus
1815 765 1946 820 apo-

358 843 618 898 stolorum
653 843 884 897 falcibus
915 842 1172 905 demessi,
1207 843 1421 896 cunctis
1449 841 1649 910 ubique
1675 852 1943 896 terrarum

358 935 608 990 ecclesiis
669 942 927 1004 tanquam
979 934 1032 987 in
1068 950 1194 988 area
1251 933 1508 1002 globatim
1565 935 1942 1003 congregatis,

359 1026 612 1085 concordi
647 1027 771 1082 fidei
810 1028 1080 1082 sententia
1128 1026 1440 1094 corporati,
1471 1023 1586 1078 sale
1633 1025 1940 1081 divinarum

361 1118 730 1174 doctrinarum
775 1131 840 1170 ac
871 1115 1272 1185 disciplinarum
1305 1116 1528 1180 conditi,
1561 1131 1698 1182 aqua
1731 1127 1786 1168 et
1824 1117 1944 1186 igne

361 1208 537 1262 sancti
597 1206 828 1275 Spiritus
887 1206 1206 1275 regenerati,
1260 1221 1428 1274 panes
1468 1206 1676 1262 escales
1713 1205 1943 1275 jucundi

361 1299 610 1367 gratique
642 1297 753 1354 Deo
784 1313 880 1367 per
905 1297 1182 1352 Christum
1217 1295 1515 1352 oﬂ‘erimur.

2052 477 2204 529 ἑπτὰ
2237 472 2570 543 ἑϐδομάδας
2615 469 2968 540 ἀριθμήσας
3013 467 3271 533 σεαυτῷ,
3317 467 3415 521 καί
3468 469 3656 534 νέους

2053 565 2274 633 ἄρτους
2299 564 2367 617 ἐκ
2384 563 2538 617 νέων
2553 560 2797 631 ἀμήτων
2814 556 3190 627 παραθήσεις
3215 557 3294 624 τῷ
3319 557 3464 623 Θεῷ.
3488 558 3650 630 Ἐδή-

2049 655 2144 710 λου
2169 656 2226 709 δὲ
2254 655 2366 722 ἄρα
2407 652 2733 726 προφητικῷ
2758 650 2915 720 τύπῳ
2940 650 3152 721 ἄμητον
3196 650 3297 720 μὲν
3325 649 3436 703 τῶν
3475 650 3654 704 ἐθνῶν

2049 749 2151 821 τὴν
2191 748 2408 818 κλῆσιν,
2441 747 2593 809 νέους
2613 745 2670 798 δὲ
2703 744 2902 815 ἄρτους
2926 741 3025 806 τὰς
3049 743 3137 796 διὰ
3159 741 3396 814 Χριστοῦ
3423 740 3502 812 τῷ
3528 741 3658 813 Θεῷ

2051 839 2562 912 προσενηνεγμένας
2587 837 2784 908 ψυχὰς,
2807 836 2906 898 τάς
2931 852 2994 888 τε
3016 835 3074 902 ἐξ
3098 834 3266 888 ὲθνῶν
3327 834 3654 904 ἐκκλησίας,

2049 933 2136 1002 ἐφ’
2170 929 2259 996 αἷς
2305 931 2469 1004 ἑορτὴ
2520 930 2751 1002 μεγίστη
2786 929 2865 999 τῷ
2903 927 3271 999 φιλανθρώπῳ
3308 927 3428 998 Θεῷ
3457 945 3658 982 συντε-

2046 1025 2238 1078 λεῖται·
2289 1025 2338 1077 οἳ
2385 1027 2505 1087 ταῖς
2544 1023 2652 1076 τῶν
2698 1021 3012 1076 ἀποστόλων
3049 1021 3296 1089 λογικαῖς
3336 1021 3650 1092 δρεπάναις

2047 1114 2410 1187 θερισθέντες,
2456 1116 2552 1167 καὶ
2589 1113 2776 1186 ῶσπερ
2805 1115 2885 1176 εἰς
2916 1112 3060 1176 ἆλως
3081 1112 3180 1176 τὰς
3207 1112 3524 1181 ἁπανταχοῦ
3545 1113 3662 1182 γῆς

2046 1207 2375 1278 Ἐκκλησίας
2410 1205 2764 1277 συναχθέντες
2801 1206 2890 1275 ὑφ’
2922 1205 3001 1270 ἓν,
3028 1205 3295 1276 όμοφώνῳ
3317 1223 3378 1259 τε
3410 1206 3661 1260 διαθέσει

2047 1300 2284 1363 πίστεως
2323 1298 2886 1370 σωματοποιηθέντες,
2923 1299 3019 1351 καὶ
3049 1299 3174 1351 ἁλσὶ
3221 1302 3334 1362 τοῖς
3372 1298 3481 1352 ἀπὸ
3537 1300 3662 1352 τῶν

361 1391 520 1448 θείων
548 1391 721 1461 λόγων
775 1391 1091 1463 μαθήμασιν
1124 1390 1530 1463 ὲξαρτυθέντες,
1563 1393 1631 1446 δι’
1671 1391 1862 1456 ὕδατός
1896 1410 1956 1446 τε
1993 1394 2088 1447 καὶ
2139 1395 2312 1465 πυρὸς
2357 1394 2512 1462 ἁγίου
2579 1393 2896 1465 Πνεύματος
2959 1391 3434 1463 ἁναγεννηθέντες,
3492 1392 3663 1464 ἄρτοι

359 1487 620 1558 τρόφιμοι
653 1489 943 1558 προσηνεῖς
975 1488 1070 1540 καὶ
1094 1487 1315 1557 ἀρεστοὶ
1349 1487 1427 1558 τῷ
1455 1487 1574 1559 Θεῷ
1597 1489 1687 1542 διὰ
1715 1488 1950 1560 Χριστοῦ
1993 1489 2439 1560 προσφερόμεθα.

432 1580 487 1634 5.
513 1579 606 1634 Sic
631 1594 760 1650 ergo
813 1579 1148 1648 pr0pheticis
1177 1578 1376 1648 Moysis
1421 1581 1682 1651 symbolis
1729 1582 1782 1634 in
1828 1597 1941 1636 rem

2114 1589 2187 1637 ε’.
2221 1582 2402 1653 Ταύτῃ
2443 1598 2519 1651 πη
2553 1579 2662 1633 τῶν
2690 1580 2839 1651 παρὰ
2875 1580 3101 1633 Μωῦσεῖ
3125 1576 3481 1650 προφητικῶν
3511 1594 3663 1648 συμ-

361 1687 546 1728 veram
585 1673 858 1727 sanctiore
904 1669 1098 1726 effectu
1134 1670 1363 1736 collatis,
1406 1673 1668 1728 laetiorem
1714 1689 1814 1728 nos
1860 1689 1950 1729 so-

364 1763 704 1818 lemnitatem
757 1776 919 1831 agere
974 1761 1272 1817 traditione
1315 1763 1628 1830 didicimus,
1687 1781 1786 1821 ceu
1835 1765 1948 1834 jam

363 1869 484 1906 cum
545 1853 838 1907 Servatore
890 1861 1079 1906 nostro
1133 1853 1457 1918 coatlunati,
1503 1852 1730 1922 ejusque
1788 1868 1950 1922 regno

363 1945 626 1998 fruentes.
653 1942 948 2013 Propterea
975 1943 1123 1997 nullo
1145 1943 1302 1996 nobis
1320 1943 1505 1998 labore
1524 1949 1762 1999 ascetico
1783 1945 1948 1998 atteri

364 2037 503 2089 intra
556 2035 659 2090 hoc
691 2033 887 2089 festum
925 2035 1264 2098 conceditur,
1302 2037 1397 2088 sed
1451 2046 1682 2105 sperata:
1709 2037 1760 2090 in
1788 2036 1950 2091 ccelis

363 2126 560 2196 quietis
600 2127 888 2195 imaginem
931 2129 1196 2183 exhibere
1259 2127 1537 2182 docemur.
1566 2130 1746 2195 Quare
1771 2145 1869 2183 nec
1895 2130 1946 2182 in

364 2219 617 2289 precibus
683 2233 829 2286 genu
890 2220 1184 2285 ﬂectimus,
1231 2233 1408 2290 neque
1460 2220 1567 2274 cibi
1619 2221 1948 2274 abstinentia

363 2318 578 2365 nosmet
615 2309 927 2381 aﬂligimus.
965 2311 1176 2367 Etenim
1220 2329 1340 2377 eos,
1387 2313 1584 2382 quibus
1617 2313 1669 2367 in
1710 2314 1820 2368 Deo
1867 2331 1951 2368 re-

364 2399 621 2469 surgendi
655 2400 830 2470 gratia
855 2401 1099 2468 fuit,jam
1130 2419 1235 2457 non
1265 2403 1426 2458 decet
1455 2407 1630 2459 denuo
1653 2405 1802 2458 humi
1827 2420 1950 2470 pro-

370 2493 680 2556 cutubere;
710 2506 832 2556 nec,
863 2494 1208 2560 passioniluts
1246 2494 1522 2558 liberatos,
1559 2496 1708 2563 paria
1741 2495 1948 2564 perpeti

366 2599 488 2639 cum
545 2583 831 2654 mancipiis
866 2585 1245 2655 cupiditatum.
1296 2586 1662 2653 Quamobrem
1693 2597 1816 2658 post
1842 2588 1948 2641 Pa-

367 2677 499 2731 scha
533 2676 893 2733 Pentecosten
936 2687 1143 2746 septem
1178 2679 1532 2734 hebdomadis
1561 2680 1782 2749 integris
1802 2680 1948 2736 cele-

367 2764 591 2820 bramus
622 2783 638 2832 ;
675 2767 816 2821 sicut
872 2765 1128 2835 praavium
1163 2764 1414 2822 Paschati
1467 2776 1680 2836 tempus
1717 2769 1952 2838 quadra-

367 2857 642 2926 gesimalis
675 2857 917 2912 exercitii
984 2871 1080 2912 sex
1126 2857 1482 2913 hebdomadis
1515 2860 1744 2914 viriliter
1785 2859 1950 2915 susti-

366 2949 606 3004 nuimus.
659 2947 796 3003 Nam
846 2950 1096 3004 senarius
1147 2965 1403 3004 numerus
1461 2960 1740 3017 actuosus,
1768 2962 1828 3007 ut
1873 2952 1946 3006 ita

366 3038 566 3104 dicam,
595 3048 679 3093 est
707 3048 762 3093 et
795 3037 1004 3092 efﬁcax.
1043 3038 1170 3093 Ideo
1215 3048 1271 3092 et
1310 3054 1406 3093 sex
1459 3038 1652 3094 diebus
1697 3041 1944 3095 universa

366 3129 510 3185 Deus
553 3129 862 3185 condidisse
906 3131 1128 3184 dicitur.
1181 3129 1484 3186 Laboribus
1529 3140 1708 3185 autem
1760 3132 1813 3186 in
1855 3133 1945 3187 illa

369 3223 618 3276 toleratis
671 3221 867 3275 merito
926 3223 1182 3277 succedet
1233 3224 1468 3278 secunda
1517 3224 1837 3278 solemuitas
1891 3226 1944 3280 in

367 3321 577 3378 septem
630 3311 1005 3377 hebdomadis,
1033 3313 1391 3384 multiplicata
1424 3315 1582 3370 nobis
1606 3317 1815 3384 requie,
1848 3333 1945 3372 cu-

363 3402 453 3472 jus
477 3402 780 3473 symbolum
807 3405 1146 3473 septenarius
1186 3421 1446 3462 numerus
1475 3415 1579 3460 est.
1611 3406 1730 3462 Non
1764 3417 1944 3462 tamen

367 3505 434 3546 ex
483 3492 567 3546 his
617 3501 827 3562 septem
869 3494 1225 3552 hebdomadis
1265 3495 1615 3552 Pentecostes
1655 3513 1749 3552 seu
1785 3499 1947 3567 quin-

368 3583 733 3653 quagenarius
779 3599 1040 3640 numerus
1076 3585 1410 3641 adamussim
1457 3586 1748 3642 conficitur
1775 3605 1790 3653 ;
1821 3605 1943 3642 nam

369 3684 640 3744 postrema
694 3675 990 3732 excedente
1047 3678 1311 3743 monade,
1350 3679 1404 3731 in
1457 3678 1559 3734 hac
1605 3680 1945 3735 solemnissi-

372 3780 520 3819 mum
550 3765 756 3820 Christi
787 3768 1128 3822 ascendentis
1173 3769 1316 3821 diem
1360 3769 1727 3838 obsignanms.
1752 3770 1947 3826 Merito

369 3855 538 3926 igitur
576 3865 783 3912 sanctae
809 3857 1166 3914 Pentecostes
1207 3858 1399 3914 diebus
1435 3859 1669 3916 futuram
1704 3863 1944 3932 requiem

370 3958 846 4015 reprasentantcs,
879 3949 1017 4005 laetis
1044 3949 1242 4004 animis
1271 3967 1483 4017 sumus,
1522 3952 1791 4023 simulque
1819 3968 1943 4007 cor-

369 4039 488 4108 pori
544 4039 778 4107 quietem
830 4040 1189 4110 indulgemus,
1234 4043 1390 4112 quasi
1437 4059 1559 4098 cum
1592 4043 1804 4115 Sponso
1829 4046 1944 4116 jam

368 4145 672 4194 versemur,
704 4130 932 4202 ideoque
962 4133 1117 4188 nobis
1139 4131 1393 4202 jejunare
1434 4151 1542 4190 non
1585 4136 1765 4193 liceat.

439 4223 494 4278 6.
521 4222 628 4277 Sed
681 4231 858 4278 tamen
898 4227 1042 4295 quod
1081 4229 1226 4282 sacri
1263 4229 1613 4299 evangelista:
1643 4230 1946 4288 Servatoris

2051 1673 2223 1726 ϐὁλων
2257 1675 2337 1736 εἰς
2378 1673 2514 1743 ἔργα
2560 1673 2908 1743 σεμνοτέροις
2939 1673 3053 1734 τοῖς
3093 1669 3498 1738 ἀποτελέσμασι
3538 1687 3662 1738 χω-

2053 1765 2306 1836 ρούντων,
2337 1763 2488 1818 αύτοί
2519 1781 2583 1832 γε
2617 1763 2723 1834 μὴν
2747 1763 2845 1834 τὴν
2875 1762 3068 1833 ἑορτὴν
3100 1760 3464 1832 φαιδροτέραν
3493 1758 3665 1826 ἄγειν

2051 1857 2490 1929 παρειλήφαμεν,
2524 1854 2599 1919 ὡς
2654 1854 2720 1908 ἂν
2752 1855 2830 1924 τῷ
2887 1842 3101 1924 Σωτῆρι
3155 1851 3660 1923 συναγηγερμένοι,

2049 1948 2146 2000 καὶ
2174 1947 2272 2018 τῆς
2297 1947 2462 1999 αὐτοῦ
2491 1945 2765 2015 βασιλείας
2796 1943 3180 2006 ἀπολαύοντες.
3213 1942 3307 1994 Διὸ
3336 1941 3522 1995 οὐκέτι
3553 1957 3665 1992 πο-

2051 2037 2260 2090 νεῖσθαι
2292 2037 2432 2090 κατὰ
2453 2035 2614 2107 τήνδε
2636 2035 2734 2106 τὴν
2759 2034 2951 2105 ἑορτὴν
2981 2031 3432 2102 συγχωρούμεθα,
3463 2030 3569 2099 τῆς
3608 2029 3663 2081 δ’

2050 2129 2415 2200 ἐλπιζομένης
2443 2131 2501 2182 ὲν
2533 2128 2784 2199 οὐρανοῖς
2811 2124 3175 2187 ἀναπαύσεως
3207 2122 3309 2192 τὴν
3336 2121 3524 2175 εἰκόνα
3555 2121 3662 2190 φέ-

2052 2239 2165 2293 ρειν
2193 2220 2577 2291 διδασκόμεθα·
2609 2218 2732 2272 ὅθεν
2763 2217 2873 2270 οὐδ’
2911 2218 2970 2270 ἐν
3008 2219 3128 2279 ταῖς
3156 2216 3340 2284 εὐχαῖς
3369 2213 3500 2280 γόνυ
3532 2212 3662 2265 κλί-

2049 2331 2234 2383 νομεν,
2287 2312 2396 2366 οὐδ’
2436 2312 2674 2375 ἀσιτίαις
2729 2307 3204 2378 καταπονούμεθα·
3239 2307 3364 2369 τοὺς
3395 2304 3506 2375 γὰρ
3545 2304 3657 2373 τῆς

2051 2405 2193 2459 κατὰ
2222 2404 2355 2458 Θεὸν
2388 2404 2739 2468 ἀναστάσεως
2787 2401 3123 2472 ἠξιωμένους
3153 2399 3330 2452 οὐκέτ’
3359 2393 3516 2460 αὖθις
3536 2390 3663 2449 οἷόν

2049 2514 2110 2550 τε
2134 2497 2227 2550 ἐπὶ
2265 2498 2367 2567 γῆς
2393 2496 2631 2550 πίπτειν
2665 2495 2788 2548 οὐδὲ
2819 2497 2945 2557 τοὺς
2972 2493 3081 2547 τῶν
3120 2491 3308 2546 παθῶν
3338 2489 3662 2560 ἠλευθερω-

2053 2588 2247 2659 μένους
2278 2588 2346 2641 τά
2381 2588 2470 2641 ῖσα
2505 2587 2738 2658 πάσχειν
2772 2589 2885 2650 τοῖς
2911 2582 3492 2653 καταδεδουλωμένοις.
3559 2582 3663 2635 Διὸ

2054 2679 2190 2750 μετὰ
2217 2679 2277 2732 τὸ
2308 2679 2500 2749 Πάσχα
2528 2678 2629 2750 τὴν
2655 2676 3036 2748 Πεντηκοστὴν
3065 2677 3122 2728 ὲν
3169 2674 3462 2744 ἑϐδομάσιν
3507 2673 3663 2750 ἑπτά

2048 2749 2282 2834 τελείαις
2315 2749 2668 2842 ἑορτάζομεν,
2691 2768 2784 2821 τὸν
2818 2767 2918 2839 μὲν
2947 2765 3212 2839 πρότερον
3228 2763 3401 2818 αἰῶνα
3414 2764 3513 2834 τῆς
3541 2749 3662 2836 πρδ

2050 2863 2146 2916 τοῦ
2189 2863 2382 2933 Πάσχα
2431 2859 3014 2933 τεσσαρακονθημέρου
3057 2858 3446 2928 συνασκήσεως
3485 2858 3546 2910 ὲν
3593 2856 3660 2922 ἒξ

1978 2931 2023 2992 C
2056 2931 2349 3026 ἑϐδομάσιν
2402 2931 2806 3025 ἀνδρισάμενοιο
2842 2950 3120 3022 πρακτικὴ
3148 2947 3257 3020 γὰρ
3291 2950 3324 3019 ἡ
3375 2947 3505 3012 ἑξὰς
3557 2949 3662 3002 καὶ

2054 3047 2403 3117 ὲνεργητική·
2428 3045 2508 3098 διὸ
2533 3046 2626 3098 καὶ
2656 3046 2716 3098 ὲν
2746 3041 2806 3108 ἒξ
2832 3043 3070 3116 ἡμέραις
3087 3045 3116 3096 ὁ
3142 3041 3272 3105 Θεὸς
3290 3041 3662 3112 πεποιηκέναι

2054 3138 2276 3207 λέγεται
2302 3138 2372 3190 τὰ
2401 3136 2713 3208 σύμπαντα.
2746 3135 2886 3198 Τοὺς
2912 3135 2956 3187 δ’
2983 3136 3041 3187 ὲν
3073 3134 3257 3206 ἐκείνῃ
3289 3135 3488 3196 πόνους
3504 3133 3660 3187 είκό-

2052 3231 2217 3300 τωςή
2251 3229 2479 3298 δευτέρα
2524 3228 2686 3300 ἑορτὴ
2721 3228 2780 3280 ὲν
2819 3226 3112 3298 ἑϐδομάσιν
3147 3224 3288 3280 ἑπτὰ
3328 3223 3664 3290 διαδέξεται,

2053 3318 2639 3389 πολυπλασιαζομένης
2695 3321 2824 3390 ἡμῖν
2876 3317 2978 3386 τῆς
3021 3316 3405 3381 ἀναπαύσεως,
3459 3312 3530 3388 ἦς
3585 3316 3660 3370 τὰ

2055 3412 2300 3484 σύμϐολα
2348 3415 2382 3485 ή
2436 3411 2671 3482 ἑϐδομὰς
2711 3412 3000 3482 σημαίνειν
3047 3409 3210 3463 θέλει.
3266 3411 3341 3463 Οὐ
3400 3410 3510 3481 μὴν
3551 3410 3658 3463 ἐπὶ

2051 3504 2434 3575 ταύταςότῆς
2485 3503 2871 3574 Πεντηκοστῆς
2922 3501 3154 3573 ἀριθμὸς
3207 3502 3444 3556 ἵσταται·
3479 3503 3662 3570 ὑπερ.

2052 3595 2340 3660 ακοντίσας
2394 3595 2451 3648 δὲ
2474 3595 2576 3658 τὰς
2610 3594 2752 3648 ἑπτὰ
2794 3593 3114 3664 ἑϐδομάδας,
3167 3592 3356 3664 μονάδι
3395 3595 3462 3663 τῇ
3513 3592 3662 3663 μετὰ

2050 3688 2252 3751 ταύτας
2288 3688 2494 3759 ὑστάτῃ
2539 3685 2638 3758 τὴν
2680 3685 2976 3757 πανέορτον
3009 3684 3224 3755 ἡμέραν
3263 3684 3366 3752 τῆς
3412 3685 3662 3754 Χριστοῦ

2051 3780 2365 3852 ἀναλήψεως
2393 3775 2869 3849 ἐπισφραγίζεται.
2903 3776 3145 3839 Εἰκότως
3167 3777 3277 3847 ἄρα
3308 3776 3366 3828 ὲν
3393 3779 3516 3840 ταῖς
3544 3776 3656 3846 τῆς

2055 3873 2214 3941 ἁγίας
2243 3870 2624 3942 Πεντηκοστῆς
2651 3870 2884 3942 ἡμέραις
2903 3869 3000 3940 τὴν
3023 3868 3319 3940 μέλλουσαν
3340 3868 3657 3922 ἀνάπαυσιν

2051 3965 2465 4036 διαγράφοντες,
2499 3965 2600 4028 τὰς
2640 3965 2820 4036 ψυχὰς
2874 3962 3225 4034 γαννύμεθα,⁴
3257 3965 3352 4016 καὶ
3394 3963 3455 4016 τὸ
3490 3963 3658 4034 σῶμα

2051 4056 2475 4128 διαναπαύομεν,
2505 4057 2581 4120 ὡς
2617 4056 2683 4110 ἂν
2698 4057 2846 4128 αὐτῷ
2872 4055 3120 4119 συνόντες
3149 4055 3249 4126 ἤδη
3281 4054 3362 4126 τῷ
3387 4055 3655 4127 Νυμφίῳ,

2054 4149 2149 4202 καὶ
2186 4149 2470 4220 νηστεύειν
2507 4149 2582 4220 μὴ
2605 4149 2910 4219 δυνάμενοι.

2128 4248 2204 4306 ς’.
2259 4241 2406 4312 Πηλὴν
2436 4243 2519 4295 δτι
2547 4243 2598 4295 οἱ
2654 4242 2787 4313 ἱεροὶ
2843 4239 3228 4309 εὐαγγελισταὶ
3272 4238 3336 4292 τὸ
3381 4240 3660 4311 σωτήριον

370 4315 677 4384 passionem
715 4317 860 4371 circa
916 4317 1036 4372 dies
1066 4333 1384 4389 azymorum
1429 4319 1636 4375 Judaici
1671 4321 1946 4381 Paschalis

2070 4291 2230 4396 πάθος
2254 4291 2397 4387 ζαέέᾶ
2439 4291 2796 4404 maga,
2823 4291 2939 4385 se;
2956 4291 3254 4386 “isses
3287 4291 3658 4402 Πάσχα

368 4405 667 4474 contigisse
691 4417 936 4472 narrent,
975 4423 1134 4464 nemo
1166 4410 1453 4465 dubitabit.
1477 4410 1602 4467 Haec
1622 4414 1766 4468 enim
1789 4430 1950 4470 causa

370 4499 549 4555 fuerat
596 4500 732 4569 legis
772 4516 802 4555 a
849 4499 1033 4572 Moyse
1083 4499 1226 4567 lane,
1259 4516 1379 4570 qua:
1422 4501 1621 4556 dicitur
1658 4504 1950 4571 paschalis.

369 4591 507 4648 Nam
534 4595 665 4663 quia
698 4593 889 4664 Agnus
942 4592 1071 4656 Dei,
1104 4603 1359 4663 tauquam
1385 4594 1539 4659 ovis,
1589 4597 1657 4649 ab
1687 4596 1819 4665 ipsis
1850 4587 1948 4650 lu;-

370 4687 502 4743 dzeis
546 4689 611 4742 ad
657 4687 858 4743 caedem
912 4687 1186 4742 ducendus
1234 4694 1372 4750 erat,
1400 4701 1560 4756 quam
1597 4687 1665 4742 ob
1696 4703 1945 4743 commu-

369 4793 492 4833 nem
543 4778 819 4833 hominum
872 4779 1101 4834 salutem
1159 4793 1416 4850 passurus
1463 4787 1603 4842 erat,
1651 4779 1792 4834 haud
1839 4781 1947 4836 alio

369 4884 528 4939 quam
554 4869 810 4939 praedicto
839 4877 1106 4940 tempore,
1136 4867 1277 4923 Deus
1317 4867 1553 4923 futuram
1589 4885 1702 4924 rem
1725 4873 1949 4926 demon-

368 4959 609 5016 strativis
651 4961 914 5031 symbolis
947 4975 1358 5029 praeoccupans,
1401 4961 1491 5016 illo
1525 4963 1643 5032 ipso
1683 4972 1944 5033 tempore,

369 5053 512 5121 quod
555 5052 898 5108 volventibus
954 5068 1221 5108 annorum
1267 5055 1548 5120 periodis,
1593 5071 1945 5112 occursurum

370 5153 507 5206 erat,
539 5144 878 5199 materialem
910 5145 978 5200 ab
1027 5143 1230 5202 Judteis
1273 5162 1470 5216 agnum
1509 5148 1779 5203 immolari
1818 5167 1950 5219 pra:-

371 5235 514 5305 cepit
551 5251 566 5289 :
605 5237 767 5305 idque
797 5237 864 5292 ab
892 5238 972 5293 eis
1011 5237 1241 5305 singulis
1290 5239 1449 5294 annis
1483 5241 1788 5295 factitatum
1825 5241 1947 5310 fuit,

371 5326 542 5381 donec
600 5329 868 5397 completa
918 5331 1120 5385 veritas
1160 5340 1372 5387 veteres
1417 5332 1683 5403 imagines
1711 5335 1946 5388 circnm-

370 5419 609 5487 scripsit.
649 5421 1008 5488 Quamobrem
1044 5439 1112 5479 ex
1156 5423 1248 5478 illo
1285 5434 1533 5494 tempore
1575 5425 1714 5495 apud
1763 5436 1950 5497 gentes

371 5511 588 5579 quidem
621 5529 748 5568 vera
787 5517 1168 5586 mysteriorum
1204 5527 1386 5572 manet
1417 5519 1775 5586 solemnilas;
1807 5521 1946 5588 apud

371 5596 590 5656 Judaeos
618 5613 795 5658 autem
823 5621 890 5660 ne
918 5607 1158 5677 ipsorum
1181 5609 1400 5677 quidem
1435 5608 1801 5678 symbolorum
1831 5626 1945 5664 me-

374 5691 546 5748 tum-ia
569 5705 833 5763 superest,
851 5709 1036 5767 erepto
1055 5699 1120 5756 iis
1151 5700 1268 5758 loco
1295 5701 1384 5758 ubi
1406 5701 1526 5757 festi
1550 5701 1708 5758 ritum
1731 5717 1950 5774 perage-

2053 4424 2282 4495 ἀζύμων
2333 4424 2628 4495 ἱστόρησαν
2661 4423 2967 4492 γεγονέναι,
3008 4422 3187 4485 οὐδεὶς
3214 4421 3280 4474 ἂν
3322 4422 3652 4492 ἀμφιϐάλοιο

2051 4515 2212 4569 τοῦτο
2231 4515 2340 4586 γὰρ
2367 4511 2436 4587 ἦν
2467 4515 2564 4568 τοῦ
2601 4515 2770 4586 νόμου
2801 4514 2896 4568 τοῦ
2936 4515 3086 4586 παρὰ
3117 4516 3343 4569 Μωῦσεῖ
3366 4518 3500 4586 περὶ
3556 4515 3654 4569 τοῦ

2051 4607 2244 4677 Πάσχα
2291 4607 2584 4678 λεγομένου
2629 4607 2820 4661 αἴτιον.
2893 4607 3111 4678 Ἐπειδὴ
3159 4606 3269 4677 γὰρ
3331 4606 3560 4678 ἔμελλεν
3625 4611 3656 4662 ό

2061 4699 2256 4770 Ἀμνὸς
2297 4698 2391 4752 τοῦ
2417 4685 2551 4752 Θεοῦ
2601 4698 2676 4762 ὡς
2714 4699 2984 4771 πρόϐατον
3035 4699 3128 4753 ἐπὶ
3164 4700 3380 4770 σφαγὴν
3413 4701 3652 4770 ἄγεσθαι

2045 4795 2179 4864 παρ’
2200 4792 2383 4855 αὐτοῖς
2428 4791 2721 4856 Ἰουδαίοις,
2756 4792 2852 4845 καὶ
2893 4791 3051 4846 τοῦτο
3083 4792 3314 4863 πάσχειν
3348 4793 3494 4865 ὑπὲρ
3538 4795 3644 4865 τῆς

2047 4883 2234 4955 κοινῆς
2284 4882 2502 4936 πάντων
2553 4882 2858 4953 ἀνθρωπων
2909 4883 3205 4954 σωτηρίας,
3232 4883 3332 4935 οὐκ
3362 4883 3557 4938 ἄλλοτε
3613 4887 3647 4956 ἢ

2049 4973 2192 5026 κατὰ
2227 4972 2318 5026 τὸν
2337 4970 2668 5042 δηλούμενον
2698 4972 2916 5042 καιρὸν,
2964 4971 3252 5044 προλαϐὼν
3276 4973 3339 5026 τὸ
3373 4973 3570 5043 μέλλον
3620 4977 3650 5028 ὁ

2048 5064 2182 5128 Θεὸς
2213 5063 2303 5117 διὰ
2329 5064 2613 5135 συμϐόλων
2641 5063 2946 5128 εἰκονικῶς,
2972 5067 3093 5118 κατ’
3123 5064 3287 5118 αὐτὸν
3321 5067 3533 5122 ἐκεῖνον
3558 5068 3650 5120 τὸν

2053 5157 2316 5228 μέλλοντά
2356 5173 2486 5209 ποτε
2538 5155 2680 5209 κατὰ
2707 5156 2915 5227 χρόνων
2949 5157 3230 5228 περιόδους
3253 5159 3646 5229 ἐπιστήσεσθαι

2049 5247 2261 5318 καιρὸν,
2315 5247 2484 5318 ἀμνὸν
2556 5248 2704 5320 παρὰ
2773 5248 3048 5313 Ἰουδαίοις
3111 5249 3373 5320 αἰσθητὸν
3422 5250 3643 5304 ἐκέλευε

2051 5339 2292 5394 θύεσθαι*
2318 5340 2412 5395 καὶ
2441 5340 2600 5394 τοῦτο
2622 5341 2806 5405 αὐτοῖς
2835 5343 2953 5395 κατ’
2980 5342 3226 5396 ἐνιαυτὸν
3262 5342 3523 5404 ἐτελεῖτο,
3543 5343 3644 5405 ἕως

2050 5432 2085 5502 ἡ
2117 5431 2346 5502 ἀλήθεια
2377 5430 2862 5502 άποπληρωθεῖσα,
2893 5431 2992 5495 τὰς
3033 5431 3270 5494 παλαιὰς
3299 5433 3520 5496 εἰκόνας
3550 5447 3639 5484 πε·

2054 5523 2366 5594 ριέγραψεν.
2399 5523 2559 5577 Ὅθεν
2588 5523 2646 5590 ἐξ
2675 5523 2884 5576 ἐκείνου
2917 5523 3070 5594 παρὰ
3107 5524 3206 5596 μὲν
3239 5527 3354 5588 τοῖς
3379 5523 3640 5594 ἔθνεσινὴ

2055 5614 2260 5685 ἀληθὴς
2286 5615 2394 5668 τῶν
2427 5616 2742 5688 μυστηρίων
2784 5617 3125 5686 κεκράτηκεν
3160 5615 3348 5687 ἑορτὴ,
3384 5617 3541 5688 παρὰ
3584 5616 3642 5670 δὲ

2073 5704 2343 5770 Ἰουδαίοις
2368 5705 2549 5761 οὐκέτι
2585 5697 2900 5761 οὐδ”αύτῶν
2933 5708 2965 5777 ἡ
3001 5707 3187 5827 favi;th
3217 5704 3324 5762 τῶν
3355 5705 3642 5780 συμϐόλων
