3836 6216
207 289 307 344 7M

1344 299 1430 356 DE
1472 292 1964 361 δοιειιΝιτΑἹ-ιε
1997 307 2354 369 PASCHALI.

3369 320 3474 378 ’102

205 411 554 478 φυλάττεται,
581 412 988 486 περιῃρημένου
1025 415 1207 472 αὐτῶν
1235 418 1325 471 τοῦ
1360 421 1525 474 τόπου
1556 423 1614 476 ἐν
1650 415 1695 490 ᾧ
1723 424 1775 478 τὲ

1898 443 1956 482 re
1971 429 2109 500 jssi
2150 431 2384 488 fuerant.
2399 424 2796 490 COnvenienter
2824 433 3010 504 utique
3036 433 3212 490 divina
3230 433 3476 510 Evange-

206 504 303 572 τῆς
347 504 539 574 ἑορτῆς
580 506 852 560 τελεῖσθαι
893 509 1300 581 νενομοθέτητα
1333 510 1572 579 Εἰκότως
1618 515 1792 588 dmi]

203 594 322 646 θεία
342 595 450 648 τῶν
478 595 824 666 Εὐαγγελίων
848 601 1035 671 γραφὴ
1065 603 1210 656 κατὰ
1229 603 1321 656 τὸν
1340 605 1528 676 χρόνον
1550 605 1798 661 τῶνἸου-

203 684 404 738 δαῖκῶν
427 685 655 758 ἀζύμων
683 690 1008 744 πεπονθέναι
1037 693 1172 762 φησὶ
1197 694 1290 746 τὸν
1316 696 1562 768 Σωτῆρα·
1607 698 1793 770 ἐπειδὴ

203 777 299 829 καὶ
328 777 448 830 τότε
475 779 551 842 ὡς
597 782 867 854 πρόϐατον
892 784 985 836 ἐπὶ
1012 783 1225 856 σφαγὴν
1253 786 1391 857 ἢχθη
1419 789 1540 852 ταῖς
1575 807 1793 862 προφη-

203 872 382 934 τικαῖς
407 871 716 937 ἀκολούθως
741 877 968 944 φωναῖς.

272 959 340 1024 ζ’.
396 963 509 1016 Καὶ
533 967 582 1017 οί
619 966 720 1036 μὲν
775 967 915 1021 κατά
965 969 1205 1023 Μωῦσέα
1250 969 1397 1037 am:
1447 971 1544 1025 τοῦ
1591 974 1793 1038 παντὸς

199 1049 355 1115 ἔτους
377 1055 649 1123 πρόϐατον
686 1057 784 1111 τοῦ
821 1059 1014 1129 Πάσχα
1039 1059 1196 1114 ἔθυον
1224 1064 1789 1138 τεσσαρεσκαιδεκάτῃ

199 1145 295 1199 τοῦ
324 1145 542 1218 πρώτου
592 1151 782 1222 μηνὸς,
806 1151 869 1205 τὸ
900 1153 1038 1224 πρὸς
1059 1155 1318 1226 ἐσπέραν·
1354 1157 1517 1226 ἡμεῖς
1537 1156 1592 1210 δὲ
1619 1157 1668 1209 ot
1689 1157 1791 1226 τῆς

198 1239 410 1309 Καινῆς
453 1241 726 1314 Διαθήκης
757 1244 842 1312 ἐφ’
889 1245 1126 1317 ἑκάστης
1159 1247 1442 1318 Κυριακῆς
1474 1247 1683 1318 ἡμέρας
1729 1248 1790 1302 τὸ

197 1328 411 1382 ἑαυτῶν
439 1331 632 1401 Πάσχα
649 1331 952 1397 τελοῦντες.
986 1335 1098 1388 AEl
1139 1336 1276 1388 ΤΟΥ
1300 1337 1618 1389 ΣΩΜΑΤΟΣ
1651 1336 1788 1390 ΤΟΥ

196 1421 542 1476 ΣΩΤΗΡΙΟΥ
575 1425 1112 1488 ΕΜΦΟΡΟΥΜΕΘΑ,
1162 1427 1275 1480 ΑΕΙ
1309 1428 1448 1480 ΤΟΥ
1483 1429 1790 1481 ΑΙΜΑΤΟΣ

194 1511 336 1564 ΤΟΥ
358 1512 723 1567 ΠΡΟΒΑΤΟΥ
741 1517 1414 1571 ΜΕΤΑΛΑΜΒΑΝΟΜΕΝ
1429 1518 1538 1589 (29)
1551 1561 1563 1576 .
1581 1519 1668 1572 ἀεί¹
1690 1519 1789 1584 τὰς

193 1601 370 1671 ὀσφῦς
394 1603 494 1674 τῆς
527 1605 736 1658 ἑαυτῶν
764 1606 943 1677 ψυχῆς
966 1609 1160 1680 ἁγνείᾳ
1194 1609 1287 1662 καὶ
1317 1609 1640 1683 σωφροσύνῃ
1684 1629 1785 1663 πε-

192 1693 560 1767 ριεζώσμεθα,
591 1699 678 1752 ἀεὶ
700 1701 824 1764 τοὺς
843 1701 1008 1765 πόδας
1031 1702 1527 1774 παρεσκευάσμεθα
1558 1705 1616 1757 ἐν
1649 1705 1786 1758 ἐτοι-

1897 522 2090 578 liorum
2157 525 2425 594 scriptura
2477 525 2822 581 Judaicorum
2874 542 3186 598 azymorum
3231 539 3474 600 tempore

1896 628 2113 682 passum
2147 613 2494 670 Servatorem
2527 615 2680 681 dicit,
2698 616 2822 684 quia
2846 627 2974 672 tunc
3002 633 3190 688 reapse
3218 627 3474 690 tanquam

1897 706 2018 760 ovis
2048 706 2114 759 ad
2149 707 2353 762 cadem
2385 708 2576 763 ductus
2603 706 2709 763 fuit
2738 708 3067 780 propheticis
3087 711 3322 768 oraculis
3339 727 3474 769 con-

1895 803 2180 851 seutanee.

1969 955 2023 1012 7.
2057 955 2125 1009 Et
2161 955 2359 1026 Mnysts
2390 958 2607 1026 quidem
2643 957 2862 1014 asseclae
2905 959 3071 1015 semel
3108 961 3162 1015 in
3204 976 3345 1016 anno
3378 979 3476 1033 pa-

1895 1049 2134 1104 schalem
2185 1065 2340 1104 ovem
2399 1049 2776 1118 immolabant,
2813 1062 3004 1120 quarta
3056 1052 3263 1108 decima
3313 1055 3472 1123 primi

1893 1143 2097 1198 mensis
2147 1143 2255 1205 die.
2285 1143 2427 1198 circa
2476 1157 2780 1212 vesperum.
2814 1142 2924 1198 Nos
2967 1153 3145 1197 autem
3177 1142 3321 1213 [Novi
3348 1144 3475 1200 Fae-

1892 1236 2036 1291 deris
2089 1236 2370 1300 homines,
2401 1235 2698 1292 Dominicis
2741 1237 2955 1292 cunctis
3016 1238 3206 1294 diebus
3263 1238 3470 1295 Pascha

1893 1338 2138 1381 nostrum
2188 1328 2570 1392 celebrantes,
2608 1343 2939 1384 ssuvuoms
2989 1346 3228 1386 conpone
3270 1347 3472 1387 εειινιιιι

1898 1435 2190 1483 ελτιλιιυιι,
2232 1436 2439 1475 εειιηιι
2497 1436 2793 1480 εΑΝουιΝειι
2854 1437 2976 1477 AGNI
3027 1439 3416 1480 PARTICIPAIUS
3451 1443 3470 1481 :

1889 1513 2102 1568 lumbos
2126 1527 2342 1583 semper
2380 1514 2576 1568 anima:
2613 1525 2815 1573 nostras
2847 1517 3096 1571 castitate
3133 1526 3189 1570 et
3213 1518 3473 1572 modestia

1888 1605 2288 1674 praecingimus,
2304 1620 2520 1674 semper
2542 1606 2766 1675 pedibus
2789 1608 2961 1676 parati
2996 1623 3183 1662 sumus
3206 1609 3271 1662 ad
3301 1608 3472 1662 Evan-

1889 1697 2012 1768 gelii
2045 1699 2402 1767 procinctum,
2425 1713 2638 1768 semper
2677 1700 2899 1756 baculos
2937 1717 3098 1756 manu
3131 1711 3392 1768 tenemus,
3417 1710 3472 1756 et

191 1786 371 1858 μασία
400 1789 492 1841 τοῦ
521 1789 874 1858 Εὑαγγελίου,
902 1792 989 1844 ἀεὶ
1025 1773 1125 1855 τὰς
1151 1793 1453 1865 βακτηρίας
1478 1794 1672 1864 ἔχομεν
1725 1796 1775 1850 ἐν

1889 1789 2052 1860 virga:
2077 1792 2143 1842 de
2178 1789 2360 1844 radice
2383 1788 2549 1845 Jessae
2571 1792 2896 1861 germinanti
2929 1791 3209 1865 innitendo
3238 1793 3471 1861 quiesci-

189 1881 317 1942 ταῖς
344 1879 521 1950 χερσὶ,
549 1881 643 1934 καὶ
687 1884 750 1953 τῇ
799 1881 978 1953 ῥάϐδῳ
1003 1886 1068 1955 τῇ
1100 1884 1334 1955 ἐκρίζης
1371 1885 1569 1938 Ἰεσσαὶ
1590 1887 1784 1955 προελ-

189 1967 364 2040 θούσῃ
395 1971 880 2043 ἐπαναπαυόμεθα,
900 1975 984 2026 ἀεὶ
1015 1975 1115 2045 τῆς
1145 1976 1418 2044 Αἰγύπτου
1444 1977 1782 2031 ἀπαλλαττό-

189 2060 356 2132 μεθα,
385 2063 468 2115 ἀεὶ
500 2063 596 2134 τὴν
627 2065 862 2136 ἐρημίαν
880 2065 975 2118 τοῦ
1005 2065 1343 2138 ἀνθρωπείου
1379 2067 1495 2138 βίου
1521 2068 1786 2139 μεταδιώ-

194 2170 385 2223 ιιομεν,
420 2156 508 2210 ἀεὶ
529 2157 628 2228 τὴν
658 2157 794 2225 πρὸς
815 2157 948 2212 Θεὸν
976 2160 1200 2229 πορείαν
1234 2160 1583 2232 στελλόμεθα,
1603 2161 1689 2214 ἀεὶ
1714 2161 1783 2216 τά

189 2246 519 2318 διαϐατήρια
551 2249 901 2322 ἑορτάζομεν.
940 2251 1128 2306 Ταῦτα
1161 2251 1270 2324 γάρ
1307 2254 1488 2308 πάντα
1515 2254 1613 2324 οὐχ
1636 2252 1784 2318 ἅπαξ

197 2333 285 2390 τοῦ
321 2337 474 2401 ἔτους
498 2341 756 2412 πράττειν
787 2343 956 2413 ἡμᾶς,
991 2343 1078 2396 ἀεὶ
1101 2344 1158 2397 δὲ
1180 2345 1274 2398 καὶ
1301 2343 1390 2398 διὰ
1434 2346 1614 2416 πάσης
1641 2345 1784 2416 ἡμέ-

191 2445 296 2496 ρας
321 2431 350 2482 ὁ
382 2430 734 2500 εὐαγγελικδς
758 2433 915 2502 λόγος
952 2434 1217 2505 βούλεται.
1253 2435 1344 2490 Διὸ
1363 2436 1458 2490 καὶ
1486 2435 1607 2489 καθ’
1646 2436 1780 2490 ἐκά-

189 2536 328 2591 στην
371 2520 641 2592 ἑϐδομάδα
682 2523 781 2596 τὴν
808 2524 904 2578 τοῦ
939 2525 1133 2598 Πάσχα
1154 2527 1249 2580 τοῦ
1293 2528 1564 2601 ἡμετέρου
1587 2529 1780 2600 ἑορτὴν

195 2611 337 2664 κατὰ
370 2613 470 2684 τὴν
515 2616 784 2687 σωτήριον
817 2617 912 2669 καὶ
940 2618 1229 2690 Κυριακὴν
1257 2620 1469 2690 ἡμέραν
1502 2619 1782 2673 ἐπιτελοῦ-

192 2721 295 2774 μεν
325 2703 418 2758 τοῦ
447 2704 700 2776 ἀληθινοῦ
730 2707 1034 2778 προϐάτου,
1062 2708 1128 2762 δι’
1153 2703 1216 2762 οὗ
1245 2709 1652 2782 ἐλυτρώθημεν,
1711 2711 1781 2766 τά

190 2794 472 2865 μυστήρια
504 2795 974 2868 ἀποπληροῦντες·
1019 2798 1112 2850 καὶ
1142 2797 1265 2852 οὔτε
1292 2798 1354 2851 τὸ
1383 2798 1541 2869 σῶμα
1577 2799 1778 2872 σιδήρῳ

187 2885 614 2957 περιτέμνομεν,
640 2888 740 2960 τῆς
765 2889 1014 2962 δὲψυχῆς
1034 2890 1114 2962 τῷ
1144 2889 1394 2962 τμητικῷ
1419 2890 1560 2962 λόγῳ
1597 2893 1778 2946 πᾶσαν

194 2976 590 3049 περιαιροῦμεν
624 2980 841 3034 κακίαν·
863 2979 988 3034 οὔτε
1010 2983 1345 3053 σωματικοῖς
1377 2981 1609 3052 ἀζύμοις
1637 2982 1778 3054 χρώ-

191 3068 356 3138 μεθα,
391 3069 574 3140 μὸνοις
596 3070 653 3123 δὲ
681 3074 794 3136 τοῖς
825 3072 926 3141 τῆς
958 3073 1309 3144 εἰλικρινείας
1352 3073 1448 3126 καὶ
1491 3072 1773 3145 ἀληθείας.

1887 1897 2028 1946 mus,
2060 1881 2298 1953 Egypto
2330 1898 2544 1952 semper
2596 1883 2919 1948 alienantur,
2961 1899 3173 1952 semper
3219 1885 3470 1946 humana:

1886 1973 2012 2026 vita:
2051 1975 2392 2030 solitudinem
2423 1983 2719 2039 sectamur,
2738 1989 2955 2044 semper
2981 1975 3176 2029 itinere
3203 1975 3270 2028 ad
3301 1974 3467 2028 Deum

1886 2065 2175 2131 tendimus,
2207 2081 2424 2136 semper
2447 2067 2706 2122 transitus
2736 2065 2932 2122 festum
2956 2066 3317 2123 celebramus.
3340 2066 3468 2123 Haec

1883 2157 2029 2213 enim
2063 2159 2206 2212 haud
2259 2159 2425 2214 semel
2463 2159 2776 2229 quotannis,
2801 2159 2896 2214 sed
2944 2173 3157 2228 semper
3201 2159 3465 2227 singulis-

1883 2264 1992 2318 que
2034 2251 2226 2305 diebus
2259 2265 2290 2304 a
2346 2251 2505 2305 nobis
2545 2249 2661 2305 ﬁeri
2717 2249 3065 2319 evangelicus
3118 2265 3298 2304 sermo
3325 2249 3463 2305 vult.

1882 2341 2174 2410 Propterea
2210 2343 2439 2413 singulis
2482 2342 2839 2397 hebdomadis
2883 2342 3159 2412 paschalis
3190 2341 3360 2395 nostri
3391 2339 3465 2395 fe-

1881 2443 2046 2498 stum,
2072 2433 2349 2488 Doiniuica
2376 2433 2676 2488 Salvatoris
2706 2433 2792 2488 die
2820 2434 3148 2504 peragimus,
3171 2433 3285 2487 veri
3313 2432 3463 2501 agni,

1881 2541 1977 2597 per
2003 2542 2164 2597 quem
2188 2526 2400 2580 liberati
2428 2526 2645 2591 fuimus,
2677 2527 2934 2596 mysteria
2963 2525 3324 2581 celebrantes.
3352 2525 3462 2580 Ne-

1879 2631 1988 2685 que
2013 2631 2217 2686 corpus
2271 2615 2423 2670 ferro
2449 2617 2931 2683 circumcidimus,
2973 2617 3066 2670 sed
3105 2625 3263 2671 acuta
3309 2614 3462 2670 verbi

1880 2702 2174 2772 evangelici
2203 2703 2320 2758 acie
2363 2713 2612 2758 cunctam
2662 2704 2858 2759 animae
2904 2705 3161 2759 malitiam
3192 2705 3462 2761 abscindi-

1881 2809 2022 2850 mus.
2050 2791 2236 2864 Neque
2270 2796 2547 2865 corporeis
2581 2795 2790 2866 azymis
2833 2797 3058 2864 utimur,
3097 2797 3192 2852 sed
3233 2797 3461 2852 sinceri-

1881 2886 2007 2941 tatis
2037 2890 2412 2943 tantummodo
2433 2902 2499 2942 ac
2519 2889 2789 2945 veritatis.
2816 2887 3004 2944 Gratia
3035 2889 3180 2943 enim
3212 2904 3336 2959 quae
3362 2905 3464 2945 nos

1876 2977 2152 3034 veteribus
2184 2980 2432 3036 moribus
2481 2977 2766 3046 liberavit,
2808 2997 3005 3036 novum
3042 2982 3199 3038 nobis
3240 2983 3462 3040 tradidit

1878 3071 2179 3138 hominem,
2201 3073 2291 3142 qui
2320 3075 2616 3128 secundum
2652 3074 2819 3128 Deum
2849 3073 3098 3128 conditus
3127 3083 3234 3138 est,
3264 3088 3460 3128 novam

201 3131 266 3212 Ἦ
303 3131 460 3232 χάρις
489 3131 618 3233 γάρ,
650 3131 796 3234 ἡμᾶς
958 3131 1331 3236 γεγηρακυίας
1364 3131 1775 3235 ἐλευθερίῦσασα

1889 3160 2052 3229 legem
2072 3203 2090 3228 ,
2121 3176 2314 3216 novam
2365 3162 2870 3230 circumcisionem,
2907 3178 3102 3218 novum
3134 3162 3339 3218 Pascha
3361 3203 3378 3230 ,
3405 3171 3462 3219 et

190 3250 503 3322 συνηθείας,
535 3254 628 3306 τὸν
658 3255 842 3310 καινὸν
865 3255 1148 3327 ἄνθρωπον
1177 3256 1494 3328 παρέδωκεν
1521 3259 1653 3327 ἡμῖν
1684 3256 1778 3309 τὸν

186 3342 332 3395 κατά
351 3343 484 3396 Θεὸν
506 3345 815 3412 κτισθέντα,
843 3348 935 3400 καὶ
949 3347 1041 3401 τὸν
1066 3348 1251 3401 καινὸν
1273 3347 1458 3418 νόμον,
1491 3348 1685 3420 καινήν
1717 3365 1777 3401 τε

1885 3253 2036 3307 illum
2065 3254 2156 3324 qui
2185 3254 2240 3309 in
2281 3255 2603 3311 abscondito
2625 3253 2842 3310 Judaeus
2877 3257 3044 3310 est".
3079 3253 3170 3311 Sic
3200 3271 3298 3312 nos
3323 3257 3464 3311 anti-

1883 3361 2114 3415 quorum
2144 3355 2448 3412 temporum
2469 3347 2600 3418 jugo
2629 3347 2895 3402 relevatos
2917 3349 3140 3403 dimisit.

185 3435 514 3508 περιτομὴν,
532 3439 717 3494 καινόν
740 3456 801 3493 τε
823 3441 1037 3513 Πάσχα,
1061 3441 1155 3495 καὶ
1188 3441 1279 3496 τὸν
1298 3443 1356 3497 ἐν
1385 3441 1613 3515 κρυπτῷ
1657 3441 1939 3513 Ἰουδατονλο
2004 3439 2148 3495 οὓτω
2177 3441 2396 3495 καὶτῶν
2413 3441 2658 3496 παλαιῶν
2716 3443 2921 3514 καιρῶν
2949 3443 3267 3514 ἐλευθέρους
3312 3444 3460 3514 ἡμᾶς

185 3525 395 3595 ἀφῆκε.

256 3625 332 3690 η’.
362 3617 509 3690 Πλὴν
531 3618 624 3674 τοῦ
677 3619 1088 3690 θεοφιλεστάτου
1139 3622 1424 3694 βασιλέως,
1477 3624 1644 3697 μέσου
1672 3627 1774 3698 τῆς

187 3710 353 3779 ἁγίας
386 3711 600 3764 συνόδου
634 3711 1102 3784 προκαθεζομένου
1129 3715 1265 3786 ('50),
1306 3715 1383 3780 ὡς
1420 3716 1557 3788 ἤχθη
1574 3719 1654 3781 είς
1679 3717 1779 3789 μέ-

190 3819 284 3855 σον
316 3803 377 3855 τὸ
402 3803 529 3873 περὶ
561 3802 656 3856 τοῦ
686 3805 875 3877 Πάσχα
903 3806 1142 3879 ζήτημα,
1169 3807 1384 3878 ἐλέγετο
1415 3808 1514 3880 μὲν
1545 3810 1647 3864 ὅσα
1676 3811 1777 3865 καὶ⁹

188 3894 409 3964 ἐλέγετο
439 3894 570 3967 (51)·
589 3895 928 3952 ἐπλεονέκτει
952 3898 1008 3953 δὲ
1022 3899 1098 3970 τῷ
1114 3900 1306 3972 πλήθει
1329 3901 1438 3955 τῶν
1465 3903 1778 3956 ἐπισκόπων

187 3989 225 4059 ἡ
264 3987 604 4060 τριπλασίων
663 3993 826 4063 μοῖρα
859 3991 958 4061 τῆς
988 3991 1116 4064 ὅλης
1157 3993 1482 4064 οἰκουμένης
1512 3995 1776 4065 ἑτέρωθεν

185 4079 568 4135 ἀντιτείνουσα
620 4084 732 4145 τοῖς
779 4083 878 4154 τῆς
919 4083 1202 4154 ἀνατολῆς·
1233 4085 1458 4157 ἀρκτῷα
1501 4085 1609 4158 γὰρ
1636 4086 1773 4158 ὁμοῦ

185 4171 286 4226 καὶ
311 4171 678 4246 μεσημϐρινὰ,
716 4175 808 4227 καὶ
833 4174 901 4228 τὰ.
947 4175 1090 4229 κατά
1122 4175 1315 4231 δύοντα
1341 4178 1492 4248 ἥλιον
1524 4177 1673 4250 ἔθνη,
1706 4182 1773 4251 τῇ

186 4263 486 4335 συμφωνίᾳ
539 4263 880 4337 φραξάμενα,
913 4267 1013 4338 τὴν
1067 4267 1315 4321 ἐναντίαν
1367 4267 1615 4323 ἀνθεῖλκε
1661 4271 1774 4332 τοῖς

183 4356 288 4426 τῆς
318 4355 459 4426 ἐῴας
504 4356 602 4428 τὴν
632 4357 866 4412 παλαιὰν
897 4358 1220 4414 διεκδικοῦσι
1267 4359 1573 4431 συνήθειαν.
1607 4361 1773 4424 Τέλος

1953 3623 2009 3680 8.
2040 3623 2428 3679 Verumtamen
2461 3637 2583 3675 cum
2617 3622 2726 3676 Deo
2754 3621 3137 3677 dilectissimus
3164 3621 3455 3691 imperator

1881 3725 2070 3773 sancta
2100 3715 2306 3788 synodo
2329 3729 2512 3770 coram
2537 3715 2746 3769 medius
2779 3715 3011 3780 sederet,
3045 3724 3316 3768 commota
3349 3715 3456 3770 illic

1881 3807 1949 3862 de
1979 3805 2245 3862 Paschate
2275 3804 2596 3876 quaestione,
2625 3803 2764 3858 dixit
2802 3819 2864 3860 ea
2896 3819 3016 3875 quae
3047 3805 3200 3859 dixit.
3241 3804 3454 3859 Praeva-

1882 3897 2065 3953 lebant
2097 3907 2280 3951 autem
2311 3904 2425 3951 tres
2446 3910 2511 3948 ex
2537 3904 2771 3962 quatuor
2804 3897 3047 3963 partibus
3078 3896 3455 3966 episcoporum

1883 3989 1937 4044 in
1979 3998 2093 4044 toto
2131 3988 2354 4054 mundo,
2389 3987 2481 4055 qui
2513 3984 2882 4042 Orientalibus
2926 3986 3196 4056 episcopis
3231 3994 3455 4040 contra-

1883 4079 2023 4134 rium
2057 4079 2388 4134 sentiebant.
2417 4075 2552 4131 Nam
2593 4075 3014 4148 Septentrionis,
3051 4077 3255 4140 Austri,
3293 4081 3452 4131 item-

1881 4187 1986 4243 que
2032 4171 2350 4228 Occidentis
2386 4171 2567 4242 populi
2598 4171 2890 4226 concordia
2917 4185 3012 4225 sua
3063 4169 3299 4226 roborati
3323 4184 3450 4224 sen-

1882 4263 2104 4318 tentiam
2134 4261 2398 4333 gerebant
2444 4262 2723 4318 adversam
2767 4261 3155 4325 Orientalibus,
3183 4261 3273 4331 qui
3305 4271 3452 4316 vete-

1881 4371 1994 4412 rem
2025 4369 2178 4410 suam
2215 4357 2664 4411 consuetudinem
2694 4355 3006 4409 tuebantur.
3032 4353 3138 4408 Sed
3169 4363 3452 4408 cesserunt

182 4447 243 4500 δὲ
275 4447 436 4516 λόγου
480 4443 628 4516 εἶξαν
655 4450 704 4502 οἱ
733 4449 1056 4512 ἀνατολικοί·
1103 4453 1196 4506 καὶ
1245 4451 1386 4506 οὕτω
1417 4451 1516 4524 μία
1535 4450 1770 4523 Χριστοῦ

1889 4448 2095 4503 demum
2142 4446 2483 4512 Orientales;
2514 4459 2677 4517 atque
2718 4447 2790 4501 ita
2823 4461 2927 4500 una
2957 4444 3159 4500 Christi
3202 4443 3340 4498 facta
3367 4454 3452 4500 est

182 4539 414 4609 γέγονεν
445 4541 627 4613 ἑορτή·
651 4542 745 4595 καὶ
786 4541 928 4608 οὕτω
961 4543 1069 4596 τῶν
1104 4543 1204 4614 μὲν
1237 4543 1599 4614 κυριοκτόνων
1633 4541 1770 4598 ἀπέ-

1889 4541 2194 4596 ιοιειιιιιίισε
2229 4556 2246 4608 ;
2276 4541 2358 4596 sic
2389 4555 2420 4594 a
2462 4539 2671 4594 Domini
2716 4537 3047 4594 occisoribus
3099 4536 3448 4600 recedentes,

183 4646 417 4704 στησαν,
442 4635 556 4698 τοῖς
579 4632 637 4687 δὲ
674 4633 951 4705 ὁμοδόξοις
991 4634 1360 4708 συνήφθησαν·
1391 4637 1428 4708 ἡ
1465 4635 1626 4707 φύσις
1667 4635 1775 4709 γὰρ

1889 4631 2126 4704 propria
2144 4631 2424 4704 religionis
2452 4631 2757 4689 horninibus
2800 4628 3038 4700 copulati
3067 4637 3213 4684 sunt.
3241 4624 3448 4683 Natura

257 4813 306 4846 ⁸⁸
323 4811 484 4870 Rom.
516 4830 578 4880 ιι,
611 4814 704 4872 ‘29.

1871 4975 2121 5047 paschale
2154 4980 2383 5047 tractatu
2423 4969 2671 5047 accipit._
2751 5038 2786 5047 _
3014 5038 3028 5047 _
3151 5033 3202 5047 η
3391 5034 3405 5047 ,

1945 5045 2061 5117 (30)
2102 5045 2367 5117 Loquitur
2411 5033 2600 5117 auctor
2639 5039 2714 5117 de
2739 5038 3104 5117 _Cons_t_antino
3150 5033 3344 5117 Magno
3391 5034 3444 5088 in

1871 5105 2085 5187 synodo
2117 5105 2692 5187 Niégua._medio_sed
2731 5110 2926 5187 humili
2957 5109 3076 5162 loco
3105 5105 3358 5187 sedente,
3382 5120 3446 5187 ac

1870 5175 2169 5240 disserente
2201 5184 2423 5254 .Euseb.
2453 5182 2508 5237 in
2545 5181 2664 5236 Vita
2697 5179 2814 5250 ejus
2839 5180 2932 5235 lib.
2973 5195 3061 5246 ιιι,
3098 5175 3166 5230 10
3189 5190 3364 5245 seqq.,
3391 5183 3447 5230 et

1868 5258 2170 5327 pragsertim
2201 5255 2288 5308 lli.
2368 5322 2400 5327 _
2625 5322 2638 5327 Α
2686 5322 2698 5327 _
2793 5319 2807 5327 _
2901 5320 2916 5327 _
3107 5313 3195 5327 ,κ
3299 5315 3348 5327 η

1942 5326 2062 5396 (δη
2091 5323 2328 5394 Legatur
2358 5322 2700 5396 constantini
2724 5319 2950 5396 etﬁstola
2982 5317 3121 5396 apud
3155 5313 3444 5396 Eusebium

1880 5386 1990 5451 Vit.
2023 5386 2206 5449 Consi.
2250 5409 2336 5458 ιιι,
2363 5393 2552 5448 17-20.
2581 5393 2722 5447 Idem
2759 5386 3290 5458 Constantinusdie
3328 5387 3446 5458 ipso

1873 5463 2155 5520 Paschalis
2212 5455 2515 5519 sermonem
2561 5465 2628 5515 ad
2675 5470 2892 5516 sanctos
2937 5460 3124 5514 habuit
3162 5456 3320 5526 (cap.
3351 5455 3440 5526 l_).

1873 5535 2155 5606 Quomodo
2181 5533 2626 5606 religiosissimus
2656 5532 2952 5606 imperator
2969 5524 3205 5606 animum
3237 5524 3442 5606 Pascha

1873 5597 2204 5680 celebraret,
2228 5597 2427 5680 dicitur
2457 5603 2518 5680 in_
2546 5601 2660 5670 ejus
2693 5599 2816 5680 Vita
2845 5600 2938 5654 lib.
2971 5614 3043 5680 ιν,
3072 5597 3164 5662 22-,
3193 5597 3443 5668 precibus

1874 5689 2096 5747 nempe,
2125 5674 2406 5746 splendido
2434 5672 2602 5741 cultu,
2633 5681 2687 5728 et
2714 5671 3099 5740 eleemosyuis.

213 5041 228 5054 θ
257 4970 375 5054 Q9)
415 4971 494 5027 En
525 4972 742 5054 Eusebii
771 4976 1140 5054 egregiumAde
1169 4985 1514 5054 sacrosancta
1553 4977 1766 5054 Eucha-

180 5043 368 5106 ristia,
395 5052 560 5112 prout
582 5058 701 5096 eam
731 5043 828 5100 nos
864 5043 1118 5102 catholici
1149 5049 1468 5103 confitemur
1502 5058 1558 5103 et
1583 5049 1766 5104 credi-

181 5127 333 5188 rnus,
371 5113 764 5188 testimonium.
803 5114 1049 5188 Undique
1096 5120 1240 5173 enim
1287 5119 1419 5173 mihi
1458 5119 1766 5188 suppeditat

180 5178 270 5252 (ut
310 5182 780 5258 verbis‘l‘ullianis
814 5197 936 5241 utar
962 5178 1095 5242 Ῥω
1132 5188 1371 5250 Scauro,
1406 5204 1463 5245 ιι.
1495 5178 1590 5258 Ξῖ)
1619 5188 1764 5258 quod

180 5251 288 5322 pro
303 5251 515 5329 Christi
547 5253 882 5310 humanitate
913 5259 1014 5312 sub
1052 5259 1429 5314 eucharisticis
1463 5251 1596 5314 velis
1621 5251 1760 5329 pra:-

182 5328 346 5395 sente
381 5322 583 5395 dicam,
632 5339 960 5395 quocunque
994 5343 1101 5382 non
1157 5330 1316 5384 modo
1358 5343 1534 5391 mens,
1576 5322 1767 5384 verum

181 5391 352 5468 etiam
388 5393 530 5468 oculi
566 5391 885 5468 inciderint,
904 5397 960 5452 in
992 5396 1284 5468 Eusebium
1301 5409 1450 5466 puta,
1469 5398 1757 5468 Cyrillum,

183 5459 588 5539 Sophronium,
637 5459 986 5539 Eutychi'um.
1037 5459 1767 5539 Nicephorumplluculen-

185 5531 350 5610 tium,
383 5530 680 5610 aliosquea
712 5530 806 5610 me
829 5537 1008 5610 editos
1043 5530 1295 5610 auctores
1339 5530 1434 5594 vel
1465 5538 1765 5610 fragmenta

186 5605 458 5682 ipsorum,
483 5605 844 5682 utsuislocis
881 5607 1274 5682 adnotavi._l)e
1300 5605 1770 5682 mysteritjcorpo-

188 5669 271 5746 [is
299 5668 502 5746 Christi
550 5672 813 5746 Eusebius
842 5677 1008 5746 etiam
1051 5678 1104 5732 in
1147 5668 1506 5746 Theophania,
1541 5677 1633 5734 lib.
1681 5668 1764 5741 ἱιι,

187 5737 281 5809 61,
309 5741 402 5810 qui
443 5742 660 5802 brevior
709 5744 857 5805 locus
899 5745 1078 5804 lumen
1119 5737 1409 5804 plurimum
1444 5737 1510 5805 ab
1554 5750 1658 5807 hoc
1688 5737 1764 5806 Ds
