3836 6216
336 264 439 316 7υῦ

1006 257 1279 316 EUSEBII
1316 250 1794 312 CAESARIENSIS
1830 248 1983 306 OPP.
2026 245 2204 302 PARS
2239 244 2331 301 ιν.
2371 272 2442 283 -
2472 238 2893 297 DOGMATICA.

3500 231 3611 287 704

334 383 480 435 enim
507 378 709 435 similia
766 379 935 435 trahit
970 378 1039 435 ad
1081 379 1301 434 similia.
1326 377 1481 445 Quod
1522 376 1569 431 si
1615 375 1740 445 quis
1769 374 1913 429 dicat

2059 381 2161 421 una:
2199 363 2270 418 τά
2298 364 2459 434 ὃμοια
2485 360 2621 430 πρὸς
2655 358 2725 412 τά
2739 360 2922 430 ὅμοια.
2952 354 3088 410 Είδέ
3108 372 3195 419 τις
3231 352 3616 445 εῖποι,ώςᾶρα

336 473 597 542 scriptum
631 485 754 527 esse
787 489 801 526 :
830 469 1010 526 Prima
1034 484 1348 541 azymorum
1380 469 1466 523 die
1495 467 1815 522 accedentes
1837 465 1918 518 di-

337 566 528 636 scipuli
558 565 818 620 dixerunt
849 563 1151 629 Servatori,
1178 562 1409 619 Ubinam
1435 561 1516 614 vis
1537 573 1793 629 paremus
1824 557 1919 612 tibi

341 660 670 715 manducare
700 657 908 713 Pascha
939 656 963 711 ?
988 656 1079 711 ille
1110 663 1292 709 autem
1315 656 1452 709 duos
1479 654 1625 708 misit
1644 653 1709 707 ad
1733 664 1924 721 quem-

339 753 485 819 dam,
512 762 572 805 ut
601 751 649 806 ei
675 751 918 805 dicerent
948 764 962 801 ε
990 749 1148 817 Apud
1191 756 1243 803 te
1276 748 1416 802 facio
1449 746 1685 810 Pascha;
1717 759 1813 798 nos
1841 758 1925 798 re-

340 844 686 911 spondemus,
718 857 825 896 non
874 841 977 896 hoc
1013 841 1183 895 fuisse
1231 848 1585 910 praeceptum,
1625 843 1717 893 sed
1752 839 1924 893 histo-

341 938 477 991 riam
516 951 638 990 esse
671 936 747 989 rei
790 943 953 1006 gesta:
1012 943 1255 1002 tempore
1300 948 1406 1003 quo
1444 933 1703 987 Servatur
1733 946 1925 1000 passus

342 1036 443 1082 est.
470 1027 626 1082 Aliud
654 1041 783 1081 vero
821 1037 905 1080 est
932 1027 1166 1094 priscam
1200 1041 1314 1079 rem
1371 1038 1619 1088 narrare,
1659 1022 1801 1077 aliud
1840 1021 1925 1077 le-

342 1136 464 1191 gem
496 1119 661 1185 ferre,
691 1128 748 1175 et
778 1119 1034 1173 mandata
1068 1116 1300 1188 posteris
1332 1117 1569 1172 tradere.

416 1302 470 1357 9.
502 1302 607 1356 Sed
639 1316 811 1371 neque
855 1300 1117 1355 Servatur
1148 1315 1270 1354 cum
1300 1297 1501 1354 .ludazis
1534 1298 1741 1355 Pascha
1785 1298 1928 1355 cele-

345 1392 524 1446 bravit
553 1391 825 1460 passionis
872 1406 982 1446 suae
1031 1400 1296 1459 tempore.
1336 1390 1449 1444 Non
1496 1390 1645 1445 enim
1693 1390 1818 1445 dum
1849 1390 1926 1444 illi

348 1500 503 1538 ovem
547 1484 920 1544 immolabant,
946 1483 1060 1552 ipse
1090 1497 1305 1552 quoque
1336 1497 1457 1537 cum
1492 1484 1607 1537 suis
1648 1482 1928 1551 discipulis

350 1574 629 1647 proprium
653 1574 861 1629 Pascha
892 1574 1117 1643 peregit.
1160 1572 1296 1628 Nam
1337 1573 1411 1627 illi
1445 1573 1532 1627 die
1572 1573 1926 1640 Parasceves,

351 1669 405 1723 in
449 1682 555 1737 qua
602 1667 910 1736 patiebatur
962 1665 1240 1732 Servatur,
1271 1667 1657 1731 celebrabant;
1694 1670 1837 1722 unde
1874 1678 1929 1721 et
1961 1723 2004 1777 Β

353 1776 514 1814 nemo
541 1761 853 1830 praetorium
894 1771 978 1815 est
1025 1761 1331 1829 ingressus,
1368 1761 1463 1814 sed
1506 1759 1711 1815 Pilatus
1738 1760 1805 1815 ad
1836 1776 1931 1815 eos

351 1849 521 1902 exivit
556 1867 569 1903 :
612 1849 859 1904 Christus
892 1858 1069 1904 autem
1121 1850 1206 1904 die
1247 1851 1470 1903 omnino
1503 1852 1691 1920 quinta
1728 1852 1931 1906 hebdo-

352 1942 525 1994 inadaa
557 1956 678 1995 cum
717 1942 994 2010 discipulis
1026 1942 1323 2008 discubuit,
1353 1953 1411 1997 et
1442 1957 1776 1997 convescens
1809 1944 1883 1997 ait
1914 1959 1930 1999 :

355 2033 631 2085 Desiderio
679 2035 973 2088 desideravi
1011 2034 1107 2087 hoc
1147 2032 1362 2089 Pascha
1413 2036 1733 2089 manducare
1762 2036 1933 2089 vobis-

356 2140 495 2177 cum.
540 2123 728 2178 Viden‘
756 2126 1033 2194 quomodo
1080 2124 1342 2181 Servatur
1388 2126 1531 2181 haud
1569 2142 1689 2180 cum
1735 2125 1937 2181 Judaais

359 2216 560 2272 Pascha
587 2218 1041 2278 manducaverit?
1071 2218 1208 2286 Quia
1244 2234 1441 2273 novum
1476 2219 1605 2287 quid
1636 2219 1767 2273 illud
1794 2229 1935 2282 erat,

356 2318 411 2363 et
451 2324 480 2363 a
512 2320 771 2365 consueto
797 2309 1025 2366 Judaico
1072 2326 1223 2365 more
1262 2311 1563 2366 abhorrens
1586 2351 1600 2374 ,
1626 2310 1938 2366 necessario

358 2401 560 2455 institit
607 2401 837 2455 dicendo
868 2417 887 2455 :
932 2400 1204 2455 Desiderio
1253 2402 1544 2457 desideravi
1592 2402 1689 2455 hoc
1730 2398 1940 2455 Pascha

357 2493 674 2546 manducare
696 2493 981 2556 vobiscum,
1014 2504 1294 2563 antequam
1318 2495 1492 2562 patiar
1516 2493 1580 2545 ⁸⁸.
1600 2494 1737 2546 Nam
1762 2493 1939 2561 prisca

362 2582 448 2636 illa
482 2582 563 2636 vel
596 2583 773 2652 potius
797 2586 1103 2651 antiquata,
1130 2598 1249 2653 ane
1275 2599 1398 2639 cum
1429 2583 1634 2639 Judaais
1672 2584 1942 2639 comedis-

361 2678 468 2729 set.
494 2686 598 2724 non
628 2680 787 2726 erant
822 2671 1204 2727 desiderabilia
1234 2689 1249 2725 :
1292 2688 1489 2727 novum
1526 2681 1707 2727 autem
1742 2682 1943 2743 myste-

362 2764 501 2817 rium
532 2762 667 2819 Νονί
696 2766 777 2819 sui
799 2763 1065 2827 Fmderis,
1099 2764 1238 2833 quod
1269 2764 1550 2835 discipulis
1579 2765 1808 2834 propriis
1837 2773 1944 2818 tra-

364 2854 547 2922 debat,
590 2854 953 2910 desiderabile
1005 2855 1201 2909 merito
1250 2855 1350 2923 ipsi
1398 2862 1566 2908 erat:
1606 2855 1731 2924 quia
1786 2853 1943 2908 multi

365 2955 489 3001 ante
514 2962 640 3001 eum
682 2948 958 3017 propheta:
988 2963 1052 3002 ac
1084 2946 1212 3015 justi
1255 2948 1438 3001 videre
1461 2956 1779 3017 optaverant
1809 2945 1943 3001 Novi

2022 455 2436 531 γέγραπται-Τῇ
2450 450 2639 524 πρώτῃ
2654 450 2838 522 ἡμέρᾳ
2854 448 2963 502 τῶν
2983 446 3213 517 ἀζύμων
3224 443 3620 516 προσελθόντες

2020 551 2071 603 οἱ
2104 544 2346 620 μαθηταὶ
2373 539 2525 597 εἷπον
2540 542 2618 613 τῷ
2635 540 2871 613 Σωτῆρι,
2888 538 3000 592 Ποῦ
3031 537 3208 600 θέλεις
3236 534 3623 606 ἑτοιμάσωμέν

2023 656 2106 692 σοι
2126 638 2319 707 φαγεῖν
2357 634 2418 687 τὸ
2450 634 2677 702 Πάσχα;
2709 630 2767 685 '0
2797 631 2853 684 δὲ
2879 630 3017 701 πρὸς
3036 628 3128 683 τὸν
3140 628 3286 681 δεῖνα
3300 626 3621 692 ἀπέστειλε,

2024 730 2402 805 παραγγείλας
2434 731 2630 783 εἰπεῖν·
2681 726 2827 800 Πρὸς
2858 726 2919 779 σέ
2946 721 3086 778 ποιῶ
3124 721 3185 776 τὸ
3217 721 3430 791 Πάσχα·
3458 719 3626 791 ἐροῦ.

2029 845 2149 900 μεν,
2178 829 2261 881 ὅτι
2313 824 2470 877 τοῦτο
2506 820 2875 895 παράγγελμα
2915 818 3018 871 οὐκ
3050 815 3219 877 ἐστιν,
3253 814 3367 868 ἀλλ’
3404 812 3629 883 ἱστορία

2027 919 2352 991 πράγματος
2377 911 2783 984 συμϐεϐηκότος
2808 907 2953 963 κατὰ
2976 907 3067 959 τὸν
3097 905 3190 958 τοῦ
3216 902 3485 975 σωτηρίου
3507 902 3629 955 πάο

2027 1010 2153 1072 θους
2192 1006 2402 1077 καιρόν.
2457 1005 2685 1074 Ἕτερον
2729 1001 2786 1054 δέ
2842 1003 2958 1054 ἐστι
3008 997 3071 1051 τὸ
3120 996 3359 1051 παλαιὰν
3418 994 3631 1065 πρᾶξιν

2024 1097 2349 1169 διηγεῖσθαι,
2407 1094 2502 1149 καὶ
2534 1094 2720 1164 ἓτερον
2752 1091 2813 1145 τὸ
2858 1089 3169 1158 νομοθετεῖν
3196 1089 3291 1142 καὶ
3316 1089 3428 1151 τοῖς
3480 1085 3633 1139 ιιιτὰ

2025 1189 2197 1244 ταῦτα
2235 1187 2614 1261 παραγγελίας
2640 1183 3094 1256 καταλιμπάνειν.

2099 1321 2165 1378 θ’.
2213 1323 2373 1376 Ἀλλά
2407 1323 2501 1376 καὶ
2543 1323 2572 1375 6
2608 1319 2800 1391 Σωτὴρ
2848 1317 2909 1372 οὐ
2945 1315 3085 1388 μετὰ
3138 1312 3407 1369 Ἰουδαίων
3430 1311 3637 1366 ἐπετέ-

2026 1416 2150 1469 λεσε
2208 1415 2269 1468 τὸ
2326 1414 2519 1484 Πάσχα
2570 1411 2710 1466 κατὰ
2766 1411 2857 1464 τὸν
2919 1408 3111 1481 καιρὸν
3164 1406 3257 1459 τοῦ
3321 1405 3453 1459 ἰδίου
3512 1405 3635 1458 πά-

2030 1507 2175 1571 θους.
2226 1508 2299 1559 Οὐ
2342 1506 2451 1578 γὰρ
2489 1505 2577 1557 ὅτε
2632 1503 2787 1555 ἔθυον
2820 1502 3020 1555 ἐκεῖνοι
3065 1499 3127 1553 τὸ
3156 1496 3447 1569 πρόϐατον,
3499 1496 3638 1548 τότε

2031 1598 2127 1652 καὶ
2188 1597 2352 1659 αὐτὸς
2418 1594 2553 1664 μετὰ
2604 1593 2713 1646 τῶν
2780 1591 2944 1644 αὐτοῦ
3009 1587 3265 1660 μαθητῶν
3311 1587 3374 1641 τὸ
3427 1584 3639 1639 ἑαυτοῦ

2033 1693 2207 1763 ἦγαγε
2250 1689 2463 1759 Πάσχα·
2514 1688 2562 1740 οἱ
2623 1687 2721 1758 μὲν
2767 1686 2877 1755 γὰρ
2928 1682 3070 1737 κατὰ
3100 1682 3199 1753 τὴν
3237 1678 3639 1751 Παρασκευὴν,

2033 1786 2091 1837 ἐν
2248 1781 2517 1835 πέπονθεν
2574 1783 2602 1835 6
2665 1780 2879 1851 Σωτὴρ,
2940 1776 3087 1830 τοῦτ’
3146 1775 3452 1847 ἔπραττον·
3501 1772 3643 1833 ὅθεν

2033 1871 2155 1925 οὐδὲ
2202 1870 2448 1942 εἰσῆλθον
2491 1871 2569 1934 είς
2626 1869 2686 1922 τὸ
2739 1866 3091 1940 πραιτώριον,
3141 1864 3255 1919 ἀλλ’
3308 1864 3337 1916 6
3393 1862 3641 1926 Πιλάτος

2036 1958 2174 2028 πρὸς
2220 1958 2418 2021 αὐτοὺς
2464 1957 2681 2023 ἔξεισιν·
2742 1955 2905 2018 αὐτὸς
2951 1955 3007 2008 δὲ
3060 1954 3167 2026 πρὸ
3218 1953 3347 2022 ὅλης
3412 1951 3643 2023 ἡμέρας

2034 2050 2102 2120 τῇ
2168 2048 2397 2123 πέμπτῃ
2459 2047 2553 2102 τοῦ
2595 2047 2873 2102 Σαϐϐάτου
2927 2049 3039 2110 τοῖς
3097 2044 3381 2116 μαθηταῖς·
3409 2042 3643 2096 συνανέ·

2038 2157 2205 2204 κειτο,
2271 2140 2366 2193 καὶ
2436 2138 2730 2193 συνεσθίων
2788 2138 2971 2201 αὐτοῖς
3037 2137 3241 2205 ἔλεγεν·
3314 2136 3643 2203 Ἐπιθυμίᾳ

2037 2232 2389 2301 ἐπεθύμησα
2435 2230 2613 2285 τοῦτο
2644 2231 2713 2284 τὸ
2762 2230 2982 2299 Πάσχα
3026 2228 3240 2299 φαγεῖν
3270 2228 3401 2296 μεθ’
3444 2225 3643 2296 ὑμῶν.

2050 2324 2215 2396 Ὁρᾷς
2284 2324 2434 2387 ὅπως
2504 2326 2533 2377 6
2599 2324 2793 2396 Σωτὴρ
2868 2322 2930 2376 οὐ
3010 2320 3149 2392 μετὰ
3227 2320 3499 2373 Ἰουδαιων
3579 2316 3645 2371 τὸ

2041 2416 2234 2485 Πάσχα
2270 2416 2492 2487 ἦσθιεν;
2540 2415 2760 2487 Ἐπειδὴ
2799 2414 2986 2468 καινὸν
3007 2409 3074 2485 ἦν
3103 2414 3279 2466 ἐκεῖνο
3298 2410 3394 2465 καὶ
3427 2409 3646 2475 ξενίζον

2042 2508 2195 2579 παρὰ
2227 2508 2296 2561 τὰ
2321 2507 2526 2579 συνήθη
2566 2508 2661 2561 καὶ
2705 2505 2971 2561 Ἰουδαϊκὰ
3003 2504 3122 2576 ἔθη,
3153 2502 3467 2572 ἀναγκαίως
3503 2501 3646 2554 ἐπέ-

2045 2616 2244 2669 στησεν
2294 2598 2499 2653 εἰπών·
2551 2599 2859 2668 Ἐπιθυμίᾳ
2908 2597 3263 2666 ἐπεθύμησα
3319 2593 3497 2647 τοῦτο
3571 2590 3648 2646 τὸ

2044 2690 2263 2761 Πάσχα
2278 2691 2491 2761 φαγεῖν
2516 2691 2646 2761 μεθ’
2669 2690 2857 2760 ὑμῶν,
2891 2688 3005 2759 πρὸ
3042 2688 3150 2743 τοῦ
3185 2705 3262 2758 με
3304 2685 3546 2739 παθεῖν·
3571 2684 3648 2738 τά

2048 2783 2147 2854 μὲν
2183 2782 2292 2854 γὰρ
2334 2781 2539 2837 παλαιὰ
2577 2781 2680 2854 ἤθη
2730 2781 2859 2835 ὄντα
2893 2781 2988 2833 καὶ
3018 2776 3468 2849 πεπαλαιωμὲνα,
3507 2774 3547 2829 ἃ.
3577 2776 3649 2847 δὴ

2050 2874 2189 2946 μετὰ
2233 2873 2499 2928 Ἰουδαίων
2536 2873 2760 2945 ἤσθιεν,
2833 2873 2935 2927 οὐκ
2981 2867 3051 2943 ἦν
3102 2868 3451 2940 ἐπιθυμητά·
3497 2866 3649 2919 τὸδὲ

2047 2966 2233 3020 καινὸν
2267 2966 2567 3038 μυστήριον
2604 2965 2704 3034 τῆς
2730 2965 2943 3035 Καινῆς
2972 2962 3137 3017 αὐτοῦ
3167 2961 3463 3032 Διαθήκης,
3502 2959 3532 3011 ὃ
3578 2959 3650 3030 δὴ

365 3037 610 3093 Faederis
646 3039 901 3109 mysteria
931 3054 944 3090 :
981 3039 1155 3108 ipsum
1190 3039 1297 3092 imo
1324 3037 1556 3092 Verbum
1603 3053 1938 3094 communem

2059 3037 2325 3128 μετεδίδου
2354 3037 2467 3120 τοῖς
2492 3055 2683 3110 ἑαυτοῦ
2720 3057 3010 3129 μαθηταῖς,
3032 3053 3366 3125 ἐπιθυμητὸν
3397 3047 3465 3123 ἦν
3482 3050 3651 3122 αὐτῷ

367 3129 593 3184 salutem
644 3145 872 3199 prorsus
921 3131 1113 3186 sitiens
1135 3169 1151 3196 ,
1184 3131 1496 3200 mysterium
1533 3131 1799 3198 tradebat,
1834 3146 1943 3202 quo
2049 3149 2305 3212 εἰκότως.
2331 3148 2453 3202 ἐπεὶ
2477 3147 2661 3202 πολλοὶ
2686 3148 2795 3219 πρὸ
2823 3146 2987 3202 αὐτοῦ
3014 3145 3290 3216 προφῆται
3312 3144 3407 3196 καὶ
3438 3142 3651 3196 δίκαιοι

367 3238 557 3277 omnes
580 3224 825 3278 homines
862 3223 1058 3284 festum
1098 3233 1256 3278 erant
1285 3225 1481 3285 acturi.
1512 3225 1672 3293 idque
1716 3225 1816 3279 sibi
1850 3226 1938 3279 de-

2059 3241 2402 3313 ἐπεθύμησαν
2440 3242 2566 3295 ίδεῖν
2591 3241 2660 3295 τὰ
2687 3240 2784 3312 τῆς
2807 3242 2951 3305 Νέας
2991 3239 3268 3309 Διαθήκης
3320 3236 3607 3307 μυστήρια
3631 3252 3647 3266 ·

369 3314 666 3370 sideratum
691 3331 811 3371 esse
845 3316 1135 3372 fatebatur.
1149 3316 1309 3373 Certe
1345 3316 1544 3387 Moysis
1569 3316 1774 3372 Pascha
1800 3317 1938 3372 haud

2059 3330 2145 3382 καὶ
2182 3328 2343 3393 αὐτὸς
2371 3329 2428 3381 δὲ
2450 3330 2478 3383 6
2502 3329 2692 3398 Λόγος,
2734 3331 2965 3384 πάντοτε
2997 3326 3165 3398 διψῶν
3187 3328 3286 3399 τὴν
3308 3326 3496 3396 κοινὴν
3532 3342 3651 3378 σω-

369 3409 579 3464 cunctis
622 3409 874 3477 gentibus
910 3410 1159 3465 idoneum
1206 3419 1344 3477 erat,
1375 3410 1810 3480 quandoquidem
1841 3426 1938 3466 uno

2059 3420 2267 3491 τηρίαν,
2301 3423 2598 3493 μυστήριον
2625 3421 2933 3493 παρεδίδου,
2962 3420 3025 3473 δι’
3050 3415 3112 3474 οὗ
3140 3419 3341 3482 πάντες
3359 3417 3651 3488 ἄνθρωποι

371 3500 425 3553 in
459 3500 596 3566 loco,
612 3500 664 3555 id
682 3511 763 3556 est
789 3500 1197 3574 Hierosolymis,
1220 3503 1332 3558 ﬁeri
1352 3502 1560 3569 jussum
1592 3511 1731 3557 erat.
1751 3503 1938 3569 Quam-

2059 3512 2278 3584 ἔμελλον
2325 3513 2626 3583 ἑορτάζειν,
2684 3512 3023 3585 ἐπιθυμητὸν
3082 3512 3241 3565 τοῦτο
3288 3509 3439 3581 αὐτῷ
3497 3504 3649 3561 εἶναι

371 3593 558 3648 obrem
600 3594 742 3648 haud
796 3604 918 3648 erat
954 3594 1332 3649 desiderabile.
1367 3593 1472 3649 Sed
1505 3593 1814 3651 Servatoris
1839 3611 1938 3667 my-

2059 3604 2395 3676 ὡμολόγησε.
2439 3602 2511 3657 Τὸ
2560 3603 2661 3675 μὲν
2691 3605 2973 3667 Μωῦσέως
3026 3604 3231 3674 Πάσχα
3283 3602 3384 3673 οὐχ
3427 3601 3649 3673 ἥρμοζε

372 3686 595 3740 sterium
636 3687 687 3740 in
712 3685 875 3739 -Novo
922 3684 1149 3740 Fcedere
1200 3686 1411 3741 cunctis
1466 3686 1777 3743 hominibus
1821 3703 1938 3744 con-

2059 3698 2196 3752 πᾶσι
2230 3700 2342 3761 τοῖς
2363 3697 2484 3750 τότε
2512 3695 2691 3750 ἔθνεσι
2710 3712 2727 3727 ·
2759 3695 2877 3761 πῶς
2896 3696 3005 3770 γάρ
3028 3696 3223 3761 ςὸπότε
3244 3696 3333 3764 ὑφ’
3350 3694 3448 3747 ἕνα
3468 3691 3649 3745 τόπον

374 3793 589 3846 gruum,
606 3777 728 3846 jure
766 3780 973 3848 optimo
996 3778 1361 3833 desiderabile
1386 3787 1525 3832 erat.

2059 3787 2150 3840 τὸν
2190 3789 2247 3841 ἐν
2286 3790 2351 3859 τῇ
2394 3786 2747 3861 Ἰερουσαλὴμ
2779 3787 3049 3841 τελεῖσθαι
3091 3785 3512 3858 νενομοθέτητο·
3564 3782 3651 3836 διὸ

372 3868 472 3921 οὐκ
515 3864 583 3939 ἦν
623 3868 986 3941 ἐπιθυμητόν·
1016 3869 1076 3923 τὸ
1118 3869 1176 3922 δὲ
1210 3870 1476 3941 σωτήριον
1511 3871 1811 3943 μυστήριον
1844 3873 1938 3945 τῆς
1975 3876 2182 3950 Καινῆς
2242 3879 2537 3951 Διαθήκης,
2597 3880 2761 3933 πᾶσιν
2793 3878 3101 3952 ἀνθρώποις
3125 3878 3387 3950 ἁρμόζον,
3416 3876 3648 3940 εἰκότως

374 3964 523 4035 αὐτῷ
552 3964 886 4036 ἐπιθυμητὸν
918 3960 1008 4036 ἦν.
1860 4000 1869 4003 -

447 4056 534 4109 10.
572 4055 681 4110 Sed
734 4056 847 4125 ipse
892 4056 1110 4124 quidem
1165 4064 1453 4125 antequam
1494 4048 1938 4124 pateretur,cum

2131 4066 2181 4113 ι’.
2223 4059 2361 4113 Ἀλλ’
2401 4060 2563 4124 αὐτὸς
2597 4061 2717 4132 μὲν,
2750 4059 2855 4132 πρὸ
2876 4058 2971 4113 τοῦ
3004 4058 3218 4123 παθεῖν,
3252 4060 3349 4114 σὺν
3373 4063 3486 4125 τοῖς
3512 4062 3616 4115 ἐαυ
3642 4093 3650 4100 -

376 4147 489 4201 suis
520 4147 796 4217 discipulis
835 4146 1041 4203 Pascha
1069 4149 1327 4211 comedit,
1358 4146 1662 4217 festumque
1684 4150 1813 4220 egit,
1841 4166 1938 4205 non

2059 4152 2150 4205 τοῦ
2188 4151 2456 4225 μαθηταῖς
2494 4152 2665 4222 ἔφαγε
2695 4154 2755 4207 τὸ
2781 4154 2996 4223 Πάσχα,
3037 4154 3132 4206 καὶ
3165 4152 3263 4225 τὴν
3291 4153 3487 4226 ἑορτὴν
3512 4156 3645 4208 ἐπε-

377 4253 499 4291 cum
525 4238 747 4297 .lndzeis.
778 4239 990 4309 Reapse
1019 4250 1305 4310 postquam
1331 4244 1446 4309 ipse
1487 4254 1715 4310 vespere
1754 4239 1938 4297 festun

2059 4244 2294 4309 τέλεσεν,
2330 4245 2391 4297 οὐ
2417 4244 2557 4315 μετὰ
2588 4244 2697 4298 τῶν
2745 4244 3043 4298 Ἰουδαίων·
3069 4244 3428 4316 ἑορτάσαντος
3449 4244 3508 4297 δὲ
3538 4247 3644 4299 αὐ-

377 4334 728 4400 celebrasset,
758 4335 1043 4403 pontiﬁces
1070 4351 1194 4391 cum
1241 4338 1515 4405 proditore
1558 4350 1753 4392 manus
1790 4341 1839 4392 ei
1871 4337 1954 4391 in-

375 4428 621 4496 jecernnt
650 4443 664 4479 :
701 4442 808 4481 non
838 4427 984 4482 enim
1011 4427 1083 4481 illi
1108 4442 1174 4482 eo
1196 4441 1422 4496 vespere
1465 4423 1666 4482 Pascua
1707 4426 1955 4481 comede-

378 4521 547 4586 hant;
590 4521 828 4589 alioquin
879 4521 948 4576 ab
1001 4520 1116 4591 ejus
1168 4520 1547 4588 persecutione
1594 4519 1952 4588 quievissent.

378 4611 549 4675 Quem
580 4626 706 4665 mox
735 4619 948 4681 captum
996 4612 1063 4666 ad
1112 4609 1327 4680 Caiphm
1381 4612 1603 4665 domum
1637 4610 1901 4663 duxerunt
1935 4625 1952 4675 ;

378 4702 469 4756 ubi
508 4717 701 4757 exacta
734 4711 916 4769 nocte,
954 4701 1303 4757 illucescente
1352 4700 1439 4755 die
1476 4701 1813 4771 congregati,
1845 4700 1957 4768 pri-

380 4811 525 4850 mam
570 4795 623 4850 in
652 4811 773 4850 eum
812 4796 1213 4851 damnationem
1267 4795 1529 4850 tulerunt.
1558 4795 1764 4850 Deinde
1808 4794 1956 4850 illinc

380 4901 661 4958 surgentes
677 4904 797 4942 cum
814 4889 965 4959 plebe
978 4889 1222 4944 eumdem
1243 4887 1310 4942 ad
1333 4887 1564 4942 Pilatum
1587 4886 1630 4918 ⁸⁷
1654 4893 1953 4943 traxerunt.

380 4980 531 5034 Tunc
580 4993 759 5035 autem
810 4982 887 5036 ait
936 4979 1215 5050 Scriptura
1260 4981 1313 5035 in
1352 4980 1664 5048 praetorium
1704 4994 1800 5034 eos
1846 4994 1953 5034 non

382 5074 666 5140 introisse;
708 5090 776 5130 ne
803 5075 903 5129 sub
936 5076 1211 5129 ethnicum
1245 5082 1446 5128 tectum
1488 5073 1740 5142 ingressi,
1768 5082 1826 5126 ut
1862 5088 1957 5142 pu-

382 5166 590 5231 tabant,
635 5167 1069 5236 inquinarentur,
1094 5166 1187 5221 sed
1217 5165 1337 5233 puri
1374 5175 1654 5220 manentes
1694 5164 1746 5218 hi
1779 5164 1957 5233 impu-

383 5257 607 5326 rissimi,
660 5272 886 5328 vespere
932 5260 1251 5313 imminente
1300 5255 1510 5312 Pascha
1560 5257 1956 5323 comederent;

384 5349 434 5403 In
470 5352 562 5419 qui
590 5351 819 5406 culicem
866 5352 1216 5416 exculantes,
1247 5350 1514 5407 camelum
1552 5349 1852 5421 glutiehant
1889 5350 1957 5415 ⁸⁸,

384 5441 584 5508 quique
633 5442 843 5497 animas
891 5443 1051 5497 simul
1104 5451 1158 5498 et
1192 5456 1421 5512 corpora
1469 5440 1781 5497 Servatoris
1814 5441 1960 5496 caede

389 5528 699 5599 impiabant,
747 5532 848 5588 sub
894 5544 1096 5590 tectum
1146 5533 1356 5605 ingredi
1406 5532 1624 5588 reveriti
1672 5533 1958 5597 sunt;sed

2051 4334 2145 4388 τοῦ
2178 4335 2435 4407 ἑσπέρας,
2467 4337 2515 4389 οἱ
2541 4336 2815 4407 ἀρχιερεῖς
2852 4335 2969 4405 ἅμα
3001 4334 3080 4405 τῷ
3112 4336 3344 4407 προδότῃ
3381 4337 3645 4393 ἐπιστάν-

2053 4444 2165 4490 τες,
2198 4426 2460 4481 ὲπέὸαλον
2491 4427 2577 4480 ἐπ’
2602 4427 2766 4481 αὐτὸν
2804 4428 2902 4490 τὰς
2926 4430 3142 4499 χεῖρας·
3179 4427 3243 4480 οὐ
3293 4428 3403 4500 γάρ
3449 4428 3644 4499 ἢσθιον

2055 4517 2210 4571 αὐτοὶ
2248 4518 2387 4571 κατὰ
2426 4518 2526 4590 τὴν
2570 4518 2811 4590 ἑσπέραν
2843 4517 2903 4570 τὸ
2937 4518 3162 4588 Πάσχα·
3209 4513 3246 4589 ἦ
3298 4518 3409 4590 γὰρ
3441 4519 3510 4572 ἂν
3546 4520 3644 4593 τὴν

2056 4608 2249 4680 σχολὴν
2276 4610 2404 4680 περὶ
2435 4610 2593 4664 αὑτὸν
2627 4606 2789 4681 εἶχον·
2837 4609 2932 4663 καὶ
2978 4609 3113 4681 δῆτα
3148 4609 3509 4675 συλλαϐόντες
3540 4614 3646 4667 ὰπ-

2054 4701 2261 4772 ήγαγον
2290 4702 2372 4765 εἰς
2394 4700 2493 4775 τὴν
2514 4702 2691 4756 οἰκίαν
2720 4699 2816 4755 τοῦ
2833 4702 3079 4771 Καῖάφα,
3116 4700 3645 4778 ἐνθαδιανυκτερεύ-

2057 4809 2268 4857 σαντες,
2297 4794 2373 4858 ώς
2412 4794 2598 4865 ἡμέρα
2630 4794 2868 4863 ἐγένετο,
2906 4794 3271 4866 συνήχθησαν,
3303 4795 3400 4849 καὶ
3414 4796 3643 4868 ἀνακρί-

2055 4902 2237 4938 νουσιν
2258 4885 2422 4939 αὐτὸν
2448 4886 2712 4957 πρότερον
2733 4903 2746 4914 ·
2774 4881 2892 4940 εἶτα
2928 4888 3067 4958 μετὰ
3103 4888 3275 4942 ταῦτα
3305 4886 3641 4951 ἀναστάντες

2056 4976 2172 5045 ἅμα
2204 4978 2280 5047 τῷ
2312 4976 2505 5049 πλήθει
2524 4979 2729 5047 ἤγαγον
2758 4975 2921 5030 αὐτὸν
2937 4978 3072 5049 πρὸς
3092 4979 3344 5033 Πιλάτον.
3382 4980 3498 5032 Καὶ
3521 4978 3640 5032 τότε

2058 5072 2222 5140 φησὶν
2249 5072 2282 5142 ἡ
2313 5069 2527 5140 Γραφὴ,
2560 5070 2642 5122 ὅτι
2674 5066 2749 5138 μὴ
2791 5070 3041 5140 εἰσῆλθον
3075 5072 3156 5134 είς
3192 5070 3254 5123 τὸ
3278 5069 3637 5142 πραιτώριον,

2057 5164 2144 5216 ἵνα
2176 5162 2241 5235 δὴ
2280 5164 2377 5236 μὴ,
2413 5164 2519 5217 ὑπὸ
2562 5165 2758 5237 στέγην
2800 5161 3117 5234 Ἑλληνικὴν
3159 5162 3529 5228 εἰσελθόντες,
3567 5162 3639 5226 ὥς

2056 5270 2120 5321 γε
2143 5252 2332 5324 ᾤοντο,
2360 5253 2645 5324 μιανθῶσι,
2677 5253 2984 5325 καθαροὶδὲ
3019 5252 3365 5324 μείναντεςοὶ
3396 5254 3641 5324 παμμὶα-

2062 5362 2166 5416 ροι,
2200 5344 2440 5417 ἑσπέρας
2477 5347 2800 5418 ἐπιστάσης,
2846 5346 3075 5416 φάγοιεν
3116 5345 3186 5399 τὸ
3215 5345 3433 5417 Πάσχα,
3469 5346 3520 5398 οἱ
3550 5345 3637 5397 τὸν

2058 5439 2296 5494 κώνωπα
2323 5440 2647 5505 διυλίζοντες
2666 5480 2681 5504 ,
2719 5442 2819 5512 τὴν
2848 5440 2905 5494 δὲ
2944 5439 3190 5511 κάμηλον
3217 5438 3635 5501 καταπίνοντες,

2060 5532 2109 5584 οἱ
2131 5531 2226 5595 τὰς
2255 5530 2429 5605 ψυχὰς
2450 5534 2633 5597 αὐτοῖς
2663 5530 2878 5605 σώμασι
2907 5530 3049 5586 κατὰ
3075 5531 3169 5585 τοῦ
3196 5530 3450 5604 Σωτῆρος
3489 5545 3637 5602 μιαι-

456 5711 501 5744 ⁶⁶
523 5710 655 5769 Luc.
685 5729 821 5775 χιιι,
850 5714 935 5773 l5.
1011 5715 1053 5747 "
1084 5712 1238 5771 Joan.
1264 5729 1414 5782 xvm,
1438 5712 1525 5770 28.
1596 5713 1639 5745 "
1680 5712 1867 5768 Matth.
1896 5727 1938 5765 ι

2059 5753 2064 5769 .
2095 5712 2186 5768 24.
