3836 6216
249 327 360 381 ’1υὸ

1379 333 1469 392 DE
1507 335 1996 393 SOLEMNI’TA'I‘E
2031 335 2392 392 PASCHALI.

3392 335 3497 390 706

244 446 410 517 φονίᾳ
440 447 830 518 μεμιαμμένοι,
853 450 942 506 τὸν
961 451 1156 524 ὄροφον
1178 452 1445 508 ἐδεδίεσαν
1470 456 1814 512 ὑπεισελθετνί

1933 459 2046 530 ipsa
2083 460 2375 515 Dominicis
2403 458 2670 528 passionis
2705 457 2796 513 die
2845 472 2968 514 cum
3013 458 3212 513 animae
3253 458 3494 528 ipsorum

243 536 364 590 ἀλλ’
397 539 446 590 ol
489 537 588 607 μὲν
621 541 740 593 κατ’
765 541 935 614 αὐτὴν
963 543 1176 615 ἐκείνην
1194 545 1287 598 106
1327 546 1535 610 πάθους
1562 549 1661 619 τὴν
1685 547 1822 620 ἡμέ-

245 645 352 700 ραν
375 628 437 682 τὺ
457 628 784 700 λυμαντικὺν
804 634 904 704 τῆς
933 635 1141 689 ὲαυτῶν
1167 636 1346 709 ψυχῆς
1372 637 1573 708 ἔφαγον
1605 640 1819 710 Πάσχα,

240 724 307 777 τὸ
344 718 482 796 αἷμα
515 726 575 780 τὸ
613 729 878 800 σωτήριον
921 731 1020 801 οὐχ
1058 732 1198 804 ὑπὲρ
1241 735 1471 801 ἑαυτῶν,
1517 735 1651 790 ἀλλά
1699 736 1822 790 καθ’

242 816 454 870 ἑαυτῶν
470 818 908 892 ὲξαιτησάμενοι.
939 823 997 877 Ὀ
1013 824 1059 878 δ’
1080 825 1346 899 ήμέτερος
1374 828 1566 900 Σωτὴρ
1587 830 1647 882 ού
1677 831 1818 895 τότε,

1925 553 2092 608 exitio
2141 552 2348 607 Pascha
2397 553 2780 618 comederunt,
2818 549 3126 606 Servatoris
3169 553 3494 620 sanguinem

1925 659 2032 698 non
2079 659 2175 714 pro
2210 658 2290 708 se,
2318 644 2411 700 sed
2451 652 2638 697 contra
2679 657 2738 708 se
2778 650 3111 712 expetentes.
3149 639 3343 697 Noster
3371 659 3499 698 vero

1926 737 2184 792 Servator
2232 751 2337 790 non
2399 743 2556 800 tunc,
2587 735 2680 789 sed
2725 735 2974 791 hesterna
3018 735 3106 790 die
3157 731 3498 790 discumbens

1927 845 2050 885 cum
2085 829 2386 900 discipulis,
2434 828 2797 882 desideratum
2843 829 2946 884 sibi
2988 828 3183 884 festum
3209 839 3496 900 peregerat

241 909 353 980 πρὸ
386 910 599 982 ἡμέρας
625 912 682 965 δὲ
713 914 1073 986 ἀνακείμενος
1107 919 1243 989 μετὰ
1265 920 1373 974 τῶν
1422 919 1699 992 μαθητῶν,
1734 921 1831 993 τὴν
1858 922 2260 994 ὲπιθυμητικὴν
2289 919 2466 991 ἑαυτῷ
2495 919 2685 990 ἑορτὴν
2707 914 2859 988 ἦγεν.

317 1009 407 1056 ια’.
453 1004 636 1076 Ὁρᾷς,
664 1007 740 1071 ὡς
771 1008 831 1074 ἐξ
857 1009 1087 1078 ἐκείνου,
1117 1013 1146 1066 ὁ
1180 1013 1280 1084 μὲν
1313 1013 1493 1068 αὐτῶν
1529 1013 1822 1085 ἐχωρίζετο

238 1095 340 1148 καὶ
384 1096 482 1168 τῆς
524 1098 821 1172 Ἰουδαϊκῆς
853 1102 1119 1173 ἀνεχώρει
1149 1104 1480 1174 μιαιφονίας,
1522 1107 1822 1177 συνήπτετο

237 1187 298 1241 δὲ
331 1191 442 1252 τοῖς
467 1190 755 1261 μαθηταῖς,
774 1193 890 1264 ἅμα
917 1197 1100 1260 αὐτοῖς
1131 1197 1230 1267 τὴν
1260 1197 1604 1269 ἐπιθυμητὴν
1629 1197 1823 1270 ἑορτὴν

238 1282 663 1354 πανηγυρίζωνς
685 1285 892 1341 Οὐκοῦν
917 1289 1011 1341 καί
1031 1291 1164 1360 ἡμῖν
1182 1289 1241 1343 τὸ
1262 1290 1456 1361 Πάσχα
1483 1291 1580 1344 σὺν
1603 1290 1822 1363 Χριστῷ

239 1367 501 1440 βρωτέον,
527 1372 850 1445 καθαιροῦσι
895 1378 993 1448 μὲν
1025 1382 1123 1450 τῆς
1157 1379 1364 1434 ἑαυτῶν
1383 1381 1620 1444 διανοίας
1643 1383 1822 1436 πᾶσαν

236 1457 421 1532 ζύμην
453 1463 650 1530 κακίας
683 1469 777 1522 καὶ
801 1471 1084 1542 πονηρίας,
1109 1473 1334 1545 ἀζύμων
1361 1473 1406 1526 δ’
1439 1473 1697 1545 ἀληθείας
1729 1475 1824 1528 καὶ

235 1549 587 1625 είλικρινείας
618 1558 1074 1631 ἐμπιπλαμένοις,
1102 1561 1315 1633 ἔχουσιν
1336 1565 1394 1616 ὲν
1432 1565 1643 1632 ἑαυτοῖς
1674 1563 1822 1618 ἔνδον

237 1640 301 1694 ὲν
339 1645 404 1714 τῇ
439 1643 584 1717 ψυχῇ
630 1647 721 1701 τὸν
755 1651 813 1702 ὲν
840 1651 1069 1724 κρυπτῷ
1103 1653 1354 1706 Ἰουδαῖον
1389 1654 1483 1707 καὶ
1519 1653 1618 1725 τὴν
1643 1653 1820 1724 ἀληθῆ

1994 987 2299 1071 li.'Viden’
2319 987 2590 1083 quomodo
2608 987 2720 1081 jam
2745 987 2809 1066 ex
2833 1027 2898 1067 eo
2921 987 3160 1080 tempore
3191 1008 3440 1066 Christus
3457 1027 3494 1066 a

1920 1103 2122 1161 Iudaeis
2143 1105 2516 1165 set-edebat,et
2539 1103 2750 1157 illorum
2778 1113 3054 1157 cruentam
3081 1103 3311 1157 indolem
3341 1119 3498 1156 aver-

1923 1197 2170 1260 sabatur,
2199 1194 2530 1266 adiungebat
2561 1204 2740 1248 autem
2773 1194 2876 1248 sibi
2906 1192 3218 1262 discipulos,
3248 1207 3370 1248 cum
3404 1194 3496 1247 iis—

1922 1304 2032 1359 que
2061 1288 2423 1343 desideratam
2454 1286 2822 1341 celebritatem
2865 1285 3102 1356 agebat?
3129 1285 3270 1357 Ergo
3309 1295 3362 1340 et
3397 1301 3496 1340 nos

1925 1381 2209 1437 comedere
2255 1397 2378 1435 cum
2417 1378 2637 1434 Christo
2689 1378 2893 1433 Pascha
2928 1379 3206 1443 debemus,
3261 1387 3494 1432 mentem

1923 1483 2166 1530 nostram
2215 1473 2360 1529 omni
2397 1471 2618 1526 malitiae
2662 1470 2928 1525 fermento
2955 1478 3337 1539 expurgantes,
3370 1483 3497 1539 azy-

1925 1565 2028 1620 mis
2055 1575 2232 1619 autem
2269 1563 2513 1618 veritatis
2536 1577 2601 1617 ac
2643 1560 3006 1632 simplicitatis
3040 1575 3136 1614 nos
3163 1567 3493 1622 saturantes,

1923 1654 2295 1722 habentesque
2326 1653 2379 1707 in
2417 1654 2596 1708 anima
2644 1667 2790 1718 eum,
2817 1650 2906 1720 qui
2955 1649 3008 1704 iu
3055 1647 3374 1703 abscondito
3411 1657 3497 1702 est

237 1735 562 1808 περιτομὴν,
587 1739 681 1792 καὶ
701 1739 795 1794 τοῦ
809 1743 1061 1809 τυθέντος
1090 1745 1229 1816 ὑπὲρ
1259 1745 1417 1816 ήμῶν
1442 1745 1718 1818 προϐάτου
1745 1746 1814 1818 τῷ

1922 1744 2219 1808 Iudaeus",
2260 1757 2552 1812 veramque
2595 1741 3087 1803 circumcisionem,
3130 1748 3186 1792 et
3233 1737 3492 1792 immolati

235 1823 438 1893 αἵματι
455 1827 554 1890 τὰς
575 1828 675 1898 τῆς
701 1828 935 1894 διανοίας
966 1833 1122 1905 ήμῶν
1150 1833 1308 1903 φλιάς
1341 1835 1710 1906 περιχρίουσιν
1740 1837 1821 1900 είς

232 1912 558 1987 ἀποτροπὴν
589 1917 682 1971 106
715 1920 837 1974 καθ’
868 1923 1016 1993 ἡμᾶς
1042 1923 1382 1995 ὀλοθρευτοῦ.
1423 1927 1532 1980 Καὶ
1561 1925 1720 1980 τοῦτο
1755 1927 1818 1981 οὐ

241 2004 386 2075 πρὸς
427 2007 556 2077 μίαν
589 2011 839 2083 περίοδον
879 2012 975 2068 τοῦ
1010 2016 1208 2080 παντὸς
1249 2017 1424 2083 ἔτους,
1458 2018 1595 2072 ἀλλὰ
1626 2019 1721 2073 καὶ
1768 2019 1818 2073 δι

230 2094 532 2166 ἑϐδομάδος
544 2099 783 2174 ἀπάσης.
803 2104 1132 2177 Παρασκευὴ
1154 2107 1252 2178 μὲν
1268 2110 1300 2180 ή
1309 2111 1400 2180 μῖν
1420 2109 1560 2164 ἔστω
1572 2111 1815 2180 νηστεία,

231 2186 470 2252 πένθους
500 2189 789 2262 σύμϐολον,
826 2195 935 2248 τῶν
973 2197 1254 2270 προτέρων
1273 2200 1407 2270 ἡμῖν
1446 2201 1606 2273 χάριν
1637 2205 1818 2274 ἀμαρο

229 2281 518 2352 τημάτων,
555 2286 650 2338 καὶ
696 2287 918 2360 μνήμης
947 2289 1110 2345 ἕνεκα
1140 2292 1235 2345 106
1254 2294 1463 2366 σωτηρί
1490 2295 1784 2361 ουπάθους.

305 2373 397 2430 ιϐ’.
441 2376 731 2444 Ἰουδαίους
776 2398 840 2450 γε
877 2383 977 2453 μὲν
1025 2384 1085 2449 ἐξ
1119 2386 1295 2456 ἀρχῆς
1327 2387 1675 2457 ἀπεσφάλθαι
1718 2387 1818 2460 τῆς

230 2467 500 2538 ἀληθείας
533 2473 696 2542 φημὶ,
721 2472 778 2540 ἐξ
811 2492 982 2547 ουπερ
1005 2477 1143 2549 αὐτῇ
1181 2481 1247 2550 τῇ
1274 2478 1500 2552 ἀληθείᾳ
1529 2481 1816 2534 ἐπιϐεϐου-

227 2558 478 2627 λεύκασι,
507 2563 598 2618 τὸν
623 2566 794 2634 Λᾴγον
819 2567 918 2638 τῆς
941 2566 1084 2639 ζωῆς
1100 2571 1158 2636 ἐξ
1173 2571 1380 2624 ἑαυτῶν
1402 2573 1813 2638 ἀπελαύνοντες.

231 2653 344 2706 Καὶ
363 2653 522 2708 10610
551 2656 737 2726 σαφῶς
767 2659 800 2729 ἠ
830 2658 938 2714 τῶν
969 2659 1129 2746 ἱερῶν
1150 2662 1497 2732 Εὐαγγελίων
1520 2665 1817 2737 παρίστησι

239 2747 441 2819 γραφή.
479 2746 570 2819 Τῷ
602 2749 700 2818 μὲν
737 2750 846 2823 γὰρ
879 2752 1070 2824 Κυρίῳ
1114 2753 1481 2827 ἐπιμαρτυρεῖ
1519 2757 1582 2809 τὸ
1623 2756 1818 2826 Πάσχα

229 2836 568 2909 βεϐρωκέναι
597 2843 661 2912 τῇ
691 2842 882 2916 πρώτῃ
906 2844 1015 2899 τῶν
1044 2845 1296 2918 ἀζύμωνο
1325 2848 1467 2919 μηδ’,
1499 2848 1575 2912 ὥς
1601 2865 1764 2920 φησιν
1788 2851 1818 2903 ὁ

229 2929 467 3010 Λουκᾶς,
502 2934 561 2986 ὲν
658 2933 763 2988 ἔδει
794 2933 1016 2992 θύεσθαι
1048 2938 1109 2993 τὸ
1145 2940 1336 3010 Πάσχα
1363 2939 1545 3013 ἡμέρᾳ
1593 2941 1654 2994 τὸ
1695 2940 1820 2994 σύν-

227 3021 363 3094 ηθες
395 3024 578 3088 αὐτοῖς
615 3025 927 3098 βεϐρὼκασι
970 3031 1180 3103 Πάσχα,
1217 3031 1352 3086 ἀλλά
1368 3035 1432 3104 τῇ
1467 3033 1582 3104 μετ’
1603 3033 1817 3106 ἐκείνην

1921 1851 2021 1906 pro
2044 1837 2199 1892 nobis
2236 1835 2358 1906 agni
2389 1835 2648 1904 sanguine
2679 1833 2876 1888 mentis
2899 1839 3094 1886 nostra:
3133 1839 3313 1900 postes
3339 1829 3495 1882 inun-

1920 1935 2128 1998 gentes,
2155 1926 2224 1983 ob
2245 1927 2722 1981 exterminatorem
2770 1932 3012 1979 nostrum
3044 1921 3488 1992 propulsandum.

1921 2019 2106 2090 Neque
2136 2021 2236 2074 hoc
2276 2020 2330 2074 in
2369 2035 2472 2074 una
2507 2019 2728 2090 periodo
2767 2017 3188 2086 uniuscujusque
3215 2014 3364 2078 anni,
3396 2014 3490 2067 sed

1922 2120 2034 2165 tota
2057 2111 2218 2166 etiam
2253 2111 2613 2166 hebdomada.
2641 2108 2971 2178 Prreparatio
2999 2116 3176 2161 tamen
3220 2105 3376 2160 nobis
3423 2103 3493 2158 sit

1914 2201 2198 2272 jejunium.
2244 2201 2422 2256 luctus
2455 2199 2778 2271 symbolum,
2807 2208 3026 2268 propter
3052 2197 3233 2264 priora
3273 2203 3491 2262 peccata

1921 2301 2124 2355 nostra,
2162 2301 2218 2345 et
2250 2291 2319 2346 ob
2340 2291 2596 2361 patientis
2626 2287 2934 2343 Servatoris
2975 2285 3314 2340 memoriam.

1989 2385 2078 2440 12.
2118 2382 2332 2440 Iudaeos
2378 2382 2660 2452 certejam
2705 2381 2834 2437 olim
2870 2396 2899 2435 a
2935 2380 3165 2434 veritate
3209 2378 3494 2433 aberrasse

1917 2477 2028 2541 aio.
2057 2491 2124 2530 ex
2162 2491 2269 2546 quo
2295 2475 2580 2531 veritatem
2611 2476 2780 2543 ipsam
2809 2471 3079 2543 persecuti
3111 2481 3258 2533 sunt,
3287 2477 3341 2524 et
3359 2468 3492 2524 Ver-

1917 2568 2044 2624 bum
2084 2569 2205 2623 vitaa
2229 2585 2258 2622 a
2285 2581 2342 2623 se
2367 2571 2711 2636 expulerunt.
2736 2565 2912 2635 Atque
2951 2566 3053 2620 hoc
3095 2563 3378 2619 manifeste
3407 2561 3494 2616 al-

1919 2660 2426 2730 lirmat'Scriptura
2461 2658 2797 2728 evangelica.
2827 2656 2959 2711 Nam
3004 2656 3287 2710 Dominum
3319 2655 3490 2722 prima

1919 2751 2006 2807 die
2031 2752 2364 2820 Azymorum
2393 2748 2697 2804 comedisse
2725 2746 2933 2802 Pascha
2957 2755 3203 2802 testatur.
3232 2745 3335 2813 Ipsi
3362 2758 3494 2798 vero

1919 2858 2025 2898 non
2051 2857 2156 2912 qua
2187 2841 2276 2895 die
2303 2840 2604 2910 oportebat,
2637 2849 2694 2894 ut
2719 2840 2796 2894 ait
2822 2837 3022 2902 Lucas,
3055 2847 3368 2892 consuetum
3387 2835 3493 2888 Pa-

1918 2937 2046 2991 scha
2078 2935 2455 2998 comederunt,
2498 2932 2593 2988 sed
2641 2933 2730 2987 die
2773 2931 3032 2993 crastina,
3063 2944 3184 2999 quae
3208 2937 3326 2982 erat
3354 2929 3496 2998 Azy-

1921 3043 2132 3084 morum
2173 3024 2431 3089 secunda,
2459 3023 2605 3079 lunae
2629 3037 2763 3078 vero
2800 3023 2989 3089 quinta
3031 3018 3353 3086 decima;in
3386 3035 3491 3089 qua

225 3113 380 3186 ἑξῆς,
405 3115 526 3186 ἥτις
561 3111 628 3187 ἦν
657 3117 764 3174 τῶν
793 3119 894 3191 μὲν
937 3121 1185 3194 Ἀζύμων
1217 3124 1467 3196 δευτέρα,
1502 3125 1732 3198 σελήνης
1751 3127 1808 3180 δὲ

1922 3121 2036 3176 lum
2062 3119 2128 3175 de
2167 3119 2455 3174 Servatore
2474 3124 2657 3172 nostro
2675 3113 2936 3186 judicium
2962 3121 3242 3169 exerceret
3264 3112 3490 3178 Pilatus,

225 3209 716 3282 πεντεκαιδεκάτη,
751 3213 810 3266 ἐν
907 3214 1001 3268 106
1045 3217 1300 3289 Σωτῆρος
1345 3217 1504 3288 ἡμῶν
1545 3220 1805 3292 κρινομέ-

225 3315 322 3352 νου
365 3299 472 3352 ὑπὸ
507 3301 777 3368 Πιλάτου,
814 3305 914 3359 οὐκ
956 3306 1204 3376 εἰσῆλθον
1242 3309 1322 3372 είς
1355 3308 1418 3362 τὸ
1449 3309 1806 3382 πραιτώριον.

225 3391 344 3445 Οὐκ
377 3391 488 3464 ἄρα
513 3396 580 3465 τῇ
628 3400 820 3470 πρώτῃ
862 3395 970 3451 τῶν
996 3397 1244 3469 ἀζύμων,
1276 3401 1334 3454 ὲν
1429 3399 1535 3454 ἔδει
1559 3399 1809 3468 θύεσθαι,

227 3482 576 3556 βεϐρώκασιν
597 3487 729 3542 αὐτὸ
761 3486 904 3542 κατὰ
923 3488 1015 3543 τὸν
1049 3491 1239 3562 νόμον·
1265 3487 1300 3564 ἧ
1327 3491 1436 3565 γὰρ
1457 3492 1523 3546 ἂν
1553 3493 1690 3565 μετά
1713 3495 1809 3547 106

224 3576 482 3648 Σωτῆρος
527 3579 622 3632 καὶ
649 3579 803 3633 αὐτοὶ
842 3581 904 3634 τὸ
941 3583 1134 3654 Πάσχα
1167 3585 1571 3656 πεποιήκεσαν·
1606 3586 1722 3640 ἀλλ’
1752 3587 1812 3653 ἐξ

226 3666 440 3721 ἐκείνου
471 3668 588 3740 ἀμα
621 3673 685 3742 τῇ
721 3671 815 3725 τοῦ
851 3674 1103 3746 Σωτῆρος
1142 3675 1298 3747 ἡμῶν
1347 3677 1627 3748 ἐπιϐουλῇ,
1673 3679 1810 3750 πρὸς

223 3758 330 3828 τῆς
361 3760 544 3814 αὐτῶν
565 3761 938 3830 τυφλωθέντες
964 3765 1182 3831 κακίας,
1213 3769 1305 3822 καὶ
1331 3769 1512 3838 πάσης
1548 3768 1808 3840 ἀληθείας

223 3851 563 3923 ἐσφάλησαν.
599 3853 790 3925 Ἡμεῖς
811 3855 868 3910 δὲ
895 3856 968 3910 τά
997 3858 1139 3913 αὐτὰ
1173 3860 1449 3932 μυστήρια
1476 3861 1544 3913 δι’
1572 3860 1692 3914 ὅλου
1708 3859 1804 3914 106

223 3941 384 4008 ἔτους
411 3945 637 4017 ἄγομεν,
671 3947 730 4000 ὲν
763 3950 926 4004 παντὶ
967 3949 1067 4021 μὲν
1095 3951 1462 4023 προσαϐϐάτῳ
1495 3951 1589 4005 106
1627 3969 1804 4024 σωτη-

225 4033 346 4104 ρίου
370 4035 577 4100 πάθους
600 4037 699 4110 τήν
731 4039 1035 4113 ἀνάμνησιν
1067 4043 1377 4114 ποιούμενοι
1404 4043 1492 4098 διά
1526 4045 1798 4116 νηστείας,

219 4124 291 4195 ἢν
310 4124 424 4194 (51)
440 4128 790 4200 ἔνήστευσαν,
807 4131 1065 4202 ἀρθέντος
1092 4134 1186 4187 ἀπ’
1198 4133 1376 4188 αὐτῶν
1389 4135 1482 4188 τοῦ
1511 4135 1763 4206 Νυμφίου
1781 4174 1795 4198 ,

1915 3229 2024 3270 non
2055 3222 2182 3269 sunt
2215 3210 2442 3274 ingressi
2473 3211 2808 3278 praetorium.
2858 3207 2976 3262 Non
3025 3221 3157 3277 ergo
3179 3207 3350 3278 prima
3381 3205 3490 3268 die,

1913 3306 1968 3359 in
1991 3319 2096 3372 qua
2130 3302 2310 3357 fuerat
2357 3299 2765 3365 immolandum,
2791 3301 3168 3364 comederunt,
3207 3306 3367 3368 prout
3410 3300 3492 3351 le:

1913 3393 2146 3461 volebat,
2171 3392 2416 3458 Pascha;
2446 3391 2526 3446 sic
2546 3391 2692 3445 enim
2720 3405 2842 3444 cum
2867 3388 3155 3445 Servatore
3180 3400 3235 3443 et
3267 3389 3364 3457 ipsi
3392 3385 3496 3440 Pa-

1915 3485 2048 3540 scha
2078 3483 2482 3548 comedissent;
2508 3482 2600 3536 sed
2619 3478 2731 3550 jam
2767 3490 2878 3534 tum
2909 3479 3185 3535 struendis
3210 3475 3490 3533 Servatori

1917 3576 2129 3633 insidiis
2153 3576 2424 3644 occupati,
2457 3590 2485 3629 a
2522 3588 2619 3629 sua
2665 3571 2866 3626 malitia
2905 3570 3183 3634 excaecati,
3213 3568 3361 3624 omni
3402 3583 3494 3620 ve-

1915 3669 2078 3722 ritate
2106 3667 2443 3722 exciderunt.
2472 3667 2578 3721 Nos
2604 3680 2732 3720 vero
2751 3662 2940 3718 eadem
2974 3660 3225 3733 mysteria
3255 3669 3366 3713 toto
3394 3673 3492 3711 an-

1914 3773 1984 3812 no
2009 3758 2242 3826 agimus,
2282 3757 2430 3812 omni
2465 3757 2807 3827 praecedente
2851 3753 3144 3808 Sabbatum
3175 3749 3264 3805 die
3294 3749 3493 3803 Serva-

1915 3853 2048 3908 toris
2075 3854 2381 3923 passionem
2413 3858 2908 3908 commemorantes
2943 3863 3064 3902 cum
3094 3845 3319 3914 jejunio,
3347 3847 3492 3916 quod

1911 3945 2145 4013 primum
2176 3955 2302 3999 tunc
2325 3943 2552 4013 apostoli
2591 3943 2772 3998 ablato
2795 3941 2862 3994 ab
2900 3939 3032 4010 ipsis
3057 3938 3269 4009 Sponso
3301 3941 3492 3993 obser-

1909 4045 2124 4112 varunt.
2164 4037 2319 4093 Omni
2359 4038 2446 4092 die
2485 4036 2759 4093 Dominica
2794 4049 2892 4105 per
2931 4052 3129 4107 corpus
3170 4033 3485 4089 sanct'lica-

1907 4141 2018 4187 tum
2056 4131 2226 4201 ipsius
2257 4131 2516 4186 salutaris
2551 4129 2833 4185 Paschalis
2872 4130 3242 4196 viviﬁcamur,
3273 4137 3328 4182 et
3357 4143 3481 4198 pre-

217 4214 346 4268 τότε
373 4217 590 4289 πρῶτον
632 4221 684 4274 οί
711 4222 1026 4278 ἀπόστολοιο
1057 4223 1145 4278 διά
1187 4226 1369 4296 πάσης
1417 4227 1474 4280 δὲ
1512 4227 1801 4298 Κυριακῆς

1922 4225 2045 4280 .ioso
2071 4225 2332 4296 sanguine
2357 4223 2524 4294 ipsius
2551 4225 2606 4278 in
2646 4223 2826 4278 anima
2856 4223 3226 4291 obsignant-ir.

218 4307 438 4381 ἡμέρας
474 4312 553 4384 τῷ
598 4315 915 4387 ἡγιασμένῳ
984 4318 1196 4390 σώματι
1229 4319 1326 4374 τοῦ
1369 4321 1534 4376 αὑτοῦ
1580 4323 1847 4395 σωτηρίου
1886 4323 2078 4392 Πάσχα
2119 4319 2562 4392 ζωοποιούμενοι,
2603 4318 2701 4373 καὶ
2749 4318 2828 4390 τῷ
2870 4320 3037 4390 τιμίῳ
3077 4318 3271 4389 αἵματι
3317 4315 3485 4372 αὐτοῦ

217 4399 322 4464 τὰς
343 4402 524 4473 ψυχὰς
547 4411 1137 4483 κατασφραγιζόμενοι.

294 4521 341 4554 ⁸⁸
371 4521 530 4576 Rom.
561 4539 623 4587 tt,
653 4523 746 4580 29.

1924 4633 2016 4673 res
2039 4632 2256 4690 passum
2279 4626 2382 4675 est.
2403 4615 2541 4674 Vide
2559 4615 2975 4674 Th'omassinum
3000 4618 3074 4672 De
3095 4620 3320 4690 jejuniis
3332 4623 3478 4684 part.

294 4614 784 4688 (5i)_Dicitsextm
817 4615 968 4672 feria:
995 4626 1315 4688 perpetuum
1364 4617 1418 4671 in
1469 4617 1654 4674 Graeca
1712 4618 1818 4674 Ec-

219 4686 388 4742 clesia
417 4686 707 4757 jejunium,
731 4689 877 4757 quod
907 4686 1168 4743 tamenin
1195 4688 1494 4744 Occidente
1526 4691 1706 4745 varias
1735 4691 1815 4744 vi-
1923 4705 1983 4757 ιι,
2019 4686 2138 4760 cap.
2171 4687 2261 4743 15.

1058 4931 1445 4995 LECTURIS
1483 4933 1712 4997 JOAN.
1759 4933 2000 4996 HENR.
2048 4934 2320 4995 NOLTE
2362 4935 2423 4998 S.
2469 4937 2536 4997 P.
2589 4934 2663 4995 D.

303 5050 492 5135 Libros
617 5052 1058 5135 Eusebiocontra
1082 5055 1400 5135 yart-cllum
1425 5060 1755 5135 conscriptos
1778 5057 2036 5135 ad__ﬁ_dem
2059 5068 2311 5126 quattuor
2343 5059 2617 5135 codicum,
2650 5074 2782 5127 quos
2801 5075 2904 5135 ego
2953 5066 3045 5110 aut
3074 5057 3234 5112 amici
3244 5056 3489 5135 _contuli-

221 5129 360 5205 III“!-
383 5123 461 5205 ἀς.
481 5123 928 5205 σιείᾁαεῳιερίὶῃι
956 5126 1196 5205 pluribus
1226 5127 1354 5205 alibi
1379 5123 1755 5205 explicandum
1784 5123 1914 5180 milii
1943 5123 2078 5205 erit,
2117 5130 2388 5205 ιἐιεεηέηιὶ.Δ
2412 5127 2618 5205 υηὶεφ,
2653 5123 2771 5196 qua
2792 5123 3072 5205 hucusque
3088 5126 3327 5182 exstabat
3373 5127 3488 5205 edi-

223 5190 736 5280 tio-nigiﬂa’risiemis
757 5190 1022 5280 lectiones
1056 5197 1325 5280 brevitatis
1352 5190 1537 5280 .stui‘lio
1567 5199 1752 5280 ductus
1781 5213 1902 5280 uoce
1937 5215 1956 5248 ‹
1991 5198 2172 5280 vulgo,
2211 5216 2230 5249 ι
2265 5199 2541 5280 lectiones.
2567 5190 2622 5280 in
2649 5190 2888 5280 margine
2922 5190 3158 5280 eiusdem
3186 5197 3484 5266 propositas

223 5261 422 5344 litteris
445 5261 577 5344 Mp_.,
607 5279 738 5344 qua:
750 5265 804 5319 in
829 5265 1180 5344 corrigendis
1205 5269 1290 5344 adA
1316 5269 1548 5322 eiusdem
1567 5267 1762 5344 calcem
1790 5269 2062 5344 leguntur,
2086 5261 2146 5321 in
2175 5283 2322 5344 corr.
2351 5268 2591 5344 insignita
2613 5283 2632 5331 ;
2671 5261 2795 5344 qui.
2838 5267 3101 5333 signiﬁcat
3121 5261 3306 5331 unum,
3326 5268 3484 5321 codd.

219 5334 404 5407 plures
425 5333 628 5386 codices
645 5334 848 5407 afferre
871 5333 1095 5407 idgquod
1149 5339 1437 5404 ascriptum
1477 5347 1576 5391 est.
1631 5333 1952 5407 Montacutii
1987 5347 2138 5407 notas
2169 5339 2401 5407 integras
2433 5333 2480 5391 αἱ
2505 5339 2680 5407 littera
2702 5335 2773 5391 Μ.
2805 5354 2836 5390 a
2871 5339 2999 5392 meis
3051 5337 3328 5407 distinctas
3349 5337 3490 5407 eius-

220 5404 444 5471 demque
483 5403 886 5476 translationem
926 5405 1260 5476 immutatam
1293 5403 1622 5476 repetemlam
1643 5408 1844 5461 curavi.
1876 5405 2074 5460 Littera
2105 5405 2170 5460 Β.
2213 5403 2477 5476 signiﬁcat
2532 5406 2914 5474 Rettbergium,
2962 5409 3053 5475 qui
3108 5406 3350 5460 Marcelli
3375 5406 3491 5473 fra-

221 5483 434 5552 gmenta
467 5471 688 5552 collecta
715 5485 763 5526 et
783 5475 1038 5552 dispositp
1073 5471 1540 5552 Goettingdzi'iill
1585 5477 1748 5552 edidit
1769 5484 1869 5552 ;_ut
1907 5492 2203 5539 numerum,
2245 5471 2396 5552 quem
2429 5478 2649 5552 singulis
2683 5471 2999 5552 fragmeutis
3024 5478 3171 5552 dedit
3217 5476 3282 5552 li,
3311 5471 3489 5552 in'ltac

223 5543 460 5595 editione
480 5543 566 5623 iis
587 5555 937 5623 apponeretur
988 5543 1296 5623 faciundum
1328 5548 1455 5599 mihi
1476 5549 1673 5623 putavi.
1697 5545 1835 5609 Quin
1859 5562 2096 5598 errorum
2127 5565 2157 5600 a
2184 5543 2265 5601 me
2287 5546 2424 5615 forte
2452 5543 2849 5602 commissorum
2887 5549 3088 5601 veniam
3139 5547 3296 5615 facile
3326 5565 3357 5599 a
3383 5545 3490 5600 lec-

225 5623 363 5692 tore,
398 5614 491 5678 qui
549 5614 693 5664 intra
739 5631 935 5692 paucos
976 5616 1279 5692 dicatotum
1315 5619 1634 5692 recensionis
1664 5614 2585 5692 et_annotationum_§crib3;zdarum
2628 5619 2892 5692 negotium
2916 5634 3060 5692 ante
3103 5614 3487 5687 canﬁciendum

223 5681 395 5752 fuisse
425 5697 606 5737 secum
644 5688 981 5752 reputarerit,
1028 5688 1400 5758 impetratur-us
1427 5690 1548 5753 sim,
1568 5703 1672 5742 non
1701 5686 1903 5741 dubito.
1935 5684 2118 5744 Paris.
2151 5685 2278 5742 Kal.
2308 5687 2578 5744 Decembr.
2611 5681 2898 5744 MDCCCL
2916 5685 3044 5744 νη.
