3836 6216
177 261 286 314 715

1309 257 1589 311 CONTRA
1621 255 2050 312 MARCELLUM
2089 254 2218 313 LIB.
2259 257 2303 312 l.

3334 259 3442 319 7M

176 379 369 448 μένοις
389 395 402 408 ’
432 377 751 433 καὶτούτων
780 377 1029 441 ἐκείνοις,
1075 369 1150 431 ὧν
1175 375 1408 448 μάλιστα
1445 375 1512 428 δι’
1557 377 1742 448 ἀρετὴι

1863 378 1963 434 bus
1994 377 2156 432 fetam
2201 375 2504 441 venenatis,
2543 389 2745 445 susque
2779 375 2953 446 deque
3009 375 3221 445 habuit,
3267 393 3332 436 ac
3385 384 3437 436 in

177 468 518 532 θεοσεϐείας,
545 468 718 538 λόγων
749 485 808 521 τε
839 467 1000 522 θείων
1023 467 1335 538 ἀσκήσεως,
1364 469 1398 537 ἡ
1442 467 1597 538 φήμη
1637 466 1757 520 καθ’

171 559 330 630 ὅλης,
356 560 432 622 ὡς
463 561 658 622 εἰπεῖν,
687 559 869 631 ᾄδεται
917 558 1017 630 τῆς
1062 559 1401 631 οἰκουμένης.
1433 557 1650 612 Τούτων
1702 557 1762 611 δὲ

172 650 364 702 αὐτῶν
406 650 504 720 οὐχ
555 649 701 716 ἅπαξ
742 649 986 721 ἐμνήσθη
1036 649 1242 713 κακῶς,
1280 647 1538 710 πολλάκις
1575 647 1632 701 δὲ
1665 647 1761 701 καὶ

172 739 472 811 διαφόρως,
502 741 601 803 τὰς
628 743 747 794 κατ’
789 741 965 796 αὐτῶν
992 740 1240 804 διαὸολάς
1278 757 1338 792 τε
1365 739 1458 793 καὶ
1493 757 1760 808 συκοφαν-

173 829 304 893 τίας
319 829 552 898 ἀφειδῶς
581 831 964 901 πεποιημένος.
997 832 1134 903 Ἤδη
1167 830 1224 884 δὲ
1252 830 1348 885 καὶ
1378 832 1536 902 ἀραῖς
1565 831 1764 902 κέχρη-

172 939 270 974 ται
311 923 430 974 κατ’
455 923 655 987 αὐτῶν,
685 918 772 976 οἷα
797 924 1069 992 γυναικῶν
1085 926 1142 979 ἐν
1162 924 1331 995 μάχῃ,
1357 923 1762 996 λοιδορούμενος

173 1015 276 1066 καὶ
335 1013 690 1084 ἐπαρώμενος
731 1015 842 1088 (15)
894 1018 1007 1080 τοῖς
1054 1015 1220 1088 μηδὲν
1257 1017 1418 1071 αὐτὸν
1456 1016 1758 1088 ἠδικηκόσι.

172 1104 291 1169 Διὸ,
310 1105 406 1156 καὶ
422 1105 563 1174 πέρα
577 1104 672 1156 τοῦ
687 1104 914 1170 δέοντος,
933 1107 1011 1168 εἰς
1029 1105 1239 1177 μακρὸν
1250 1105 1398 1177 αύτῷ
1414 1107 1507 1159 καὶ
1527 1104 1762 1176 ἄμετρον

173 1197 356 1267 μῆκος
373 1195 672 1267 ἐξέπεσενὴ
691 1197 1017 1269 γραφὴ.(16)
1035 1197 1119 1261 Ὡς
1139 1199 1300 1267 μόνον
1316 1197 1464 1251 ἐπῶν
1476 1196 1640 1266 ἐγγύς
1658 1213 1760 1250 που

174 1289 394 1359 μυρίων
415 1288 505 1341 τὸν
520 1289 779 1357 ἀνάλογον
792 1288 1210 1359 ἀπαρτισθῆναι.
1231 1288 1469 1351 Εἰκότως
1490 1283 1604 1352 οῦν,
1621 1287 1762 1341 κατά

167 1378 286 1432 τῶν
321 1380 492 1448 ἁγίων
527 1379 622 1433 τοῦ
649 1380 784 1434 Θεοῦ
818 1380 1144 1453 λειτουργῶν
1180 1383 1488 1454 κακήγορον
1515 1381 1762 1450 γλῶτταν

166 1471 396 1536 ὀξύνας,
426 1473 522 1526 καὶ
554 1473 617 1526 τὸ
661 1472 977 1538 ἁνευλαϐὲς,
1002 1476 1095 1528 καὶ
1133 1474 1335 1544 ἄφοϐον
1370 1475 1762 1547 προγυμνάσας

167 1567 236 1617 ἐν
263 1564 498 1628 τούτοις,
539 1564 765 1636 προῖὼν,
801 1564 859 1632 ἐξ
906 1560 975 1636 ἦς
1033 1564 1362 1637 προύκοψεν,
1413 1567 1497 1619 ἐπ’
1538 1567 1762 1631 αὐτὸτὸ

165 1656 604 1726 κορυφαιότατον
633 1655 728 1710 τοῦ
758 1656 978 1720 παντὸς,
1006 1655 1098 1709 τὸν
1123 1656 1382 1727 μονογενῆ
1416 1657 1510 1710 καὶ¹
1543 1657 1762 1728 ἀγαπη-

1864 469 1960 524 Dei
1994 467 2334 531 sacerdotes.
2377 467 2580 521 frustra
2621 467 2838 536 quidem
2882 479 2936 524 et
2966 469 3264 538 incassum,
3299 469 3436 527 iram

1861 569 2041 616 tamen
2083 558 2271 614 effudit
2313 557 2679 613 ebullientem.
2723 556 2906 628 Neque
2954 559 3114 620 illos.
3171 562 3237 615 de
3282 559 3440 630 plebe

1863 654 2048 708 nescio
2081 667 2239 722 quos,
2291 651 2385 706 sed
2439 652 2581 720 ipsos
2628 650 2750 704 illos
2780 651 2871 720 qui
2909 667 3002 720 per
3054 653 3144 706 Dei
3181 653 3432 721 gratiam,

1863 747 2042 800 divina
2082 747 2258 813 plane,
2292 745 2395 798 hoc
2442 753 2544 808 est,
2617 743 2829 797 vivendi
2890 743 3258 814 philosophica
3303 761 3438 813 qua-

1863 838 1988 892 dam
2029 837 2264 898 ratione.
2311 835 2545 891 nominis
2578 835 2952 890 celebritatem
3003 835 3104 888 sibi
3150 851 3437 905 c0mpara-

1861 938 2073 983 verant.
2113 927 2226 982 Nec
2262 927 2417 982 vivos
2457 927 2833 980 tantummodo
2877 937 2932 980 et
2978 929 3222 982 videntes
3265 929 3437 997 impe-

1864 1020 2002 1086 tivit,
2036 1019 2131 1075 sed
2161 1019 2271 1089 jam
2309 1019 2506 1073 dudum
2553 1029 2608 1072 et
2657 1018 2710 1072 in
2751 1017 2970 1073 Christo
3028 1018 3437 1074 obdormiscen-

1862 1119 1943 1166 tes
1975 1125 2210 1180 :eosque
2239 1125 2346 1177 prae
2381 1109 2614 1172 caeteris,
2655 1123 2792 1179 quos
2839 1110 2980 1164 inter
3012 1117 3236 1165 cmteras
3268 1111 3434 1166 virtu-

1864 1209 1943 1254 tes
1979 1201 2152 1269 pietas
2189 1200 2244 1254 in
2284 1200 2450 1254 Deum
2479 1198 2923 1262 commendabat,
2951 1209 3006 1253 et
3036 1214 3312 1254 sacrarum
3343 1200 3434 1254 lit-

1861 1300 2098 1348 terarum
2152 1292 2452 1347 exercitata
2505 1293 2758 1357 scientia,
2801 1308 2897 1361 per
2929 1303 3197 1347 terrarum
3243 1295 3434 1348 orbem

1861 1385 2196 1440 clarissimos
2239 1395 2563 1454 propagarat
2597 1401 2610 1438 :
2639 1386 2734 1440 sed
2776 1400 2877 1440 nec
2917 1400 3021 1438 una
3076 1394 3282 1439 tantum
3311 1387 3433 1441 vice

1861 1477 2154 1530 conviciari
2189 1485 2498 1540 contentus,
2533 1490 2676 1545 δεῖρε
2699 1479 2987 1545 repositas,
3019 1476 3277 1546 varieque
3299 1491 3436 1532 con-

1861 1564 2040 1632 ﬁctas,
2072 1566 2348 1634 improbus
2380 1565 2713 1637 sycophanta
2735 1605 2752 1632 ,
2781 1565 3085 1619 calumnias
3128 1566 3247 1620 sine
3275 1569 3435 1622 modo

1861 1659 2156 1728 congessit,
2188 1669 2244 1712 et
2306 1672 2558 1713 mensura
2594 1672 2608 1709 ε
2648 1659 2742 1712 sed
2771 1665 2826 1710 et
2864 1657 3328 1712 exsecrationibus
3352 1658 3434 1711 in-

165 1747 268 1800 τὸν
302 1747 430 1800 Υίὸν
465 1747 561 1800 τοῦ
604 1747 760 1812 Θεοῦ,
794 1747 1070 1811 τοιαύταις
1111 1746 1290 1810 ἀθέοις
1341 1747 1450 1818 (17)
1474 1747 1742 1801 ὑποϐαλὼι

1861 1763 2023 1817 super
2059 1764 2176 1815 eos,
2203 1759 2264 1804 ut
2293 1749 2622 1804 mulierculae
2668 1749 2719 1803 in
2754 1748 2886 1803 rixis
2926 1757 2981 1803 et
3005 1746 3205 1817 jurgiis
3233 1748 3432 1816 solent,

169 1833 572 1906 βλασφημίαις,
608 1838 727 1900 οἵας
780 1837 975 1908 μικρὸν
1004 1835 1250 1908 ὕστερον,
1279 1837 1443 1891 αὑτοῦ
1481 1837 1754 1907 λέγοντος,

165 1927 292 1979 ἀλλ’
315 1929 416 1980 οὐκ
444 1928 602 1998 ἐμοῦ,
635 1928 841 1998 βέλτιον
883 1927 1121 1982 ἀκούειν.
1155 1929 1231 2000 Τῇ
1258 1929 1316 1982 δέ
1353 1947 1416 1998 γε
1457 1929 1756 2002 παραθέσει

162 2020 284 2072 τῶν
317 2020 482 2073 αὐτοῦ
515 2021 776 2092 ῥημάτων
802 2022 1165 2094 χρησάμενος,
1209 2021 1322 2092 (18)
1372 2024 1536 2094 μέχρι
1567 2023 1754 2077 τούτου

167 2111 446 2182 στήσομαι
480 2110 618 2175 τέως
649 2112 787 2182 πρὸς
825 2113 1138 2168 ἐναντίωσιν
1177 2113 1271 2166 καὶ
1320 2113 1629 2187 ἀνατροπὴν
1655 2114 1754 2166 αὐ-

165 2201 284 2255 τῶν
313 2219 327 2232 ·
363 2202 424 2255 ού
463 2205 710 2274 μακροὺς
735 2205 955 2274 ἐπάγων
984 2206 1192 2277 λόγους,
1224 2208 1303 2280 τῷ
1334 2209 1470 2279 μήτε
1511 2207 1637 2271 τοὺς
1664 2206 1757 2260 ἄν-

165 2293 309 2364 δρας
347 2294 471 2358 τοὺς
498 2295 588 2348 ὑπ’
615 2295 777 2348 αὐτοῦ
825 2295 1318 2370 βλασφημηθέντας
1352 2298 1462 2370 (19)
1506 2298 1756 2367 ἀγνῶτάς

163 2399 327 2447 τινας
354 2380 495 2439 εἶναι
529 2387 624 2440 καὶ
644 2388 890 2456 ἀφανεῖς,
926 2389 1286 2461 γνωρίζεσθαι
1327 2391 1386 2444 δὲ
1417 2391 1568 2461 παρὰ
1596 2392 1750 2454 πᾶσι,

164 2475 269 2526 καὶ
301 2476 640 2540 σιωπῶντας,
663 2478 800 2548 μήτε
824 2479 922 2550 τὴν
949 2480 1029 2542 είς
1057 2480 1148 2533 τὸν
1185 2480 1420 2552 Χριστὸν
1469 2479 1563 2534 τοῦ
1619 2481 1754 2535 Θεοῦ

165 2564 527 2637 βλασφημίαν
579 2567 688 2637 (:20)
729 2569 1072 2639 ἀμφήριστόν
1120 2589 1240 2624 τινα
1267 2572 1361 2625 καὶ
1386 2571 1754 2644 ἀγνοουμένην

166 2659 466 2729 ὑπάρχειν,
503 2657 578 2721 ὡς
623 2659 822 2731 πολλῆς
860 2679 1008 2727 τινος
1056 2663 1150 2717 καὶ
1204 2663 1571 2733 λογικωτέρας
1616 2665 1754 2736 πρὸς

163 2751 395 2822 ἔλεγχον
423 2752 677 2824 δεηθῆναι
696 2755 953 2826 σπουδῆς·
988 2755 1127 2808 οὕτω
1149 2755 1258 2826 (2|)
1281 2756 1338 2809 δὲ
1364 2758 1496 2809 πᾶσι
1514 2758 1626 2821 τοῖς
1655 2758 1756 2828 τῆς

167 2842 639 2914 ἐκκλησιαστικῆς
683 2844 904 2918 χάριτος
953 2847 1315 2919 μετειληχόσι,
1355 2852 1568 2921 μικροῖς
1615 2850 1750 2920 ὁμοῦ

165 2937 268 2990 καὶ
297 2935 576 3005 μεγάλοις,
613 2938 727 3001 καὶ,
773 2939 904 2992 αὐτὸ
951 2940 1131 3010 μόνον,
1186 2941 1456 3012 λεχθεῖσα,
1488 2942 1754 3014 πρόδηλος

165 3028 515 3099 καθέστηκεν
538 3031 571 3101 ἡ
596 3030 690 3082 τοῦ
724 3030 874 3096 ξένου
900 3031 1090 3085 τούτου
1124 3032 1370 3102 θεολόγον
1397 3034 1746 3104 καινοφωνία.

166 3119 265 3172 Διὸ
299 3119 555 3191 βραχέσιν
578 3120 688 3191 (22)
715 3122 880 3186 αὐτὸς
905 3123 1063 3194 μόνον
1098 3124 1582 3196 παρασημειώσεσι
1615 3127 1750 3198 χρή-

166 3226 358 3280 σομαι,
387 3209 562 3281 εἱρμῷ
585 3211 678 3264 καὶ
702 3212 851 3278 τάξει
881 3215 1269 3284 σωματοποιῶν
1296 3216 1385 3270 τὸν
1411 3216 1588 3285 λόγον,
1615 3217 1749 3270 ὑπο-

167 3301 578 3371 σημαινὸμενός
605 3319 664 3354 τε
689 3303 822 3356 αὐτὸ
851 3304 1008 3374 μόνον
1032 3304 1094 3358 τὸ
1118 3305 1427 3377 παράλογον
1454 3307 1562 3360 τῶν
1580 3309 1750 3377 ἐμφε-

169 3387 437 3463 ρομένων.
470 3394 606 3464 Πρὶν
646 3395 691 3447 δ’
739 3395 830 3448 ἐπὶ
877 3395 978 3460 τὰς
1027 3396 1192 3451 αύτοῦ
1244 3398 1491 3469 χωρῆσαι
1538 3399 1743 3469 φωνὰς,

162 3482 483 3551 ἀναγκαίως
501 3488 614 3550 τοῖς
634 3487 1020 3557 ἐντυγχάνουσι
1037 3487 1116 3558 τῷ
1140 3489 1232 3542 τοῦ
1255 3490 1444 3560 ἀνδρὸς
1464 3492 1745 3563 συγγράμ-

167 3592 304 3647 ματι
332 3576 791 3649 συμσουλεύσαιμ’
815 3578 902 3642 ἂν,
939 3579 1008 3650 (εί
1041 3580 1099 3632 δὲ
1126 3580 1239 3652 (25)
1299 3581 1532 3650 μάλιστα
1570 3583 1744 3636 Γαλα-

162 3665 280 3718 τῶν
301 3660 412 3719 εἶέν
437 3670 624 3734 τινες,)
650 3669 724 3739 μὴ
741 3670 1074 3741 ἀμνημονεῖν
1095 3670 1193 3741 τῆς
1219 3671 1369 3734 θείας
1395 3673 1576 3743 φωνῆς
1602 3671 1749 3727 Παύ-

163 3755 263 3810 λου
299 3773 392 3821 τος
430 3759 750 3820 ἀποστόλου,
784 3761 842 3825 ὃς
880 3762 1062 3826 αὐτοῖς
1091 3762 1358 3826 Γαλάταις
1386 3763 1612 3834 γράφων
1645 3781 1749 3817 πα-

165 3840 322 3913 ρῄνει
385 3844 472 3913 μὴ
538 3848 954 3916 μετατίθεσθαι
1025 3849 1143 3903 ἀπὸ
1205 3849 1312 3905 τοῦ
1377 3851 1749 3922 καλέσαντος

157 3934 393 4001 αὐτοὺς
420 3937 491 3991 ἑν
517 3937 710 4008 χάριτι
737 3940 996 4007 Χριστοῦ
1023 3945 1109 4008 εὶς
1127 3942 1334 4012 ἕτερον
1355 3943 1744 4014 Εὑαγγέλιον,

157 4232 265 4304 cpia.
289 4228 722 4304 Christianorum
754 4252 767 4288 :
798 4243 852 4290 et
883 4235 1025 4304 inter
1057 4251 1172 4302 eos,
1207 4236 1524 4292 utlsidorus
1570 4237 1725 4292 Pelu—

156 4303 309 4378 siota
345 4303 602 4378 loquitur,
634 4305 683 4356 oi
735 4303 1054 4378 μονᾴζοντες
1106 4309 1408 4378 κορυφαῖοι.
1463 4309 1727 4378 Describit

157 4322 305 4360 810ιὲ
345 4322 602 4370 ιοιιυιιυτ,
634 4322 683 4356 οι
717 4322 1054 4427 (Γοναςοντες
1106 4322 1408 4378 κορυφαιοι.
1463 4322 1727 4362 υεεεηιιιι

157 4373 438 4428 hominem
471 4373 714 4427 istiusmo
756 4376 770 4428 i
819 4375 1081 4430 Nazianz.
1132 4387 1268 4430 orat.
1300 4393 1358 4430 ιιι
1387 4378 1583 4432 Contra
1631 4377 1727 4431 Ju-

156 4441 390 4516 lianunt,
426 4456 548 4513 pag.
573 4443 668 4516 77,
714 4453 769 4516 et
820 4455 963 4516 orat.
1015 4445 1108 4511 28,
1138 4462 1262 4516 pag.
1292 4447 1420 4509 479,
1472 4450 1537 4500 ad
1577 4447 1730 4516 cujus

155 4513 428 4566 amussim
477 4514 774 4585 examinati
827 4515 1006 4582 hujus'
1041 4513 1265 4570 Eusebii
1316 4513 1726 4585 Pancratiastae,

155 4595 314 4636 mera
331 4580 703 4636 mendicabula
733 4580 1096 4640 invenientur.
1126 4585 1199 4639 M.

234 4651 351 4726 ί
380 4647 588 4726 _Scripsi
611 4654 770 4723 ἐπαρ.
805 4657 920 4726 l_oco
940 4658 1088 4726 vulg.
1115 4657 1494 4726 ἐπαιρόμενος.

229 4721 347 4798 μθ)
373 4721 482 4798 ’Ὡς
507 4722 698 4790 μόνον
719 4721 1064 4798 ἐπῶνηΕηιῐ
1106 4726 1159 4798 in
1200 4721 1440 4798 m'ar'gine
1477 4725 1614 4780 ὅλον.
1663 4726 1728 4780 Et

158 4791 386 4844 tolerari
433 4803 632 4867 potest,
662 4797 768 4867 sed
810 4795 985 4862 potior
1012 4791 1534 4867 scripturafpévov,
1573 4808 1627 4850 ut
1655 4799 1727 4850 sit

155 4873 353 4915 sensus
385 4871 492 4935 :__ut
515 4863 731 4935 unicum
757 4865 898 4917 istud
931 4880 1091 4932 opus,
1123 4863 1264 4934 quod
1292 4863 1462 4920 solum
1486 4868 1724 4935 scripsit,

157 4939 239 5005 tot
261 4932 512 5005 versibus
538 4933 871 5005 constiterit;
910 4951 1034 4987 nam
1061 4932 1157 5004 pro
1184 4936 1468 5005 ἀνάλογον,
1502 4932 1724 4990 omnino

155 4998 466 5081 legendum,
500 5001 603 5056 loci
635 5004 951 5069 mutatione,
977 4998 1258 5074 ἵναλόγον.
1290 4998 1434 5060 Μί-
1458 4998 1573 5062 Duo
1597 5009 1722 5061 vitia

154 5084 392 5124 εοιτειι.
881 5123 886 5128 _

227 5138 1242 5226 (ιηῇῪποξαλῴν-ημεεο.ὑποϐάλλει.
1272 5144 1380 5226 Hoc.
1410 5158 1491 5226 est
1519 5147 1722 5226 προῖὼν

153 5207 678 5287 ὐποῦάλλειΣ-ισόηε
702 5207 864 5266 etiam
899 5214 999 5282 legi
1024 5217 1219 5282 poterit
1243 5207 1575 5287 προῦκυψενξ
1618 5217 1722 5271 Le-

154 5281 386 5355 gendum
429 5281 579 5350 ἑξῆς,
601 5297 722 5355 Διιιιιι
759 5298 918 5355 voce,
946 5281 1000 5339 et
1025 5281 1137 5339 una
1186 5281 1403 5355 pariic.,
1437 5281 1720 5342 ὑποϐαλών

153 5351 418 5424 dependet
437 5366 473 5424 _a
506 5351 652 5406 verb.
671 5351 1013 5424 προύκοψεν.

204 5419 337 5500 ,(18)
360 5421 547 5489 Μέχρι
579 5419 753 5475 τούτο
790 5419 1110 5500 στῄσομᾳι.
1142 5424 1389 5500 Quinque
1440 5426 1607 5500 libris?
1637 5429 1720 5482 in-

151 5493 402 5542 stitutntn
434 5508 588 5544 suum
619 5504 799 5546 contra
829 5493 1140 5548 Marcellum
1168 5493 1430 5550 Eusebius
1461 5499 1714 5552 absolvit.

154 5563 204 5636 l_n
233 5561 446 5636 duobus
487 5562 634 5636 hisce
659 5564 948 5636 prioribus,
971 5568 1037 5636 τῇ
1071 5565 1368 5636 παραθέσει
1393 5566 1502 5620 τῶν
1547 5567 1715 5621 αὐτοῦ

152 5629 414 5703 ῥημάτων
440 5629 720 5702 κέχρηται,
757 5632 860 5687 hoc
888 5645 969 5689 est
999 5629 1298 5703 quod'vult.
1330 5636 1385 5689 lu
1416 5639 1587 5692 tribus
1630 5654 1718 5693 se-

153 5700 440 5766 quentibus
471 5738 489 5765 ,
536 5700 626 5770 qui
706 5700 1078 5758 inscribuntur
1134 5705 1209 5759 De
1250 5707 1508 5777 theologia
1553 5709 1716 5764 eccle-

466 5793 738 5858 ΡΑτιιοι..
785 5794 900 5859 Gn.
947 5795 1182 5859 XXIV.

1858 1840 2181 1905 insectatur,
2217 1841 2465 1895 homines
2490 1841 2636 1894 nulla
2681 1855 2918 1910 unquam
2959 1840 3153 1908 injuria
3202 1840 3304 1910 ipsi
3334 1855 3431 1897 co-

1859 1932 2062 2002 gnitos.
2094 1932 2270 2002 Atque
2314 1931 2441 1986 hinc
2477 1931 2722 2001 profecto
2760 1936 2963 1986 factum
2997 1940 3100 2000 est,
3131 1943 3192 1986 ut
3230 1931 3283 1986 in
3327 1932 3433 1986 im-

1857 2038 2102 2078 mensum
2143 2023 2278 2078 adeo
2312 2023 2456 2078 illius
2479 2024 2783 2079 excreverit
2824 2025 3023 2091 oratio,
3074 2041 3197 2080 cum
3223 2026 3290 2080 ad
3335 2026 3431 2080 de-

1858 2113 1970 2167 cies
2011 2112 2158 2167 mille
2204 2127 2398 2167 versus
2443 2128 2577 2182 opus
2635 2112 2761 2167 illud
2813 2115 3034 2170 unicum
3088 2117 3427 2170 intumuerit.

1857 2200 1998 2268 Quid
2035 2201 2300 2254 miramur
2344 2212 2546 2269 autem,
2577 2205 2621 2257 si
2657 2219 2778 2257 cum
2831 2203 3070 2274 linguam
3107 2204 3244 2258 adeo
3275 2219 3429 2258 suam

1857 2292 1911 2348 in
1959 2301 2180 2347 sanctos
2231 2293 2323 2347 Dei
2377 2294 2687 2349 sacerdotes
2738 2293 3038 2358 exacuerit,
3094 2294 3430 2363 impiamque

1857 2383 2139 2438 audaciam
2178 2398 2355 2448 suam,
2397 2384 2463 2439 ad
2498 2384 2643 2440 hunc
2687 2385 2926 2451 modum,
2984 2384 3137 2454 quasi
3177 2400 3431 2456 progym-

1856 2483 2128 2539 nasmate,
2158 2474 2489 2541 exercuerit,
2535 2476 2670 2528 adeo
2704 2489 2924 2543 gressus
2955 2475 3287 2544 promOverit
3323 2474 3430 2529 imo

1855 2563 2096 2633 pietatis,
2129 2574 2188 2619 ut
2240 2566 2458 2618 tandem
2519 2565 2663 2635 quod
2708 2577 2870 2633 caput
2923 2575 3008 2621 est
3054 2577 3220 2634 atque
3268 2580 3429 2635 apex,

1855 2657 2191 2725 unigenitum
2248 2666 2304 2711 et
2363 2657 2616 2712 dilectum
2673 2658 2767 2713 Dei
2827 2657 3064 2724 Filium,
3138 2658 3428 2713 illiusmodi

1855 2747 2215 2819 blasphemiis
2258 2749 2371 2804 suis
2422 2748 2738 2817 subiecerit,
2769 2765 2904 2820 quas
2933 2765 3056 2803 mox
3101 2749 3272 2820 ipsius
3300 2765 3427 2803 ver-

1856 2840 1962 2906 bis,
2018 2856 2123 2894 non
2175 2849 2356 2894 autem
2404 2841 2537 2894 meis
2565 2880 2581 2903 ,
2626 2840 2826 2895 relatas
2881 2841 3108 2895 audietis
3140 2855 3154 2892 :
3182 2840 3234 2894 id
3281 2840 3428 2895 enim

1857 2934 2028 2986 satius
2066 2947 2189 2987 esse
2215 2931 2418 3003 judico.
2448 2932 2576 2998 Qua:
2606 2941 2894 3000 postquam
2926 2931 3044 3002 ipsa
3092 2931 3171 2986 sic
3217 2932 3285 2985 ab
3337 2930 3429 2986 illo

1855 3025 2068 3094 prolata
2119 3026 2208 3079 ubi
2247 3028 2451 3096 scripto
2498 3025 2913 3094 consignavero,
2948 3023 3178 3078 ulterius
3225 3023 3278 3077 in
3326 3023 3427 3078 hoc

1853 3117 1993 3170 libro
2044 3131 2150 3170 non
2208 3117 2545 3185 progrediar,
2591 3116 2658 3170 ad
2708 3116 2794 3170 illa
2840 3115 3132 3170 refellenda
3187 3115 3427 3170 refutan-

1854 3208 1990 3262 dave
2020 3225 2032 3260 :
2069 3207 2160 3262 sed
2194 3221 2295 3262 nec
2320 3222 2454 3276 opus
2476 3219 2559 3261 est
2585 3208 2886 3263 orationem
2930 3209 3267 3262 contexendo
3297 3221 3426 3276 pro-

1853 3300 2072 3367 ducere,
2129 3316 2252 3355 cum
2311 3300 2420 3353 sint
2472 3299 2573 3362 illi,
2627 3314 2763 3368 quos
2806 3298 3066 3355 conviciis
3129 3297 3424 3362 laceravit,

1858 3391 2168 3458 neutiquam
2217 3389 2383 3460 ignoti
2426 3389 2510 3442 vel
2547 3389 2836 3458 ignobiles,
2896 3389 2986 3443 sed
3037 3397 3310 3457 utcunque
3345 3387 3424 3442 si-

1853 3480 2021 3544 lentio
2050 3494 2108 3533 se
2143 3478 2482 3543 contineant,
2519 3480 2761 3532 omnium
2789 3470 2884 3532 ore
2916 3487 2970 3532 et
3004 3491 3255 3532 sermone
3277 3478 3422 3533 cele-

1851 3571 1991 3625 brati
2029 3588 2041 3623 :
2076 3586 2308 3641 cumque
2335 3571 2449 3636 illa,
2482 3584 2643 3639 quam
2685 3571 2737 3622 in
2771 3569 3047 3624 Christum
3085 3569 3177 3624 Dei
3206 3577 3420 3625 eructa-

1845 3663 1944 3726 vit,
1979 3662 2315 3733 blasphemia
2356 3665 2489 3716 adeo
2534 3663 2603 3716 sit
2642 3662 2924 3716 manifesta
2977 3669 3031 3716 et
3065 3661 3118 3715 in
3169 3659 3420 3718 confesso

1844 3761 2046 3829 posita,
2085 3767 2145 3812 ut
2193 3761 2259 3811 ad
2314 3758 2462 3812 illam
2516 3759 2901 3814 revincendam
2941 3757 3216 3812 exactiore
3240 3757 3419 3825 aliqua

1847 3850 2130 3921 diligentia
2177 3865 2287 3905 non
2333 3851 2406 3903 sit
2447 3866 2604 3920 opus.
2644 3851 2852 3919 Quippe
2893 3849 2986 3917 qui
3024 3847 3258 3901 divinam
3295 3859 3418 3916 gra-

1850 3943 1975 3998 tiam
2015 3944 2070 3998 in
2117 3944 2356 3999 Ecclesia
2398 3943 2736 4009 delibarunt,
2770 3941 2946 4011 parvi,
2990 3939 3219 4004 minimi,
3258 3951 3416 4008 imago
3517 3963 3522 3968 ~

1835 4238 2069 4360 ῧξωιὶιίο,
2104 4238 2170 4292 ad
2207 4237 2520 4291 ἐναντίωσιν
2557 4238 2734 4290 αυτῶν
2762 4245 2818 4293 et
2849 4234 3162 4306 ἀνατροπὴν
3187 4234 3412 4291 descen-

1871 4318 1930 4360 ιι.

1832 4309 1930 4361 dit.

1905 4376 2016 4447 (19)
2047 4376 2220 4447 Vulgo
2245 4376 2522 4446 ἀγνώτους
2553 4378 2720 4442 τινός.
2751 4377 2881 4431 Dein
2938 4376 2990 4429 in
3036 4389 3180 4429 corr.
3215 4390 3232 4429 :
3265 4375 3409 4445 Lege

1833 4446 2244 4518 πανηγυρίζειν.
2278 4449 2438 4503 Forte
2465 4450 2580 4518 loco
2601 4447 2986 4517 γνωρίζεσθαι.

2041 4513 2465 4593 ᾗἎμερήριᾳτον.
2500 4513 2624 4573 Hoc
2641 4513 2734 4572 est
2750 4518 2887 4582 quod
2912 4516 3047 4569 vult.
3095 4513 3228 4593 Cum
3260 4529 3402 4593 non:

1833 4582 2005 4642 nulla!
2041 4582 2272 4642 haereses
2302 4590 2373 4642 ita
2419 4590 2529 4644 sint
2565 4596 2906 4655 comparatae,
2945 4595 3003 4639 ut
3027 4598 3131 4636 non
3172 4583 3271 4636 nisi
3297 4582 3404 4636 dif-

1829 4657 2042 4712 ﬁculter
2081 4660 2382 4730 aguosciet
2429 4659 2755 4730 deprehendi
2790 4656 3020 4730 possint,
3053 4663 3110 4707 et
3146 4658 3240 4730 χιιι
3283 4663 3402 4730 tan-

1830 4732 1950 4781 dem
1985 4743 2081 4797 pro
2113 4720 2407 4782 haeresibus
2436 4720 2733 4782 habeantur
2763 4720 2883 4779 :ait
2907 4725 3052 4797 illam
3081 4740 3109 4776 a
3146 4720 3400 4797 Marcello

1828 4791 2100 4867 excultum
2127 4806 2181 4851 ει
2205 4809 2551 4867 propagata")
2575 4797 2694 4864 ejus
2717 4811 2837 4867 esse
2863 4795 3096 4865 generis,
3123 4803 3180 4845 ut
3211 4791 3292 4846 vel
3330 4792 3397 4844 de

1827 4867 1997 4936 prima
2029 4866 2183 4928 facie,
2211 4866 2436 4922 auribus
2461 4866 2850 4932 audita,oculis
2867 4867 3080 4936 scripto
3116 4871 3395 4930 usurpata,

1825 4935 1925 5004 pro
1945 4938 2158 5000 haeresi,
2182 4938 2453 4991 communi
2479 4937 2755 4990 hominum
2782 4937 2833 4988 in
2859 4935 3099 4989 Ecclesia
3131 4946 3394 5004 consensu

1827 5003 2112 5060 habeatur.
2168 5005 2329 5062 Certe
2383 5007 2472 5060 illa
2523 5022 2683 5076 quam
2735 5005 2987 5059 Marcello
3027 5003 3395 5076 ascripserant

1825 5076 2032 5140 Ariani,
2062 5086 2179 5130 erat
2224 5077 2342 5145 ejus
2383 5073 2634 5146 generis;
2698 5086 2753 5130 at
2796 5088 2977 5146 utrum
3027 5073 3170 5126 illam
3234 5081 3391 5146 prout.

1825 5146 1998 5217 eidem
2033 5147 2106 5200 illi
2130 5143 2500 5217 objectabant,
2527 5148 2729 5202 l'overet
2763 5145 3081 5217 rblarcellus,
3108 5143 3394 5217 quamplu-

1823 5215 1980 5286 rimis
2015 5231 2121 5269 non
2155 5207 2334 5272 "finus
2378 5219 2430 5270 in
2465 5207 2728 5282 religione
2759 5216 2986 5286 lynceis.
3029 5207 3189 5286 quam
3222 5207 3391 5263 Euse-

1824 5285 1945 5358 bius
2001 5297 2115 5358 erat
2148 5326 2164 5353 ,
2216 5302 2320 5341 non
2356 5289 2548 5356 patuit,
2596 5288 2735 5358 Julio
2779 5282 3035 5353 'poulilici
3095 5282 3346 5358 Romani)
3375 5317 3391 5340 .

1820 5355 2122 5410 Athanasio
2188 5355 2580 5422 Alexandrino,
2627 5357 3054 5427 _illi_hteresum
3110 5355 3389 5427 ῥαιᾳῖήρι,

1821 5427 2232 5493 quamplurimis
2261 5428 2381 5481 aliis
2416 5444 2429 5479 :
2467 5419 2694 5482 concilio
2731 5423 3044 5480 Sardiceusi
3078 5419 3186 5477 non
3215 5419 3390 5489 lique-

1825 5495 1919 5549 bat
1947 5511 1960 5545 :
1995 5496 2048 5547 ui
2079 5495 2366 5553 Marcellus
2390 5498 2789 5554 absolvebatur.
2827 5493 2877 5548 M

1892 5564 2002 5634 (at)
2035 5564 2161 5620 Dele
2187 5566 2267 5622 δέ.

1889 5635 2002 5706 (22)
2029 5635 2225 5706 _Scribe
2245 5638 2396 5693 αὑτό.

1887 5703 2000 5775 (εδ)
2026 5703 2166 5774 Lege
2185 5706 2274 5780 δή.
