3836 6216
438 291 546 352 715

1081 253 1086 257 ’
1123 289 1390 348 ευεΕιιιι
1427 287 1890 348 (ΣΕΞΑΚΙΕΝΞΙΒ
1933 285 2084 344 opp.
2124 283 2304 342 PARS
2339 283 2432 342 tv.
2467 316 2540 327 —
2576 285 2995 344 DOGMATICA.

3593 286 3698 341 71b

435 414 518 479 ni,
560 413 855 468 novitatem
911 410 1258 478 insolentem,
1306 411 1468 482 hujus
1512 410 1700 480 nuperi
1755 407 2013 479 theologi,

2127 407 2231 460 οὐκ
2256 403 2390 460 ἐστι
2429 405 2541 475 reip
2569 406 2745 469 ἄλλο,
2786 405 2863 469 ὡς
2892 403 3055 468 αὐτός
3089 419 3287 474 φησιν·
3321 405 3377 458 εί
3411 403 3498 474 μή
3536 404 3700 472 τινές

434 500 524 558 vel
539 510 814 572 acceptam
842 500 1028 570 primis
1056 501 1294 565 auribus,
1313 513 1595 570 agnovere.
1626 497 1778 553 Hanc
1797 499 1865 553 ob
1886 513 2017 552 cau-

438 609 555 650 sam
574 592 914 648 adhibiturus
940 607 1060 648 sum
1089 591 1446 647 brevissimae
1476 591 1735 660 quasdam
1763 590 2019 659 designa-

440 685 615 742 tiones
645 700 814 750 meas,
850 684 1116 740 orationis
1155 683 1429 754 quoddam
1463 697 1686 752 corpus,
1735 682 1926 737 ordine
1965 687 2020 735 et

440 776 748 832 methodico
821 791 1110 847 progressu
1184 785 1601 832 concatenatum
1657 774 2016 837 constituens,

440 882 549 938 quo
581 881 700 936 qua:
745 870 812 921 ab
846 865 938 922 illo
978 864 1348 936 proferuntur,
1382 879 1542 934 quam
1593 863 1702 918 sint
1753 862 1822 918 ab
1869 862 2018 917 omni

439 960 651 1014 ratione
685 959 878 1024 aliena,
922 958 1163 1030 pateﬁat.
1215 957 1417 1013 Verum
1452 965 1740 1027 antequam
1795 957 1850 1011 in
1905 972 2019 1011 me-

439 1052 588 1106 dium
637 1050 754 1119 ejus
788 1053 952 1106 verba
996 1051 1296 1122 promlero,
1333 1049 1704 1104 admonendos
1743 1049 1866 1104 illos
1895 1063 2019 1104 esse

439 1159 629 1198 omnes
671 1143 945 1210 existimo,
1001 1143 1067 1196 ad
1123 1157 1352 1212 quorum
1400 1157 1596 1196 manus
1624 1141 1728 1196 hoc
1776 1155 2019 1211 praesens

439 1233 614 1302 ipsius
646 1233 908 1303 scriptum
956 1233 1284 1302 pervenerit,
1307 1247 1374 1287 eo
1403 1232 1576 1302 magis
1620 1232 1663 1287 si
1690 1231 1798 1285 sint
1825 1232 1892 1285 de
1916 1229 2021 1286 Ga-

438 1326 568 1380 latia
597 1325 838 1392 oriundi,
876 1330 936 1388 >14
971 1339 1038 1379 ne
1067 1324 1237 1380 velint
1267 1324 1461 1379 divina:
1488 1323 1632 1379 beati
1669 1321 1824 1377 Pauli
1863 1323 2019 1378 vocis

417 1409 680 1491 Lunquam
723 1416 992 1481 oblivisci,
1029 1430 1136 1486 qua
1183 1415 1402 1471 Galatas
1431 1415 1576 1480 ipsos
1601 1414 2016 1482 adhortabatur,

439 1523 512 1564 ne
539 1509 608 1564 ab
649 1522 714 1562 eo
749 1507 840 1578 qui
875 1508 927 1562 in
959 1504 1161 1561 Christi
1210 1506 1438 1576 gratiam
1488 1507 1704 1561 vocavit
1757 1507 1919 1577 ipsos,
1949 1506 2019 1560 ad

440 1600 591 1654 aliud
623 1598 970 1669 Evangelium
1011 1596 1432 1666 transferantur,
1481 1616 1600 1653 cum
1643 1614 1842 1667 revera,
1877 1599 2018 1668 quod

439 1690 597 1745 docet
624 1689 717 1754 ibi,
751 1705 855 1742 non
899 1691 966 1743 sit
1017 1690 1165 1744 aliud
1209 1689 1376 1743 ullum
1403 1689 1751 1759 evangelium,
1783 1687 1898 1752 sed,
1927 1688 2018 1758 qui

2122 499 2280 551 εἰσιν
2306 500 2360 551 οἱ
2399 495 2814 565 ταράσσοντες
2841 494 3085 560 αὐτοὺς,
3125 494 3228 548 καί
3276 494 3557 561 θέλοντες
3601 512 3695 564 με.

2120 588 2448 658 ταστρέψαι
2483 587 2550 643 τὸ
2581 587 2954 660 Εὐαγγέλιον
2981 586 3088 641 τοῦ
3125 587 3404 655 Χριστοῦ.
3443 586 3704 658 Κάκείνῳ

2119 680 2176 733 δέ
2214 678 2529 748 ἀναγκαίως
2565 677 2856 749 προσέχειν
2879 677 2974 731 τὸν
3001 677 3144 745 νοῦν,
3173 677 3242 731 δι’
3263 671 3325 732 οὗ
3355 677 3452 732 καί⁸
3505 678 3704 732 ἐαυτοῦ

2121 770 2531 841 καθαπτόμενος
2562 771 2591 822 ό
2621 769 2877 833 τοσοῦτος
2910 769 3249 834 Ἀπόστολος,
3283 772 3362 832 είς
3388 768 3704 840 δυσὼπησιν

2118 862 2227 915 τῶν
2260 860 2606 932 διαστρέφειν
2636 861 2762 925 τοὺς
2805 860 3008 934 ἄνδρας
3043 859 3421 932 πειρωμένων,
3451 860 3706 932 προσετί-

2120 954 2202 1008 θει
2241 953 2446 1023 λέγων’
2496 951 2681 1006 Ἀλλὰ
2713 950 2830 1006 κᾶν
2885 952 3076 1022 ἡμεῖς,
3105 951 3160 1024 ἢέ
3185 951 3442 1022 ἄγγελος
3480 950 3551 1016 ἐξ
3602 953 3707 1006 σὺ·

2111 1045 2306 1114 ρανοῦ
2349 1043 2494 1114 ὑμῖν
2542 1044 3030 1114 εὐαγγελίσηται,
3061 1045 3198 1112 παρ’
3241 1043 3273 1097 ὃ
3311 1043 3708 1113 conn-eliad-

2114 1140 2266 1208 μεθα
2287 1136 2450 1206 ὑμῖν,
2476 1135 2742 1207 ἀνάθεμα
2774 1136 2910 1208 (25‘)
2935 1137 3110 1192 ἔστω.
3143 1137 3208 1189 "0
3240 1135 3304 1207 δὴ
3344 1135 3710 1191 ἐπαναλαδὼν

2118 1229 2362 1300 δευτεροῖ
2383 1227 2641 1297 φάσκωνο
2689 1227 2783 1293 Ὠς
2829 1226 3289 1297 προειρήκαμεν,
3321 1227 3574 1296 καὶᾶρτι
3598 1228 3709 1281 ,πάρ

2117 1323 2217 1375 λιν
2247 1319 2422 1391 λέγω,
2444 1320 2500 1373 et
2521 1337 2611 1386 τις
2635 1318 2791 1389 ὑμᾶς
2809 1320 3291 1390 εὐαγγελίσηται,
3321 1321 3457 1388 παρ’
3489 1320 3523 1374 ὃ
3558 1335 3709 1390 παρ-

2117 1411 2377 1478 ελάϐετε,
2406 1410 2675 1481 ἀνάθεμα
2698 1411 2946 1465 ἕστω.Τί
2972 1411 3030 1465 δὲ
3065 1407 3134 1483 ἦν
3155 1411 3331 1474 τοῦτο,
3374 1411 3508 1483 παρ’
3535 1412 3567 1464 δ
3595 1413 3709 1482 (24)

2119 1505 2218 1558 οὐκ
2268 1500 2336 1576 ἦν
2383 1504 2698 1574 εὐαγγέλιον
2760 1503 2911 1576 [ἄλλο
2938 1503 3462 1576 εὐαγγελίσασθαι]λ;
3507 1503 3581 1558 Ἥ
3604 1521 3712 1560 που

2120 1593 2360 1661 πάντως
2391 1597 2524 1650 αὐτὸ
2567 1598 2762 1662 ἐκεῖνο,
2793 1596 2822 1649 ὃ
2849 1595 2962 1667 (25)
2997 1595 3061 1668 δὴ
3103 1598 3217 1660 τοῖς
3265 1597 3433 1651 αὐτοῦ
3477 1598 3713 1670 παραδι-

2119 1689 2244 1754 δοὺς
2310 1688 2580 1760 μαθηταῖς
2633 1691 2661 1742 ὁ
2725 1687 2916 1760 Σωτὴρ
2961 1687 3380 1760 ἀναγέγραπται
3434 1689 3713 1762 εἰρηκώς⁹

441 1781 750 1836 conturbent
779 1780 923 1846 illos,
950 1783 1224 1846 exsistant,
1251 1791 1298 1834 et
1332 1781 1425 1850 qui
1475 1779 1763 1849 transferre
1801 1779 2014 1848 cupiant

2127 1781 2514 1850 Πορευθέντες
2545 1781 2960 1851 μαθητεύσατε
3019 1779 3216 1835 πάντα
3257 1782 3330 1837 τὰ
3376 1781 3542 1851 ἔθνη,
3590 1784 3713 1848 ,ϐα-

441 1873 641 1926 Christi
677 1871 1022 1942 Evangelium
1050 1871 1089 1924 ί.
1117 1870 1248 1925 Illud
1277 1878 1455 1925 autem
1484 1870 1539 1924 in
1571 1869 1762 1940 primis
1790 1879 1848 1925 et
1880 1877 2010 1924 ante

440 1965 623 2019 omnia
670 1965 1056 2020 attendendum
1095 1964 1291 2028 fuerat,
1322 1965 1466 2032 quod
1513 1977 1614 2018 nec
1646 1963 1748 2020 sibi
1799 1964 2018 2033 quidem

440 2058 748 2128 pepercerit
807 2057 896 2113 ille
935 2066 1119 2112 tantus
1159 2056 1471 2126 Apostolus,
1505 2057 1598 2112 sed
1643 2057 1711 2112 ad
1744 2057 1863 2111 illos
1897 2069 2016 2126 per-

440 2151 736 2207 movendos
767 2159 823 2204 et
872 2149 1298 2214 couvincendos,
1332 2149 1425 2220 qui
1473 2147 1697 2204 Galatas
1725 2148 2022 2203 conturba-

439 2242 592 2306 bant,
645 2240 903 2313 adjecerit
931 2257 944 2292 :
972 2239 1199 2294 Etiamsi
1244 2241 1323 2294 vel
1355 2255 1448 2293 nos
1491 2237 1570 2292 vel
1600 2238 1664 2291 de
1723 2238 1852 2292 caelo
1880 2238 2022 2292 vobis

440 2332 663 2402 angelus
697 2330 849 2384 aliud
900 2330 1180 2384 annuntiet
1237 2329 1604 2400 Evangelium,
1658 2337 1850 2396 praeter
1886 2327 2022 2381 illud

439 2423 580 2492 quod
598 2423 714 2490 jam
741 2421 1168 2490 prwdicavimus,
1213 2421 1498 2474 anathema
1546 2420 1611 2474 sit
1633 2422 1678 2476 ³.
1711 2419 1824 2474 Nec
1855 2419 2023 2475 semel

441 2515 688 2584 p03uisse
729 2521 1043 2578 contentus,
1076 2513 1326 2582 reponit,
1363 2511 1516 2578 Quod
1535 2514 1654 2582 jam
1699 2513 1846 2580 prius
1889 2511 2020 2577 dixi,

437 2617 492 2662 et
525 2609 713 2662 iterum
742 2607 1015 2668 denuntio,
1050 2607 1094 2660 si
1128 2607 1244 2677 quis
1287 2605 1431 2660 vobis
1461 2603 1797 2674 evangeliset,
1833 2615 2026 2673 prater

441 2703 496 2756 id
523 2704 661 2770 quod
689 2700 986 2770 accepistis,
1016 2699 1302 2753 anathema
1328 2698 1394 2752 sit
1417 2697 1457 2750 ³.
1483 2695 1616 2751 Illud
1642 2705 1821 2752 autem
1847 2698 2024 2752 Evan-

440 2794 642 2865 gelium
693 2795 968 2863 quodnam
1003 2792 1106 2846 fuit
1159 2791 1303 2861 quod
1344 2797 1696 2860 acceperant,
1737 2797 1792 2843 et
1827 2798 2026 2858 praeter

440 2886 588 2956 quod
616 2900 724 2940 non
765 2894 882 2940 erat
909 2884 1053 2938 aliud
1089 2882 1572 2938 annuntiaudum?
1600 2880 1863 2950 Equidem
1895 2879 2026 2934 illud

440 2979 618 3047 ipsum
667 2977 811 3046 quod
848 2975 1132 3046 discipulis
1163 2975 1278 3030 suis
1311 2975 1570 3028 Dominus
1621 2971 1914 3028 tradidisse
1946 2971 2027 3027 di-

442 3071 608 3134 citur,
665 3069 754 3124 ubi
787 3068 862 3122 ait
891 3086 905 3122 :
946 3065 1183 3136 Profecti
1216 3067 1392 3120 docete
1418 3080 1594 3118 omnes
1641 3074 1837 3135 gentes,
1867 3063 2030 3134 bapti-

443 3169 624 3212 zantes
655 3174 745 3212 eos
807 3157 862 3210 in
895 3155 1104 3210 nomine
1153 3151 1356 3218 Patris,
1397 3164 1446 3208 et
1500 3151 1654 3218 Filii,
1701 3160 1752 3207 et
1795 3151 2028 3223 Spiritus

442 3250 610 3303 sancti
632 3247 673 3301 ⁵.
704 3245 872 3302 Nobis
904 3245 1094 3316 utique
1127 3246 1267 3301 hanc
1297 3245 1530 3315 gratiam
1570 3246 1622 3301 in
1653 3247 2028 3317 cognoscenda

441 3348 794 3398 sacrosancta
831 3338 1101 3394 Trinitate
1133 3339 1288 3394 solus
1340 3338 1430 3394 ille
1485 3339 1616 3394 solis
1670 3339 1930 3409 patefecit
1975 3340 2028 3393 in

443 3437 539 3490 illa
565 3443 749 3490 nostra
779 3435 1007 3506 mystica
1037 3434 1480 3506 regeneratione.
1513 3447 1636 3488 cum
1665 3447 1766 3488 nec
1790 3432 2026 3504 Moyses,

425 3539 546 3581 nec
597 3526 888 3596 quisquam
945 3523 1074 3580 olim
1139 3525 1552 3596 prophetarum,
1604 3524 1775 3594 priori
1827 3523 2028 3594 papulo

425 3617 606 3688 'ltujus
639 3617 915 3672 exstiterit
957 3617 1296 3672 administer.
1329 3617 1411 3670 Ad
1463 3615 1554 3670 Dei
1583 3615 1784 3686 quippe
1826 3614 2022 3668 Filium

442 3720 610 3780 atque
657 3709 805 3764 illum
845 3710 1021 3764 solum
1076 3709 1408 3779 pertinebat,
1465 3709 1604 3762 hanc
1654 3723 1685 3762 a
1727 3705 1890 3761 Patre
1927 3720 2024 3761 suo

443 3801 674 3873 gratiam
705 3800 1012 3856 hominibus
1055 3800 1322 3856 universis
1367 3800 1748 3854 annuntiatam
1784 3813 2026 3852 commu-

442 3895 628 3949 nicare
655 3908 672 3948 :
707 3908 832 3949 cum
860 3892 943 3947 lea:
964 3909 1055 3963 per
1088 3891 1328 3964 Moysem
1351 3893 1477 3947 data
1511 3893 1694 3961 fuerit,
1715 3892 1892 3964 gratia
1927 3907 2024 3944 au-

447 3997 550 4039 tem
586 3994 637 4040 et
684 3985 873 4039 veritas
925 4000 1018 4053 per
1065 3982 1249 4038 Jesum
1303 3983 1568 4039 Christum
1589 3985 1632 4049 ',
1665 3998 1900 4054 eumque
1935 3997 2024 4037 so-

423 4075 589 4140 lum,
642 4083 828 4144 utpote
877 4072 1078 4130 Filium
1130 4075 1493 4146 unigenitum.
1545 4074 1856 4143 Quocirca,
1919 4088 2026 4130 nec

520 4274 597 4340 Et
609 4267 710 4340 Ed.
744 4267 946 4340 Parim,
977 4283 1102 4340 pag.
1129 4268 1188 4340 f5.

520 4322 826 4405 Foslius,
862 4322 946 4394 ιζ’
977 4322 1000 4340 ⁷
1023 4322 1207 4394 ὐὶὺίιι.
1234 4338 1289 4396 8.
1400 4339 1420 4370 ³
1453 4338 1585 4395 ibid.
1619 4339 1675 4396 9.

537 4607 992 4681 ἓῖξῨλΜρσέσταιο
1078 4680 1085 4681 ,
1310 4679 1321 4681 _
1604 4680 1610 4681 ,
1694 4671 1696 4673 .

537 4678 764 4750 ‘24)‘Mp'.
809 4679 882 4733 ῐσ.
918 4681 999 4732 ὅτι
1037 4680 1159 4744 οὐκ,
1214 4679 1376 4734 verba
1415 4679 1544 4734 ἄλλο
1565 4679 2022 4749 εὐαγγελίσασθαι

445 4750 710 4821 glossema
742 4751 976 4821 sapiunt.
1071 4773 1074 4776 ’

669 4818 835 4891 vulgo
861 4819 938 4873 δέ.

519 4887 632 4961 (26)
649 4887 848 4956 Μόνος
873 4891 1070 4961 αὺτὸν-ο
1088 4891 1189 4944 ’διὰ
1236 4889 1344 4959 τῆς
1371 4890 1694 4960 μυστικῆς.
1718 4887 1847 4961 _Hoc
1869 4892 1982 4946 vult
2007 4907 2019 4940 :

445 4957 572 5014 ante
614 4957 1039 5026 ’συγκατάὸασιν
1087 4971 1143 5014 ct
1187 4957 1335 5015 illam
1373 4957 1436 5015 in
1489 4957 1663 5016 carne,
1712 4957 2019 5016 Servaloris

443 5031 618 5085 nostri
639 5029 972 5101 οἰκονομίαν,
991 5030 1094 5096 Qui
1112 5031 1304 5086 invenit
1321 5045 1538 5101 omnem.
1553 5031 1690 5101 viam
1704 5030 2018 5101 disciplinae,

428 5113 490 5154 et
519 5100 736 5153 tradidit
760 5099 912 5153 illum
953 5101 1116 5155 Jacob
1160 5116 1320 5170 puero
1371 5117 1487 5162 suo,
1517 5099 1566 5154 et
1617 5099 1788 5153 Israel
1829 5100 2019 5155 dilecto

442 5187 562 5234 suo,
596 5170 924 5242 doctrinanr
957 5171 1124 5242 illam,
1176 5171 1229 5222 in
1285 5169 1524 5242 Ecclesia
1582 5170 1888 5242 §_ta6éryro_v,
1950 5171 2016 5226 de

401 5242 796 5294 Vsacrosancta
835 5239 1126 5304 Trinitate,
1183 5255 1445 5309 nusquam
1495 5240 1548 5294 in
1581 5239 1771 5294 Veteri
1818 5239 2008 5296 Testa-

405 5333 409 5341 ·
439 5321 648 5374 sueuto,
671 5326 767 5378 per
794 5309 1029 5380 Moysem
1045 5320 1138 5364 aut
1160 5309 1789 5379 prophetasJutlaorum
1822 5311 2017 5380 populo

408 5393 411 5395 ·
439 5379 760 5448 revelatam.
793 5379 960 5448 Cujus
992 5382 1252 5434 rationem
1283 5381 1421 5436 libro
1446 5396 1509 5434 ιιι
1541 5381 1614 5435 De
1641 5379 2013 5436 ecclesitheol.

415 5451 520 5507 tait
548 5447 718 5505 fuisse
748 5447 927 5520 populi
952 5449 1115 5512 illius,
1147 5465 1307 5520 quem
1354 5451 1707 5506 erudiendum
1761 5464 2014 5520 suscepe-

443 5527 550 5591 rat,
579 5521 836 5591 traditum
859 5522 988 5584 sibi,
1014 5536 1043 5575 a
1074 5520 1183 5576 Deo
1211 5522 1265 5574 in
1293 5522 1636 5591 disciplinam
1666 5520 1898 5591 Moyses,
1943 5520 2010 5591 ad

445 5586 805 5662 idololatrian!
857 5591 1175 5662 ἐπιρρεπές,
1224 5601 1276 5646 et
1312 5586 1514 5662 βίονξιιι
1572 5586 1807 5662 appellat
1861 5591 1915 5644 in
1959 5588 2010 5643 α’

444 5655 682 5722 ἀποδειξ.
715 5655 1092 5729 αἱγυπτιάκόν.
1133 5655 1322 5726 Certe,
1346 5663 1398 5715 in
1434 5655 1622 5718 Veteri
1645 5655 2010 5716 'Testamento

447 5740 713 5798 nusquam
743 5732 1010 5801 reperitur
1057 5732 1310 5804 explicita
1365 5739 1419 5788 et
1462 5731 1714 5788 distincta
1766 5731 2006 5787 mvsterii

2119 1872 2422 1939 πτίζοντες
2468 1871 2690 1940 αὐτοὺς
2725 1874 2813 1939 εις
2854 1871 2924 1926 τὸ
2953 1871 3141 1942 ὄνομα
3167 1872 3276 1927 τοῦ
3303 1874 3582 1942 Ἡατρὸς,
3618 1874 3713 1929 καὶ

2119 1963 2226 2016 τοῦ
2263 1963 2418 2027 Υὶοῦ,
2451 1962 2551 2017 καί
2580 1961 2687 2016 τοῦ
2722 1963 2896 2032 ἁγίου
2929 1964 3295 2032 Πνεύματος.
3335 1963 3556 2036 Ταύτην
3609 1965 3714 2036 γὰρ

2121 2055 2252 2126 ἡμῖν
2282 2054 2382 2126 τὴν
2415 2055 2574 2126 χάριν
2589 2053 2690 2125 τῆς
2721 2052 2976 2123 γνώσεως
3017 2055 3116 2125 τῆς
3149 2056 3310 2124 ἁγίας
3337 2056 3573 2127 Τριάδος
3604 2057 3712 2126 (26)

2125 2148 2284 2218 μόνος
2306 2148 2466 2211 αὐτὸς
2494 2147 2581 2202 διὰ
2613 2148 2714 2218 τῆς
2763 2148 3029 2219 μυστικῆς
3065 2149 3364 2221 δεδώρηται
3411 2151 3715 2221 ἀναγεννή-ι

2125 2257 2281 2306 σεως,
2313 2239 2437 2294 οὔτε
2462 2241 2740 2305 Μωῦσέως
2781 2241 2905 2295 οὕτε
2949 2241 3245 2313 προφητῶν
3282 2259 3426 2306 τινος
3451 2242 3530 2314 τῷ
3583 2260 3714 2314 προ-

2122 2332 2266 2404 τέρῳ
2292 2332 2407 2404 λαῷ
2429 2333 2633 2405 ταύτην
2660 2333 3328 2407 διακονησαμένου.Μόνῳ
3354 2335 3465 2408 γὰρ
3501 2335 3713 2408 ἔπρεπε

2121 2424 2201 2495 τῷ
2216 2423 2333 2494 Υίῷ
2361 2424 2456 2478 τοῦ
2502 2424 2638 2478 Θεοῦ
2684 2424 2784 2496 τὴν
2827 2424 3098 2497 πατρικὴν
3155 2426 3357 2480 ἅπασιν
3403 2427 3714 2499 ἀνθρώποις

2125 2514 2578 2583 εὐαγγελίσασθαι
2600 2515 2761 2586 χάριν
2778 2533 2792 2546 ο
2825 2517 3122 2588 ἐπειδήπερ
3143 2519 3175 2570 ὁ
3204 2519 3389 2586 νόμος
3417 2517 3516 2572 διὰ
3538 2522 3714 2573 Mati)-

2125 2606 2280 2673 σέως
2313 2607 2513 2675 ἐδόθη,
2547 2605 2646 2660 διὰ
2690 2606 2760 2660 δὲ
2784 2607 2976 2676 μόνου
3007 2606 3202 2676 Ἰησοῦ
3252 2608 3361 2662 τοῦ
3422 2607 3715 2677 Χριστοῦ,

2125 2700 2202 2764 ὡς
2229 2700 2318 2753 διὰ
2349 2699 2668 2772 μονογενοῦς
2718 2700 2872 2764 Υίοῦ,
2916 2702 2955 2769 ὴ
3007 2699 3180 2769 χάρις
3220 2699 3322 2753 καὶ
3367 2702 3406 2769 ή
3459 2701 3715 2768 ἀλήθεια

2125 2792 2383 2863 ἐγένετο.
2412 2791 2604 2846 Ἔνθεν
2627 2792 2851 2856 εἰκότως
2882 2794 2911 2845 ὁ
2962 2792 3060 2863 μὲν
3087 2792 3465 2863 παιδαγωγὈῦ
3487 2795 3714 2860 τρόπον

2126 2880 2538 2953 νηπιάζοντιτῷ
2570 2881 2821 2954 προτέρῳ
2845 2882 2960 2953 λαῷ
2998 2886 3236 2954 στοιχεῖα
3257 2883 3358 2953 τῆς
3390 2883 3586 2956 ,ἀρχῆς
3613 2885 3714 2937 τῶν

2125 2973 2220 3027 τοῦ
2253 2973 2390 3028 Θεοῦ
2419 2974 2704 3045 παρεδίδου
2735 2973 2951 3044 λογίων,
3001 2974 3262 3027 πολυθέου
3292 2974 3390 3046 μὲν
3432 2976 3715 3048 ἀπείργων

2132 3065 2362 3138 πλάνης,
2384 3066 2518 3120 Θεὸν
2565 3066 2622 3119 δὲ
2669 3065 2959 3138 κηρύττων
3003 3066 3099 3119 ἐνα
3145 3067 3304 3137 μόνον
3329 3066 3525 3120 εἰδέναι
3547 3085 3564 3097 ·
3599 3071 3632 3140 ἡ
3663 3068 3714 3122 δὲ

2133 3159 2398 3230 σωτήριος
2452 3158 2612 3230 χάρις
2658 3158 3027 3232 ὑπερκὸσμιόν
3068 3175 3187 3211 τινα
3260 3159 3356 3212 καὶ
3415 3159 3714 3230 ἀγγελικὴν

2130 3251 2261 3322 ἡμῖν
2295 3251 2608 3323 παρέχουσα
2646 3250 2867 3320 γνῶσιν,
2912 3251 2974 3304 τὸ
3000 3249 3165 3304 πάλαι
3222 3251 3298 3321 τῷ
3322 3253 3582 3324 προτέρῳ
3608 3253 3714 3323 λαῷ

2132 3341 2492 3414 σεσιγημένον
2529 3343 2828 3414 μυστήριον
2858 3342 3159 3412 ἀναφανδὸν
3201 3340 3595 3409 ἐξεκάλυπτεν,
3627 3345 3704 3398 αὑ

2127 3436 2219 3489 τὸν
2235 3436 2327 3489 τὸν
2352 3436 2610 3490 ἐπέκεινα
2643 3436 2752 3490 τῶν
2801 3435 2938 3490 ὅλων
2966 3435 3119 3501 Θεὸν,
3150 3436 3242 3490 τὸν
3285 3439 3398 3500 τοῖς
3431 3437 3604 3492 πάλαι
3625 3440 3714 3492 ἁν-

2127 3527 2365 3600 θρώποις
2413 3528 2777 3600 ἐγνωσμένον,
2819 3529 2951 3582 Θεὸν
2992 3527 3108 3599 ἅμα
3167 3528 3261 3582 καὶ
3306 3529 3528 3600 Πατέρα
3579 3525 3714 3583 εἶναι

2127 3617 2222 3671 τοῦ
2267 3617 2397 3672 Υίοῦ
2457 3618 2550 3672 τοῦ
2603 3618 2925 3690 μονογενοῦς
2967 3619 3332 3690 κηρύττουσα,
3378 3620 3478 3690 τήν
3514 3636 3584 3672 τε
3627 3619 3714 3672 τοῦ

2131 3709 2286 3778 ἁγίου
2321 3707 2638 3780 Πνεύματος
2667 3709 2756 3762 διὰ
2786 3708 2880 3763 τοῦ
2914 3708 3042 3762 Υίοῦ
3091 3712 3205 3770 τοῖς
3250 3708 3422 3774 ἀξίοις
3456 3711 3713 3782 ἐπιχορηο

2129 3799 2300 3868 γοῦσα
2323 3798 2569 3870 δύναμιν.
2601 3798 2734 3869 (26‘)
2757 3797 2916 3870 Αὐτῷ
2949 3816 3066 3863 πως
3095 3798 3194 3870 τὴν
3221 3798 3382 3867 ἁγίαν
3411 3799 3505 3852 καὶ
3536 3816 3712 3870 μακα-

2134 3892 2254 3966 ρίαν
2285 3893 2380 3945 καὶ
2415 3893 2680 3964 μυστικὴν
2695 3891 2903 3964 Τριάδα
2929 3891 3144 3964 Πατρὸς
3165 3891 3259 3944 καὶ
3277 3889 3406 3943 Υίοῦ
3439 3889 3537 3943 καὶ
3561 3889 3714 3960 ἁγίου

2130 3984 2448 4056 Πνεῦματος
2477 3985 2557 4048 είς
2597 3985 2864 4056 σωτήριον
2899 3981 3088 4036 ἐλπίδα
3113 3981 3205 4036 διὰ
3235 3981 3332 4054 τῆς
3379 3982 3439 4034 ἐν
3493 3979 3714 4053 Χριστῷ

2131 4075 2542 4148 ἀναγεννήσεως
2593 4077 2628 4147 ἡ
2661 4074 2755 4129 τοῦ
2799 4073 2936 4128 Θεοῦ
2983 4072 3279 4145 Ἐκκλησία
3319 4072 3713 4146 παραλαϐοῦσα

1778 4341 1800 4371 ⁵
1831 4339 2223 4404 Matth.xxvut,
2257 4339 2347 4393 l9.
2422 4339 2443 4369 ⁵
2474 4336 2631 4394 Joan.
2674 4353 2713 4402 ι,
2741 4339 2829 4394 17.

2059 4612 2105 4668 D
2135 4607 2292 4681 istius
2316 4610 2551 4681 mentio;
2599 4606 2694 4662 sed
2723 4607 3153 4679 αἰνιγματώδης,
3175 4616 3230 4681 et
3261 4609 3709 4681 ἐγκεκρυμμένη.

2133 4678 2264 4732 Erat
2284 4677 2646 4748 enimhadliuc
2679 4677 2888 4748 tempus
2925 4677 3451 4748 καταπετάσματος,
3476 4677 3709 4734 nondum

2131 4749 2327 4802 remoti
2361 4745 2487 4814 veli,
2513 4757 2566 4802 et
2585 4747 3005 4816 ἀποκαλύψεως.
3031 4750 3213 4803 (litant
3240 4745 3292 4802 in
3317 4750 3512 4817 primis
3539 4750 3708 4804 ortho

2133 4818 2260 4888 doxi
2293 4818 2498 4882 Patres,
2536 4817 2677 4888 illud
2724 4819 2774 4872 in
2828 4819 3095 4888 principio
3141 4817 3371 4888 Genesis
3421 4817 3708 4888 Faciamus

2133 4887 2417 4960 hominem,
2459 4897 2588 4960 e_tc.,
2650 4887 2717 4960 de
2764 4887 2869 4956 qua
2930 4887 3393 4960 pﬁcatuBasilius
3428 4887 3709 4960 Seleucia.

2133 4956 2370 5028 Γινέσθω
2394 4957 2588 5028 τοίνυν
2616 4956 2995 5028 ίσύγχρονοςή
3023 4957 3225 5026 γνῶσις
3237 4959 3306 5028 τῇ
3340 4957 3540 5011 πλάσει
3561 4976 3576 4988 ·
3625 4958 3709 5012 καὶ

2130 5028 2204 5099 μὴ
2234 5025 2523 5100 ξενιζέσθω
2555 5022 2929 5100 διδασκομένη
2969 5022 3217 5100 Serapa»),
3241 5022 3317 5081 ὢν
3359 5030 3416 5080 ἐν
3455 5031 3524 5099 τῇ
3561 5031 3701 5098 sunt}

2129 5096 2210 5170 σει
2239 5097 2337 5170 τὴν
2373 5099 2597 5170 μνῄμην
2619 5096 2855 5170 ἐδέξατο.
2887 5096 3022 5152 Vide
3040 5096 3432 5170 Tertullianunt
3464 5096 3707 5170 adnisus

2129 5165 2417 5222 Praxéam.
2449 5165 2782 5236 Epiphanius
2821 5183 2931 5222 rem
2959 5183 3054 5237 per
3077 5169 3278 5237 gradus
3305 5169 3550 5222 deducit.
3591 5165 3707 5223 Una

2126 5237 2335 5300 Deitas,
2377 5239 2648 5306 inquiens,
2683 5254 2716 5290 a
2751 5237 2933 5306 Moyse
2977 5241 3237 5307 praecipue
3278 5239 3608 5291 annuntiata
3636 5252 3707 5290 est

2125 5324 2474 5377 personarum
2497 5308 2756 5372 dualitas,
2785 5311 3107 5361 vehementer
3132 5327 3165 5362 a
3205 5307 3473 5376 prophetis
3515 5309 3702 5374 pradi-

2119 5388 2260 5447 cata,
2291 5377 2531 5430 Trinitas
2551 5393 2669 5447 vero
2695 5392 3063 5444 personarum,
3122 5377 3408 5447 manifesta
3445 5377 3594 5446 facta
3637 5386 3703 5430 est

2116 5448 2172 5500 in
2203 5445 2520 5515 Evangeliis.
2556 5444 2681 5501 Hinc
2711 5447 2801 5500 ille
2833 5448 2883 5501 in
2934 5451 3226 5511 Ancorato,
3272 5444 3424 5502 ’unde
3446 5444 3702 5500 doctissi-

2117 5532 2237 5570 mus
2292 5515 2567 5587 Nysseuus
2624 5530 2805 5578 vocat,
2842 5521 3211 5587 cognitionem
3248 5517 3394 5570 κατὰ
3438 5517 3702 5587 πρόϐασίν

2114 5587 2166 5640 in
2195 5588 2376 5658 libello
2407 5586 2481 5658 De
2523 5588 2616 5639 im.
2658 5599 2707 5658 et
2750 5586 3042 5658 simil.Dei
3091 5604 3110 5640 :
3173 5587 3331 5641 Κατὰ
3352 5586 3702 5658 πρόϐασιν,

2110 5657 2354 5728 ἡμετέρα
2378 5656 2536 5728 φύσις
2567 5661 2628 5708 τὸ
2646 5656 2746 5726 τῆς
2764 5657 3004 5728 spisso;
3041 5658 3255 5726 ἐπέγνω
3293 5655 3617 5728 μυστήριον.
3641 5655 3702 5708 ιι.

2184 5727 2322 5797 (26⁶)
2366 5727 2534 5783 Αὑτῶ
2565 5742 2708 5784 meo.
2759 5727 2922 5784 Forte
2968 5727 3546 5798 legendutn,aiisdosv
3571 5742 3701 5790 πως,
