  <div class='ocr_page' id='page_1' title='image "/cluster/home/n/w/nwhite01/storage/ocr_20150623/24/nnc1.0046978259/396.png"; bbox 0 0 3836 6216; ppageno 0'>
   <div class='ocr_carea' id='block_1_1' title="bbox 176 289 291 340">
    <p class='ocr_par' dir='ltr' id='par_1_1' title="bbox 176 289 291 340">
     <span class='ocr_line' id='line_1_1' title="bbox 176 289 291 340; baseline -0.009 0"><span class='ocrx_word' id='word_1_1' title='bbox 176 289 291 340; x_wconf 67' lang='grc'><strong>’117</strong></span> 
     </span>
    </p>
   </div>
   <div class='ocr_carea' id='block_1_2' title="bbox 1326 247 2354 347">
    <p class='ocr_par' dir='ltr' id='par_1_2' title="bbox 1326 247 2354 347">
     <span class='ocr_line' id='line_1_2' title="bbox 1326 247 2354 347; baseline -0.003 -2"><span class='ocrx_word' id='word_1_2' title='bbox 1326 289 1607 345; x_wconf 65' lang='lat' dir='ltr'><strong>comma</strong></span> <span class='ocrx_word' id='word_1_3' title='bbox 1644 287 2075 347; x_wconf 80' lang='lat' dir='ltr'><strong>MARCELLUM</strong></span> <span class='ocrx_word' id='word_1_4' title='bbox 2116 287 2245 342; x_wconf 87' lang='lat' dir='ltr'><strong>LIB.</strong></span> <span class='ocrx_word' id='word_1_5' title='bbox 2289 247 2354 343; x_wconf 52' lang='grc' dir='ltr'><strong>ιβ</strong></span> 
     </span>
    </p>
   </div>
   <div class='ocr_carea' id='block_1_3' title="bbox 3363 282 3465 340">
    <p class='ocr_par' dir='ltr' id='par_1_3' title="bbox 3363 282 3465 340">
     <span class='ocr_line' id='line_1_3' title="bbox 3363 282 3465 340; baseline -0.039 0"><span class='ocrx_word' id='word_1_6' title='bbox 3363 282 3465 340; x_wconf 75' lang='grc'><strong>718</strong></span> 
     </span>
    </p>
   </div>
   <div class='ocr_carea' id='block_1_4' title="bbox 177 401 1772 480">
    <p class='ocr_par' dir='ltr' id='par_1_4' title="bbox 177 401 1772 480">
     <span class='ocr_line' id='line_1_4' title="bbox 177 401 1772 480; baseline 0.005 -24"><span class='ocrx_word' id='word_1_7' title='bbox 177 402 471 473; x_wconf 72' lang='grc' dir='ltr'><strong>φυλάττει.</strong></span> <span class='ocrx_word' id='word_1_8' title='bbox 496 405 608 458; x_wconf 77' lang='grc' dir='ltr'><strong>Καὶ</strong></span> <span class='ocrx_word' id='word_1_9' title='bbox 656 405 799 459; x_wconf 81' lang='grc' dir='ltr'><strong>τοῦτ’</strong></span> <span class='ocrx_word' id='word_1_10' title='bbox 838 401 908 478; x_wconf 79' lang='grc' dir='ltr'><strong>ἦν</strong></span> <span class='ocrx_word' id='word_1_11' title='bbox 943 405 1006 459; x_wconf 86' lang='grc' dir='ltr'><strong>τὸ</strong></span> <span class='ocrx_word' id='word_1_12' title='bbox 1037 406 1392 476; x_wconf 82' lang='grc' dir='ltr'><strong>Εὑαγγέλιον,</strong></span> <span class='ocrx_word' id='word_1_13' title='bbox 1417 408 1577 480; x_wconf 83' lang='grc'>(26“)</span> <span class='ocrx_word' id='word_1_14' title='bbox 1607 410 1670 462; x_wconf 83' lang='grc' dir='ltr'><strong>οὺ</strong></span> <span class='ocrx_word' id='word_1_15' title='bbox 1704 409 1772 479; x_wconf 80' lang='grc' dir='ltr'><strong>μὴ</strong></span> 
     </span>
    </p>
   </div>
   <div class='ocr_carea' id='block_1_5' title="bbox 1888 401 3470 480">
    <p class='ocr_par' dir='ltr' id='par_1_5' title="bbox 1888 401 3470 474">
     <span class='ocr_line' id='line_1_5' title="bbox 1888 401 3470 474; baseline -0.001 -14"><span class='ocrx_word' id='word_1_16' title='bbox 1888 406 2106 474; x_wconf 78' lang='lat' dir='ltr'><strong>injuria,</strong></span> <span class='ocrx_word' id='word_1_17' title='bbox 2145 407 2231 462; x_wconf 79' lang='lat' dir='ltr'><strong>lex</strong></span> <span class='ocrx_word' id='word_1_18' title='bbox 2273 404 2488 460; x_wconf 80' lang='lat' dir='ltr'><strong>inﬁrmo</strong></span> <span class='ocrx_word' id='word_1_19' title='bbox 2545 403 2619 458; x_wconf 85' lang='lat' dir='ltr'><strong>illi</strong></span> <span class='ocrx_word' id='word_1_20' title='bbox 2674 402 2870 474; x_wconf 85' lang='lat' dir='ltr'><strong>populo</strong></span> <span class='ocrx_word' id='word_1_21' title='bbox 2915 412 2972 459; x_wconf 89' lang='lat' dir='ltr'><strong>et</strong></span> <span class='ocrx_word' id='word_1_22' title='bbox 3029 401 3248 470; x_wconf 76' lang='lat' dir='ltr'><strong>infanti,</strong></span> <span class='ocrx_word' id='word_1_23' title='bbox 3287 409 3470 473; x_wconf 72' lang='lat' dir='ltr'><strong>pwda-</strong></span> 
     </span>
    </p>
   </div>
   <div class='ocr_carea' id='block_1_6' title="bbox 179 491 1778 570">
    <p class='ocr_par' dir='ltr' id='par_1_6' title="bbox 179 491 1778 570">
     <span class='ocr_line' id='line_1_6' title="bbox 179 491 1778 570; baseline 0.004 -24"><span class='ocrx_word' id='word_1_24' title='bbox 179 492 415 565; x_wconf 84' lang='grc' dir='ltr'><strong>θεμιτὸν</strong></span> <span class='ocrx_word' id='word_1_25' title='bbox 458 491 599 549; x_wconf 75' lang='grc' dir='ltr'><strong>εἶναι</strong></span> <span class='ocrx_word' id='word_1_26' title='bbox 651 495 1036 567; x_wconf 78' lang='grc' dir='ltr'><strong>μετατίθεσθαι</strong></span> <span class='ocrx_word' id='word_1_27' title='bbox 1075 500 1158 562; x_wconf 78' lang='grc' dir='ltr'><strong>εἰς</strong></span> <span class='ocrx_word' id='word_1_28' title='bbox 1202 497 1388 570; x_wconf 74' lang='grc' dir='ltr'><strong>ἕτερον</strong></span> <span class='ocrx_word' id='word_1_29' title='bbox 1414 499 1744 568; x_wconf 81' lang='grc' dir='ltr'><strong>Εὑαγγέλιον</strong></span> <span class='ocrx_word' id='word_1_30' title='bbox 1765 515 1778 528; x_wconf 87' lang='grc'><strong>·</strong></span> 
     </span>
    </p>
   </div>
   <div class='ocr_carea' id='block_1_7' title="bbox 179 583 1784 662">
    <p class='ocr_par' dir='ltr' id='par_1_7' title="bbox 179 583 1784 662">
     <span class='ocr_line' id='line_1_7' title="bbox 179 583 1784 662; baseline 0.002 -24"><span class='ocrx_word' id='word_1_31' title='bbox 179 583 221 638; x_wconf 78' lang='grc' dir='ltr'>ὃ</span> <span class='ocrx_word' id='word_1_32' title='bbox 259 589 373 640; x_wconf 83' lang='grc' dir='ltr'><strong>οὐκ</strong></span> <span class='ocrx_word' id='word_1_33' title='bbox 416 587 591 642; x_wconf 76' lang='grc' dir='ltr'><strong>ἔστιν</strong></span> <span class='ocrx_word' id='word_1_34' title='bbox 618 587 795 654; x_wconf 70' lang='grc' dir='ltr'><strong>ἄλλο,</strong></span> <span class='ocrx_word' id='word_1_35' title='bbox 843 589 920 653; x_wconf 88' lang='grc' dir='ltr'><strong>ὡς</strong></span> <span class='ocrx_word' id='word_1_36' title='bbox 958 592 987 644; x_wconf 88' lang='lat'><strong>6</strong></span> <span class='ocrx_word' id='word_1_37' title='bbox 1023 589 1199 662; x_wconf 83' lang='grc' dir='ltr'><strong>μέγας</strong></span> <span class='ocrx_word' id='word_1_38' title='bbox 1251 591 1569 655; x_wconf 77' lang='grc' dir='ltr'><strong>Ἀτιόστολος</strong></span> <span class='ocrx_word' id='word_1_39' title='bbox 1615 591 1784 644; x_wconf 79' lang='grc' dir='ltr'><strong>εἰσέτι</strong></span> 
     </span>
    </p>
   </div>
   <div class='ocr_carea' id='block_1_8' title="bbox 180 676 1786 754">
    <p class='ocr_par' dir='ltr' id='par_1_8' title="bbox 180 676 1786 754">
     <span class='ocr_line' id='line_1_8' title="bbox 180 676 1786 754; baseline 0.004 -24"><span class='ocrx_word' id='word_1_40' title='bbox 180 676 353 750; x_wconf 85' lang='grc' dir='ltr'><strong>δεῦρο</strong></span> <span class='ocrx_word' id='word_1_41' title='bbox 395 679 662 743; x_wconf 76' lang='grc' dir='ltr'><strong>Γαλάταις</strong></span> <span class='ocrx_word' id='word_1_42' title='bbox 714 680 1076 754; x_wconf 87' lang='grc' dir='ltr'><strong>μαρτύρεται,</strong></span> <span class='ocrx_word' id='word_1_43' title='bbox 1120 681 1210 736; x_wconf 81' lang='grc' dir='ltr'><strong>διὰ</strong></span> <span class='ocrx_word' id='word_1_44' title='bbox 1257 682 1360 754; x_wconf 84' lang='grc' dir='ltr'><strong>τῆς</strong></span> <span class='ocrx_word' id='word_1_45' title='bbox 1400 681 1538 754; x_wconf 79' lang='grc' dir='ltr'><strong>πρὸς</strong></span> <span class='ocrx_word' id='word_1_46' title='bbox 1587 684 1786 747; x_wconf 85' lang='grc' dir='ltr'><strong>αὐτοὺς</strong></span> 
     </span>
    </p>
   </div>
   <div class='ocr_carea' id='block_1_9' title="bbox 181 767 1784 842">
    <p class='ocr_par' dir='ltr' id='par_1_9' title="bbox 181 767 1784 842">
     <span class='ocr_line' id='line_1_9' title="bbox 181 767 1784 842; baseline 0.003 -21"><span class='ocrx_word' id='word_1_47' title='bbox 181 769 484 841; x_wconf 74' lang='grc' dir='ltr'><strong>ἐπιπολῆς</strong></span> <span class='ocrx_word' id='word_1_48' title='bbox 518 769 657 840; x_wconf 85' lang='grc' dir='ltr'><strong>βοῶν</strong></span> <span class='ocrx_word' id='word_1_49' title='bbox 683 789 694 800; x_wconf 92' lang='grc'><strong>·</strong></span> <span class='ocrx_word' id='word_1_50' title='bbox 736 767 866 824; x_wconf 81' lang='grc' dir='ltr'><strong>Κᾶν</strong></span> <span class='ocrx_word' id='word_1_51' title='bbox 909 770 1083 840; x_wconf 79' lang='grc' dir='ltr'><strong>ἡμεῖς</strong></span> <span class='ocrx_word' id='word_1_52' title='bbox 1114 770 1153 839; x_wconf 79' lang='grc' dir='ltr'><strong>ἢ</strong></span> <span class='ocrx_word' id='word_1_53' title='bbox 1187 770 1442 842; x_wconf 69' lang='grc' dir='ltr'><strong>ἄγγελος</strong></span> <span class='ocrx_word' id='word_1_54' title='bbox 1480 771 1549 836; x_wconf 81' lang='grc' dir='ltr'><strong>ἐξ</strong></span> <span class='ocrx_word' id='word_1_55' title='bbox 1607 775 1784 840; x_wconf 76' lang='grc' dir='ltr'><strong>οὐρα-</strong></span> 
     </span>
    </p>
   </div>
   <div class='ocr_carea' id='block_1_10' title="bbox 182 860 1786 932">
    <p class='ocr_par' dir='ltr' id='par_1_10' title="bbox 182 860 1786 932">
     <span class='ocr_line' id='line_1_10' title="bbox 182 860 1786 932; baseline 0 -17"><span class='ocrx_word' id='word_1_56' title='bbox 182 860 306 915; x_wconf 74' lang='grc' dir='ltr'><strong>νοῦ</strong></span> <span class='ocrx_word' id='word_1_57' title='bbox 334 861 778 932; x_wconf 57' lang='grc' dir='ltr'><strong>εὺαηωίζηται</strong></span> <span class='ocrx_word' id='word_1_58' title='bbox 808 860 986 931; x_wconf 81' lang='grc' dir='ltr'><strong>ὑμᾶς,</strong></span> <span class='ocrx_word' id='word_1_59' title='bbox 1012 862 1148 930; x_wconf 79' lang='grc' dir='ltr'><strong>παρ’</strong></span> <span class='ocrx_word' id='word_1_60' title='bbox 1174 861 1206 915; x_wconf 86' lang='grc' dir='ltr'><strong>ὃ</strong></span> <span class='ocrx_word' id='word_1_61' title='bbox 1231 861 1616 930; x_wconf 74' lang='grc' dir='ltr'><strong>παρελάϐετε,</strong></span> <span class='ocrx_word' id='word_1_62' title='bbox 1639 860 1786 916; x_wconf 77' lang='grc' dir='ltr'><strong>ἀνά-</strong></span> 
     </span>
    </p>
   </div>
   <div class='ocr_carea' id='block_1_11' title="bbox 185 951 1783 1024">
    <p class='ocr_par' dir='ltr' id='par_1_11' title="bbox 185 951 1783 1024">
     <span class='ocr_line' id='line_1_11' title="bbox 185 951 1783 1024; baseline -0.002 -17"><span class='ocrx_word' id='word_1_63' title='bbox 185 954 346 1022; x_wconf 61' lang='lat' dir='ltr'><strong>Baga</strong></span> <span class='ocrx_word' id='word_1_64' title='bbox 375 952 566 1007; x_wconf 79' lang='grc' dir='ltr'><strong>ἔστω·</strong></span> <span class='ocrx_word' id='word_1_65' title='bbox 607 953 912 1024; x_wconf 77' lang='grc' dir='ltr'><strong>πόρρωθεν,</strong></span> <span class='ocrx_word' id='word_1_66' title='bbox 949 953 1025 1016; x_wconf 83' lang='grc' dir='ltr'><strong>ὡς</strong></span> <span class='ocrx_word' id='word_1_67' title='bbox 1071 951 1240 1017; x_wconf 81' lang='grc' dir='ltr'><strong>εἰκὸς,</strong></span> <span class='ocrx_word' id='word_1_68' title='bbox 1289 953 1412 1023; x_wconf 87' lang='grc' dir='ltr'><strong>μηδ’</strong></span> <span class='ocrx_word' id='word_1_69' title='bbox 1442 953 1783 1016; x_wconf 79' lang='grc' dir='ltr'><strong>ἐπισκόποις,</strong></span> 
     </span>
    </p>
   </div>
   <div class='ocr_carea' id='block_1_12' title="bbox 189 1045 1788 1118">
    <p class='ocr_par' dir='ltr' id='par_1_12' title="bbox 189 1045 1788 1118">
     <span class='ocr_line' id='line_1_12' title="bbox 189 1045 1788 1118; baseline 0.002 -21"><span class='ocrx_word' id='word_1_70' title='bbox 189 1045 337 1114; x_wconf 80' lang='grc' dir='ltr'><strong>μηδὲ</strong></span> <span class='ocrx_word' id='word_1_71' title='bbox 381 1046 629 1116; x_wconf 77' lang='grc' dir='ltr'><strong>ἄρχουσι,</strong></span> <span class='ocrx_word' id='word_1_72' title='bbox 669 1045 804 1116; x_wconf 81' lang='grc' dir='ltr'><strong>μηδὲ</strong></span> <span class='ocrx_word' id='word_1_73' title='bbox 854 1045 1198 1110; x_wconf 85' lang='grc' dir='ltr'><strong>διδασκάλοις</strong></span> <span class='ocrx_word' id='word_1_74' title='bbox 1258 1045 1565 1118; x_wconf 84' lang='grc' dir='ltr'><strong>προσέχειν,</strong></span> <span class='ocrx_word' id='word_1_75' title='bbox 1602 1047 1650 1098; x_wconf 78' lang='grc' dir='ltr'><strong>εἰ</strong></span> <span class='ocrx_word' id='word_1_76' title='bbox 1697 1047 1788 1100; x_wconf 85' lang='grc' dir='ltr'><strong>τὸν</strong></span> 
     </span>
    </p>
   </div>
   <div class='ocr_carea' id='block_1_13' title="bbox 189 1131 1784 1209">
    <p class='ocr_par' dir='ltr' id='par_1_13' title="bbox 189 1131 1784 1209">
     <span class='ocr_line' id='line_1_13' title="bbox 189 1131 1784 1209; baseline 0 -19"><span class='ocrx_word' id='word_1_77' title='bbox 189 1135 376 1207; x_wconf 83' lang='grc' dir='ltr'><strong>ἀληθῆ</strong></span> <span class='ocrx_word' id='word_1_78' title='bbox 418 1131 518 1206; x_wconf 69' lang='grc' dir='ltr'><strong>τῆξ</strong></span> <span class='ocrx_word' id='word_1_79' title='bbox 575 1136 811 1200; x_wconf 86' lang='grc' dir='ltr'><strong>πίστεως</strong></span> <span class='ocrx_word' id='word_1_80' title='bbox 863 1137 1177 1209; x_wconf 81' lang='grc' dir='ltr'><strong>διαστρέφοι</strong></span> <span class='ocrx_word' id='word_1_81' title='bbox 1230 1155 1315 1200; x_wconf 87' lang='grc' dir='ltr'><strong>τις</strong></span> <span class='ocrx_word' id='word_1_82' title='bbox 1375 1137 1556 1192; x_wconf 83' lang='grc' dir='ltr'><strong>αὐτῶν</strong></span> <span class='ocrx_word' id='word_1_83' title='bbox 1607 1137 1784 1205; x_wconf 92' lang='grc' dir='ltr'><strong>λόγον,</strong></span> 
     </span>
    </p>
   </div>
   <div class='ocr_carea' id='block_1_14' title="bbox 188 1223 1790 1299">
    <p class='ocr_par' dir='ltr' id='par_1_14' title="bbox 188 1223 1790 1299">
     <span class='ocr_line' id='line_1_14' title="bbox 188 1223 1790 1299; baseline 0.001 -19"><span class='ocrx_word' id='word_1_84' title='bbox 188 1227 316 1298; x_wconf 78' lang='grc'>(9.7)</span> <span class='ocrx_word' id='word_1_85' title='bbox 350 1227 749 1297; x_wconf 83' lang='grc' dir='ltr'><strong>διδασκόμενος.</strong></span> <span class='ocrx_word' id='word_1_86' title='bbox 786 1228 882 1292; x_wconf 90' lang='grc' dir='ltr'><strong>Τίς</strong></span> <span class='ocrx_word' id='word_1_87' title='bbox 911 1228 956 1282; x_wconf 87' lang='grc' dir='ltr'><strong>δ’</strong></span> <span class='ocrx_word' id='word_1_88' title='bbox 981 1224 1050 1299; x_wconf 81' lang='grc' dir='ltr'><strong>ἦν</strong></span> <span class='ocrx_word' id='word_1_89' title='bbox 1079 1223 1270 1294; x_wconf 47' lang='grc' dir='ltr'><strong>οὗτος</strong></span> <span class='ocrx_word' id='word_1_90' title='bbox 1303 1231 1332 1283; x_wconf 97' lang='lat'><strong>6</strong></span> <span class='ocrx_word' id='word_1_91' title='bbox 1355 1230 1446 1284; x_wconf 85' lang='grc' dir='ltr'><strong>τὸν</strong></span> <span class='ocrx_word' id='word_1_92' title='bbox 1468 1229 1601 1282; x_wconf 82' lang='grc' dir='ltr'><strong>Θεὸν</strong></span> <span class='ocrx_word' id='word_1_93' title='bbox 1622 1230 1790 1283; x_wconf 82' lang='grc' dir='ltr'><strong>Πατέ-</strong></span> 
     </span>
    </p>
   </div>
   <div class='ocr_carea' id='block_1_15' title="bbox 191 1319 1789 1391">
    <p class='ocr_par' dir='ltr' id='par_1_15' title="bbox 191 1319 1789 1391">
     <span class='ocr_line' id='line_1_15' title="bbox 191 1319 1789 1391; baseline 0.002 -19"><span class='ocrx_word' id='word_1_94' title='bbox 191 1335 268 1391; x_wconf 84' lang='grc' dir='ltr'><strong>ρα</strong></span> <span class='ocrx_word' id='word_1_95' title='bbox 290 1319 489 1372; x_wconf 74' lang='grc' dir='ltr'><strong>εἰδέναι</strong></span> <span class='ocrx_word' id='word_1_96' title='bbox 519 1320 806 1387; x_wconf 80' lang='grc' dir='ltr'><strong>διδάσκων,</strong></span> <span class='ocrx_word' id='word_1_97' title='bbox 840 1323 934 1374; x_wconf 76' lang='grc' dir='ltr'><strong>καὶ</strong></span> <span class='ocrx_word' id='word_1_98' title='bbox 966 1321 1096 1374; x_wconf 86' lang='grc' dir='ltr'><strong>Υίδν</strong></span> <span class='ocrx_word' id='word_1_99' title='bbox 1125 1322 1257 1376; x_wconf 83' lang='grc' dir='ltr'><strong>Θεὸν</strong></span> <span class='ocrx_word' id='word_1_100' title='bbox 1303 1320 1633 1390; x_wconf 83' lang='grc' dir='ltr'><strong>γιγνώσκειν</strong></span> <span class='ocrx_word' id='word_1_101' title='bbox 1684 1339 1789 1375; x_wconf 92' lang='grc' dir='ltr'><strong>πα-</strong></span> 
     </span>
    </p>
   </div>
   <div class='ocr_carea' id='block_1_16' title="bbox 188 1411 1788 1486">
    <p class='ocr_par' dir='ltr' id='par_1_16' title="bbox 188 1411 1788 1486">
     <span class='ocr_line' id='line_1_16' title="bbox 188 1411 1788 1486; baseline 0.002 -23"><span class='ocrx_word' id='word_1_102' title='bbox 188 1411 479 1481; x_wconf 70' lang='grc' dir='ltr'><strong>ραδιδούς*</strong></span> <span class='ocrx_word' id='word_1_103' title='bbox 521 1411 618 1467; x_wconf 72' lang='grc' dir='ltr'><strong>καὶ</strong></span> <span class='ocrx_word' id='word_1_104' title='bbox 656 1413 976 1484; x_wconf 87' lang='grc' dir='ltr'><strong>Πνεύματος</strong></span> <span class='ocrx_word' id='word_1_105' title='bbox 1008 1413 1164 1483; x_wconf 85' lang='grc' dir='ltr'>ἁγίου</span> <span class='ocrx_word' id='word_1_106' title='bbox 1215 1414 1616 1486; x_wconf 85' lang='grc' dir='ltr'><strong>φιλοτιμεῖσθαι</strong></span> <span class='ocrx_word' id='word_1_107' title='bbox 1657 1432 1788 1486; x_wconf 85' lang='grc' dir='ltr'><strong>μετ-</strong></span> 
     </span>
    </p>
   </div>
   <div class='ocr_carea' id='block_1_17' title="bbox 185 1501 1789 1576">
    <p class='ocr_par' dir='ltr' id='par_1_17' title="bbox 185 1501 1789 1576">
     <span class='ocr_line' id='line_1_17' title="bbox 185 1501 1789 1576; baseline 0.001 -20"><span class='ocrx_word' id='word_1_108' title='bbox 185 1501 341 1572; x_wconf 80' lang='grc' dir='ltr'><strong>έχειν</strong></span> <span class='ocrx_word' id='word_1_109' title='bbox 353 1502 518 1575; x_wconf 76' lang='grc' dir='ltr'><strong>(ἅπερ</strong></span> <span class='ocrx_word' id='word_1_110' title='bbox 536 1503 711 1574; x_wconf 84' lang='grc' dir='ltr'><strong>μόνων</strong></span> <span class='ocrx_word' id='word_1_111' title='bbox 727 1503 794 1557; x_wconf 81' lang='grc' dir='ltr'><strong>ἂν</strong></span> <span class='ocrx_word' id='word_1_112' title='bbox 808 1503 1016 1572; x_wconf 84' lang='grc' dir='ltr'><strong>γένοιτο</strong></span> <span class='ocrx_word' id='word_1_113' title='bbox 1030 1504 1372 1576; x_wconf 69' lang='grc' dir='ltr'><strong>Χριστιανῶν</strong></span> <span class='ocrx_word' id='word_1_114' title='bbox 1387 1505 1789 1576; x_wconf 87' lang='grc' dir='ltr'><strong>γνωρίσματα,)</strong></span> 
     </span>
    </p>
   </div>
   <div class='ocr_carea' id='block_1_18' title="bbox 186 1585 1789 1668">
    <p class='ocr_par' dir='ltr' id='par_1_18' title="bbox 186 1585 1789 1668">
     <span class='ocr_line' id='line_1_18' title="bbox 186 1585 1789 1668; baseline 0.001 -22"><span class='ocrx_word' id='word_1_115' title='bbox 186 1585 302 1646; x_wconf 81' lang='grc' dir='ltr'><strong>ὧδὲ</strong></span> <span class='ocrx_word' id='word_1_116' title='bbox 337 1610 414 1664; x_wconf 82' lang='grc' dir='ltr'><strong>πη</strong></span> <span class='ocrx_word' id='word_1_117' title='bbox 441 1594 540 1664; x_wconf 84' lang='grc' dir='ltr'><strong>τῆς</strong></span> <span class='ocrx_word' id='word_1_118' title='bbox 564 1593 725 1662; x_wconf 80' lang='grc' dir='ltr'><strong>ἁγίας</strong></span> <span class='ocrx_word' id='word_1_119' title='bbox 770 1594 864 1648; x_wconf 93' lang='grc' dir='ltr'><strong>τοῦ</strong></span> <span class='ocrx_word' id='word_1_120' title='bbox 908 1594 1044 1648; x_wconf 84' lang='grc' dir='ltr'><strong>Θεοῦ</strong></span> <span class='ocrx_word' id='word_1_121' title='bbox 1082 1595 1408 1668; x_wconf 87' lang='grc' dir='ltr'><strong>Ἐκκλησίας</strong></span> <span class='ocrx_word' id='word_1_122' title='bbox 1456 1595 1568 1667; x_wconf 92' lang='grc'>(28)</span> <span class='ocrx_word' id='word_1_123' title='bbox 1597 1596 1789 1667; x_wconf 77' lang='grc' dir='ltr'><strong>ἀφορι-</strong></span> 
     </span>
    </p>
   </div>
   <div class='ocr_carea' id='block_1_19' title="bbox 189 1683 1784 1759">
    <p class='ocr_par' dir='ltr' id='par_1_19' title="bbox 189 1683 1784 1759">
     <span class='ocr_line' id='line_1_19' title="bbox 189 1683 1784 1759; baseline 0.003 -23"><span class='ocrx_word' id='word_1_124' title='bbox 189 1684 426 1754; x_wconf 78' lang='grc' dir='ltr'><strong>ζόμενος</strong></span> <span class='ocrx_word' id='word_1_125' title='bbox 451 1683 547 1737; x_wconf 91' lang='grc' dir='ltr'><strong>τοῦ</strong></span> <span class='ocrx_word' id='word_1_126' title='bbox 589 1683 884 1738; x_wconf 82' lang='grc' dir='ltr'><strong>Ἰουδαϊκοῦ</strong></span> <span class='ocrx_word' id='word_1_127' title='bbox 912 1685 1136 1757; x_wconf 85' lang='grc' dir='ltr'><strong>τρόπου.</strong></span> <span class='ocrx_word' id='word_1_128' title='bbox 1174 1687 1264 1749; x_wconf 83' lang='grc' dir='ltr'><strong>Ὠς</strong></span> <span class='ocrx_word' id='word_1_129' title='bbox 1292 1687 1400 1759; x_wconf 87' lang='grc' dir='ltr'><strong>γὰρ</strong></span> <span class='ocrx_word' id='word_1_130' title='bbox 1440 1689 1648 1752; x_wconf 84' lang='grc' dir='ltr'><strong>ἐκεῖνος</strong></span> <span class='ocrx_word' id='word_1_131' title='bbox 1685 1687 1784 1758; x_wconf 82' lang='grc' dir='ltr'><strong>τὴν</strong></span> 
     </span>
    </p>
   </div>
   <div class='ocr_carea' id='block_1_20' title="bbox 1884 495 3467 569">
    <p class='ocr_par' dir='ltr' id='par_1_20' title="bbox 1884 495 3467 569">
     <span class='ocr_line' id='line_1_20' title="bbox 1884 495 3467 569; baseline -0.002 -17"><span class='ocrx_word' id='word_1_132' title='bbox 1884 499 2005 569; x_wconf 84' lang='lat' dir='ltr'><strong>gogi</strong></span> <span class='ocrx_word' id='word_1_133' title='bbox 2038 497 2107 551; x_wconf 86' lang='lat' dir='ltr'><strong>ad</strong></span> <span class='ocrx_word' id='word_1_134' title='bbox 2135 499 2326 562; x_wconf 80' lang='lat' dir='ltr'><strong>instar,</strong></span> <span class='ocrx_word' id='word_1_135' title='bbox 2351 496 2623 551; x_wconf 90' lang='lat' dir='ltr'><strong>elementa</strong></span> <span class='ocrx_word' id='word_1_136' title='bbox 2663 497 2907 566; x_wconf 63' lang='lat' dir='ltr'><strong>quaedam</strong></span> <span class='ocrx_word' id='word_1_137' title='bbox 2941 495 3116 566; x_wconf 89' lang='lat' dir='ltr'><strong>prima</strong></span> <span class='ocrx_word' id='word_1_138' title='bbox 3156 495 3467 552; x_wconf 88' lang='lat' dir='ltr'><strong>divinorum</strong></span> 
     </span>
    </p>
   </div>
   <div class='ocr_carea' id='block_1_21' title="bbox 1883 586 3472 659">
    <p class='ocr_par' dir='ltr' id='par_1_21' title="bbox 1883 586 3472 659">
     <span class='ocr_line' id='line_1_21' title="bbox 1883 586 3472 659; baseline -0.003 -15"><span class='ocrx_word' id='word_1_139' title='bbox 1883 591 2227 646; x_wconf 86' lang='lat' dir='ltr'><strong>oraculorum</strong></span> <span class='ocrx_word' id='word_1_140' title='bbox 2285 589 2635 659; x_wconf 84' lang='lat' dir='ltr'><strong>suggerebat,</strong></span> <span class='ocrx_word' id='word_1_141' title='bbox 2676 588 2902 642; x_wconf 91' lang='lat' dir='ltr'><strong>deorum</strong></span> <span class='ocrx_word' id='word_1_142' title='bbox 2953 586 3358 642; x_wconf 77' lang='lat' dir='ltr'><strong>multitudinem</strong></span> <span class='ocrx_word' id='word_1_143' title='bbox 3414 594 3472 641; x_wconf 89' lang='lat' dir='ltr'><strong>et</strong></span> 
     </span>
    </p>
   </div>
   <div class='ocr_carea' id='block_1_22' title="bbox 1884 679 3469 737">
    <p class='ocr_par' dir='ltr' id='par_1_22' title="bbox 1884 679 3469 737">
     <span class='ocr_line' id='line_1_22' title="bbox 1884 679 3469 737; baseline -0.003 0"><span class='ocrx_word' id='word_1_144' title='bbox 1884 682 2084 737; x_wconf 88' lang='lat' dir='ltr'><strong>cultum</strong></span> <span class='ocrx_word' id='word_1_145' title='bbox 2117 681 2512 737; x_wconf 88' lang='lat' dir='ltr'><strong>idololatricum</strong></span> <span class='ocrx_word' id='word_1_146' title='bbox 2547 681 2891 736; x_wconf 89' lang='lat' dir='ltr'><strong>disturbans:</strong></span> <span class='ocrx_word' id='word_1_147' title='bbox 2913 679 3082 736; x_wconf 85' lang='lat' dir='ltr'><strong>Deum</strong></span> <span class='ocrx_word' id='word_1_148' title='bbox 3113 693 3307 737; x_wconf 89' lang='lat' dir='ltr'><strong>contra</strong></span> <span class='ocrx_word' id='word_1_149' title='bbox 3345 680 3469 734; x_wconf 91' lang='lat' dir='ltr'><strong>uni-</strong></span> 
     </span>
    </p>
   </div>
   <div class='ocr_carea' id='block_1_23' title="bbox 1885 773 3470 844">
    <p class='ocr_par' dir='ltr' id='par_1_23' title="bbox 1885 773 3470 844">
     <span class='ocr_line' id='line_1_23' title="bbox 1885 773 3470 844; baseline -0.004 -14"><span class='ocrx_word' id='word_1_150' title='bbox 1885 789 2011 830; x_wconf 93' lang='lat' dir='ltr'><strong>cum</strong></span> <span class='ocrx_word' id='word_1_151' title='bbox 2063 773 2498 844; x_wconf 88' lang='lat' dir='ltr'><strong>cognoscendum</strong></span> <span class='ocrx_word' id='word_1_152' title='bbox 2543 774 2916 839; x_wconf 77' lang='lat' dir='ltr'><strong>annuntians;</strong></span> <span class='ocrx_word' id='word_1_153' title='bbox 2952 775 3150 844; x_wconf 86' lang='lat' dir='ltr'><strong>gratia,</strong></span> <span class='ocrx_word' id='word_1_154' title='bbox 3183 789 3337 841; x_wconf 88' lang='lat' dir='ltr'><strong>vero,</strong></span> <span class='ocrx_word' id='word_1_155' title='bbox 3374 787 3470 842; x_wconf 88' lang='lat' dir='ltr'><strong>per</strong></span> 
     </span>
    </p>
   </div>
   <div class='ocr_carea' id='block_1_24' title="bbox 1886 863 3467 934">
    <p class='ocr_par' dir='ltr' id='par_1_24' title="bbox 1886 863 3467 934">
     <span class='ocr_line' id='line_1_24' title="bbox 1886 863 3467 934; baseline -0.001 -16"><span class='ocrx_word' id='word_1_156' title='bbox 1886 863 2158 919; x_wconf 73' lang='lat' dir='ltr'><strong>Christum</strong></span> <span class='ocrx_word' id='word_1_157' title='bbox 2188 864 2466 928; x_wconf 76' lang='lat' dir='ltr'><strong>salutaris,</strong></span> <span class='ocrx_word' id='word_1_158' title='bbox 2493 863 2856 933; x_wconf 82' lang='lat' dir='ltr'><strong>cognitionem</strong></span> <span class='ocrx_word' id='word_1_159' title='bbox 2909 864 3066 918; x_wconf 86' lang='lat' dir='ltr'><strong>nobis</strong></span> <span class='ocrx_word' id='word_1_160' title='bbox 3104 872 3467 934; x_wconf 67' lang='lat' dir='ltr'><strong>repraesenta-</strong></span> 
     </span>
    </p>
   </div>
   <div class='ocr_carea' id='block_1_25' title="bbox 1886 953 3467 1026">
    <p class='ocr_par' dir='ltr' id='par_1_25' title="bbox 1886 953 3467 1026">
     <span class='ocr_line' id='line_1_25' title="bbox 1886 953 3467 1026; baseline 0.001 -17"><span class='ocrx_word' id='word_1_161' title='bbox 1886 957 1966 1010; x_wconf 88' lang='lat' dir='ltr'><strong>vit</strong></span> <span class='ocrx_word' id='word_1_162' title='bbox 2004 971 2165 1026; x_wconf 84' lang='lat' dir='ltr'><strong>supra</strong></span> <span class='ocrx_word' id='word_1_163' title='bbox 2198 956 2527 1010; x_wconf 86' lang='lat' dir='ltr'><strong>mundanam</strong></span> <span class='ocrx_word' id='word_1_164' title='bbox 2557 964 2612 1010; x_wconf 90' lang='lat' dir='ltr'><strong>et</strong></span> <span class='ocrx_word' id='word_1_165' title='bbox 2639 955 2964 1026; x_wconf 79' lang='lat' dir='ltr'><strong>angelicam,</strong></span> <span class='ocrx_word' id='word_1_166' title='bbox 3002 957 3128 1010; x_wconf 92' lang='lat' dir='ltr'><strong>dum</strong></span> <span class='ocrx_word' id='word_1_167' title='bbox 3157 954 3356 1025; x_wconf 87' lang='lat' dir='ltr'><strong>populo</strong></span> <span class='ocrx_word' id='word_1_168' title='bbox 3386 953 3467 1010; x_wconf 84' lang='lat' dir='ltr'><strong>illi</strong></span> 
     </span>
    </p>
   </div>
   <div class='ocr_carea' id='block_1_26' title="bbox 1889 1046 3465 1118">
    <p class='ocr_par' dir='ltr' id='par_1_26' title="bbox 1889 1046 3465 1118">
     <span class='ocr_line' id='line_1_26' title="bbox 1889 1046 3465 1118; baseline 0.002 -19"><span class='ocrx_word' id='word_1_169' title='bbox 1889 1057 2102 1104; x_wconf 79' lang='lat' dir='ltr'><strong>vetusto</strong></span> <span class='ocrx_word' id='word_1_170' title='bbox 2133 1065 2240 1103; x_wconf 93' lang='lat' dir='ltr'><strong>nou</strong></span> <span class='ocrx_word' id='word_1_171' title='bbox 2282 1059 2576 1112; x_wconf 84' lang='lat' dir='ltr'><strong>retectum,</strong></span> <span class='ocrx_word' id='word_1_172' title='bbox 2607 1047 2703 1104; x_wconf 87' lang='lat' dir='ltr'><strong>sed</strong></span> <span class='ocrx_word' id='word_1_173' title='bbox 2733 1048 2952 1103; x_wconf 89' lang='lat' dir='ltr'><strong>silentio</strong></span> <span class='ocrx_word' id='word_1_174' title='bbox 2978 1063 3204 1118; x_wconf 86' lang='lat' dir='ltr'><strong>prorsus</strong></span> <span class='ocrx_word' id='word_1_175' title='bbox 3235 1046 3465 1102; x_wconf 85' lang='lat' dir='ltr'><strong>obvolu-</strong></span> 
     </span>
    </p>
   </div>
   <div class='ocr_carea' id='block_1_27' title="bbox 1891 1138 3470 1210">
    <p class='ocr_par' dir='ltr' id='par_1_27' title="bbox 1891 1138 3470 1210">
     <span class='ocr_line' id='line_1_27' title="bbox 1891 1138 3470 1210; baseline 0.001 -19"><span class='ocrx_word' id='word_1_176' title='bbox 1891 1148 2003 1192; x_wconf 90' lang='lat' dir='ltr'><strong>tuut</strong></span> <span class='ocrx_word' id='word_1_177' title='bbox 2032 1141 2376 1210; x_wconf 73' lang='lat' dir='ltr'><strong>mysterium,</strong></span> <span class='ocrx_word' id='word_1_178' title='bbox 2407 1139 2460 1192; x_wconf 90' lang='lat' dir='ltr'><strong>in</strong></span> <span class='ocrx_word' id='word_1_179' title='bbox 2507 1149 2750 1208; x_wconf 86' lang='lat' dir='ltr'><strong>apertum</strong></span> <span class='ocrx_word' id='word_1_180' title='bbox 2783 1138 2992 1206; x_wconf 82' lang='lat' dir='ltr'><strong>profert</strong></span> <span class='ocrx_word' id='word_1_181' title='bbox 3022 1156 3036 1192; x_wconf 89' lang='lat'><strong>:</strong></span> <span class='ocrx_word' id='word_1_182' title='bbox 3074 1138 3240 1192; x_wconf 82' lang='lat' dir='ltr'><strong>Deum</strong></span> <span class='ocrx_word' id='word_1_183' title='bbox 3272 1152 3470 1206; x_wconf 85' lang='lat' dir='ltr'><strong>nempe</strong></span> 
     </span>
    </p>
   </div>
   <div class='ocr_carea' id='block_1_28' title="bbox 1889 1230 3469 1298">
    <p class='ocr_par' dir='ltr' id='par_1_28' title="bbox 1889 1230 3469 1298">
     <span class='ocr_line' id='line_1_28' title="bbox 1889 1230 3469 1298; baseline 0.002 -14"><span class='ocrx_word' id='word_1_184' title='bbox 1889 1230 2037 1284; x_wconf 88' lang='lat' dir='ltr'><strong>illum</strong></span> <span class='ocrx_word' id='word_1_185' title='bbox 2066 1244 2380 1298; x_wconf 91' lang='lat' dir='ltr'><strong>supremum</strong></span> <span class='ocrx_word' id='word_1_186' title='bbox 2425 1245 2608 1286; x_wconf 89' lang='lat' dir='ltr'><strong>rerum</strong></span> <span class='ocrx_word' id='word_1_187' title='bbox 2638 1230 2879 1284; x_wconf 92' lang='lat' dir='ltr'><strong>omnium</strong></span> <span class='ocrx_word' id='word_1_188' title='bbox 2914 1231 3334 1295; x_wconf 87' lang='lat' dir='ltr'><strong>moderatorem,</strong></span> <span class='ocrx_word' id='word_1_189' title='bbox 3365 1245 3469 1287; x_wconf 67' lang='lat' dir='ltr'><strong>sm-</strong></span> 
     </span>
    </p>
   </div>
   <div class='ocr_carea' id='block_1_29' title="bbox 1889 1321 3468 1394">
    <p class='ocr_par' dir='ltr' id='par_1_29' title="bbox 1889 1321 3468 1394">
     <span class='ocr_line' id='line_1_29' title="bbox 1889 1321 3468 1394; baseline 0.002 -18"><span class='ocrx_word' id='word_1_190' title='bbox 1889 1322 2026 1376; x_wconf 90' lang='lat' dir='ltr'><strong>culis</strong></span> <span class='ocrx_word' id='word_1_191' title='bbox 2053 1323 2329 1393; x_wconf 88' lang='lat' dir='ltr'><strong>prioribus</strong></span> <span class='ocrx_word' id='word_1_192' title='bbox 2365 1323 2620 1378; x_wconf 90' lang='lat' dir='ltr'><strong>omnibus</strong></span> <span class='ocrx_word' id='word_1_193' title='bbox 2648 1324 2894 1394; x_wconf 82' lang='lat' dir='ltr'><strong>agnitum</strong></span> <span class='ocrx_word' id='word_1_194' title='bbox 2919 1321 3128 1390; x_wconf 90' lang='lat' dir='ltr'><strong>Deum;</strong></span> <span class='ocrx_word' id='word_1_195' title='bbox 3165 1322 3292 1377; x_wconf 90' lang='lat' dir='ltr'><strong>Filii</strong></span> <span class='ocrx_word' id='word_1_196' title='bbox 3321 1338 3468 1393; x_wconf 73' lang='lat' dir='ltr'><strong>pra:-</strong></span> 
     </span>
    </p>
   </div>
   <div class='ocr_carea' id='block_1_30' title="bbox 1890 1411 3468 1486">
    <p class='ocr_par' dir='ltr' id='par_1_30' title="bbox 1890 1411 3468 1486">
     <span class='ocr_line' id='line_1_30' title="bbox 1890 1411 3468 1486; baseline 0.003 -20"><span class='ocrx_word' id='word_1_197' title='bbox 1890 1422 2037 1467; x_wconf 87' lang='lat' dir='ltr'><strong>terea</strong></span> <span class='ocrx_word' id='word_1_198' title='bbox 2062 1412 2327 1484; x_wconf 87' lang='lat' dir='ltr'><strong>unigeniti</strong></span> <span class='ocrx_word' id='word_1_199' title='bbox 2352 1411 2570 1468; x_wconf 87' lang='lat' dir='ltr'><strong>Patrem</strong></span> <span class='ocrx_word' id='word_1_200' title='bbox 2599 1428 2720 1469; x_wconf 88' lang='lat' dir='ltr'><strong>esse</strong></span> <span class='ocrx_word' id='word_1_201' title='bbox 2749 1413 3194 1484; x_wconf 82' lang='lat' dir='ltr'><strong>praedicandum;</strong></span> <span class='ocrx_word' id='word_1_202' title='bbox 3227 1413 3468 1486; x_wconf 81' lang='lat' dir='ltr'><strong>Spiritus</strong></span> 
     </span>
    </p>
   </div>
   <div class='ocr_carea' id='block_1_31' title="bbox 1889 1502 3469 1577">
    <p class='ocr_par' dir='ltr' id='par_1_31' title="bbox 1889 1502 3469 1577">
     <span class='ocr_line' id='line_1_31' title="bbox 1889 1502 3469 1577; baseline 0.003 -21"><span class='ocrx_word' id='word_1_203' title='bbox 1889 1516 2108 1572; x_wconf 90' lang='lat' dir='ltr'><strong>quoque</strong></span> <span class='ocrx_word' id='word_1_204' title='bbox 2137 1502 2313 1558; x_wconf 82' lang='lat' dir='ltr'><strong>sancti</strong></span> <span class='ocrx_word' id='word_1_205' title='bbox 2339 1503 2451 1557; x_wconf 86' lang='lat' dir='ltr'><strong>vim</strong></span> <span class='ocrx_word' id='word_1_206' title='bbox 2487 1513 2543 1559; x_wconf 92' lang='lat' dir='ltr'><strong>et</strong></span> <span class='ocrx_word' id='word_1_207' title='bbox 2571 1504 2886 1570; x_wconf 84' lang='lat' dir='ltr'><strong>etiicaciam,</strong></span> <span class='ocrx_word' id='word_1_208' title='bbox 2913 1505 2980 1561; x_wconf 88' lang='lat' dir='ltr'><strong>iis</strong></span> <span class='ocrx_word' id='word_1_209' title='bbox 3027 1506 3120 1575; x_wconf 91' lang='lat' dir='ltr'><strong>qui</strong></span> <span class='ocrx_word' id='word_1_210' title='bbox 3151 1507 3299 1577; x_wconf 80' lang='lat' dir='ltr'><strong>digni</strong></span> <span class='ocrx_word' id='word_1_211' title='bbox 3341 1516 3469 1562; x_wconf 88' lang='lat' dir='ltr'><strong>sunt</strong></span> 
     </span>
    </p>
   </div>
   <div class='ocr_carea' id='block_1_32' title="bbox 1889 1594 3466 1668">
    <p class='ocr_par' dir='ltr' id='par_1_32' title="bbox 1889 1594 3466 1668">
     <span class='ocr_line' id='line_1_32' title="bbox 1889 1594 3466 1668; baseline 0.003 -22"><span class='ocrx_word' id='word_1_212' title='bbox 1889 1594 2224 1660; x_wconf 86' lang='lat' dir='ltr'><strong>impertitam</strong></span> <span class='ocrx_word' id='word_1_213' title='bbox 2253 1608 2268 1642; x_wconf 88' lang='lat'>:</span> <span class='ocrx_word' id='word_1_214' title='bbox 2297 1609 2461 1663; x_wconf 88' lang='lat' dir='ltr'><strong>quam</strong></span> <span class='ocrx_word' id='word_1_215' title='bbox 2515 1605 2764 1650; x_wconf 88' lang='lat' dir='ltr'><strong>sanctam</strong></span> <span class='ocrx_word' id='word_1_216' title='bbox 2823 1597 3110 1668; x_wconf 83' lang='lat' dir='ltr'><strong>mysticam</strong></span> <span class='ocrx_word' id='word_1_217' title='bbox 3151 1606 3206 1652; x_wconf 92' lang='lat' dir='ltr'><strong>et</strong></span> <span class='ocrx_word' id='word_1_218' title='bbox 3251 1597 3466 1654; x_wconf 82' lang='lat' dir='ltr'><strong>beatam</strong></span> 
     </span>
    </p>
   </div>
   <div class='ocr_carea' id='block_1_33' title="bbox 1890 1685 3467 1760">
    <p class='ocr_par' dir='ltr' id='par_1_33' title="bbox 1890 1685 3467 1760">
     <span class='ocr_line' id='line_1_33' title="bbox 1890 1685 3467 1760; baseline 0.003 -19"><span class='ocrx_word' id='word_1_219' title='bbox 1890 1687 2216 1742; x_wconf 79' lang='lat' dir='ltr'><strong>Trinitatem</strong></span> <span class='ocrx_word' id='word_1_220' title='bbox 2247 1685 2447 1751; x_wconf 87' lang='lat' dir='ltr'><strong>Patris,</strong></span> <span class='ocrx_word' id='word_1_221' title='bbox 2478 1686 2598 1742; x_wconf 86' lang='lat' dir='ltr'><strong>Filii</strong></span> <span class='ocrx_word' id='word_1_222' title='bbox 2633 1697 2689 1742; x_wconf 88' lang='lat' dir='ltr'><strong>et</strong></span> <span class='ocrx_word' id='word_1_223' title='bbox 2737 1689 2972 1760; x_wconf 90' lang='lat' dir='ltr'><strong>Spiritus</strong></span> <span class='ocrx_word' id='word_1_224' title='bbox 3005 1692 3203 1758; x_wconf 87' lang='lat' dir='ltr'><strong>sancti,</strong></span> <span class='ocrx_word' id='word_1_225' title='bbox 3237 1694 3307 1748; x_wconf 90' lang='lat' dir='ltr'><strong>ad</strong></span> <span class='ocrx_word' id='word_1_226' title='bbox 3341 1707 3467 1748; x_wconf 89' lang='lat' dir='ltr'><strong>cer-</strong></span> 
     </span>
    </p>
   </div>
   <div class='ocr_carea' id='block_1_34' title="bbox 188 1767 1772 1855">
    <p class='ocr_par' dir='ltr' id='par_1_34' title="bbox 188 1773 1772 1851">
     <span class='ocr_line' id='line_1_34' title="bbox 188 1773 1772 1851; baseline 0.004 -25"><span class='ocrx_word' id='word_1_227' title='bbox 188 1773 460 1827; x_wconf 83' lang='grc' dir='ltr'><strong>πολύθεον</strong></span> <span class='ocrx_word' id='word_1_228' title='bbox 495 1775 590 1828; x_wconf 78' lang='grc' dir='ltr'><strong>καὶ</strong></span> <span class='ocrx_word' id='word_1_229' title='bbox 631 1773 948 1847; x_wconf 81' lang='grc' dir='ltr'><strong>Ἑλληνικὴν</strong></span> <span class='ocrx_word' id='word_1_230' title='bbox 987 1777 1359 1848; x_wconf 82' lang='grc' dir='ltr'><strong>ἀπεδοκίμαζε</strong></span> <span class='ocrx_word' id='word_1_231' title='bbox 1406 1779 1635 1851; x_wconf 83' lang='grc' dir='ltr'><strong>πλάνην,</strong></span> <span class='ocrx_word' id='word_1_232' title='bbox 1665 1780 1772 1844; x_wconf 83' lang='grc' dir='ltr'><strong>ἐνὸς</strong></span> 
     </span>
    </p>
   </div>
   <div class='ocr_carea' id='block_1_35' title="bbox 1888 1767 3470 1855">
    <p class='ocr_par' dir='ltr' id='par_1_35' title="bbox 1889 1779 3470 1855">
     <span class='ocr_line' id='line_1_35' title="bbox 1889 1779 3470 1855; baseline 0.006 -23"><span class='ocrx_word' id='word_1_233' title='bbox 1889 1779 2152 1833; x_wconf 88' lang='lat' dir='ltr'><strong>tissimam</strong></span> <span class='ocrx_word' id='word_1_234' title='bbox 2181 1794 2332 1848; x_wconf 91' lang='lat' dir='ltr'><strong>spem</strong></span> <span class='ocrx_word' id='word_1_235' title='bbox 2380 1779 2574 1834; x_wconf 90' lang='lat' dir='ltr'><strong>salutis</strong></span> <span class='ocrx_word' id='word_1_236' title='bbox 2600 1780 2740 1836; x_wconf 89' lang='lat' dir='ltr'><strong>illius</strong></span> <span class='ocrx_word' id='word_1_237' title='bbox 2779 1784 3191 1852; x_wconf 72' lang='lat' dir='ltr'><strong>consequendze,</strong></span> <span class='ocrx_word' id='word_1_238' title='bbox 3222 1799 3341 1854; x_wconf 73' lang='lat' dir='ltr'><strong>quae</strong></span> <span class='ocrx_word' id='word_1_239' title='bbox 3372 1799 3470 1855; x_wconf 88' lang='lat' dir='ltr'><strong>per</strong></span> 
     </span>
    </p>
   </div>
   <div class='ocr_carea' id='block_1_36' title="bbox 187 1864 1784 1944">
    <p class='ocr_par' dir='ltr' id='par_1_36' title="bbox 187 1864 1784 1944">
     <span class='ocr_line' id='line_1_36' title="bbox 187 1864 1784 1944; baseline 0.003 -25"><span class='ocrx_word' id='word_1_240' title='bbox 187 1864 334 1920; x_wconf 85' lang='grc' dir='ltr'><strong>Θεοῦ</strong></span> <span class='ocrx_word' id='word_1_241' title='bbox 363 1865 644 1936; x_wconf 71' lang='grc' dir='ltr'><strong>ὁμολογίᾳ,</strong></span> <span class='ocrx_word' id='word_1_242' title='bbox 677 1866 820 1920; x_wconf 74' lang='grc' dir='ltr'><strong>οὕτω</strong></span> <span class='ocrx_word' id='word_1_243' title='bbox 867 1869 962 1921; x_wconf 74' lang='grc' dir='ltr'><strong>καὶ</strong></span> <span class='ocrx_word' id='word_1_244' title='bbox 1003 1869 1104 1938; x_wconf 85' lang='grc' dir='ltr'><strong>τῆς</strong></span> <span class='ocrx_word' id='word_1_245' title='bbox 1141 1869 1470 1941; x_wconf 85' lang='grc' dir='ltr'><strong>Ἐκκλησίας</strong></span> <span class='ocrx_word' id='word_1_246' title='bbox 1505 1873 1538 1942; x_wconf 91' lang='grc' dir='ltr'><strong>ἡ</strong></span> <span class='ocrx_word' id='word_1_247' title='bbox 1572 1869 1784 1944; x_wconf 80' lang='grc' dir='ltr'><strong>ἐξαίρε-</strong></span> 
     </span>
    </p>
   </div>
   <div class='ocr_carea' id='block_1_37' title="bbox 187 1956 1785 2031">
    <p class='ocr_par' dir='ltr' id='par_1_37' title="bbox 187 1956 1785 2031">
     <span class='ocr_line' id='line_1_37' title="bbox 187 1956 1785 2031; baseline 0.003 -21"><span class='ocrx_word' id='word_1_248' title='bbox 187 1974 287 2019; x_wconf 84' lang='grc' dir='ltr'><strong>τος</strong></span> <span class='ocrx_word' id='word_1_249' title='bbox 321 1957 448 2029; x_wconf 77' lang='grc' dir='ltr'><strong>περὶ</strong></span> <span class='ocrx_word' id='word_1_250' title='bbox 481 1956 613 2010; x_wconf 81' lang='grc' dir='ltr'><strong>Υίοῦ</strong></span> <span class='ocrx_word' id='word_1_251' title='bbox 646 1957 844 2026; x_wconf 87' lang='grc' dir='ltr'><strong>γνῶσις</strong></span> <span class='ocrx_word' id='word_1_252' title='bbox 870 1958 1118 2029; x_wconf 83' lang='grc' dir='ltr'><strong>κρεῖττόν</strong></span> <span class='ocrx_word' id='word_1_253' title='bbox 1145 1978 1198 2012; x_wconf 87' lang='grc' dir='ltr'><strong>τι</strong></span> <span class='ocrx_word' id='word_1_254' title='bbox 1225 1961 1320 2014; x_wconf 81' lang='grc' dir='ltr'><strong>καὶ</strong></span> <span class='ocrx_word' id='word_1_255' title='bbox 1349 1960 1511 2014; x_wconf 84' lang='grc' dir='ltr'><strong>πλέον</strong></span> <span class='ocrx_word' id='word_1_256' title='bbox 1557 1961 1785 2031; x_wconf 71' lang='grc' dir='ltr'><strong>προυξε-</strong></span> 
     </span>
    </p>
   </div>
   <div class='ocr_carea' id='block_1_38' title="bbox 186 2049 1784 2123">
    <p class='ocr_par' dir='ltr' id='par_1_38' title="bbox 186 2049 1784 2123">
     <span class='ocr_line' id='line_1_38' title="bbox 186 2049 1784 2123; baseline 0.003 -19"><span class='ocrx_word' id='word_1_257' title='bbox 186 2053 298 2113; x_wconf 86' lang='grc' dir='ltr'><strong>νεῖ,</strong></span> <span class='ocrx_word' id='word_1_258' title='bbox 329 2050 419 2103; x_wconf 88' lang='grc' dir='ltr'><strong>τὸν</strong></span> <span class='ocrx_word' id='word_1_259' title='bbox 449 2049 610 2104; x_wconf 81' lang='grc' dir='ltr'><strong>αὐτὸν</strong></span> <span class='ocrx_word' id='word_1_260' title='bbox 653 2049 785 2104; x_wconf 86' lang='grc' dir='ltr'><strong>Θεὸν</strong></span> <span class='ocrx_word' id='word_1_261' title='bbox 811 2050 1034 2122; x_wconf 81' lang='grc' dir='ltr'><strong>Πατέρα</strong></span> <span class='ocrx_word' id='word_1_262' title='bbox 1064 2051 1265 2106; x_wconf 82' lang='grc' dir='ltr'><strong>εἰδέναι</strong></span> <span class='ocrx_word' id='word_1_263' title='bbox 1305 2053 1630 2123; x_wconf 83' lang='grc' dir='ltr'><strong>μονογενοῦς</strong></span> <span class='ocrx_word' id='word_1_264' title='bbox 1654 2055 1784 2108; x_wconf 88' lang='grc' dir='ltr'><strong>Υἱοῦ</strong></span> 
     </span>
    </p>
   </div>
   <div class='ocr_carea' id='block_1_39' title="bbox 185 2141 1786 2213">
    <p class='ocr_par' dir='ltr' id='par_1_39' title="bbox 185 2141 1786 2213">
     <span class='ocr_line' id='line_1_39' title="bbox 185 2141 1786 2213; baseline 0.004 -17"><span class='ocrx_word' id='word_1_265' title='bbox 185 2141 542 2202; x_wconf 81' lang='grc' dir='ltr'><strong>διδάσκουσα,</strong></span> <span class='ocrx_word' id='word_1_266' title='bbox 601 2141 816 2213; x_wconf 83' lang='grc' dir='ltr'><strong>ἀληθῶς</strong></span> <span class='ocrx_word' id='word_1_267' title='bbox 854 2141 986 2196; x_wconf 84' lang='grc' dir='ltr'><strong>Υἱοῦ</strong></span> <span class='ocrx_word' id='word_1_268' title='bbox 1041 2143 1214 2209; x_wconf 72' lang='grc' dir='ltr'><strong>ὄντος,</strong></span> <span class='ocrx_word' id='word_1_269' title='bbox 1268 2146 1363 2198; x_wconf 71' lang='grc' dir='ltr'><strong>καὶ</strong></span> <span class='ocrx_word' id='word_1_270' title='bbox 1418 2144 1640 2210; x_wconf 81' lang='grc' dir='ltr'><strong>ζῶντος,</strong></span> <span class='ocrx_word' id='word_1_271' title='bbox 1691 2149 1786 2202; x_wconf 76' lang='grc' dir='ltr'><strong>καὶ</strong></span> 
     </span>
    </p>
   </div>
   <div class='ocr_carea' id='block_1_40' title="bbox 189 2234 1783 2307">
    <p class='ocr_par' dir='ltr' id='par_1_40' title="bbox 189 2234 1783 2307">
     <span class='ocr_line' id='line_1_40' title="bbox 189 2234 1783 2307; baseline 0.004 -20"><span class='ocrx_word' id='word_1_272' title='bbox 189 2234 524 2304; x_wconf 80' lang='grc' dir='ltr'><strong>ὑφεστῶτος.</strong></span> <span class='ocrx_word' id='word_1_273' title='bbox 559 2235 654 2300; x_wconf 85' lang='grc' dir='ltr'><strong>Ὡς</strong></span> <span class='ocrx_word' id='word_1_274' title='bbox 671 2234 779 2307; x_wconf 81' lang='grc' dir='ltr'><strong>γὰρ</strong></span> <span class='ocrx_word' id='word_1_275' title='bbox 811 2236 1010 2304; x_wconf 81' lang='grc' dir='ltr'><strong>πατὴρ</strong></span> <span class='ocrx_word' id='word_1_276' title='bbox 1035 2236 1147 2307; x_wconf 86' lang='grc'>(29)</span> <span class='ocrx_word' id='word_1_277' title='bbox 1165 2235 1318 2304; x_wconf 78' lang='grc' dir='ltr'><strong>ζωὴν</strong></span> <span class='ocrx_word' id='word_1_278' title='bbox 1337 2237 1462 2306; x_wconf 78' lang='grc' dir='ltr'><strong>ἔχει</strong></span> <span class='ocrx_word' id='word_1_279' title='bbox 1485 2240 1556 2292; x_wconf 77' lang='grc' dir='ltr'><strong>ἐν</strong></span> <span class='ocrx_word' id='word_1_280' title='bbox 1573 2239 1783 2305; x_wconf 82' lang='grc' dir='ltr'><strong>ἐαυτῷ,</strong></span> 
     </span>
    </p>
   </div>
   <div class='ocr_carea' id='block_1_41' title="bbox 189 2323 1784 2402">
    <p class='ocr_par' dir='ltr' id='par_1_41' title="bbox 189 2323 1784 2402">
     <span class='ocr_line' id='line_1_41' title="bbox 189 2323 1784 2402; baseline 0.001 -23"><span class='ocrx_word' id='word_1_281' title='bbox 189 2323 360 2388; x_wconf 77' lang='grc' dir='ltr'><strong>αὐτὸς</strong></span> <span class='ocrx_word' id='word_1_282' title='bbox 386 2323 559 2394; x_wconf 79' lang='grc' dir='ltr'><strong>λέγων</strong></span> <span class='ocrx_word' id='word_1_283' title='bbox 599 2323 874 2378; x_wconf 77' lang='grc' dir='ltr'><strong>ἐδίδασκεν</strong></span> <span class='ocrx_word' id='word_1_284' title='bbox 898 2325 928 2377; x_wconf 89' lang='lat'><strong>6</strong></span> <span class='ocrx_word' id='word_1_285' title='bbox 961 2325 1276 2397; x_wconf 86' lang='grc' dir='ltr'><strong>Μονογενὴς</strong></span> <span class='ocrx_word' id='word_1_286' title='bbox 1313 2325 1408 2379; x_wconf 88' lang='grc' dir='ltr'><strong>τοῦ</strong></span> <span class='ocrx_word' id='word_1_287' title='bbox 1469 2327 1627 2392; x_wconf 87' lang='grc' dir='ltr'><strong>Θεοῦ,</strong></span> <span class='ocrx_word' id='word_1_288' title='bbox 1653 2329 1719 2381; x_wconf 76' lang='grc' dir='ltr'><strong>ἵν’</strong></span> 
     </span>
    </p>
   </div>
   <div class='ocr_carea' id='block_1_42' title="bbox 189 2414 1787 2492">
    <p class='ocr_par' dir='ltr' id='par_1_42' title="bbox 189 2414 1787 2492">
     <span class='ocr_line' id='line_1_42' title="bbox 189 2414 1787 2492; baseline 0.001 -20"><span class='ocrx_word' id='word_1_289' title='bbox 189 2418 292 2472; x_wconf 69' lang='grc' dir='ltr'><strong>καὶ</strong></span> <span class='ocrx_word' id='word_1_290' title='bbox 325 2418 353 2469; x_wconf 88' lang='lat'><strong>6</strong></span> <span class='ocrx_word' id='word_1_291' title='bbox 384 2418 574 2489; x_wconf 83' lang='grc' dir='ltr'><strong>Πατὴρ</strong></span> <span class='ocrx_word' id='word_1_292' title='bbox 627 2415 842 2488; x_wconf 83' lang='grc' dir='ltr'><strong>άληθῶς</strong></span> <span class='ocrx_word' id='word_1_293' title='bbox 890 2417 1093 2489; x_wconf 80' lang='grc' dir='ltr'><strong>πατὴρ,</strong></span> <span class='ocrx_word' id='word_1_294' title='bbox 1133 2417 1195 2470; x_wconf 82' lang='grc' dir='ltr'><strong>οὐ</strong></span> <span class='ocrx_word' id='word_1_295' title='bbox 1253 2417 1414 2491; x_wconf 83' lang='grc' dir='ltr'><strong>μέχρι</strong></span> <span class='ocrx_word' id='word_1_296' title='bbox 1457 2420 1641 2492; x_wconf 80' lang='grc' dir='ltr'><strong>φωνῆς</strong></span> <span class='ocrx_word' id='word_1_297' title='bbox 1684 2414 1787 2474; x_wconf 80' lang='grc' dir='ltr'><strong>ὧδέ</strong></span> 
     </span>
    </p>
   </div>
   <div class='ocr_carea' id='block_1_43' title="bbox 190 2510 1790 2585">
    <p class='ocr_par' dir='ltr' id='par_1_43' title="bbox 190 2510 1790 2585">
     <span class='ocr_line' id='line_1_43' title="bbox 190 2510 1790 2585; baseline 0.002 -22"><span class='ocrx_word' id='word_1_298' title='bbox 190 2530 274 2582; x_wconf 85' lang='grc' dir='ltr'><strong>πη</strong></span> <span class='ocrx_word' id='word_1_299' title='bbox 315 2511 692 2582; x_wconf 80' lang='grc' dir='ltr'><strong>χρηματίζων,</strong></span> <span class='ocrx_word' id='word_1_300' title='bbox 730 2511 850 2565; x_wconf 76' lang='grc' dir='ltr'><strong>οὐδὲ</strong></span> <span class='ocrx_word' id='word_1_301' title='bbox 873 2510 1043 2582; x_wconf 79' lang='grc' dir='ltr'><strong>ψευδῆ</strong></span> <span class='ocrx_word' id='word_1_302' title='bbox 1085 2512 1422 2581; x_wconf 80' lang='grc' dir='ltr'><strong>κεκτημένος</strong></span> <span class='ocrx_word' id='word_1_303' title='bbox 1464 2512 1562 2583; x_wconf 82' lang='grc' dir='ltr'><strong>τὴν</strong></span> <span class='ocrx_word' id='word_1_304' title='bbox 1623 2530 1790 2585; x_wconf 84' lang='grc' dir='ltr'><strong>προσ-</strong></span> 
     </span>
    </p>
   </div>
   <div class='ocr_carea' id='block_1_44' title="bbox 187 2601 1785 2674">
    <p class='ocr_par' dir='ltr' id='par_1_44' title="bbox 187 2601 1785 2674">
     <span class='ocr_line' id='line_1_44' title="bbox 187 2601 1785 2674; baseline 0.003 -21"><span class='ocrx_word' id='word_1_305' title='bbox 187 2602 448 2674; x_wconf 82' lang='grc' dir='ltr'><strong>ηγορίαν,</strong></span> <span class='ocrx_word' id='word_1_306' title='bbox 477 2601 702 2674; x_wconf 76' lang='grc' dir='ltr'><strong>ἀληθείᾳ</strong></span> <span class='ocrx_word' id='word_1_307' title='bbox 717 2602 773 2656; x_wconf 84' lang='grc' dir='ltr'><strong>δὲ</strong></span> <span class='ocrx_word' id='word_1_308' title='bbox 789 2603 882 2656; x_wconf 72' lang='grc' dir='ltr'><strong>καὶ</strong></span> <span class='ocrx_word' id='word_1_309' title='bbox 906 2601 1052 2674; x_wconf 80' lang='grc' dir='ltr'><strong>ἔργῳ</strong></span> <span class='ocrx_word' id='word_1_310' title='bbox 1073 2602 1264 2674; x_wconf 80' lang='grc' dir='ltr'><strong>Πατὴρ</strong></span> <span class='ocrx_word' id='word_1_311' title='bbox 1279 2601 1408 2655; x_wconf 87' lang='grc' dir='ltr'><strong>Υίοῦ</strong></span> <span class='ocrx_word' id='word_1_312' title='bbox 1435 2604 1754 2674; x_wconf 85' lang='grc' dir='ltr'><strong>μονογενοῦς</strong></span> <span class='ocrx_word' id='word_1_313' title='bbox 1771 2620 1785 2633; x_wconf 88' lang='grc'><strong>·</strong></span> 
     </span>
    </p>
   </div>
   <div class='ocr_carea' id='block_1_45' title="bbox 190 2692 1790 2766">
    <p class='ocr_par' dir='ltr' id='par_1_45' title="bbox 190 2692 1790 2766">
     <span class='ocr_line' id='line_1_45' title="bbox 190 2692 1790 2766; baseline 0.001 -18"><span class='ocrx_word' id='word_1_314' title='bbox 190 2696 294 2748; x_wconf 80' lang='grc' dir='ltr'><strong>καὶ</strong></span> <span class='ocrx_word' id='word_1_315' title='bbox 324 2697 352 2748; x_wconf 88' lang='lat'><strong>6</strong></span> <span class='ocrx_word' id='word_1_316' title='bbox 381 2694 508 2758; x_wconf 85' lang='grc' dir='ltr'><strong>Υἱὸς</strong></span> <span class='ocrx_word' id='word_1_317' title='bbox 550 2694 768 2766; x_wconf 84' lang='grc' dir='ltr'><strong>ἀληθῶς</strong></span> <span class='ocrx_word' id='word_1_318' title='bbox 797 2695 933 2758; x_wconf 85' lang='grc' dir='ltr'><strong>υἱός.</strong></span> <span class='ocrx_word' id='word_1_319' title='bbox 977 2696 1034 2748; x_wconf 81' lang='grc'><strong>’0</strong></span> <span class='ocrx_word' id='word_1_320' title='bbox 1063 2694 1119 2748; x_wconf 83' lang='grc' dir='ltr'><strong>δὲ</strong></span> <span class='ocrx_word' id='word_1_321' title='bbox 1143 2695 1297 2766; x_wconf 80' lang='grc' dir='ltr'><strong>ψιλὸν</strong></span> <span class='ocrx_word' id='word_1_322' title='bbox 1320 2695 1494 2765; x_wconf 89' lang='grc' dir='ltr'><strong>Λόγον</strong></span> <span class='ocrx_word' id='word_1_323' title='bbox 1530 2692 1669 2749; x_wconf 82' lang='grc' dir='ltr'><strong>εἶναι</strong></span> <span class='ocrx_word' id='word_1_324' title='bbox 1699 2697 1790 2750; x_wconf 86' lang='grc' dir='ltr'><strong>τὸν</strong></span> 
     </span>
    </p>
   </div>
   <div class='ocr_carea' id='block_1_46' title="bbox 188 2781 1793 2860">
    <p class='ocr_par' dir='ltr' id='par_1_46' title="bbox 188 2781 1793 2860">
     <span class='ocr_line' id='line_1_46' title="bbox 188 2781 1793 2860; baseline 0.002 -22"><span class='ocrx_word' id='word_1_325' title='bbox 188 2785 329 2838; x_wconf 83' lang='grc' dir='ltr'><strong>Υἰὸν</strong></span> <span class='ocrx_word' id='word_1_326' title='bbox 363 2785 782 2856; x_wconf 77' lang='grc' dir='ltr'><strong>ὑπολαμϐάνων,</strong></span> <span class='ocrx_word' id='word_1_327' title='bbox 815 2786 910 2839; x_wconf 75' lang='grc' dir='ltr'><strong>καὶ</strong></span> <span class='ocrx_word' id='word_1_328' title='bbox 943 2786 1102 2856; x_wconf 92' lang='grc' dir='ltr'><strong>μόνον</strong></span> <span class='ocrx_word' id='word_1_329' title='bbox 1132 2787 1304 2855; x_wconf 89' lang='grc' dir='ltr'><strong>Λόγον</strong></span> <span class='ocrx_word' id='word_1_330' title='bbox 1337 2781 1477 2840; x_wconf 82' lang='grc' dir='ltr'><strong>εἶναι</strong></span> <span class='ocrx_word' id='word_1_331' title='bbox 1528 2789 1793 2860; x_wconf 85' lang='grc' dir='ltr'><strong>μαρτυρό-</strong></span> 
     </span>
    </p>
   </div>
   <div class='ocr_carea' id='block_1_47' title="bbox 194 2876 1793 2948">
    <p class='ocr_par' dir='ltr' id='par_1_47' title="bbox 194 2876 1793 2948">
     <span class='ocr_line' id='line_1_47' title="bbox 194 2876 1793 2948; baseline 0.002 -18"><span class='ocrx_word' id='word_1_332' title='bbox 194 2894 386 2948; x_wconf 84' lang='grc' dir='ltr'><strong>μενος,</strong></span> <span class='ocrx_word' id='word_1_333' title='bbox 421 2878 516 2931; x_wconf 73' lang='grc' dir='ltr'><strong>καὶ</strong></span> <span class='ocrx_word' id='word_1_334' title='bbox 547 2876 808 2942; x_wconf 81' lang='grc' dir='ltr'><strong>πολλάκις</strong></span> <span class='ocrx_word' id='word_1_335' title='bbox 837 2878 984 2931; x_wconf 87' lang='grc' dir='ltr'><strong>τοῦτ’</strong></span> <span class='ocrx_word' id='word_1_336' title='bbox 1018 2879 1151 2932; x_wconf 84' lang='grc' dir='ltr'><strong>αὐτὸ</strong></span> <span class='ocrx_word' id='word_1_337' title='bbox 1176 2878 1372 2948; x_wconf 81' lang='grc' dir='ltr'><strong>λέγων,</strong></span> <span class='ocrx_word' id='word_1_338' title='bbox 1405 2879 1482 2944; x_wconf 85' lang='grc' dir='ltr'><strong>ὡς</strong></span> <span class='ocrx_word' id='word_1_339' title='bbox 1506 2880 1656 2933; x_wconf 81' lang='grc' dir='ltr'><strong>οὐδὲν</strong></span> <span class='ocrx_word' id='word_1_340' title='bbox 1683 2879 1793 2933; x_wconf 79' lang='grc' dir='ltr'><strong>ἓτε-</strong></span> 
     </span>
    </p>
   </div>
   <div class='ocr_carea' id='block_1_48' title="bbox 194 2964 1790 3044">
    <p class='ocr_par' dir='ltr' id='par_1_48' title="bbox 194 2964 1790 3044">
     <span class='ocr_line' id='line_1_48' title="bbox 194 2964 1790 3044; baseline 0.003 -23"><span class='ocrx_word' id='word_1_341' title='bbox 194 2987 295 3040; x_wconf 83' lang='grc' dir='ltr'><strong>ρον</strong></span> <span class='ocrx_word' id='word_1_342' title='bbox 326 2964 394 3039; x_wconf 80' lang='grc' dir='ltr'><strong>ἦν</strong></span> <span class='ocrx_word' id='word_1_343' title='bbox 415 2971 444 3022; x_wconf 88' lang='lat'><strong>6</strong></span> <span class='ocrx_word' id='word_1_344' title='bbox 470 2970 660 3038; x_wconf 83' lang='grc' dir='ltr'><strong>Λόγος,</strong></span> <span class='ocrx_word' id='word_1_345' title='bbox 688 2969 834 3023; x_wconf 75' lang='grc' dir='ltr'><strong>ἔνδον</strong></span> <span class='ocrx_word' id='word_1_346' title='bbox 861 2969 1037 3041; x_wconf 79' lang='grc' dir='ltr'><strong>μένων</strong></span> <span class='ocrx_word' id='word_1_347' title='bbox 1062 2972 1120 3024; x_wconf 80' lang='grc' dir='ltr'><strong>ὲν</strong></span> <span class='ocrx_word' id='word_1_348' title='bbox 1141 2971 1467 3042; x_wconf 78' lang='grc' dir='ltr'><strong>ἡσυχάζοντι</strong></span> <span class='ocrx_word' id='word_1_349' title='bbox 1483 2971 1560 3044; x_wconf 85' lang='grc' dir='ltr'><strong>τῷ</strong></span> <span class='ocrx_word' id='word_1_350' title='bbox 1584 2973 1790 3043; x_wconf 77' lang='grc' dir='ltr'><strong>Πατρίο</strong></span> 
     </span>
    </p>
   </div>
   <div class='ocr_carea' id='block_1_49' title="bbox 192 3060 1862 3166">
    <p class='ocr_par' dir='ltr' id='par_1_49' title="bbox 192 3060 1862 3166">
     <span class='ocr_line' id='line_1_49' title="bbox 192 3060 1862 3166; baseline 0.003 -51"><span class='ocrx_word' id='word_1_351' title='bbox 192 3060 314 3132; x_wconf 82' lang='grc'>(50)</span> <span class='ocrx_word' id='word_1_352' title='bbox 337 3061 575 3132; x_wconf 79' lang='grc' dir='ltr'><strong>ἐνεργῶν</strong></span> <span class='ocrx_word' id='word_1_353' title='bbox 606 3061 662 3115; x_wconf 84' lang='grc' dir='ltr'><strong>δὲ</strong></span> <span class='ocrx_word' id='word_1_354' title='bbox 684 3063 740 3115; x_wconf 83' lang='grc' dir='ltr'><strong>ὲν</strong></span> <span class='ocrx_word' id='word_1_355' title='bbox 759 3061 838 3132; x_wconf 83' lang='grc' dir='ltr'><strong>τῷ</strong></span> <span class='ocrx_word' id='word_1_356' title='bbox 862 3063 960 3133; x_wconf 86' lang='grc' dir='ltr'><strong>τὴν</strong></span> <span class='ocrx_word' id='word_1_357' title='bbox 982 3063 1160 3117; x_wconf 83' lang='grc' dir='ltr'><strong>κτίσιν</strong></span> <span class='ocrx_word' id='word_1_358' title='bbox 1192 3063 1570 3136; x_wconf 79' lang='grc' dir='ltr'><strong>δημιουργεῖν,</strong></span> <span class='ocrx_word' id='word_1_359' title='bbox 1592 3066 1792 3137; x_wconf 86' lang='grc' dir='ltr'><strong>ὁμοίως</strong></span> <span class='ocrx_word' id='word_1_360' title='bbox 1821 3108 1862 3166; x_wconf 74' lang='lat' dir='ltr'><strong><em>C</em></strong></span> 
     </span>
    </p>
   </div>
   <div class='ocr_carea' id='block_1_50' title="bbox 188 3152 1791 3228">
    <p class='ocr_par' dir='ltr' id='par_1_50' title="bbox 188 3152 1791 3228">
     <span class='ocr_line' id='line_1_50' title="bbox 188 3152 1791 3228; baseline 0.004 -23"><span class='ocrx_word' id='word_1_361' title='bbox 188 3152 276 3224; x_wconf 83' lang='grc' dir='ltr'><strong>τῷ</strong></span> <span class='ocrx_word' id='word_1_362' title='bbox 297 3153 569 3224; x_wconf 77' lang='grc' dir='ltr'><strong>ἡμετέρῳ,</strong></span> <span class='ocrx_word' id='word_1_363' title='bbox 603 3155 660 3207; x_wconf 83' lang='grc' dir='ltr'><strong>ὲν</strong></span> <span class='ocrx_word' id='word_1_364' title='bbox 693 3153 942 3207; x_wconf 89' lang='grc' dir='ltr'><strong>σιωπῶσι</strong></span> <span class='ocrx_word' id='word_1_365' title='bbox 971 3153 1068 3226; x_wconf 82' lang='grc' dir='ltr'><strong>μὲν</strong></span> <span class='ocrx_word' id='word_1_366' title='bbox 1092 3153 1438 3226; x_wconf 82' lang='grc' dir='ltr'><strong>ἡσυχάζοντι,</strong></span> <span class='ocrx_word' id='word_1_367' title='bbox 1465 3157 1524 3210; x_wconf 83' lang='grc' dir='ltr'><strong>ὲν</strong></span> <span class='ocrx_word' id='word_1_368' title='bbox 1553 3157 1609 3210; x_wconf 83' lang='grc' dir='ltr'><strong>δὲ</strong></span> <span class='ocrx_word' id='word_1_369' title='bbox 1631 3157 1791 3228; x_wconf 76' lang='grc' dir='ltr'><strong>φθεγ-</strong></span> 
     </span>
    </p>
   </div>
   <div class='ocr_carea' id='block_1_51' title="bbox 190 3245 1790 3319">
    <p class='ocr_par' dir='ltr' id='par_1_51' title="bbox 190 3245 1790 3319">
     <span class='ocr_line' id='line_1_51' title="bbox 190 3245 1790 3319; baseline 0.005 -23"><span class='ocrx_word' id='word_1_370' title='bbox 190 3245 452 3317; x_wconf 75' lang='grc' dir='ltr'><strong>γομένοις</strong></span> <span class='ocrx_word' id='word_1_371' title='bbox 483 3245 813 3316; x_wconf 83' lang='grc' dir='ltr'><strong>ὲνεργοῦντι,</strong></span> <span class='ocrx_word' id='word_1_372' title='bbox 841 3245 998 3317; x_wconf 85' lang='grc' dir='ltr'><strong>δῆλον</strong></span> <span class='ocrx_word' id='word_1_373' title='bbox 1021 3245 1087 3300; x_wconf 84' lang='grc' dir='ltr'><strong>ἂν</strong></span> <span class='ocrx_word' id='word_1_374' title='bbox 1113 3247 1198 3319; x_wconf 76' lang='grc' dir='ltr'><strong>εἴη</strong></span> <span class='ocrx_word' id='word_1_375' title='bbox 1237 3247 1511 3319; x_wconf 87' lang='grc' dir='ltr'><strong>Ἰουδαῖκῷ</strong></span> <span class='ocrx_word' id='word_1_376' title='bbox 1536 3267 1642 3302; x_wconf 91' lang='grc' dir='ltr'><strong>τινι</strong></span> <span class='ocrx_word' id='word_1_377' title='bbox 1695 3251 1790 3304; x_wconf 67' lang='grc' dir='ltr'><strong>καὶ¹</strong></span> 
     </span>
    </p>
   </div>
   <div class='ocr_carea' id='block_1_52' title="bbox 190 3336 1790 3411">
    <p class='ocr_par' dir='ltr' id='par_1_52' title="bbox 190 3336 1790 3411">
     <span class='ocr_line' id='line_1_52' title="bbox 190 3336 1790 3411; baseline -0.001 -17"><span class='ocrx_word' id='word_1_378' title='bbox 190 3337 525 3408; x_wconf 76' lang='grc' dir='ltr'><strong>ἀνθρωπίνῳ</strong></span> <span class='ocrx_word' id='word_1_379' title='bbox 558 3336 866 3409; x_wconf 84' lang='grc' dir='ltr'><strong>συντρέχων</strong></span> <span class='ocrx_word' id='word_1_380' title='bbox 890 3338 1215 3410; x_wconf 85' lang='grc' dir='ltr'><strong>φρονήματι,</strong></span> <span class='ocrx_word' id='word_1_381' title='bbox 1233 3338 1324 3392; x_wconf 84' lang='grc' dir='ltr'><strong>τὸν</strong></span> <span class='ocrx_word' id='word_1_382' title='bbox 1346 3338 1392 3392; x_wconf 81' lang='grc' dir='ltr'><strong>δ’</strong></span> <span class='ocrx_word' id='word_1_383' title='bbox 1421 3338 1633 3411; x_wconf 86' lang='grc' dir='ltr'><strong>ἀληθῶς</strong></span> <span class='ocrx_word' id='word_1_384' title='bbox 1663 3339 1790 3392; x_wconf 82' lang='grc' dir='ltr'><strong>Υίὸν</strong></span> 
     </span>
    </p>
   </div>
   <div class='ocr_carea' id='block_1_53' title="bbox 190 3429 1791 3504">
    <p class='ocr_par' dir='ltr' id='par_1_53' title="bbox 190 3429 1791 3504">
     <span class='ocr_line' id='line_1_53' title="bbox 190 3429 1791 3504; baseline 0.001 -20"><span class='ocrx_word' id='word_1_385' title='bbox 190 3429 295 3484; x_wconf 84' lang='grc' dir='ltr'><strong>τοῦ</strong></span> <span class='ocrx_word' id='word_1_386' title='bbox 329 3430 466 3484; x_wconf 89' lang='grc' dir='ltr'><strong>Θεοῦ</strong></span> <span class='ocrx_word' id='word_1_387' title='bbox 509 3430 862 3502; x_wconf 84' lang='grc' dir='ltr'><strong>ἀρνούμενος.</strong></span> <span class='ocrx_word' id='word_1_388' title='bbox 915 3432 980 3486; x_wconf 86' lang='lat' dir='ltr'><strong>El</strong></span> <span class='ocrx_word' id='word_1_389' title='bbox 1007 3431 1138 3500; x_wconf 90' lang='grc' dir='ltr'><strong>γοῦν</strong></span> <span class='ocrx_word' id='word_1_390' title='bbox 1164 3449 1249 3496; x_wconf 91' lang='grc' dir='ltr'><strong>τις</strong></span> <span class='ocrx_word' id='word_1_391' title='bbox 1294 3431 1563 3486; x_wconf 89' lang='grc' dir='ltr'><strong>Ἰουδαίων</strong></span> <span class='ocrx_word' id='word_1_392' title='bbox 1611 3431 1791 3504; x_wconf 79' lang='grc' dir='ltr'><strong>ἔροιτό</strong></span> 
     </span>
    </p>
   </div>
   <div class='ocr_carea' id='block_1_54' title="bbox 191 3521 1788 3596">
    <p class='ocr_par' dir='ltr' id='par_1_54' title="bbox 191 3521 1788 3596">
     <span class='ocr_line' id='line_1_54' title="bbox 191 3521 1788 3596; baseline 0.001 -20"><span class='ocrx_word' id='word_1_393' title='bbox 191 3539 343 3587; x_wconf 87' lang='grc' dir='ltr'><strong>τινα,</strong></span> <span class='ocrx_word' id='word_1_394' title='bbox 370 3523 420 3575; x_wconf 83' lang='grc' dir='ltr'><strong>εἰ</strong></span> <span class='ocrx_word' id='word_1_395' title='bbox 444 3524 616 3592; x_wconf 86' lang='grc' dir='ltr'><strong>Λόγον</strong></span> <span class='ocrx_word' id='word_1_396' title='bbox 647 3521 763 3593; x_wconf 71' lang='grc' dir='ltr'><strong>ἔχοι</strong></span> <span class='ocrx_word' id='word_1_397' title='bbox 783 3525 812 3576; x_wconf 89' lang='grc' dir='ltr'>ὁ</span> <span class='ocrx_word' id='word_1_398' title='bbox 840 3523 972 3587; x_wconf 88' lang='grc' dir='ltr'><strong>Θεός</strong></span> <span class='ocrx_word' id='word_1_399' title='bbox 996 3540 1011 3588; x_wconf 92' lang='grc'>;</span> <span class='ocrx_word' id='word_1_400' title='bbox 1040 3523 1258 3588; x_wconf 86' lang='grc' dir='ltr'><strong>πάντως</strong></span> <span class='ocrx_word' id='word_1_401' title='bbox 1285 3541 1388 3577; x_wconf 82' lang='grc' dir='ltr'><strong>που</strong></span> <span class='ocrx_word' id='word_1_402' title='bbox 1421 3525 1604 3596; x_wconf 85' lang='grc' dir='ltr'><strong>φήσει.</strong></span> <span class='ocrx_word' id='word_1_403' title='bbox 1634 3525 1788 3578; x_wconf 79' lang='grc' dir='ltr'><strong>Ἐπεὶ</strong></span> 
     </span>
    </p>
   </div>
   <div class='ocr_carea' id='block_1_55' title="bbox 195 3613 1789 3687">
    <p class='ocr_par' dir='ltr' id='par_1_55' title="bbox 195 3613 1789 3687">
     <span class='ocr_line' id='line_1_55' title="bbox 195 3613 1789 3687; baseline 0.002 -19"><span class='ocrx_word' id='word_1_404' title='bbox 195 3616 535 3686; x_wconf 63' lang='grc' dir='ltr'><strong>καὶρΛόνον,</strong></span> <span class='ocrx_word' id='word_1_405' title='bbox 569 3617 665 3669; x_wconf 80' lang='grc' dir='ltr'><strong>καὶ</strong></span> <span class='ocrx_word' id='word_1_406' title='bbox 696 3615 928 3684; x_wconf 77' lang='grc' dir='ltr'><strong>Λόγους</strong></span> <span class='ocrx_word' id='word_1_407' title='bbox 957 3613 1178 3680; x_wconf 88' lang='grc' dir='ltr'><strong>πλείους</strong></span> <span class='ocrx_word' id='word_1_408' title='bbox 1209 3615 1354 3687; x_wconf 77' lang='grc' dir='ltr'><strong>ἔχειν</strong></span> <span class='ocrx_word' id='word_1_409' title='bbox 1380 3617 1563 3680; x_wconf 81' lang='grc' dir='ltr'><strong>αὐτὸν,</strong></span> <span class='ocrx_word' id='word_1_410' title='bbox 1598 3616 1789 3687; x_wconf 84' lang='grc' dir='ltr'><strong>ὁμολο-</strong></span> 
     </span>
    </p>
   </div>
   <div class='ocr_carea' id='block_1_56' title="bbox 192 3707 1789 3781">
    <p class='ocr_par' dir='ltr' id='par_1_56' title="bbox 192 3707 1789 3781">
     <span class='ocr_line' id='line_1_56' title="bbox 192 3707 1789 3781; baseline 0 -18"><span class='ocrx_word' id='word_1_411' title='bbox 192 3712 420 3781; x_wconf 86' lang='grc' dir='ltr'><strong>γήσειεν</strong></span> <span class='ocrx_word' id='word_1_412' title='bbox 444 3709 512 3765; x_wconf 75' lang='grc' dir='ltr'><strong>ἂν</strong></span> <span class='ocrx_word' id='word_1_413' title='bbox 546 3709 815 3764; x_wconf 86' lang='grc' dir='ltr'><strong>Ἰουδαίων</strong></span> <span class='ocrx_word' id='word_1_414' title='bbox 854 3709 1020 3772; x_wconf 77' lang='grc' dir='ltr'><strong>ἄπας.</strong></span> <span class='ocrx_word' id='word_1_415' title='bbox 1065 3709 1130 3762; x_wconf 80' lang='lat' dir='ltr'><strong>Ei.</strong></span> <span class='ocrx_word' id='word_1_416' title='bbox 1158 3707 1215 3761; x_wconf 88' lang='grc' dir='ltr'><strong>δὲ</strong></span> <span class='ocrx_word' id='word_1_417' title='bbox 1254 3707 1349 3763; x_wconf 80' lang='grc' dir='ltr'><strong>καὶ</strong></span> <span class='ocrx_word' id='word_1_418' title='bbox 1374 3707 1488 3762; x_wconf 88' lang='grc' dir='ltr'><strong>υἱὸν</strong></span> <span class='ocrx_word' id='word_1_419' title='bbox 1524 3707 1657 3780; x_wconf 75' lang='grc' dir='ltr'><strong>ἔχει,</strong></span> <span class='ocrx_word' id='word_1_420' title='bbox 1688 3709 1789 3763; x_wconf 83' lang='grc' dir='ltr'><strong>οὐκ</strong></span> 
     </span>
    </p>
   </div>
   <div class='ocr_carea' id='block_1_57' title="bbox 201 3847 862 3920">
    <p class='ocr_par' dir='ltr' id='par_1_57' title="bbox 201 3847 862 3920">
     <span class='ocr_line' id='line_1_57' title="bbox 201 3847 862 3920; baseline 0 -19"><span class='ocrx_word' id='word_1_421' title='bbox 201 3854 264 3914; x_wconf 57' lang='grc' dir='ltr'><strong>»Ε</strong></span> <span class='ocrx_word' id='word_1_422' title='bbox 300 3847 400 3902; x_wconf 90' lang='lat' dir='ltr'><strong>Ed.</strong></span> <span class='ocrx_word' id='word_1_423' title='bbox 427 3848 628 3912; x_wconf 86' lang='lat' dir='ltr'><strong>Paris.,</strong></span> <span class='ocrx_word' id='word_1_424' title='bbox 659 3863 762 3920; x_wconf 89' lang='lat' dir='ltr'><strong>pag</strong></span> <span class='ocrx_word' id='word_1_425' title='bbox 807 3849 862 3902; x_wconf 71' lang='grc'><strong>4.</strong></span> 
     </span>
    </p>
   </div>
   <div class='ocr_carea' id='block_1_58' title="bbox 195 4124 1780 4198">
    <p class='ocr_par' dir='ltr' id='par_1_58' title="bbox 195 4124 1780 4198">
     <span class='ocr_line' id='line_1_58' title="bbox 195 4124 1780 4198; baseline -0.001 -13"><span class='ocrx_word' id='word_1_426' title='bbox 195 4139 298 4185; x_wconf 85' lang='lat' dir='ltr'><strong>aut</strong></span> <span class='ocrx_word' id='word_1_427' title='bbox 324 4127 475 4182; x_wconf 77' lang='grc' dir='ltr'><strong>ἔνθεν</strong></span> <span class='ocrx_word' id='word_1_428' title='bbox 517 4144 656 4192; x_wconf 88' lang='grc' dir='ltr'><strong>πως,</strong></span> <span class='ocrx_word' id='word_1_429' title='bbox 697 4128 761 4182; x_wconf 85' lang='lat' dir='ltr'><strong>de</strong></span> <span class='ocrx_word' id='word_1_430' title='bbox 800 4124 1042 4181; x_wconf 75' lang='lat' dir='ltr'><strong>Ecclesia</strong></span> <span class='ocrx_word' id='word_1_431' title='bbox 1081 4126 1181 4184; x_wconf 82' lang='lat' dir='ltr'><strong>Dei</strong></span> <span class='ocrx_word' id='word_1_432' title='bbox 1236 4138 1449 4198; x_wconf 87' lang='lat' dir='ltr'><strong>accepta</strong></span> <span class='ocrx_word' id='word_1_433' title='bbox 1490 4128 1780 4184; x_wconf 80' lang='lat' dir='ltr'><strong>institutio-</strong></span> 
     </span>
    </p>
   </div>
   <div class='ocr_carea' id='block_1_59' title="bbox 194 4209 420 4266">
    <p class='ocr_par' dir='ltr' id='par_1_59' title="bbox 194 4209 420 4266">
     <span class='ocr_line' id='line_1_59' title="bbox 194 4209 420 4266; baseline -0.018 -10"><span class='ocrx_word' id='word_1_434' title='bbox 194 4217 289 4266; x_wconf 73' lang='grc' dir='ltr'><strong>ιιι,</strong></span> <span class='ocrx_word' id='word_1_435' title='bbox 315 4209 420 4253; x_wconf 87' lang='lat' dir='ltr'><strong>etc.</strong></span> 
     </span>
    </p>
   </div>
   <div class='ocr_carea' id='block_1_60' title="bbox 275 4263 1774 4341">
    <p class='ocr_par' dir='ltr' id='par_1_60' title="bbox 275 4263 1774 4341">
     <span class='ocr_line' id='line_1_60' title="bbox 275 4263 1774 4341; baseline 0.001 -18"><span class='ocrx_word' id='word_1_436' title='bbox 275 4263 437 4341; x_wconf 72' lang='lat'><strong>(26“)</strong></span> <span class='ocrx_word' id='word_1_437' title='bbox 467 4270 550 4341; x_wconf 82' lang='grc' dir='ltr'><strong>οὐ</strong></span> <span class='ocrx_word' id='word_1_438' title='bbox 569 4267 838 4341; x_wconf 44' lang='grc' dir='ltr'><strong>μήηιιεα.</strong></span> <span class='ocrx_word' id='word_1_439' title='bbox 863 4267 1041 4341; x_wconf 33' lang='grc' dir='ltr'><strong>ὂ-μήιξ</strong></span> <span class='ocrx_word' id='word_1_440' title='bbox 1073 4263 1162 4341; x_wconf 74' lang='grc' dir='ltr'><strong>ᾖν,</strong></span> <span class='ocrx_word' id='word_1_441' title='bbox 1193 4277 1249 4323; x_wconf 90' lang='lat' dir='ltr'><strong>et</strong></span> <span class='ocrx_word' id='word_1_442' title='bbox 1278 4269 1554 4341; x_wconf 83' lang='lat' dir='ltr'><strong>deinceps,</strong></span> <span class='ocrx_word' id='word_1_443' title='bbox 1579 4269 1655 4334; x_wconf 86' lang='grc' dir='ltr'><strong>ὡς</strong></span> <span class='ocrx_word' id='word_1_444' title='bbox 1677 4269 1774 4324; x_wconf 69' lang='grc' dir='ltr'><strong>καὶ</strong></span> 
     </span>
    </p>
   </div>
   <div class='ocr_carea' id='block_1_61' title="bbox 1888 1875 3464 1953">
    <p class='ocr_par' dir='ltr' id='par_1_61' title="bbox 1888 1875 3464 1953">
     <span class='ocr_line' id='line_1_61' title="bbox 1888 1875 3464 1953; baseline 0.003 -24"><span class='ocrx_word' id='word_1_445' title='bbox 1888 1875 2354 1946; x_wconf 67' lang='lat' dir='ltr'><strong>regenerationem</strong></span> <span class='ocrx_word' id='word_1_446' title='bbox 2399 1876 2478 1942; x_wconf 85' lang='lat' dir='ltr'><strong>tit,</strong></span> <span class='ocrx_word' id='word_1_447' title='bbox 2519 1877 2571 1932; x_wconf 91' lang='lat' dir='ltr'><strong>in</strong></span> <span class='ocrx_word' id='word_1_448' title='bbox 2599 1877 2840 1944; x_wconf 80' lang='lat' dir='ltr'><strong>Christo,</strong></span> <span class='ocrx_word' id='word_1_449' title='bbox 2889 1881 3015 1936; x_wconf 91' lang='lat' dir='ltr'><strong>inde</strong></span> <span class='ocrx_word' id='word_1_450' title='bbox 3063 1891 3370 1953; x_wconf 83' lang='lat' dir='ltr'><strong>acceptam,</strong></span> <span class='ocrx_word' id='word_1_451' title='bbox 3403 1889 3464 1948; x_wconf 56' lang='lat'><strong>&gt;14</strong></span> 
     </span>
    </p>
   </div>
   <div class='ocr_carea' id='block_1_62' title="bbox 1889 1968 3469 2031">
    <p class='ocr_par' dir='ltr' id='par_1_62' title="bbox 1889 1968 3469 2031">
     <span class='ocr_line' id='line_1_62' title="bbox 1889 1968 3469 2031; baseline 0.006 -10"><span class='ocrx_word' id='word_1_452' title='bbox 1889 1968 2132 2023; x_wconf 83' lang='lat' dir='ltr'><strong>Ecclesia</strong></span> <span class='ocrx_word' id='word_1_453' title='bbox 2189 1968 2284 2024; x_wconf 86' lang='lat' dir='ltr'><strong>Dei</strong></span> <span class='ocrx_word' id='word_1_454' title='bbox 2336 1969 2575 2025; x_wconf 83' lang='lat' dir='ltr'><strong>ﬁdeliter</strong></span> <span class='ocrx_word' id='word_1_455' title='bbox 2629 1973 2884 2027; x_wconf 89' lang='lat' dir='ltr'><strong>custodit.</strong></span> <span class='ocrx_word' id='word_1_456' title='bbox 2919 1974 2986 2027; x_wconf 88' lang='lat' dir='ltr'><strong>Et</strong></span> <span class='ocrx_word' id='word_1_457' title='bbox 3035 1974 3142 2030; x_wconf 90' lang='lat' dir='ltr'><strong>hoc</strong></span> <span class='ocrx_word' id='word_1_458' title='bbox 3185 1985 3271 2031; x_wconf 88' lang='lat' dir='ltr'><strong>est</strong></span> <span class='ocrx_word' id='word_1_459' title='bbox 3335 1975 3469 2030; x_wconf 89' lang='lat' dir='ltr'><strong>illud</strong></span> 
     </span>
    </p>
   </div>
   <div class='ocr_carea' id='block_1_63' title="bbox 1888 2056 3471 2129">
    <p class='ocr_par' dir='ltr' id='par_1_63' title="bbox 1888 2056 3471 2129">
     <span class='ocr_line' id='line_1_63' title="bbox 1888 2056 3471 2129; baseline 0.008 -19"><span class='ocrx_word' id='word_1_460' title='bbox 1888 2056 2265 2129; x_wconf 81' lang='lat' dir='ltr'><strong>Evangelium,</strong></span> <span class='ocrx_word' id='word_1_461' title='bbox 2291 2061 2434 2127; x_wconf 86' lang='lat' dir='ltr'><strong>quod</strong></span> <span class='ocrx_word' id='word_1_462' title='bbox 2471 2061 2620 2116; x_wconf 93' lang='lat' dir='ltr'><strong>nullo</strong></span> <span class='ocrx_word' id='word_1_463' title='bbox 2645 2064 2802 2118; x_wconf 87' lang='lat' dir='ltr'><strong>modo</strong></span> <span class='ocrx_word' id='word_1_464' title='bbox 2846 2064 3000 2119; x_wconf 90' lang='lat' dir='ltr'><strong>licuit</strong></span> <span class='ocrx_word' id='word_1_465' title='bbox 3030 2065 3082 2120; x_wconf 93' lang='lat' dir='ltr'><strong>in</strong></span> <span class='ocrx_word' id='word_1_466' title='bbox 3111 2065 3256 2120; x_wconf 90' lang='lat' dir='ltr'><strong>aliud</strong></span> <span class='ocrx_word' id='word_1_467' title='bbox 3289 2075 3471 2123; x_wconf 87' lang='lat' dir='ltr'><strong>trans-</strong></span> 
     </span>
    </p>
   </div>
   <div class='ocr_carea' id='block_1_64' title="bbox 1889 2148 3468 2224">
    <p class='ocr_par' dir='ltr' id='par_1_64' title="bbox 1889 2148 3468 2224">
     <span class='ocr_line' id='line_1_64' title="bbox 1889 2148 3468 2224; baseline 0.009 -22"><span class='ocrx_word' id='word_1_468' title='bbox 1889 2148 2127 2205; x_wconf 83' lang='lat' dir='ltr'><strong>formare</strong></span> <span class='ocrx_word' id='word_1_469' title='bbox 2174 2153 2536 2223; x_wconf 81' lang='lat' dir='ltr'><strong>evangelium,</strong></span> <span class='ocrx_word' id='word_1_470' title='bbox 2589 2171 2710 2210; x_wconf 90' lang='lat' dir='ltr'><strong>cum</strong></span> <span class='ocrx_word' id='word_1_471' title='bbox 2766 2172 2953 2212; x_wconf 82' lang='lat' dir='ltr'><strong>revera</strong></span> <span class='ocrx_word' id='word_1_472' title='bbox 3007 2173 3111 2212; x_wconf 93' lang='lat' dir='ltr'><strong>non</strong></span> <span class='ocrx_word' id='word_1_473' title='bbox 3167 2159 3240 2213; x_wconf 87' lang='lat' dir='ltr'><strong>sit</strong></span> <span class='ocrx_word' id='word_1_474' title='bbox 3295 2159 3468 2224; x_wconf 90' lang='lat' dir='ltr'><strong>aliud,</strong></span> 
     </span>
    </p>
   </div>
   <div class='ocr_carea' id='block_1_65' title="bbox 1889 2241 3469 2309">
    <p class='ocr_par' dir='ltr' id='par_1_65' title="bbox 1889 2241 3469 2309">
     <span class='ocr_line' id='line_1_65' title="bbox 1889 2241 3469 2309; baseline 0.009 -16"><span class='ocrx_word' id='word_1_475' title='bbox 1889 2241 2348 2309; x_wconf 88' lang='lat' dir='ltr'><strong>quemadmodum</strong></span> <span class='ocrx_word' id='word_1_476' title='bbox 2395 2247 2634 2300; x_wconf 88' lang='lat' dir='ltr'><strong>secunda</strong></span> <span class='ocrx_word' id='word_1_477' title='bbox 2667 2249 2786 2304; x_wconf 91' lang='lat' dir='ltr'><strong>vice</strong></span> <span class='ocrx_word' id='word_1_478' title='bbox 2815 2260 3047 2304; x_wconf 85' lang='lat' dir='ltr'><strong>testatur</strong></span> <span class='ocrx_word' id='word_1_479' title='bbox 3087 2251 3280 2306; x_wconf 86' lang='lat' dir='ltr'><strong>beatus</strong></span> <span class='ocrx_word' id='word_1_480' title='bbox 3325 2250 3469 2307; x_wconf 87' lang='lat' dir='ltr'><strong>idem</strong></span> 
     </span>
    </p>
   </div>
   <div class='ocr_carea' id='block_1_66' title="bbox 1889 2334 3466 2412">
    <p class='ocr_par' dir='ltr' id='par_1_66' title="bbox 1889 2334 3466 2412">
     <span class='ocr_line' id='line_1_66' title="bbox 1889 2334 3466 2412; baseline 0.005 -24"><span class='ocrx_word' id='word_1_481' title='bbox 1889 2334 2200 2403; x_wconf 84' lang='lat' dir='ltr'><strong>Apostolus,</strong></span> <span class='ocrx_word' id='word_1_482' title='bbox 2232 2337 2298 2390; x_wconf 90' lang='lat' dir='ltr'><strong>ad</strong></span> <span class='ocrx_word' id='word_1_483' title='bbox 2327 2339 2546 2393; x_wconf 86' lang='lat' dir='ltr'><strong>eosdem</strong></span> <span class='ocrx_word' id='word_1_484' title='bbox 2605 2340 2726 2395; x_wconf 87' lang='lat' dir='ltr'><strong>illos</strong></span> <span class='ocrx_word' id='word_1_485' title='bbox 2779 2339 3001 2397; x_wconf 85' lang='lat' dir='ltr'><strong>Galatas</strong></span> <span class='ocrx_word' id='word_1_486' title='bbox 3048 2342 3121 2396; x_wconf 89' lang='lat' dir='ltr'><strong>ita</strong></span> <span class='ocrx_word' id='word_1_487' title='bbox 3173 2343 3466 2412; x_wconf 80' lang='lat' dir='ltr'><strong>profatus:</strong></span> 
     </span>
    </p>
   </div>
   <div class='ocr_carea' id='block_1_67' title="bbox 1890 2423 3474 2498">
    <p class='ocr_par' dir='ltr' id='par_1_67' title="bbox 1890 2423 3474 2498">
     <span class='ocr_line' id='line_1_67' title="bbox 1890 2423 3474 2498; baseline 0.005 -22"><span class='ocrx_word' id='word_1_488' title='bbox 1890 2423 2120 2478; x_wconf 78' lang='lat' dir='ltr'><strong>Etiamsi</strong></span> <span class='ocrx_word' id='word_1_489' title='bbox 2143 2425 2222 2480; x_wconf 82' lang='lat' dir='ltr'><strong>vel</strong></span> <span class='ocrx_word' id='word_1_490' title='bbox 2250 2442 2342 2480; x_wconf 79' lang='lat' dir='ltr'><strong>nos</strong></span> <span class='ocrx_word' id='word_1_491' title='bbox 2372 2428 2449 2481; x_wconf 86' lang='lat' dir='ltr'><strong>vel</strong></span> <span class='ocrx_word' id='word_1_492' title='bbox 2473 2427 2693 2498; x_wconf 79' lang='lat' dir='ltr'><strong>angelus</strong></span> <span class='ocrx_word' id='word_1_493' title='bbox 2722 2429 2786 2482; x_wconf 88' lang='lat' dir='ltr'><strong>de</strong></span> <span class='ocrx_word' id='word_1_494' title='bbox 2809 2429 2937 2484; x_wconf 70' lang='lat' dir='ltr'><strong>caelo</strong></span> <span class='ocrx_word' id='word_1_495' title='bbox 2964 2431 3108 2485; x_wconf 79' lang='lat' dir='ltr'><strong>vobis</strong></span> <span class='ocrx_word' id='word_1_496' title='bbox 3138 2430 3297 2485; x_wconf 81' lang='lat' dir='ltr'><strong>aliter</strong></span> <span class='ocrx_word' id='word_1_497' title='bbox 3317 2445 3474 2485; x_wconf 83' lang='lat' dir='ltr'><strong>cvan-</strong></span> 
     </span>
    </p>
   </div>
   <div class='ocr_carea' id='block_1_68' title="bbox 1889 2518 3472 2591">
    <p class='ocr_par' dir='ltr' id='par_1_68' title="bbox 1889 2518 3472 2591">
     <span class='ocr_line' id='line_1_68' title="bbox 1889 2518 3472 2591; baseline 0.005 -21"><span class='ocrx_word' id='word_1_498' title='bbox 1889 2518 2214 2586; x_wconf 76' lang='lat' dir='ltr'><strong>gelizaverit,</strong></span> <span class='ocrx_word' id='word_1_499' title='bbox 2245 2536 2402 2589; x_wconf 83' lang='lat' dir='ltr'><strong>quam</strong></span> <span class='ocrx_word' id='word_1_500' title='bbox 2439 2529 2497 2574; x_wconf 89' lang='lat' dir='ltr'><strong>ut</strong></span> <span class='ocrx_word' id='word_1_501' title='bbox 2540 2523 2838 2591; x_wconf 76' lang='lat' dir='ltr'><strong>accepistis,</strong></span> <span class='ocrx_word' id='word_1_502' title='bbox 2869 2528 3152 2579; x_wconf 79' lang='lat' dir='ltr'><strong>anathema</strong></span> <span class='ocrx_word' id='word_1_503' title='bbox 3179 2525 3278 2578; x_wconf 56' lang='lat' dir='ltr'><strong>sit.»</strong></span> <span class='ocrx_word' id='word_1_504' title='bbox 3304 2523 3472 2590; x_wconf 82' lang='lat' dir='ltr'><strong>Quasi</strong></span> 
     </span>
    </p>
   </div>
   <div class='ocr_carea' id='block_1_69' title="bbox 1892 2607 3468 2685">
    <p class='ocr_par' dir='ltr' id='par_1_69' title="bbox 1892 2607 3468 2685">
     <span class='ocr_line' id='line_1_69' title="bbox 1892 2607 3468 2685; baseline 0.007 -25"><span class='ocrx_word' id='word_1_505' title='bbox 1892 2607 1986 2676; x_wconf 89' lang='lat' dir='ltr'><strong>qui</strong></span> <span class='ocrx_word' id='word_1_506' title='bbox 2023 2608 2177 2676; x_wconf 82' lang='lat' dir='ltr'><strong>longe</strong></span> <span class='ocrx_word' id='word_1_507' title='bbox 2205 2621 2331 2666; x_wconf 91' lang='lat' dir='ltr'><strong>ante</strong></span> <span class='ocrx_word' id='word_1_508' title='bbox 2377 2611 2538 2668; x_wconf 89' lang='lat' dir='ltr'><strong>vellet</strong></span> <span class='ocrx_word' id='word_1_509' title='bbox 2578 2614 2911 2678; x_wconf 86' lang='lat' dir='ltr'><strong>admonitos.</strong></span> <span class='ocrx_word' id='word_1_510' title='bbox 2941 2624 3000 2669; x_wconf 91' lang='lat' dir='ltr'><strong>ut</strong></span> <span class='ocrx_word' id='word_1_511' title='bbox 3042 2614 3289 2685; x_wconf 90' lang='lat' dir='ltr'><strong>equidem</strong></span> <span class='ocrx_word' id='word_1_512' title='bbox 3324 2629 3468 2680; x_wconf 90' lang='lat' dir='ltr'><strong>reor,</strong></span> 
     </span>
    </p>
   </div>
   <div class='ocr_carea' id='block_1_70' title="bbox 1895 2701 3471 2776">
    <p class='ocr_par' dir='ltr' id='par_1_70' title="bbox 1895 2701 3471 2776">
     <span class='ocr_line' id='line_1_70' title="bbox 1895 2701 3471 2776; baseline 0.008 -22"><span class='ocrx_word' id='word_1_513' title='bbox 1895 2714 1995 2755; x_wconf 92' lang='lat' dir='ltr'><strong>nec</strong></span> <span class='ocrx_word' id='word_1_514' title='bbox 2023 2701 2295 2771; x_wconf 88' lang='lat' dir='ltr'><strong>episcopis</strong></span> <span class='ocrx_word' id='word_1_515' title='bbox 2326 2706 2657 2760; x_wconf 86' lang='lat' dir='ltr'><strong>credendum</strong></span> <span class='ocrx_word' id='word_1_516' title='bbox 2704 2720 2844 2770; x_wconf 86' lang='lat' dir='ltr'><strong>esse,</strong></span> <span class='ocrx_word' id='word_1_517' title='bbox 2881 2721 2982 2762; x_wconf 89' lang='lat' dir='ltr'><strong>nec</strong></span> <span class='ocrx_word' id='word_1_518' title='bbox 3005 2709 3335 2776; x_wconf 74' lang='lat' dir='ltr'><strong>przepositis,</strong></span> <span class='ocrx_word' id='word_1_519' title='bbox 3367 2725 3471 2766; x_wconf 91' lang='lat' dir='ltr'><strong>nec</strong></span> 
     </span>
    </p>
   </div>
   <div class='ocr_carea' id='block_1_71' title="bbox 1895 2791 3470 2868">
    <p class='ocr_par' dir='ltr' id='par_1_71' title="bbox 1895 2791 3470 2868">
     <span class='ocr_line' id='line_1_71' title="bbox 1895 2791 3470 2868; baseline 0.006 -23"><span class='ocrx_word' id='word_1_520' title='bbox 1895 2791 2234 2859; x_wconf 91' lang='lat' dir='ltr'><strong>doctoribus,</strong></span> <span class='ocrx_word' id='word_1_521' title='bbox 2260 2793 2306 2848; x_wconf 90' lang='lat' dir='ltr'><strong>si</strong></span> <span class='ocrx_word' id='word_1_522' title='bbox 2335 2795 2485 2850; x_wconf 79' lang='lat' dir='ltr'><strong>verbi</strong></span> <span class='ocrx_word' id='word_1_523' title='bbox 2517 2796 2804 2853; x_wconf 87' lang='lat' dir='ltr'><strong>veritatem</strong></span> <span class='ocrx_word' id='word_1_524' title='bbox 2835 2808 3148 2868; x_wconf 79' lang='lat' dir='ltr'><strong>pervertere</strong></span> <span class='ocrx_word' id='word_1_525' title='bbox 3175 2809 3232 2854; x_wconf 91' lang='lat' dir='ltr'><strong>et</strong></span> <span class='ocrx_word' id='word_1_526' title='bbox 3262 2801 3470 2856; x_wconf 86' lang='lat' dir='ltr'><strong>distor-</strong></span> 
     </span>
    </p>
   </div>
   <div class='ocr_carea' id='block_1_72' title="bbox 1894 2886 3469 2958">
    <p class='ocr_par' dir='ltr' id='par_1_72' title="bbox 1894 2886 3469 2958">
     <span class='ocr_line' id='line_1_72' title="bbox 1894 2886 3469 2958; baseline 0.008 -24"><span class='ocrx_word' id='word_1_527' title='bbox 1894 2895 2063 2950; x_wconf 87' lang='lat' dir='ltr'><strong>quere</strong></span> <span class='ocrx_word' id='word_1_528' title='bbox 2093 2898 2282 2938; x_wconf 91' lang='lat' dir='ltr'><strong>eorum</strong></span> <span class='ocrx_word' id='word_1_529' title='bbox 2311 2886 2506 2955; x_wconf 90' lang='lat' dir='ltr'><strong>aliquis</strong></span> <span class='ocrx_word' id='word_1_530' title='bbox 2520 2890 2884 2944; x_wconf 87' lang='lat' dir='ltr'><strong>attentaverit.</strong></span> <span class='ocrx_word' id='word_1_531' title='bbox 2901 2888 3118 2946; x_wconf 78' lang='lat' dir='ltr'><strong>Veritas</strong></span> <span class='ocrx_word' id='word_1_532' title='bbox 3140 2901 3322 2948; x_wconf 91' lang='lat' dir='ltr'><strong>autem</strong></span> <span class='ocrx_word' id='word_1_533' title='bbox 3355 2893 3469 2958; x_wconf 87' lang='lat' dir='ltr'><strong>illa,</strong></span> 
     </span>
    </p>
   </div>
   <div class='ocr_carea' id='block_1_73' title="bbox 1895 2975 3470 3054">
    <p class='ocr_par' dir='ltr' id='par_1_73' title="bbox 1895 2975 3470 3054">
     <span class='ocr_line' id='line_1_73' title="bbox 1895 2975 3470 3054; baseline 0.006 -25"><span class='ocrx_word' id='word_1_534' title='bbox 1895 2975 2063 3045; x_wconf 65' lang='lat' dir='ltr'><strong>quae?</strong></span> <span class='ocrx_word' id='word_1_535' title='bbox 2091 2976 2208 3044; x_wconf 87' lang='lat' dir='ltr'><strong>Qua</strong></span> <span class='ocrx_word' id='word_1_536' title='bbox 2258 2977 2428 3032; x_wconf 90' lang='lat' dir='ltr'><strong>Deum</strong></span> <span class='ocrx_word' id='word_1_537' title='bbox 2481 2995 2604 3034; x_wconf 89' lang='lat' dir='ltr'><strong>esse</strong></span> <span class='ocrx_word' id='word_1_538' title='bbox 2638 2980 2855 3036; x_wconf 85' lang='lat' dir='ltr'><strong>Patrem</strong></span> <span class='ocrx_word' id='word_1_539' title='bbox 2883 2983 3175 3038; x_wconf 87' lang='lat' dir='ltr'><strong>edocemur</strong></span> <span class='ocrx_word' id='word_1_540' title='bbox 3207 2999 3220 3036; x_wconf 91' lang='lat'>:</span> <span class='ocrx_word' id='word_1_541' title='bbox 3255 2998 3470 3054; x_wconf 89' lang='lat' dir='ltr'><strong>nempe,</strong></span> 
     </span>
    </p>
   </div>
   <div class='ocr_carea' id='block_1_74' title="bbox 1896 3066 3472 3144">
    <p class='ocr_par' dir='ltr' id='par_1_74' title="bbox 1896 3066 3472 3144">
     <span class='ocr_line' id='line_1_74' title="bbox 1896 3066 3472 3144; baseline 0.006 -23"><span class='ocrx_word' id='word_1_542' title='bbox 1896 3081 2003 3136; x_wconf 90' lang='lat' dir='ltr'><strong>qua</strong></span> <span class='ocrx_word' id='word_1_543' title='bbox 2052 3066 2223 3123; x_wconf 93' lang='lat' dir='ltr'><strong>Deum</strong></span> <span class='ocrx_word' id='word_1_544' title='bbox 2276 3072 2479 3126; x_wconf 87' lang='lat' dir='ltr'><strong>habere</strong></span> <span class='ocrx_word' id='word_1_545' title='bbox 2510 3072 2706 3126; x_wconf 87' lang='lat' dir='ltr'><strong>Filium</strong></span> <span class='ocrx_word' id='word_1_546' title='bbox 2763 3074 2920 3128; x_wconf 86' lang='lat' dir='ltr'><strong>nobis</strong></span> <span class='ocrx_word' id='word_1_547' title='bbox 2953 3073 3225 3128; x_wconf 89' lang='lat' dir='ltr'><strong>traditur:</strong></span> <span class='ocrx_word' id='word_1_548' title='bbox 3257 3089 3363 3144; x_wconf 90' lang='lat' dir='ltr'><strong>qua</strong></span> <span class='ocrx_word' id='word_1_549' title='bbox 3403 3077 3472 3132; x_wconf 85' lang='lat' dir='ltr'><strong>ad</strong></span> 
     </span>
    </p>
   </div>
   <div class='ocr_carea' id='block_1_75' title="bbox 1898 3157 3476 3233">
    <p class='ocr_par' dir='ltr' id='par_1_75' title="bbox 1898 3157 3476 3233">
     <span class='ocr_line' id='line_1_75' title="bbox 1898 3157 3476 3233; baseline 0.005 -21"><span class='ocrx_word' id='word_1_550' title='bbox 1898 3157 2137 3229; x_wconf 88' lang='lat' dir='ltr'><strong>Spiritus</strong></span> <span class='ocrx_word' id='word_1_551' title='bbox 2169 3163 2342 3217; x_wconf 89' lang='lat' dir='ltr'><strong>sancti</strong></span> <span class='ocrx_word' id='word_1_552' title='bbox 2392 3164 2866 3233; x_wconf 84' lang='lat' dir='ltr'><strong>participationem</strong></span> <span class='ocrx_word' id='word_1_553' title='bbox 2898 3166 2967 3220; x_wconf 88' lang='lat' dir='ltr'><strong>ab</strong></span> <span class='ocrx_word' id='word_1_554' title='bbox 3011 3165 3221 3221; x_wconf 89' lang='lat' dir='ltr'><strong>ardenti</strong></span> <span class='ocrx_word' id='word_1_555' title='bbox 3256 3167 3476 3222; x_wconf 81' lang='lat' dir='ltr'><strong>deside-</strong></span> 
     </span>
    </p>
   </div>
   <div class='ocr_carea' id='block_1_76' title="bbox 1898 3253 3476 3328">
    <p class='ocr_par' dir='ltr' id='par_1_76' title="bbox 1898 3253 3476 3328">
     <span class='ocr_line' id='line_1_76' title="bbox 1898 3253 3476 3328; baseline 0.007 -22"><span class='ocrx_word' id='word_1_556' title='bbox 1898 3253 1982 3307; x_wconf 92' lang='lat' dir='ltr'><strong>rio</strong></span> <span class='ocrx_word' id='word_1_557' title='bbox 2007 3253 2330 3309; x_wconf 81' lang='lat' dir='ltr'><strong>excitamur.</strong></span> <span class='ocrx_word' id='word_1_558' title='bbox 2359 3255 2490 3322; x_wconf 81' lang='lat' dir='ltr'><strong>Quae</strong></span> <span class='ocrx_word' id='word_1_559' title='bbox 2515 3266 2640 3313; x_wconf 91' lang='lat' dir='ltr'><strong>sunt</strong></span> <span class='ocrx_word' id='word_1_560' title='bbox 2673 3257 2906 3328; x_wconf 87' lang='lat' dir='ltr'><strong>insignia</strong></span> <span class='ocrx_word' id='word_1_561' title='bbox 2926 3261 3171 3327; x_wconf 65' lang='lat' dir='ltr'><strong>quazdam</strong></span> <span class='ocrx_word' id='word_1_562' title='bbox 3201 3259 3476 3317; x_wconf 73' lang='lat' dir='ltr'><strong>Christia-</strong></span> 
     </span>
    </p>
   </div>
   <div class='ocr_carea' id='block_1_77' title="bbox 1899 3347 3474 3419">
    <p class='ocr_par' dir='ltr' id='par_1_77' title="bbox 1899 3347 3474 3419">
     <span class='ocr_line' id='line_1_77' title="bbox 1899 3347 3474 3419; baseline 0.008 -21"><span class='ocrx_word' id='word_1_563' title='bbox 1899 3360 2092 3401; x_wconf 90' lang='lat' dir='ltr'><strong>norum</strong></span> <span class='ocrx_word' id='word_1_564' title='bbox 2136 3347 2427 3416; x_wconf 87' lang='lat' dir='ltr'><strong>peculiaria</strong></span> <span class='ocrx_word' id='word_1_565' title='bbox 2453 3389 2469 3416; x_wconf 94' lang='lat'><strong>,</strong></span> <span class='ocrx_word' id='word_1_566' title='bbox 2511 3350 2709 3419; x_wconf 88' lang='lat' dir='ltr'><strong>quibus</strong></span> <span class='ocrx_word' id='word_1_567' title='bbox 2758 3348 2998 3404; x_wconf 88' lang='lat' dir='ltr'><strong>Ecclesia</strong></span> <span class='ocrx_word' id='word_1_568' title='bbox 3059 3350 3152 3406; x_wconf 88' lang='lat' dir='ltr'><strong>Dei</strong></span> <span class='ocrx_word' id='word_1_569' title='bbox 3196 3363 3386 3409; x_wconf 86' lang='lat' dir='ltr'><strong>sancta</strong></span> <span class='ocrx_word' id='word_1_570' title='bbox 3440 3369 3474 3410; x_wconf 69' lang='grc' dir='ltr'><strong>α</strong></span> 
     </span>
    </p>
   </div>
   <div class='ocr_carea' id='block_1_78' title="bbox 1895 3435 3472 3510">
    <p class='ocr_par' dir='ltr' id='par_1_78' title="bbox 1895 3435 3472 3510">
     <span class='ocr_line' id='line_1_78' title="bbox 1895 3435 3472 3510; baseline 0.006 -19"><span class='ocrx_word' id='word_1_571' title='bbox 1895 3435 2120 3494; x_wconf 68' lang='lat' dir='ltr'><strong>Iudaica</strong></span> <span class='ocrx_word' id='word_1_572' title='bbox 2147 3441 2329 3510; x_wconf 90' lang='lat' dir='ltr'><strong>politia</strong></span> <span class='ocrx_word' id='word_1_573' title='bbox 2363 3442 2791 3498; x_wconf 87' lang='lat' dir='ltr'><strong>discritninatur.</strong></span> <span class='ocrx_word' id='word_1_574' title='bbox 2815 3443 2973 3510; x_wconf 86' lang='lat' dir='ltr'><strong>Nam,</strong></span> <span class='ocrx_word' id='word_1_575' title='bbox 3031 3453 3090 3500; x_wconf 92' lang='lat' dir='ltr'><strong>ut</strong></span> <span class='ocrx_word' id='word_1_576' title='bbox 3126 3445 3256 3500; x_wconf 87' lang='lat' dir='ltr'><strong>olim</strong></span> <span class='ocrx_word' id='word_1_577' title='bbox 3283 3446 3472 3502; x_wconf 82' lang='lat' dir='ltr'><strong>Judai-</strong></span> 
     </span>
    </p>
   </div>
   <div class='ocr_carea' id='block_1_79' title="bbox 1893 3531 3471 3603">
    <p class='ocr_par' dir='ltr' id='par_1_79' title="bbox 1893 3531 3471 3603">
     <span class='ocr_line' id='line_1_79' title="bbox 1893 3531 3471 3603; baseline 0.008 -23"><span class='ocrx_word' id='word_1_578' title='bbox 1893 3540 2042 3582; x_wconf 90' lang='lat' dir='ltr'><strong>smus</strong></span> <span class='ocrx_word' id='word_1_579' title='bbox 2069 3544 2170 3599; x_wconf 89' lang='lat' dir='ltr'><strong>per</strong></span> <span class='ocrx_word' id='word_1_580' title='bbox 2210 3531 2370 3586; x_wconf 90' lang='lat' dir='ltr'><strong>unius</strong></span> <span class='ocrx_word' id='word_1_581' title='bbox 2403 3531 2682 3603; x_wconf 75' lang='lat' dir='ltr'><strong>soliusDei</strong></span> <span class='ocrx_word' id='word_1_582' title='bbox 2729 3534 3152 3601; x_wconf 84' lang='lat' dir='ltr'><strong>confessionem,</strong></span> <span class='ocrx_word' id='word_1_583' title='bbox 3188 3537 3471 3592; x_wconf 84' lang='lat' dir='ltr'><strong>ethnicunt</strong></span> 
     </span>
    </p>
   </div>
   <div class='ocr_carea' id='block_1_80' title="bbox 1894 3619 3474 3700">
    <p class='ocr_par' dir='ltr' id='par_1_80' title="bbox 1894 3619 3474 3700">
     <span class='ocr_line' id='line_1_80' title="bbox 1894 3619 3474 3700; baseline 0.007 -27"><span class='ocrx_word' id='word_1_584' title='bbox 1894 3619 1962 3674; x_wconf 88' lang='lat' dir='ltr'><strong>de</strong></span> <span class='ocrx_word' id='word_1_585' title='bbox 1991 3621 2175 3677; x_wconf 89' lang='lat' dir='ltr'><strong>multis</strong></span> <span class='ocrx_word' id='word_1_586' title='bbox 2201 3623 2305 3678; x_wconf 90' lang='lat' dir='ltr'><strong>diis</strong></span> <span class='ocrx_word' id='word_1_587' title='bbox 2337 3637 2580 3680; x_wconf 88' lang='lat' dir='ltr'><strong>errorem</strong></span> <span class='ocrx_word' id='word_1_588' title='bbox 2611 3625 2930 3696; x_wconf 86' lang='lat' dir='ltr'><strong>ablegabat,</strong></span> <span class='ocrx_word' id='word_1_589' title='bbox 2963 3625 3038 3682; x_wconf 90' lang='lat' dir='ltr'><strong>ita</strong></span> <span class='ocrx_word' id='word_1_590' title='bbox 3066 3643 3282 3698; x_wconf 90' lang='lat' dir='ltr'><strong>quoque</strong></span> <span class='ocrx_word' id='word_1_591' title='bbox 3307 3645 3474 3700; x_wconf 81' lang='lat' dir='ltr'><strong>supra</strong></span> 
     </span>
    </p>
   </div>
   <div class='ocr_carea' id='block_1_81' title="bbox 1895 3712 3472 3793">
    <p class='ocr_par' dir='ltr' id='par_1_81' title="bbox 1895 3712 3472 3793">
     <span class='ocr_line' id='line_1_81' title="bbox 1895 3712 3472 3793; baseline 0.006 -25"><span class='ocrx_word' id='word_1_592' title='bbox 1895 3712 2044 3768; x_wconf 87' lang='lat' dir='ltr'><strong>illam</strong></span> <span class='ocrx_word' id='word_1_593' title='bbox 2078 3715 2270 3784; x_wconf 88' lang='lat' dir='ltr'><strong>ipsam,</strong></span> <span class='ocrx_word' id='word_1_594' title='bbox 2303 3716 2561 3773; x_wconf 64' lang='lat' dir='ltr'><strong>Ecclesia!</strong></span> <span class='ocrx_word' id='word_1_595' title='bbox 2609 3719 2907 3788; x_wconf 79' lang='lat' dir='ltr'><strong>singularis</strong></span> <span class='ocrx_word' id='word_1_596' title='bbox 2956 3731 3011 3776; x_wconf 90' lang='lat' dir='ltr'><strong>et</strong></span> <span class='ocrx_word' id='word_1_597' title='bbox 3039 3721 3315 3776; x_wconf 82' lang='lat' dir='ltr'><strong>excellens</strong></span> <span class='ocrx_word' id='word_1_598' title='bbox 3342 3735 3472 3793; x_wconf 89' lang='lat' dir='ltr'><strong>cog-</strong></span> 
     </span>
    </p>
   </div>
   <div class='ocr_carea' id='block_1_82' title="bbox 1892 4122 3473 4194">
    <p class='ocr_par' dir='ltr' id='par_1_82' title="bbox 1892 4122 3473 4194">
     <span class='ocr_line' id='line_1_82' title="bbox 1892 4122 3473 4194; baseline -0.004 -12"><span class='ocrx_word' id='word_1_599' title='bbox 1892 4127 2136 4192; x_wconf 88' lang='lat' dir='ltr'><strong>unicum,</strong></span> <span class='ocrx_word' id='word_1_600' title='bbox 2163 4141 2268 4181; x_wconf 93' lang='lat' dir='ltr'><strong>non</strong></span> <span class='ocrx_word' id='word_1_601' title='bbox 2297 4124 2516 4180; x_wconf 87' lang='lat' dir='ltr'><strong>Patrem</strong></span> <span class='ocrx_word' id='word_1_602' title='bbox 2554 4123 2942 4194; x_wconf 82' lang='lat' dir='ltr'><strong>agnoscebant,</strong></span> <span class='ocrx_word' id='word_1_603' title='bbox 2980 4131 3039 4176; x_wconf 93' lang='lat' dir='ltr'><strong>ut</strong></span> <span class='ocrx_word' id='word_1_604' title='bbox 3073 4136 3131 4178; x_wconf 89' lang='lat' dir='ltr'><strong>se</strong></span> <span class='ocrx_word' id='word_1_605' title='bbox 3176 4122 3473 4194; x_wconf 84' lang='lat' dir='ltr'><strong>aliquoties</strong></span> 
     </span>
    </p>
   </div>
   <div class='ocr_carea' id='block_1_83' title="bbox 1889 4194 3476 4267">
    <p class='ocr_par' dir='ltr' id='par_1_83' title="bbox 1889 4194 3476 4267">
     <span class='ocr_line' id='line_1_83' title="bbox 1889 4194 3476 4267; baseline -0.001 -15"><span class='ocrx_word' id='word_1_606' title='bbox 1889 4198 2148 4267; x_wconf 85' lang='lat' dir='ltr'><strong>explicat.</strong></span> <span class='ocrx_word' id='word_1_607' title='bbox 2201 4199 2374 4264; x_wconf 81' lang='lat' dir='ltr'><strong>Quam</strong></span> <span class='ocrx_word' id='word_1_608' title='bbox 2427 4195 2753 4267; x_wconf 69' lang='lat' dir='ltr'><strong>sententiam</strong></span> <span class='ocrx_word' id='word_1_609' title='bbox 2809 4195 3094 4267; x_wconf 79' lang='lat' dir='ltr'><strong>Na_zianz_._</strong></span> <span class='ocrx_word' id='word_1_610' title='bbox 3140 4209 3244 4267; x_wconf 73' lang='lat' dir='ltr'><strong>non</strong></span> <span class='ocrx_word' id='word_1_611' title='bbox 3285 4194 3476 4267; x_wconf 74' lang='lat' dir='ltr'><strong>semel</strong></span> 
     </span>
    </p>
   </div>
   <div class='ocr_carea' id='block_1_84' title="bbox 1887 4264 3472 4346">
    <p class='ocr_par' dir='ltr' id='par_1_84' title="bbox 1887 4264 3472 4346">
     <span class='ocr_line' id='line_1_84' title="bbox 1887 4264 3472 4346; baseline -0.003 -26"><span class='ocrx_word' id='word_1_612' title='bbox 1887 4264 2246 4346; x_wconf 63' lang='lat' dir='ltr'><strong>paupertatem</strong></span> <span class='ocrx_word' id='word_1_613' title='bbox 2285 4266 2544 4346; x_wconf 67' lang='lat' dir='ltr'><strong>appellat.</strong></span> <span class='ocrx_word' id='word_1_614' title='bbox 2579 4264 2646 4346; x_wconf 62' lang='lat' dir='ltr'><strong>Et</strong></span> <span class='ocrx_word' id='word_1_615' title='bbox 2670 4264 2961 4346; x_wconf 61' lang='lat' dir='ltr'><strong>Gregorius</strong></span> <span class='ocrx_word' id='word_1_616' title='bbox 2993 4280 3005 4314; x_wconf 90' lang='lat'><strong>:</strong></span> <span class='ocrx_word' id='word_1_617' title='bbox 3034 4264 3221 4346; x_wconf 80' lang='grc' dir='ltr'><strong>Ὑμεῖς</strong></span> <span class='ocrx_word' id='word_1_618' title='bbox 3249 4265 3298 4316; x_wconf 89' lang='grc' dir='ltr'><strong>οἱ</strong></span> <span class='ocrx_word' id='word_1_619' title='bbox 3337 4265 3472 4346; x_wconf 79' lang='grc' dir='ltr'><strong>Ἰου-</strong></span> 
     </span>
    </p>
   </div>
   <div class='ocr_carea' id='block_1_85' title="bbox 193 4333 3471 4420">
    <p class='ocr_par' dir='ltr' id='par_1_85' title="bbox 193 4333 3471 4420">
     <span class='ocr_line' id='line_1_85' title="bbox 193 4333 3471 4420; baseline -0.005 -16"><span class='ocrx_word' id='word_1_620' title='bbox 193 4343 226 4420; x_wconf 62' lang='grc' dir='ltr'>ῥ</span> <span class='ocrx_word' id='word_1_621' title='bbox 265 4333 443 4420; x_wconf 58' lang='grc' dir='ltr'><strong>ῥέγαξ</strong></span> <span class='ocrx_word' id='word_1_622' title='bbox 475 4333 769 4403; x_wconf 57' lang='grc' dir='ltr'><strong>ἀτεῦσέολος</strong></span> <span class='ocrx_word' id='word_1_623' title='bbox 787 4333 1267 4420; x_wconf 30' lang='grc' dir='ltr'><strong>Τείξέτιδεύτερον</strong></span> <span class='ocrx_word' id='word_1_624' title='bbox 1302 4339 1404 4420; x_wconf 69' lang='grc' dir='ltr'><strong>Ιεεὶ</strong></span> <span class='ocrx_word' id='word_1_625' title='bbox 1451 4333 1646 4420; x_wconf 57' lang='lat' dir='ltr'><strong>posset</strong></span> <span class='ocrx_word' id='word_1_626' title='bbox 1673 4355 1779 4420; x_wconf 79' lang='lat' dir='ltr'><strong>pro</strong></span> <span class='ocrx_word' id='word_1_627' title='bbox 1812 4417 1838 4420; x_wconf 80' lang='lat'>_</span> <span class='ocrx_word' id='word_1_628' title='bbox 1885 4333 2044 4420; x_wconf 73' lang='grc' dir='ltr'><strong>δαῖοι,</strong></span> <span class='ocrx_word' id='word_1_629' title='bbox 2072 4333 2458 4420; x_wconf 61' lang='grc' dir='ltr'><strong>ὁμολογοῦντες</strong></span> <span class='ocrx_word' id='word_1_630' title='bbox 2485 4333 2866 4420; x_wconf 26' lang='grc' dir='ltr'><strong>τῂνηθεότητα,</strong></span> <span class='ocrx_word' id='word_1_631' title='bbox 2890 4333 3239 4420; x_wconf 41' lang='grc' dir='ltr'><strong>,μονωτάτηω</strong></span> <span class='ocrx_word' id='word_1_632' title='bbox 3278 4335 3471 4420; x_wconf 67' lang='grc' dir='ltr'><strong>πενίαν</strong></span> 
     </span>
    </p>
   </div>
   <div class='ocr_carea' id='block_1_86' title="bbox 192 4403 1772 4483">
    <p class='ocr_par' dir='ltr' id='par_1_86' title="bbox 192 4403 1772 4483">
     <span class='ocr_line' id='line_1_86' title="bbox 192 4403 1772 4483; baseline -0.002 -17"><span class='ocrx_word' id='word_1_633' title='bbox 192 4403 386 4483; x_wconf 76' lang='grc' dir='ltr'><strong>δεῦρο,</strong></span> <span class='ocrx_word' id='word_1_634' title='bbox 414 4423 718 4483; x_wconf 68' lang='lat' dir='ltr'><strong>quanquam</strong></span> <span class='ocrx_word' id='word_1_635' title='bbox 749 4418 804 4483; x_wconf 88' lang='lat' dir='ltr'><strong>_et</strong></span> <span class='ocrx_word' id='word_1_636' title='bbox 830 4410 958 4463; x_wconf 89' lang='lat' dir='ltr'><strong>illud</strong></span> <span class='ocrx_word' id='word_1_637' title='bbox 980 4403 1168 4483; x_wconf 74' lang='lat' dir='ltr'><strong>verum</strong></span> <span class='ocrx_word' id='word_1_638' title='bbox 1202 4410 1273 4463; x_wconf 90' lang='lat' dir='ltr'><strong>sit</strong></span> <span class='ocrx_word' id='word_1_639' title='bbox 1300 4403 1423 4483; x_wconf 54' lang='lat' dir='ltr'><strong>aliis</strong></span> <span class='ocrx_word' id='word_1_640' title='bbox 1451 4403 1606 4483; x_wconf 64' lang='lat' dir='ltr'><strong>&#39;en_im</strong></span> <span class='ocrx_word' id='word_1_641' title='bbox 1634 4403 1772 4483; x_wconf 81' lang='lat' dir='ltr'><strong>idem</strong></span> 
     </span>
    </p>
   </div>
   <div class='ocr_carea' id='block_1_87' title="bbox 1888 4403 3469 4483">
    <p class='ocr_par' dir='ltr' id='par_1_87' title="bbox 1888 4403 3469 4483">
     <span class='ocr_line' id='line_1_87' title="bbox 1888 4403 3469 4483; baseline -0.004 -22"><span class='ocrx_word' id='word_1_642' title='bbox 1888 4403 2206 4483; x_wconf 65' lang='grc' dir='ltr'><strong>ξκφέροντες</strong></span> <span class='ocrx_word' id='word_1_643' title='bbox 2227 4403 2490 4483; x_wconf 35' lang='grc' dir='ltr'><strong>τῇΑα-ὐτῆς</strong></span> <span class='ocrx_word' id='word_1_644' title='bbox 2523 4403 3084 4483; x_wconf 33' lang='grc' dir='ltr'><strong>ἁπλότητιζιεύτελῶς</strong></span> <span class='ocrx_word' id='word_1_645' title='bbox 3110 4403 3184 4483; x_wconf 63' lang='grc' dir='ltr'><strong>τὰ</strong></span> <span class='ocrx_word' id='word_1_646' title='bbox 3207 4404 3335 4474; x_wconf 79' lang='grc' dir='ltr'><strong>περὶ</strong></span> <span class='ocrx_word' id='word_1_647' title='bbox 3367 4404 3469 4483; x_wconf 74' lang='grc' dir='ltr'><strong>τῆς</strong></span> 
     </span>
    </p>
   </div>
   <div class='ocr_carea' id='block_1_88' title="bbox 194 4477 1779 4551">
    <p class='ocr_par' dir='ltr' id='par_1_88' title="bbox 194 4477 1779 4551">
     <span class='ocr_line' id='line_1_88' title="bbox 194 4477 1779 4551; baseline -0.001 -14"><span class='ocrx_word' id='word_1_648' title='bbox 194 4477 380 4551; x_wconf 84' lang='lat' dir='ltr'><strong>ipsum</strong></span> <span class='ocrx_word' id='word_1_649' title='bbox 413 4477 604 4534; x_wconf 83' lang='lat' dir='ltr'><strong>beatus</strong></span> <span class='ocrx_word' id='word_1_650' title='bbox 632 4477 830 4534; x_wconf 87' lang='lat' dir='ltr'><strong>Paulus</strong></span> <span class='ocrx_word' id='word_1_651' title='bbox 865 4479 1214 4540; x_wconf 80' lang='lat' dir='ltr'><strong>testiﬁcatur,</strong></span> <span class='ocrx_word' id='word_1_652' title='bbox 1237 4489 1293 4534; x_wconf 91' lang='lat' dir='ltr'><strong>et</strong></span> <span class='ocrx_word' id='word_1_653' title='bbox 1319 4480 1482 4551; x_wconf 73' lang='lat' dir='ltr'><strong>itase</strong></span> <span class='ocrx_word' id='word_1_654' title='bbox 1517 4481 1779 4536; x_wconf 86' lang='lat' dir='ltr'><strong>Eusebius</strong></span> 
     </span>
    </p>
   </div>
   <div class='ocr_carea' id='block_1_89' title="bbox 193 4549 1772 4620">
    <p class='ocr_par' dir='ltr' id='par_1_89' title="bbox 193 4549 1772 4620">
     <span class='ocr_line' id='line_1_89' title="bbox 193 4549 1772 4620; baseline -0.001 -14"><span class='ocrx_word' id='word_1_655' title='bbox 193 4549 462 4620; x_wconf 78' lang='lat' dir='ltr'><strong>explicat,</strong></span> <span class='ocrx_word' id='word_1_656' title='bbox 490 4564 822 4620; x_wconf 77' lang='lat' dir='ltr'><strong>quanquam,</strong></span> <span class='ocrx_word' id='word_1_657' title='bbox 859 4564 980 4620; x_wconf 66' lang='lat' dir='ltr'><strong>qua:</strong></span> <span class='ocrx_word' id='word_1_658' title='bbox 1009 4559 1333 4618; x_wconf 89' lang='lat' dir='ltr'><strong>sequuntur,</strong></span> <span class='ocrx_word' id='word_1_659' title='bbox 1360 4549 1506 4620; x_wconf 90' lang='lat' dir='ltr'><strong>illam</strong></span> <span class='ocrx_word' id='word_1_660' title='bbox 1539 4551 1772 4604; x_wconf 89' lang='lat' dir='ltr'><strong>alteram</strong></span> 
     </span>
    </p>
   </div>
   <div class='ocr_carea' id='block_1_90' title="bbox 197 4617 1780 4690">
    <p class='ocr_par' dir='ltr' id='par_1_90' title="bbox 197 4617 1780 4690">
     <span class='ocr_line' id='line_1_90' title="bbox 197 4617 1780 4690; baseline -0.001 -15"><span class='ocrx_word' id='word_1_661' title='bbox 197 4617 714 4690; x_wconf 56' lang='grc' dir='ltr'><strong>Ιθιὲιίοηειιιέδεῦρο,</strong></span> <span class='ocrx_word' id='word_1_662' title='bbox 740 4617 1082 4690; x_wconf 72' lang='grc' dir='ltr'><strong>οοηθηηεηι,</strong></span> <span class='ocrx_word' id='word_1_663' title='bbox 1100 4617 1165 4672; x_wconf 85' lang='lat' dir='ltr'><strong>et</strong></span> <span class='ocrx_word' id='word_1_664' title='bbox 1194 4629 1375 4674; x_wconf 81' lang='lat' dir='ltr'><strong>exstat</strong></span> <span class='ocrx_word' id='word_1_665' title='bbox 1400 4619 1552 4674; x_wconf 88' lang='lat' dir='ltr'><strong>locus</strong></span> <span class='ocrx_word' id='word_1_666' title='bbox 1577 4621 1780 4690; x_wconf 81' lang='lat' dir='ltr'><strong>gemel-</strong></span> 
     </span>
    </p>
   </div>
   <div class='ocr_carea' id='block_1_91' title="bbox 196 4689 1775 4759">
    <p class='ocr_par' dir='ltr' id='par_1_91' title="bbox 196 4689 1775 4759">
     <span class='ocr_line' id='line_1_91' title="bbox 196 4689 1775 4759; baseline -0.002 -14"><span class='ocrx_word' id='word_1_667' title='bbox 196 4690 286 4745; x_wconf 89' lang='lat' dir='ltr'><strong>lus</strong></span> <span class='ocrx_word' id='word_1_668' title='bbox 310 4692 452 4759; x_wconf 89' lang='lat' dir='ltr'><strong>apud</strong></span> <span class='ocrx_word' id='word_1_669' title='bbox 490 4689 826 4744; x_wconf 80' lang='lat' dir='ltr'><strong>Vincentium</strong></span> <span class='ocrx_word' id='word_1_670' title='bbox 857 4689 1194 4759; x_wconf 83' lang='lat' dir='ltr'><strong>Lirinensetn</strong></span> <span class='ocrx_word' id='word_1_671' title='bbox 1214 4690 1268 4742; x_wconf 88' lang='lat' dir='ltr'><strong>in</strong></span> <span class='ocrx_word' id='word_1_672' title='bbox 1299 4704 1467 4744; x_wconf 86' lang='lat' dir='ltr'><strong>aureo</strong></span> <span class='ocrx_word' id='word_1_673' title='bbox 1498 4691 1589 4743; x_wconf 92' lang='lat' dir='ltr'><strong>illo</strong></span> <span class='ocrx_word' id='word_1_674' title='bbox 1615 4689 1775 4745; x_wconf 86' lang='lat' dir='ltr'><strong>Com-</strong></span> 
     </span>
    </p>
   </div>
   <div class='ocr_carea' id='block_1_92' title="bbox 195 4758 1775 4826">
    <p class='ocr_par' dir='ltr' id='par_1_92' title="bbox 195 4758 1775 4826">
     <span class='ocr_line' id='line_1_92' title="bbox 195 4758 1775 4826; baseline -0.001 -12"><span class='ocrx_word' id='word_1_675' title='bbox 195 4758 504 4823; x_wconf 75' lang='lat' dir='ltr'><strong>monitorio,</strong></span> <span class='ocrx_word' id='word_1_676' title='bbox 531 4774 654 4826; x_wconf 87' lang='lat' dir='ltr'><strong>cap.</strong></span> <span class='ocrx_word' id='word_1_677' title='bbox 689 4759 777 4822; x_wconf 77' lang='lat' dir='ltr'><strong>M,</strong></span> <span class='ocrx_word' id='word_1_678' title='bbox 803 4761 892 4813; x_wconf 86' lang='lat' dir='ltr'><strong>ubi</strong></span> <span class='ocrx_word' id='word_1_679' title='bbox 922 4761 987 4812; x_wconf 90' lang='lat' dir='ltr'><strong>de</strong></span> <span class='ocrx_word' id='word_1_680' title='bbox 1017 4758 1123 4812; x_wconf 83' lang='lat' dir='ltr'><strong>hoc</strong></span> <span class='ocrx_word' id='word_1_681' title='bbox 1159 4758 1309 4813; x_wconf 90' lang='lat' dir='ltr'><strong>Pauli</strong></span> <span class='ocrx_word' id='word_1_682' title='bbox 1349 4759 1490 4814; x_wconf 92' lang='lat' dir='ltr'><strong>libro</strong></span> <span class='ocrx_word' id='word_1_683' title='bbox 1533 4761 1775 4814; x_wconf 89' lang='lat' dir='ltr'><strong>disserit.</strong></span> 
     </span>
    </p>
   </div>
   <div class='ocr_carea' id='block_1_93' title="bbox 195 4829 1778 4898">
    <p class='ocr_par' dir='ltr' id='par_1_93' title="bbox 195 4829 1778 4898">
     <span class='ocr_line' id='line_1_93' title="bbox 195 4829 1778 4898; baseline -0.001 -14"><span class='ocrx_word' id='word_1_684' title='bbox 195 4831 408 4884; x_wconf 83' lang='lat' dir='ltr'><strong>Clamat</strong></span> <span class='ocrx_word' id='word_1_685' title='bbox 452 4839 499 4884; x_wconf 83' lang='lat' dir='ltr'><strong>et</strong></span> <span class='ocrx_word' id='word_1_686' title='bbox 531 4830 806 4896; x_wconf 83' lang='lat' dir='ltr'><strong>repetendo</strong></span> <span class='ocrx_word' id='word_1_687' title='bbox 851 4829 1068 4890; x_wconf 86' lang='lat' dir='ltr'><strong>clamat,</strong></span> <span class='ocrx_word' id='word_1_688' title='bbox 1097 4838 1145 4880; x_wconf 83' lang='lat' dir='ltr'><strong>et</strong></span> <span class='ocrx_word' id='word_1_689' title='bbox 1199 4845 1424 4898; x_wconf 78' lang='lat' dir='ltr'><strong>semper,</strong></span> <span class='ocrx_word' id='word_1_690' title='bbox 1477 4840 1525 4883; x_wconf 86' lang='lat' dir='ltr'><strong>et</strong></span> <span class='ocrx_word' id='word_1_691' title='bbox 1587 4831 1778 4898; x_wconf 84' lang='lat' dir='ltr'><strong>ubique</strong></span> 
     </span>
    </p>
   </div>
   <div class='ocr_carea' id='block_1_94' title="bbox 193 4898 1776 4968">
    <p class='ocr_par' dir='ltr' id='par_1_94' title="bbox 193 4898 1776 4968">
     <span class='ocr_line' id='line_1_94' title="bbox 193 4898 1776 4968; baseline 0 -16"><span class='ocrx_word' id='word_1_692' title='bbox 193 4916 296 4968; x_wconf 83' lang='lat' dir='ltr'><strong>per</strong></span> <span class='ocrx_word' id='word_1_693' title='bbox 327 4899 552 4953; x_wconf 80' lang='lat' dir='ltr'><strong>Litteras</strong></span> <span class='ocrx_word' id='word_1_694' title='bbox 596 4915 720 4951; x_wconf 78' lang='lat' dir='ltr'><strong>suas</strong></span> <span class='ocrx_word' id='word_1_695' title='bbox 762 4899 980 4963; x_wconf 85' lang='lat' dir='ltr'><strong>clamat,</strong></span> <span class='ocrx_word' id='word_1_696' title='bbox 1021 4898 1158 4968; x_wconf 76' lang='lat' dir='ltr'><strong>illud</strong></span> <span class='ocrx_word' id='word_1_697' title='bbox 1200 4916 1290 4952; x_wconf 81' lang='lat' dir='ltr'><strong>vas</strong></span> <span class='ocrx_word' id='word_1_698' title='bbox 1343 4900 1633 4961; x_wconf 77' lang='lat' dir='ltr'><strong>electionis,</strong></span> <span class='ocrx_word' id='word_1_699' title='bbox 1686 4899 1776 4952; x_wconf 81' lang='lat' dir='ltr'><strong>ille</strong></span> 
     </span>
    </p>
   </div>
   <div class='ocr_carea' id='block_1_95' title="bbox 193 4967 1774 5038">
    <p class='ocr_par' dir='ltr' id='par_1_95' title="bbox 193 4967 1774 5038">
     <span class='ocr_line' id='line_1_95' title="bbox 193 4967 1774 5038; baseline 0 -14"><span class='ocrx_word' id='word_1_700' title='bbox 193 4967 451 5038; x_wconf 61' lang='lat' dir='ltr'><strong>magister</strong></span> <span class='ocrx_word' id='word_1_701' title='bbox 491 4969 744 5038; x_wconf 78' lang='lat' dir='ltr'><strong>genitum.</strong></span> <span class='ocrx_word' id='word_1_702' title='bbox 780 4969 966 5038; x_wconf 90' lang='lat' dir='ltr'><strong>Itaque</strong></span> <span class='ocrx_word' id='word_1_703' title='bbox 1000 4967 1135 5020; x_wconf 86' lang='lat' dir='ltr'><strong>nihil</strong></span> <span class='ocrx_word' id='word_1_704' title='bbox 1164 4979 1368 5024; x_wconf 86' lang='lat' dir='ltr'><strong>temere</strong></span> <span class='ocrx_word' id='word_1_705' title='bbox 1420 4971 1471 5024; x_wconf 91' lang='lat' dir='ltr'><strong>in</strong></span> <span class='ocrx_word' id='word_1_706' title='bbox 1519 4971 1624 5024; x_wconf 89' lang='lat' dir='ltr'><strong>hoc</strong></span> <span class='ocrx_word' id='word_1_707' title='bbox 1657 4971 1774 5024; x_wconf 93' lang='lat' dir='ltr'><strong>loco</strong></span> 
     </span>
    </p>
   </div>
   <div class='ocr_carea' id='block_1_96' title="bbox 195 5037 663 5094">
    <p class='ocr_par' dir='ltr' id='par_1_96' title="bbox 195 5037 663 5094">
     <span class='ocr_line' id='line_1_96' title="bbox 195 5037 663 5094; baseline -0.009 0"><span class='ocrx_word' id='word_1_708' title='bbox 195 5037 540 5094; x_wconf 80' lang='lat' dir='ltr'><strong>mutandum.</strong></span> <span class='ocrx_word' id='word_1_709' title='bbox 591 5037 663 5090; x_wconf 83' lang='grc' dir='ltr'><strong>Μ.</strong></span> 
     </span>
    </p>
   </div>
   <div class='ocr_carea' id='block_1_97' title="bbox 272 5107 1772 5183">
    <p class='ocr_par' dir='ltr' id='par_1_97' title="bbox 272 5107 1772 5183">
     <span class='ocr_line' id='line_1_97' title="bbox 272 5107 1772 5183; baseline 0.001 -22"><span class='ocrx_word' id='word_1_710' title='bbox 415 5107 873 5178; x_wconf 79' lang='grc' dir='ltr'><strong>Διδασκόμενος.</strong></span> <span class='ocrx_word' id='word_1_711' title='bbox 919 5112 976 5167; x_wconf 85' lang='grc' dir='ltr'><strong>1η</strong></span> <span class='ocrx_word' id='word_1_712' title='bbox 1004 5111 1250 5183; x_wconf 81' lang='lat' dir='ltr'><strong>margine</strong></span> <span class='ocrx_word' id='word_1_713' title='bbox 1285 5110 1490 5183; x_wconf 81' lang='lat' dir='ltr'><strong>codicis</strong></span> <span class='ocrx_word' id='word_1_714' title='bbox 1518 5119 1636 5183; x_wconf 75' lang='lat' dir='ltr'><strong>erat</strong></span> <span class='ocrx_word' id='word_1_715' title='bbox 1655 5109 1772 5183; x_wconf 81' lang='grc' dir='ltr'><strong>δια-</strong></span> 
     </span>
    </p>
   </div>
   <div class='ocr_carea' id='block_1_98' title="bbox 196 5178 1774 5249">
    <p class='ocr_par' dir='ltr' id='par_1_98' title="bbox 196 5178 1774 5249">
     <span class='ocr_line' id='line_1_98' title="bbox 196 5178 1774 5249; baseline -0.001 -16"><span class='ocrx_word' id='word_1_716' title='bbox 196 5178 573 5249; x_wconf 88' lang='grc' dir='ltr'><strong>στελλόμενος,</strong></span> <span class='ocrx_word' id='word_1_717' title='bbox 598 5196 716 5248; x_wconf 74' lang='lat' dir='ltr'><strong>quze</strong></span> <span class='ocrx_word' id='word_1_718' title='bbox 764 5192 848 5235; x_wconf 89' lang='lat' dir='ltr'><strong>est</strong></span> <span class='ocrx_word' id='word_1_719' title='bbox 882 5196 1005 5236; x_wconf 90' lang='lat' dir='ltr'><strong>vera</strong></span> <span class='ocrx_word' id='word_1_720' title='bbox 1055 5178 1236 5243; x_wconf 56' lang='lat' dir='ltr'><strong>lec&#39;tio,</strong></span> <span class='ocrx_word' id='word_1_721' title='bbox 1292 5181 1396 5234; x_wconf 88' lang='lat' dir='ltr'><strong>hoc</strong></span> <span class='ocrx_word' id='word_1_722' title='bbox 1421 5189 1505 5234; x_wconf 89' lang='lat' dir='ltr'><strong>est</strong></span> <span class='ocrx_word' id='word_1_723' title='bbox 1547 5179 1774 5249; x_wconf 75' lang='grc' dir='ltr'><strong>διοριζό-</strong></span> 
     </span>
    </p>
   </div>
   <div class='ocr_carea' id='block_1_99' title="bbox 198 5249 1774 5322">
    <p class='ocr_par' dir='ltr' id='par_1_99' title="bbox 198 5249 1774 5322">
     <span class='ocr_line' id='line_1_99' title="bbox 198 5249 1774 5322; baseline 0.003 -22"><span class='ocrx_word' id='word_1_724' title='bbox 198 5265 383 5322; x_wconf 74' lang='grc' dir='ltr'><strong>μενος.</strong></span> <span class='ocrx_word' id='word_1_725' title='bbox 415 5249 596 5322; x_wconf 80' lang='lat' dir='ltr'><strong>Utitur</strong></span> <span class='ocrx_word' id='word_1_726' title='bbox 617 5259 796 5322; x_wconf 85' lang='lat' dir='ltr'><strong>autem</strong></span> <span class='ocrx_word' id='word_1_727' title='bbox 825 5252 929 5306; x_wconf 89' lang='lat' dir='ltr'><strong>hac</strong></span> <span class='ocrx_word' id='word_1_728' title='bbox 956 5267 1084 5306; x_wconf 83' lang='lat' dir='ltr'><strong>voce</strong></span> <span class='ocrx_word' id='word_1_729' title='bbox 1109 5262 1161 5306; x_wconf 90' lang='lat' dir='ltr'><strong>et</strong></span> <span class='ocrx_word' id='word_1_730' title='bbox 1188 5250 1340 5322; x_wconf 84' lang='lat' dir='ltr'><strong>alibi,</strong></span> <span class='ocrx_word' id='word_1_731' title='bbox 1365 5261 1422 5322; x_wconf 85' lang='lat' dir='ltr'><strong>et</strong></span> <span class='ocrx_word' id='word_1_732' title='bbox 1462 5252 1623 5322; x_wconf 80' lang='lat' dir='ltr'><strong>paulo</strong></span> <span class='ocrx_word' id='word_1_733' title='bbox 1650 5259 1774 5322; x_wconf 68' lang='lat' dir='ltr'><strong>post</strong></span> 
     </span>
    </p>
   </div>
   <div class='ocr_carea' id='block_1_100' title="bbox 195 5318 1769 5392">
    <p class='ocr_par' dir='ltr' id='par_1_100' title="bbox 195 5318 1769 5392">
     <span class='ocr_line' id='line_1_100' title="bbox 195 5318 1769 5392; baseline 0 -20"><span class='ocrx_word' id='word_1_734' title='bbox 195 5318 251 5392; x_wconf 80' lang='lat' dir='ltr'><strong>in</strong></span> <span class='ocrx_word' id='word_1_735' title='bbox 278 5320 655 5392; x_wconf 73' lang='lat' dir='ltr'><strong>sequentibus,</strong></span> <span class='ocrx_word' id='word_1_736' title='bbox 675 5321 770 5382; x_wconf 80' lang='lat' dir='ltr'><strong>ait,</strong></span> <span class='ocrx_word' id='word_1_737' title='bbox 799 5323 942 5377; x_wconf 81' lang='grc' dir='ltr'><strong>κατά</strong></span> <span class='ocrx_word' id='word_1_738' title='bbox 954 5323 1054 5392; x_wconf 83' lang='grc' dir='ltr'><strong>τῆς</strong></span> <span class='ocrx_word' id='word_1_739' title='bbox 1087 5320 1448 5392; x_wconf 81' lang='grc' dir='ltr'><strong>ἁποστολικῆς</strong></span> <span class='ocrx_word' id='word_1_740' title='bbox 1464 5318 1769 5392; x_wconf 81' lang='grc' dir='ltr'><strong>διαστολῆς,</strong></span> 
     </span>
    </p>
   </div>
   <div class='ocr_carea' id='block_1_101' title="bbox 194 5389 1769 5460">
    <p class='ocr_par' dir='ltr' id='par_1_101' title="bbox 194 5389 1769 5460">
     <span class='ocr_line' id='line_1_101' title="bbox 194 5389 1769 5460; baseline 0.001 -18"><span class='ocrx_word' id='word_1_741' title='bbox 194 5389 289 5442; x_wconf 89' lang='lat' dir='ltr'><strong>ubi</strong></span> <span class='ocrx_word' id='word_1_742' title='bbox 327 5389 405 5460; x_wconf 13' lang='lat' dir='ltr'><strong>in,</strong></span> <span class='ocrx_word' id='word_1_743' title='bbox 439 5389 681 5460; x_wconf 72' lang='lat' dir='ltr'><strong>margine</strong></span> <span class='ocrx_word' id='word_1_744' title='bbox 726 5389 1024 5460; x_wconf 76' lang='lat' dir='ltr'><strong>ascriptum</strong></span> <span class='ocrx_word' id='word_1_745' title='bbox 1068 5393 1187 5453; x_wconf 80' lang='lat' dir='ltr'><strong>fuit,</strong></span> <span class='ocrx_word' id='word_1_746' title='bbox 1233 5391 1514 5460; x_wconf 84' lang='grc' dir='ltr'><strong>διαταγῆς.</strong></span> <span class='ocrx_word' id='word_1_747' title='bbox 1548 5391 1690 5460; x_wconf 46' lang='grc' dir='ltr'><strong>Μτ-</strong></span> <span class='ocrx_word' id='word_1_748' title='bbox 1714 5391 1769 5444; x_wconf 87' lang='lat' dir='ltr'><strong>In</strong></span> 
     </span>
    </p>
   </div>
   <div class='ocr_carea' id='block_1_102' title="bbox 191 5457 1770 5581">
    <p class='ocr_par' dir='ltr' id='par_1_102' title="bbox 191 5457 1770 5581">
     <span class='ocr_line' id='line_1_102' title="bbox 191 5457 1770 5581; baseline 0.002 -71"><span class='ocrx_word' id='word_1_749' title='bbox 191 5473 340 5581; x_wconf 55' lang='lat'><strong>302:.</strong></span> <span class='ocrx_word' id='word_1_750' title='bbox 377 5459 499 5513; x_wconf 90' lang='lat' dir='ltr'><strong>dein</strong></span> <span class='ocrx_word' id='word_1_751' title='bbox 535 5475 550 5510; x_wconf 92' lang='lat'><strong>:</strong></span> <span class='ocrx_word' id='word_1_752' title='bbox 594 5457 734 5529; x_wconf 85' lang='lat' dir='ltr'><strong>Lege</strong></span> <span class='ocrx_word' id='word_1_753' title='bbox 784 5457 920 5515; x_wconf 84' lang='grc' dir='ltr'><strong>Θεοῦ</strong></span> <span class='ocrx_word' id='word_1_754' title='bbox 973 5464 1091 5518; x_wconf 91' lang='lat' dir='ltr'><strong>loco</strong></span> <span class='ocrx_word' id='word_1_755' title='bbox 1128 5461 1280 5524; x_wconf 81' lang='grc' dir='ltr'><strong>Θεόν,</strong></span> <span class='ocrx_word' id='word_1_756' title='bbox 1335 5457 1770 5517; x_wconf 27' lang='grc' dir='ltr'><strong>ἱιιίνετὺίδύἰὸν</strong></span> 
     </span>
     <span class='ocr_line' id='line_1_103' title="bbox 239 5545 344 5580; baseline -0.019 0"><span class='ocrx_word' id='word_1_757' title='bbox 239 5545 268 5580; x_wconf 89' lang='grc' dir='ltr'><strong>ε</strong></span> <span class='ocrx_word' id='word_1_758' title='bbox 332 5566 344 5578; x_wconf 94' lang='grc'><strong>.</strong></span> 
     </span>
    </p>
   </div>
   <div class='ocr_carea' id='block_1_103' title="bbox 239 5545 344 5580">
    <p class='ocr_par' dir='ltr' id='par_1_103' title="bbox 239 5545 344 5580">
     <span class='ocr_line' id='line_1_104' title="bbox 239 5545 344 5580; baseline -0.019 0"><span class='ocrx_word' id='word_1_759' title='bbox 239 5545 344 5580; x_wconf 88' lang='grc' dir='ltr'><strong>εον.</strong></span> 
     </span>
    </p>
   </div>
   <div class='ocr_carea' id='block_1_104' title="bbox 267 5596 1770 5670">
    <p class='ocr_par' dir='ltr' id='par_1_104' title="bbox 267 5596 1770 5670">
     <span class='ocr_line' id='line_1_105' title="bbox 267 5596 1770 5670; baseline 0.003 -18"><span class='ocrx_word' id='word_1_760' title='bbox 267 5598 383 5670; x_wconf 78' lang='grc'>(28)</span> <span class='ocrx_word' id='word_1_761' title='bbox 423 5596 857 5669; x_wconf 71' lang='grc' dir='ltr'><strong>Ἀφοριζόμενος</strong></span> <span class='ocrx_word' id='word_1_762' title='bbox 887 5602 994 5656; x_wconf 79' lang='grc' dir='ltr'><strong>τοῦ</strong></span> <span class='ocrx_word' id='word_1_763' title='bbox 1029 5600 1346 5656; x_wconf 71' lang='grc' dir='ltr'><strong>Ἰουδαϊκοῦ</strong></span> <span class='ocrx_word' id='word_1_764' title='bbox 1392 5603 1632 5670; x_wconf 78' lang='grc' dir='ltr'><strong>τρόπου.</strong></span> <span class='ocrx_word' id='word_1_765' title='bbox 1667 5601 1770 5656; x_wconf 83' lang='lat' dir='ltr'><strong>Le-</strong></span> 
     </span>
    </p>
   </div>
   <div class='ocr_carea' id='block_1_105' title="bbox 194 5669 1765 5762">
    <p class='ocr_par' dir='ltr' id='par_1_105' title="bbox 194 5669 1765 5762">
     <span class='ocr_line' id='line_1_106' title="bbox 194 5669 1765 5762; baseline 0.001 -41"><span class='ocrx_word' id='word_1_766' title='bbox 194 5669 453 5762; x_wconf 48' lang='lat' dir='ltr'><strong>genda-rp,</strong></span> <span class='ocrx_word' id='word_1_767' title='bbox 487 5679 624 5762; x_wconf 42' lang='lat' dir='ltr'><strong>tuut‘,</strong></span> <span class='ocrx_word' id='word_1_768' title='bbox 650 5671 748 5762; x_wconf 59' lang='grc' dir='ltr'><strong>τὴν</strong></span> <span class='ocrx_word' id='word_1_769' title='bbox 782 5672 946 5762; x_wconf 47' lang='lat' dir='ltr'><strong>agitat:</strong></span> <span class='ocrx_word' id='word_1_770' title='bbox 967 5671 1061 5726; x_wconf 90' lang='grc' dir='ltr'><strong>τοῦ</strong></span> <span class='ocrx_word' id='word_1_771' title='bbox 1097 5669 1631 5762; x_wconf 42' lang='grc' dir='ltr'><strong>’Θεοῦιζεκικλησίαὴ</strong></span> <span class='ocrx_word' id='word_1_772' title='bbox 1683 5670 1765 5723; x_wconf 87' lang='lat' dir='ltr'><strong>vel</strong></span> 
     </span>
    </p>
   </div>
   <div class='ocr_carea' id='block_1_106' title="bbox 192 5737 1752 5815">
    <p class='ocr_par' dir='ltr' id='par_1_106' title="bbox 192 5737 1752 5815">
     <span class='ocr_line' id='line_1_107' title="bbox 192 5737 1752 5815; baseline 0.004 -25"><span class='ocrx_word' id='word_1_773' title='bbox 192 5737 312 5792; x_wconf 77' lang='lat' dir='ltr'><strong>iice</strong></span> <span class='ocrx_word' id='word_1_774' title='bbox 347 5751 529 5805; x_wconf 76' lang='lat' dir='ltr'><strong>versa,</strong></span> <span class='ocrx_word' id='word_1_775' title='bbox 557 5737 650 5792; x_wconf 84' lang='grc' dir='ltr'><strong>τὸν</strong></span> <span class='ocrx_word' id='word_1_776' title='bbox 699 5737 985 5798; x_wconf 80' lang='grc' dir='ltr'><strong>Ἰουδαϊκὸν</strong></span> <span class='ocrx_word' id='word_1_777' title='bbox 1017 5744 1236 5815; x_wconf 88' lang='grc' dir='ltr'><strong>τρόπον.</strong></span> <span class='ocrx_word' id='word_1_778' title='bbox 1259 5737 1540 5810; x_wconf 79' lang='lat' dir='ltr'><strong>QuiDeunt</strong></span> <span class='ocrx_word' id='word_1_779' title='bbox 1565 5758 1752 5811; x_wconf 78' lang='lat' dir='ltr'><strong>unum,</strong></span> 
     </span>
    </p>
   </div>
   <div class='ocr_carea' id='block_1_107' title="bbox 1883 4475 3469 4548">
    <p class='ocr_par' dir='ltr' id='par_1_107' title="bbox 1883 4475 3469 4548">
     <span class='ocr_line' id='line_1_108' title="bbox 1883 4475 3469 4548; baseline -0.003 -18"><span class='ocrx_word' id='word_1_780' title='bbox 1883 4475 2139 4548; x_wconf 81' lang='grc' dir='ltr'><strong>θεότητος</strong></span> <span class='ocrx_word' id='word_1_781' title='bbox 2160 4475 2538 4548; x_wconf 73' lang='grc' dir='ltr'><strong>διατιθέμενοι.</strong></span> <span class='ocrx_word' id='word_1_782' title='bbox 2573 4476 2640 4528; x_wconf 77' lang='grc' dir='ltr'><strong>Οἵ</strong></span> <span class='ocrx_word' id='word_1_783' title='bbox 2663 4492 2722 4548; x_wconf 82' lang='grc' dir='ltr'><strong>τε</strong></span> <span class='ocrx_word' id='word_1_784' title='bbox 2757 4475 3038 4548; x_wconf 71' lang='grc' dir='ltr'><strong>Έλληνες,</strong></span> <span class='ocrx_word' id='word_1_785' title='bbox 3066 4478 3179 4548; x_wconf 67' lang='grc' dir='ltr'><strong>τοῖς</strong></span> <span class='ocrx_word' id='word_1_786' title='bbox 3214 4475 3469 4548; x_wconf 74' lang='grc' dir='ltr'><strong>ματαίοις</strong></span> 
     </span>
    </p>
   </div>
   <div class='ocr_carea' id='block_1_108' title="bbox 1880 4544 3465 4616">
    <p class='ocr_par' dir='ltr' id='par_1_108' title="bbox 1880 4544 3465 4616">
     <span class='ocr_line' id='line_1_109' title="bbox 1880 4544 3465 4616; baseline 0.011 -16"><span class='ocrx_word' id='word_1_787' title='bbox 1880 4544 2116 4611; x_wconf 81' lang='grc' dir='ltr'><strong>εἰδώλοις</strong></span> <span class='ocrx_word' id='word_1_788' title='bbox 2139 4544 2568 4616; x_wconf 80' lang='grc' dir='ltr'><strong>προσκυνοῦντες</strong></span> <span class='ocrx_word' id='word_1_789' title='bbox 2598 4547 2692 4597; x_wconf 78' lang='grc' dir='ltr'><strong>καὶ</strong></span> <span class='ocrx_word' id='word_1_790' title='bbox 2716 4544 3076 4616; x_wconf 79' lang='grc' dir='ltr'><strong>πληθύνοντες</strong></span> <span class='ocrx_word' id='word_1_791' title='bbox 3094 4545 3193 4614; x_wconf 76' lang='grc' dir='ltr'><strong>τὴν</strong></span> <span class='ocrx_word' id='word_1_792' title='bbox 3211 4544 3465 4616; x_wconf 63' lang='grc' dir='ltr'><strong>θεότηταν</strong></span> 
     </span>
    </p>
   </div>
   <div class='ocr_carea' id='block_1_109' title="bbox 1880 4614 3464 4694">
    <p class='ocr_par' dir='ltr' id='par_1_109' title="bbox 1880 4614 3464 4694">
     <span class='ocr_line' id='line_1_110' title="bbox 1880 4614 3464 4694; baseline -0.003 -23"><span class='ocrx_word' id='word_1_793' title='bbox 1880 4614 2268 4694; x_wconf 39' lang='grc' dir='ltr'><strong>πολλοῖς-θεοῖς</strong></span> <span class='ocrx_word' id='word_1_794' title='bbox 2295 4617 2352 4684; x_wconf 74' lang='grc' dir='ltr'>ἐξ</span> <span class='ocrx_word' id='word_1_795' title='bbox 2370 4617 2633 4694; x_wconf 50' lang='grc' dir='ltr'><strong>⁸ἀνάγκης,</strong></span> <span class='ocrx_word' id='word_1_796' title='bbox 2686 4614 3097 4694; x_wconf 36' lang='grc' dir='ltr'><strong>προσκείμενοι-</strong></span> <span class='ocrx_word' id='word_1_797' title='bbox 3114 4614 3464 4694; x_wconf 67' lang='grc' dir='ltr'><strong>ἐναντιουμέ-</strong></span> 
     </span>
    </p>
   </div>
   <div class='ocr_carea' id='block_1_110' title="bbox 1878 4683 3464 4760">
    <p class='ocr_par' dir='ltr' id='par_1_110' title="bbox 1878 4683 3464 4760">
     <span class='ocr_line' id='line_1_111' title="bbox 1878 4683 3464 4760; baseline -0.004 -18"><span class='ocrx_word' id='word_1_798' title='bbox 1878 4706 1991 4760; x_wconf 82' lang='grc' dir='ltr'><strong>νοις</strong></span> <span class='ocrx_word' id='word_1_799' title='bbox 2024 4688 2300 4760; x_wconf 15' lang='grc' dir='ltr'><strong>νὰλλήλοις,</strong></span> <span class='ocrx_word' id='word_1_800' title='bbox 2335 4688 2416 4760; x_wconf 83' lang='grc' dir='ltr'><strong>είς</strong></span> <span class='ocrx_word' id='word_1_801' title='bbox 2589 4683 2826 4760; x_wconf 65' lang='grc' dir='ltr'><strong>’ἀπάτην</strong></span> <span class='ocrx_word' id='word_1_802' title='bbox 2870 4683 2992 4760; x_wconf 36' lang='grc' dir='ltr'><strong>τῆς.</strong></span> <span class='ocrx_word' id='word_1_803' title='bbox 3018 4683 3464 4760; x_wconf 75' lang='grc' dir='ltr'><strong>εἰδωλολατρείᾳς</strong></span> 
     </span>
    </p>
   </div>
   <div class='ocr_carea' id='block_1_111' title="bbox 1877 4754 3462 4828">
    <p class='ocr_par' dir='ltr' id='par_1_111' title="bbox 1877 4754 3462 4828">
     <span class='ocr_line' id='line_1_112' title="bbox 1877 4754 3462 4828; baseline -0.002 -17"><span class='ocrx_word' id='word_1_804' title='bbox 1877 4754 2233 4812; x_wconf 79' lang='grc' dir='ltr'><strong>ἐκκλίνονται.</strong></span> <span class='ocrx_word' id='word_1_805' title='bbox 2281 4759 2470 4828; x_wconf 81' lang='grc' dir='ltr'><strong>Ἡμεῖς</strong></span> <span class='ocrx_word' id='word_1_806' title='bbox 2497 4754 2574 4816; x_wconf 81' lang='grc' dir='ltr'><strong>δὲ,</strong></span> <span class='ocrx_word' id='word_1_807' title='bbox 2609 4758 2656 4828; x_wconf 87' lang='grc' dir='ltr'><strong>οί</strong></span> <span class='ocrx_word' id='word_1_808' title='bbox 2691 4754 3006 4828; x_wconf 73' lang='grc' dir='ltr'><strong>Χριστιανοὶ</strong></span> <span class='ocrx_word' id='word_1_809' title='bbox 3028 4754 3341 4828; x_wconf 66' lang='grc' dir='ltr'><strong>τριάζοντες</strong></span> <span class='ocrx_word' id='word_1_810' title='bbox 3362 4755 3462 4828; x_wconf 82' lang='grc' dir='ltr'><strong>τὴν</strong></span> 
     </span>
    </p>
   </div>
   <div class='ocr_carea' id='block_1_112' title="bbox 1878 4823 3463 4900">
    <p class='ocr_par' dir='ltr' id='par_1_112' title="bbox 1878 4823 3463 4900">
     <span class='ocr_line' id='line_1_113' title="bbox 1878 4823 3463 4900; baseline -0.003 -18"><span class='ocrx_word' id='word_1_811' title='bbox 1878 4829 2130 4899; x_wconf 86' lang='grc' dir='ltr'><strong>θεότητα,</strong></span> <span class='ocrx_word' id='word_1_812' title='bbox 2157 4823 2689 4900; x_wconf 32' lang='grc' dir='ltr'><strong>ὑπέρογκονᾼαῦτὴν-</strong></span> <span class='ocrx_word' id='word_1_813' title='bbox 2709 4823 2768 4878; x_wconf 83' lang='grc' dir='ltr'><strong>ὲν</strong></span> <span class='ocrx_word' id='word_1_814' title='bbox 2805 4823 3022 4900; x_wconf 72' lang='grc' dir='ltr'><strong>πλούτῳ</strong></span> <span class='ocrx_word' id='word_1_815' title='bbox 3056 4823 3149 4900; x_wconf 71' lang='grc' dir='ltr'><strong>καὶ</strong></span> <span class='ocrx_word' id='word_1_816' title='bbox 3175 4823 3463 4900; x_wconf 73' lang='grc' dir='ltr'><strong>δυναστεία</strong></span> 
     </span>
    </p>
   </div>
   <div class='ocr_carea' id='block_1_113' title="bbox 1877 4895 3461 4971">
    <p class='ocr_par' dir='ltr' id='par_1_113' title="bbox 1877 4895 3461 4971">
     <span class='ocr_line' id='line_1_114' title="bbox 1877 4895 3461 4971; baseline -0.003 -19"><span class='ocrx_word' id='word_1_817' title='bbox 1877 4895 2238 4971; x_wconf 80' lang='grc' dir='ltr'><strong>κηρύττομεν.</strong></span> <span class='ocrx_word' id='word_1_818' title='bbox 2263 4895 2412 4971; x_wconf 44' lang='grc' dir='ltr'><strong>ξ”Ενα</strong></span> <span class='ocrx_word' id='word_1_819' title='bbox 2466 4897 2598 4949; x_wconf 77' lang='grc' dir='ltr'><strong>Θεὸν</strong></span> <span class='ocrx_word' id='word_1_820' title='bbox 2757 4897 3029 4971; x_wconf 22' lang='grc' dir='ltr'><strong>τριαδικὸῇν</strong></span> <span class='ocrx_word' id='word_1_821' title='bbox 3072 4895 3461 4971; x_wconf 75' lang='grc' dir='ltr'><strong>ὁμολογοῦντες</strong></span> 
     </span>
    </p>
   </div>
   <div class='ocr_carea' id='block_1_114' title="bbox 1876 4965 3458 5040">
    <p class='ocr_par' dir='ltr' id='par_1_114' title="bbox 1876 4965 3458 5040">
     <span class='ocr_line' id='line_1_115' title="bbox 1876 4965 3458 5040; baseline -0.001 -18"><span class='ocrx_word' id='word_1_822' title='bbox 1876 4965 2324 5040; x_wconf 10' lang='grc' dir='ltr'><strong>κράτος.ᾐ’⁹ἶ’μῶν</strong></span> <span class='ocrx_word' id='word_1_823' title='bbox 2355 4969 2456 5039; x_wconf 83' lang='grc' dir='ltr'><strong>τὴν</strong></span> <span class='ocrx_word' id='word_1_824' title='bbox 2485 4965 2806 5040; x_wconf 60' lang='grc' dir='ltr'><strong>πενηθείανέ</strong></span> <span class='ocrx_word' id='word_1_825' title='bbox 2848 4965 3117 5040; x_wconf 74' lang='grc' dir='ltr'><strong>κάκείνων</strong></span> <span class='ocrx_word' id='word_1_826' title='bbox 3142 4967 3250 5040; x_wconf 62' lang='grc' dir='ltr'><strong>τὴν</strong></span> <span class='ocrx_word' id='word_1_827' title='bbox 3291 4967 3458 5020; x_wconf 82' lang='grc' dir='ltr'><strong>πολυ-</strong></span> 
     </span>
    </p>
   </div>
   <div class='ocr_carea' id='block_1_115' title="bbox 1876 5037 3209 5110">
    <p class='ocr_par' dir='ltr' id='par_1_115' title="bbox 1876 5037 3209 5110">
     <span class='ocr_line' id='line_1_116' title="bbox 1876 5037 3209 5110; baseline -0.003 -17"><span class='ocrx_word' id='word_1_828' title='bbox 1876 5037 2026 5093; x_wconf 79' lang='grc' dir='ltr'><strong>θείαν</strong></span> <span class='ocrx_word' id='word_1_829' title='bbox 2059 5037 2244 5110; x_wconf 14' lang='grc' dir='ltr'><strong>ὲξίσηής</strong></span> <span class='ocrx_word' id='word_1_830' title='bbox 2266 5037 2707 5110; x_wconf 57' lang='grc' dir='ltr'><strong>ἀποκρουόμενοι</strong></span> <span class='ocrx_word' id='word_1_831' title='bbox 2728 5037 3110 5110; x_wconf 78' lang='grc' dir='ltr'><strong>διαφεύγομεν.</strong></span> <span class='ocrx_word' id='word_1_832' title='bbox 3140 5037 3209 5089; x_wconf 85' lang='grc' dir='ltr'><strong>Μ.</strong></span> 
     </span>
    </p>
   </div>
   <div class='ocr_carea' id='block_1_116' title="bbox 1947 5105 3462 5180">
    <p class='ocr_par' dir='ltr' id='par_1_116' title="bbox 1947 5105 3462 5180">
     <span class='ocr_line' id='line_1_117' title="bbox 1947 5105 3462 5180; baseline 0.001 -18"><span class='ocrx_word' id='word_1_833' title='bbox 1947 5111 2059 5180; x_wconf 88' lang='grc'>(29)</span> <span class='ocrx_word' id='word_1_834' title='bbox 2088 5105 2261 5177; x_wconf 78' lang='grc' dir='ltr'><strong>Ζωῆν</strong></span> <span class='ocrx_word' id='word_1_835' title='bbox 2279 5105 2494 5178; x_wconf 73' lang='grc' dir='ltr'><strong>ἔχει’ἑν</strong></span> <span class='ocrx_word' id='word_1_836' title='bbox 2523 5105 2733 5180; x_wconf 81' lang='grc' dir='ltr'><strong>ἐαυτῷ.</strong></span> <span class='ocrx_word' id='word_1_837' title='bbox 2778 5105 2938 5180; x_wconf 67' lang='lat' dir='ltr'><strong>lleest</strong></span> <span class='ocrx_word' id='word_1_838' title='bbox 2979 5105 3064 5180; x_wconf 77' lang='lat' dir='ltr'><strong>liic</strong></span> <span class='ocrx_word' id='word_1_839' title='bbox 3092 5107 3365 5180; x_wconf 69' lang='lat' dir='ltr'><strong>apodasis,</strong></span> <span class='ocrx_word' id='word_1_840' title='bbox 3393 5123 3462 5180; x_wconf 63' lang='lat' dir='ltr'><strong>et;</strong></span> 
     </span>
    </p>
   </div>
   <div class='ocr_carea' id='block_1_117' title="bbox 1875 5176 3460 5250">
    <p class='ocr_par' dir='ltr' id='par_1_117' title="bbox 1875 5176 3460 5250">
     <span class='ocr_line' id='line_1_118' title="bbox 1875 5176 3460 5250; baseline 0 -19"><span class='ocrx_word' id='word_1_841' title='bbox 1875 5176 2169 5250; x_wconf 80' lang='lat' dir='ltr'><strong>Evangelia</strong></span> <span class='ocrx_word' id='word_1_842' title='bbox 2209 5176 2567 5250; x_wconf 13' lang='lat' dir='ltr'><strong>’supplend‘a,‘</strong></span> <span class='ocrx_word' id='word_1_843' title='bbox 2591 5179 2672 5231; x_wconf 88' lang='lat' dir='ltr'><strong>sic</strong></span> <span class='ocrx_word' id='word_1_844' title='bbox 2716 5197 2728 5230; x_wconf 88' lang='lat'>:</span> <span class='ocrx_word' id='word_1_845' title='bbox 2775 5178 2950 5240; x_wconf 80' lang='grc' dir='ltr'><strong>οὕτως</strong></span> <span class='ocrx_word' id='word_1_846' title='bbox 2990 5177 3158 5250; x_wconf 21' lang='grc' dir='ltr'><strong>ἔδω-κε</strong></span> <span class='ocrx_word' id='word_1_847' title='bbox 3207 5176 3285 5247; x_wconf 83' lang='grc' dir='ltr'><strong>τῷ</strong></span> <span class='ocrx_word' id='word_1_848' title='bbox 3322 5178 3460 5250; x_wconf 84' lang='grc' dir='ltr'><strong>Υίῷ,</strong></span> 
     </span>
    </p>
   </div>
   <div class='ocr_carea' id='block_1_118' title="bbox 1873 5246 3463 5320">
    <p class='ocr_par' dir='ltr' id='par_1_118' title="bbox 1873 5246 3463 5320">
     <span class='ocr_line' id='line_1_119' title="bbox 1873 5246 3463 5320; baseline -0.001 -17"><span class='ocrx_word' id='word_1_849' title='bbox 1873 5249 2018 5320; x_wconf 80' lang='grc' dir='ltr'><strong>ζωὴν</strong></span> <span class='ocrx_word' id='word_1_850' title='bbox 2037 5246 2193 5320; x_wconf 60' lang='grc' dir='ltr'><strong>’ἔχειν</strong></span> <span class='ocrx_word' id='word_1_851' title='bbox 2236 5246 2297 5302; x_wconf 79' lang='grc' dir='ltr'><strong>ἐν</strong></span> <span class='ocrx_word' id='word_1_852' title='bbox 2319 5248 2516 5319; x_wconf 77' lang='grc' dir='ltr'><strong>ἐαυτῷ.</strong></span> <span class='ocrx_word' id='word_1_853' title='bbox 2555 5248 2750 5320; x_wconf 86' lang='lat' dir='ltr'><strong>ld_est,</strong></span> <span class='ocrx_word' id='word_1_854' title='bbox 2782 5250 2962 5314; x_wconf 81' lang='lat' dir='ltr'><strong>genuit</strong></span> <span class='ocrx_word' id='word_1_855' title='bbox 3010 5246 3372 5320; x_wconf 13' lang='lat' dir='ltr'><strong>_l&quot;ilium,iqui</strong></span> <span class='ocrx_word' id='word_1_856' title='bbox 3408 5246 3463 5302; x_wconf 70' lang='lat' dir='ltr'><strong>et</strong></span> 
     </span>
    </p>
   </div>
   <div class='ocr_carea' id='block_1_119' title="bbox 1872 5317 3455 5388">
    <p class='ocr_par' dir='ltr' id='par_1_119' title="bbox 1872 5317 3455 5388">
     <span class='ocr_line' id='line_1_120' title="bbox 1872 5317 3455 5388; baseline -0.001 -16"><span class='ocrx_word' id='word_1_857' title='bbox 1872 5317 2274 5380; x_wconf 35' lang='lat' dir='ltr'><strong>ipse—sititwa</strong></span> <span class='ocrx_word' id='word_1_858' title='bbox 2295 5333 2352 5374; x_wconf 90' lang='lat' dir='ltr'><strong>et</strong></span> <span class='ocrx_word' id='word_1_859' title='bbox 2406 5317 2683 5388; x_wconf 64' lang='grc' dir='ltr'><strong>ὑφεστὼς</strong></span> <span class='ocrx_word' id='word_1_860' title='bbox 2737 5334 2834 5388; x_wconf 89' lang='lat' dir='ltr'><strong>per</strong></span> <span class='ocrx_word' id='word_1_861' title='bbox 2879 5333 2971 5388; x_wconf 56' lang='lat' dir='ltr'><strong>se.</strong></span> <span class='ocrx_word' id='word_1_862' title='bbox 2997 5318 3149 5384; x_wconf 85' lang='lat' dir='ltr'><strong>Quod</strong></span> <span class='ocrx_word' id='word_1_863' title='bbox 3204 5317 3455 5388; x_wconf 70' lang='lat' dir='ltr'><strong>negasSe,</strong></span> 
     </span>
    </p>
   </div>
   <div class='ocr_carea' id='block_1_120' title="bbox 1871 5387 3461 5445">
    <p class='ocr_par' dir='ltr' id='par_1_120' title="bbox 1871 5387 3461 5445">
     <span class='ocr_line' id='line_1_121' title="bbox 1871 5387 3461 5445; baseline -0.001 -2"><span class='ocrx_word' id='word_1_864' title='bbox 1871 5389 2162 5444; x_wconf 82' lang='lat' dir='ltr'><strong>Marcellus</strong></span> <span class='ocrx_word' id='word_1_865' title='bbox 2192 5387 2468 5445; x_wconf 79' lang='lat' dir='ltr'><strong>multoties</strong></span> <span class='ocrx_word' id='word_1_866' title='bbox 2506 5387 2799 5443; x_wconf 85' lang='lat' dir='ltr'><strong>accusatur</strong></span> <span class='ocrx_word' id='word_1_867' title='bbox 2841 5388 2909 5442; x_wconf 89' lang='lat' dir='ltr'><strong>ab</strong></span> <span class='ocrx_word' id='word_1_868' title='bbox 2938 5387 3177 5442; x_wconf 86' lang='lat' dir='ltr'><strong>Eusebio</strong></span> <span class='ocrx_word' id='word_1_869' title='bbox 3212 5406 3224 5440; x_wconf 90' lang='lat'><strong>:</strong></span> <span class='ocrx_word' id='word_1_870' title='bbox 3259 5387 3314 5441; x_wconf 79' lang='lat' dir='ltr'><strong>ut</strong></span> <span class='ocrx_word' id='word_1_871' title='bbox 3343 5399 3461 5443; x_wconf 87' lang='lat' dir='ltr'><strong>sta-</strong></span> 
     </span>
    </p>
   </div>
   <div class='ocr_carea' id='block_1_121' title="bbox 1873 5456 3456 5528">
    <p class='ocr_par' dir='ltr' id='par_1_121' title="bbox 1873 5456 3456 5528">
     <span class='ocr_line' id='line_1_122' title="bbox 1873 5456 3456 5528; baseline 0.001 -16"><span class='ocrx_word' id='word_1_872' title='bbox 1873 5461 1992 5522; x_wconf 89' lang='lat' dir='ltr'><strong>tim,</strong></span> <span class='ocrx_word' id='word_1_873' title='bbox 2019 5461 2108 5515; x_wconf 90' lang='lat' dir='ltr'><strong>ubi</strong></span> <span class='ocrx_word' id='word_1_874' title='bbox 2145 5460 2360 5514; x_wconf 77' lang='lat' dir='ltr'><strong>alfricat</strong></span> <span class='ocrx_word' id='word_1_875' title='bbox 2389 5464 2438 5514; x_wconf 90' lang='lat' dir='ltr'><strong>ei</strong></span> <span class='ocrx_word' id='word_1_876' title='bbox 2466 5460 2609 5528; x_wconf 86' lang='lat' dir='ltr'><strong>quod</strong></span> <span class='ocrx_word' id='word_1_877' title='bbox 2665 5458 2824 5526; x_wconf 92' lang='grc' dir='ltr'><strong>λόγον</strong></span> <span class='ocrx_word' id='word_1_878' title='bbox 2871 5456 3025 5526; x_wconf 77' lang='grc' dir='ltr'><strong>ψιλόν</strong></span> <span class='ocrx_word' id='word_1_879' title='bbox 3058 5473 3182 5510; x_wconf 88' lang='lat' dir='ltr'><strong>eum</strong></span> <span class='ocrx_word' id='word_1_880' title='bbox 3213 5460 3456 5528; x_wconf 82' lang='lat' dir='ltr'><strong>appella-</strong></span> 
     </span>
    </p>
   </div>
   <div class='ocr_carea' id='block_1_122' title="bbox 1869 5528 3454 5598">
    <p class='ocr_par' dir='ltr' id='par_1_122' title="bbox 1869 5528 3454 5598">
     <span class='ocr_line' id='line_1_123' title="bbox 1869 5528 3454 5598; baseline -0.001 -17"><span class='ocrx_word' id='word_1_881' title='bbox 1869 5536 2010 5583; x_wconf 85' lang='lat' dir='ltr'><strong>verit</strong></span> <span class='ocrx_word' id='word_1_882' title='bbox 2038 5546 2050 5581; x_wconf 77' lang='grc' dir='ltr'>ε</span> <span class='ocrx_word' id='word_1_883' title='bbox 2079 5546 2244 5598; x_wconf 82' lang='lat' dir='ltr'><strong>quant</strong></span> <span class='ocrx_word' id='word_1_884' title='bbox 2272 5545 2420 5596; x_wconf 87' lang='lat' dir='ltr'><strong>vere,</strong></span> <span class='ocrx_word' id='word_1_885' title='bbox 2452 5528 2813 5598; x_wconf 86' lang='lat' dir='ltr'><strong>liquidissimo</strong></span> <span class='ocrx_word' id='word_1_886' title='bbox 2837 5539 3097 5598; x_wconf 74' lang='lat' dir='ltr'><strong>constare</strong></span> <span class='ocrx_word' id='word_1_887' title='bbox 3123 5545 3229 5582; x_wconf 91' lang='lat' dir='ltr'><strong>non</strong></span> <span class='ocrx_word' id='word_1_888' title='bbox 3253 5540 3454 5596; x_wconf 88' lang='lat' dir='ltr'><strong>potest,</strong></span> 
     </span>
    </p>
   </div>
   <div class='ocr_carea' id='block_1_123' title="bbox 1868 5596 3457 5685">
    <p class='ocr_par' dir='ltr' id='par_1_123' title="bbox 1868 5596 3457 5685">
     <span class='ocr_line' id='line_1_124' title="bbox 1868 5596 3457 5685; baseline 0 -31"><span class='ocrx_word' id='word_1_889' title='bbox 1868 5596 2144 5685; x_wconf 62' lang='lat' dir='ltr'><strong>deperdito</strong></span> <span class='ocrx_word' id='word_1_890' title='bbox 2174 5599 2407 5685; x_wconf 45' lang='lat' dir='ltr'><strong>Marcelli</strong></span> <span class='ocrx_word' id='word_1_891' title='bbox 2441 5596 2543 5656; x_wconf 82' lang='lat' dir='ltr'><strong>isto</strong></span> <span class='ocrx_word' id='word_1_892' title='bbox 2566 5614 2748 5669; x_wconf 72' lang='lat' dir='ltr'><strong>opere.</strong></span> <span class='ocrx_word' id='word_1_893' title='bbox 2768 5598 2926 5655; x_wconf 78' lang='lat' dir='ltr'><strong>M.—.</strong></span> <span class='ocrx_word' id='word_1_894' title='bbox 2940 5596 3063 5653; x_wconf 82' lang='lat' dir='ltr'><strong>Mox</strong></span> <span class='ocrx_word' id='word_1_895' title='bbox 3089 5601 3247 5671; x_wconf 83' lang='lat' dir='ltr'><strong>vulgo</strong></span> <span class='ocrx_word' id='word_1_896' title='bbox 3272 5599 3339 5655; x_wconf 79' lang='grc' dir='ltr'><strong>ἶν’</strong></span> <span class='ocrx_word' id='word_1_897' title='bbox 3377 5601 3457 5672; x_wconf 76' lang='grc' dir='ltr'><strong>ῆ;</strong></span> 
     </span>
    </p>
   </div>
   <div class='ocr_carea' id='block_1_124' title="bbox 1869 5671 2331 5732">
    <p class='ocr_par' dir='ltr' id='par_1_124' title="bbox 1869 5671 2331 5732">
     <span class='ocr_line' id='line_1_125' title="bbox 1869 5671 2331 5732; baseline -0.004 -8"><span class='ocrx_word' id='word_1_898' title='bbox 1869 5685 1995 5724; x_wconf 89' lang='lat' dir='ltr'><strong>mss.</strong></span> <span class='ocrx_word' id='word_1_899' title='bbox 2035 5671 2207 5732; x_wconf 78' lang='grc' dir='ltr'><strong>οὕτως</strong></span> <span class='ocrx_word' id='word_1_900' title='bbox 2245 5671 2331 5722; x_wconf 81' lang='grc' dir='ltr'><strong>ἶν’.</strong></span> 
     </span>
    </p>
   </div>
   <div class='ocr_carea' id='block_1_125' title="bbox 1938 5739 3456 5815">
    <p class='ocr_par' dir='ltr' id='par_1_125' title="bbox 1938 5739 3456 5815">
     <span class='ocr_line' id='line_1_126' title="bbox 1938 5739 3456 5815; baseline -0.001 -18"><span class='ocrx_word' id='word_1_901' title='bbox 1938 5740 2053 5815; x_wconf 80' lang='grc'>(50)</span> <span class='ocrx_word' id='word_1_902' title='bbox 2095 5740 2380 5810; x_wconf 76' lang='grc' dir='ltr'><strong>Ἑνεργῶν</strong></span> <span class='ocrx_word' id='word_1_903' title='bbox 2421 5740 2492 5795; x_wconf 81' lang='grc' dir='ltr'><strong>δὲ</strong></span> <span class='ocrx_word' id='word_1_904' title='bbox 2539 5742 2606 5798; x_wconf 77' lang='grc' dir='ltr'><strong>ἐν</strong></span> <span class='ocrx_word' id='word_1_905' title='bbox 2654 5740 2734 5809; x_wconf 74' lang='grc' dir='ltr'><strong>τῷ</strong></span> <span class='ocrx_word' id='word_1_906' title='bbox 2782 5739 3073 5812; x_wconf 76' lang='grc' dir='ltr'><strong>ἡμετέρῳ.</strong></span> <span class='ocrx_word' id='word_1_907' title='bbox 3137 5741 3456 5812; x_wconf 84' lang='lat' dir='ltr'><strong>Legendum</strong></span> 
     </span>
    </p>
   </div>
  </div>
