3836 6216
398 282 495 338 719

1026 276 1288 332 EUSEBll
1329 274 1806 333 CASSARIENSIS
1845 274 1996 330 OPP.
2037 271 2218 328 PARS
2256 271 2347 327 ιν.
2382 302 2451 310 ——-
2489 269 2920 328 DOGMATICA.

3558 274 3668 329 720

393 402 528 456 nitio
557 400 624 456 de
657 399 794 453 Filio
842 397 962 462 Dei,
990 397 1151 467 longe
1186 397 1438 466 quiddam
1505 396 1678 465 majus
1723 407 1778 450 et
1831 411 1940 466 pra:

2100 394 2139 448 τ’
2166 394 2232 448 ἂν
2263 394 2666 465 ὁμολογήσειεν,
2712 392 3023 466 ἐρωτηθείς.
3054 394 3116 447 Εἰ
3164 393 3220 447 δὲ
3267 394 3342 466 μὴ
3371 395 3668 460 Ἰουδαῖος,

395 491 632 546 stantius
659 488 921 551 exhibuit,
951 503 1056 556 qua
1086 489 1379 541 edocetnur
1407 486 1554 540 illum
1593 487 1765 556 ipsum
1797 486 1965 540 Deum

394 583 611 639 Patrem
641 590 858 636 exstare
908 579 1170 649 unigeniti
1197 577 1341 642 Filii,
1369 579 1458 646 qui
1491 577 1771 632 verissime
1801 576 1970 632 Filius

399 676 494 737 sit,
521 675 677 728 vivus
709 672 936 727 exsistat
981 680 1037 725 et
1091 670 1412 725 subsistens.
1457 669 1588 724 Nam
1623 670 1970 739 quemadmo-

400 767 526 821 dum
563 784 575 819 :
615 763 775 817 Pater
801 765 962 817 vitam
993 763 1049 816 in
1082 763 1250 830 seipso
1301 761 1480 825 habet,
1516 761 1743 816 docebat
1773 759 1974 831 linige-

400 859 548 912 nitus
603 858 715 924 ipse
762 856 876 918 Dei,
912 855 987 907 ita
1034 871 1236 925 quoque
1286 855 1341 906 in
1385 854 1554 922 seipso
1591 852 1764 906 Filius
1817 853 1969 908 habet

398 948 561 1001 vitam
586 947 628 1002 ⁸.
663 944 731 999 Ut
779 944 851 998 ita
883 944 1046 998 Pater
1083 959 1210 998 vere
1255 944 1474 1013 quidem
1529 943 1689 997 Pater
1717 944 1967 1010 exsistat,

363 1054 510 1094 .non
562 1046 741 1092 autem
798 1037 965 1091 verbo
1026 1044 1183 1090 tenus
1211 1033 1372 1089 Pater
1428 1033 1622 1090 falsata
1681 1045 1971 1104 usurpatus

405 1130 770 1185 nominatione
802 1146 814 1181 :
846 1129 938 1181 sed
968 1128 1197 1180 veritate
1226 1135 1282 1179 et
1315 1127 1494 1196 reipsa
1551 1126 1814 1196 unigeniti
1851 1125 1971 1180 Filii

402 1223 688 1277 Paterzet
721 1219 976 1275 utFilius
1026 1220 1098 1272 sit
1144 1222 1320 1289 reipsa
1377 1221 1540 1272 etiam
1590 1217 1782 1274 Filius.
1815 1217 1974 1283 Quis-

402 1316 526 1386 quis
585 1324 763 1368 autem
817 1312 1012 1367 Filium
1045 1313 1246 1366 nudum
1280 1325 1402 1365 esse
1435 1308 1655 1365 Verbum
1693 1310 1975 1365 existima-

406 1405 566 1468 verit,
625 1411 718 1456 aut
773 1401 1110 1456 solummodo
1173 1399 1392 1454 Verbum
1443 1399 1886 1463 conﬁrmaverit,
1921 1408 1974 1451 et

410 1494 539 1549 illud
580 1493 895 1563 frequenter
921 1507 1019 1546 suo
1055 1506 1151 1546 ore
1191 1492 1558 1560 usurpaverit,
1597 1488 1820 1543 Verbum
1855 1499 1976 1543 tan-

405 1585 684 1641 tummodo
745 1583 1039 1648 exstitisse,
1069 1583 1235 1647 intus,
1285 1586 1412 1637 dum
1443 1583 1783 1646 consisteret,
1818 1583 1974 1650 quie-

2070 488 2183 542 ἀλλ’
2214 488 2526 540 ἐπισκόπων
2542 505 2626 550 τις
2651 487 2852 556 ταύτην
2871 486 3006 559 (50‘)
3040 489 3319 556 εἰσαγάγοι
3346 487 3448 551 τὴν
3475 486 3668 551 δόξαν,

2069 581 2240 649 Λόγον
2277 579 2437 632 αὐτὸν
2483 579 2644 650 μόνον
2699 578 2874 641 διδοὺς
2922 577 3197 648 ἡνωμένον
3230 575 3306 648 τῷ
3332 577 3455 648 Θεῷ
3481 596 3493 607 ·
3547 579 3668 647 (3|)

2069 672 2164 725 καὶ
2199 671 2384 725 τοῦτον
2434 666 2572 723 εἶναι
2606 671 2773 723 ἀΐδιον
2807 671 2901 722 καὶ
2934 670 3259 741 ἀγέννητον,
3311 671 3370 723 ἐν
3420 689 3478 724 τε
3517 668 3672 724 εἶναι

2071 760 2180 832 (32)
2199 761 2292 814 καὶ
2303 759 2494 814 ταύτὸν
2511 759 2586 830 τῷ
2601 757 2722 828 Θεῷ
2737 758 2824 809 ὁνὸ
2833 773 2964 828 μασι
2985 759 3080 828 μὲν
3095 759 3394 830 διαφόροις,
3414 759 3538 812 Πατ
3548 759 3670 828 ρος,

2071 854 2166 906 κα)⁵
2207 851 2338 906 Υἰοῦ
2379 851 2809 923 χρηματίζοντα,
2840 851 2998 915 οὐσίᾳ
3039 843 3094 903 δέ
3141 850 3236 904 καὶ
3269 850 3580 903 ὑποστάσει
3611 853 3674 902 ἓν

2070 943 2218 996 δντα’
2249 942 2365 1004 πῶς
2393 942 2454 993 οὐ
2482 941 2640 1012 δῆλος
2659 941 2725 994 ἂν
2753 938 2963 1008 γένοιτό
2987 941 3098 1012 (55)
3124 941 3215 994 τὸν
3244 942 3341 1013 μὲν
3365 943 3673 995 Σαϐέλλιον

2072 1035 2452 1104 ὑποδυόμενος·
2482 1035 2579 1105 τῆς
2606 1034 2663 1087 δὲ
2706 1035 2763 1087 ἐν
2793 1034 3014 1106 Χριστῷ
3043 1035 3296 1104 γνώσεώς
3337 1053 3396 1088 τε
3426 1037 3525 1089 καὶ
3565 1037 3672 1107 χά-

2077 1144 2220 1198 ριτος
2248 1126 2675 1197 ἡλλοτριωμένος
2713 1125 2885 1192 ;Οὑδὲ
2929 1127 3036 1198 γὰρ
3077 1127 3278 1198 ζητεῖν,
3318 1127 3439 1180 οὐδὲ
3481 1130 3674 1198 ἀμφι-

2074 1217 2309 1283 ϐάλλειν,
2355 1217 2464 1270 οὐδ’
2514 1217 2724 1288 ἐρωτᾷν
2774 1219 2887 1281 τοῖς
2945 1217 3306 1289 βουλομένοις,
3359 1219 3408 1271 εξ
3452 1215 3526 1289 ἦν
3574 1219 3675 1270 καὶ

2074 1309 2249 1380 προῆν
2300 1311 2328 1361 ὁ
2363 1307 2656 1379 μονογενὴς
2715 1307 2837 1372 Υἱὸς
2889 1308 2982 1362 τοῦ
3030 1308 3185 1375 Θεοῦ,
3223 1311 3376 1380 ὁτῆς
3435 1311 3677 1384 Ἐκκλη-

2075 1402 2196 1465 σιας
2225 1400 2336 1471 (54)
2376 1401 2658 1473 ἐπιτρέποι
2686 1401 2752 1455 ἂν
2784 1400 3000 1471 θεσμός·
3032 1401 3439 1476 ὁμολογουμένῃ
3487 1403 3550 1456 δὲ
3574 1404 3674 1456 καὶ

2075 1492 2428 1564 ἀναμφιϐόλῳ
2447 1493 2625 1546 πίστει
2653 1495 2748 1546 σὺν
2783 1491 2961 1562 πολλῷ
2995 1491 3106 1562 (55)
3137 1493 3232 1545 καὶ
3266 1494 3563 1565 παρρησίᾳ
3593 1495 3675 1546 δι-

2073 1585 2262 1638 δάσκει
2295 1585 2386 1638 τὸν
2415 1584 2548 1638 Θεὸν
2588 1585 2808 1657 Πατέρα
2856 1581 2995 1638 εἶναι
3042 1583 3170 1637 Υἱοῦ
3203 1583 3294 1637 τοῦ
3335 1585 3674 1656 μονογενοῦς

405 1686 590 1732 scente
618 1689 719 1729 suo
753 1673 914 1727 Patre
944 1690 958 1725 :
992 1682 1272 1742 operatum
1304 1686 1432 1726 vero
1468 1672 1608 1727 idem
1645 1674 1816 1742 ipsum
1847 1671 1977 1726 Ver-

2100 1679 2378 1748 ›μολογεῖν,
2420 1678 2514 1732 καὶ
2559 1679 2697 1750 μήτε
2744 1679 2834 1732 τὸν
2874 1678 3092 1750 Πατέρα
3121 1675 3248 1730 Υῑὸν
3273 1673 3434 1742 εἶναι,
3478 1679 3512 1748 ἢ
3554 1678 3673 1750 (56)

406 1769 558 1831 bum,
586 1780 707 1820 cum
757 1773 1039 1818 creaturas
1083 1762 1374 1834 efﬁgiaret,
1397 1766 1622 1833 perinde
1649 1780 1712 1819 ac
1739 1781 1833 1834 per
1862 1781 1979 1820 om-

2100 1771 2174 1824 ιαὶ
2198 1769 2289 1823 τὸν
2330 1769 2458 1824 Υἱὸν
2491 1748 2711 1842 Πατέρα
2732 1770 2991 1840 νομίζειψ
3021 1748 3157 1824 ἀλλὰ
3179 1771 3270 1824 τὸν
3311 1772 3409 1841 μὲν
3426 1748 3671 1842 ἀγέννηέ

410 1859 498 1910 nia
528 1857 580 1908 in
610 1853 920 1908 hominibus
951 1853 1088 1907 solet
1118 1852 1234 1906 ﬁeri
1267 1871 1281 1920 ;
1313 1855 1400 1907 ubi
1433 1855 1484 1907 in
1539 1854 1977 1923 conquiescenti-

409 1948 512 2002 bus
559 1945 760 2000 otiatur
815 1942 1074 2006 Verbum,
1125 1951 1384 2012 operatur
1415 1951 1593 1995 autem
1623 1943 1676 1996 in
1712 1943 1982 2013 loquenti-

412 2040 513 2092 bus
541 2051 556 2090 :
593 2037 640 2092 is
665 2033 906 2104 profecto
937 2034 1213 2103 conspirat
1239 2034 1680 2090 manifestissime
1706 2049 1826 2089 cum
1853 2049 1978 2090 sen-

421 2130 586 2183 tentia
636 2127 968 2189 Jud:eorum,
1002 2128 1346 2198 abnegatque
1374 2141 1520 2192 eum,
1558 2128 1648 2198 qui
1699 2143 1824 2183 vere
1885 2129 1980 2184 Dei

410 2221 579 2276 Filius
610 2231 714 2275 est.
745 2219 800 2274 Si
825 2219 948 2288 quis
976 2217 1220 2273 Judteum
1248 2221 1686 2290 interrogaverit,
1718 2235 1787 2275 an
1813 2220 1980 2276 Deum

406 2323 567 2384 putet
599 2312 834 2368 Verbum
893 2327 1052 2367 suum
1122 2311 1650 2377 babere?0mnino,
1692 2323 1840 2368 certe
1895 2328 1984 2368 re-

403 2421 716 2477 sponsurus
764 2417 869 2470 est,
929 2416 1079 2475 puto.
1115 2404 1371 2461 Libenter
1409 2407 1674 2474 siquidem
1707 2407 1986 2477 profitetur

412 2499 649 2564 Iudaeus,
683 2512 788 2554 non
825 2497 1045 2551 Verbum
1079 2499 1258 2563 modo,
1284 2498 1414 2568 quin
1453 2496 1623 2553 Verba
1660 2499 1863 2553 inﬁnita
1889 2500 1987 2553 ha-

415 2592 544 2647 bere
589 2592 777 2647 Deum.
821 2590 975 2658 Quod
1028 2590 1074 2644 si
1127 2591 1306 2645 adhuc
1339 2590 1528 2654 instes,
1563 2605 1630 2644 an
1665 2589 1861 2644 Filiutn
1893 2591 1988 2644 ba-

414 2683 574 2740 beat?
607 2697 711 2738 non
738 2692 824 2738 est
857 2683 958 2737 hoc
985 2682 1228 2751 perinde,
1260 2695 1401 2745 reor,
1448 2679 1821 2736 confessurus.
1865 2679 1985 2735 lam

418 2789 566 2839 vero,
591 2774 636 2829 si
669 2788 774 2827 non
809 2772 1030 2828 Judteus
1056 2772 1346 2840 quispiam,
1375 2771 1466 2825 sed
1514 2772 1560 2825 is
1621 2772 1710 2840 qui
1759 2771 1832 2824 sit
1863 2786 1986 2826 cum

415 2867 770 2934 episcopatu,
826 2864 978 2917 illam
1035 2862 1303 2916 invexerit
1349 2861 1695 2932 opinionem,
1756 2859 1988 2916 Verbum

415 2970 534 3012 esse
586 2957 739 3011 illum
776 2997 790 3021 ,
849 2955 945 3010 sed
1010 2955 1119 3010 Deo
1200 2955 1573 3008 tantummodo
1657 2953 1984 3008 adunitnm:

420 3055 478 3112 νΙι
509 3056 770 3102 :Pternum
805 3056 981 3099 tamen
1010 3056 1064 3098 et
1093 3044 1414 3111 ingenitum,
1455 3059 1622 3098 unum
1655 3052 1814 3113 atque
1845 3043 1985 3097 idem

415 3155 644 3196 numero
675 3156 794 3195 cum
845 3140 975 3207 Deo,
1005 3140 1311 3195 nominibus
1349 3140 1577 3194 diversis
1615 3137 1793 3194 Patris
1829 3147 1988 3210 atque

417 3232 537 3287 Filii
568 3243 906 3301 usurpatum,
939 3232 1236 3286 substantia
1267 3241 1441 3286 tamen
1467 3231 1606 3286 idem
1637 3239 1690 3286 et
1715 3231 1989 3302 hypostasi

498 3380 555 3437 ὦ
595 3373 689 3427 Ed.
725 3373 897 3427 Paris.
951 3387 1072 3442 pag.
1104 3374 1154 3426 5.

495 3471 514 3500 ⁸
547 3470 702 3524 Joan.
741 3485 790 3532 ν,
823 3468 913 3522 26.

425 3669 664 3741 ἐνεργῶν
685 3668 763 3733 δέ,
793 3671 851 3741 ὲν
869 3668 946 3741 τῷ
976 3667 1072 3741 τὴν
1095 3667 1272 3741 κτίσιν
1297 3665 1665 3741 δημιουργεῖν.
1699 3664 1742 3719 Ε
1765 3677 1996 3741 sequen:

429 3732 598 3806 tibus,
623 3732 811 3794 vocem
841 3732 988 3792 illam
1030 3732 1291 3807 ’ἡμετέρῳ
1329 3732 1596 3807 librarius
1659 3732 2000 3807 transcripsit

426 3789 894 3879 b'ﬁéétis'flb'éieit
906 3789 1144 3879 eamfo
1156 3789 1241 3858 .-'-
1260 3789 1403 3860 infra
1429 3805 1675 3867 Ἰουδαῖος
1690 3802 1764 3856 ὢν
1785 3789 2000 3872 scripsi.

502 3880 638 3954 (50’)
664 3879 836 3948 Vulgo
876 3879 1109 3945 εἰσάγοι.

496 3974 610 4044 (Si)
638 3971 750 4028 Καὶ
789 3969 1005 4025 τοῦτον
1050 3967 1204 4044 εἶναι
1261 3970 1470 4044 didior:
1496 3969 1592 4021 καὶ
1619 4035 1631 4044 _
1651 3968 1999 4044 ἀγέννητον.

473 4035 651 4109 τὶηβό,
670 4051 934 4110 quatenus
954 4050 1074 4093 erat
1097 4043 1148 4093 in
1175 4040 1304 4101 Deo,
1334 4038 1481 4110 αρτῷ
1508 4035 1708 4110 συνὼν,
1725 4036 2003 4110 ἡνωμένος

424 4108 594 4182 αὐτῷ.
627 4108 762 4182 Nam
804 4109 1069 4182 alioquin,
1099 4111 1314 4164 ascﬂbit
1342 4108 1632 4182 Eusebius
1683 4111 1821 4182 hanc
1881 4108 1998 4177 opi-

429 4177 646 4237 nionem
671 4177 946 4243 Marcello,
962 4183 1104 4248 quod
1126 4179 1578 4248 quemadmodum
1595 4187 1747 4232 extra
1764 4177 2000 4248 Patrem,

429 4265 626 4318 nempe
652 4251 704 4303 in
727 4247 990 4311 creando,
1017 4247 1294 4316 inceperat
1336 4264 1458 4303 esse
1485 4264 1507 4318 :7
1532 4249 1613 4302 sic
1641 4256 1696 4302 et
1716 4248 1853 4318 (olim
1903 4247 2002 4302 de-

431 4317 641 4376 sineret
670 4334 792 4374 esse
831 4321 971 4390 quod
1023 4329 1160 4383 erat,
1201 4332 1257 4372 et
1287 4319 1355 4390 in,
1381 4317 1610 4390 nihilum
1637 4317 1992 4390 redigeretur.

429 4391 601 4457 Quam
629 4404 778 4454 vere,
805 4388 1076 4443 nescimus
1105 4403 1119 4440 :
1143 4399 1287 4442 certe
1321 4388 1579 4442 Eusebius
1600 4388 1687 4441 hic
1712 4388 1998 4457 ariarnizat,

430 4433 1998 4531 Ettfx'aat'aergqjégggngare:"irasci—Es"ttat;
2033 4433 2075 4487 Ι)

432 4527 576 4600 quod
598 4527 870 4584 faciebant
902 4529 998 4581 illi.
1042 4527 1113 4583 Μ.

529 4619 618 4745 ῗέ)
649 4620 760 4744 Kal
790 4619 982 4673 ταύτόν
1013 4620 1130 4675 loco
1183 4619 1277 4672 καὶ
1301 4618 1464 4672 αὐτόν
1493 4617 1614 4675 dedi
1640 4635 1654 4683 ;
1694 4617 1764 4673 cf.
1799 4634 1851 4688 p.
1881 4617 1914 4670 6
1943 4617 2002 4680 D,

620 4733 635 4745 .
670 4708 699 4745 ε
726 4706 775 4744 c.

430 4707 486 4762 p.
513 4706 546 4745 δ
569 4706 635 4758 υ,
670 4706 775 4746 etc.

503 4782 615 4852 (55)
642 4780 758 4852 ,Τὸν
798 4780 917 4850 μὲν
948 4779 1274 4835 Σαϐἐλλιον
1304 4778 1734 4852 ὑποδυόμενος.
1783 4777 2008 4852 Semper

432 4848 861 4907 hunc—Marcello
894 4852 1368 4918 objectatauctor,
1411 4851 1498 4916 qui
1526 4849 1693 4918 Libya
1721 4848 2005 4912 oriundus,

431 4921 766 4976 Ptolemaide
801 4921 1081 4983 nimirum,
1122 4917 1279 4973 Noeti
1321 4917 1641 4988 discipulus
1665 4927 1804 4978 erat,
1839 4934 1867 4970 a
1896 4931 2007 4986 quo

433 4993 766 5060 impietatem
794 4999 1078 5060 acceptam
1111 4989 1259 5060 augtit
1287 4999 1342 5044 et
1370 4989 1635 5051 dilatavit,
1675 4999 1732 5041 ut
1774 5003 1871 5060 uisu
1919 5002 2007 5060 s07

432 5057 723 5116 let'renire
759 5062 811 5114 in
844 5059 1135 5115 haereticis.
1177 5057 1324 5112 Vixit
1350 5061 1496 5114 circa
1545 5074 1744 5112 annum
1793 5057 2005 5111 Domini

429 5133 558 5187 260.
586 5131 908 5185 Trinitatem
929 5131 980 5182 in
1014 5131 1173 5184 unius
1190 5145 1434 5198 personae
1457 5131 1738 5196 angustias
1762 5135 2008 5182 coarcta-

432 5208 530 5268 vit,
561 5213 616 5256 et
646 5203 702 5254 in
736 5201 901 5254 tribus
928 5199 1220 5264 vocabulis,
1253 5200 1587 5253 trinominent
1624 5200 1809 5261 Deum,
1829 5199 2007 5250 crede-

431 5274 520 5326 bat
551 5288 571 5325 :
608 5288 726 5324 cum
760 5269 994 5324 Ecclesia
1017 5286 1044 5323 e
1069 5280 1272 5335 contra,
1296 5279 1400 5323 tres
1439 5270 1795 5329 subsistentes,
1830 5283 2003 5331 veras,

429 5344 683 5411 integras.
708 5351 755 5394 et
777 5340 1036 5409 perfectas
1061 5355 1332 5411 personas,
1352 5339 1614 5407 indefessa
1637 5356 1757 5393 voce
1772 5352 2005 5408 promtu.

429 5410 642 5480 tiet,’ait
664 5412 722 5463 Β.
763 5411 1139 5480 Hieronymus.
1174 5410 1244 5463 Μ.

403 5537 410 5552 ι
503 5479 617 5552 (54)
658 5478 984 5552 Ἐπιτρέπεὶ
1021 5481 1261 5549 θεσμός.
1308 5479 1438 5552 Erat
1469 5479 1625 5552 enim
1665 5479 1717 5552 in
1760 5478 2008 5552 confesw

401 5546 688 5616 TpOSitum,
717 5546 856 5602 εἶναι
895 5561 950 5605 et
995 5546 1241 5621 προεῖναι
1280 5549 1576 5621 τὸνᾉΛὸγον
1619 5549 1713 5602 τοῦ
1760 5548 1915 5614 Θεοῦ,
1955 5559 2008 5601 et

434 5621 748 5690 qumqscmel
789 5631 945 5673 erant
967 5619 1145 5673 πίστει
1171 5619 1562 5690 παραδοθέντα,
1599 5635 1704 5673 non
1732 5627 1891 5674 erant
1917 5633 2008 5672 vo-

435 5688 609 5743 canda
639 5689 695 5743 in
725 5692 1081 5758 quaestionem
1120 5688 1342 5756 iterum,
1367 5706 1473 5746 non
1496 5694 1562 5746 de
1592 5690 1661 5747 iis
1697 5690 2005 5760 disquiren-

2078 1879 2169 1914 τον
2203 1862 2298 1915 καὶ
2329 1861 2497 1916 ἀΐδιον
2524 1863 2614 1915 καὶ
2631 1862 2863 1934 ἄναρχον
2880 1864 2975 1915 καὶ
2997 1863 3212 1933 πρῶτον
3238 1863 3331 1916 καὶ
3362 1864 3525 1933 μόνον
3557 1865 3675 1916 Πα-

2079 1955 2215 2024 τέρα
2271 1952 2467 2006 σέόεινο
2518 1953 2611 2006 τὸν
2652 1954 2709 2006 δὲ
2736 1955 2798 2006 ἐκ
2828 1952 2922 2006 τοῦ
2956 1952 3167 2026 Πατρὸς
3205 1956 3531 2026 γεννηθῆναι
3576 1956 3673 2008 καὶ

2087 2043 2408 2114 ὑποστῆναι,
2456 2045 2550 2098 καὶ
2579 2043 2737 2114 μόνον
2786 2043 2912 2096 Υἱὸν
2944 2043 3053 2113 (57)
3090 2046 3350 2116 μονογενῆ
3394 2043 3538 2100 εἶναι
3590 2064 3672 2098 πι-

2085 2134 2294 2187 στεύειν
2309 2133 2440 2187 Θεὸν
2466 2152 2524 2187 τε
2548 2135 2708 2188 αὐτὸν
2725 2136 2798 2198 ὡς
2815 2135 3029 2206 ἀληθῶς
3043 2136 3172 2190 Υἱὸν
3201 2137 3329 2190 ὄντα
3351 2137 3510 2202 Θεοῦ,
3528 2156 3672 2207 γνωο

2086 2225 2274 2295 ρίζειν.
2288 2226 2350 2277 Εἰ
2363 2225 2426 2297 δὴ
2445 2224 2554 2297 (58)
2570 2221 2662 2280 οὖν
2674 2226 2880 2289 τούτοις
2899 2227 2995 2297 μὲν
3008 2228 3118 2297 (59)
3135 2227 3429 2298 ἀντιλέγων
3445 2247 3533 2293 τις
3555 2230 3673 2298 φαί-

2084 2330 2245 2377 νοιτο,
2282 2313 2453 2383 Λόγον
2479 2314 2536 2367 δὲ
2565 2313 2699 2366 Θεοῦ
2733 2314 2930 2384 ὁμοίως
2957 2314 3034 2385 τῷ
3064 2317 3120 2367 ἐν
3149 2315 3457 2387 ἀνθρώποις
3476 2318 3672 2371 τοῦτον

2085 2403 2337 2472 ὁρίζοιτο,
2364 2405 2464 2458 οὐκ
2493 2405 2687 2458 ἐννοῶν
2713 2404 2831 2458 οὐδὲ
2856 2404 3220 2476 λογιζόμενος,
3255 2408 3329 2472 ὡς
3352 2409 3503 2463 οὐδὲν
3565 2410 3673 2481 χρὴ

2087 2495 2436 2566 θνητὸν,οὑδὲ
2473 2493 2805 2565 ἀνθρώπινον
2833 2495 2912 2566 τῷ
2948 2496 3204 2549 ἐπέκεινα
3236 2498 3343 2551 τῶν
3368 2498 3508 2551 ὅλων
3542 2501 3675 2553 ἀνα-

2085 2587 2290 2641 τιθέναι
2312 2586 2450 2656 Θεῷ,
2481 2586 2590 2639 οὐδ’
2609 2585 2745 2650 ὅλως
2767 2605 2818 2640 τι
2840 2587 2946 2641 τῶν
2972 2590 3050 2651 εἰς
3078 2590 3348 2662 ἡμετέραν
3365 2589 3673 2662 ἐνθύμησιν

2087 2678 2362 2742 ἀνιόντων,
2381 2678 2485 2732 κᾶν
2515 2679 2570 2732 αἱ
2598 2676 2738 2731 θεῖαι
2768 2678 3002 2748 Γραφαὶ,
3031 2678 3216 2752 ὥσπερ
3249 2680 3400 2744 τινὰς
3440 2683 3674 2751 νηπίους

2089 2769 2530 2839 παιδαγωγοῦσαι
2555 2770 2680 2833 τοὺς
2713 2771 3155 2841 ἐντυγχάνοντας,
3188 2772 3674 2846 ἀνθρωπινώτερον

2089 2862 2217 2936 περὶ
2249 2861 2545 2932 αὑτοῦμο)
2595 2861 2966 2930 διαλέγωνται,
3009 2866 3194 2933 χεῖρας
3241 2863 3409 2935 αὐτῷ,
3451 2866 3550 2917 καὶ
3581 2865 3673 2918 πό-

2088 2955 2204 3020 δας,
2227 2956 2319 3009 ua).
2343 2955 2672 3025 ὀφθαλμοὺς,
2709 2954 2804 3008 καὶ
2822 2956 3021 3024 φωνὰς,
3053 2957 3146 3008 καὶ
3181 2956 3390 3024 λόγους,
3429 2959 3529 3011 καὶ
3553 2960 3672 3012 στό-

2019 3080 2062 3136 D
2094 3065 2258 3120 ματα,
2302 3050 2396 3102 καὶ
2451 3048 2760 3120 πρόσωπον,
2796 3051 2891 3102 καὶ
2934 3048 3100 3122 μυρία
3144 3049 3277 3102 ἄλλα
3325 3049 3557 3103 τοιαῦτα
3589 3069 3674 3105 πε-

2097 3139 2438 3210 ριάπτουσαι·
2472 3137 2508 3192 ἃ
2537 3137 2599 3209 δὴ
2624 3137 2736 3210 (41)
2777 3139 3042 3210 προσήκει
3076 3138 3401 3210 μεταφέρειν
3430 3139 3528 3191 ἐπὶ
3559 3137 3673 3190 θεο-

2095 3233 2327 3302 πρεπεῖς
2352 3231 2579 3296 ἐννοίας,
2613 3230 2764 3284 οὐδὲν
2796 3229 2987 3302 θνητὸν
3013 3230 3120 3283 οὐδ’
3143 3229 3484 3300 ἀνθρώπινον
3511 3232 3571 3285 ἐν
3600 3230 3673 3300 τῷ

2104 3661 2229 3729 dum
2257 3659 2706 3729 ambigendumve
2751 3675 2764 3712 :
2802 3659 3008 3728 optimo
3040 3659 3306 3729 instituto,
3356 3669 3411 3713 et
3463 3676 3671 3719 summo

2105 3728 2358 3802 Ecclesiae
2383 3728 2526 3783 bono
2560 3730 2613 3802 in
2646 3744 2799 3783 usum
2824 3729 3148 3802 revocando.
3187 3728 3322 3802 Nam
3372 3731 3670 3802 cuicunque

2108 3800 2358 3863 Cerdoni,
2391 3801 2614 3866 sartori,
2642 3798 2946 3870 textori,de
2982 3800 3144 3870 rebus
3179 3799 3350 3854 sacris
3375 3798 3668 3870 garriendi,

2110 3879 2303 3924 contra
2358 3884 2446 3924 res
2498 3885 2685 3923 sacras
2733 3869 3035 3938 insaniendi
3071 3869 3290 3937 impune
3318 3869 3667 3938 permittitur,

2111 3949 2423 4007 usurpatur,
2443 3939 2614 3992 ἄδεια.
2638 3939 2862 3992 Videtur
2881 3937 3254 4008 bicpEusebins
3278 3937 3524 4008 jugulum
3567 3943 3670 3994 sal-

2111 4020 2215 4062 tem
2237 4006 2408 4082 ipsum
2430 4019 2614 4082 petere
2628 4007 2942 4082 Arianismi.
2971 4006 3096 4082 Erat
3113 4008 3254 4082 enim
3277 4006 3552 4082 ililld_:\l‘ii
3572 4012 3644 4082 ψή

2109 4072 2304 4149 φισμα,
2339 4079 2392 4132 in
2427 4072 2616 4147 primis
2643 4077 2996 4149 κυριώτατον,
3025 4072 3104 4146 ἦν
3131 4077 3230 4132 ὅτε
3261 4081 3371 4132 οὐκ
3397 4075 3497 4149 ἦν,
3531 4072 3668 4149 quod

2106 4147 2321 4202 videtur
2351 4163 2551 4217 negare
2575 4163 2590 4200 :
2619 4147 2727 4202 sed
2747 4161 2934 4201 revera
2961 4149 3190 4211 videtur,
3219 4165 3341 4200 nam
3369 4147 3431 4203 et
3455 4147 3593 4205 εἶναι
3619 4161 3668 4203 et

2105 4220 2348 4289 προεῖναι
2374 4221 2672 4272 concedere
2695 4217 2844 4289 illum
2879 4225 3150 4289 poterant,
3177 4228 3238 4289 et
3258 4233 3446 4272 revera
3474 4237 3668 4273 conce-

2103 4286 2322 4351 debant,
2357 4305 2452 4341 nec
2480 4289 2759 4358 tamenab
2791 4287 2877 4358 illa
2927 4286 3055 4358 δόξᾳ
3111 4287 3277 4358 κυρίᾳ
3324 4291 3666 4354 recedebant,

2103 4358 2206 4428 πρὸ
2227 4361 2433 4429 χρόνων
2462 4353 2601 4429 εἶναι
2632 4357 2722 4410 τὸν
2771 4357 2896 4429 Υἱδν
2931 4353 3136 4429 ἔλεγον,
3162 4353 3516 4429 ,πεποιῆσθαι
3546 4360 3666 4429 μέν·

2102 4427 2206 4493 τοι,
2229 4427 2326 4481 καὶ
2345 4428 2441 4481 'éva
2469 4427 2576 4481 τῶν
2613 4428 2926 4498 κτισμάτων
2966 4427 3128 4498 αὑτὸν
3157 4427 3454 4491 ἐδίδασκον,
3501 4427 3560 4481 ut
3598 4430 3669 4482 lo-

2110 4501 2295 4567 quitur
2329 4514 2554 4567 magnus
2577 4495 2928 4562 Athanasius,
2965 4495 3039 4548 De
3082 4499 3281 4565 synodo
3334 4500 3662 4551 Ariminensi.

2108 4566 2330 4637 Nempe,
2376 4566 2501 4622 ante
2543 4568 2678 4622 alias
2727 4581 2915 4637 omnes
2965 4578 3246 4637 creaturas
3296 4567 3497 4620 factum
3541 4567 3667 4620 fate-

2108 4635 2328 4703 bantur,
2362 4653 2466 4691 non
2510 4648 2686 4691 tamen
2731 4636 2799 4690 ab
2840 4647 3065 4706 aeterno.
3102 4635 3309 4689 Inﬁnita
3350 4638 3548 4706 quippe
3578 4653 3666 4691 sae-

2107 4709 2224 4760 cula
2239 4709 2290 4760 in
2315 4707 2616 4762 aeternitate
2633 4704 2988 4776 κοσμοποιίαν
3008 4704 3666 4776 anteverlisse‘ddcebant.

2109 4778 2286 4844 Atque
2320 4779 2394 4831 ita
2427 4777 2692 4831 Eusebius
2719 4775 2774 4830 in
2807 4777 2932 4829 ﬁdei
2965 4791 3074 4829 suae
3115 4775 3350 4838 ἐκθέσει,
3377 4789 3540 4844 quam
3579 4779 3666 4832 Ec-

2107 4847 2287 4917 clesiae
2354 4848 2616 4917 ascribit,
2655 4846 2822 4917 Deum
2877 4845 3093 4917 Patrem
3153 4846 3451 4917 ἀγέννητον
3501 4859 3666 4908 vocat,

2108 4915 2304 4988 Filium
2331 4917 2528 4970 fatetur
2551 4916 2710 4988 μόνον
2727 4915 2820 4968 καὶ
2839 4915 3132 4988 μονογενῆ,
3149 4931 3254 4988 non
3273 4915 3456 4988 autem
3474 4917 3665 4988 ᾀῖδξως.

2110 4987 2213 5039 Sed
2247 5001 2344 5039 nec
2377 4988 2464 5039 illa
2500 4985 2620 5053 qua:
2645 5002 2766 5038 mox
2802 4985 3064 5047 annectit,
3101 4985 3234 5038 Θεόν
3284 5003 3342 5038 τε
3387 4986 3572 5052 αὑτὸν,
3603 4988 3666 5052 ὡς

2108 5055 2322 5124 ἀληθῶς
2345 5057 2471 5109 Υἱὸν
2496 5056 2625 5109 ὄντα
2661 5054 2820 5120 Θεοῦ,
2855 5054 3160 5124 γνωρίζειν,
3190 5057 3258 5109 ab
3292 5059 3665 5111 Arianismoil-

2111 5125 2216 5177 lum
2245 5129 2571 5189 excludunt;
2594 5141 2718 5179 nam
2745 5128 2928 5178 Ariani
2959 5129 3301 5192 ltocdabant,
3330 5129 3424 5179 sed
3445 5137 3668 5181 creatura

2109 5205 2284 5248 tamen
2309 5212 2323 5258 ;
2359 5206 2413 5249 et
2439 5199 2504 5249 de
2531 5197 2631 5248 οὐκ
2655 5194 2823 5247 ὄντων
2856 5197 2974 5250 vide
2987 5197 3330 5250 Athan.orat.
3362 5211 3449 5250 ut.
3470 5195 3541 5251 Μ.

2181 5264 2290 5337 (55)
2327 5266 2528 5336 Θάρσει
2559 5267 2675 5337 loco
2706 5265 2898 5336 θράσει
2923 5281 2989 5320 ex
3025 5279 3167 5320 corr.
3204 5267 3403 5337 recepi.

2182 5336 2296 5403 (56)
2337 5338 2461 5388 Dele
2484 5336 2602 5388 καί.

2180 5405 2292 5476 (δῖ)
2324 5405 2491 5476 Vulgo
2525 5405 2619 5476 καὶ
2646 5421 2764 5475 μον.

2183 5474 2293 5546 (58)
2323 5474 2491 5544 Vulgo
2528 5475 2608 5530 δέ.

2180 5544 2292 5618 (59)
2327 5546 2495 5618 Χυβιιο
2517 5544 2838 5618 ᾁντιλέγειν.

2181 5615 2294 5687 (40)
2327 5615 2494 5687 Vulgo
2516 5615 2870 5687 διαλέγονται.

2182 5685 2293 5756 (41)
2331 5685 2500 5740 Vulso
2528 5685 2590 5737 δέ,
