3836 6216
171 304 277 359 72!

1324 299 1611 357 CONTRA
1645 300 2080 360 MARCELLUM
2117 301 2248 359 LIB.
2290 304 2332 362 l.

3348 310 3447 363 71‘2

171 418 299 491 Θεῷ
330 413 469 472 εἶναι
496 415 961 489 φανταζομένους.
994 416 1239 488 Πνεῦμα
1269 415 1379 489 γὰρ
1418 419 1452 472 ὁ
1486 417 1631 484 Θεὸς
1669 417 1767 472 καὶ

1888 433 2039 472 ιηιιηι
2066 420 2447 488 eumdemque,
2475 420 2521 475 is
2551 419 2791 488 profecto
2822 419 3119 476 Sabellium
3151 428 3321 475 totum
3349 423 3448 478 sibi

171 511 320 578 τοὺς
357 509 858 580 προσκυνοῦντας
895 506 1056 575 αὐτῷ
1084 509 1154 563 ἐν
1180 511 1474 581 πνεύματι
1495 512 1596 564 καὶ
1621 511 1767 579 ἀλη-

169 603 308 673 θείᾳ
352 601 450 656 δεῖ
488 601 882 671 προσκυνεῖν,
924 599 1089 665 αὐτὸς
1126 600 1415 666 ἐδίδαξενὸ
1437 602 1654 674 Σωτήρ.
1702 603 1766 657 Εἰ

166 695 231 748 δὲ
271 693 508 765 πνεῦμα,
540 690 698 764 δῆλον
727 692 808 746 ὅτι
845 691 1009 757 θεῖον,
1046 693 1292 764 κρεῖττον
1325 675 1528 756 παντὸς
1576 692 1769 765 αἰσθη-

166 802 271 839 του
299 784 396 840 καὶ
426 783 682 839 συνθέτου
712 783 983 857 σώματος·
1021 783 1097 848 ὡς
1133 785 1271 857 μήτε
1292 786 1488 856 Λόγον
1511 784 1768 857 αἰσθητὸν

169 877 325 951 ἔχειν
354 877 462 931 ὑπὸ
475 875 723 949 γλώττης
753 874 866 948 (42)
895 875 1277 949 ὲξηχούμενον,
1314 877 1408 930 καὶ
1449 875 1538 930 διὰ
1565 893 1770 948 προφο-

172 972 283 1044 ρᾶς
305 969 522 1042 θνητοῖς
556 968 691 1023 ὠσὶν
719 967 1132 1040 ὲξακουόμενον,
1168 969 1306 1040 μήτε
1338 967 1604 1037 γλῶτταν,
1631 970 1768 1041 μήτε

170 1062 386 1133 φωνὴν,
418 1062 556 1133 μήτε
571 1060 899 1140 πρόσωπον,
930 1060 1068 1132 μήτε
1085 1058 1213 1114 ἄλλο
1236 1058 1415 1131 θνητῷ
1438 1061 1532 1114 καὶ
1556 1059 1769 1131 ἀνθρω-

167 1154 322 1226 πίνῳ
352 1153 602 1226 λογισμῷ
645 1152 1151 1226 παραϐαλλόμενον.
1198 1154 1262 1206 Ei
1315 1153 1426 1225 γάρ
1461 1170 1514 1207 τι
1553 1152 1702 1217 ἄλλο,
1737 1151 1768 1207 ὃ

168 1245 490 1315 ὀφθαλμὸς
521 1248 633 1300 οὐκ
653 1241 836 1310 εἶδεν,
871 1244 1014 1299 οὐδὲ
1040 1240 1153 1312 οὖς
1173 1244 1465 1315 ἤκουσεν,
1491 1245 1636 1302 οὐδὲ
1670 1245 1772 1299 ἐπὶ

167 1338 296 1406 τὴν
350 1336 462 1410 (45)
497 1337 753 1408 καρδίαν
784 1335 1101 1406 ἀνθρώπου
1151 1339 1265 1392 οὐκ
1302 1337 1509 1407 ἀνέϐη·
1542 1337 1769 1410 (τοιαῦτ’

167 1425 339 1494 εἶναι,
356 1428 396 1483 d
418 1429 748 1500 ἡτοίμασεν
780 1432 815 1483 ό
841 1428 986 1496 Θεὸς
1017 1428 1334 1500 ἀγαπῶσιν
1354 1429 1562 1498 αὐτὸν,
1585 1432 1613 1485 6
1628 1432 1772 1496 θεῖος

168 1520 417 1589 ἐδίδαξεν
458 1522 826 1596 ’Δπόστολοςὴ
859 1523 1066 1578 τούτων
1092 1524 1350 1579 ἁπάντων
1378 1523 1561 1588 αὐτὸς,
1590 1524 1619 1576 6
1648 1523 1773 1578 τού-

166 1630 288 1667 των
317 1613 481 1686 δοτὴρ
503 1614 758 1687 ἀρρήτων
789 1614 855 1669 ἂν
878 1615 967 1687 εἴη
991 1614 1378 1690 ἀρῤητότερος·
1405 1615 1464 1680 ὃς
1501 1615 1615 1688 (44)
1651 1615 1773 1670 πολ-

1870 494 2083 563 ἰηόυὶίε
2117 510 2185 562 ab
2219 507 2308 562 illa
2351 508 2522 579 gratia
2555 516 2610 563 et
2644 510 2951 579 cognitione
2989 510 3199 565 alienus
3229 512 3448 579 excidit,

1868 613 1990 669 quae
2019 614 2115 670 per
2147 598 2424 655 Christum
2465 610 2566 653 cst.
2602 599 2918 670 Disquirere
2961 616 3067 656 non
3110 603 3316 671 patitur
3346 601 3449 656 an

1870 688 2049 744 clesiae
2067 690 2175 755 lex,
2201 690 2397 745 nedum
2419 688 2773 746 subdubitare
2804 707 2924 757 nos,
2944 701 3039 746 aut
3074 706 3271 747 vocare
3294 692 3448 746 inter—
3486 676 3491 721 ἶ

1870 780 2114 850 rogando
2142 781 2193 834 in
2225 781 2599 850 quaestionem,
2645 790 2826 836 utrum
2872 781 2965 837 Dei
2996 780 3165 837 Filius
3208 783 3448 854 unigeni-

1873 882 1981 940 tus,
2014 881 2127 927 erat
2147 911 2163 938 ,
2191 881 2247 926 et
2277 883 2405 930 ante
2437 876 2618 955 omnia
2637 875 3046 945 pra'exsistebat.
3077 874 3246 930 Docet
3272 885 3449 930 autem

1871 963 1980 1019 fide
2006 964 2317 1030 ratihabita,
2365 976 2420 1021 et
2466 981 2590 1020 cum
2618 981 2827 1021 summa
2869 965 3197 1021 conﬁdentia
3229 968 3449 1035 prolite-

1872 1063 1982 1120 tur,
2040 1056 2209 1110 Deum
2267 1057 2349 1112 sui
2398 1055 2518 1111 Filii
2565 1057 2824 1127 unigeniti
2875 1072 2997 1112 esse
3044 1057 3295 1125 Patrem,
3346 1074 3452 1114 non

1872 1157 2055 1205 autem
2090 1148 2305 1204 Patrem
2335 1164 2456 1204 esse
2484 1147 2703 1215 Filium,
2738 1148 2817 1202 vel
2850 1148 3041 1203 Filium
3068 1164 3193 1206 esse
3216 1151 3452 1207 Patrem.

1872 1241 2027 1298 Hunc
2086 1256 2206 1297 esse
2266 1242 2602 1312 ingenitum,
2651 1249 2951 1306 aeternum,
2996 1241 3114 1297 sine
3164 1243 3455 1313 principio,

1870 1337 2106 1408 primum
2168 1347 2224 1391 et
2274 1334 2486 1398 solum,
2544 1332 2758 1388 Patrem
2810 1332 3170 1387 adorandum.
3229 1333 3385 1388 Illum
3426 1350 3459 1389 a

1874 1426 2038 1482 Patre
2071 1442 2170 1483 suo
2199 1427 2468 1496 genitum,
2498 1426 2908 1488 subsistentem,
2939 1425 3111 1479 solum
3141 1424 3369 1493 Filium,
3403 1434 3461 1482 et

1873 1515 2230 1585 unigenitum.
2260 1515 2428 1569 Deum
2459 1516 2604 1569 hunc
2631 1517 2876 1587 agnoscit
2901 1530 3154 1571 veracem
3194 1531 3336 1585 esse,
3369 1527 3460 1573 ut—

1872 1617 1998 1679 pote
2021 1623 2145 1663 cum
2186 1607 2281 1663 Dei
2308 1606 2533 1663 exsistat
2568 1606 2762 1663 Filius.
2808 1606 2908 1662 Cui
2945 1608 2991 1661 si
3031 1607 3151 1678 quis
3185 1608 3460 1664 contradi-

168 1705 255 1778 λῷ
298 1705 497 1777 μᾶλλον
549 1705 913 1780 ἀληθέστερον
962 1708 1096 1780 φαίη
1141 1706 1208 1763 ἂν
1257 1709 1313 1761 ὲν
1341 1710 1407 1780 τῇ
1440 1708 1570 1781 περὶ
1602 1709 1768 1763 αὐτοῦ

1888 1718 2002 1759 tere
2057 1702 2339 1759 sententiae
2400 1713 2730 1772 praesumat,
2802 1708 2857 1756 et
2929 1701 3021 1756 Dei
3078 1699 3319 1757 Verbum
3383 1700 3460 1756 illi

172 1769 447 1872 θεολογίᾳο
474 1769 787 1870 ὀφθαλμὸν
933 1769 1275 1869 ἐῶρααιέναι,
1311 1769 1468 1869 μηδὲ
1495 1769 1606 1867 οὖς
1633 1800 1771 1870 ἀκη-

1888 1795 2038 1851 verbo
2068 1808 2165 1864 per
2187 1792 2365 1848 omnia
2402 1769 2817 1859 Vassimilaverit,
2860 1789 3003 1861 quod
3055 1791 3108 1846 in
3157 1791 3464 1846 hominibus

171 1890 405 1957 κοέναι,
425 1890 582 1962 μηδὲ
611 1892 711 1946 ἐπὶ
740 1892 993 1963 καρδίαν
1003 1891 1329 1963 ἀνθρώπων
1345 1892 1775 1962 ἀναϐεϐηκέναι

169 1983 279 2055 τῆς
306 1984 436 2056 περὶ
471 1985 635 2039 αὐτοῦ
676 1978 1036 2058 καταλήψεως
1070 1984 1171 2058 τὴν
1200 1986 1426 2055 γνῶσιν.
1464 1985 1523 2039 '0
1542 1985 1589 2040 δ’
1611 1984 1774 2050 αὐτὸς

169 2075 243 2129 ἂν
290 2077 377 2149 εἴη
419 2076 576 2146 λόγος
602 2078 699 2132 καὶ
739 2079 871 2150 περ).
901 2078 1004 2149 τῆς
1044 2077 1139 2132 τοῦ
1171 2077 1307 2132 Υίοῦ
1337 2078 1770 2151 γενεσιουργίας.

171 2165 402 2223 Τούτων
434 2167 479 2222 δ’
510 2168 673 2234 αὐτὸς
697 2171 727 2224 6
751 2168 946 2241 Σωτὴρ
999 2168 1297 2243 ἀξιόχρεως
1328 2171 1526 2240 γένοιτ’
1549 2169 1616 2225 ἂν
1644 2170 1775 2242 ἡμῖν

174 2255 533 2332 ἱεροφάντης,
572 2253 677 2315 ὧδέ
703 2278 782 2333 πη
832 2261 1079 2331 φάσκωιιν
1116 2262 1323 2317 Πάντα
1343 2280 1448 2333 μοι
1478 2261 1776 2333 παρεδόθη

171 2351 300 2406 ὑπὸ
322 2352 432 2407 τοῦ
468 2354 698 2425 Πατρός
716 2372 857 2424 μου’
888 2356 982 2411 καὶ
1019 2355 1232 2424 Οὐδεὶς
1262 2357 1645 2427 ἐπιγινώσκει
1672 2356 1779 2411 τὸν

183 2442 329 2496 Υίύν
351 2443 507 2514 εἰμὴ
561 2447 596 2499 ὁ
626 2446 857 2517 Πατὴρ,
890 2447 1035 2503 οὐδὲ
1075 2447 1182 2502 τὸν
1210 2447 1445 2518 Πατέρα
1475 2466 1566 2515 τις
1591 2449 1777 2518 ἐπιγι-

171 2538 402 2594 νώσκει
418 2538 473 2591 ει
496 2536 584 2609 μὴ
636 2540 669 2593 ό
717 2539 870 2605 Υἱός.
907 2534 972 2593 Ei
1021 2538 1086 2613 δὴ
1134 2533 1229 2594 οὖν
1260 2539 1471 2605 τούτοις
1501 2541 1599 2611 μὲν
1627 2543 1778 2595 ἀντι-

174 2626 478 2699 φθέγγοιτό
509 2644 617 2693 τις,
654 2626 750 2682 καὶ
799 2626 873 2699 μὴ
905 2626 997 2681 τὸν
1028 2626 1182 2691 Υίὸν,
1239 2620 1284 2696 ᾧ
1324 2628 1500 2682 πάντα
1534 2625 1783 2700 παρέδω-

174 2736 280 2775 κεν
305 2721 335 2773 6
367 2718 558 2792 Πατὴρ
589 2717 887 2789 ὑφεστάναι
918 2717 1032 2789 (45)
1058 2716 1237 2787 λέγειν
1254 2717 1496 2790 τολμῴη,
1526 2718 1700 2789 Λόγον
1724 2719 1781 2774 δὲ

173 2811 349 2866 αὐτὸν
387 2810 623 2884 ὁρίζοιτο
664 2810 845 2882 μόνον,
876 2810 1062 2883 ὅμοιον
1097 2809 1175 2882 τῷ
1207 2812 1265 2865 ὲν
1292 2809 1621 2883 ἀνθρώποις,
1652 2813 1784 2867 ποτὲ

178 2904 288 2977 μὲν
315 2906 375 2957 ὲν
406 2902 484 2976 τῷ
508 2901 628 2975 Θεῷ
683 2902 1050 2976 ἡσυχάζοντα,
1096 2903 1300 2975 ὁμοίως
1348 2902 1428 2975 τῷ
1472 2907 1602 2976 παρ’
1652 2906 1784 2976 ἡμῖν

178 2995 488 3061 σιωπῶντι,
531 2995 662 3049 ποτὲ
690 2995 748 3049 δὲ
775 2993 1126 3068 ἐνεργοῦντα,
1153 2994 1233 3066 τῷ
1260 2997 1392 3069 παρ’
1417 2998 1573 3068 ἡμῖν,
1600 2999 1657 3050 ὲν
1704 2996 1783 3068 τῷ

175 3088 389 3155 λαλεῖν,
416 3087 776 3159 φθεγγομένῳ
808 3087 1231 3160 παραπλησίως·
1264 3083 1384 3142 εἶτα
1406 3086 1594 3143 τοῦτον
1619 3082 1782 3143 αὺτὸν
1809 3112 1854 3172 C

178 3179 365 3253 καιρῷ
389 3196 518 3245 τινι,
550 3179 662 3234 οὐδ’
693 3177 804 3249 (46)
842 3177 981 3233 ὅλων
1021 3176 1160 3231 ἑτῶν
1185 3176 1498 3251 ἔμπροσθεν
1517 3196 1778 3251 τετρακο-

181 3272 343 3336 σίων,
381 3272 562 3344 σάρκα
608 3271 772 3345 φησὶν
819 3268 939 3341 (οὐκ
962 3265 1058 3323 οἷδ’
1086 3269 1258 3341 ὅπως)
1286 3270 1656 3343 ἀνειληφέναι,
1688 3274 1783 3327 καὶ

177 3362 252 3419 δι’
280 3363 451 3436 αὐτῆς
470 3363 589 3433 τὴν
610 3353 728 3419 κατ’
754 3361 1040 3435 ἄνθρωπον
1069 3364 1418 3434 οἰκονομίαν
1434 3364 1547 3435 (47)
1570 3364 1782 3418 τετελε-

179 3457 364 3522 κέναι,
387 3458 480 3511 καὶ
501 3456 615 3530 (48)
654 3456 778 3511 τότε
831 3456 970 3512 Υιὸν
1004 3455 1154 3512 Θεοῦ
1184 3456 1493 3527 γεγονέναι,
1526 3458 1622 3511 καὶ
1670 3459 1781 3526 Ἰη-

179 3553 341 3608 σοῦν
368 3552 630 3623 Χριστὸν
662 3552 1022 3624 χρηματίσαι,
1055 3550 1326 3617 ,ϐασιλέα
1351 3567 1416 3605 τε
1440 3549 1553 3623 (49)
1579 3551 1779 3621 ἀναγοο

185 3645 438 3719 ρεῦσθαι,
455 3646 661 3700 εικόνα
680 3661 745 3699 τε
775 3644 882 3699 τοῦ
904 3644 1053 3699 Θεοῦ
1082 3643 1190 3699 τοῦ
1212 3643 1490 3714 ἀοράτου,
1518 3644 1617 3698 καὶ
1633 3660 1787 3714 πρω-

180 3739 442 3793 τότοκον
484 3737 690 3806 πάσης
732 3738 1007 3806 κτίσεως,
1059 3735 1135 3808 μὴ
1166 3735 1295 3789 ὄντα
1334 3735 1601 3810 πρότερον
1631 3753 1784 3800 ποτε,

184 3827 585 3901 ἀποδεδεῖχθαιο
631 3823 730 3882 εἶτ’
774 3829 870 3883 ἐπὶ
918 3831 985 3902 τῇ
1024 3828 1264 3902 τοσαύτῃ
1292 3826 1513 3901 ἀτοπία,
1560 3828 1682 3900 μηδ’
1728 3827 1787 3895 ἐξ

184 3913 367 3994 οὗπερ
399 3920 514 3988 (50)
553 3919 788 3974 ὑπέθετο
816 3919 1012 3992 χρόνου
1038 3918 1137 3992 τὴν
1166 3920 1246 3983 είς
1277 3918 1505 3993 ἄπειρον
1536 3920 1632 3974 καὶ
1663 3922 1790 3975 ἀτε-

183 4010 450 4083 λεύτητον
467 4008 610 4083 ζωήν
624 4027 685 4064 τε
701 4009 796 4065 καὶ
811 4009 1085 4081 βασιλείαν
1099 4008 1180 4081 τῷ
1192 4010 1367 4082 Χριστ
1381 4010 1411 4080 ἶ)
1428 4008 1620 4075 διδούς
1635 4010 1787 4074 τέλος

183 4103 247 4160 δὲ
263 4102 416 4175 αὐτῷ
437 4102 559 4175 μηδ’
579 4103 754 4158 αἴσιον
770 4100 990 4171 ἐπάγοι,
1014 4101 1135 4174 μηδ’
1152 4096 1263 4156 οἷον
1276 4104 1388 4167 τοῖς
1408 4101 1476 4156 δι’
1493 4101 1658 4157 αὑτοῦ
1674 4102 1786 4157 τῶν

186 4193 538 4263 ἐπαγγελιῶν
586 4192 1157 4265 καταξιωθησομένοις
1178 4236 1193 4260 ,
1229 4187 1304 4248 ὧν
1335 4195 1498 4260 αὐτὸς
1530 4197 1559 4248 6
1593 4195 1785 4269 Σωτὴρ

184 4285 551 4358 ἐπήγγελται,
568 4286 715 4358 ζωήν
728 4302 789 4339 τε
804 4284 1022 4339 αἰώνιον
1043 4285 1137 4339 καὶ
1159 4284 1466 4357 ἀφθαρσίαν
1484 4286 1785 4357 ἀθανασίαν

183 4395 249 4431 τε
277 4377 376 4431 καὶ
409 4375 688 4448 βασιλείαν
736 4375 1012 4449 οὐρανῶν,
1063 4376 1189 4444 τοῖς
1242 4376 1557 4449 ἀγαπῶσιν
1597 4379 1785 4434 αὑτὸν

1875 1891 2184 1960 reperitur:
2218 1888 2262 1942 si
2306 1900 2403 1942 nec
2452 1886 2655 1956 cogitet
2686 1898 2894 1952 secum,
2927 1899 3028 1939 nec
3063 1883 3247 1939 animo
3294 1883 3465 1940 revol-

1874 1991 1995 2049 vat,
2043 1979 2180 2035 nihil
2226 1978 2362 2046 Deo,
2415 1991 2670 2050 supremo
2703 1990 2886 2031 rerum
2926 1975 3168 2030 omnium
3198 1974 3460 2046 principi,

1874 2087 1995 2129 esse
2043 2072 2405 2144 aliingendum
2451 2070 2592 2142 quod
2639 2070 2707 2125 sit
2749 2068 2981 2124 mortale
3031 2079 3086 2123 et
3117 2066 3463 2122 humanum:

1875 2164 1987 2219 imo
2012 2178 2080 2219 ne
2121 2164 2339 2234 quidem
2371 2160 2666 2216 illiusmodi
2713 2159 2916 2230 aliquid
2947 2174 3068 2230 quae
3101 2175 3198 2215 nos
3229 2159 3467 2216 solemus
3560 2166 3563 2169 ‘

1876 2256 2060 2311 animo
2083 2265 2138 2311 et
2176 2254 2505 2325 cogitatione
2535 2253 3020 2322 comprehendere,
3064 2261 3340 2320 utcunque
3386 2251 3469 2306 in-

1880 2351 2090 2406 terdum
2135 2346 2430 2418 Scriptura:
2480 2360 2690 2412 sacrae,
2738 2329 2867 2401 dum
2919 2354 3173 2414 tanquam
3217 2342 3475 2414 puerulos

1879 2443 2111 2500 lectores
2143 2440 2418 2507 erudiunt,
2454 2438 2764 2494 humanitus
2794 2438 2862 2494 de
2900 2437 3011 2492 Deo
3047 2437 3196 2506 loqui
3232 2435 3468 2501 soleant,

1879 2533 2007 2588 dum
2058 2546 2250 2587 manus
2284 2530 2382 2594 illi,
2418 2528 2638 2594 oculos,
2675 2527 2862 2598 pedes,
2911 2542 3122 2592 vocem,
3162 2527 3348 2590 verba,
3384 2540 3468 2588 os,

1881 2625 2111 2689 vultum,
2141 2632 2194 2680 et
2226 2632 2484 2679 sexcenta
2515 2621 2744 2692 hujusce
2778 2620 2998 2691 generis
3026 2627 3222 2675 caetera
3255 2618 3468 2673 soleant

1883 2721 2165 2790 adaptare,
2216 2730 2336 2785 quae
2389 2729 2486 2770 nos
2544 2712 2726 2769 omnia
2785 2720 3003 2782 oportet
3047 2714 3114 2765 ad
3170 2710 3472 2766 diviniores

1885 2809 2184 2866 transferre
2227 2807 2607 2878 cogitationes,
2640 2821 2739 2860 nec
2768 2805 3037 2860 ullatenus
3082 2802 3369 2874 imaginari
3416 2801 3471 2856 in

1886 2903 1994 2957 Deo
2027 2902 2249 2956 bnmani
2300 2899 2595 2969 quidquam
2633 2898 2716 2953 vel
2753 2898 2915 2953 etiam
2951 2893 3181 2951 mortale
3212 2894 3469 2950 residere.

1884 2994 2023 3049 Deus
2056 2993 2258 3048 etenim
2289 2993 2507 3062 spiritus
2537 3001 2649 3057 est,
2691 2999 2741 3043 et
2776 2991 2863 3060 qui
2914 2988 3141 3043 adorant
3178 2985 3381 3050 Deum,
3417 2986 3473 3039 in

1885 3088 2074 3157 spiritu
2124 3087 2279 3140 illum
2304 3095 2353 3140 et
2388 3085 2613 3140 veritate
2645 3085 2874 3136 adorare
2898 3080 3101 3135 debent
3125 3079 3169 3147 ",
3214 3078 3473 3149 quemad-

1890 3181 2110 3237 modum
2157 3179 2420 3236 Servator
2467 3191 2568 3232 nos
2601 3177 2781 3231 docet.
2824 3174 2978 3242 Quod
3030 3173 3076 3228 si
3122 3181 3301 3227 autem
3332 3170 3473 3226 Deus

1887 3274 2113 3344 spiritus
2143 3273 2230 3334 sit,
2259 3271 2481 3327 omnino
2513 3276 2726 3324 constat
2752 3282 2872 3323 esse
2912 3282 3034 3322 eum
3081 3264 3250 3319 multo
3284 3262 3474 3318 melio-

1887 3379 2001 3420 rem
2045 3374 2099 3419 et
2135 3359 2608 3432 praestantiorem,
2659 3370 2985 3427 quacunque
3031 3369 3088 3408 re
3136 3352 3382 3409 sensibili
3419 3361 3475 3407 ct

1887 3465 2182 3513 concreta:
2213 3453 2354 3507 unde
2387 3453 2499 3517 lict,
2530 3460 2590 3505 ut
2636 3465 2736 3504 nec
2780 3447 3009 3504 Verbum
3052 3447 3249 3502 habeat
3279 3448 3477 3515 lingua

1888 3562 2023 3603 sono
2050 3543 2403 3617 prolatitium,
2427 3549 2483 3596 et
2511 3555 2607 3610 per
2634 3540 2832 3610 lingua:
2856 3539 3215 3609 prolationem
3244 3537 3475 3592 aliorum

1891 3643 2113 3698 auribus
2144 3642 2472 3696 insinuatum
2502 3657 2514 3693 ε
2547 3637 2638 3693 sed
2676 3649 2774 3690 nec
2806 3634 3080 3704 linguam,
3114 3646 3325 3696 vocem,
3357 3630 3477 3685 vul-

1895 3745 2039 3796 tum,
2086 3740 2180 3787 ant
2227 3729 2373 3785 aliud
2412 3730 2736 3800 quidquam,
2789 3726 2934 3795 quod
2980 3725 3216 3778 humana
3260 3721 3477 3776 ratione

1891 3824 2277 3881 constituatur.
2333 3819 2613 3891 Siquidem
2669 3816 2817 3872 aliud
2866 3815 3159 3886 quidquam
3210 3814 3474 3876 exsistat.

1893 3918 2036 3989 quod
2069 3932 2169 3972 nec
2198 3915 2388 3971 oculus
2414 3914 2568 3981 vidit,
2604 3927 2704 3968 nec
2736 3909 2949 3964 audivit
2973 3908 3143 3973 auris,
3172 3921 3274 3964 nec
3304 3907 3356 3961 in
3382 3921 3477 3961 cor

1897 4011 2192 4067 humanum
2239 4005 2485 4061 ascendit
2515 4005 2633 4076 ejus
2671 4001 2975 4074 cogitatio:
3008 3999 3310 4072 cuiusmodi
3355 4012 3478 4053 esse

1894 4102 1985 4161 illa
2021 4103 2179 4158 docet
2219 4115 2319 4156 nos
2361 4097 2674 4168 Apostolus,
2733 4109 2854 4165 quae
2887 4092 3223 4164 diligentibus
3264 4106 3320 4145 se
3365 4087 3477 4143 Do-

1894 4197 2069 4252 minus
2097 4192 2415 4265 praeparavit
2439 4191 2492 4246 δε
2521 4199 2633 4244 tum
2662 4198 2811 4243 certe
2841 4188 3031 4240 horum
3059 4184 3301 4239 omnium
3324 4182 3481 4238 dator

1896 4290 2071 4355 Deus,
2121 4283 2581 4342 inenarrabilibus
2615 4291 2700 4337 est
2755 4276 3219 4335 inenarrabilior:
3254 4281 3313 4339 >14
3345 4275 3481 4328 adeo

1892 4382 2034 4439 utin
2072 4381 2283 4436 ratione
2316 4379 2384 4434 de
2418 4378 2526 4432 Deo
2584 4372 2889 4443 theologica
2925 4369 3277 4432 instituenda,
3314 4365 3481 4419 multo

186 4469 586 4542 ὑποσχόμενος
612 4469 912 4542 τηνικαῦτα
941 4470 1000 4524 δὲ
1024 4471 1169 4524 κατά
1194 4470 1295 4541 τὴν
1323 4471 1786 4547 προσδοκωμένην

1894 4483 2041 4533 certe
2072 4474 2275 4531 rectius
2323 4467 2661 4543 pronuntiari
2703 4473 2901 4538 queat,
2941 4461 3148 4518 oculum
3192 4474 3354 4529 neque
3398 4459 3480 4512 ei—

267 4613 331 4671 ›Ῑ‹
358 4606 461 4674 Ed.
492 4605 694 4673 Paris.,
729 4622 857 4677 pag.
886 4610 940 4663 6.
1084 4655 1092 4665 .

264 4680 287 4711 ⁷
325 4677 485 4734 Joan.
512 4694 589 4743 tv,
614 4678 707 4734 24.
784 4676 821 4709 ’ί
841 4676 861 4731 ι
883 4681 1008 4734 Cor.
1034 4694 1097 4746 tt,
1121 4680 1174 4736 9.

266 4844 390 4990 (42)
420 4844 531 4915 Mp.
558 4843 826 4916 ὲξηγουμ.

267 4915 366 4990 (45
415 4917 546 4990 Deis
575 4915 699 4990 τήν·
722 4915 826 4990 MO)

293 4914 388 4988 45)
415 4914 546 4988 Dele
575 4914 699 4988 τήν.
722 4914 845 4988 Mog
868 4914 1031 4987 vulgo
1057 4915 1199 4988 δωτή
1208 4932 1259 4988 ρ.

293 4915 388 4990 45)
415 4917 546 4972 Dele
575 4915 699 4988 τήν.
722 4915 845 4971 Mox
868 4915 1031 4987 vulgo
1057 4915 1259 4988 δωτήρ.

267 4915 392 5111 (44)
416 4987 592 5057 Vulgo
616 5066 619 5067 ν
641 4986 737 5051 ὡς.
796 4984 924 5040 Mox
989 4987 1148 5056 vulgo
1206 4986 1370 5069 φάναι
1397 5002 1412 5051 ;
1462 4984 1572 5077 ριν.
1631 4986 1787 5074 φαίη.

267 5075 391 5111 nm.
424 5057 569 5111 Infra
613 5058 778 5111 vulgo
800 5072 1021 5111 γεννησ.
1064 5068 1115 5109 et
1143 5066 1414 5110 omittitur
1442 5056 1471 5109 δ
1523 5067 1643 5111 post
1668 5074 1787 5111 του-

192 5056 569 5140 φαίνηλιηίιδο
613 5058 778 5140 νρξεο
800 5072 1021 5128 γεννησ.
1047 5068 1115 5140 ,ει
1143 5056 1486 5140 ornittltur'o’
1522 5067 1643 5127 post
1668 5056 1794 5112 τού·

190 5125 621 5197 των.”ῡεηί(ιιιε
652 5125 762 5196 Mp.
796 5125 889 5199 γρ.
921 5125 1107 5199 πατήρ
1145 5127 1261 5181 loco
1295 5125 1535 5197 Σωτήρ(

200 5275 235 5286 Δ.
271 5196 835 5286 (45)¹ᾼεγει1τολμῶν
875 5197 1057 5269 vulgo,
1105 5196 1213 5269 Mp.
1236 5196 1416 5267 λέγειν
1440 5195 1650 5268 τολμᾷ;
1685 5207 1795 5254 sta-

194 5269 300 5329 tim
327 5269 490 5337 vulgo
518 5269 578 5321 ὲν
599 5269 753 5390 ημῖν.
875 5338 899 5348 _
1591 5339 1603 5350 .

273 5341 401 5415 (4ο,
434 5336 575 5393 Οὐδ’
642 5341 769 5392 λων
795 5338 949 5415 ἐτων
969 5334 1558 5415 τετρακοσίωνηιίαξο
1592 5347 1789 5415 Iterum

198 5406 424 5481 repetit,
460 5419 518 5481 ut
548 5416 608 5481 et
637 5410 944 5481 sequentia,
972 5424 1119 5481 _qua:
1165 5410 1318 5476 quasi
1359 5406 1580 5481 σύνοψιν
1610 5409 1790 5481 conti-

198 5477 341 5537 nent
367 5478 645 5551 opinionis
673 5478 938 5533 Marcelli.
972 5477 1121 5533 Laxe
1152 5492 1331 5551 autem
1359 5477 1600 5551 loquitur
1626 5478 1789 5551 de_co

200 5546 547 5633 an_n_is,'nam
574 5558 705 5604 ante
734 5564 936 5603 annum
976 5564 1091 5605 cccn
1155 5549 1367 5604 obierat
1420 5549 1649 5619 ipsemet
1676 5546 1789 5605 Eu-

202 5623 412 5678 sebius.
449 5618 523 5674 Μ.

282 5691 401 5761 (47)
435 5689 610 5762 Vulgo
637 5690 889 5762 τετεληκ.

284 5758 399 5835 (48)
434 5758 573 5817 Τότὲ
602 5759 740 5818 Υίὸν
775 5758 924 5818 Θεοῦ
956 5759 1451 5837 γεγονέναιηϐυω
1494 5758 1670 5818 factus
1715 5773 1793 5816 es-

1896 4853 1979 4898 set
2004 4842 2174 4911 Λόγος
2201 4834 2554 4911 προφορικός.
2585 4831 2907 4911 Namprius
2935 4838 3051 4911 erat
3070 4837 3277 4911 tanta-tn
3305 4825 3481 4911 ενδιά-

1896 4896 2103 4977 θετος,’
2127 4896 2220 4966 sed
2247 4896 2348 4962 ἐὖ
2385 4896 2913 4977 'aeterno_._ViIl_etur
2949 4910 3128 4954 autem
3175 4896 3480 4977 _Marce_llus

1896 4966 2313 5050 illiutl'posuisse,
2340 4977 2512 5045 Λόγον
2530 4974 2623 5035 Dei
2638 4971 2840 5036 Patris,
2847 4980 3144 5050 aeternum,
3166 4966 3477 5050 ὑφεστῶτα,

1894 5055 1990 5109 sed
2024 5039 2365 5112 ὲῖιδιαθέτώς,
2398 5039 2505 5101 non
2552 5052 2802 5098 vocatum
2846 5043 2935 5096 Dei
2972 5039 3171 5093 Filium
3214 5048 3339 5091 ante
3375 5040 3481 5112 ⁸ἱιις

1914 5107 2303 5178 carnationem.
2325 5107 2505 5185 “Quod
2548 5117 2626 5169 sic
2649 5112 2877 5185 _accipit
2920 5111 3208 5175 Eusebius,
3245 5124 3307 5163 ac
3343 5107 3389 5163 si
3419 5107 3481 5162 τὺ

1894 5191 2033 5247 εἶναι
2060 5191 2154 5246 τοῦ
2184 5181 2609 5259 uloii,negasse_t.
2961 5253 2975 5259 _
3013 5252 3026 5259 _
3143 5250 3170 5259 _
3270 5257 3275 5259 Α
3339 5247 3375 5259 Α
3444 5247 3470 5259 -

1966 5264 2079 5336 (ιο)
2110 5247 2915 5336 Υιιιςοηάνηγορειξεσθαι.,Μοιι
2945 5252 3062 5307 dele
3080 5250 3173 5305 τοῦ
3191 5257 3315 5304 aute
3334 5247 3474 5302 Θεοῦ

1893 5345 1948 5390 et
1972 5322 2116 5388 infra
2142 5322 2245 5400 Μῃῖ
2286 5332 2357 5385 te.
2382 5322 2444 5382 τό
2469 5322 2543 5400 τε
2571 5329 2690 5381 loco
2718 5322 2870 5400 πότε.

1967 5403 2079 5476 (50)
2130 5393 2401 5476 ’Υὲτέθετο
2433 5393 3187 5476 mdrov.nlmm9‘rtali_l‘atem
3229 5399 3294 5476 et.
3324 5399 3482 5444 teter-

1894 5462 2121 5530 nit‘ate'm
2173 5462 2808 5541 ademissewMarcellnm
2863 5462 3171 5541 Dei_Fil.io,
3216 5462 3390 5541 etiam
3449 5475 3480 5513 τι

1899 5555 2052 5615 parte
2078 5553 2199 5614 post
2230 5561 2245 5598 :
2281 5557 2441 5615 quam
2474 5551 2528 5595 et
2558 5537 2785 5615 angelis",
2823 5532 3481 5615 et_a_ni_mabusjustoruet

1899 5601 2251 5671 concedebat.
2285 5601 2458 5678 Quam
2480 5601 2717 5678 verefjn
2749 5606 2855 5661 line
2881 5603 3004 5661 libri
3033 5601 3232 5674 quinti,
3256 5602 3345 5656 ubi
3381 5601 3482 5656 ista

1902 5685 2275 5757 exagitantur,
2311 5676 2618 5755 apparebit.
2652 5676 2703 5732 Μ
