3836 6216
446 330 553 391 33

1123 331 1395 398 EUSEBII
1434 304 1915 401 CESARlENSlS
1955 345 2107 402 opp.
2147 345 2329 400 mus
2366 343 2458 400 ιν.
2499 375 2569 386 -
2607 343 3026 402 DOGMATICA.

3620 349 3724 404 721

445 458 616 526 disse,
672 477 776 516 non
823 479 1006 518 aurem
1052 467 1347 537 audivisse,
1396 487 1488 525 nec
1523 471 1578 524 in
1614 487 1706 525 cor
1737 472 2015 524 humanum

2133 469 2337 524 τούτων
2367 468 2578 534 ἐλπίδα,
2621 470 2735 532 τοῖς
2771 467 2867 540 μὲν
2897 465 3076 528 ἄλλοις
3112 465 3306 530 ἅπασι,
3331 466 3401 520 τὰ
3430 465 3533 538 τῆς
3567 464 3725 537 βασι-

445 553 735 622 aliquando
765 559 1067 613 ascendisse
1087 560 1130 626 ’,
1161 561 1443 617 scientiam
1479 564 1626 618 illam
1646 603 1661 629 ,
1711 579 1814 632 qua
1851 565 2023 634 possit

443 645 562 710 ipse
592 650 999 719 comprehendi.
1031 651 1165 719 Quae
1211 669 1429 722 quoque
1473 658 1612 711 ratio
1662 658 1716 713 in
1770 658 1889 712 Filii
1929 673 2025 728 ge.

443 737 729 794 neratione
756 739 917 796 debet
948 742 1217 798 obtinere.
1251 743 1376 799 llaec
1409 762 1512 800 non
1547 748 1686 803 alius
1719 750 1875 804 nobis
1907 749 2024 821 [an-

447 828 620 901 tistes]
665 846 827 900 quam
877 834 1108 902 ipsemet
1152 836 1426 904 Servator,
1478 839 1582 894 ﬁde
1616 837 1808 910 dignus
1855 857 2025 896 enun-

446 920 616 974 tiavit.
645 922 734 976 Ait
764 933 941 980 autem
970 945 984 982 :
1021 928 1212 983 Omnia
1247 933 1377 985 mihi
1415 933 1613 986 tradita
1642 943 1761 986 sunt
1792 951 1823 987 a
1860 932 2025 988 Patre

440 1027 557 1066 meo
582 1013 647 1078 ¹⁰,
676 1025 730 1070 et
766 1033 780 1068 :
822 1015 992 1070 Nemo
1041 1021 1178 1074 novit
1237 1019 1284 1073 F
1289 1021 1439 1075 ilium
1473 1025 1577 1078 nisi
1630 1025 1819 1088 Pater,
1863 1039 2024 1092 neque

442 1105 660 1162 Patrem
691 1110 794 1164 nisi
825 1107 1001 1164 Filius
1027 1111 1091 1166 “.
1132 1111 1192 1167 Si
1238 1113 1360 1183 quis
1409 1115 1530 1170 istis
1579 1117 1774 1171 audeat
1815 1116 2024 1169 obnun-

440 1198 622 1265 tiare,
679 1208 734 1254 et
801 1201 1018 1270 Filium,
1066 1203 1156 1258 cui
1202 1205 1398 1260 tradita
1445 1217 1570 1261 sunt
1616 1222 1646 1260 a
1695 1206 1858 1261 Patre
1901 1221 2020 1260 om-

439 1289 552 1354 nia,
600 1291 985 1348 subsistentem
1015 1307 1215 1364 neget:
1248 1298 1474 1352 verbum
1507 1314 1639 1352 vero
1674 1298 1848 1353 solum
1883 1297 2018 1352 deii-

440 1383 578 1448 niat,
608 1384 866 1449 humano,
904 1400 999 1455 per
1043 1389 1246 1454 omnia,
1294 1390 1460 1445 verbo
1507 1390 1715 1457 simile,
1750 1390 2020 1445 interdum

439 1475 496 1529 in
534 1474 641 1530 Deo
684 1478 1098 1546 conquiescens,
1127 1481 1202 1534 uti
1249 1481 1389 1536 solet
1420 1482 1474 1536 in
1515 1483 1688 1547 nobis,
1721 1482 1810 1537 ubi
1844 1482 2021 1536 conti-

440 1567 734 1635 cueritnus,
767 1583 867 1623 usu
904 1572 1091 1626 venire
1129 1590 1143 1626 :
1176 1573 1446 1628 interdum
1482 1589 1712 1644 operans
1745 1574 1798 1629 in
1834 1575 2019 1628 eodem

437 1659 592 1716 Deo:
636 1671 727 1722 ut,
777 1677 874 1716 nos
917 1677 1039 1717 cum
1097 1663 1391 1734 loquimur,
1437 1668 1660 1720 verbum
1714 1675 2017 1735 personat:

440 1753 585 1808 hunc
616 1768 745 1810 vero
780 1755 983 1824 ipsum,
1029 1771 1150 1812 cum
1183 1758 1262 1813 sic
1305 1757 1541 1813 Verbum
1587 1759 1846 1826 exsistat,
1891 1769 2016 1814 ante

2126 559 2273 624 λείας
2301 563 2380 624 είς
2409 559 2765 632 ἀτελεύτητον
2794 561 3102 632 διαρκέσειν
3119 559 3289 614 αξῶνα
3321 559 3544 629 φάσκοι,
3576 561 3724 631 μόνῳ

2123 652 2179 706 δέ
2209 651 2358 722 αὐτῷ
2385 652 2462 723 τῷ
2492 650 2713 723 Χριστῷ
2757 650 2963 704 τούτων
3010 650 3262 704 ἁπάντων
3293 650 3501 723 ἁθρόαν
3553 653 3720 722 γενή-
3749 639 3761 653 ⁵

2127 741 2313 794 σεσθαι
2341 741 2620 812 στέρησιν,
2662 740 3083 810 παυθησομένης
3108 741 3204 812 μὲν
3232 739 3395 794 αὐτοῦ
3443 741 3551 811 τῆς
3570 740 3724 810 βαστ-

2123 833 2292 898 λείας,
2327 834 2425 906 τῆς
2450 833 2505 886 δέ
2538 833 2759 906 σαρκὸς,
2789 826 2857 903 ἧς
2895 833 3172 903 ἀνείληφε,
3209 833 3722 904 καταλειφθησομέ-

2124 946 2220 1000 νης
2252 929 2483 1000 ἐρήμου,
2506 925 2598 980 τοῦ
2615 925 2670 978 δὲ
2685 924 2778 978 τοῦ
2809 925 2921 997 (Si)
2957 925 3251 998 προσόντος
3285 928 3341 981 ἐν
3364 925 3486 997 Θεῷ
3515 926 3717 996 Λόγου,

2124 1017 2520 1089 ἀφοριζομένου
2565 1015 2622 1068 δέ
2654 1014 2749 1068 τοῦ
2793 1014 3064 1086 σώματος,
3107 1015 3212 1070 κᾶν
3256 1015 3530 1069 ἀθάνατον
3560 1016 3721 1070 τοῦτο

2123 1110 2217 1161 καὶ
2252 1106 2476 1177 ἄφθιτον
2514 1101 2570 1179 ᾖ,
2615 1105 2694 1176 τῷ
2744 1105 2800 1158 δέ
2851 1105 2971 1176 Θεῷ
3014 1105 3520 1178 συναφθησομένου,
3553 1107 3632 1170 ὡς
3661 1107 3720 1160 ἓν

2123 1201 2217 1253 καὶ
2247 1199 2441 1252 ταύτὸν
2470 1197 2630 1253 πάλιν
2658 1197 2736 1267 τῷ
2773 1196 2892 1268 Θεῷ
2916 1197 3265 1268 γενήσεσθαι,
3297 1197 3441 1251 καθὰ
3467 1199 3562 1251 καὶ
3588 1199 3722 1272 πρό-

2123 1310 2280 1364 τερον
2312 1287 2402 1364 ἦν’
2437 1290 2520 1355 τίς
2549 1289 2613 1345 ἂν
2643 1290 2883 1344 λείποιτο
2914 1290 3093 1362 τούτῳ
3123 1291 3443 1355 δυσσεϐείας
3474 1290 3720 1362 ὑπερϐο-

2122 1384 2222 1456 λῆς
2252 1383 2342 1438 Διὸ
2373 1382 2437 1454 δὴ
2467 1381 2681 1446 τούτοις
2715 1383 2988 1450 ἀναγκαία
3019 1384 3053 1454 ἡ
3085 1383 3184 1454 τῆς
3209 1383 3579 1454 ἀποστολικῆς
3604 1383 3720 1436 δια-

2125 1477 2317 1547 στολῆς
2344 1477 2639 1550 μαρτυρία,
2665 1478 2904 1548 φήσασα·
2922 1476 3050 1531 Κᾶν
3074 1475 3328 1546 ἅγγελος
3352 1475 3421 1539 ἐξ
3450 1475 3720 1543 cupas-of}

2123 1569 2586 1639 εὐαγγελιζηται,
2611 1568 2794 1637 παρ’ὃ
2823 1569 3204 1638 παρελάϐετε,
3233 1566 3502 1637 ἀνάθεμα
3534 1567 3714 1620 ἔστω.

2123 1661 2433 1733 Θαυμὰζειν
2458 1660 2517 1714 δέ
2545 1678 2634 1731 μοι
2662 1659 2890 1724 ἔπεισιν,
2927 1658 3315 1730 ἐπιθεωροῦντι
3346 1659 3446 1729 τὴν
3477 1658 3717 1712 ἀποστο-

2123 1753 2278 1826 λικὴν
2309 1753 2566 1808 διάνοιαν.
2601 1753 2809 1824 ’Ὠσπερ
2842 1753 2950 1824 γὰρ
2989 1751 3260 1816 θεσπίζων
3298 1753 3358 1804 τὸ
3395 1751 3594 1822 μέλλον
3621 1748 3719 1804 αὖ·

439 1856 614 1897 annos
645 1846 884 1899 nondum
933 1856 1077 1902 totos
1109 1849 1533 1920 quadringentos
1580 1849 1801 1913 factum,
1838 1851 2015 1906 nescio

2120 1848 2233 1908 τοῖς
2254 1845 2523 1908 Γαλάταις
2550 1844 2650 1914 τὴν
2679 1844 2772 1898 τοῦ
2812 1843 3066 1914 Σωτῆρος
3093 1842 3382 1915 ἐξηκρίόου
3410 1842 3716 1911 θεολογίαν,

441 1943 624 1990 tamen
657 1939 820 2004 unde,
865 1949 959 1994 aut
989 1957 1096 2011 quo
1137 1953 1316 2013 pacto,
1362 1960 1583 2000 carnem
1618 1948 2014 2015 assumpsisse:

437 2025 496 2080 in
537 2040 641 2095 qua
694 2043 859 2084 carne
899 2030 978 2086 sic
1018 2042 1314 2100 assumpta,
1361 2033 1528 2098 illam,
1559 2050 1679 2104 quae
1725 2037 2018 2090 secundum

438 2118 716 2174 hominem
764 2130 879 2186 est,
925 2122 1367 2189 dispensationem
1413 2124 1750 2193 perfecisse:
1797 2135 1852 2180 et
1892 2135 2019 2182 tunc

437 2209 672 2281 primum
713 2211 808 2268 Dei
832 2211 1035 2267 Filium
1072 2215 1345 2271 exstitisse
1387 2235 1400 2269 ε
1433 2213 1713 2286 Jesumque
1751 2215 2019 2272 Christum

438 2304 508 2360 de
542 2305 760 2361 nomine
793 2316 1186 2377 nuncupatum;
1216 2308 1581 2364 renuntiatum
1612 2310 1842 2380 Regem:
1871 2309 2020 2363 Ima-

437 2397 608 2467 ginem
648 2397 750 2452 Dei
791 2397 1066 2453 invisibilis
1105 2415 1123 2453 :
1167 2401 1336 2455 omnis
1399 2412 1655 2456 creatura
1701 2400 2018 2469 primogeni-

437 2500 549 2543 tum
580 2492 644 2556 ⁸³,
691 2491 782 2560 qui
835 2492 967 2546 nihil
1023 2495 1214 2548 horum
1266 2493 1416 2562 prius
1461 2493 1779 2557 exstiterat,
1834 2491 2012 2545 docet.

434 2581 599 2638 Hisce
655 2585 903 2639 cumulus
941 2586 1150 2641 accedit
1187 2585 1499 2655 impietatis,
1538 2583 1680 2654 quod
1726 2600 1821 2638 nec
1852 2585 2015 2637 vitam

435 2673 712 2742 perpetuis
741 2673 952 2728 szeculis
982 2674 1317 2737 duraturam,
1350 2688 1451 2728 nec
1496 2684 1760 2728 mternum
1801 2672 2017 2728 Christo

440 2780 668 2834 regnum
735 2768 1098 2832 concesserit,
1147 2767 1215 2821 ab
1256 2767 1349 2821 illo
1401 2767 1541 2836 quod
1593 2767 1906 2836 supposuit,
1949 2779 2013 2818 ex

435 2867 590 2913 ortus
637 2858 780 2912 illius
839 2869 1080 2930 tempore
1117 2859 1474 2920 decurrendo,
1531 2859 1624 2912 sed
1683 2859 2014 2926 inauspicato

435 2952 591 3017 satis,
618 2952 724 3007 ﬁne
753 2952 1178 3021 circumscripsit
1205 2961 1599 3014 consummato,
1633 2968 1808 3022 neque
1841 2955 2011 3019 ipsum

434 3044 689 3114 dignatus
714 3053 801 3098 est
829 3059 894 3098 eo
927 3052 1092 3109 statu,
1119 3058 1223 3127 quo
1253 3043 1395 3109 illos,
1421 3044 1510 3112 qui
1539 3058 1634 3112 per
1663 3045 1836 3112 ipsum
1866 3043 2011 3096 illam

434 3135 562 3188 olim
616 3145 1017 3206 consequentur
1066 3135 1528 3189 immortalitatem
1573 3154 1584 3188 :
1635 3135 1831 3203 quibus
1883 3134 2011 3188 Ser-
2039 3168 2081 3224 ε

435 3237 590 3281 vator
621 3226 924 3295 pollicetur,
969 3227 1135 3280 vitam
1165 3236 1544 3302 semternam,
1590 3224 2012 3292 incorruptibili-

435 3328 620 3383 tatem,
667 3318 973 3373 immortale
1019 3319 1072 3372 in
1123 3317 1277 3372 cmlis
1321 3331 1583 3387 regnum,
1635 3316 2008 3384 elargiturum,

433 3413 691 3466 nimirum
721 3411 1056 3482 diligentibus
1085 3429 1161 3466 se.
1194 3409 1390 3478 Quidni
1434 3411 1599 3480 igitur
1652 3419 1842 3479 aperte
1885 3425 2012 3478 pro-

2123 1938 2348 1993 αὐτόθεν
2374 1940 2431 1992 ἐν
2443 1939 2584 2010 ἀρχῇ
2609 1938 2708 2008 τῆς
2738 1937 2876 2011 πρὸς
2898 1937 3094 2000 αὐτοὺς
3121 1936 3410 2006 ἐπιπολῆς
3437 1935 3577 2006 (52),
3602 1954 3718 1990 me

2121 2031 2335 2104 νότερον
2381 2031 2414 2103 ἢ
2463 2030 2604 2084 κατὰ
2646 2031 2707 2083 τὸ
2756 2030 2986 2101 σύνηθες
3044 2029 3274 2101 γράφων
3313 2022 3436 2082 ὦδε
3467 2029 3718 2094 Παῦλος

2119 2123 2485 2189 ἀπόστολος,
2508 2125 2619 2176 οὐκ
2677 2123 2778 2176 ἀπ’
2829 2121 3176 2190 ἀνθρώπων,
3201 2120 3344 2174 οὐδὲ
3377 2120 3452 2175 δι’
3474 2121 3588 2192 (55)
3618 2123 3719 2176 dr-

2120 2213 2375 2280 θρώπου,
2419 2211 2580 2267 ἀλλὰ
2627 2211 2725 2266 διὰ
2761 2213 2956 2281 Ἰησοῦ
3006 2212 3286 2280 Χριστοῦ.
3321 2213 3438 2266 Οὐκ
3473 2213 3541 2266 ἂν
3583 2211 3716 2282 γοῦν

2119 2307 2263 2360 οὕτω
2291 2307 2577 2379 γράψαντα
2600 2307 2749 2380 εὖροι
2767 2325 2852 2372 τις
2887 2308 2952 2362 ἂν
2981 2307 3142 2362 αὑτὸν
3161 2309 3218 2360 ἐν
3239 2307 3468 2380 ἑτέροις·
3503 2307 3586 2377 τῷ
3612 2326 3717 2378 μη-

2117 2399 2272 2463 δένας
2318 2397 2475 2465 εἶναι,
2527 2401 2602 2465 ὡς
2631 2401 2798 2466 εἰκὸς,
2850 2403 2978 2473 περὶ
3010 2402 3108 2474 τὴν
3146 2404 3324 2457 πίστιν
3366 2401 3596 2472 ὁμοίως,
3633 2395 3715 2462 οἷς

2119 2491 2378 2564 ἔγραφεν,
2414 2492 2654 2563 ἐτέρους.
2695 2493 2781 2557 Ὡς
2823 2493 2933 2564 γὰρ
2964 2493 3118 2564 ψιλὸν
3143 2495 3426 2566 ἄνθρωπον
3457 2493 3714 2563 ὑπολαμ-

2119 2582 2339 2636 ϐάνουσι
2364 2583 2452 2636 τὸν
2481 2583 2736 2655 Χριστὸν,
2771 2584 3014 2655 προσῆγε
3038 2584 3137 2654 τὴν
3159 2584 3464 2656 διόρθωσιν,
3486 2584 3592 2635 οὐκ
3619 2583 3714 2636 ἄν·

2118 2673 2334 2746 θρωπον
2376 2675 2536 2728 αὑτὸν
2589 2675 2729 2728 κατὰ
2772 2675 2872 2746 τὴν
2917 2675 3090 2747 ἀρχὴν
3118 2677 3218 2748 τῆς
3247 2677 3542 2747 ἐπιπολῆς
3568 2675 3715 2731 διδά-

2118 2784 2282 2820 σκων.
2318 2770 2429 2822 Καὶ
2458 2766 2662 2840 προῖὼν
2695 2770 2807 2831 τοῖς
2847 2768 3031 2831 αὐτοῖς
3063 2768 3266 2838 ἔλεγεν,
3295 2770 3396 2823 ὄτι’
3434 2769 3505 2824 Τὸ
3538 2772 3714 2838 εἰνατ-

2117 2859 2320 2929 γέλιόν
2348 2877 2489 2928 μου,
2530 2858 2596 2912 τὸ
2630 2858 3060 2930 εὐαγγελισθὲν
3097 2861 3183 2926 εἷς
3205 2859 3380 2930 ὑμᾶς,
3411 2863 3529 2914 οὐκ
3581 2860 3712 2914 ἐστι

2115 2952 2266 3006 κατὰ
2313 2950 2650 3021 ἄνθρωπον,
2685 2950 2827 3004 οὐδὲ
2855 2951 2969 3021 ἐγὼ
2993 2951 3154 3021 παρὰ
3207 2951 3527 3021 ἀνθρώπου
3557 2968 3705 3021 παρα

2115 3043 2332 3098 ἐλαϐον
2361 3043 2528 3106 αὐτὸ,
2565 3042 2708 3096 οὐδὲ
2728 3043 3067 3113 ἐδιδάχθην,
3112 3044 3272 3098 ἀλλὰ
3295 3043 3370 3096 δι’
3394 3045 3700 3098 ἀποκαλύο

2114 3138 2276 3204 yrst
2313 3135 2508 3202 Ἰησοῦ
2539 3133 2918 3203 Χριστοῦ.’Δι’
2952 3129 3045 3200 ὧν,
3087 3132 3264 3200 αὖθις,
3291 3136 3372 3188 ὅτι
3393 3137 3468 3208 μὴ
3499 3136 3705 3208 ἄνθρω-

2117 3244 2217 3290 πος
2240 3222 2308 3297 ἦν
2343 3226 2456 3297 (54)
2487 3225 2642 3296 ψιλὸς
2675 3226 2886 3298 Ἰησοῦς
2928 3228 3182 3298 Χριστὸς,
3220 3228 3485 3299 παρίστη.
3521 3227 3627 3292 Τίς
3667 3228 3708 3279 δ’

2112 3313 2180 3388 ἦν
2197 3321 2244 3370 εί
2265 3318 2338 3390 μὴ
2362 3317 2664 3390 ἄνθρωπος,
2687 3318 2889 3390 προῖὼν
2908 3315 3062 3382 αὖθις
3082 3319 3328 3388 διεσάφει
3354 3319 3556 3388 λέγων·
3575 3321 3640 3372 ἹΟ
3651 3335 3710 3372 τε

2115 3409 2183 3463 δὲ
2209 3410 2546 3478 εὐδόκησεν
2574 3413 2607 3464 ὀ
2641 3410 2805 3476 Θεὸς,
2848 3413 2880 3464 o'
2911 3411 3207 3480 ἀφορίσας
3233 3429 3310 3481 με
3353 3412 3423 3464 ἐκ
3474 3412 3708 3476 κοιλίας

433 3501 688 3556 nuntiare
716 3501 898 3566 audet,
927 3502 1141 3556 caeteris
1165 3502 1384 3571 quidem
1413 3499 1664 3556 omnibus
1693 3515 2008 3553 concessum

2120 3501 2333 3568 μητρός
2356 3518 2499 3569 μου,
2527 3501 2921 3569 ἀποκαλύψαι
2953 3501 3061 3554 τὸν
3099 3503 3236 3555 Υὶὸν
3258 3503 3449 3556 αὐτοῦ
3469 3501 3702 3570 ἐνέμοί.

433 3592 564 3648 illud
594 3608 819 3665 regnum
846 3593 963 3648 sine
995 3594 1099 3648 ﬁne
1140 3595 1482 3656 duraturum,
1519 3592 1811 3646 secundum
1861 3607 2008 3660 spem

431 3685 676 3752 ipsorum
714 3693 880 3754 atque
904 3685 1388 3753 exspectationem,
1415 3699 1584 3738 unum
1613 3683 1886 3737 Christum
1919 3682 2012 3738 Je-

431 3790 552 3830 sum
603 3779 839 3833 condum
895 3792 1144 3848 promum
1200 3777 1394 3831 horum
1445 3775 1717 3833 omnium,
1767 3789 1862 3844 spe
1916 3789 2010 3828 sua

430 3865 752 3936 privandum
795 3876 850 3923 et
890 3868 1312 3937 exspectatione,
1357 3883 1479 3922 cum
1529 3869 1596 3921 ab
1652 3867 1768 3936 ipso
1817 3867 1887 3920 sit
1921 3881 2010 3920 re-

431 3974 593 4030 gnum
641 3957 760 4026 ejus
809 3958 1199 4025 auferendum,
1259 3969 1315 4013 et
1369 3973 1520 4023 caro,
1563 3974 1726 4028 quam
1775 3957 2013 4027 suscepit

429 4045 788 4100 destituenda.
833 4047 1112 4108 Verbum,
1157 4050 1298 4118 quod
1335 4048 1388 4102 in
1423 4047 1531 4103 Deo
1575 4048 1701 4101 olim
1751 4047 2010 4117 przeexsi-

431 4132 630 4196 stebat,
659 4143 967 4203 separatum
997 4155 1026 4188 a
1053 4150 1300 4205 corpore,
1325 4136 1450 4191 licet
1478 4137 1758 4206 praeditum
1778 4137 2008 4192 exsistat

432 4223 868 4294 immortalitate,
907 4238 964 4282 et
1011 4230 1349 4301 corruptioni
1405 4245 1510 4284 non
1561 4233 1632 4284 sit
1676 4229 2006 4292 obnoxium,

432 4315 540 4370 Deo
571 4317 784 4372 demum
811 4333 934 4376 esse
962 4321 1420 4386 coaduniendum,
1449 4332 1524 4386 ut,
1554 4323 2009 4392 quemadmodum

501 4502 521 4532 ’
559 4499 728 4557 lCor.
773 4519 837 4562 tt.
863 4507 915 4567 9.
996 4509 1040 4538 '°
1071 4507 1258 4564 Matth.
1287 4528 1362 4577 ιι,
1391 4512 1482 4567 9.7.
1559 4515 1602 4545 “
1646 4515 1776 4570 ibid.

2128 3592 2291 3663 Ὁρᾷς
2309 3589 2426 3654 πῶς
2455 3591 2583 3645 Υἱὸν
2609 3589 2744 3644 Θεοῦ
2782 3592 2969 3661 σαφῶς
3001 3594 3300 3664 ἀνηγόρευε
3327 3593 3421 3646 τὸν
3455 3594 3703 3664 Σωτῆρα,

2114 3682 2209 3736 καὶ
2252 3681 2340 3735 διὰ
2395 3680 2554 3735 τοῦτο
2589 3681 2742 3734 Θεόν.
2791 3682 2902 3735 Καὶ
2931 3683 3014 3735 ὃτι
3043 3699 3107 3750 γε
3156 3683 3264 3755 πρὸ
3299 3683 3400 3752 τῆς
3434 3681 3703 3752 ἐνσάρκου

2115 3775 2418 3846 παρουσίας
2445 3773 2573 3828 Υίὸν
2604 3773 2767 3826 αὑτὸν
2795 3772 2891 3826 τοῦ
2903 3773 3042 3838 ,Θεοῦ
3059 3775 3188 3828 ὅντα
3215 3775 3484 3844 ἠπίστατο
3517 3775 3704 3846 τρανό-

2114 3884 2249 3921 τατα
2281 3867 2611 3938 παρίστησιν
2641 3865 2906 3934 ἐπιλέγων
2936 3867 2994 3919 ἐν
3027 3870 3092 3937 τῇ
3126 3867 3262 3938 αὐτῇ
3296 3866 3434 3937 πρὸς
3459 3867 3703 3929 Γαλάτας

2115 3959 2391 4030 ἐπιστολῇο
2418 3959 2548 4010 Ὅτε
2575 3956 2644 4010 δὲ
2671 3953 2820 4027 ἦλθε
2857 3955 2925 4010 τὸ
2973 3957 3264 4026 πλήρωμα
3308 3956 3414 4010 τοῦ
3457 3958 3701 4026 χρόνον,

2115 4047 2546 4112 ἐξαπέστειλεν
2572 4051 2605 4102 ό
2639 4047 2784 4114 Θεὸς
2817 4047 2926 4100 τὸν
2969 4047 3106 4101 Υἱὸν
3136 4046 3348 4111 αὑτοῦ,
3375 4049 3704 4116 τενόμειόν

2115 4140 2184 4191 ἐκ
2229 4139 2530 4210 γυναικός.
2564 4137 2771 4192 Οὐκοῦν
2818 4139 2879 4191 οὐ
2911 4137 3026 4204 νῦν,
3057 4138 3193 4192 ἀλλὰ
3229 4139 3361 4210 πρὶν
3386 4139 3420 4208 ἢ
3451 4137 3702 4206 γενέσθαι

2117 4233 2181 4283 ἐκ
2209 4231 2482 4298 γυναικὸς,
2511 4231 2636 4283 Υἱὸν
2663 4231 2810 4295 ὄντα,
2839 4232 2931 4285 καὶ
2968 4231 3079 4301 (55)
3109 4230 3361 4302 προόντα,
3386 4230 3701 4283 ἀπέστειλεν

2117 4325 2146 4376 ὁ
2173 4325 2384 4395 Πατὴρ,
2405 4324 2481 4388 ὡς
2499 4324 2564 4378 ἂν
2590 4325 2618 4376 ὁ
2651 4324 2818 4382 πάλαι
2842 4325 2970 4388 Υἱὸς
2991 4323 3127 4377 Θεοῦ
3150 4329 3242 4378 καὶ
3262 4324 3388 4387 Υἱὸς
3414 4323 3700 4398 ἀνθρώπου

1857 4518 1899 4546 ¹²
1941 4514 2149 4571 Coloss.
2179 4531 2216 4579 ι,
2251 4514 2336 4568 15.

499 4737 925 4827 (ῇξ-ᾉΤοῇδὲη
952 4745 1329 4827 προσόντος..
1368 4748 1676 4827 Lege-unum
1722 4728 2015 4827 atpoowog.

2125 4751 2554 4827 tatores._.lJnd_e
2599 4751 2738 4827 illud
2766 4752 2950 4806 statim
2976 4751 3236 4827 insinuat
3273 4749 3370 4804 ἀπ’
3413 4749 3614 4827 ἀρχῆς,
3643 4763 3696 4827 se

429 4804 665 4889 Volebat
702 4809 848 4863 enim
869 4804 1122 4889 Verbum
1149 4804 1425 4889 exstitisse
1445 4804 1498 4873 in
1533 4804 2015 4889 Deo,ah'aiterno,

429 4887 558 4960 ante
590 4892 803 4932 omnem
829 4882 1040 4947 οὐσίαν,
1071 4894 1124 4939 et
1148 4887 1424 4960 οὐσίωσιν.
1443 4889 1586 4944 ldem
1607 4882 1736 4947 vero
1754 4882 2018 4960 Verbum,

431 4963 461 5002 ε
509 4947 620 5002 Deo
677 4961 1013 5024 separatum,
1069 4968 1165 5024 per
1229 4956 1651 5020 emanationem.
1705 4947 2017 5020 condidisse

436 5025 733 5102 creaturas
749 5021 990 5102 adcinge
1015 5021 1083 5078 se'
1107 5026 1377 5102 revelasse
1398 5031 1770 5102 σαρκωθέντα.
1801 5034 2012 5090 Rursus

436 5091 954 5164 vero,_post_judici_i
981 5104 1035 5147 et
1052 5097 1237 5150 mundi
1274 5091 1825 5164 consummationem.
1850 5119 2020 5160 carne

428 5161 698 5240 deposita:
731 5160 840 5215 Deo
871 5162 1260 5240 aduniendum.
1287 5169 1430 5224 M.-—
1454 5171 1576 5226 Mox
1613 5175 1773 5240 vulgo
1793 5160 2019 5240 ἄφθιτον

433 5229 555 5314 loco
585 5229 866 5314 μφθαρτοὶι
902 5239 1051 5314 quod
1085 5251 1216 5314 mss.
1258 5254 1376 5314 cor.
1420 5241 1594 5314 Porro
1643 5229 1802 5314 vulgo
1833 5229 1916 5300 διὸ
1958 5245 2018 5298 δέ

431 5310 488 5352 et
512 5299 799 5382 daein-mss.
816 5301 1089 5382 ,διαταγῆς
1112 5306 1231 5362 loco
1253 5309 1562 5382 διαστολῆς.

505 5369 1094 5450 (5ξ2)“Καινότερον’,Α’ἣ
1127 5379 1276 5433 κατὰ
1303 5379 1370 5434 τὸ
1400 5369 1682 5450 σύνῖηθες.
1700 5385 1898 5440 Verum
1913 5394 2016 5449 est,

431 5440 576 5506 quod
598 5441 855 5524 observat
881 5440 1169 5524 Eusebius,
1186 5466 1457 5524 nusquam
1478 5440 1604 5508 alibi
1637 5440 1735 5522 per
1759 5440 2016 5524 epistolas

433 5524 743 5591 suasusum
772 5513 874 5567 hoc
927 5518 1152 5591 exordio
1185 5513 1400 5591 beatum
1431 5513 1745 5591 Apostolum
1773 5513 2008 5589 {nonab

436 5577 960 5663 ltontiniou‘s,neqn_e
983 5603 1074 5663 per
1107 5589 1364 5654 homines,
1407 5577 1495 5646 sed
1521 5577 1618 5658 per,
1649 5577 2016 5648 lesu'mCltri-

432 5657 572 5700 stum
603 5649 804 5731 (Colat.
837 5649 884 5718 ι,
914 5649 992 5724 1).⁷
1012 5658 1212 5731 ANeque
1263 5649 1406 5716 enim
1443 5649 1590 5726 alibi,
1643 5675 1738 5720 aut
1767 5665 1918 5728 alias,
1948 5681 2009 5719 ea

438 5722 831 5806 causal'uera‘t,
865 5735 920 5776 ut
947 5722 1238 5783 'miniSterii
1291 5734 1372 5806 sui
1422 5722 1763 5802 dignitatem,
1790 5745 1844 5788 ct
1881 5722 2012 5806 apo-

429 5785 658 5845 uolatus
675 5785 909 5861 gratiam
943 5806 1131 5852 contra
1173 5785 1398 5857 aemulos
1428 5785 1770 5872 ίυέἕέὶίιιῖξέί
1796 5785 2012 5866 iniii-

2125 4839 2232 4877 non
2268 4832 2325 4876 ut
2345 4821 2420 4876 illi
2448 4821 2941 4892 calumniabantur,
2976 4822 3212 4892 humana
3241 4821 3576 4892 χειροτονία,
3608 4821 3694 4876 sed

2125 4894 2307 4946 divina
2353 4903 2408 4945 et
2450 4891 2761 4962 αὐτοπίστῳ
2814 4903 3086 4947 vocatum.
3142 4891 3268 4945 Haec
3299 4891 3380 4946 εει
3433 4891 3693 4962 omnium,

2119 4973 2241 5029 post
2267 4961 2743 5033 Chrysostnmuin,
2797 4963 3087 5033 verissima
3137 4962 3436 5030 expositio.
3504 4961 3598 5014 Illa
3629 4961 3693 5013 ab

2121 5030 2626 5098 Eusebio,’oi'xoiiev
2666 5033 2855 5097 allata,
2901 5032 3066 5086 nimis
3115 5042 3327 5100 coacta,
3379 5046 3691 5100 quanquam

2119 5103 2462 5158 verissimum
2499 5114 2620 5172 est,
2661 5101 2786 5156 inde
2834 5102 3011 5172 sequi,
3044 5100 3228 5156 Jesum
3274 5099 3565 5172 Christum
3593 5116 3689 5154 non

2118 5188 2236 5227 esse
2265 5172 2436 5243 ψιλὸνγ
2453 5170 2762 5243 ἄνθρωπον,
2791 5187 2888 5242 per
2908 5170 3070 5243 quem
3102 5181 3326 5243 vocatus
3346 5171 3421 5224 sit
3452 5171 3533 5243 ad
3555 5185 3691 5243 390-

2119 5239 2376 5296 stolatum
2413 5239 2632 5305 Paulus,
2669 5239 3213 5312 ettu‘l'opponalurab
3240 5239 3506 5310 Apostolo
3554 5239 3688 5294 illius

2121 5313 2442 5381 designatio.
2473 5313 2722 5366 humanae
2746 5311 3094 5368 ordinationi.
3118 5311 3188 5365 M.

2191 5384 2303 5450 (55)
2335 5382 2505 5454 Vulgo
2535 5381 2840 5454 ἀνθρώπων
2879 5393 2934 5438 et
2957 5384 3098 5436 intra
3128 5381 3394 5454 ἔγραψεν.

2334 5447 2507 5537 Ψιλός
2557 5447 2670 5508 om'.
2697 5456 2954 5537 codices;
2994 5467 3119 5537 mox
3173 5447 3370 5537 νυξέοτὶ
3391 5447 3681 5537 alimenti:

2116 5519 2245 5578 Dein
2280 5519 2547 5592 ἐνσάρκου
2607 5538 2762 5594 mss,
2815 5519 2975 5594 vulgo
3017 5524 3074 5576 ἐν
3109 5519 3296 5594 σαρκί.
3333 5521 3505 5594 Porro
3538 5519 3685 5588 vulgo

2111 5590 2468 5718 ῗπιστὲύσῖτο
2488 5593 2811 5664 τρανότατα.
2848 5590 3089 5663 Denique
3108 5590 3202 5664 γρ.
3231 5590 3537 5660 ἀντιλέγων
3562 5603 3685 5644 mss.

2135 5681 2234 5718 oco
2299 5683 2359 5718 πι
2400 5704 2412 5717 .

2135 5681 2234 5718 oco
2268 5668 2412 5718 ἐπιλ.

2185 5737 2294 5809 (55)
2326 5735 2592 5808 Προῖόντα
2611 5776 2627 5806 ,
2655 5750 2762 5790 em.
2788 5734 2843 5788 in
2877 5746 3021 5787 corr.
3044 5729 3134 5787 ed.
3167 5727 3293 5784 Par.
