3836 6216
393 301 492 355 127

1027 292 1298 352 EUSEBH
1339 290 1826 350 CAESARIENSIS
1863 290 2014 347 OPP.
2057 291 2240 347 PARS
2276 291 2369 349 Ν.
2408 325 2479 338 -
2517 294 2944 353 DOGMATICA.

3553 289 3691 348 '7i8

393 429 552 488 atque
600 418 719 473 ideo
756 413 917 470 fuisse
953 416 1141 469 Deum.
1188 414 1422 470 Ulterius
1465 422 1678 468 constat
1721 411 1966 484 liquidis-

2113 412 2330 485 πάρχων
2385 414 2464 485 τῷ
2506 414 2646 486 Θεῷ·
2679 416 2740 468 οὐ
2767 415 2876 486 γὰρ
2900 413 2968 468 ἂν
3018 413 3102 486 είη
3135 410 3276 466 οὕτω
3315 428 3380 480 γε
3410 410 3684 484 μεσίτηςο

395 512 547 574 sitne,
573 505 888 576 Apastolum
917 504 1215 560 credidisse
1245 502 1394 556 illum
1431 502 1525 556 Dei
1567 501 1766 554 Filiqu
1804 500 1969 554 exsti-

2072 504 2187 558 ἀλλ’
2211 502 2277 577 ἦν
2296 507 2390 558 καὶ
2411 507 2602 578 προῆν,
2632 507 2707 570 ὡς
2741 505 3078 577 μονογενὴς
3115 504 3248 570 Υἱὸς
3270 502 3531 572 ’πλήρης
3562 504 3686 573 χά-

395 601 542 662 tisse,
573 598 883 667 priusquam
916 594 1022 648 huc
1067 594 1118 648 iu
1154 608 1321 648 carne
1367 591 1684 655 adveniret,
1729 591 1870 660 quod
1918 592 1970 646 in

2113 615 2232 662 ιτος
2279 597 2377 650 καὶ
2419 598 2722 665 ἀληθείας.
2752 597 2864 652 Καὶ
2913 593 2980 668 ἦν
3010 594 3310 668 μεσιτεύων
3340 593 3420 666 τῷ
3461 596 3682 668 Πατρὶ,

397 693 578 747 eadem
611 689 699 744 illa
725 690 790 743 ad
820 687 1043 744 Galatas
1075 687 1300 756 epistola
1348 686 1638 749 addiderit,
1667 683 1801 739 Cum
1843 694 1974 738 tem-

398 784 536 846 poris
575 781 844 852 plenitudo
875 781 1165 845 adveniret,
1197 780 1367 832 emisit
1414 777 1552 832 Deus
1586 775 1789 831 Filium
1820 794 1973 830 suunt

399 875 593 943 factum
629 871 693 927 de
720 871 939 926 muliere
961 873 1025 925 "’.
1075 871 1203 926 Erat
1250 871 1431 944 itaque
1459 886 1580 925 cum
1621 870 1860 924 nondum
1910 870 1974 922 de

399 966 621 1022 muliere
649 973 963 1019 nasceretur
1001 963 1170 1019 Filius
1203 962 1338 1018 Dei:
1385 976 1620 1030 eumque
1661 972 1770 1016 tum
1815 971 1974 1016 antea

400 1058 589 1112 Filium
627 1056 717 1111 Dei
747 1055 1119 1117 exsistentem.
1149 1054 1330 1109 emisit
1353 1053 1534 1119 Pater,
1569 1064 1629 1107 ut
1660 1054 1706 1107 is
1737 1054 1826 1122 qui
1858 1051 1972 1122 jam

400 1150 522 1205 olitn
553 1148 643 1204 Dei
683 1146 851 1202 Filius
899 1147 1193 1208 ferebatur,
1239 1155 1292 1200 et
1321 1145 1491 1200 Filius
1533 1144 1695 1198 etiam
1744 1143 1977 1198 hominis

401 1249 654 1305 exstaret,
697 1238 873 1310 factus
920 1239 984 1291 de
1014 1237 1248 1291 muliere.
1294 1237 1437 1303 Quin
1475 1247 1529 1291 et
1568 1235 1814 1290 Mosaicae
1846 1235 1978 1305 legis

402 1327 674 1387 exstitisse
726 1329 1080 1384 mediatorem
1154 1328 1301 1381 illum
1357 1328 1516 1382 docet
1567 1346 1580 1380 :
1634 1327 1978 1382 mediationis

403 1422 664 1476 rationem
718 1420 1109 1484 determinans,
1161 1420 1250 1474 ubi
1313 1421 1490 1490 inquit
1535 1435 1550 1474 :
1588 1420 1728 1488 Quid
1775 1418 1980 1490 igitur?

404 1512 510 1567 Lex
547 1520 757 1581 propter
795 1513 1237 1579 transgressiones
1274 1512 1386 1565 lata
1427 1511 1624 1581 fuerat,
1656 1529 1815 1582 usque
1851 1513 1977 1565 dum

403 1621 574 1660 semen
627 1602 762 1657 illud
816 1603 1120 1668 adveniret,
1165 1605 1250 1656 cui
1295 1606 1666 1670 promissiones
1726 1605 1980 1657 condicta:

403 1692 641 1759 fuerant;
681 1707 771 1760 per
805 1691 1018 1762 angelos
1066 1693 1312 1746 ordinata
1352 1695 1405 1746 in
1461 1711 1620 1747 manu
1653 1694 1976 1751 mediatoris.

2073 688 2363 759 παρέχοντι
2387 688 2478 741 τὸν
2519 689 2683 759 νόμον
2713 688 2778 741 δι’
2809 688 3055 757 ἀγγέλων
3086 685 3414 758 ἀνθρώποις.
3459 684 3524 738 '0
3557 684 3683 752 (61)

2072 779 2136 850 δὴ
2183 779 2467 843 διδάσκων,
2520 779 2579 844 ἐξ
2616 779 2826 834 ἐκείνου
2858 781 2986 843 τοὺς
3016 779 3262 847 ἀγνῶτας
3299 777 3394 830 καὶ
3427 776 3686 847 ἀμαθεῖς

2071 871 2172 942 τῆς
2190 869 2284 923 τοῦ
2312 871 2444 924 Υίοῦ
2465 869 2602 924 Θεοῦ
2621 870 2920 939 θεολογίας,
2939 873 2966 924 6
2989 869 3303 932 ἀπόστολος,
3325 867 3688 938 ὲπεσερραγί-

2077 961 2198 1026 ζετο
2222 960 2416 1029 λέγων,
2459 962 2513 1013 '0
2539 961 2607 1014 δὲ
2631 962 2887 1030 μεσίτης
2931 961 3070 1024 ἐνὸς
3097 962 3206 1013 οὐκ
3235 961 3426 1013 ἔστιν.
3447 958 3529 1012 Οὐ
3563 957 3685 1028 γὰρ

2074 1051 2187 1122 ἔχει
2213 1052 2374 1122 φύσιν
2407 1054 2491 1121 ἐφ’
2522 1052 2640 1117 ὲνός
2678 1053 2767 1107 τὸν
2797 1053 3022 1124 μεσίτην
3057 1051 3354 1123 ὁρίζεσθαι.
3391 1051 3484 1105 Διὸ
3514 1044 3686 1114 οὗτος

2080 1145 2180 1215 μὲν
2203 1145 2304 1198 οὑκ
2333 1145 2480 1198 ἔστιν
2513 1145 2648 1210 ἐνὸς,
2675 1146 2819 1198 δυεῖν
2847 1145 2904 1197 δὲ
2957 1145 3119 1215 μέσος
3146 1144 3204 1208 ἐξ
3250 1145 3504 1213 ἀνάγκης
3531 1141 3681 1213 (62),

2076 1236 2355 1307 οὐδέτερος
2387 1235 2462 1289 ὢν
2491 1237 2735 1300 ἐκείνων,
2760 1230 2834 1290 ὧν
2864 1237 3026 1307 μέσος
3043 1237 3321 1307 τυγχάνει·
3351 1238 3496 1293 ὥστε
3533 1237 3684 1306 μήτε

2079 1329 2240 1384 αὑτὸν
2263 1323 2400 1381 εἶναι
2419 1329 2512 1382 τὸν
2555 1329 2649 1383 ἐπὶ
2678 1329 2892 1384 πάντων
2924 1329 3056 1383 Θεὸν
3097 1329 3366 1401 ἡγεῖσθαι,
3397 1330 3544 1400 μήτε
3567 1328 3686 1382 τῶν

2079 1420 2326 1489 ἀγγέλων
2344 1421 2458 1473 ἕνα·
2484 1420 2688 1474 τούτων
2728 1421 2785 1473 δὲ
2819 1421 2982 1493 μέσον
3007 1423 3101 1475 καὶ
3136 1422 3361 1493 μεσίτην
3395 1421 3540 1491 (65),
3589 1422 3686 1473 ὅτε

2078 1508 2158 1579 τῷ
2199 1510 2374 1581 Ila-cpt
2430 1511 2525 1564 καὶ
2580 1509 2832 1579 ἀγγέλοις
2895 1511 3190 1582 μεσιτεύει.
3235 1512 3322 1576 Ὠς
3361 1505 3429 1565 αὖ
3484 1511 3685 1576 πάλιν,

2080 1599 2170 1653 ὅτε
2240 1598 2466 1670 μεσίτης
2520 1599 2730 1668 γίνεται
2782 1599 2918 1652 Θεοῦ
2972 1601 3066 1652 καὶ
3122 1598 3445 1671 ἀνθρώπων,
3508 1598 3688 1669 μέσος

2083 1687 2158 1742 ὢν
2187 1687 2444 1758 ἐκατέρου
2471 1689 2751 1758 τάγματος
2771 1688 3050 1760 οὐδέτερός
3078 1691 3214 1751 ἐστι,
3245 1687 3472 1759 μεσίτης
3496 1688 3689 1758 ὑπάρ-

405 1782 672 1836 Mediator
718 1792 890 1835 autem
937 1782 1092 1835 unius
1143 1799 1247 1835 non
1295 1791 1372 1836 est
1411 1785 1709 1838 mediator:
1745 1793 1801 1839 at
1840 1784 1975 1838 Deus

2115 1797 2161 1832 ει
2193 1779 2306 1834 οὔτ’
2351 1780 2513 1844 αὐτὸς
2543 1779 2619 1833 ὣν
2641 1782 2670 1833 6
2700 1775 2782 1844 εἷς
2829 1780 2924 1832 καὶ
2972 1780 3130 1847 μόνος
3156 1779 3308 1845 Θεὸς,
3332 1777 3445 1832 οὗθ’
3470 1779 3689 1849 ὁμοίως

405 1892 538 1932 unus
570 1886 643 1935 est
670 1876 736 1929 ι’.
765 1877 1006 1930 Audisue
1033 1878 1084 1930 in
1114 1877 1254 1941 istis,
1289 1879 1560 1946 quomodo
1587 1879 1810 1933 Galatas
1839 1878 1984 1947 ipsus

405 1963 689 2034 Apostolus
708 1965 982 2018 instituat:
998 1975 1053 2018 ut
1071 1981 1235 2019 unum
1259 1967 1454 2021 exinde
1478 1967 1642 2021 Deum
1664 1976 1979 2037 agnoscant,

405 2064 648 2109 et'uuum
682 2054 774 2109 Dei
803 2067 856 2110 et
879 2056 1190 2125 angelorum
1216 2058 1565 2111 mediatorem
1593 2058 1774 2126 ?quod
1810 2059 1982 2128 ipsum

405 2143 532 2198 alibi
562 2159 775 2214 quoque
810 2145 991 2200 docuit
1029 2146 1098 2198 ad
1134 2145 1274 2199 hunc
1312 2148 1526 2200 modum
1555 2166 1568 2205 :
1603 2146 1750 2202 Unus
1787 2150 1986 2204 etenim

406 2233 548 2289 Deus
563 2243 639 2289 est
662 2251 680 2290 :
711 2252 845 2289 unus
872 2240 931 2298 is
951 2237 1106 2289 etiam
1132 2235 1226 2290 Dei
1246 2245 1402 2307 atque
1417 2238 1686 2292 hominum
1708 2241 1984 2307 mediator,

407 2327 560 2380 homo
594 2326 750 2381 Jesus
804 2326 1044 2380 Christus
1071 2328 1136 2383 ".
1169 2327 1456 2384 Enimvero
1488 2346 1645 2400 quem
1691 2331 1785 2386 Dei
1830 2341 1990 2402 atque

406 2418 683 2474 hominum
732 2420 964 2489 appellat
1006 2421 1377 2486 mediatorem,
1423 2423 1694 2477 hominem
1741 2437 1861 2478 esse
1892 2437 1990 2478 nec

408 2509 681 2565 immerito
733 2511 1060 2578 declaravit,
1115 2525 1332 2583 propter
1382 2514 1831 2570 incarnationem.
1876 2515 1986 2578 _Ubi

407 2601 757 2656 mediatorem
789 2603 945 2671 dixit,
1010 2621 1117 2660 non
1178 2607 1271 2661 Dei
1307 2616 1363 2660 et
1423 2607 1728 2671 hominum,
1779 2608 1872 2662 sed
1897 2609 1989 2663 Dei

409 2701 464 2746 et
491 2693 825 2762 angelorum,
876 2711 983 2751 non
1016 2697 1162 2752 illum
1206 2708 1334 2753 tunc
1384 2699 1658 2754 hominem
1701 2700 1992 2770 consigna-

411 2784 511 2850 vit,
546 2785 642 2840 sed
685 2786 1002 2856 simpliciter
1033 2791 1408 2845 mediatorem.
1455 2789 1667 2859 Legem,
1717 2791 1990 2859 inquiens,

410 2890 504 2943 per
544 2875 758 2946 angelos
799 2878 1120 2944 ordinatam,
1152 2880 1206 2934 in
1248 2896 1410 2933 manu
1452 2881 1779 2936 mediatoris.
1807 2881 1914 2936 Sed
1939 2891 1994 2938 et

410 2981 608 3020 nomen
655 2968 830 3037 ipsum
865 2971 1175 3025 mediatoris
1214 2970 1473 3026 illustrius
1511 2972 1719 3036 reddit,
1761 2987 1858 3042 per
1879 2973 1994 3028 dis-

413 3059 730 3114 linctionem
751 3099 766 3126 ,
811 3061 896 3114 ubi
928 3063 1003 3116 ait
1029 3081 1042 3115 :
1079 3061 1343 3116 Mediator
1372 3072 1549 3116 autem
1578 3066 1736 3117 unius
1765 3080 1866 3118 non
1894 3073 1990 3128 est,

411 3148 558 3204 Deus
595 3159 769 3204 autem
802 3166 936 3205 unus
974 3161 1069 3206 est.
1100 3151 1214 3206 Non
1251 3164 1335 3206 est
1374 3168 1503 3222 ergo
1532 3153 1671 3208 Deus
1710 3155 1991 3210 mediator.

415 3241 551 3297 Nam
577 3242 730 3311 cujus
767 3247 980 3301 tandem
1009 3257 1152 3302 esset
1181 3248 1493 3303 mediator?
1518 3249 1705 3319 Neque
1750 3251 1864 3318 ipse
1909 3250 1997 3303 ille

417 3335 508 3404 qui
538 3335 804 3391 mediator
827 3349 931 3403 est,
956 3353 1021 3393 eo
1049 3339 1164 3408 ipso
1195 3339 1332 3395 Deus
1361 3351 1466 3396 est.
1504 3341 1638 3395 Nam
1686 3343 1848 3398 unius
1886 3358 1993 3397 non

417 3433 502 3480 est
539 3426 807 3480 mediator
836 3427 1007 3491 idem,
1051 3443 1174 3482 cum
1226 3419 1434 3484 mediiis
1478 3432 1619 3485 inter
1664 3432 1796 3486 duos
1827 3432 1996 3485 inter-

416 3523 671 3586 ponatur.
700 3514 939 3583 Quorum
968 3534 1097 3572 vero
1124 3519 1348 3572 exsistat
1379 3519 1646 3574 mediator
1669 3521 1846 3584 docet,
1871 3521 1994 3574 dum

419 3607 488 3660 de
516 3608 733 3662 nomine
763 3607 983 3677 angelos
1013 3608 1269 3678 appellat,
1297 3618 1352 3662 et
1387 3609 1576 3665 Deum.
1603 3609 1842 3677 Quorum
1887 3623 2000 3664 me-

419 3699 568 3752 dium
616 3700 1064 3756 intervenientem
1099 3701 1192 3756 Dei
1239 3701 1470 3767 Filium,
1519 3701 1633 3756 suis
1675 3702 1924 3756 manibus
1968 3716 1998 3754 a

418 3789 580 3845 Patre
605 3792 874 3862 recepisse
902 3792 1074 3863 legem
1113 3791 1292 3859 docet,
1318 3803 1372 3848 et
1414 3809 1510 3862 per
1543 3793 1855 3864 angelorum
1902 3795 2002 3848 mi-

421 3883 708 3938 nisterium
737 3884 934 3952 populo
963 3885 1417 3940 communicasse.
1460 3885 1588 3938 Erat
1618 3886 1781 3954 igitur
1807 3885 2002 3940 exinde

419 3975 591 4032 Filius
625 3978 938 4046 priusquam
983 3978 1135 4033 lieret
1167 3978 1260 4034 Dei
1313 3979 1578 4034 mediator
1609 3988 1662 4032 et
1698 3978 1995 4040 hominum,

423 4069 694 4125 mediator
732 4069 826 4123 Dei
854 4079 910 4124 et
937 4071 1272 4139 angelorum.
1299 4072 1365 4124 Et
1412 4069 1501 4123 illo
1534 4070 1690 4124 modo
1719 4077 1858 4132 erat,
1891 4084 1997 4123 non

421 4170 484 4213 nt
515 4161 628 4230 qui,
662 4159 808 4214 velut
843 4163 1044 4214 nudmn
1081 4160 1173 4215 Dei
1209 4160 1440 4215 Verbum
1487 4163 1536 4214 iu
1565 4175 1631 4216 eo
1659 4161 1998 4223 subsisteret,

499 4259 558 4317 vlt
592 4253 690 4308 Ed.
719 4253 916 4319 Pat'is.,
942 4269 1064 4323 pag.
1089 4254 1143 4307 8.

497 4389 539 4420 ⁸⁷
569 4387 688 4445 Gal.
716 4389 862 4453 "1,6.
941 4390 984 4422 ¹³
1009 4388 1126 4444 Gal.
1157 4405 1239 4455 ιιι,
1278 4391 1359 4456 19,
1384 4389 1473 4444 20.
1553 4390 1594 4421 ¹⁹
1635 4390 1653 4443 l
1686 4390 1826 4444 Tim.
1853 4408 1914 4456 ιι,
1945 4391 1999 4446 5.

500 4548 616 4614 (ει)
651 4547 824 4614 Vulgo
855 4549 933 4601 δέ.
1699 4569 1702 4574 -

499 4619 610 4690 (62)
640 4617 962 4690 Ορδέτερος
1012 4618 1080 4672 δὲ
1116 4619 1380 4673 ἐκείνων.
1427 4615 1692 4670 Eusebius
1733 4615 2002 4690 arianizat

427 4684 520 4745 hic
551 4684 863 4752 manifesto,
893 4688 1083 4742 Filium
1111 4707 1215 4743 non
1249 4691 1410 4742 Deum
1443 4703 1586 4748 esse,
1618 4700 1716 4738 nec
1747 4684 1997 4751 angelum
2043 4708 2059 4726 -

426 4760 691 4814 vultesse
721 4777 735 4813 :
768 4761 860 4813 sed
918 4761 1064 4813 inter
1113 4761 1331 4825 angelos
1378 4768 1432 4811 et
1480 4757 1667 4817 Deum,
1709 4754 2003 4825 taediantis

430 4829 711 4894 cujusdam
755 4829 1114 4883 conditionis.
1154 4824 1480 4898 Quanquam
1521 4827 1664 4898 enim
1722 4840 1908 4876 verum
1939 4824 2010 4877 sit

431 4899 628 4955 Filium
651 4915 757 4952 non
803 4914 925 4952 esse
954 4899 1047 4951 τὸν
1071 4901 1164 4952 ἐπὶ
1199 4896 1413 4953 πάντων
1447 4896 1600 4958 Θεόν,
1635 4896 1736 4948 hoc
1765 4903 1868 4958 est,
1903 4909 2006 4946 non

431 4986 542 5024 esse
570 4969 810 5030 Patrem,
834 4970 924 5037 qui
959 4968 1078 5022 fons
1111 4981 1163 5023 et
1186 4971 1336 5036 origo
1389 4979 1470 5022 est
1499 4967 1600 5035 τῆς
1623 4965 1891 5037 θεότητος,
1934 4974 2014 5016 ta-

430 5056 557 5094 men
587 5050 671 5094 est
702 5041 731 5092 ὁ
764 5035 868 5092 ὲπῖ
895 5040 1115 5094 πάντων
1166 5035 1318 5102 Θεός,
1345 5038 1521 5106 quoad
1555 5035 1934 5106 substantiam,
1967 5042 2018 5106 et

431 5111 814 5164 cxsistentiam
846 5127 859 5162 :
892 5110 1039 5162 Patri
1095 5103 1421 5172 coanernus,
1471 5106 1784 5172 eoaequalis.
1829 5103 2017 5158 Ariani

434 5180 807 5241 agnoscebant
837 5179 1028 5233 Filium
1062 5195 1183 5233 esse
1226 5180 1414 5240 Deum,
1449 5177 1541 5230 sed
1575 5186 1838 5239 creatum,
1875 5173 2018 5227 asci-

437 5252 642 5313 litium,
673 5251 961 5304 minorem.
999 5249 1212 5303 Patrem
1244 5250 1385 5301 enim
1423 5264 1488 5302 eo
1528 5247 1786 5311 majorem
1832 5244 2018 5298 inlini-

436 5319 547 5389 ties
597 5321 1054 5389 pronuntiabant,
1113 5334 1288 5388 neque
1323 5319 1483 5373 facile
1533 5316 1819 5389 Eusebius
1858 5315 2019 5389 aliter

440 5383 660 5444 Patre-In
699 5391 980 5459 distinguit
1009 5406 1039 5442 a
1074 5383 1232 5452 Filio,
1266 5405 1424 5458 quam
1463 5385 1622 5459 utsit
1652 5389 1699 5459 ό
1741 5386 1834 5439 ἐπὶ
1882 5383 2018 5436 πάν-

435 5475 545 5512 των
576 5460 728 5525 Θεός,
757 5457 896 5528 quod
926 5460 1095 5514 Filius
1142 5475 1247 5514 non
1285 5457 1399 5517 est.
1434 5458 1541 5528 Sed
1575 5457 1701 5528 Quid
1750 5469 1885 5528 opus
1938 5460 2022 5528 est

434 5531 600 5602 verba
631 5518 918 5602 premere?
944 5531 1262 5602 διαρρήδην.
1281 5532 1394 5602 ait,
1426 5522 1720 5602 corpora;
1742 5518 1816 5578 ὢν
1839 5527 1866 5577 ό
1916 5518 2017 5602 εἷς,

436 5599 540 5653 καὶ
565 5600 746 5682 ’μόνος
778 5599 913 5682 Θεός
950 5647 964 5657 .
995 5599 1088 5656 sed
1131 5599 1404 5656 inferioris
1457 5599 1687 5662 ordinis,
1738 5605 1935 5659 Status,
1961 5601 2017 5647 et

439 5669 787 5726 conditionis.
827 5669 900 5724 M.

511 5736 628 5812 (65)
661 5739 836 5809 Vulgo
865 5743 970 5795 ὅτι.
994 5740 1136 5796 Infra
1164 5740 1323 5810 vulgo
1357 5737 1635 5806 ὑπάρχων.

2082 1877 2196 1938 τοῖς
2247 1873 2451 1936 λοιποῖς
2495 1871 2804 1944 ἀνθρώποις
2850 1872 3155 1944 ἄνθρωπος.
3201 1871 3266 1924 Τί
3303 1871 3387 1932 5s,-
3405 1871 3454 1922 εί
3508 1868 3690 1941 μηδὲν

2083 1967 2323 2032 τούτων;
2375 1962 2453 2018 τΗ
2511 1963 2648 2018 Θεοῦ
2702 1965 2999 2036 μονογενὴς
3052 1963 3200 2027 Υἱὸς,
3263 1961 3360 2015 νῦν
3423 1962 3525 2031 μὲν
3582 1962 3688 2013 ἀν-

2087 2059 2319 2131 θρώπων
2358 2058 2453 2111 καὶ
2507 2056 2640 2110 Θεοῦ
2686 2057 2914 2128 μεσίτης
2981 2054 3242 2125 γεγονὼς,
3295 2053 3582 2122 πρόπαλαι
3626 2051 3686 2104 δὲ

2087 2153 2181 2205 ἐπὶ
2216 2151 2494 2214 Μωῦσέως
2525 2150 2660 2203 Θεοῦ
2703 2151 2798 2204 καὶ
2837 2148 3084 2219 ἀγγέλων
3123 2148 3350 2218 μεσίτης
3386 2145 3685 2217 ὑπάρχων.

2089 2242 2275 2296 Ταῦτα
2309 2241 2420 2312 (64)
2475 2241 2533 2295 δὲ
2564 2241 2750 2304 αὐτοῖς
2801 2241 3050 2311 γράφων.
3082 2233 3186 2293 ὧδέ
3227 2257 3303 2310 πη
3343 2235 3687 2308 παραδιδοὺς

2090 2333 2236 2402 λέγει
2268 2335 2296 2386 6
2327 2332 2501 2404 μέγας
2554 2331 2910 2395 Ἀπόστολος·
2953 2349 2972 2382 ε
3017 2331 3075 2384 '0
3110 2332 3273 2402 νόμος
3307 2329 3592 2398 διαταγεὶς
3617 2327 3687 2380 δι’

2090 2425 2339 2493 ἀγγέλων
2371 2425 2429 2476 ὲν
2471 2424 2613 2496 χειρὶ
2641 2421 2878 2492 μεσίτου.
2918 2423 2977 2475 'O
3010 2422 3067 2475 δὲ
3119 2422 3346 2492 μεσίτης
3394 2420 3517 2483 ἑνὸς
3579 2419 3686 2472 οὐκ

2090 2515 2264 2569 ἐστιν·
2297 2517 2326 2568 6
2357 2514 2414 2568 δὲ
2445 2514 2578 2577 Θεὸς
2610 2508 2691 2577 είς
2712 2514 2880 2566 ἐστιν.
2934 2531 2952 2564 ι
2993 2507 3090 2576 Εἷς
3114 2507 3205 2566 οὖν
3237 2513 3384 2564 ἐστιν
3441 2511 3471 2562 ό
3524 2509 3685 2571 Θεὸς,

2092 2608 2185 2661 καὶ
2229 2602 2310 2670 εἷς
2354 2606 2581 2678 μεσίτης
2627 2604 2763 2658 Θεοῦ
2795 2621 2854 2657 τε
2917 2605 3013 2657 καὶ
3047 2601 3378 2676 [ἀνθρώπων
3416 2601 3539 2674 καὶ]
3573 2601 3687 2654 tth

2091 2699 2370 2771 γεννητῶν
2401 2699 2621 2754 πάντων
2642 2713 2656 2728 ο
2689 2697 2750 2750 οὺ
2775 2696 2870 2750 νῦν
2903 2695 3210 2768 ἀρξάμενος
3260 2695 3358 2766 τῆς
3405 2694 3685 2765 σωτηρίου

2097 2792 2394 2864 μεσιτείας,
2429 2790 2565 2845 ἀλλά
2597 2789 2695 2843 καὶ
2726 2789 2834 2860 πρὸ
2882 2789 2981 2859 τῆς
3033 2791 3112 2851 είς
3141 2787 3466 2859 ἀνθρώπους
3514 2785 3684 2840 αὑτοῦ

2095 2883 2432 2952 θεοφανείας,
2468 2881 2656 2952 ὥσπερ
2697 2876 2788 2934 οὖν
2813 2883 2842 2933 6
2875 2881 3033 2949 λόγος
3059 2879 3360 2944 ἀπέδειξεν.
3386 2878 3610 2932 Τούτων
3639 2876 3687 2930 ‘o’

2095 2974 2152 3026 ὲν
2187 2971 2376 3044 βραχεῖ
2403 2971 2670 3034 Γαλάταις
2695 2971 2900 3034 αὐτοῖς,
2934 2971 3000 3022 ὲκ
3028 2972 3194 3040 μόνης
3231 2969 3333 3039 τῆς
3389 2969 3531 3040 πρὸς
3582 2967 3686 3020 αὐ-

2095 3067 2220 3129 τοὺς
2253 3063 2539 3134 ἐπιστολῆς
2593 3061 3030 3133 παρατεθέντων,
3057 3063 3156 3133 τῆς
3182 3079 3242 3114 τε
3290 3062 3561 3132 σωτηρίου
3588 3059 3682 3113 πί-

2100 3173 2272 3218 στεως
2291 3155 2390 3227 τὴν
2427 3153 2696 3225 μυστικὴν
2718 3153 3074 3224 ἀναγέννησιν
3107 3156 3185 3218 εἰς
3217 3154 3386 3224 ὄνομα
3433 3153 3529 3205 τοῦ
3582 3152 3687 3204 Πα·

2099 3251 2246 3323 τρὸς,
2279 3250 2488 3305 καὶτοῦ
2523 3249 2676 3314 Υἱοῦ,
2702 3250 2798 3304 καὶ
2849 3249 2944 3303 τοῦ
2999 3247 3155 3316 ἁγίου
3185 3245 3506 3315 Πνεῦματος
3550 3259 3688 3313 ’ταρ-

2103 3343 2353 3414 εχούσης,
2388 3345 2482 3397 καὶ
2505 3344 2641 3418 πρὸς
2665 3345 2776 3406 τοῖς
2810 3343 2975 3405 θείοις
3004 3339 3301 3410 ἐγγράφοις
3332 3340 3432 3408 τῆς
3451 3335 3564 3391 ἀπὸ
3589 3353 3686 3390 πε·

2103 3436 2285 3508 ράτων
2318 3437 2423 3506 γῆς
2456 3438 2561 3501 ’έως
2593 3437 2847 3509 περάτων
2887 3435 3180 3505 καθολικῆς
3220 3433 3550 3503 Ἐκκλησίας
3589 3431 3684 3485 τοῦ

2102 3525 2236 3579 Θεοῦ
2254 3526 2351 3590 τὰς
2367 3528 2474 3581 ἀπὸ
2501 3527 2608 3581 τῶν
2626 3529 2785 3581 θείων
2810 3527 3042 3598 Γραφῶν
3074 3525 3398 3597 μαρτυρίας,
3428 3521 3489 3588 ἐξ
3515 3524 3686 3594 ἀγρά-

2101 3631 2202 3682 φου
2255 3615 2648 3686 παραδόσεως,
2694 3614 3260 3686 ὲπισφραγιζομένης·
3323 3615 3444 3684 ὥρα
3499 3613 3685 3665 λοιπὸν

2103 3706 2197 3759 καὶ
2226 3705 2322 3769 τὰς
2342 3706 2662 3778 Μαρκέλλου
2683 3705 3076 3775 διασκέψασθαι
3100 3704 3294 3772 λέξεις,
3316 3705 3422 3756 τῶν
3441 3721 3502 3756 τε
3525 3705 3686 3773 ἐπηγ-

2103 3798 2380 3868 γελμένων
2403 3802 2536 3870 ἡμῖν
2576 3799 2677 3864 τὰς
2714 3797 3016 3864 ἀποδείξεις
3044 3799 3319 3867 ὑποσχεῖν,
3348 3797 3426 3860 ὡς
3481 3795 3549 3849 ἂν
3608 3796 3682 3866 μή

2103 3907 2186 3954 τις
2210 3892 2299 3944 τὸν
2330 3891 2496 3963 ἄνδρα
2531 3891 2984 3962 συκοφαντεῖσθαι
3045 3890 3181 3962 πρὸς
3213 3888 3368 3961 ἡμῶν
3423 3887 3682 3959 νομίσειε.

2108 3981 2320 4035 Σκοποῦ
2353 3982 2408 4036 δέ
2441 4001 2530 4054 μοι
2563 3985 2926 4056 προκειμένου
2961 3983 3050 4037 διὰ
3085 3982 3331 4054 βραχέων
3357 3981 3586 4050 ἐκφῆναι
3617 3979 3684 4032 τὰ

2106 4076 2390 4146 εἰρημένα,
2427 4076 2537 4148 (65)
2565 4078 2627 4130 οὐ
2657 4079 2836 4141 πάσας
2869 4074 3196 4144 ἀναλέξομαι
3231 4073 3326 4127 τοῦ
3367 4071 3562 4143 ἀνδρὸς
3589 4070 3685 4136 τὰς

2109 4165 2313 4232 φωνὰς,
2352 4168 2538 4238 μόναις
2564 4167 2622 4220 δὲ
2671 4170 2794 4230 ταῖς
2845 4167 3189 4228 συνεκτικαῖς
3244 4165 3544 4235 χρήσομαι,
3588 4161 3683 4226 τὰς

2039 4530 2084 4584 D
2183 4533 2295 4606 (64)
2325 4523 2808 4606 ﬁgo-uetiam“
2835 4521 2955 4577 dele
2993 4519 3152 4594 ἀνθρ.
3189 4517 3305 4572 καί.
3356 4515 3502 4571 intra
3533 4513 3679 4569 codd.

2177 4594 2226 4657 θ.
2259 4594 2722 4666 τοῦθεοῦῇὲκκλ.
2748 4663 2759 4666 _
2870 4659 2957 4666 __
3174 4654 3260 4666 η,

2180 4654 2413 4746 (65th
2471 4665 2675 4746 πάσας
2729 4654 3684 4746 ἀναλέξομαιίΑρμιίηεεηεῂρὲιξῖῗ

2108 4723 2348 4801 Μςὲἐέέιιι
2388 4741 2489 4792 hoc
2517 4723 2897 4801 qualecunque
2932 4723 3681 4802 σῦγγραμμφηιίοετειιυηι

2111 4793 2430 4872 Edessam,
2494 4793 2711 4859 Eusebii
2745 4793 3164 4872 διασκέψασθαιέ
3200 4793 3538 4872 ﬁdelitatem,
3573 4803 3683 4869 qua:

2115 4861 2430 4940 ὖῖιὶἷέιίἐέίίέ
2455 4886 2602 4931 casta
2658 4873 2827 4927 fuisse
2855 4861 3090 4924 videtur.
3120 4866 3302 4940 (ξενιᾳ,
3342 4861 3493 4940 quod
3549 4861 3684 4927 prius

2117 4933 2468 5012 obseruatqu
2497 4956 2603 5007 est,
2647 4955 2704 4995 ut
2734 4945 2873 5012 inter
2901 4949 3112 5012 veteres
3145 4933 3404 5012 Ecclesiae
3435 4941 3684 5012 proceres

2122 4997 2757 5084 IIZﬁEét'JtiEiinYprimis
2791 5010 2966 5084 Julius
2991 5019 3044 5084 et
3077 5003 3432 5084 Athanasius,
3467 4997 3684 5084 Hercei:-

2123 5073 2250 5149 illi}?
2265 5073 2323 5145 et
2363 5073 2579 5153 scriptis
2607 5093 2662 5137 et
2702 5081 2994 5153 sententiis,
3030 5079 3154 5130 latis
3180 5073 3683 5153 _absol_verun‘t:.ita

2122 5145 2587 5220 ᾗιείίιὶυεόπάνυ,
2620 5165 2670 5208 et
2707 5151 2944 5207 Hilarius
2985 5151 3128 5202 inter
3180 5145 3470 5222 haereticos
3524 5145 3682 5222 ipsius

2124 5208 2732 5296 iiiiaiéﬁ'répasierum.
2765 5222 2872 5296 Isti
2895 5222 2941 5296 si_
2975 5223 3028 5272 in
3063 5229 3226 5296 causa
3251 5211 3588 5296 tacuissent,
3609 5208 3682 5296 fa-

2123 5278 2820 5362 ci‘ie-iu-iss—ert,'Eusebium,
2851 5291 3061 5352 Arium,
3084 5278 3682 5362 AsteriumLApolljnao

2124 5348 2895 5429 inuiti—"653m?itmeuéos
2943 5348 3318 5429 contenlnere:
3336 5420 3351 5429 ι
3369 5350 3541 5429 ⁸Τινὲς
3559 5348 3681 5429 ὑπὲρ

2319 5417 2724 5507 sicanium
2861 5429 3034 5511 οῦτως
3065 5427 3227 5496 ἔχειν,
3268 5417 3579 5504 ἀλλ’ροθῶς
3607 5417 3666 5496 ιιῡύ

2123 5515 2216 5540 -3...
2285 5509 2600 5540 ο..ιτ....υέυη.
2626 5523 2639 5535 ο
2698 5520 2766 5540 νη
2852 5517 2930 5540 τω
2989 5497 3296 5540 (οηηνῦαατι
3342 5467 3504 5540 αυτὸν
3531 5487 3666 5540 ὀοθωι

2123 5467 2288 5497 αυτου
2319 5467 2724 5507 απυῆυχηυυινιυ
2813 5467 2840 5502 ιι
2862 5467 2921 5482 νυ
2937 5467 3030 5491 ηυντ
3065 5467 3227 5496 ..Λ-..ν
3269 5467 3366 5474 ...η-
3389 5467 3431 5504 ‘-
3453 5467 3463 5469 -
3486 5467 3498 5470 _
3560 5467 3576 5479 π
3612 5467 3651 5496 ἡ-

2123 5515 2216 5567 τὸν
2285 5509 2604 5582 βεϐιωκέναι
2626 5523 2639 5535 ο
2698 5467 2804 5582 καῖ
2823 5501 2930 5582 ’τῷ
2961 5497 3296 5582 ἱερρονήματι
3317 5467 3682 5582 ,αυτὸᾍόρθως

2127 5560 2270 5654 Eis!»
2285 5560 2720 5665 Γδιῖσγυρίςοντο.
2760 5571 2850 5655 Διὸ
2891 5560 3060 5650 πο).λῂ
3083 5560 3683 5665 πῖρέώτρῦτιέεὲὗὲτῆηἷᾷς

2122 5631 2582 5722 γέγὸνεξῖίζῖἱῖτᾶ
2618 5645 2715 5715 μὲν
2743 5641 2948 5766 κρύφια
2992 5631 3089 5710 τῆς
3131 5631 3338 5718 ἑννοίας
3375 5631 3506 5714 Θεῷ⁹
3539 5631 3695 5705 ἔγνω⁸

2125 5741 2263 5766 nem,
2299 5723 2375 5766 ait
2407 5717 2755 5766 Eninhanius.
2817 5711 2859 5766 1.
2889 5709 3098 5764 -Μοι
3132 5705 3290 5764 vultto
3313 5699 3644 5761 aE'oxmtiouv.

2125 5699 2755 5784 ait—Epiphanius.
2785 5699 2960 5766 'M.'—
2980 5699 3098 5764 uti:
3132 5705 3290 5764 vulgo
3313 5699 3644 5761 éEnxoitiouv.

2102 4623 2174 4661 κα
