3836 6216
177 328 282 384 129
1319 323 1598 384 CONTRA
1635 318 2069 378 MARCELLUM
2107 319 2236 376 LIB.
2281 318 2319 375 1.
3341 313 3442 370 75C

177 435 422 499 πλείους,
440 434 642 490 ὡσανεὶ
669 436 929 508 περιττὰς
950 438 1044 492 καὶ
1073 437 1164 492 διὰ
1188 436 1298 492 τῶν
1347 434 1528 490 αὐτῶν
1555 450 1692 506 χωρο

1928 448 1968 486 :r
1993 447 2052 488 se
2084 446 2190 487 non
2227 430 2528 487 subsistens
2579 444 2744 485 unum
2791 438 2952 498 atque
2981 427 3123 483 idem
3169 443 3292 483 cum
3338 427 3443 483 Dec

179 542 304 590 σας,
328 525 790 598 ὑπερθησόμενος.
818 529 930 599 Πρὸ
957 529 1012 582 δὲ
1032 530 1132 600 τῆς
1163 529 1272 583 τῶν
1299 527 1602 600 εἰρημένων
1633 527 1694 579 ἀτ

1928 524 2176 587 :sistens;
2209 537 2383 590 neque
2410 521 2554 576 enim
2585 521 2689 576 hoc
2729 529 2888 589 pacto
2927 520 3196 573 mediator
3236 517 3443 586 aliquo-

177 613 400 683 δείξεως
431 611 585 688 οἶμαι
615 616 722 671 δεῖν
751 619 810 671 ὲν
844 617 1080 690 πρώτοις
1118 621 1467 691 παραστῆσαι
1514 619 1626 680 τοῖς
1675 617 1692 668 ἔ

1928 631 1992 670 im
2021 630 2142 670 esse
2183 623 2414 682 paterat.
2447 613 2578 667 Erat
2617 622 2832 676 autem,
2863 619 2918 665 et
2959 611 3110 680 prius
3137 617 3288 675 erat,
3324 617 3443 662 tan-

179 705 543 776 τυγχάνουσιν
572 708 676 772 δτι,
716 709 850 780 μηδὲ
901 711 998 774 τὰς
1059 711 1380 783 προχείρους
1423 710 1595 775 λέξεις
1653 727 1694 762 τε

1928 721 2034 760 tam
2062 706 2269 760 scilicet
2295 703 2341 756 F
2344 705 2469 757 ilius
2495 703 2814 774 unigenitus,
2841 702 3026 771 plenus
3063 701 3238 771 gratia
3265 707 3315 754 et
3353 715 3443 753 ve-

180 793 344 849 θείων
370 796 661 870 ὲξηκρίόου
696 800 1162 872 ἀναγνωσμάτων,
1202 801 1278 865 ὡς
1293 801 1358 854 ἂν
1394 801 1611 872 γνωσθῇ
1658 819 1695 854 τ⁴

1930 807 2032 851 tate
2055 797 2122 851 ³ο.
2159 795 2515 851 lntermedias
2562 804 2740 849 autem
2793 803 2974 866 partes
3027 791 3310 862 supplebat
3349 806 3445 845 suo

180 881 268 937 ἔτι
297 885 459 938 αὐτὸν
488 886 794 955 ἀγνοοῦσιν,
825 889 1004 951 ὁποῖός
1036 907 1122 953 τις
1141 888 1236 957 ὢν,
1261 891 1352 944 ἐπὶ
1375 890 1472 961 τὴν
1493 889 1600 944 τῶν
1620 891 1695 962 εἰς

1930 889 2049 953 atri,
2082 903 2206 943 cum
2242 887 2544 943 ministerio
2575 887 2908 956 angelorum,
2940 886 3113 954 legem
3141 883 3445 940 hominibus

183 974 366 1049 μένων
399 979 646 1050 προήχθη
672 979 896 1051 τόλμαν.

1932 977 2268 1047 romulgaret.
2292 976 2394 1043 Qui
2427 977 2656 1032 docebat
2693 977 3011 1045 ignorantes
3037 985 3093 1029 et
3129 975 3447 1036 ineruditos,

181 1071 523 1142 theologicas
566 1077 633 1130 de
680 1076 772 1132 Dei
821 1075 958 1132 Filio
1029 1077 1284 1145 rationes,
1334 1077 1623 1148 Apostolus
1694 1076 1835 1130 idem
1877 1074 2218 1144 consignavit
2259 1078 2327 1129 ad
2379 1075 2539 1128 istum
2588 1075 2804 1129 modum
2858 1073 3142 1143 inquiens,
3190 1071 3446 1125 Mediator

183 1173 367 1216 autem
406 1181 509 1218 non
555 1175 632 1220 est
667 1169 821 1222 unius
865 1170 1142 1222 mediator.
1173 1169 1361 1240 Neque
1401 1179 1547 1225 certe
1585 1177 1776 1222 natura
1817 1166 1893 1220 rei
1943 1167 2142 1235 patitur
2214 1167 2568 1221 mediatorem
2633 1167 2701 1222 de
2745 1181 2854 1220 uno
2897 1179 3166 1234 quoquam
3215 1162 3447 1219 deliniri.

181 1251 312 1306 ldeo
365 1271 469 1309 non
507 1267 590 1311 est
631 1259 794 1314 unius
849 1259 1075 1329 alicujus
1116 1263 1239 1326 iste,
1267 1262 1363 1316 sed
1428 1260 1640 1316 medius
1701 1259 2013 1314 necessario
2061 1259 2203 1312 inter
2230 1258 2384 1324 duos,
2412 1258 2479 1313 ab
2512 1270 2742 1328 utroque
2789 1259 3052 1321 diversus,
3080 1272 3308 1327 quorum
3338 1267 3449 1312 sta.

183 1345 360 1398 tuitur
390 1346 677 1401 mediator.
705 1346 820 1403 Non
848 1359 932 1404 est
958 1366 1086 1421 ergo
1115 1351 1535 1406 existimandum
1566 1389 1582 1415 ,
1615 1351 1760 1405 hunc
1795 1364 1916 1406 esse
1946 1350 2110 1404 Deum
2159 1349 2346 1414 illum,
2412 1350 2504 1420 qui
2573 1359 2658 1406 est
2706 1365 2865 1420 supra
2911 1351 3090 1404 omnia
3126 1351 3268 1404 Deus
3306 1367 3320 1402 :
3355 1364 3450 1403 ne-

183 1439 315 1492 dum
353 1439 421 1494 de
469 1455 694 1497 numero
732 1442 1042 1514 angelorum
1086 1443 1361 1514 aliquem:
1392 1444 1486 1500 sed
1533 1442 1763 1498 medium
1805 1452 2160 1512 utrorumque
2197 1451 2251 1496 et
2316 1443 2704 1505 mediatorem,
2749 1443 2944 1513 quippe
2989 1457 3110 1496 cum
3165 1443 3308 1496 inter
3350 1440 3450 1494 Pa-

181 1539 328 1585 trem
361 1547 514 1586 suum
543 1543 597 1588 et
624 1534 841 1604 angelos
885 1537 1185 1592 intercedat
1225 1537 1452 1590 medius.
1489 1537 1574 1590 Ad
1605 1539 1852 1592 eumdem
1892 1537 2106 1590 modum
2136 1537 2352 1600 iterum,
2402 1536 2494 1592 ubi
2526 1537 2617 1592 Dei
2659 1546 2822 1606 atque
2874 1535 3152 1590 hominum
3186 1534 3451 1590 mediator

183 1622 248 1677 ﬁt
303 1625 442 1677 inter
493 1625 737 1680 ordinem
789 1633 1081 1698 utrumque
1141 1627 1519 1692 intermedius,
1548 1628 1746 1682 nullius
1803 1629 1994 1682 horum
2033 1639 2136 1695 est,
2167 1630 2435 1684 exsistens
2471 1630 2751 1684 mediator.
2788 1628 2902 1684 Non
2943 1639 3027 1683 est
3090 1629 3180 1683 ille
3219 1644 3359 1683 unus
3396 1638 3450 1683 et

183 1715 342 1771 solus
395 1716 536 1772 Deus
582 1734 599 1772 :
649 1733 760 1773 non
793 1719 990 1786 homo,
1036 1735 1142 1790 quo
1196 1720 1357 1776 modo
1401 1719 1584 1776 creteri
1629 1720 1876 1776 homines
1928 1729 2078 1774 sunt.
2119 1720 2257 1787 Quid
2312 1721 2563 1785 tandem,
2621 1722 2665 1777 si
2727 1721 2860 1776 nihil
2917 1721 3148 1787 horum,
3204 1720 3451 1776 exsistit?

184 1807 352 1863 Certe
408 1807 500 1863 Dei
560 1809 728 1865 Filius
774 1811 1104 1880 unigenitus,
1139 1810 1249 1879 jam
1303 1815 1628 1871 constitutus
1691 1813 1785 1868 Dei
1833 1821 1884 1867 et
1943 1813 2220 1868 hominum
2278 1813 2546 1869 mediator
2595 1833 2610 1868 :
2669 1813 2797 1868 olim
2838 1827 2967 1869 vero
3030 1819 3089 1876 ›Ῑ‹
3149 1813 3250 1868 sub
3313 1824 3451 1869 tem-

182 1901 414 1974 poribus
459 1902 728 1971 Mosaicis,
779 1903 869 1958 Dei
914 1905 1180 1961 mediator
1223 1918 1276 1960 et
1320 1908 1657 1976 angelorum.
1733 1907 1860 1962 11ωο
1915 1915 2045 1962 sunt
2106 1906 2195 1960 illa
2235 1921 2357 1977 quas
2399 1922 2629 1977 magnus
2684 1906 2972 1976 Apostolus
3008 1906 3098 1959 ille
3136 1905 3200 1959 ad
3235 1903 3452 1963 Galatas

183 1993 476 2062 scripturas
531 1994 770 2062 tradidit,
828 1993 938 2049 Lex
989 2011 1083 2064 per
1131 1997 1342 2064 angelos
1403 1997 1671 2064 ordinata,
1740 1999 1794 2052 in
1858 2013 2021 2050 manu
2093 1998 2425 2062 mediatoris,
2491 1998 2740 2068 inquiens
2800 2014 2813 2049 :
2859 1997 3124 2050 Mediator
3161 1998 3320 2050 unius
3353 1995 3452 2048 ali-

184 2084 346 2154 cujus
387 2101 492 2140 non
522 2094 596 2140 est
637 2100 656 2138 :
688 2085 825 2142 Deus
883 2099 1058 2142 autem
1108 2104 1243 2143 unus
1287 2101 1387 2144 est.
1418 2089 1570 2145 Unus
1605 2091 1787 2160 itaque
1825 2089 1968 2144 Deus
1995 2097 2101 2154 est,
2123 2101 2178 2144 et
2219 2106 2358 2146 unus
2405 2092 2677 2146 mediator
2709 2091 2805 2146 Dei
2873 2100 3036 2161 atque
3063 2091 3368 2152 hominum,
3401 2095 3452 2142 et

185 2178 436 2236 omnium
486 2178 711 2250 insuper
753 2195 1183 2253 generatorum:
1223 2185 1314 2256 qui
1352 2200 1456 2238 non
1499 2201 1646 2239 nunc
1670 2185 1902 2254 primum
1966 2186 2355 2241 exordiebatur
2408 2184 2792 2241 mediationem
2832 2199 2984 2239 suam
3049 2185 3116 2237 ad
3195 2181 3451 2246 salutem,

187 2269 288 2322 sed
320 2268 448 2323 olim
480 2272 736 2325 exstabat
760 2272 1049 2337 mediator,
1082 2289 1203 2328 cum
1244 2275 1481 2330 nondum
1515 2275 1655 2330 inter
1687 2276 1934 2332 homines
1963 2285 2126 2332 natus
2151 2287 2503 2333 versaretur:
2530 2278 2672 2347 quod
2710 2277 2822 2345 jam
2888 2276 3062 2346 prius,
3127 2276 3178 2329 in
3245 2288 3452 2328 sermo-

189 2373 263 2413 ne
295 2359 726 2416 demonstratum
774 2375 878 2418 est.
924 2364 1049 2424 Haec
1080 2376 1208 2420 sunt
1250 2366 1340 2421 illa
1392 2383 1512 2437 quae
1546 2368 1786 2424 breviter
1823 2382 1878 2425 et
1906 2387 2004 2442 per
2029 2369 2408 2440 compendium
2435 2369 2647 2425 Galatis
2685 2371 3040 2441 proponimus
3101 2367 3450 2424 consideran-

190 2450 286 2516 da,
329 2467 399 2506 ex
423 2453 512 2507 illa
545 2455 662 2522 ipsa
695 2458 759 2510 ad
785 2456 1009 2513 Galatas
1047 2460 1276 2529 epistola
1308 2460 1486 2526 Pauli,
1514 2461 1566 2515 in
1598 2477 1701 2531 qua
1765 2462 1888 2518 ﬁdei
1933 2464 2190 2519 salutaris
2224 2462 2313 2518 illa
2360 2463 2587 2534 mystica
2619 2462 2934 2517 continetur
2975 2459 3338 2530 regeneratio,
3398 2459 3452 2512 in

192 2545 408 2601 nomine
439 2543 640 2617 Patris,
667 2562 714 2604 et
739 2550 871 2606 Filii
898 2564 944 2606 et
984 2553 1214 2623 Spiritus
1237 2556 1433 2610 sancti.
1464 2555 1616 2622 Quae,
1648 2567 2009 2628 praeterquam
2051 2559 2196 2629 quod
2257 2559 2368 2614 sint
2435 2557 2630 2613 litteris
2672 2558 2869 2612 divinis
2943 2557 3284 2627 consignata,
3331 2565 3453 2610 sunt

192 2639 363 2694 etiam
393 2643 571 2698 adhuc
605 2645 864 2713 majorem
888 2649 940 2702 in
963 2650 1180 2703 modum
1208 2649 1527 2705 conﬁrmata
1595 2667 1691 2720 per
1749 2654 2098 2709 traditionem
2143 2653 2426 2709 catholicae
2479 2653 2755 2717 Ecclesiae,
2822 2668 2943 2724 quae
2977 2669 3006 2706 a
3055 2653 3158 2707 line
3196 2652 3262 2705 ad
3295 2651 3453 2704 liiiom

194 2739 476 2787 terrarum
513 2735 855 2804 diffunditur,
922 2755 1047 2808 quae
1117 2756 1214 2812 per
1275 2757 1380 2797 nou
1419 2746 1680 2814 scriptam
1723 2745 2069 2800 traditionem
2114 2761 2397 2800 sacrarum
2439 2745 2848 2816 Scripturarum
2903 2745 3216 2800 testimonia
3247 2741 3452 2798 contir-

195 2831 315 2874 mat
359 2832 417 2878 et
457 2825 732 2898 obsignat.
763 2827 884 2884 Jam
922 2846 1055 2887 vero
1085 2847 1296 2904 tempus
1321 2843 1406 2888 est
1433 2843 1496 2888 ut
1533 2836 1790 2906 deinceps
1811 2836 2047 2892 Marcelli
2083 2839 2247 2892 verba
2275 2840 2327 2893 in
2368 2839 2602 2894 medium
2628 2837 2966 2910 proferamus
2998 2845 3052 2891 et
3079 2852 3201 2908 qua:
3231 2835 3454 2908 polliciti

194 2926 411 2978 spinus,
457 2917 939 2987 demonstratione,
992 2937 1360 2993 proponamus
1421 2928 1619 2996 quibus
1671 2927 1759 2982 illa
1799 2929 2104 2986 clarissime
2153 2944 2547 3003 pr0ponuntur,
2577 2950 2700 3004 qua:
2724 2941 2853 2988 sunt
2907 2949 2934 2986 a
2997 2933 3150 2988 nobis
3192 2933 3454 2990 hactenus

193 3009 602 3076 disputata;ne
629 3013 753 3081 quis
774 3023 922 3083 putet
947 3030 1042 3084 per
1067 3015 1432 3073 calumniandi
1503 3019 1798 3086 libidinem,
1838 3036 1963 3078 esse
2020 3024 2135 3080 haec
2185 3025 2240 3080 in
2301 3025 2448 3080 illum
2487 3034 2762 3097 congesta.
2809 3023 3254 3095 Quandoquidem
3325 3039 3455 3079 vero

193 3102 333 3158 mihi
383 3108 720 3174 propositum
775 3107 847 3161 sit
898 3108 1137 3163 breviter
1202 3110 1292 3164 illa
1335 3112 1666 3181 describere,
1723 3130 1842 3184 qua:
1879 3127 2006 3172 sunt
2038 3119 2104 3173 ab
2135 3134 2200 3174 eo
2232 3120 2397 3186 dicta,
2423 3137 2526 3174 non
2563 3131 2740 3176 tamen
2767 3119 2886 3174 ideo
2912 3119 3186 3189 sigillatim
3216 3131 3270 3174 et
3293 3120 3456 3175 verbo

199 3201 361 3249 tenus
385 3195 474 3250 illa
502 3197 738 3253 arbitror
759 3199 812 3252 in
837 3203 1088 3269 praesenti
1118 3217 1240 3256 esse
1272 3203 1880 3261 recensenda.Tantum
1918 3209 2005 3263 illa
2035 3225 2156 3279 qum
2197 3213 2466 3283 praecipua
2535 3222 2682 3278 sunt,
2741 3223 2797 3266 et
2845 3227 3063 3266 causam
3135 3213 3454 3281 continent,

195 3289 498 3354 advocabo,
534 3293 914 3357 praetermissis
956 3295 1404 3364 quamplurimis,
1442 3312 1543 3352 nec
1591 3302 1938 3368 necessariis,
1962 3304 2097 3358 etin
2129 3305 2272 3359 idem
2302 3305 2476 3374 ipsum
2549 3305 2984 3361 recurrentibus.
3041 3301 3204 3360 Prius
3277 3313 3456 3360 tamen

193 3395 362 3452 quam
399 3382 468 3436 ad
503 3397 618 3436 rem
659 3385 968 3455 aggrediar,
998 3401 1094 3456 per
1133 3387 1647 3444 demonstrationem
1680 3407 1903 3448 necesse
1927 3402 2012 3448 est
2041 3394 2227 3450 lectori
2265 3397 2456 3452 faciam
2511 3394 2883 3461 manifestum,
2937 3409 3041 3448 non
3096 3393 3263 3450 fuisse
3314 3397 3458 3451 hunc

191 3475 476 3533 hominem
512 3486 820 3531 assecutum
879 3478 1183 3532 divinarum
1230 3479 1534 3536 litterarum
1601 3493 1837 3539 mentem
1877 3495 1932 3541 et
1979 3489 2345 3558 sententiam,
2389 3489 2586 3543 nedum
2616 3504 2736 3542 cum
2785 3497 2961 3542 essent
3011 3487 3320 3558 cuicunque
3355 3489 3456 3544 ob-

191 3569 298 3624 vite
324 3583 342 3622 :
371 3575 432 3619 ut
464 3564 539 3620 illi
571 3567 662 3635 qui
698 3568 968 3638 ignorant,
997 3570 1120 3638 quis
1151 3581 1208 3625 et
1237 3571 1413 3640 qualis
1443 3570 1516 3625 sit
1564 3572 1761 3642 adhuc,
1801 3575 2106 3648 intelligant
2145 3579 2381 3645 tandem,
2409 3589 2610 3648 quanta
2653 3594 2775 3633 cum
2813 3578 3036 3632 audacia
3076 3578 3144 3632 ad
3188 3581 3301 3650 ipsa
3340 3579 3459 3636 haec

190 3657 414 3728 scriptis
443 3659 754 3728 proruperit
782 3662 1230 3718 commendanda.

845 3753 1006 3807 ΚΕΦ.
1049 3753 1126 3808 B'.
1803 3769 1847 3814 Β

1803 3769 1847 3814 ιι
2529 3756 2680 3814 CAP.
2730 3756 2793 3812 11.

846 3769 1006 3807 tanta.
1051 3769 1126 3808 ες.
1803 3770 1806 3778 “

291 3847 416 3902 Ὅτι
448 3845 592 3902 οὐδὲ
614 3847 722 3912 τὰς
756 3847 920 3912 θείας
937 3846 1254 3915 ἐξηκρίὸου
1277 3850 1522 3919 Γραφάς
1547 3851 1654 3920 (66)
1661 3892 1676 3907 ⁸
1803 3819 1806 3826 Ι

2529 3769 2680 3814 CAP.
2730 3769 2794 3812 ll.

1918 3850 2072 3917 Quod
2115 3867 2207 3904 nec
2247 3866 2427 3904 sacras
2471 3848 2779 3918 Scripturas
2818 3849 2947 3904 satis
2992 3858 3170 3904 exacte
3207 3849 3420 3905 caueat.

265 3940 474 3993 Αὐτίκα
505 3939 550 3992 δ’
578 3933 692 4001 οὖν,
724 3937 820 3992 τοῦ
843 3939 1127 4010 προφήτου
1163 3941 1431 4012 Ζαχαρίου
1467 3943 1608 3996 κατά
1651 3944 1778 4010 τοὺς

1951 3940 2086 3995 Cum
2120 3940 2381 4010 propheta
2411 3939 2722 4005 Zacharias,
2757 3940 2803 3995 is
2837 3939 3093 3994 nimirum
3123 3941 3216 4010 qui
3251 3951 3457 4010 tempo-

188 4031 295 4102 τῆς
324 4030 584 4085 ἐπανόδου
619 4030 842 4102 χρόνους
863 4030 964 4100 τῆς
990 4030 1098 4083 ἀπὸ
1124 4031 1439 4096 Βαϐυλῶνος
1463 4034 1703 4104 γενομένι

1941 4060 1942 4078 :
1977 4032 2182 4086 reditus
2209 4046 2239 4086 e
2271 4031 2538 4102 Babylone
2570 4031 2691 4095 fuit,
2721 4033 3049 4087 mentionem
3081 4032 3279 4088 alicubi
3303 4033 3348 4064 ²¹
3376 4033 3456 4088 fa-

201 4123 384 4194 Ἰησοῦ
415 4140 474 4176 τε
513 4124 983 4194 μνημονεύσαντος
1012 4121 1106 4176 τοῦ
1135 4123 1328 4194 ἱερέως
1372 4123 1468 4177 τοῦ
1514 4125 1716 4195 μεγάλο

1939 4133 1991 4178 at
2033 4121 2159 4179 Jesu
2191 4125 2468 4194 pontificis
2516 4125 2662 4180 illius
2699 4125 2916 4194 magni,
2954 4126 3160 4180 scilicet
3189 4123 3454 4182 Josedeco

185 4212 393 4286 δηλαδὴ
421 4214 516 4268 τοῦ
547 4215 664 4268 υἱοῦ
731 4215 998 4278 Ἰωσεδὲκ,
1033 4214 1092 4278 ὃς
1149 4214 1266 4285 ἃμα
1322 4215 1626 4286 Ζοροϐάϐελ
1668 4235 1700 4270 τι

1942 4217 2067 4280 :niti,
2091 4217 2182 4288 qui
2219 4232 2322 4272 una
2363 4231 2485 4271 cum
2533 4215 2886 4281 Zorobabele,
2916 4218 3222 4288 principatu
3267 4217 3457 4289 iunge-

187 4305 302 4361 ἀπὸ
325 4305 644 4370 Βαϐυλῶνος
695 4305 1099 4360 ἐπανελθόντων
1149 4307 1413 4378 ἡγήσατο,
1450 4309 1479 4360 ὁ
1529 4311 1702 4376 γενναῑ

1942 4319 2043 4363 ιιιιι⁵
2094 4309 2236 4364 inter
2263 4308 2498 4376 Iudaeos,
2533 4310 2622 4378 qui
2665 4310 2730 4364 de
2777 4310 3049 4382 Babylone
3112 4312 3457 4365 reverteban-

186 4391 350 4460 οὗτος
386 4398 480 4450 mi.
537 4397 848 4468 Θαυμαστὸς
897 4399 1250 4470 ὑπογραφεὺς
1293 4397 1447 4452 ταῦτ’
1480 4401 1701 4472 ἀγνοήσι

1943 4419 1994 4468 r,
2024 4401 2322 4472 prmelarus
2353 4401 2457 4456 iste
2485 4412 2540 4456 et
2569 4402 2828 4458 miriﬁcus
2855 4417 2985 4456 sane
3005 4402 3238 4470 scriptor
3259 4407 3316 4465 »Β
3353 4402 3453 4456 bo-

185 4488 374 4558 τίθησι
406 4489 504 4560 μὲν
529 4488 621 4542 τοῦ
646 4489 914 4561 Ζαχαρίου
964 4489 1061 4559 τὴν
1091 4489 1257 4556 λέξιν,
1288 4491 1354 4544 δι’
1384 4485 1452 4562 ἧς
1507 4491 1700 4563 μέμνη¹

1934 4509 2005 4546 ιηι
2045 4493 2284 4547 omnium
2335 4493 2575 4563 ignarus.
2607 4490 2888 4548 Zachariae
2924 4492 3088 4546 verba
3117 4493 3330 4560 quidem
3365 4492 3449 4545 illa

185 4578 289 4632 τοῦ
323 4580 522 4651 Ἰησοῦ,
560 4581 776 4652 μακρὰν
807 4580 863 4634 δὲ
883 4583 982 4651 τῆς
1020 4582 1260 4653 ἱστορίας
1300 4581 1656 4646 ἀκοντισθεὶς,
1689 4582 1700 4634 1

1942 4593 2036 4648 tat,
2069 4599 2190 4654 quae
2234 4583 2360 4638 Jesu
2413 4584 2559 4638 illius
2604 4584 2986 4648 meminerunt,
3019 4583 3112 4636 sed
3143 4597 3171 4635 a
3205 4597 3366 4636 sensu
3399 4590 3453 4635 et

186 4688 312 4740 γειν
339 4672 500 4726 αὑτὸν
534 4673 800 4744 ὑπείληφε
830 4671 944 4744 (67)
980 4674 1108 4744 περὶ
1152 4673 1327 4744 Ἰησοῦ
1354 4673 1633 4736 Μωῦσέως
1662 4672 1701 4725 δι

1936 4676 2156 4728 ententia
2197 4675 2527 4730 narrationis
2575 4674 2722 4730 illius
2761 4674 2965 4730 recedit
3005 4688 3166 4744 quam
3198 4673 3451 4742 longissi-

267 4771 328 4828 ﬁt
355 4766 454 4820 Ed.
491 4767 690 4831 Paris,
725 4783 842 4836 pag.
879 4767 934 4821 9.

271 4843 330 4899 >1.
373 4838 468 4890 Ed.
509 4836 706 4902 Paris.,
739 4853 862 4906 pag.
898 4836 984 4892 l0.

261 4930 311 4961 ’⁸
345 4923 506 4981 Joan.
531 4940 570 4990 ι,
600 4923 689 4980 14.
739 4928 784 4959 ³³
813 4926 979 4980 Zach.
1012 4942 1096 4993 ιιι,
1124 4927 1177 4980 1.

261 5037 673 5111 (66)_Cont_i_net
701 5037 839 5111 hoc__
856 5049 1022 5111 caput
1060 5038 1430 5111 velitationem
1476 5041 1768 5108 quamdam

1940 5039 2118 5111 όησεν.
2161 5038 2336 5106 Male;
2398 5047 2653 5092 caeterum
2706 5039 2864 5093 codd.
2905 5037 3127 5092 ἐλάϐετο
3170 5036 3289 5092 loco
3335 5037 3455 5092 ἔλα-

185 5112 337 5167 inter
362 5108 677 5162 Marcellum
705 5118 761 5161 et
802 5108 1116 5179 Eusebium,
1159 5111 1224 5163 (Ie
1269 5110 1399 5164 locis
1445 5111 1767 5179 quihusdam
1881 5109 1990 5163 Θεν.

187 5184 243 5237 iu
271 5180 572 5247 Scripturis
601 5178 966 5232 sacrosanctis
996 5193 1280 5301 Ecrperatn
1324 5175 1632 5242 intellectis,
1662 5196 1702 5234 s:

190 5262 302 5301 tem
336 5262 394 5301 ut
443 5259 634 5301 nostro
663 5247 947 5300 videbatur
1044 5249 1247 5301 usebio.
1301 5266 1331 5301 a
1383 5251 1656 5301 Marcello.

1948 5177 2061 5252 (67)
2090 5178 2229 5246 Περὶ
2257 5177 2451 5242 Ἰησοῦ
2471 5175 2767 5242 Μωῢσέως
2795 5175 3098 5245 διαδόχου.
3123 5176 3210 5230 Ait
3230 5175 3454 5230 Marcel-

1939 5267 2009 5301 m.
2031 5250 2204 5301 locum
2225 5264 2255 5301 e
2299 5247 2575 5300 Zacharite
2594 5249 2755 5301 tertio
2780 5250 2964 5301 cauit..
2988 5263 3132 5301 vcrs.
3157 5249 3206 5301 l.
3227 5249 3313 5299 ubi
3337 5249 3454 5301 atti-

190 5262 302 5306 tem
336 5262 394 5302 ut
443 5259 634 5302 nostro
663 5247 947 5300 videbatur
997 5247 1247 5311 Eusebio,
1301 5266 1331 5303 a
1383 5251 1656 5304 Marcello.
1708 5251 1764 5304 In
1876 5247 2268 5317 lunulocume
2299 5247 2575 5300 Zacharite
2594 5249 2755 5301 tertio
2780 5250 2964 5317 capit_.,
2988 5249 3313 5311 vcrs.l,uhi
3337 5249 3454 5317 agi-

190 5322 395 5392 quibus
429 5317 746 5392 plerumque
777 5317 1091 5392 λεπτολογεζ
1135 5321 1163 5371 ὁ
1211 5318 1693 5392 ξυγγραφεῦς,νει-

1948 5320 2054 5392 rde
2085 5317 2210 5372 Jesu
2241 5316 2520 5392 Josede_ci,_
2543 5317 2796 5392 pontiﬁce
2834 5314 3095 5392 inlsrael,
3127 5319 3178 5369 in
3207 5314 3394 5370 reditu'
3423 5333 3455 5372 ο

190 5383 321 5445 lana
350 5383 571 5457 caprina
601 5387 794 5458 litigat.
829 5383 1113 5442 Concludit
1137 5383 1480 5454 autem'emn,
1509 5383 1602 5458 qui
1630 5389 1764 5442 adeo
1881 5388 2174 5457 Babylone,
2207 5389 2274 5440 ab
2317 5403 2381 5440 eo
2408 5387 2476 5458 de
2497 5383 2645 5440 Jesu.
2683 5383 2818 5440 Nam
2853 5387 3048 5457 Moysis
3082 5400 3454 5458 successorem

194 5455 484 5528 pueriliter
519 5457 900 5524 ballucinetur,
945 5459 1165 5512 minime
1201 5455 1676 5514 audietulumesse
1724 5460 1779 5512 in
1885 5455 2186 5528 acceptum.
2217 5458 2376 5512 Certe
2401 5457 2550 5528 valde
2587 5468 2705 5528 erat
2743 5455 3025 5512 Marcellus
3058 5455 3266 5526 ἠλίθιος
3287 5457 3453 5528 etin-

187 5527 246 5582 et
279 5529 348 5583 de
387 5529 550 5582 rebus
585 5528 901 5597 theologicis
936 5529 1312 5584 disserentem.
1349 5530 1554 5584 Textus
1599 5531 1670 5582 illi
1715 5529 1782 5582 de
1887 5527 2246 5590 lautissimus,
2278 5528 2323 5581 si
2353 5528 2403 5580 id
2430 5527 2501 5578 ita
2537 5527 2726 5582 volunt
2755 5528 2919 5581 verba
2955 5528 3072 5594 ejus
3097 5543 3224 5597 quae
3259 5527 3455 5582 recitat

190 5599 492 5666 Scripturis
537 5596 676 5667 male
703 5596 904 5664 accepti
941 5609 1256 5667 sequuntur.
1293 5597 1440 5651 LL—
1469 5599 1590 5652 Mox
1621 5599 1780 5667 vulgo
1890 5598 2004 5664 ipse
2028 5598 2310 5662 Eusebius,
2339 5612 2444 5649 non
2478 5598 2579 5667 hoc
2609 5598 2862 5651 evincunt
2897 5616 2910 5650 :
2942 5596 3287 5667 neque_enim
3332 5605 3450 5667 sta-

190 5615 492 5666 acrtpturts
537 5615 676 5650 male
703 5615 904 5664 accepti
941 5615 1256 5666 sequuntur.
1293 5615 1440 5651 M.-—
1469 5615 1590 5652 mox
1621 5615 1701 5650 νιιι

186 5684 301 5741 γιν.
341 5676 400 5741 οξ
427 5666 731 5741 ἀρχιερέως
764 5667 881 5722 loco
906 5666 1056 5741 toﬁ}.
1083 5678 1138 5722 et
1181 5667 1433 5741 :Iwanﬁsz
1459 5680 1512 5722 et
1540 5669 1701 5741 Ζοροε

1927 5615 2004 5652 )SC
2028 5615 2310 5662 LUSCDIUS,
2339 5615 2444 5649 11011
2478 5615 2579 5651 IIOC
2609 5615 2862 5651 BVIDCIIIII
2897 5616 2910 5650 ζ
2942 5615 3113 5667 neque
3144 5615 3287 5648 ellllll
3332 5615 3442 5649 512·

1931 5683 2005 5741 _m,
2031 5667 2121 5741 ubi
2150 5674 2336 5741 egerat
2367 5667 2433 5720 de
2477 5664 2603 5741 Jesu
2635 5667 2900 5741 pontiﬁce
2941 5670 3082 5741 apud
3121 5665 3442 5741 zschar‘iant

80 5745 104 5768 '
190 5736 314 5808 δηλ.
370 5735 542 5792 Porro
559 5735 641 5791 .-in
687 5753 829 5792 corr.
869 5741 955 5794 ed.
1006 5738 1066 5793 l’.
1106 5757 1125 5792 ι
1179 5739 1237 5794 L.
1275 5735 1551 5810 ἐννόησεν.
1591 5759 1595 5794 1

1931 5738 1977 5793 la
2004 5737 2290 5803 subinfcrt,
2323 5751 2441 5806 quae
2471 5735 2830 5794 calumniatur
2861 5735 3148 5796 Eusebius.
3179 5735 3262 5790 ὅτι
3281 5735 3446 5798 αὐτὸς
