3836 6216
361 281 461 338 751

1047 279 1317 336 EUSEBII
1356 280 1840 338 CAESARIENSIS
1879 281 2034 338 OPP.
2074 281 2259 340 PARS
2296 284 2389 341 IV.
2429 314 2498 330 -—
2538 283 2962 342 DOGMATICA.

3540 284 3656 346 732

360 417 468 459 me.
496 399 634 456 Nam
664 397 849 456 Jesum
883 398 1033 455 illum
1062 400 1235 456 voluit
1269 401 1359 456 hic
1385 400 1742 472 intelligi,qui
1781 401 1950 472 Moysi

2075 401 2231 471 ἰόχου.
2261 401 2373 454 Καὶ
2424 400 2587 455 πάλιν
2613 401 2708 454 τοῦ
2737 397 3405 472 Ἀτωστόλου”γράψαντος
3464 405 3528 457 ὲν
3579 405 3651 474 τῇ

359 493 684 550 succedebat
724 491 1055 548 immediate.
1099 492 1350 557 Deinde,
1389 508 1511 547 cum
1549 493 1856 564 Apostolus.
1894 495 1948 547 in

362 587 450 643 illa
477 599 597 656 quae
623 594 709 640 est
759 586 824 639 ad
853 584 1074 640 Galatas
1105 583 1345 653 Epistola
1388 584 1617 649 scribat,
1653 583 1950 638 Jerusalem

358 693 480 746 quae
529 691 739 730 sursum
781 685 890 740 est,
921 675 1086 729 libera
1135 686 1246 740 est,
1287 691 1406 746 qua:
1453 686 1688 729 nostrum
1738 675 1950 745 quidem

363 767 598 820 omnium
627 775 796 819 mater
828 777 902 819 est
929 767 1013 831 “;
1051 766 1143 820 hic
1176 766 1339 831 idem,
1377 780 1472 834 per
1511 765 1948 835 imprudentiam,

365 868 462 913 aut
494 859 635 928 quod
665 861 898 925 ignoret,
937 859 1022 914 vel
1051 868 1200 916 certe
1241 859 1424 914 sciens
1461 857 1756 928 volensque
1787 859 1952 913 verba

366 951 456 1006 illa
480 950 761 1020 depravat,
792 949 918 1004 dum
953 950 1020 1004 ad
1055 950 1213 1005 istum
1247 951 1467 1004 modum
1499 949 1690 1005 scribit
1715 966 1730 1002 :
1755 947 1954 1003 Nostra

365 1053 545 1098 autem
564 1040 866 1096 Jerusalem
905 1057 1116 1095 sursum
1152 1052 1247 1096 est.
1282 1040 1408 1110 Ipsa
1446 1042 1584 1094 enim
1612 1041 1668 1093 in
1708 1041 1954 1094 servitute

367 1146 442 1189 est
466 1151 582 1189 cum
610 1134 738 1202 ﬁliis
766 1135 898 1187 suis.
937 1133 1125 1189 Tertio
1153 1134 1241 1188 ubi
1264 1133 1482 1189 Petrum
1508 1133 1586 1189 sic
1612 1131 1808 1188 aﬂ'atur
1829 1132 1955 1188 Ser-

367 1238 524 1283 vator
552 1227 627 1280 “z
651 1225 748 1278 Abi
769 1225 833 1278 de
855 1234 966 1294 post
991 1241 1092 1292 me,
1128 1225 1338 1290 Satan;
1369 1225 1620 1279 scandala
1654 1226 1793 1279 enim
1827 1223 1955 1276 mihi

367 1333 577 1384 es,cum
597 1332 700 1370 non
723 1317 896 1385 sapias
928 1333 989 1370 ea
1012 1331 1131 1385 qua’
1161 1315 1256 1369 Dei
1278 1325 1423 1380 sunt,
1444 1316 1537 1385 sed
1567 1331 1685 1384 quae
1705 1323 1826 1368 sunt
1857 1314 1955 1368 Ito-

371 1411 599 1474 minum,
627 1408 848 1462 minime
900 1407 1203 1478 intelligens
1241 1409 1512 1476 quomodo
1554 1409 1670 1462 haec
1709 1407 1958 1462 dicantur

372 1503 439 1555 ad
477 1499 815 1569 Apostolum,
853 1508 947 1554 aut
975 1514 1264 1570 quorsum,
1308 1499 1540 1554 alIirmat
1575 1499 1642 1552 ad
1684 1499 1955 1553 diabolum

372 1606 495 1646 esse
517 1590 682 1645 dicta.
704 1589 1021 1661 Huiusmodi
1056 1590 1142 1644 ille
1166 1589 1616 1648 hallucinationes
1646 1589 1806 1644 simul
1829 1605 1958 1644 con-

375 1693 557 1754 gestas
603 1699 709 1737 una
764 1684 923 1737 modo
979 1683 1203 1752 periodo
1245 1682 1692 1754 comprehendit,
1735 1683 1956 1736 totidem

2053 493 2189 564 πρὸς
2237 492 2484 556 Γαλάτας
2541 491 2797 562 ἐπιστολῇ
2852 490 3041 546 τοῦτον
3081 491 3174 545 τὸν
3219 492 3452 562 τρόπον·
3489 495 3560 547 Ἠ
3584 494 3657 547 δὲ

2052 583 2175 638 ἅνω
2209 582 2599 653 Ἰερουσαλὴμ
2639 582 2928 652 ἐλευθέρα
2963 583 3169 649 ἐστὶν,
3203 583 3336 650 ἥτις
3357 584 3491 639 ἐστὶ
3527 586 3654 654 μή-

2052 691 2163 744 τηρ
2182 671 2353 744 ἡμῶν
2375 675 2688 729 ἁπάντων·
2733 673 2940 739 ἔλαθεν,
2969 675 3001 745 ἢ
3061 675 3162 729 οὐκ
3193 675 3434 746 ἐνόησεν,
3477 677 3513 747 ἢ
3557 678 3656 730 καὶ

2054 765 2194 819 ἑκὼν
2227 765 2538 836 διαστρέφει
2572 762 2664 819 τὸν
2689 765 2845 834 λόγον
2871 766 3128 836 γράφων·
3177 769 3239 820 Ἡ
3285 767 3354 820 δὲ
3385 767 3657 836 ἡμετέρα

2064 861 2472 930 Ἰερουσαλὴμ,
2499 860 2621 914 ἅνω
2649 859 2816 914 ἐστί·
2855 859 2965 931 (68)
3014 859 3164 928 αὕτη
3189 860 3302 930 τὰρ
3364 861 3655 915 δουλεύει

2049 956 2202 1026 μετὰ
2226 954 2346 1008 τῶν
2388 952 2616 1007 τέκνων
2663 951 2873 1022 αὐτῆς.
2907 954 3018 1006 Καὶ
3071 949 3226 1016 αὖθις
3255 953 3351 1008 τοῦ
3389 955 3655 1026 Σωτῆρος

2057 1047 2213 1120 ἡμῶν
2238 1046 2318 1117 τῷ
2341 1045 2535 1118 Πέτρῳ
2565 1045 2874 1117 εἰρηκότος·
2896 1044 3008 1115 (69)
3037 1045 3253 1114 Ὕπαγε
3281 1046 3476 1100 ὀπίσω
3498 1065 3651 1115 μου,

2056 1134 2323 1193 Σατανᾶν
2385 1133 2739 1189 σκάνδαλον
2797 1129 2858 1188 εἷ
2905 1134 3053 1204 ἐμοὶ,
3081 1135 3172 1190 ὅτι
3212 1137 3284 1190 οὐ
3304 1135 3553 1204 φρονεῖς
3577 1137 3656 1191 τὰ

2056 1228 2164 1282 τοῦ
2201 1225 2370 1291 Θεοῦ,
2393 1227 2554 1281 ἀλλὰ
2571 1227 2644 1282 τὰ
2671 1225 2791 1280 τῶν
2809 1225 3156 1294 ἀνθρώπων,
3189 1226 3249 1278 οὒ
3283 1227 3467 1290 συνεὶς
3494 1227 3656 1291 ὅπως

2056 1319 2086 1373 6
2115 1319 2270 1388 λόγος
2297 1319 2482 1390 εἴρητο
2516 1318 2654 1388 πρὸς
2681 1317 2772 1371 τὸν
2817 1317 3152 1384 Ἀπόστολον,
3186 1319 3281 1372 καὶ
3338 1317 3429 1373 διὰ
3483 1317 3657 1372 ποίαν

2059 1411 2260 1474 αἰτίαν,
2296 1411 2434 1480 πρὸς
2487 1411 2578 1464 τὸν
2635 1408 2880 1464 διάϐολον
2933 1409 3106 1464 ταῦτα
3145 1409 3392 1480 λελέχθαι
3452 1409 3650 1480 φησὶν,

2059 1501 2193 1573 ὁμοῦ
2231 1502 2296 1573 δὴ
2339 1501 2566 1556 τοιαῦτα
2618 1501 2915 1572 σφάλματα
2945 1503 3050 1555 ὑπὸ
3107 1500 3234 1572 μίαν
3265 1501 3448 1573 τίθησι
3490 1517 3657 1572 περι-

2061 1596 2254 1666 κοπὴν,
2278 1594 2553 1659 αιῖοτολεξεὶ¹
2579 1594 2767 1647 τοῦτον
2795 1594 3024 1663 γράφων
3045 1593 3136 1646 τὸν
3155 1593 3354 1665 τρόπον
3375 1610 3390 1624 ο
3457 1610 3479 1644 ι
3525 1594 3655 1647 ὀτι

2068 1705 2087 1738 ι
2117 1686 2174 1739 δὲ
2207 1685 2360 1739 οὐδὲν
2403 1685 2575 1757 δνομα
2607 1685 2791 1756 μεῖζον
2832 1684 3007 1756 Ἰησοῦ
3059 1684 3166 1738 τῶν
3233 1686 3325 1738 ἐπὶ
3385 1683 3487 1754 τῆς
3547 1683 3658 1755 τῆς

374 1779 519 1833 enim
547 1779 725 1847 verbis
748 1777 990 1831 disertim
1017 1775 1208 1831 scribit
1244 1795 1256 1830 :
1289 1795 1306 1828 ι
1333 1773 1548 1830 Nullum
1576 1790 1739 1846 porro
1762 1789 1956 1829 nomen

2075 1798 2086 1831 ι
2127 1777 2536 1851 ὀνομασθέντων
2567 1777 2779 1847 γέγονε,
2808 1778 3074 1850 μαρτυρεῖ
3093 1776 3192 1848 μὲν
3213 1776 3274 1830 τὸ
3291 1777 3653 1846 Εὑαγγέλιον,

383 1891 402 1924 ι
454 1871 544 1943 [Β.
577 1870 618 1943 l]
656 1870 1010 1926 excellentius
1048 1880 1286 1935 exstare,
1301 1883 1460 1938 quam
1487 1877 1570 1922 est
1593 1883 1786 1923 nomen
1807 1865 1956 1934 Jesu,

381 1985 400 2017 ι
450 1965 591 2020 inter
625 1965 809 2019 omnia
841 1977 962 2033 qua:
1007 1963 1059 2017 in
1110 1963 1270 2017 terris
1314 1962 1698 2026 nominantur,
1732 1968 1962 2014 testatur

383 2074 402 2108 ι
445 2070 510 2111 eo
563 2055 684 2110 loco
718 2053 1093 2125 Evangelium,
1133 2053 1223 2108 ubi
1275 2052 1499 2107 Mariam
1553 2053 1620 2106 ad
1658 2054 1801 2107 hunc
1845 2066 1960 2105 mo-

383 2165 404 2199 ι
451 2149 577 2201 dum
609 2146 832 2217 angelus
873 2146 1170 2216 alloquitur
1198 2162 1213 2198 :
1242 2142 1325 2198 Ne
1351 2144 1534 2197 timeas
1566 2153 1739 2196 autem
1763 2141 1960 2205 Maria,

383 2257 404 2292 ι
448 2239 688 2292 invenisti
727 2239 866 2292 enim
911 2238 1136 2307 gratiam
1167 2235 1305 2304 apud
1340 2233 1675 2290 Deum.Ecce
1707 2234 1963 2302 concipies

383 2350 406 2386 ι
451 2333 505 2385 in
543 2340 723 2397 utero,
751 2340 797 2384 et
835 2331 1008 2400 paries
1042 2328 1234 2398 ﬁlium,
1270 2336 1320 2381 et
1362 2327 1570 2381 vocabis
1612 2342 1797 2380 nomen
1849 2325 1963 2395 ejus

386 2441 408 2477 ι
454 2422 663 2478 Jesum.
701 2420 807 2475 Hic
831 2424 926 2476 erit
950 2436 1195 2490 magnus,
1222 2428 1268 2473 et
1302 2419 1444 2486 ﬁlius
1471 2417 1731 2472 Altissimi
1760 2418 1965 2472 vocabi-

385 2533 407 2567 ι
448 2524 534 2567 tur
560 2512 628 2566 ".
658 2511 777 2579 Quo
815 2512 866 2565 in
901 2511 1042 2574 loco,
1078 2511 1222 2581 quod
1259 2509 1575 2580 pronuntiat
1614 2508 1858 2578 angelus,
1887 2518 1967 2562 te-

385 2623 409 2657 r
457 2613 631 2658 statur
659 2612 713 2658 et
742 2601 1026 2672 prophetia
1062 2601 1358 2664 Zachariae,
1391 2601 1482 2670 qui
1518 2600 1584 2654 de
1616 2601 1718 2654 hoc
1747 2600 1966 2654 nomine

391 2713 410 2746 ι
458 2697 530 2749 ita
561 2693 688 2748 olim
706 2693 1032 2747 vaticinatus
1056 2700 1138 2747 est
1162 2711 1174 2745 :
1199 2691 1263 2744 Et
1285 2690 1512 2744 ostendit
1534 2689 1662 2743 mihi
1687 2687 1965 2752 Dominus,

389 2805 409 2838 ι
458 2788 668 2857 inquit,
698 2785 883 2840 Jesum
926 2784 1248 2839 sacerdotem
1295 2797 1544 2852 magnum
1588 2790 1812 2836 stantem
1848 2791 1968 2836 ante

388 2896 412 2933 ε
459 2879 648 2948 faciem
693 2877 866 2946 angeli
921 2875 1154 2929 Domini.
1203 2871 1390 2928 Stabat
1443 2888 1599 2943 porro
1646 2873 1888 2926 diabolus
1936 2889 1970 2926 a

392 2991 413 3024 ι
458 2973 659 3027 dextris
703 2970 870 3035 illius,
918 2979 974 3022 ut
1036 2968 1115 3021 illi
1164 2967 1550 3020 adversaretur.
1602 2964 1747 3018 Dixit
1794 2972 1969 3019 autem

392 3083 414 3117 ι
463 3064 716 3118 Dominus
740 3063 808 3114 ad
839 3059 1139 3121 Diabolum,
1172 3056 1431 3110 Dominus
1462 3055 1551 3126 qui
1574 3055 1724 3125 elegit
1745 3055 1968 3112 Jerusa-

394 3173 415 3208 ι
463 3155 564 3208 lem
595 3155 822 3221 increpet
855 3160 900 3204 te
917 3147 1227 3214 ".Quando
1250 3156 1427 3201 autem
1451 3145 1598 3200 illum
1623 3145 1970 3218 increpabatﬂ

393 3262 416 3298 ι
461 3241 617 3296 Tunc
660 3240 914 3295 nimirum
952 3254 1077 3294 cum
1119 3237 1377 3293 dilectum
1426 3237 1496 3292 ab
1538 3236 1655 3306 ipso
1696 3238 1969 3294 hominem

394 3353 418 3390 ι
464 3333 642 3388 Verbo
671 3347 770 3388 suo
811 3332 1122 3388 coadunivit
1153 3331 1235 3398 is,
1269 3329 1364 3400 qui
1407 3329 1739 3392 Jerusalem,
1775 3330 1970 3398 inquit,

393 3443 419 3480 ι
461 3425 635 3496 elegit.
662 3423 812 3480 Patet
831 3432 1010 3478 autem
1037 3423 1186 3477 illum
1234 3424 1374 3478 hanc
1401 3431 1640 3478 nostram
1669 3422 1966 3479 Jerusalem

2070 1890 2090 1922 ι
2123 1869 2254 1924 ἔνθα
2289 1873 2318 1924 6
2356 1870 2584 1940 ἄγγελος
2599 1872 2664 1942 τῇ
2684 1869 2920 1942 Μαριάμ
2941 1886 2955 1900 ⁸
2978 1868 3076 1936 Μὴ
3094 1869 3303 1938 φοϐοῦ,
3331 1868 3456 1940 ἔφη,
3477 1865 3658 1938 εὗρες

2068 1981 2087 2015 ι
2127 1962 2238 2033 γὰρ
2269 1962 2447 2032 χάριν
2479 1963 2639 2031 παρὰ
2669 1961 2776 2016 τοῦ
2807 1961 2956 2016 Θεοῦ
2975 1978 2989 1991 ·
3015 1961 3117 2014 καὶ
3167 1961 3297 2014 ίδοὺ
3350 1961 3658 2030 «unum

2069 2074 2086 2106 ι
2121 2057 2191 2109 ἐν
2229 2055 2463 2125 γαστρὶ,
2493 2055 2590 2109 καὶ
2619 2054 2761 2124 τέξῃ
2795 2053 2949 2118 υἱὸν,
2980 2053 3080 2108 καὶ
3101 2052 3384 2119 καλέσεις
3419 2052 3490 2106 τὸ
3528 2053 3662 2106 ὅνο-

2069 2167 2088 2200 ι
2121 2149 2407 2218 μααὺτοῦ
2433 2148 2686 2217 Ἰησοῦν.
2705 2143 2893 2214 Οὗτος
2921 2148 3093 2201 ἐσται
3139 2145 3350 2216 μέγας,
3384 2145 3484 2199 καὶ
3523 2143 3662 2211 υίὸς

2071 2259 2090 2291 ι
2138 2240 2431 2308 Ὑψίστου
2463 2239 2852 2307 κληθήσεται.
2885 2238 3054 2309 Δῆλον
3078 2238 3137 2290 δέ
3159 2239 3274 2290 ἐστι
3307 2239 3400 2290 καὶ
3424 2236 3536 2290 ἀπὸ
3554 2236 3664 2307 τῆς

2073 2349 2090 2383 ι
2129 2329 2221 2385 τοῦ
2251 2331 2520 2402 Ζαχαρίου
2554 2330 2914 2401 προφητείας,
2947 2329 3114 2383 πάλαι
3146 2328 3276 2399 περὶ
3312 2327 3407 2381 τοῦ
3449 2326 3660 2396 ὀνόμα-

2072 2441 2089 2474 ι
2119 2439 2209 2485 τος
2229 2421 2420 2475 τούτου
2457 2421 2936 2494 προφητευσάσης·
2981 2419 3207 2485 Ἔδειξε
3245 2417 3356 2489 γάρ
3378 2435 3503 2488 μοι,
3550 2434 3664 2489 φη·

2072 2533 2091 2566 ι
2131 2515 2184 2567 σὶ
2202 2553 2216 2578 ,
2245 2515 2461 2582 Κύριος
2501 2514 2737 2582 Ἰησοῦν
2750 2513 2858 2568 τὸν
2875 2511 3032 2581 ἱερέα
3054 2511 3163 2566 τὸν
3181 2513 3393 2582 μέγαν,
3421 2511 3661 2565 ἑστῶτα

2073 2623 2094 2658 ι
2123 2605 2237 2674 πρὸ
2269 2606 2596 2674 προσώπου
2613 2605 2874 2676 ἀγγέλου
2899 2606 3141 2674 Κυρίου.
3167 2604 3276 2658 Καὶ
3302 2606 3335 2656 ὁ
3373 2601 3660 2670 διάϐολος

2073 2715 2093 2748 ι
2125 2698 2390 2764 εἱστήκει
2415 2698 2487 2750 ἐκ
2515 2697 2730 2763 δεξιῶν
2765 2697 2974 2761 αὑτοῦ,
3003 2697 3109 2751 τοῦ
3134 2695 3504 2751 ἀντικεῖσθαι
3549 2697 3660 2749 αὑ-

2076 2809 2094 2840 ι
2129 2788 2228 2854 τῷ.
2261 2789 2373 2844 Καὶ
2402 2784 2534 2843 εἷπε
2555 2789 2772 2858 Κύριος
2825 2786 2974 2856 πρὸς
3009 2785 3118 2841 τὸν
3137 2784 3454 2840 διάϐολον·
3500 2784 3657 2836 Ἑπι-

2076 2900 2096 2933 ι
2128 2880 2372 2949 τιμῆσαι
2421 2881 2640 2949 Κύριος
2684 2880 2756 2934 ὲν
2809 2879 2944 2944 σοι,
2997 2881 3030 2932 ό
3074 2875 3481 2946 ἐκλεξάμενος
3543 2873 3660 2942 τὴν

2077 2991 2095 3023 ι
2143 2972 2550 3042 Ἰερουσαλήμ.
2595 2972 2736 3025 Πότε
2777 2972 2886 3044 γὰρ
2930 2969 3078 3040 αὐτῷ
3112 2968 3482 3040 ἐπετίμησενς
3528 2967 3657 3018 Ὅτε

2077 3081 2097 3114 ι
2137 3063 2228 3116 τὸν
2267 3063 2620 3134 ἀγαπηθέντα
2649 3063 2742 3116 ὑπ’
2786 3060 2952 3116 αὑτοῦ
2998 3060 3300 3132 ἄνθρωπον,
3333 3058 3412 3128 τῷ
3463 3056 3660 3110 ἑαυτοῦ

2079 3174 2098 3207 ι
2143 3155 2347 3226 συνῆψε
2375 3155 2532 3226 Λόγῳ
2565 3157 2593 3209 6
2620 3154 3000 3226 ἐκλεξάμενος,
3031 3154 3187 3226 φησι,
3241 3151 3341 3223 τὴν
3383 3151 3658 3222 Ἰερουσα-

2081 3264 2100 3297 ι
2133 3245 2280 3317 λὴμ,
2335 3245 2493 3317 δῆλον
2524 3246 2605 3299 ὅτι
2636 3245 2843 3317 ταύτην
2875 3245 2974 3316 τὴν
3009 3243 3284 3316 ἡμετέραν
3319 3243 3450 3312 περὶ
3503 3237 3575 3312 ἧς
3631 3239 3662 3292 ὁ

2083 3353 2102 3385 ι
2145 3335 2465 3399 Ἀπόστολος
2493 3335 2658 3404 λέγει·
2696 3335 2760 3388 Ἦ
2796 3335 2853 3389 δὲ
2890 3335 3135 3407 ἡμετέρα
3168 3331 3526 3405 Ἰερουσαλὴμ
3553 3331 3663 3385 ἄνω

2088 3447 2106 3480 ι
2145 3427 2292 3481 ἐστίν
2315 3444 2328 3458 °
2367 3426 2503 3499 αὕτη
2549 3427 2659 3501 γὰρ
2692 3427 2931 3482 δουλεύει
2971 3427 3109 3498 μετὰ
3158 3427 3268 3480 τῶν
3318 3425 3530 3478 τέκνων
3564 3424 3658 3478 αὑ-

399 3537 420 3572 ι
468 3518 788 3587 intelligere,
822 3517 886 3573 de
908 3532 1014 3589 qua
1041 3517 1333 3587 Apostolus
1358 3516 1619 3588 loquitur,
1646 3515 1849 3572 Nostra
1879 3534 1961 3571 au-

2089 3539 2108 3572 ι
2143 3519 2260 3590 τῆς.
2320 3518 2633 3591 Τηνικαῦτα
2679 3512 2888 3591 γὰρ,ὲν
2933 3521 2998 3589 τῇ
3036 3518 3246 3590 μεγάλῃ
3285 3517 3422 3586 αὐτῇ
3469 3516 3661 3586 Ἰερου-

400 3628 420 3663 ι
466 3619 566 3664 tem
605 3607 923 3674 Jerusalem,
954 3623 1166 3663 sursum
1194 3616 1269 3661 est
1295 3621 1314 3660 :
1345 3607 1434 3662 illa
1462 3617 1644 3662 autem
1687 3622 1811 3662 cum
1845 3607 1961 3662 libe

2090 3629 2109 3662 ι
2153 3609 2354 3681 σαλὴμ,
2390 3609 2667 3663 τουτέστιν
2699 3611 2757 3663 ὲν
2785 3611 2851 3681 τῇ
2884 3609 3130 3680 ἡμετέρᾳ
3173 3607 3469 3678 Ἐκκλησία
3513 3603 3660 3673 γενό-

401 3721 422 3756 ι
467 3704 544 3758 ris
568 3702 681 3758 suis
709 3709 792 3756 est
819 3700 871 3755 in
896 3700 1181 3756 servitute.
1212 3698 1365 3753 Tunc
1401 3697 1578 3764 enim,
1606 3714 1728 3754 cum
1775 3699 1827 3753 in
1863 3714 1961 3753 ma-

2091 3721 2110 3754 ι
2155 3719 2335 3772 μενος,
2367 3702 2668 3773 ἐπετίμησε
2701 3699 2778 3772 τῷ
2807 3701 3058 3771 διαϐόλῳ,
3108 3699 3249 3755 κατὰ
3286 3699 3385 3770 τὴν
3453 3712 3654 3769 προφη-

403 3812 422 3844 «
471 3808 578 3866 gna
629 3792 718 3848 illa
751 3791 1052 3848 Jerusalem
1103 3799 1271 3857 esset,
1306 3791 1409 3847 hoc
1442 3799 1548 3856 est,
1575 3801 1885 3846 versaretur
1923 3791 1961 3845 it

2093 3809 2112 3842 ι
2148 3791 2298 3845 τείαν
2342 3789 2510 3844 εἰπών
2536 3809 2549 3824 ο
2588 3792 2837 3846 ’Δπελθε
2877 3792 3072 3846 ὀπίσω
3093 3809 3235 3861 μου,
3272 3787 3544 3844 Σατανᾶ·
3575 3785 3658 3840 ὅτι

484 3929 531 3964 ³⁸
559 3927 679 3982 Gal.
715 3943 789 3993 tv,
816 3927 908 3982 26.
985 3927 1032 3958 ⁸³
1065 3926 1254 3981 Matth.
1298 3942 1410 3992 xw,
1439 3925 1531 3980 25.
1609 3925 1655 3957 ’⁸
1675 3924 1808 3981 Luc.
1829 3941 1868 3992 ι,
1901 3927 1961 3980 3U

2075 3967 2089 3981 .
2167 3927 2211 3958 ’⁸
2241 3925 2469 3982 Zachar.
2497 3941 2583 3991 Ill,
2620 3924 2748 3992 1,2.

403 4061 607 4136 ἠξιώθη
640 4061 956 4136 εἰσαγαγεῖν
992 4059 1086 4113 τὸν
1123 4059 1251 4136 λαὸν
1277 4061 1492 4136 ε,ἶς-Ἒὴν
1525 4059 1686 4136 ἀγζαν
1725 4060 1961 4136 γῆᾜ--δεί

2095 4061 2310 4136 quidem
2343 4059 2749 4136 cohonestatur.
2786 4056 2964 4136 Quod,
2994 4066 3054 4136 ut
3076 4066 3131 4112 et
3156 4057 3262 4136 alia
3293 4055 3360 4136 de
3389 4052 3658 4136 Jesuibi-

405 4124 524 4188 a'l'iis
545 4124 879 4202 interpositis
905 4146 919 4183 :
951 4140 1004 4186 et
1031 4133 1245 4202 tandem
1283 4132 1350 4185 de
1370 4124 1554 4202 Moyse
1575 4124 1673 4195 ait,
1707 4124 1804 4185 nec
1825 4130 1961 4202 illun

2084 4124 2206 4186 d'em
2235 4133 2400 4202 dicta,
2429 4129 2514 4202 1:89
2549 4129 2720 4201 μικρὰ
2754 4124 2849 4202 ἕάὶ
2878 4129 3200 4202 gavia”;
3238 4125 3361 4202 ἀντ)
3411 4124 3660 4202 μεγάλῳ*

405 4205 610 4260 dictum
640 4195 761 4256 esse
799 4201 973 4274 μέγαν
1010 4201 1142 4270 :qui
1176 4210 1354 4274 tamen
1402 4195 1478 4255 ita
1509 4210 1819 4274 tnagnuset
1855 4201 1961 4274 illu-

2085 4201 2260 4274 καὶμὴ
2283 4195 2720 4274 βλεπομένὶονζὶιι
2748 4195 3077 4274 JesulMariaé
3100 4197 3558 4274 adimplebajttur.
3582 4195 3653 4274 M.

406 4274 540 4329 stris
564 4281 704 4334 erat,
735 4265 811 4324 ut'
846 4265 940 4326 Dei
997 4265 1188 4326 servus
1228 4271 1524 4334 diceretur,
1566 4265 1680 4324 tum
1733 4270 1799 4326 de
1845 4269 1961 4326 Jesu

2081 4303 2151 4313 —
2175 4265 2344 4327 Codd.
2393 4265 2489 4324 τοῦ
2532 4265 2719 4335 Mum,
2759 4271 2883 4325 dein
2911 4270 3068 4340 vulgo
3096 4267 3188 4321 τὸν
3213 4283 3300 4339 τρ.
3327 4265 3541 4335 τοῦτον,
3571 4265 3658 4337 qui

408 4345 593 4410 Nave;
623 4355 723 4396 nec
746 4341 900 4395 illum
927 4344 1102 4412 μέγαν
1141 4341 1552 4412 licetpopulum
1593 4340 1889 4412 induserat
1915 4341 1961 4394 in

2078 4343 2334 4400 ἁπάντων
2357 4357 2467 4396 om.

409 4405 613 4487 terram
643 4405 1095 4487 _promissionis,_
1128 4419 1182 4465 et
1215 4405 1330 4487 alia
1369 4405 1642 4487 'mi‘racula
1692 4410 1967 4465 etTecerat.
2108 4485 2118 4487 _
2148 4415 2259 4487 (6_8)
2283 4412 2443 4479 Αὕτη
2474 4409 2906 4487 γᾴρ-δουλεύει.
2953 4407 3082 4464 Haec
3113 4415 3198 4487 est
3229 4405 3407 4487 altera
3436 4420 3658 4487 accusa-

409 4483 570 4539 Certe
607 4477 912 4550 obscurius,
963 4491 1018 4535 et
1072 4480 1400 4545 ἀσυνδέτως,
1450 4482 1566 4535 haec
1619 4490 1896 4550 ponuntur
1948 4495 1977 4533 a
2010 4489 2054 4543 D
2085 4477 2176 4538 tio‘.
2202 4477 2377 4537 Locus
2407 4477 2493 4536 est
2518 4477 2634 4536 Gal.
2665 4481 2862 4550 "1,26,
2901 4495 3060 4550 quem
3101 4478 3288 4550 alludit
3332 4477 3434 4531 hoc
3469 4477 3656 4550 modo:

411 4553 693 4618 Marcello,
740 4561 800 4606 ut
841 4544 1041 4607 exinde
1087 4552 1371 4606 calumniae
1417 4552 1528 4604 sint
1575 4544 1846 4618 eiposita,
1879 4551 1972 4606 sed
2085 4555 2343 4608 Dominus
2374 4555 2601 4617 increpet
2632 4544 2958 4621 ιεηδαιαηᾱ,
2990 4549 3093 4621 (ait
3135 4544 3655 4621 angelus‘apudMZa-

411 4639 519 4678 non
551 4615 785 4678 infertur
836 4622 1168 4685 necessario,
1214 4622 1357 4690 quod
1411 4615 1812 4676 accusationem
1845 4637 1975 4676 con-
2080 4624 2346 4690 cburiam)
2375 4625 2465 4688 qui
2497 4615 2646 4690 elegit
2683 4615 3455 4690 Ιεναεαιεηίααεζιξπίε-2),
3507 4615 3664 4688 δῆλον

412 4694 591 4748 stituit
618 4692 1003 4763 Eusebianam.
1057 4685 1329 4763 Secundo,
1359 4701 1422 4745 ut
1447 4692 1538 4745 ille
1561 4690 1739 4756 Jesus,
1773 4691 1840 4746 de
1872 4706 1961 4760 qut

2079 4697 2164 4748 ὅτι
2213 4685 2418 4763 ταύτην
2471 4685 2915 4763 τὴίὴμετέρανι
2938 4685 3114 4763 inquit
3158 4685 3658 4763 Μειειξεὶιιιερλιιιιοςιι

414 4763 681 4832 meminit,
705 4773 824 4832 post
856 4762 1089 4832 Moysem
1113 4762 1295 4829 fuerit,
1315 4755 1379 4816 ex
1414 4763 1580 4817 animi
1621 4755 1738 4830 ejus
1760 4755 1981 4832 sentén-
2083 4755 2473 4818 commemorat
2504 4755 2797 4832 Apostolus
2851 4755 3051 4832 (Galat.
3112 4774 3188 4832 ιε’,
3242 4756 3335 4832 25,
3388 4755 3533 4832 _26.),
3568 4757 3658 4832 _ubi

419 4835 489 4887 tia
531 4831 624 4886 τοῦ
655 4825 900 4887 stedeci
927 4825 958 4883 z'
979 4842 1154 4884 tamen
1187 4825 1292 4886 non
1322 4833 1532 4902 _statim
1577 4825 1848 4886 evincitur
1884 4831 1961 4902 illi

2083 4835 2184 4898 ait,
2219 4833 2282 4887 Ἡ
2307 4831 2375 4885 δὲ
2410 4825 2668 4902 ἡμετέρα
2700 4825 3090 4898 Ἰερουσαλὴμ
3124 4825 3658 4902 ἅνωέστὶνίαῦτη

415 4919 592 4958 error.
621 4902 753 4974 _Natn
791 4912 1108 4974 verumest,
1140 4904 1282 4974 hunc
1315 4900 1522 4967 Jesun‘t,
1559 4918 1662 4954 una
1707 4917 1828 4956 cum
1882 4900 1984 4974 Zo-
2084 4897 2195 4974 γὰρ
2220 4897 2516 4957 δουλεύει.
2552 4897 2686 4974 Hice
2724 4897 2774 4953 in
2826 4902 3088 4974 servitute
3116 4908 3220 4974 est.
3256 4897 3443 4974 Haec:
3476 4911 3659 4974 nempe

415 4972 671 5028 robabele
700 4973 952 5042 populum
991 4972 1361 5026 introduxisse
1395 4975 1448 5026 in
1496 4965 1692 5026 terram
1746 4973 1983 5041 promis-
2088 4965 2396 5035 ieirestris;
2426 4974 2515 5042 illa
2559 4973 2614 5024 in
2659 4970 2988 5037 Palaestina;
3021 4967 3369 5040 apertissime
3401 4965 3658 5021 Eusebius

418 5045 588 5100 sionis
617 5061 631 5098 :
666 5039 862 5112 non—de
889 5039 1124 5112 IEgypto
1150 5043 1539 5106 reducem,aut
1560 5039 1778 5097 deserto
1805 5057 1987 5112 egres-
2087 5045 2386 5100 cavillatur.
2424 5041 2475 5094 M

423 5131 565 5180 sutn,
599 5114 695 5168 sed
735 5103 1323 5183 B:ibylon'é'reverstitti
1371 5103 1768 5183 er'captivitate.
1823 5103 1961 5179 lilqni

2161 5113 2273 5182 (69)
2305 5113 2525 5183 Ὕπαγε
2545 5112 2737 5166 ὀπίσω
2753 5128 2894 5180 μου,
2929 5106 3184 5164 Σατανᾶ.
3212 5107 3422 5183 Dict_um
3462 5103 3663 5183 Domini

423 5174 600 5239 fassus
629 5195 713 5237 est
739 5174 988 5250 ipsemet,
1018 5183 1047 5234 6
1073 5181 1167 5234 τοῦ
1206 5174 1530 5251 Παμφίλου’;
1568 5181 1644 5234 ait
1665 5184 1809 5236 enim
1844 5200 1857 5235 :
1891 5174 1956 5233 ’³0

2091 5174 2398 5239 Βοινέιοιήε
2426 5174 2648 5242 Petrum
2696 5174 2997 5250 apostolum
3024 5174 3502 5251 προσφωνοῦντος.
3534 5174 3646 5251 Man

422 5255 542 5324 ἃμα
585 5245 891 5326 Ζοροὸᾇὸελ
919 5252 1028 5326 τῷν
1068 5252 1178 5326 ᾴςπὸ
1223 5245 1541 5326 Βαόυλῶνοζ
1590 5253 1959 5326 ἐπανελθόντιο

2091 5256 2258 5310 cellus
2308 5255 2382 5308 ita
2438 5245 2850 5322 interpretatur,
2885 5260 2942 5304 ut
2982 5245 3109 5326 vos,
3167 5245 3421 5326 Satana,‘
3445 5260 3553 5326 non
3599 5245 3656 5297 ad

421 5316 730 5397 ήλίήσατὸτη
753 5322 871 5397 Hoc
907 5324 1024 5397 vult
1072 5322 1380 5397 Marcellus,
1411 5324 1617 5376 nullum
1666 5338 1860 5378 nomen
1891 5324 1991 5397 ali-
2091 5327 2333 5397 Petrum,
2356 5316 2622 5397 ultimate,
2653 5331 2746 5397 aut
2769 5321 3144 5397 personaliter,
3164 5317 3260 5371 sed
3290 5317 3356 5397 ad
3389 5316 3659 5397 Sratanantn,

425 5390 644 5462 quando
677 5393 940 5448 illustrius
973 5395 1025 5447 in
1061 5395 1219 5448 terris
1244 5392 1436 5456 fuisse,
1467 5407 1628 5461 quam
1661 5409 1854 5448 nomen
1898 5390 1991 5447 Je-

429 5455 524 5516 sus
553 5472 692 5528 erat,
723 5465 849 5531 quia
880 5464 1028 5518 solus
1059 5463 1126 5528 is,
1154 5465 1242 5531 qui
1272 5479 1338 5517 eo
1369 5455 1588 5517 nomine
1613 5465 1932 5525 vocabatur,
1965 5463 1994 5514 6
2096 5455 2144 5521 si
2173 5466 2400 5530 erravit,
2431 5475 2581 5519 certe
2605 5479 2712 5518 non
2753 5455 2935 5526 solus,—
2950 5455 3206 5531 sedcqu
3238 5455 3424 5531 multis
3467 5464 3523 5531 et
3556 5471 3654 5531 tua:

424 5531 518 5606 τοῦ
560 5525 826 5606 Ἰωσεδέκ,
847 5525 1120 5606 sacerdos
1135 5525 1360 5606 niagnus
1386 5535 1716 5606 nominatur,
1761 5534 1996 5602 propbe-
2096 5538 2216 5606 guis
2246 5525 2563 5590 doctoribus
2592 5533 2681 5587 hic
2706 5525 2929 5606 erravit.
2954 5529 3175 5606 Antiqui
3201 5527 3346 5581 enim
3381 5525 3655 5606 ortbodos‘

430 5603 537 5655 tice
570 5603 622 5655 in
653 5617 718 5657 eo
745 5604 1028 5674 designato
1057 5603 1172 5666 illo,
1203 5599 1296 5674 q'ni
1327 5619 1450 5657 cum
1482 5604 1737 5658 indueret
1762 5599 1996 5674 carnem
2098 5599 2252 5660 inulti
2281 5609 2334 5658 in
2359 5606 2550 5674 eodem
2589 5601 2835 5674 cum__i||_o
2868 5614 3081 5674 errore,
3109 5599 3152 5652 si
3195 5610 3350 5674 error
3375 5603 3520 5674 erat,
3553 5608 3640 5647 ver

432 5679 696 5744 ῌΟεὲηῐη.
731 5662 955 5744 “laetius
981 5662 1198 5744 futurus
1222 5662 1389 5744 .apud
1421 5674 1609 5738 Deum,
1657 5674 1851 5744 angelo
1885 5673 1996 5728 (ἰθ-
2100 5679 2382 5729 sabantnr.
2423 5673 2658 5744 Hilarius
2689 5671 2971 5744 distinguit
2997 5669 3109 5744 hoc
3130 5666 3291 5744 modo
3321 5682 3334 5717 :
3384 5662 3539 5744 Vade
3563 5675 3660 5744 post

427 5738 594 5797 briele
625 5732 977 5801 internuntio.
1001 5732 1334 5815 designatur.
1359 5741 1475 5810 Quo
1516 5732 1668 5801 titulo
1701 5732 1769 5799 nc
1790 5742 2000 5812 Moyses
2103 5761 2203 5812 me,
2248 5746 2455 5812 Satan;
2507 5743 2634 5798 mihi
2663 5732 2915 5799 scandala
2946 5755 2998 5797 es
3031 5738 3245 5809 (Matth.
3295 5751 3408 5804 XVI,
3451 5732 3565 5805 9.3),
3595 5743 3650 5789 ut

2093 5397 2185 5466 qui
2223 5396 2272 5449 ei
2319 5384 2615 5449 consilium
2663 5384 2795 5446 illud
2819 5397 3210 5466 suggesserat,
3239 5386 3534 5466 referatur.
3566 5384 3655 5451 Qui
