3836 6216
168 297 281 354 755

1321 299 1603 357 CONTRA
1645 300 2070 358 MARCELLUM
2109 299 2242 357 LIB.
2280 301 2322 354 Ι.

3349 287 3455 351 πει

181 437 206 474 s
243 418 603 476 σκάνδαλον
651 415 714 475 εἷ
751 420 904 491 ἐμοί.
943 420 1056 491 (70)
1111 414 1282 486 Οὗτος
1343 424 1524 483 τοίνυν
1585 425 1783 478 ἐστὶνὸ

1907 446 1908 450 η
1955 423 2195 479 Ecclesia
2246 429 2458 487 nostra,
2494 419 2764 475 diabolum
2820 417 3461 490 increpavit,prophetia

182 531 203 566 s
247 515 430 585 ἱερεὺς
463 515 493 567 6
517 513 706 584 μέγας,
736 508 797 568 οῦ
827 513 996 568 τύπον
1030 515 1234 580 ἔσωζεν
1270 518 1299 571 6
1339 515 1638 588 τηνικαῦτα
1675 518 1778 590 Ἰη-

183 622 205 658 s
247 605 394 668 σοῦς.
432 607 506 658 Οὐ
539 601 742 677 γὰρῆν
773 606 998 661 δυνατὸν
1032 609 1238 663 ἐκεῖνον
1283 609 1459 681 μέγαν
1512 611 1775 682 κληθῆναι

182 713 204 749 s
251 696 404 768 ἱερέα
436 736 451 761 ,
503 695 680 750 καίτοι
737 696 949 764 ἔνδοξον
983 700 1040 752 ὲν
1092 701 1225 753 πᾶσι
1267 701 1560 769 γεγονότα,
1610 703 1778 755 Μωῢ-

183 803 206 838 s
243 786 384 848 σέως
425 785 500 856 μὴ
530 786 923 856 ὀνομασθέντος
957 789 1215 858 μεγάλου.
1247 789 1531 859 (71)Οῦτω
1546 791 1655 862 γὰρ
1682 789 1780 861 μέ-

183 894 208 930 (
243 893 349 946 γας
392 873 461 948 ἦν
486 877 749 946 Μωῦσῆς,
769 880 852 932 ὅτι
888 880 981 932 καὶ
1009 879 1264 950 Θεράπων
1294 882 1491 950 ἢκουσε
1513 879 1648 934 Θεοῦ
1683 881 1782 935 stati.

184 988 207 1021 ι
236 969 371 1033 Θεὸς
420 969 517 1022 τοῦ
558 969 759 1041 Φαραὼ
803 971 894 1024 ὑπ’
944 971 1110 1025 αὐτοῦ
1158 972 1250 1025 τοῦ
1295 971 1429 1025 Θεοῦ
1462 972 1776 1044 ὠνομάσθη.

187 1081 207 1113 s
249 1063 313 1115 Ei
345 1063 403 1116 δέ
443 1079 527 1125 τις
565 1061 708 1116 κατὰ
739 1062 896 1117 τοῦτο
943 1065 1116 1134 μέγαν
1149 1065 1397 1135 εἰρῆσθαι
1434 1064 1523 1117 τὸν
1570 1063 1780 1134 Ἰησοῦν

187 1173 206 1204 s
253 1154 486 1225 νομίζοι,
518 1157 600 1210 ὅτι
627 1156 790 1220 αὐτὸς
823 1155 1029 1228 ἠξιώθη
1072 1159 1385 1226 εἰσαγαγεῖν
1415 1157 1508 1210 τὸν
1539 1156 1668 1210 λαὸν
1699 1158 1780 1220 είς

187 1262 208 1293 s
251 1243 352 1314 τὴν
379 1244 540 1312 ἁγίαν
574 1246 678 1316 γῆν
711 1245 806 1298 καὶ
837 1245 1000 1318 ἕτερα
1030 1246 1201 1300 πολλὰ
1229 1246 1484 1318 θαύματα
1517 1247 1741 1317 ἐποίησε
1761 1263 1774 1278 ’

189 1354 210 1386 s
253 1334 448 1404 γνώτω
483 1338 579 1390 καὶ
605 1337 696 1391 διὰ
729 1336 907 1403 τοῦτο,
946 1339 1028 1391 ὅτι
1063 1338 1124 1391 οὐ
1161 1338 1240 1409 τῷ
1272 1338 1490 1408 τυπικῷ
1527 1337 1782 1392 τοσοῦτον

188 1446 209 1478 ‹
253 1427 470 1500 διέφερε
499 1431 787 1501 πράγματι
819 1431 881 1483 τὸ
912 1430 1100 1500 λεχθὲν
1147 1431 1376 1502 μέγεθος
1424 1431 1516 1483 ἐπὶ
1538 1430 1632 1483 τοῦ
1677 1431 1754 1483 ’I'n
1781 1465 1783 1468 ‹

190 1538 210 1570 s
255 1519 352 1573 σοῦ
373 1560 388 1583 ,
419 1520 554 1574 ἀλλὰ
580 1520 640 1574 τὸ
677 1521 872 1592 μικρὸν
907 1521 1134 1592 ὕστερον
1173 1522 1264 1575 τὸν
1297 1520 1489 1574 ἑαυτοῦ
1537 1521 1664 1573 λαὸν
1705 1537 1784 1584 εις

190 1627 213 1660 s
254 1609 356 1679 τὴν
396 1611 636 1682 μεγάλην
663 1612 868 1682 ταύτην
907 1614 1226 1682 εἰσαγαγεῖν
1271 1612 1626 1685 Ἰερουσαλὴμ
1659 1611 1786 1684 μέλ-

191 1719 212 1750 s
261 1699 397 1756 λειν.
450 1721 472 1754 s
536 1703 700 1774 Ὁρᾷς
733 1704 856 1756 ὅσον
913 1705 1183 1775 ἠγνόησεν
1224 1703 1630 1774 ἀποπλανηθεὶς
1680 1702 1783 1772 τῆς

1885 534 1903 568 ι
1949 511 2406 582 prredixitdieens
2431 511 2598 582 quod,
2624 510 2721 564 Abi
2763 511 2827 564 de
2866 521 2980 580 post
3021 526 3132 576 me,
3171 507 3340 564 Satan
3365 522 3463 562 :eo

1885 629 1904 661 ‹
1951 609 2089 680 quod
2138 606 2388 662 seandalo
2429 604 2556 659 mihi
2588 603 2660 657 sis
2688 604 2756 658 “.
2798 602 2897 658 Hie
2927 612 3010 657 est
3050 617 3181 674 ergo
3212 603 3465 660 sacerdos

1885 718 1906 752 ε
1951 700 2041 754 ille
2073 712 2322 769 magnus,
2360 695 2514 765 cujus
2545 705 2728 766 typum
2753 696 2974 764 gerebat
3003 696 3131 750 olim
3160 695 3250 752 ille
3287 695 3466 752 Iesus.

1886 810 1905 842 ι
1953 789 2141 861 Neque
2163 791 2307 844 enim
2339 804 2439 859 par
2464 797 2550 842 est
2591 788 2934 854 existimare,
2977 788 3129 843 illum
3166 788 3340 858 ipsum
3375 805 3466 859 ap-

1887 901 1905 935 s
1953 883 2210 952 pellatuin
2262 883 2598 937 sacerdotem
2647 896 2941 950 magnum,
2996 881 3124 936 licet
3169 891 3316 936 esset
3373 897 3468 952 per

1887 993 1906 1026 s
1951 976 2135 1028 omnia
2167 975 2461 1045 gloriosus,
2497 988 2619 1027 eum
2649 987 2717 1027 ne
2747 971 2958 1042 Moyses
2983 973 3201 1042 quidem
3243 987 3470 1043 magnus

1888 1087 1906 1118 s
1958 1068 2263 1125 nominetur
2299 1085 2312 1121 :
2348 1075 2404 1122 et
2429 1077 2609 1120 tamen
2645 1066 2720 1119 ita
2749 1078 2979 1133 magnus
3007 1075 3125 1119 erat
3152 1063 3385 1134 Moyses.
3411 1071 3472 1118 ut

1889 1176 1908 1210 ι
1952 1158 2046 1213 Dei
2077 1157 2312 1212 famulus
2357 1158 2731 1210 nominaretur
2755 1194 2770 1219 ,
2800 1163 2856 1209 et
2887 1154 3027 1208 Deus
3077 1154 3298 1225 insuper
3336 1151 3473 1208 Pha-

1892 1272 1910 1303 ς
1961 1249 2174 1314 raonis;
2205 1249 2366 1317 idque
2399 1247 2565 1302 etiam
2595 1262 2625 1301 a
2658 1248 2770 1302 Deo
2799 1247 2937 1315 ipso.
2975 1250 3032 1309 >14
3069 1244 3125 1299 Si
3163 1245 3285 1315 quis
3311 1259 3474 1315 porro

1890 1363 1908 1394 ι
1954 1341 2024 1396 ob
2057 1343 2109 1396 id
2136 1338 2323 1395 Iesum
2347 1355 2599 1411 magnum
2626 1340 2827 1394 dictmn
2875 1338 3193 1402 arbitretur,
3233 1339 3375 1408 quod
3403 1338 3476 1393 di-

1890 1452 1908 1472 ε
1954 1449 2094 1490 antis
2134 1432 2301 1487 fuerit
2339 1433 2579 1498 habitus,
2606 1431 2696 1499 qui
2732 1431 2985 1500 populum
3024 1430 3384 1486 introduceret
3420 1431 3478 1486 in

1889 1545 1910 1579 ι
1959 1539 2160 1581 terram
2196 1539 2416 1579 canaan
2438 1563 2453 1589 ,
2484 1532 2539 1579 et
2579 1522 2862 1576 miraculis
2889 1521 3209 1591 quibusdam
3244 1520 3366 1577 aliis
3393 1537 3479 1577 co-

1891 1637 1910 1670 ‹
1963 1629 2239 1684 ruscaret,
2287 1619 2331 1673 is
2375 1617 2642 1688 intelligat
2697 1625 2945 1686 oportet,
2994 1625 3477 1671 commemoratam

1892 1729 1912 1762 ι
1962 1712 2104 1765 iilam
2132 1708 2259 1764 Iesu
2301 1709 2752 1780 magnitudinem,
2788 1723 2894 1764 non
2936 1708 3071 1762 adeo
3110 1724 3208 1779 per
3241 1710 3476 1780 typicam

189 1791 458 1862 ίπορίας,
513 1770 612 1846 καὶ.
645 1770 737 1866 ’μὴ
787 1770 1036 1866 δυνηθεὶς
1073 1770 1384 1865 ’ἐπιστῆσαι
1429 1770 1509 1864 τῷ
1555 1794 1660 1847 ὑπὸ
1692 1770 1784 1846 τοῦ

1907 1820 1915 1852 l
1963 1799 2107 1853 ﬂiam
2167 1800 2437 1853 actionem
2504 1799 2812 1864 emicuisse,
2863 1807 3127 1866 quantum
3189 1809 3478 1868 propterea

186 1885 478 1955 προφήτου
527 1885 795 1958 Ζαχαρίου
841 1886 1136 1957 δηλωθέντι
1185 1886 1383 1957 Ἰησοῦ.
1445 1886 1502 1939 Ὀ
1538 1886 1638 1957 μὲν
1678 1885 1788 1957 γὰρ

184 1971 258 2046 ἦν
286 1976 403 2039 υἱὸς
440 1975 707 2042 Ἰωσεδὲκ,
741 1979 916 2048 φυλῆς
939 1979 1179 2032 Λευϊτῶν
1211 1979 1318 2032 ἀπὸ
1342 1979 1533 2046 γένους
1578 1976 1788 2048 ’Δαρὼν

185 2069 294 2140 τὴν
340 2069 753 2143 ἀρχιερωσύνην
795 2071 1220 2141 ἀναδεδεγμένος
1267 2071 1414 2140 (72)·
1463 2073 1591 2142 παρ’
1635 2070 1663 2122 ὃ
1695 2071 1790 2123 καὶ

183 2161 382 2234 μέγας
415 2162 606 2232 ἱερεὺς
638 2162 1025 2235 ἐχρημάτιζεν,
1061 2162 1251 2236 ὥσπερ
1291 2160 1384 2217 οὖν
1431 2165 1460 2216 6
1502 2163 1790 2235 προφήτης

183 2254 460 2320 διδάσκει,
502 2254 712 2325 λέγων’
757 2256 869 2309 Καὶ
915 2256 1110 2320 ἐδειξέ
1149 2275 1251 2326 μοι
1294 2257 1512 2325 Κύριος
1551 2253 1788 2323 Ἰησοῦν

188 2348 304 2401 τὸν
333 2347 492 2416 ἱερέα
523 2347 631 2401 τὸν
669 2346 880 2418 μέγαν.
927 2349 984 2402 '0
1007 2349 1063 2400 δὲ
1097 2347 1376 2411 Μωῦσέως
1401 2348 1644 2417 διάδοχος
1684 2347 1790 2415 Ἰη-

193 2437 349 2500 σοῦς,
389 2440 418 2491 6
457 2439 537 2501 είς
577 2437 672 2508 τὴν
709 2439 813 2509 γῆν
850 2439 951 2510 τῆς
992 2439 1324 2508 ἐπαγγελίας
1358 2440 1505 2508 ἄγων
1537 2439 1629 2491 τὸν
1661 2437 1790 2491 λαὸν

189 2528 292 2581 τοῦ
333 2529 562 2600 Κυρίου,
613 2531 708 2584 καὶ
754 2530 917 2602 ’ἐτερα
950 2531 1142 2595 πολλὰ,
1197 2533 1292 2584 καὶ
1337 2530 1630 2602 θαυμαστὰ
1666 2547 1788 2582 ποι-

193 2623 362 2692 ήσας,
386 2623 502 2688 υίὸς
525 2625 789 2693 ἐτύγχανε
811 2624 904 2677 τοῦ
924 2625 1102 2696 Ναυῆ,
1129 2625 1300 2695 φυλῆς
1322 2624 1378 2678 δὲ
1399 2625 1496 2695 τῆς
1527 2623 1787 2696 Ἐφραῒμ,

193 2716 352 2768 οὐδὲν
383 2715 562 2770 κοινὸν
597 2715 829 2787 ἐχούσης
865 2717 1002 2788 πρὸς
1030 2717 1354 2789 ἱερωσύνην.
1396 2717 1454 2770 '0
1487 2716 1668 2770 τοίνυν
1696 2733 1789 2769 το-

196 2807 393 2862 σοῦτον
434 2808 771 2878 ἀποσφαλεὶς
799 2809 900 2880 τῆς
945 2809 1236 2881 προχείρου
1274 2806 1506 2874 λέξεως,
1539 2807 1702 2879 ψιλήν
1731 2823 1793 2860 τε

193 2901 300 2973 τὴν
341 2901 583 2972 ἱστορίαν
627 2901 934 2972 ἀγνοήσας,
969 2900 1086 2965 πῶς
1133 2900 1200 2955 ἂν
1239 2901 1450 2970 γένοιτο
1493 2901 1794 2973 ἀξιόχρεως

279 3000 340 3058 »Β
384 2992 481 3047 Ed.
517 2993 695 3049 Paris.
724 3009 846 3064 pag.
881 2994 968 3048 Η.

280 3089 328 3122 ²⁶
357 3088 546 3144 Matth.
587 3105 700 3156 xvr,
746 3089 839 3145 25.

1896 1911 1914 1944 s
1960 1892 2103 1961 quod
2153 1906 2262 1946 non
2294 1891 2367 1945 ita
2402 1892 2491 1946 diu
2541 1899 2724 1960 postea
2753 1890 3008 1958 populum
3045 1906 3200 1945 suum
3240 1901 3356 1947 erat
3391 1892 3472 1945 in-

1894 1999 1918 2036 s
1961 1983 2333 2049 traducturus,
2370 1983 2424 2037 in
2474 1998 2726 2052 magnam
2773 1983 2915 2037 hanc
2963 1991 3204 2037 nostram
3259 1981 3478 2037 Jerusa-

1897 2094 1917 2127 s
1957 2075 2083 2131 lem.
2133 2095 2152 2127 ι
2211 2075 2374 2131 Vides
2443 2077 2564 2131 ideo
2613 2091 2774 2145 quam
2826 2075 3141 2130 immaniter
3181 2075 3395 2128 aberret
3428 2075 3481 2130 in

1893 2170 1993 2224 hac
2047 2168 2304 2233 historia,
2342 2168 2434 2235 qui
2484 2166 2668 2223 Iesum
2710 2167 2886 2233 illum,
2915 2183 3013 2237 per
3045 2167 3361 2236 prophetam
3386 2167 3485 2221 Za-

1887 2261 2130 2314 chariam
2183 2269 2708 2323 commemoratum,
2758 2275 2864 2314 non
2921 2257 3190 2313 intellexit
3227 2258 3349 2328 quis
3391 2265 3485 2312 aut

1887 2353 2064 2422 qualis
2087 2353 2264 2409 fuerat
2287 2391 2303 2407 .
2333 2353 2464 2408 Erat
2490 2363 2672 2408 autem
2716 2353 2930 2418 genitus
2963 2350 3227 2406 .losedeco
3249 2391 3263 2415 ,
3289 2352 3354 2404 de
3383 2349 3483 2404 tri-

1887 2443 1956 2497 bu
1988 2441 2256 2507 Levitica,
2295 2443 2363 2496 ab
2412 2442 2632 2496 Aarone
2675 2441 2937 2495 oriundus
2975 2456 3188 2496 summo
3224 2439 3483 2509 praeditus

1889 2532 2195 2587 Judze'orum
2222 2533 2541 2602 pontiﬁcatu
2567 2550 2579 2586 :
2601 2532 2862 2602 quocirca
2891 2551 2909 2585 ς
2937 2545 3162 2601 magnus
3183 2531 3438 2587 sacerdos
3460 2550 3482 2584 ι

1907 2622 2240 2677 nominatur.
2286 2622 2397 2677 Hoc
2444 2627 2604 2678 docet
2645 2624 2909 2692 propheta
2983 2622 3203 2677 disertis
3253 2622 3484 2677 verbis:

1899 2711 1968 2766 Et
1987 2715 2213 2770 ostendit
2235 2717 2363 2769 mihi
2384 2715 2641 2771 Dominus
2663 2715 2844 2769 Iesum
2866 2716 3190 2770 sacerdotem
3214 2732 3484 2786 magnum.

1898 2803 2104 2877 Moysis
2138 2822 2302 2877 Porro
2329 2821 2614 2862 successor
2647 2805 2737 2861 ille
2761 2804 2944 2872 Jesus,
2967 2808 3059 2876 qui
3095 2807 3190 2861 Dei
3224 2805 3482 2876 pepulum

1901 2901 1956 2956 in
1988 2911 2189 2956 terram
2213 2900 2595 2972 promissionis
2621 2899 2944 2967 introduxit,
2977 2908 3033 2956 et
3083 2899 3270 2955 multis
3314 2899 3487 2955 incla-

203 3274 343 3330 eode
366 3283 479 3339 post
501 3289 605 3336 me,
637 3275 702 3326 ad
727 3271 949 3326 Petrum
983 3273 1256 3334 dicantur,
1307 3272 1509 3341 reliqua
1553 3287 1685 3327 vero
1731 3272 1796 3326 ad
1824 3275 1867 3335 C
1902 3270 2056 3340 (ibid.
2089 3267 2146 3340 5)
2174 3309 2189 3334 ,
2217 3263 2414 3341 hoc'est
2433 3264 2668 3341 quandiu
2690 3262 2937 3341 portabat
2966 3277 3180 3341 peccata
3206 3270 3405 3341 nostra,
3430 3263 3488 3341 in

208 3343 487 3400 diabolum
512 3343 831 3412 separatim,
868 3358 898 3396 a
922 3359 1026 3412 qua
1057 3344 1352 3408 sententia,
1380 3343 1643 3412 Origenes
1676 3358 1798 3396 cum

211 3411 692 3483 Hieronymo,non
713 3411 960 3483 fortassis
979 3415 1333 3468 abhorruere.
1354 3415 1398 3466 Μ
1422 3444 1491 3453 -
1505 3413 1625 3483 Mox
1648 3412 1806 3481 vulgo

210 3484 353 3554 ὁμοῦ
377 3482 434 3535 δὲ
457 3483 525 3536 τὰ
555 3501 607 3554 τ.
648 3483 777 3536 Dein
800 3482 943 3554 ﬁdele
985 3484 1059 3554 δέ
1083 3499 1236 3554 eum”
1258 3484 1417 3554 codd.
1472 3482 1618 3536 Infra
1647 3482 1807 3551 vulgo

210 3545 412 3626 ΜιπιρίᾳΔ
438 3553 572 3626 φησί
602 3571 660 3624 μ.
679 3571 736 3626 φ.
760 3553 1017 3626 Μαριάμ.
1043 3545 1171 3606 Dein
1199 3552 1557 3626 Eleﬁs,_eodd.
1588 3562 1642 3606 et
1675 3545 1806 3607 mss.

213 3623 339 3682 sum
364 3623 533 3693 ἔδειξε
565 3634 620 3678 et.
663 3623 894 3689 denique
934 3624 1092 3693 vulgo
1113 3640 1349 3692 προφητ.
1376 3624 1571 3692 λέγων.

294 3695 423 3778 (70)-
442 3691 631 3778 Οὗτος
651 3693 860 3778 τοίνυν
889 3691 1065 3778 ἐστίν·
1094 3697 1127 3748 ὁ
1159 3691 1676 3778 lepedc._§atislhic
1709 3705 1808 3778 es:

215 3763 429 3838 pressit
473 3775 707 3838 mentem
743 3777 894 3838 suam
928 3765 1110 3838 _b_isce
1160 3765 1320 3838 dictis
1383 3763 1690 3838 Marcellus,
1749 3776 1808 3838 se

222 3831 332 3890 non
367 3837 578 3904 cepisse
629 3835 731 3888 hoc
778 3832 1096 3904 vaticinium
1147 3834 1212 3888 de
1245 3832 1375 3888 Iesu
1417 3833 1638 3888 Christo
1663 3831 1807 3886 κατὰ

219 3903 481 3979 γράμμα,
502 3913 570 3979 _et
599 3905 798 3958 σκοπὸν
817 3903 1065 3979 πρῶτον,
1118 3904 1210 3958 sed
1245 3907 1424 3979 typico
1471 3913 1699 3979 tan_tum_.
1719 3911 1805 3979 _et

221 3972 554 4032 secundario
584 3990 770 4030 sensu.
808 3972 1093 4040 Quomodo
1119 3972 1429 4041 exponebat
1455 3982 1510 4026 et
1536 3972 1802 4027 Eusebius

224 4049 366 4114 ipse,
420 4047 566 4100 nullo
607 4047 847 4112 percitus
881 4053 1062 4114 oestro
1106 4043 1575 4114 contradictionis,
1627 4043 1680 4096 in
1752 4057 1804 4096 tv

235 4112 444 4170 Ἇποδ.
475 4131 583 4170 non
619 4119 775 4184 longe
811 4129 839 4166 a
871 4112 999 4184 ﬁne.
1025 4112 1156 4184 Qua:
1189 4113 1804 4184 interpretationneqne

224 4196 434 4256 potest.
464 4199 642 4253 neque
674 4181 839 4256 debet
868 4181 1068 4256 refelli.
1101 4181 1392 4249 Nimirum,
1417 4199 1538 4238 cum
1557 4183 1662 4256 illis
1689 4198 1807 4236 om-

227 4253 322 4312 hia
352 4256 735 4325 contingerent
793 4253 848 4307 in
882 4253 1094 4325 _figura,
1125 4264 1332 4325 eertum
1380 4263 1486 4319 est,
1519 4253 1661 4323 quod
1685 4266 1807 4321 qua

225 4323 830 4391 secundum'litteram,
864 4323 932 4395 de
957 4324 1463 4395 typoidicebantur;
1509 4326 1809 4395 secundum

225 4397 525 4467 mysticum
593 4409 837 4460 sensum,
893 4393 1329 4467 de_'_subs_tantia
1379 4393 1807 4467 _usurpabantur.

225 4461 556 4544 Quanquam
586 4467 916 4544 concedatur
950 4461 1290 4529 Marcellum,
1319 4465 1484 4519 etiam
1515 4463 1809 4544 secundum
1843 4489 1888 4544 ι)

227 4533 472 4591 litteram
507 4537 622 4590 haac
647 4534 713 4588 de
747 4533 972 4589 Christo
1004 4549 1298 4601 usurpasse
1331 4557 1342 4588 :
1386 4551 1490 4588 non
1520 4543 1640 4588 erat
1687 4533 1808 4588 ideo

229 4605 528 4676 imperitiae
568 4603 948 4674 postulandus.
978 4603 1378 4676 ~'l‘ertt_Ill_ianus,
1422 4605 1507 4676 vir
1541 4618 1663 4676 cum
1706 4603 1811 4658 Eu-

230 4672 390 4731 sebio
414 4672 604 4730 saltem
651 4674 1080 4745 componendus,
1125 4672 1216 4727 διὰ
1265 4675 1364 4745 τὴν
1415 4672 1809 4745 πολυμάθειαν,

230 4747 340 4802 hoc
386 4746 460 4799 ita
495 4747 660 4800 habet
709 4741 901 4798 contra
939 4741 1156 4799 Iudaeos
1198 4761 1212 4797 :
1244 4741 1356 4798 Nec
1384 4741 1620 4812 poteritis
1656 4743 1810 4797 illum
1849 4800 1857 4810 ,

227 4814 480 4871 Iosedeci
495 4815 664 4884 ﬁlium
688 4817 878 4877 dicere,
896 4816 984 4884 qui
1009 4813 1154 4867 nulla
1178 4816 1390 4868 omnino
1415 4823 1548 4868 reste
1569 4816 1808 4877 sordida,

231 4886 327 4941 sed
358 4902 561 4954 semper
578 4885 890 4940 sacerdotali
933 4884 1037 4952 fuit
1082 4895 1386 4954 exornatus.
1426 4884 1536 4938 Nec
1569 4900 1810 4954 unquam

231 4953 556 5010 sacerdotali
583 4971 798 5010 munere
825 4955 1059 5018 privatus
1095 4970 1113 5008 :
1141 4955 1230 5008 sed
1263 4953 1418 5009 Iesus
1445 4965 1519 5008 est
1546 4953 1807 5019 Christus,

237 5026 336 5080 Dei
370 5023 552 5078 Patris
577 5027 766 5079 summi
799 5023 1081 5085 Sacerdos,
1120 5033 1252 5090 etc.;
1283 5041 1405 5078 cum
1437 5040 1503 5079 eo
1534 5025 1812 5079 consentit

233 5095 491 5152 Lactant.
519 5096 617 5149 lib.
649 5111 723 5160 tv,
758 5109 880 5163 cap.
930 5094 1019 5157 M,
1049 5104 1103 5148 et
1135 5094 1450 5165 Hieronym.
1496 5095 1717 5163 epistola
1753 5095 1805 5151 8.

235 5166 338 5221 Ille
373 5167 592 5234 quidem
626 5165 1120 5228 aliorumidiversas
1153 5165 1238 5218 hic
1267 5166 1563 5218 sententias
1604 5174 1657 5218 et
1695 5167 1811 5234 epi-

233 5239 433 5292 ninnes
465 5237 678 5302 recitat,
730 5235 1094 5305 Hieronymus
1157 5235 1370 5288 videtur
1417 5235 1722 5289 Marcellum
1756 5237 1806 5288 in

236 5307 425 5359 animo
452 5305 729 5361 habuisse.
779 5304 980 5359 Scribit
1030 5304 1278 5359 Lactant.
1328 5305 1436 5359 Sed
1482 5305 1565 5358 illi
1600 5323 1804 5371 rursus,

234 5377 418 5445 eodem
451 5377 606 5445 ηιυάο
634 5375 758 5445 falsi
779 5375 1078 5444 deceptique
1111 5385 1231 5428 sunt
1259 5391 1278 5429 :
1304 5385 1542 5445 putantes
1588 5375 1699 5429 hwc
1744 5376 1808 5428 de

235 5444 367 5498 Iesu
391 5445 503 5510 [ilio
522 5444 671 5498 Nave
692 5446 955 5514 dicta,qui
982 5461 1246 5499 successor
1269 5444 1370 5513 fuit
1393 5445 1566 5514 Moysi
1589 5462 1607 5499 :
1629 5455 1719 5498 aut
1743 5447 1807 5499 de

236 5463 367 5498 Iesu
391 5463 503 5510 pno
522 5463 671 5498 nave
692 5463 855 5506 arcta,
906 5463 955 5497 us
982 5463 1246 5499 successor
1269 5463 1370 5513 [uu
1393 5463 1441 5498 tu
1453 5463 1565 5514 ayss
1589 5463 1607 5499 :
1629 5463 1718 5498 aut
1743 5463 1805 5499 ae

236 5515 517 5569 sacerdote
549 5514 699 5582 Iesu,
729 5515 841 5583 ﬁlio
866 5463 1128 5580 Iosedeci,
1156 5517 1210 5586 in
1240 5533 1366 5580 quos
1392 5516 1524 5569 nihil
1569 5525 1805 5586 congruit

237 5600 425 5637 eorum
452 5601 567 5654 quoe
584 5587 834 5654 praplteta
857 5589 1111 5640 narravit.
1141 5585 1246 5640 Sed
1269 5587 1321 5638 in
1344 5586 1440 5638 hoc
1470 5585 1808 5639 consideran-

240 5662 393 5718 dum,
430 5652 548 5719 «πη
585 5652 928 5721 ίιίοιρηιρονε
966 5657 1137 5709 stabat
1183 5672 1212 5707 α
1245 5656 1442 5708 dextris
1487 5655 1716 5717 Domini,
1749 5666 1804 5708 ut

242 5725 616 5795 adversaretur
632 5724 680 5776 ei
710 5721 960 5795 (ZaAcltar.
1003 5741 1087 5787 Ill,
1120 5725 1236 5795 1).»
1278 5726 1344 5779 Ει
1384 5726 1572 5779 beatus
1612 5726 1804 5787 lliero-

243 5808 440 5864 nymus
471 5810 490 5855 :
521 5792 748 5861 Quando
783 5793 938 5852 Iesus
987 5792 1206 5854 habebat
1242 5796 1459 5856 sordida
1506 5797 1805 5852 uestimenta

1909 3331 2138 3410 peccatis
2160 3331 2793 3410 i'nost‘ris_adpersatur_
2960 3333 3223 3410 diabolus.
3259 3331 3489 3410 Quando

1910 3401 2085 3464 autem
2113 3409 2264 3472 dicit,
2294 3407 2347 3459 in
2388 3404 2674 3464 Zacharia,
2701 3423 2718 3455 ι
2751 3401 2961 3466 Tollite,
2993 3403 3162 3472 tollite
3177 3403 3488 3472 vestimenta

1913 3481 2061 3552 (ibid.
2085 3479 2138 3549 4)
2164 3493 2220 3552 δέ
2249 3471 2295 3530 et
2322 3476 2588 3552 continuo,
2619 3493 2636 3524 ι
2669 3475 2792 3552 dicit
2821 3472 3070 3552 Iesusad
3088 3471 3376 3552 diabolum.
3405 3473 3490 3552 in-

1915 3541 2083 3618 crepet
2111 3541 2158 3603 te
2185 3547 2461 3618 Dominus,
2500 3563 2518 3596 ι
2543 3553 2649 3618 etc.
2674 3543 2821 3618 Idem
2850 3542 3200 3618 doctissimus
3225 3541 3408 3608 Pater,
3432 3543 3487 3597 in

1916 3613 2336 3675 Commentariis
2360 3619 2425 3668 ad
2450 3614 2726 3684 prophetae
2755 3613 3267 3684 locum,insinnat,
3301 3622 3490 3680 aperte

1915 3703 2258 3746 communem
2287 3683 2462 3740 fuisse
2491 3683 2930 3738 Christianorum
2958 3683 3262 3746 doctorum,
3298 3691 3490 3737 contra

1913 3759 2128 3815 Iudaeos
2153 3757 2462 3826 opinionem
2499 3753 2567 3826 de
2603 3753 2730 3826 Iesu
2767 3752 3152 3826 Cl_trist_o,‘non
3185 3762 3366 3826 autem
3393 3751 3486 3806 Je-

1909 3845 1971 3884 su
2028 3822 2306 3892 Iosedeci,
2377 3826 2479 3880 hoc
2545 3823 2598 3878 in
2652 3824 2770 3878 loco
2822 3822 3032 3878 institui
3081 3823 3486 3876 tractationem.

1912 3899 2103 3955 Nostri
2136 3907 2332 3957 autem.
2364 3896 2558 3964 inquit,
2593 3894 2668 3947 ita
2699 3895 2985 3964 disserunt,
3030 3893 3354 3946 sacerdotem
3379 3910 3491 3948 esse

1907 3986 2178 4041 magnum,
2207 3969 2275 4021 ad
2293 3963 2452 4041 quem,
2468 3967 2614 4041 dicit.
2640 3963 2847 4041 s_Tu‘es
2869 3964 3188 4041 sacerdosin
3213 3972 3488 4041 a'ternum,

1908 4032 2197 4096 secundum
2232 4032 2465 4091 ordinem
2498 4034 2863 4089 Melchisedec.
2911 4035 3088 4102 (Psal.
3119 4049 3230 4098 cut,
3255 4032 3333 4104 4).
3365 4032 3490 4087 Non

1916 4123 2092 4166 autem
2131 4123 2241 4164 esse
2283 4105 2488 4170 Iesum,
2526 4105 2702 4174 ﬁlium
2747 4104 2973 4159 Iosedec
3017 4117 3275 4158 conantur
3315 4114 3490 4157 osten-

1912 4182 2056 4250 dere,
2084 4179 2224 4250 quod
2243 4193 2346 4250 non
2367 4177 2432 4230 sit
2455 4176 2756 4250 appositum
2893 4176 3151 4250 praesenti
3185 4174 3325 4250 loco,
3347 4174 3493 4250 filius

1913 4244 2134 4305 Iosedéc
2165 4264 2182 4302 :
2209 4249 2300 4318 qui
2329 4247 2383 4299 in
2415 4248 2536 4300 aliis
2565 4244 2720 4318 locis,
2748 4247 2837 4298 ubi
2881 4263 2996 4301 uere
3023 4246 3096 4318 de
3118 4245 3245 4299 Iesu
3269 4245 3490 4309 dicitur,

1959 4321 2029 4376 lio
2050 4315 2294 4384 Iosedec,
2333 4332 2534 4382 semper
2561 4315 2624 4368 de
2667 4319 2835 4386 patris
2859 4317 3167 4386 cognomine
3191 4325 3486 4386 censeatur.

1945 4403 2132 4462 taque,
2160 4390 2376 4462 quidni_
2409 4385 2698 4462 Marcellus
2738 4387 2812 4440 ita
2850 4385 3156 4462 capiendus
3203 4385 3484 4462 sit,_qu_asi

1924 4452 2036 4516 neti
2097 4452 2311 4516 loc-ntus
2354 4458 2542 4518 fuerit,
2576 4471 2740 4513 sensu
2781 4452 2980 4524 primo,
3023 4457 3114 4510 sed
3162 4464 3221 4508 ut
3258 4452 3356 4508 illi
3385 4452 3491 4509 Pa-

1921 4541 2053 4597 tres,
2084 4541 2141 4586 et
2171 4529 2260 4582 alii
2296 4538 2495 4598 praeter
2524 4526 2779 4598 istos,,de
2811 4528 3008 4594 quibus
3039 4525 3242 4598 videsis
3266 4524 3492 4598 _doctisj

1912 4594 2110 4657 simum
2161 4594 2443 4668 Bibe-ram.
2492 4596 2635 4652 κατὰ
2685 4595 2939 4668 δεύτερον
2995 4595 3227 4668 σκοπόν,
3264 4594 3318 4649 id
3340 4595 3494 4668 quod

1911 4673 2119 4728 indicat
2143 4671 2258 4738 ipse
2279 4665 2340 4724 οῦ
2372 4668 2541 4722 τύπον
2565 4666 2769 4730 ἔσωζεν
2814 4665 3176 4738 6Vrnwxat'rsa
3192 4665 3418 4738 Ἰησοῦς.
3446 4665 3497 4719 Μ

2003 4741 2093 4810 71)
2129 4735 2295 4795 Ο-ὕπω
2338 4741 2416 4804 R;
2451 4755 2574 4810 mox
2603 4737 2711 4810 τοῦ
2748 4735 3079 4810 ἀεΙθνίίιηιρ
3119 4735 3290 4810 Θεοῦς
3334 4751 3498 4810 porro

1911 4806 2266 4868 coddfati'roﬁ
2297 4812 2390 4866 τοῦ
2423 4809 2558 4863 Θεοῦ
2584 4809 2752 4879 ὠνομ.
2789 4819 2880 4860 aut
2905 4808 3073 4862 αὑτοῦ
3111 4808 3306 4879 ὠνομ.,
3334 4806 3497 4879 vulgo

1909 4884 2076 4938 αὐτοῦ
2102 4882 2236 4936 Θεοῦ
2252 4883 2425 4954 ὠνομ.
2447 4877 2760 4954 lli.-Porro
2776 4879 2852 4950 τῷ
2869 4879 2918 4931 λ.
2939 4879 3056 4954 loco
3075 4878 3232 4954 to},
3257 4877 3346 4945 qui
3371 4879 3496 4954 dein

1914 4955 2128 5077 μέλλειν
2161 4953 2239 5009 vel
2275 4946 2520 5026 μέλλοντι
2553 4946 3012 5018 εοη]ἰοὶι,ἐοὰ(1.
3065 4948 3278 5021 μέλλον,
3335 4946 3498 5018 vulgo

1914 5041 2013 5077 με).
2046 5044 2140 5077 ων.

1955 5026 2140 5079 ἐλλων.

1913 5043 2264 5168 “(Why
2295 5095 2326 5149 δ
2361 5095 2457 5149 καὶ
2486 5091 2926 5168 μέγᾳςςιερετύς.
2971 5089 3086 5168 Non
3121 5097 3204 5143 est
3237 5087 3326 5142 hic
3349 5086 3493 5168 titu-

1911 5156 1999 5220 lus
2031 5156 2168 5220 adeo
2200 5156 2460 5234 frequens
2486 5156 2543 5220 in
2572 5156 3033 5234 'Scriplnrisised
3077 5174 3322 5234 summus
3349 5156 3496 5234 Pon—

1913 5236 2045 5291 tifex
2085 5229 2339 5306 appellari
2377 5237 2513 5290 solet
2546 5229 2863 5306 ἀρχιερεύς.
2903 5229 3257 5306 Solus,“un
3301 5229 3493 5306 memi-

1916 5299 2323 5372 nerimfiﬂlias
2359 5299 2764 5375 pomiferi-qut
2826 5301 3034 5356 invenit
3085 5301 3280 5355 librum
3331 5299 3489 5368 legis,

1911 5376 2074 5432 Iesus
2114 5377 2275 5431 istius
2307 5379 2536 5438 abavus,
2595 5376 2667 5429 ita
2718 5383 3010 5440 usurpatur
3038 5389 3052 5424 :
3077 5381 3133 5424 et
3180 5379 3306 5423 ante
3341 5385 3488 5432 enin,

1909 5445 2171 5501 Ieboiada
2202 5463 2216 5499 :
2247 5449 2338 5515 qui
2370 5457 2549 5500 tamen
2585 5461 2692 5515 non
2717 5454 2837 5498 erat
2876 5441 3144 5515 pontifex,
3176 5451 3266 5515 aut
3299 5454 3488 5515 sacer—

1908 5517 2096 5572 dotum
2132 5507 2396 5572 summus.
2441 5517 2507 5570 Et
2553 5517 2606 5570 in
2658 5507 2924 5568 Zacharia
2959 5511 3172 5580 legitur,
3204 5510 3296 5582 τὸν
3337 5507 3492 5582 ἱερέα

1905 5587 1997 5660 τὸν
2024 5588 2218 5660 μέγαν,
2254 5587 2409 5656 quasi
2440 5603 2547 5660 non
2573 5595 2722 5641 esset
2749 5583 3054 5660 con'tniunis
3079 5581 3322 5660 ottmium
3350 5581 3488 5660 pon-

1921 5648 2127 5713 tilieuni
2167 5648 2355 5714 titulus
2383 5658 2515 5713 :sed
2567 5655 2841 5710 nonnullis
2905 5652 3290 5709 illustrioribus
3330 5648 3494 5709 altri-

1906 5727 2090 5787 butus.
2133 5729 2204 5784 Μ.
2239 5761 2308 5771 -
2343 5729 2464 5786 Mox
2496 5727 2656 5798 vulgo
2690 5723 3075 5802 ἐχρημάτισεν.
