3836 6216
410 295 515 349 ’155

1090 294 1363 353 EUSEBII
1404 296 1882 355 CAESARIENSIS
1921 298 2074 356 OPP.
2115 298 2297 354 PARS
2333 298 2424 354 ιν.
2462 328 2534 344 --
2569 294 3015 357 DOGMATICA.“

3586 296 3695 352 756

410 410 520 463 ruit
566 410 862 478 miraculis,
893 420 1013 466 erat
1060 412 1202 469 illius
1248 412 1417 478 Nave,
1445 417 1512 470 de
1538 416 1681 471 tribu
1711 416 1988 486 Ephraim,

2110 416 2234 489 πρὸς
2267 417 2619 473 διδασκαλίαν
2649 420 2753 490 τῆς
2790 419 3050 475 ἀνωτάτω
3096 415 3410 484 θεολογίαςς
3445 414 3565 468 Καὶ
3603 400 3695 468 ἐπὶ

414 514 534 568 qnae
569 501 742 557 tribus
771 517 893 557 cum
950 504 1254 560 sacerdotio
1291 506 1426 560 nihil
1467 506 1657 561 habuit
1682 521 1994 563 commune.

414 590 705 656 Quocirca,
744 594 836 660 qui
891 591 942 647 in
994 607 1129 649 voce
1162 602 1270 648 tam
1300 595 1472 649 cuivis
1504 596 1663 651 obvia
1698 597 1994 661 aberravit,

412 689 470 736 et
496 682 694 741 nudam
725 683 997 753 ignoravit
1035 685 1290 741 Historiae
1334 687 1557 753 seriem,
1605 705 1711 744 non
1752 700 1927 758 potest
1947 690 1997 744 ei

415 779 532 827 tuto
575 775 711 829 satis
749 774 882 829 lides
916 775 1165 831 adhiberi
1206 776 1258 830 in
1285 778 1445 833 rebus
1474 778 1815 850 theologicis,
1843 789 1898 834 et
1917 780 2001 834 di-

413 862 594 917 vinam
618 865 1050 935 pertingentibus
1074 869 1462 936 cognitionem.
1506 870 1777 927 Debemus
1816 880 1996 926 autem

414 964 471 1009 et
499 955 550 1009 in
585 956 747 1011 Petro
788 959 1041 1014 insistere
1065 1000 1080 1026 ,
1116 961 1573 1029 quemadmodum
1622 963 1688 1017 ad
1723 962 1872 1018 illum
1916 963 2001 1019 di-

415 1056 564 1100 ctum
589 1047 682 1113 sit,
717 1047 863 1103 Vade.
880 1062 993 1116 post
1017 1068 1129 1117 me,
1161 1067 1392 1121 quaeque
1418 1054 1656 1110 nominis
1686 1055 1853 1122 illius,
1890 1056 1999 1112 Sa-

418 1147 581 1203 tame,
626 1140 701 1196 sit
730 1140 1129 1212 interpretatio.
1175 1144 1405 1213 Propter
1452 1146 1583 1215 quid
1620 1148 1786 1202 etiam
1818 1147 1886 1204 de
1911 1147 2002 1203 illo

420 1229 619 1285 dictum
646 1230 737 1297 sit,
765 1232 1014 1287 scandala
1046 1233 1179 1289 mihi
1213 1251 1268 1290 es
1295 1243 1347 1289 et
1373 1236 1670 1305 oﬂ'ensiom'.
1694 1236 1761 1292 Et
1784 1246 2002 1308 propter

420 1336 585 1391 quam
631 1325 839 1378 tandem
874 1324 1139 1379 rationem
1186 1325 1298 1391 ﬁat,
1335 1336 1394 1380 ut
1430 1326 1533 1381 sub
1559 1343 1666 1382 uno
1702 1336 1757 1383 et
1811 1326 2000 1383 eodem

420 1419 663 1480 tempore
692 1415 783 1468 uni
826 1423 881 1468 et
907 1414 1081 1468 eidem
1120 1415 1355 1479 dicatur,
1377 1415 1572 1471 Beatus
1604 1432 1658 1470 es
1699 1426 1780 1482 tu,
1816 1415 2001 1472 Simon

419 1499 694 1573 Barjona;
723 1513 800 1571 et,
829 1505 967 1561 Vade
984 1514 1114 1576 "post
1146 1524 1250 1572 me,
1270 1506 1472 1562 Sataua
1494 1508 1560 1562 ".
1583 1508 1719 1577 Quid
1733 1509 2005 1580 signiﬁcet

420 1593 574 1659 illttd,
611 1594 757 1651 Vade
790 1607 902 1667 post
933 1613 1038 1665 me,
1085 1608 1142 1654 et
1175 1601 1319 1669 quod
1363 1600 1547 1655 statim
1590 1603 1868 1673 subjunxit
1892 1613 1948 1659 et
1970 1618 2001 1659 e

420 1688 652 1760 vestigio
684 1689 964 1759 Servator,
1002 1692 1066 1746 Si
1097 1693 1215 1762 quis
1264 1693 1383 1746 velit
1415 1704 1528 1763 post
1560 1710 1641 1747 me
1679 1695 1875 1758 venire,
1905 1695 2000 1748 ab-

2096 508 2191 563 τοῦ
2232 508 2440 580 Πέτρου
2489 509 2547 564 δὲ
2577 509 2840 574 ὡσαύτως
2896 508 3189 578 ἐπιστῆσαι
3241 507 3361 561 δέον
3403 507 3488 570 τὸ,
3542 505 3699 568 ὅπως

2098 599 2289 671 ἐλέχθη
2322 601 2459 672 πρὸς
2489 601 2650 656 αὐτὸν
2681 602 2764 665 τὸ,
2804 602 3037 671 ’Υπαγε
3068 600 3263 654 ὀπίσω
3285 614 3435 669 μου·
3473 597 3577 651 καὶ
3611 595 3697 658 τίς

2098 692 2132 762 ἡ
2171 690 2264 745 τοῦ
2313 690 2549 748 Σατανᾶ
2594 692 2858 765 ὀνόματος
2903 690 3199 764 ἑρμηνείαο
3229 690 3319 744 διὰ
3358 690 3413 743 τί
3455 687 3548 751 δὲ,
3598 692 3696 740 καὶ

2100 782 2394 838 σκάνδαλον
2426 785 2590 839 αὐτὸν
2622 781 2777 840 εἶπεν
2792 802 2807 816 ο
2844 784 2963 849 πῶς
3005 783 3063 837 δὲ
3103 783 3288 854 σχεδὸν
3337 781 3430 851 ὑφ’
3463 781 3570 834 ἕνα
3599 779 3696 833 καὶ

2098 873 2190 928 τὸν
2239 876 2402 931 αὑτὸν
2460 877 2650 949 καιρὸν
2698 877 2797 931 καλ⁸
2851 876 2915 931 τὸ
2932 916 2948 943 ,
3008 874 3310 943 Μακάριος
3357 874 3433 937 εἶ,
3489 872 3697 942 Σίμων

2097 969 2389 1037 Βαριωνᾶ,
2432 970 2570 1042 πρὸς
2637 970 2799 1024 αὑτὸν
2863 969 3081 1039 ἐλέγετο
3148 968 3243 1023 καὶ
3302 966 3393 1020 τό·
3454 967 3695 1035 Ὕπαγε

2100 1059 2293 1112 ὀπίσω
2317 1077 2459 1129 μου,
2486 1059 2744 1126 Σατανᾶ,
2780 1061 2874 1114 καὶ
2908 1061 2994 1125 τίς
3038 1061 3072 1131 ή
3113 1059 3318 1114 διάνοια
3356 1056 3465 1112 τοῦ
3495 1058 3697 1110 ὀπίσω

2102 1149 2458 1215 πορεύεσθαι
2490 1150 2627 1222 (75),
2671 1149 2765 1204 τοῦ
2805 1151 3055 1222 Σωτῆρος
3085 1150 3153 1222 ἢν
3183 1149 3336 1221 παρὰ
3377 1148 3550 1211 πόδας
3595 1148 3696 1200 αὖ.

2099 1238 2192 1303 τὸς
2219 1239 2513 1313 διεσάφησε
2547 1244 2786 1314 συνάψας
2815 1241 2941 1314 ἑξῆς
2969 1243 3053 1307 τὺ,
3086 1242 3162 1297 Εἴ
3197 1258 3288 1307 τις
3312 1238 3473 1295 θέλει
3493 1240 3696 1324 ὀπίσω

2093 1350 2215 1404 μου
2242 1334 2444 1389 ἐλθεῖν
2470 1335 2922 1404 ἀπαρνησάσθω
2942 1334 3161 1389 ἑαυτὸν
3178 1372 3194 1397 ,
3226 1332 3329 1387 καὶ
3358 1330 3559 1399 ἀράτω
3584 1329 3697 1384 τὸν

2100 1424 2369 1495 σταυρὸν
2404 1426 2612 1491 αὑτοῦ,
2661 1426 2763 1481 καὶ
2809 1425 3208 1481 ἀκολουθείτω
3239 1440 3370 1493 μοι’
3416 1423 3448 1475 ὃ
3494 1420 3565 1493 δὴ
3599 1422 3696 1474 καὶ

2101 1514 2249 1589 ἔργῳ
2282 1517 2612 1590 διεπράξατο
2658 1519 2853 1591 μικρὸν
2889 1517 3115 1588 ὕστερον
3165 1515 3326 1579 αὐτὸς
3373 1515 3401 1567 ὁ
3444 1513 3694 1584 Πέτρος,

2104 1610 2386 1681 μαρτυρίῳ
2433 1609 2758 1674 τελειωθείς.
2823 1608 2985 1664 Ἀλλὰ
3035 1609 3128 1663 καὶ
3165 1606 3495 1677 ἐπιζητῆσαι
3545 1605 3693 1669 δέον,

2101 1700 2195 1752 ἐπὶ
2247 1702 2422 1765 ποίοις
2472 1702 2569 1773 μὲν
2623 1702 2787 1757 αὑτὸν
2836 1700 3194 1773 ὲμακάρισεν,
3253 1701 3347 1753 ἐπὶ
3404 1697 3587 1761 ποίοις
3635 1696 3695 1750 δὲ

419 1790 568 1849 neget
605 1792 761 1836 semet
791 1783 985 1851 ipsum,
1024 1783 1235 1839 attollat
1265 1801 1416 1838 suam
1449 1802 1676 1849 crucem,
1710 1795 1757 1839 et
1808 1787 1882 1839 sic
1919 1802 2002 1840 se-

2110 1792 2254 1864 αὐτῷ
2301 1770 2638 1863 ἐπέπλήξεη
2681 1794 2739 1848 '0
2777 1770 2883 1857 δὲ(
2907 1770 3095 1863 μηδενὶ
3142 1790 3349 1845 τούτων
3380 1805 3694 1862 προσεσχη-

419 1880 617 1939 quatur
644 1888 725 1925 me
746 1872 813 1924 ³⁸.
847 1872 1001 1939 Quod
1042 1873 1220 1943 reipsa
1258 1872 1572 1944 adimplevit
1602 1875 1744 1930 idem
1778 1875 1867 1929 ille
1904 1874 2003 1931 Pe-

419 1969 560 2027 trus,
591 1978 712 2016 cum
767 1964 1023 2035 deinceps
1065 1964 1331 2036 martyrio
1371 1974 1869 2023 consummaretur.
1896 1965 2004 2021 Sed

419 2049 832 2118 disquirendum
886 2063 968 2109 est
1010 2056 1257 2121 omnino,
1299 2073 1414 2116 cur.
1450 2072 1572 2110 cum
1599 2056 1737 2111 adeo
1781 2057 2001 2111 beatum

421 2143 571 2199 hunc
632 2146 1129 2216 deprzedicaverat,
1176 2160 1353 2206 tamen
1400 2150 1580 2204 statim
1637 2148 2008 2203 vehementius

421 2233 787 2306 objurgaverit
808 2239 832 2293 ?
854 2239 1056 2295 Horum
1088 2250 1337 2297 neutrum
1372 2256 1491 2295 cum
1516 2238 1799 2293 Marcellus
1828 2237 2008 2293 consi-

423 2325 662 2393 deraret,
694 2331 758 2383 ad
802 2332 1074 2387 diabolum
1129 2333 1417 2387 referenda
1448 2331 1538 2385 illa
1581 2330 1726 2384 dicta
1774 2343 2009 2398 pronun-

426 2415 599 2484 tiavit,
620 2430 810 2474 contra
837 2420 1132 2492 Scriptum
1159 2423 1500 2476 manifestam
1520 2421 1827 2476 veritatem.
1862 2417 2001 2473 Num

423 2520 604 2564 autem
659 2514 760 2569 hoc
816 2517 1038 2571 unicum
1097 2517 1364 2590 ignoravit
1404 2516 1430 2569 ?
1474 2515 1587 2571 lino
1620 2512 2003 2586 progrediente

497 2671 542 2703 ”
582 2672 768 2728 Matth.
795 2690 907 2742 ενι,
946 2677 1037 2745 17,
1063 2677 1154 2735 25.
1232 2677 1279 2709 ²⁸
1309 2677 1443 2738 ibib.
1498 2684 1571 2741 24

524 2846 611 2917 75)
651 2846 761 2900 Kal
787 2847 896 2902 τοῦ
928 2845 1219 2918 Σωτῆρος.
1258 2848 1382 2904 Haec
1411 2864 1515 2905 non
1544 2850 1837 2905 cohmrent.
1862 2849 2007 2917 Quid

429 2920 485 2992 si
514 2917 776 2992 legan_m_s,
813 2918 909 2992 καὶ
949 2917 1039 2992 τίς,
1076 2917 1110 2990 ἡ
1155 2919 1518 2992 διάνοιαΑτοῦ,
1561 2920 1740 2975 ὀπίσω
1786 2918 2011 2992 πορεύε-

431 2989 553 3042 σθαι
573 2986 681 3040 Ὕτοῦ
709 2988 984 3061 Σωτῆρος,
1014 2986 1268 3061 ἢν”παρὰ
1295 2990 1482 3057 πόδας,
1508 3000 1641 3061 etc.,
1666 2986 2007 3061 nempe'btd;

429 3074 583 3111 νοιαν
611 3067 726 3121 aut,
774 3057 915 3124 quod
968 3057 1343 3113 secutus'snm
1386 3062 1440 3114 in
1470 3060 1737 3125 versione,
1764 3057 1861 3114 καὶ
1888 3057 2006 3121 τοῦ.

2103 1882 2246 1948 κὼς,
2281 1883 2432 1938 ταῦτ’
2466 1885 2718 1957 εἰρῆσθαι
2762 1885 2896 1957 πρὸς
2934 1883 3027 1937 τὸν
3073 1882 3321 1937 διάϐολον
3366 1882 3693 1952 ἀπεφήνατο

2102 1972 2203 2044 τῆς
2230 1973 2456 2044 Γραφῆς
2489 1973 2764 2037 ἐναντίως.
2796 1967 2948 2043 Ἀρα
2985 1966 3077 2026 οὖν
3122 1970 3283 2025 τοῦτο
3326 1971 3490 2043 μόνον
3526 1968 3696 2039 ἠγνό-

2105 2078 2267 2133 ησεν;
2309 2063 2443 2133 Οὐχὶ
2485 2062 2542 2115 δὲ
2593 2062 2690 2116 καὶ
2739 2060 2943 2130 προῖὼν
2987 2057 3163 2125 αὖθις,
3195 2048 3297 2130 τῆς
3337 2058 3695 2119 ἀναστάσεως

2104 2149 2198 2204 τοῦ
2246 2150 2498 2223 Σωτῆρος
2524 2151 2680 2223 ὴμῶν
2723 2150 3123 2223 μνημονεύσας,
3171 2150 3361 2204 ἔπειτα
3405 2147 3694 2220 βουληθεὶς

2102 2240 2293 2305 δεῖξαι,
2327 2242 2410 2294 ὅτι.
2450 2241 2547 2295 καὶ
2584 2242 2691 2315 πρὸ
2735 2242 2900 2296 αὑτοῦ
2949 2241 3093 2297 κατὰ
3135 2242 3262 2306 τοὺς
3294 2240 3521 2313 χρόνους
3564 2240 3696 2303 τοὺς

2103 2334 2475 2404 προφητικοὺς
2522 2333 2745 2406 φέρεταί
2790 2352 2877 2399 τις
2926 2337 2991 2389 ὲκ
3033 2332 3241 2406 νεκρῶν
3290 2331 3691 2403 ἐγηγερμένος,

2108 2423 2270 2477 πάλιν
2312 2423 2589 2480 κάνταῦθα
2639 2426 2954 2496 σφάλλεται,
2991 2425 3102 2498 (74)
3138 2425 3352 2497 πρῶτον
3389 2424 3569 2494 λέγων
3602 2423 3693 2476 τὸν

2121 2515 2421 2573 Ἐλισσαῖον
2446 2512 2554 2573 ¹τὸν
2595 2520 2879 2592 προφήτην
2907 2522 2971 2574 ὲκ
3008 2518 3217 2591 νεκρῶν
3246 2518 3492 2589 ἐγεῖραι·
3526 2516 3692 2586 ἀγνο-

2116 2847 2211 2917 sed
2263 2845 2466 2901 factum
2505 2857 2717 2911 tamen;
2760 2848 2902 2900 unde
2941 2846 3333 2917 primogenitus
3360 2846 3471 2917 _sit
3513 2846 3691 2903 dictus

2115 2916 2321 2986 πάσης
2348 2918 2620 2984 κτίσεως.
2664 2917 2795 2982 lmo,
2829 2918 3002 2987 inquit
3024 2914 3602 2987 Marcellus,7Cl_tristus
3629 2932 3692 2970 eo

2118 2985 2279 3044 modo
2335 2988 2726 3057 primogenitus
2774 2985 3037 3042 creatum
3087 2987 3266 3040 omnis
3313 2985 3562 3050 dicitur,
3634 2997 3693 3041 ut

2118 3057 2301 3111 statim
2348 3058 2743 3126 primogenitus
2795 3066 3175 3121 mortuorum;
3220 3070 3325 3126 non
3373 3063 3460 3126 est
3504 3066 3689 3109 autem

428 3126 474 3200 §_
498 3125 649 3200 παρὰ
692 3110 1113 3200 attegias;
1151 3110 1343 3200 Σωέἡρ
1388 3110 2004 3200 sataesatae:

2117 3110 2292 3200 dictus
2340 3110 2674 3200 mortuorum
2724 3110 3310 3200 primOgenittts,'quod
3356 3124 3575 3200 primus
3606 3141 3692 3179 re-

429 3197 563 3268 Καὶ⁸
580 3196 707 3268 ante
730 3196 824 3268 τοῦ
847 3197 914 3268 Σ,
940 3199 1264 3268 (Ιθιιενίνουιιι
1291 3196 1448 3254 codd.
1476 3196 1647 3268 supra
1673 3198 1845 3268 vulgo
1864 3200 2016 3266 ἀξιο-

469 3265 626 3341 ρεῴςξ
666 3264 805 3341 Infra
832 3266 990 3334 vulgo
1015 3266 1363 3340 ἀκολουθήτω
1387 3279 1441 3323 et
1466 3267 1496 3321 δ
1523 3264 1583 3322 δέ
1603 3276 1657 3323 et
1681 3264 1792 3339 άρᾶ
1826 3264 2012 3341 (codd.

473 3333 663 3410 re-»
684 3344 736 3410 Et
768 3336 1027 3410 ἐγεγξρμο

503 3405 615 3477 (74)
679 3404 815 3473 Πρὸ
856 3404 981 3477 τῶν
1030 3408 1234 3477 λόγων
1287 3406 1649 3463 Ἐλισσαῖον.
1704 3406 1887 3476 Pergit
1947 3410 2014 3464 ad

503 3424 615 3477 tu)
679 3424 800 3473 upo
856 3424 974 3462 των
1030 3424 1107 3462 ,ιο
1195 3425 1234 3461 ν
1296 3424 1649 3463 δλισσαιον.
1706 3424 1887 3476 vergit
1947 3424 2014 3464 aa

434 3475 599 3552 aliam
643 3476 1052 3552 accusationem
1102 3424 1410 3552 Eti'sebius:
1447 3480 1498 3552 in
1548 3493 1652 3552 qua
1699 3477 2016 3552 λευκρτερον

433 3549 610 3618 adhuc
656 3547 1044 3618 sycophantam
1074 3549 1203 3618 agit.
1242 3547 1356 3601 Non
1392 3548 1540 3603 enim
1580 3548 1627 3603 is
1661 3550 1751 3617 qui
1779 3547 2012 3605 alIirmat

433 3616 685 3673 Elistenm
714 3617 1012 3672 suscitasse
1052 3616 1348 3681 mortuum,
1380 3626 1507 3673 ante
1553 3616 2012 3675 resurrectionem

432 3686 656 3752 Christi,
692 3693 785 3738 aut
807 3700 941 3758 eum
971 3688 1213 3741 omnium
1262 3687 1493 3758 primum
1523 3697 1685 3756 atque
1713 3689 2012 3758 principem

441 3767 734 3831 mortuum
754 3755 819 3809 ad
869 3757 1033 3831 vita_m
1084 3755 1373 3831 revocasse
1403 3775 1417 3811 :
1448 3767 1543 3811 aut
1581 3755 1647 3831 de
1680 3755 1794 3812 Elia
1830 3755 2010 3831 negat,

439 3841 544 3880 non
576 3828 650 3899 ait
682 3826 830 3899 illum
877 3824 1093 3899 πρῷτον
1137 3826 1356 3881 πάντων
1410 3829 1817 3899 resuscitatum,
1849 3824 2010 3899 quem

433 3897 643 3979 reduxit
687 3897 738 3950 in
769 3896 930 3948 vitam
956 3896 1368 3979 Elissmns,_se'd
1405 3896 1701 3979 πρότερον;
1746 3901 1810 3979 ad
1846 3896 2011 3979 istum

437 3967 665 4038 modum
704 3975 914 4038 poterat
952 3975 1008 4019 et
1042 3965 1291 4038 litemde
1329 3965 1535 4021 Lazaro
1578 3965 1882 4031 intendere,
1912 3971 2009 4038 qui

434 4044 562 4089 ante
609 4035 886 4088 Christum
936 4045 988 4089 et
1024 4050 1117 4102 per
1160 4035 1431 4091 Christum
1471 4038 1808 4103 resurrexit;
1838 4035 2012 4092 corri-

470 4105 621 4178 enda
650 4113 733 4157 est
777 4114 955 4178 autem
1008 4105 1170 4178 lectio
1215 4107 1419 4178 codicis
1443 4105 1680 4178 πρώτων
1716 4106 1911 4175 λόγων,
1947 4119 2006 4165 et

432 4120 605 4227 fatua
650 4120 733 4157 est
777 4120 955 4156 ιιιιιιιιιι
1008 4120 1170 4158 ICCllO
1215 4120 1419 4162 COGICIS
1443 4120 1680 4178 πρωτων
1717 4120 1911 4175 Αογων,
1947 4120 2006 4165 et

452 4176 738 4243 egendum,
776 4173 1003 4247 ⁸πρῶτον
1052 4174 1227 4247 λέγων
1287 4174 1392 4247 [sic
1450 4177 1579 4231 Mss.
1641 4193 1766 4232 cum
1827 4177 1901 4243 ῖς.
1957 4187 2012 4234 et

432 4242 624 4316 margo
691 4242 873 4316 eodm
912 4245 1067 4316 quod
1132 4242 1370 4315 recepi;
1433 4261 1596 4315 porro
1663 4247 1823 4316 vulgo
1860 4242 2007 4303 70m.

429 4312 529 4385 τὸν
548 4310 968 4385 βοειςιὲλισσάὶ
1001 4324 1057 4367 ut
1087 4310 1368 4381 sequentia
1390 4310 1605 4371 docent.
1626 4310 1852 4371 Dissérit
1869 4317 2010 4372 Mar-

382 4404 395 4411 '
431 4383 621 4451 celius,
652 4382 955 4455 Christum,
988 4397 1093 4455 non
1144 4386 1266 4438 ideo
1325 4385 1532 4439 dictum
1580 4387 2000 4455 primogenitum

433 4465 791 4518 mortuormn,
817 4454 959 4522 quod
999 4454 1210 4523 primus
1254 4458 1495 4509 omnium
1523 4451 1597 4509 de
1620 4451 1791 4511 morte
1823 4457 1888 4510 atl
1918 4458 1998 4510 vi-
2034 4451 2078 4506 D

435 4531 545 4576 tam
595 4525 895 4577 resurrexit.
947 4539 961 4576 :
1001 4539 1126 4576 nam
1182 4536 1308 4577 ante
1340 4541 1485 4581 eum.
1517 4525 1709 4592 inquit,
1748 4526 2003 4582 Elissazus

434 4594 705 4666 πρότερον
745 4594 1101 4666 resuscitavit
1134 4605 1408 4648 mortuum
1435 4612 1448 4648 :
1477 4595 1717 4651 Lazarus
1763 4598 2005 4650 surrexit

434 4663 780 4733 antefipsius
816 4665 1268 4733 resurrectionem
1301 4682 1317 4721 :
1355 4676 1410 4720 et
1443 4675 1685 4732 tempore
1733 4669 2003 4733 passionis

432 4732 606 4806 πολλὰ
638 4732 863 4806 σώματα
896 4732 1004 4787 τῶν
1039 4735 1454 4806 κεκοιμημένων
1475 4732 1796 4805 ἀνέστησαν.
1829 4738 2005 4805 Atque

436 4802 509 4858 ita
543 4813 692 4875 patet
724 4802 1002 4875 calumnia
1034 4802 1342 4859 Eusebi-ana
1378 4808 1443 4860 de
1476 4802 1723 4860 Elissaeo.
1761 4807 1851 4861 Ait
1883 4802 2003 4860 tan-

436 4873 557 4926 tum'
608 4873 919 4938 Marcellus,
969 4888 1093 4927 eum
1148 4886 1421 4930 mortuum
1471 4878 1830 4930 resuscitasse
1875 4886 2002 4930 ante

434 4943 748 5010 Christum;
810 4958 917 4996 non
953 4944 1047 5007 ait,
1096 4944 1244 4998 illum
1290 4945 1529 5000 omnium
1590 4946 1845 5010 primum,
1894 4961 2001 4999 non

436 5012 551 5066 Elia
578 5017 811 5083 priorem
844 5020 1201 5069 resuscitasse
1245 5024 1538 5068 mortuum.
1574 5012 1727 5081 Quod
1762 5015 1828 5069 ad
1858 5030 2003 5070 mor-

437 5093 562 5136 tuos
594 5085 805 5147 attinet,
838 5083 891 5135 in
926 5084 1243 5153 Evangelio,
1277 5092 1426 5139 certe
1456 5084 1586 5137 illud
1631 5099 1737 5138 non
1780 5085 2005 5152 perinde

434 5163 765 5208 excusatur:
803 5153 1019 5207 etiamsi
1074 5154 1286 5208 locutus
1331 5156 1402 5208 sit
1443 5153 1729 5209 Marcellus
1781 5157 1921 5218 laxe,
1945 5155 2004 5209 ἐν

434 5222 513 5295 τῷ
539 5221 717 5294 καιρῷ
736 5221 828 5276 τοῦ
850 5223 1072 5286 πάθους.
1106 5224 1330 5295 Constat
1359 5225 1513 5295 enim
1531 5239 1646 5292 eos,
1677 5227 1821 5293 quod
1854 5236 2003 5279 notat

434 5293 722 5358 Eusebius,
759 5308 866 5348 non
902 5295 1000 5347 nisi
1037 5309 1158 5347 cum
1194 5293 1412 5348 Christo
1444 5294 1632 5349 saltem
1670 5300 2003 5349 resurrexis-

435 5379 515 5420 Se.
555 5361 730 5417 Locus
761 5365 1003 5432 Apostoli
1039 5373 1142 5428 est,
1176 5362 1387 5419 Coloss.
1418 5380 1461 5427 ι.
1499 5366 1587 5431 15,
1623 5364 1712 5418 ιιὺί
1754 5365 2004 5420 Christus

434 5443 657 5486 vocatur
683 5434 1057 5502 ,πρωτότοκος
1090 5433 1294 5501 πάσης
1335 5434 1607 5501 κτίσεως.
1645 5433 1712 5487 Ει
1742 5449 1883 5487 vers.
1916 5435 1999 5498 18,

432 5503 806 5574 πρωτότοκος
831 5503 901 5556 ἐκ
923 5504 1041 5557 τῶν
1059 5502 1307 5571 νεκρῶν.
1329 5504 1384 5556 In
1416 5506 1516 5558 loci
1548 5505 1705 5560 istius
1733 5505 2004 5574 interpre-

436 5572 671 5644 tatione,»
715 5575 929 5644 videtur
977 5575 1261 5628 Marcellus
1306 5576 1540 5628 Arianos
1570 5572 1892 5644 pupugisse.‘
1923 5574 2003 5630 llli

433 5642 578 5694 enim
616 5642 889 5696 Christum
922 5644 1047 5698 hinc
1084 5654 1389 5699 creaturam
1431 5642 1682 5699 volebant
1723 5642 1884 5698 Statui
1936 5646 2002 5698 ab

434 5710 716 5789 Apostolo,
746 5721 869 5769 ante
912 5714 1014 5768 alia
1058 5715 1263 5780 omnia,
1299 5715 1464 5769 etiam
1495 5714 1716 5786 angelos
1743 5714 1941 5771 factum
1979 5732 1994 5769 :

2118 3196 2284 3251 dierit
2329 3213 2358 3251 a
2396 3206 2574 3253 morte
2603 3198 2669 3251 ad
2701 3197 2889 3259 vitam,
2930 3211 3053 3250 cum
3090 3196 3243 3250 multi
3287 3207 3354 3249 eo
3383 3195 3690 3249 anteriores

2120 3266 2422 3321 redierint:
2463 3276 2650 3335 utpote
2695 3264 2970 3333 Lazarus,
3019 3277 3079 3320 et
3117 3266 3190 3330 is,
3242 3265 3329 3319 vel
3369 3263 3472 3330 illi,
3499 3265 3596 3333 qui
3623 3264 3691 3318 ab

2118 3336 2341 3391 Elissaeo
2357 3337 2782 3398 suscitabantur,
2800 3336 2872 3389 ita
2892 3351 2992 3389 nec
3002 3336 3396 3404 primogenitus
3408 3344 3693 3390 creatura-

2118 3422 2234 3476 rum
2266 3406 2489 3471 dicitur,
2524 3407 2666 3476 quod
2704 3416 2920 3476 creatus
2958 3406 3176 3476 quidem
3210 3404 3395 3469 luerit,
3421 3407 3522 3459 sed
3557 3415 3691 3476 ante

2117 3475 2250 3529 alias
2278 3473 2575 3530 creaturas.
2600 3475 2738 3529 Hinc
2751 3474 3038 3529 eavillatur
3068 3474 3329 3531 Eusebius
3351 3476 3509 3543 quasi
3538 3473 3690 3529 dixe-

2115 3545 2187 3599 rit
2215 3544 2496 3601 Marcellus
2526 3546 2754 3614 primum
2773 3546 3011 3599 omnium
3031 3544 3309 3599 Elissaaum
3328 3544 3689 3599 resuscitasse

2115 3625 2386 3670 mortuum
2415 3634 2430 3670 :
2457 3613 2818 3685 λεπτολογῶν,
2844 3626 2900 3670 et
2944 3615 3271 3685 syllabarum
3313 3622 3570 3682 captator
3600 3629 3688 3683 sy-

2118 3685 2503 3754 cophanticus;
2529 3686 2730 3741 omisso
2763 3687 2906 3754 quod
2944 3694 3062 3738 erat
3091 3695 3257 3754 caput
3288 3697 3304 3739 :
3337 3698 3539 3754 nempe
3563 3699 3686 3754 sen-

2115 3752 2201 3818 su,
2249 3764 2303 3809 et
2346 3752 2619 3825 sententia
2671 3752 2948 3825 apostolici
2997 3756 3127 3810 dicti
3158 3752 3174 3809 ἑ
3203 3755 3347 3825 quod
3399 3752 3689 3825 Marcellus

2116 3825 2318 3901 dicitur
2359 3841 2484 3901 cum
2538 3823 2836 3901 Athanasio
2868 3823 3231 3901 exposuisse,
3268 3823 3458 3901 it_a_ut
3507 3824 3685 3877 dictus

2115 3892 2282 3949 fuerit
2330 3896 2762 3964 primogenitus,
2813 3892 3134 3964 utrobique,
3173 3894 3316 3960 quod
3364 3895 3418 3947 in
3463 3908 3552 3964 eo,
3594 3908 3689 3962 per

2114 3978 2259 4035 eum,
2293 3962 2439 4019 illius
2468 3962 2540 4026 vi,
2573 3964 2835 4035 potentia,
2861 3963 3146 4035 majestate
3183 3974 3239 4019 et
3261 3962 3522 4035 ἐνεργείᾳ
3542 3978 3687 4017 mor-

2118 4034 2193 4088 tni
2233 4033 2672 4099 resurrexerant,
2703 4033 2829 4088 licet
2878 4049 2945 4089 eo
2979 4034 3208 4102 priores.
3247 4033 3529 4088 Creaturze
3555 4047 3684 4087 con-

2113 4104 2390 4173 stiterant,
2430 4105 2523 4161 illo
2564 4104 2884 4168 anteriores,
2926 4104 3141 4159 scilicet
3171 4105 3349 4174 quoad
3380 4103 3685 4174 hominem,

2112 4173 2265 4241 cujus
2298 4185 2565 4245 respectu,
2594 4183 2650 4247 et
2678 4188 2805 4247 non
2836 4175 2993 4247 aliter
3025 4175 3130 4247 dici
3164 4173 3357 4247 ilebeat
3403 4173 3685 4247 7:pr

2111 4258 2231 4314 κος,
2270 4244 2474 4299 nonut
2526 4244 2713 4314 Ariani
2758 4244 3243 4314 blasphemahant,
3285 4244 3468 4314 etiamf
3508 4245 3685 4312 quoad

2110 4311 2394 4368 deitatem.
2430 4314 2567 4370 Vide
2604 4311 2892 4382 Albanas,
2916 4312 3069 4369 Orat.
3106 4330 3186 4380 ιιι,
3216 4323 3403 4368 contra
3429 4311 3683 4376 Arianos.

2111 4396 2234 4454 pag.
2284 4384 2414 4449 254,
2442 4385 2570 4440 255.
2614 4383 2937 4454 Quanquam
2968 4393 3024 4438 et
3074 4384 3181 4439 alia
3226 4384 3437 4439 ratione
3469 4400 3686 4453 quoque

2111 4451 2363 4523 Christus
2386 4496 2401 4520 ,
2448 4451 2803 4509 mortuorum
2826 4454 3037 4509 dicatur
3081 4451 3501 4523 primogenitus.
3530 4451 3681 4519 Qtiod

2108 4522 2315 4594 primus
2374 4527 2442 4579 ad
2508 4535 2771 4579 aeternam
2837 4526 3002 4578 vitam
3055 4522 3379 4580 resurrexit.
3443 4526 3687 4594 Surgens

2104 4593 2247 4645 enim
2274 4594 2339 4648 de
2368 4597 2617 4659 mortuis,
2657 4611 2764 4648 non
2788 4594 2988 4649 iterum
3019 4597 3269 4649 moritur.
3300 4594 3387 4656 Illi,
3409 4593 3593 4650 autem
3633 4596 3680 4647 in

2104 4662 2354 4729 pulveres
2399 4680 2526 4720 suos
2571 4665 2774 4720 reversi
2801 4673 3049 4735 suntzet
3092 4666 3145 4719 in
3192 4666 3461 4733 sepulcris
3492 4679 3684 4734 exspe-

2104 4740 2255 4786 ctant
2300 4735 2503 4788 tubam.
2553 4735 2618 4790 Et
2667 4736 2792 4790 licet
2846 4734 2958 4800 illi,
3011 4736 3103 4804 qui
3160 4746 3280 4804 post
3328 4738 3685 4791 resurrectio-

2106 4815 2228 4854 nem
2257 4813 2636 4869 surrexerunt,
2668 4820 2776 4859 non
2810 4806 2923 4860 sint
2952 4806 3155 4861 reversi
3185 4806 3240 4859 in
3260 4804 3518 4875 pulveres
3536 4819 3679 4869 suos,

2105 4876 2287 4947 tamen
2323 4876 2486 4947 etiam
2519 4885 2760 4945 tempore
2800 4875 3134 4947 p05teriores
3174 4874 3300 4931 sunt
3333 4874 3408 4928 illi
3442 4890 3682 4930 resurre-

2104 4941 2284 5015 ctione
2314 4943 2518 5000 Christi
2552 4960 2565 4996 :
2604 4941 2748 5014 quod
2788 4941 3035 5001 disertim
3088 4954 3310 5002 notatur
3343 4947 3397 4999 in
3439 4946 3680 5015 Evange-

2104 5008 2199 5064 lio.
2252 5015 2324 5068 Ita
2376 5015 2581 5083 primus
2622 5008 2869 5083 iempore
2905 5017 3143 5071 surrexit
3177 5017 3246 5071 ad
3297 5025 3565 5069 a‘ternam
3594 5008 3679 5069 'vi-

2105 5088 2235 5137 tam.
2266 5086 2383 5139 Non
2436 5087 2675 5139 surrexit
2722 5089 2929 5155 primus
2971 5097 3215 5155 tempore
3261 5085 3678 5150 emollit-uagu-

2102 5160 2281 5217 eundo
2306 5158 2564 5220 surrexit,
2594 5157 2710 5225 ipse
2737 5171 2834 5210 sua
2864 5166 3153 5224 potestate,
3185 5173 3291 5211 non
3322 5156 3523 5212 aliena.
3548 5155 3677 5209 Ter-

2103 5234 2200 5295 tio,
2231 5228 2285 5282 in
2322 5239 2408 5290 eo,
2435 5237 2490 5279 et
2520 5241 2615 5295 per
2653 5240 2775 5280 eum
2809 5227 3116 5281 resuscitati
3142 5239 3273 5281 sunt
3318 5227 3436 5289 alii,
3471 5227 3675 5281 excita-

2101 5301 2304 5356 buntur
2328 5310 2543 5366 omnes,
2570 5306 2628 5349 ut
2671 5295 2868 5366 merito
2910 5297 3305 5366 primogenitus
3340 5307 3673 5352 mortuorum

2102 5372 2435 5425 dicaturzet
2488 5364 2671 5421 Jacobi
2720 5365 2850 5419 illud
2902 5364 3244 5421 effatumde
3298 5367 3536 5422 Hubene
3581 5380 3674 5420 suo

2104 5435 3163 5529 (Ξεηιξέ¹¹;ῗὶτ-ῗ¹ιὶ¹ἷ¹ἷ³λ¹ἶίΨΒ--θέῗῖῗέί,
3201 5437 3309 5529 ﬁli
3326 5438 3672 5529 "PPilfel'l‘fF;

2118 5504 2363 5576 Ῥουὸίμ,
2407 5504 2780 5576 πρωτότοκος
2810 5522 2952 5574 μου,
2988 5507 3168 5574 ἰσχύς
3194 5523 3331 5573 μου,
3361 5504 3492 5562 ’καὶ
3526 5504 3674 5576 ἁρχὴ

2102 5575 2327 5637 τέκνων
2357 5593 2499 5645 μου.
2531 5575 2693 5630 Certe
2735 5584 2826 5644 qui
2879 5585 2998 5643 post
3032 5577 3330 5641 Christum,
3365 5589 3424 5631 ut
3455 5575 3675 5632 comites

2103 5651 2250 5706 illius
2280 5646 3110 5710 dvandoswgresurrexcrnnt,
3156 5649 3392 5711 iterum,
3444 5646 3673 5702 ιιιαιιιιιιί

2110 5722 2348 5783 videtur,
2384 5719 2581 5772 mortui
2613 5730 2722 5772 non
2752 5728 2901 5773 sunt.
2942 5715 3066 5773 llaec
3098 5727 3180 5773 est
3211 5721 3524 5774 communis
3555 5718 3672 5784 opi-
