  <div class='ocr_page' id='page_1' title='image "/cluster/home/n/w/nwhite01/storage/ocr_20150623/24/nnc1.0046978259/407.png"; bbox 0 0 3836 6216; ppageno 0'>
   <div class='ocr_carea' id='block_1_1' title="bbox 390 5433 404 5522">
    <p class='ocr_par' dir='ltr' id='par_1_1' title="bbox 390 5433 404 5522">
     <span class='ocr_line' id='line_1_1' title="bbox 390 5433 404 5522; baseline 0 0"><span class='ocrx_word' id='word_1_1' title='bbox 390 5433 404 5522; x_wconf 79' lang='lat' dir='ltr'><strong>l</strong></span> 
     </span>
    </p>
   </div>
   <div class='ocr_carea' id='block_1_2' title="bbox 432 268 536 332">
    <p class='ocr_par' dir='ltr' id='par_1_2' title="bbox 432 268 536 332">
     <span class='ocr_line' id='line_1_2' title="bbox 432 268 536 332; baseline 0.058 -6"><span class='ocrx_word' id='word_1_2' title='bbox 432 268 536 332; x_wconf 69' lang='lat'><strong>759</strong></span> 
     </span>
    </p>
   </div>
   <div class='ocr_carea' id='block_1_3' title="bbox 1111 259 3023 323">
    <p class='ocr_par' dir='ltr' id='par_1_3' title="bbox 1111 259 3023 323">
     <span class='ocr_line' id='line_1_3' title="bbox 1111 259 3023 323; baseline 0.003 -7"><span class='ocrx_word' id='word_1_3' title='bbox 1111 259 1386 319; x_wconf 86' lang='lat' dir='ltr'><strong>EUSEBII</strong></span> <span class='ocrx_word' id='word_1_4' title='bbox 1419 261 1907 320; x_wconf 69' lang='lat' dir='ltr'><strong>CASSABIENSIS</strong></span> <span class='ocrx_word' id='word_1_5' title='bbox 1943 261 2097 320; x_wconf 87' lang='lat' dir='ltr'><strong>OPP.</strong></span> <span class='ocrx_word' id='word_1_6' title='bbox 2137 262 2322 319; x_wconf 81' lang='lat' dir='ltr'><strong>PARS</strong></span> <span class='ocrx_word' id='word_1_7' title='bbox 2357 263 2448 321; x_wconf 83' lang='lat' dir='ltr'><strong>IV.</strong></span> <span class='ocrx_word' id='word_1_8' title='bbox 2491 295 2556 308; x_wconf 88' lang='lat'><strong>--</strong></span> <span class='ocrx_word' id='word_1_9' title='bbox 2596 263 3023 323; x_wconf 84' lang='lat' dir='ltr'><strong>DOGMATICA.</strong></span> 
     </span>
    </p>
   </div>
   <div class='ocr_carea' id='block_1_4' title="bbox 3606 269 3699 326">
    <p class='ocr_par' dir='ltr' id='par_1_4' title="bbox 3606 269 3699 326">
     <span class='ocr_line' id='line_1_4' title="bbox 3606 269 3699 326; baseline 0.022 -2"><span class='ocrx_word' id='word_1_10' title='bbox 3606 269 3699 326; x_wconf 60' lang='lat'><strong>74.6</strong></span> 
     </span>
    </p>
   </div>
   <div class='ocr_carea' id='block_1_5' title="bbox 435 350 2006 457">
    <p class='ocr_par' dir='ltr' id='par_1_5' title="bbox 435 381 2006 447">
     <span class='ocr_line' id='line_1_5' title="bbox 435 381 2006 447; baseline -0.001 -8"><span class='ocrx_word' id='word_1_11' title='bbox 435 402 457 439; x_wconf 83' lang='grc' dir='ltr'><strong>ι</strong></span> <span class='ocrx_word' id='word_1_12' title='bbox 503 384 572 441; x_wconf 78' lang='lat' dir='ltr'><strong>ad</strong></span> <span class='ocrx_word' id='word_1_13' title='bbox 603 383 854 440; x_wconf 89' lang='lat' dir='ltr'><strong>eumdem</strong></span> <span class='ocrx_word' id='word_1_14' title='bbox 901 383 1121 440; x_wconf 88' lang='lat' dir='ltr'><strong>modum</strong></span> <span class='ocrx_word' id='word_1_15' title='bbox 1171 392 1227 438; x_wconf 91' lang='lat' dir='ltr'><strong>et</strong></span> <span class='ocrx_word' id='word_1_16' title='bbox 1259 381 1464 447; x_wconf 84' lang='lat' dir='ltr'><strong>Christi</strong></span> <span class='ocrx_word' id='word_1_17' title='bbox 1513 381 1677 437; x_wconf 89' lang='lat' dir='ltr'><strong>etiam</strong></span> <span class='ocrx_word' id='word_1_18' title='bbox 1716 384 2006 438; x_wconf 86' lang='lat' dir='ltr'><strong>secundum</strong></span> 
     </span>
    </p>
   </div>
   <div class='ocr_carea' id='block_1_6' title="bbox 2129 350 3698 457">
    <p class='ocr_par' dir='ltr' id='par_1_6' title="bbox 2129 350 3698 457">
     <span class='ocr_line' id='line_1_6' title="bbox 2129 350 3698 457; baseline 0.004 -21"><span class='ocrx_word' id='word_1_19' title='bbox 2129 383 2376 456; x_wconf 85' lang='grc' dir='ltr'>εχούσ-ης·</span> <span class='ocrx_word' id='word_1_20' title='bbox 2418 350 2513 440; x_wconf 62' lang='grc' dir='ltr'>Ἐκ</span> <span class='ocrx_word' id='word_1_21' title='bbox 2531 386 2799 456; x_wconf 39' lang='grc' dir='ltr'>,γαστρὸς</span> <span class='ocrx_word' id='word_1_22' title='bbox 2823 385 2938 454; x_wconf 83' lang='grc' dir='ltr'>πρὸ</span> <span class='ocrx_word' id='word_1_23' title='bbox 2956 386 3270 456; x_wconf 73' lang='grc' dir='ltr'>ἑωσφόρον</span> <span class='ocrx_word' id='word_1_24' title='bbox 3288 385 3600 457; x_wconf 77' lang='grc' dir='ltr'>ἐγέννησὰ</span> <span class='ocrx_word' id='word_1_25' title='bbox 3613 405 3698 443; x_wconf 81' lang='grc' dir='ltr'><strong>σε.</strong></span> 
     </span>
    </p>
   </div>
   <div class='ocr_carea' id='block_1_7' title="bbox 437 474 2016 545">
    <p class='ocr_par' dir='ltr' id='par_1_7' title="bbox 437 474 2016 545">
     <span class='ocr_line' id='line_1_7' title="bbox 437 474 2016 545; baseline -0.002 -14"><span class='ocrx_word' id='word_1_26' title='bbox 437 496 458 531; x_wconf 79' lang='grc' dir='ltr'><strong>ι</strong></span> <span class='ocrx_word' id='word_1_27' title='bbox 503 492 724 533; x_wconf 88' lang='lat' dir='ltr'><strong>carnem</strong></span> <span class='ocrx_word' id='word_1_28' title='bbox 761 476 1146 540; x_wconf 78' lang='lat' dir='ltr'><strong>(economiam,</strong></span> <span class='ocrx_word' id='word_1_29' title='bbox 1180 489 1277 545; x_wconf 91' lang='lat' dir='ltr'><strong>per</strong></span> <span class='ocrx_word' id='word_1_30' title='bbox 1311 489 1474 545; x_wconf 89' lang='lat' dir='ltr'><strong>quem</strong></span> <span class='ocrx_word' id='word_1_31' title='bbox 1521 489 1693 544; x_wconf 87' lang='lat' dir='ltr'><strong>genus</strong></span> <span class='ocrx_word' id='word_1_32' title='bbox 1732 474 1864 530; x_wconf 90' lang='lat' dir='ltr'><strong>illud</strong></span> <span class='ocrx_word' id='word_1_33' title='bbox 1895 475 2016 545; x_wconf 91' lang='lat' dir='ltr'><strong>pio-</strong></span> 
     </span>
    </p>
   </div>
   <div class='ocr_carea' id='block_1_8' title="bbox 438 565 2018 634">
    <p class='ocr_par' dir='ltr' id='par_1_8' title="bbox 438 565 2018 634">
     <span class='ocr_line' id='line_1_8' title="bbox 438 565 2018 634; baseline 0.003 -16"><span class='ocrx_word' id='word_1_34' title='bbox 438 583 458 618; x_wconf 83' lang='grc' dir='ltr'><strong>ι</strong></span> <span class='ocrx_word' id='word_1_35' title='bbox 507 582 625 621; x_wconf 93' lang='lat' dir='ltr'><strong>rum</strong></span> <span class='ocrx_word' id='word_1_36' title='bbox 655 576 710 620; x_wconf 90' lang='lat' dir='ltr'><strong>et</strong></span> <span class='ocrx_word' id='word_1_37' title='bbox 735 565 1028 619; x_wconf 89' lang='lat' dir='ltr'><strong>colentium</strong></span> <span class='ocrx_word' id='word_1_38' title='bbox 1064 567 1254 629; x_wconf 89' lang='lat' dir='ltr'><strong>Deum,</strong></span> <span class='ocrx_word' id='word_1_39' title='bbox 1296 566 1364 619; x_wconf 89' lang='lat' dir='ltr'><strong>ad</strong></span> <span class='ocrx_word' id='word_1_40' title='bbox 1403 565 1751 634; x_wconf 76' lang='lat' dir='ltr'><strong>adoptionem</strong></span> <span class='ocrx_word' id='word_1_41' title='bbox 1783 565 2018 624; x_wconf 82' lang='lat' dir='ltr'><strong>ﬁliorum</strong></span> 
     </span>
    </p>
   </div>
   <div class='ocr_carea' id='block_1_9' title="bbox 437 653 2020 724">
    <p class='ocr_par' dir='ltr' id='par_1_9' title="bbox 437 653 2020 724">
     <span class='ocr_line' id='line_1_9' title="bbox 437 653 2020 724; baseline 0.002 -17"><span class='ocrx_word' id='word_1_42' title='bbox 437 672 459 707; x_wconf 80' lang='grc' dir='ltr'><strong>ι</strong></span> <span class='ocrx_word' id='word_1_43' title='bbox 505 655 955 724; x_wconf 76' lang='lat' dir='ltr'><strong>praeordinavit”</strong></span> <span class='ocrx_word' id='word_1_44' title='bbox 975 695 990 720; x_wconf 92' lang='lat'><strong>,</strong></span> <span class='ocrx_word' id='word_1_45' title='bbox 1022 654 1198 724; x_wconf 90' lang='lat' dir='ltr'><strong>posito</strong></span> <span class='ocrx_word' id='word_1_46' title='bbox 1243 654 1335 708; x_wconf 93' lang='lat' dir='ltr'><strong>illo</strong></span> <span class='ocrx_word' id='word_1_47' title='bbox 1362 655 1516 724; x_wconf 88' lang='lat' dir='ltr'><strong>prius</strong></span> <span class='ocrx_word' id='word_1_48' title='bbox 1545 653 1920 720; x_wconf 80' lang='lat' dir='ltr'><strong>fundamento,</strong></span> <span class='ocrx_word' id='word_1_49' title='bbox 1946 656 2020 710; x_wconf 89' lang='lat' dir='ltr'><strong>ita</strong></span> 
     </span>
    </p>
   </div>
   <div class='ocr_carea' id='block_1_10' title="bbox 437 746 2018 818">
    <p class='ocr_par' dir='ltr' id='par_1_10' title="bbox 437 746 2018 818">
     <span class='ocr_line' id='line_1_10' title="bbox 437 746 2018 818; baseline 0.001 -18"><span class='ocrx_word' id='word_1_50' title='bbox 437 765 459 800; x_wconf 79' lang='grc' dir='ltr'><strong>ι</strong></span> <span class='ocrx_word' id='word_1_51' title='bbox 502 752 642 818; x_wconf 85' lang='lat' dir='ltr'><strong>apud</strong></span> <span class='ocrx_word' id='word_1_52' title='bbox 673 764 831 804; x_wconf 86' lang='lat' dir='ltr'><strong>suum</strong></span> <span class='ocrx_word' id='word_1_53' title='bbox 873 749 1112 803; x_wconf 89' lang='lat' dir='ltr'><strong>animum</strong></span> <span class='ocrx_word' id='word_1_54' title='bbox 1156 748 1439 804; x_wconf 86' lang='lat' dir='ltr'><strong>statuisse.</strong></span> <span class='ocrx_word' id='word_1_55' title='bbox 1476 746 1630 803; x_wconf 82' lang='lat' dir='ltr'><strong>Hanc</strong></span> <span class='ocrx_word' id='word_1_56' title='bbox 1665 748 1736 803; x_wconf 94' lang='lat' dir='ltr'><strong>ob</strong></span> <span class='ocrx_word' id='word_1_57' title='bbox 1769 762 2018 815; x_wconf 89' lang='lat' dir='ltr'><strong>causam,</strong></span> 
     </span>
    </p>
   </div>
   <div class='ocr_carea' id='block_1_11' title="bbox 437 837 2019 908">
    <p class='ocr_par' dir='ltr' id='par_1_11' title="bbox 437 837 2019 908">
     <span class='ocr_line' id='line_1_11' title="bbox 437 837 2019 908; baseline 0.003 -18"><span class='ocrx_word' id='word_1_58' title='bbox 437 855 459 890; x_wconf 81' lang='grc' dir='ltr'><strong>ι</strong></span> <span class='ocrx_word' id='word_1_59' title='bbox 506 838 795 908; x_wconf 81' lang='lat' dir='ltr'><strong>Apostolus</strong></span> <span class='ocrx_word' id='word_1_60' title='bbox 819 853 916 908; x_wconf 89' lang='lat' dir='ltr'><strong>per</strong></span> <span class='ocrx_word' id='word_1_61' title='bbox 952 839 1214 908; x_wconf 73' lang='lat' dir='ltr'><strong>Spiritum</strong></span> <span class='ocrx_word' id='word_1_62' title='bbox 1248 847 1526 902; x_wconf 90' lang='lat' dir='ltr'><strong>sanctum,</strong></span> <span class='ocrx_word' id='word_1_63' title='bbox 1556 837 1842 894; x_wconf 85' lang='lat' dir='ltr'><strong>manifeste</strong></span> <span class='ocrx_word' id='word_1_64' title='bbox 1871 839 2019 894; x_wconf 91' lang='lat' dir='ltr'><strong>illum</strong></span> 
     </span>
    </p>
   </div>
   <div class='ocr_carea' id='block_1_12' title="bbox 439 930 2015 1001">
    <p class='ocr_par' dir='ltr' id='par_1_12' title="bbox 439 930 2015 1001">
     <span class='ocr_line' id='line_1_12' title="bbox 439 930 2015 1001; baseline 0 -15"><span class='ocrx_word' id='word_1_65' title='bbox 439 953 459 986; x_wconf 78' lang='grc' dir='ltr'><strong>ι</strong></span> <span class='ocrx_word' id='word_1_66' title='bbox 501 944 658 988; x_wconf 82' lang='lat' dir='ltr'><strong>vocat</strong></span> <span class='ocrx_word' id='word_1_67' title='bbox 688 934 884 988; x_wconf 89' lang='lat' dir='ltr'><strong>Filium</strong></span> <span class='ocrx_word' id='word_1_68' title='bbox 910 933 1004 986; x_wconf 97' lang='lat' dir='ltr'><strong>Dei</strong></span> <span class='ocrx_word' id='word_1_69' title='bbox 1028 931 1314 1001; x_wconf 65' lang='lat' dir='ltr'><strong>praevisum</strong></span> <span class='ocrx_word' id='word_1_70' title='bbox 1347 939 1403 985; x_wconf 91' lang='lat' dir='ltr'><strong>et</strong></span> <span class='ocrx_word' id='word_1_71' title='bbox 1426 930 2015 1001; x_wconf 66' lang='lat' dir='ltr'><strong>prmdeterminatum.»</strong></span> 
     </span>
    </p>
   </div>
   <div class='ocr_carea' id='block_1_13' title="bbox 436 1022 2018 1092">
    <p class='ocr_par' dir='ltr' id='par_1_13' title="bbox 436 1022 2018 1092">
     <span class='ocr_line' id='line_1_13' title="bbox 436 1022 2018 1092; baseline -0.001 -11"><span class='ocrx_word' id='word_1_72' title='bbox 436 1027 503 1082; x_wconf 89' lang='lat' dir='ltr'><strong>Et</strong></span> <span class='ocrx_word' id='word_1_73' title='bbox 537 1027 644 1080; x_wconf 87' lang='lat' dir='ltr'><strong>alio</strong></span> <span class='ocrx_word' id='word_1_74' title='bbox 674 1026 792 1080; x_wconf 90' lang='lat' dir='ltr'><strong>loco</strong></span> <span class='ocrx_word' id='word_1_75' title='bbox 821 1044 835 1079; x_wconf 90' lang='lat'><strong>:</strong></span> <span class='ocrx_word' id='word_1_76' title='bbox 876 1043 894 1076; x_wconf 80' lang='grc' dir='ltr'><strong>ι</strong></span> <span class='ocrx_word' id='word_1_77' title='bbox 932 1025 1030 1080; x_wconf 87' lang='lat' dir='ltr'><strong>Hic</strong></span> <span class='ocrx_word' id='word_1_78' title='bbox 1064 1034 1148 1080; x_wconf 88' lang='lat' dir='ltr'><strong>est</strong></span> <span class='ocrx_word' id='word_1_79' title='bbox 1197 1022 1285 1077; x_wconf 90' lang='lat' dir='ltr'><strong>ille</strong></span> <span class='ocrx_word' id='word_1_80' title='bbox 1317 1022 1384 1076; x_wconf 93' lang='lat' dir='ltr'><strong>de</strong></span> <span class='ocrx_word' id='word_1_81' title='bbox 1412 1039 1521 1092; x_wconf 90' lang='lat' dir='ltr'><strong>quo</strong></span> <span class='ocrx_word' id='word_1_82' title='bbox 1552 1023 1769 1079; x_wconf 90' lang='lat' dir='ltr'><strong>dicebat</strong></span> <span class='ocrx_word' id='word_1_83' title='bbox 1798 1023 2018 1090; x_wconf 85' lang='lat' dir='ltr'><strong>Paulus,</strong></span> 
     </span>
    </p>
   </div>
   <div class='ocr_carea' id='block_1_14' title="bbox 440 1116 2023 1188">
    <p class='ocr_par' dir='ltr' id='par_1_14' title="bbox 440 1116 2023 1188">
     <span class='ocr_line' id='line_1_14' title="bbox 440 1116 2023 1188; baseline 0.001 -18"><span class='ocrx_word' id='word_1_84' title='bbox 440 1137 460 1170; x_wconf 84' lang='grc' dir='ltr'><strong>ι</strong></span> <span class='ocrx_word' id='word_1_85' title='bbox 507 1119 906 1188; x_wconf 61' lang='grc' dir='ltr'>ργκοτόίηθιυε</span> <span class='ocrx_word' id='word_1_86' title='bbox 936 1117 1106 1172; x_wconf 89' lang='lat' dir='ltr'><strong>Filius</strong></span> <span class='ocrx_word' id='word_1_87' title='bbox 1133 1118 1251 1171; x_wconf 88' lang='lat' dir='ltr'><strong>Dei.</strong></span> <span class='ocrx_word' id='word_1_88' title='bbox 1283 1136 1302 1170; x_wconf 73' lang='grc' dir='ltr'><strong>ι</strong></span> <span class='ocrx_word' id='word_1_89' title='bbox 1331 1116 1516 1186; x_wconf 84' lang='lat' dir='ltr'><strong>Neque</strong></span> <span class='ocrx_word' id='word_1_90' title='bbox 1556 1134 1742 1174; x_wconf 84' lang='lat' dir='ltr'><strong>vocem</strong></span> <span class='ocrx_word' id='word_1_91' title='bbox 1783 1126 2023 1172; x_wconf 88' lang='lat' dir='ltr'><strong>tantum-</strong></span> 
     </span>
    </p>
   </div>
   <div class='ocr_carea' id='block_1_15' title="bbox 436 1208 2020 1280">
    <p class='ocr_par' dir='ltr' id='par_1_15' title="bbox 436 1208 2020 1280">
     <span class='ocr_line' id='line_1_15' title="bbox 436 1208 2020 1280; baseline -0.003 -15"><span class='ocrx_word' id='word_1_92' title='bbox 436 1209 596 1265; x_wconf 91' lang='lat' dir='ltr'><strong>modo</strong></span> <span class='ocrx_word' id='word_1_93' title='bbox 627 1209 942 1278; x_wconf 81' lang='lat' dir='ltr'><strong>depravavit</strong></span> <span class='ocrx_word' id='word_1_94' title='bbox 967 1208 1142 1263; x_wconf 89' lang='lat' dir='ltr'><strong>hocin</strong></span> <span class='ocrx_word' id='word_1_95' title='bbox 1179 1209 1300 1264; x_wconf 92' lang='lat' dir='ltr'><strong>loco</strong></span> <span class='ocrx_word' id='word_1_96' title='bbox 1323 1211 1390 1265; x_wconf 90' lang='lat' dir='ltr'><strong>ab</strong></span> <span class='ocrx_word' id='word_1_97' title='bbox 1406 1210 1662 1280; x_wconf 88' lang='lat' dir='ltr'><strong>Apostolo</strong></span> <span class='ocrx_word' id='word_1_98' title='bbox 1686 1221 2020 1278; x_wconf 84' lang='lat' dir='ltr'><strong>usurpatam,</strong></span> 
     </span>
    </p>
   </div>
   <div class='ocr_carea' id='block_1_16' title="bbox 434 1300 2022 1373">
    <p class='ocr_par' dir='ltr' id='par_1_16' title="bbox 434 1300 2022 1373">
     <span class='ocr_line' id='line_1_16' title="bbox 434 1300 2022 1373; baseline -0.001 -16"><span class='ocrx_word' id='word_1_99' title='bbox 434 1301 531 1358; x_wconf 89' lang='lat' dir='ltr'><strong>sed</strong></span> <span class='ocrx_word' id='word_1_100' title='bbox 569 1309 623 1356; x_wconf 90' lang='lat' dir='ltr'><strong>et</strong></span> <span class='ocrx_word' id='word_1_101' title='bbox 654 1301 827 1370; x_wconf 87' lang='lat' dir='ltr'><strong>ipsam</strong></span> <span class='ocrx_word' id='word_1_102' title='bbox 858 1300 975 1370; x_wconf 86' lang='lat' dir='ltr'><strong>ejus</strong></span> <span class='ocrx_word' id='word_1_103' title='bbox 1019 1309 1254 1357; x_wconf 80' lang='lat' dir='ltr'><strong>mentem</strong></span> <span class='ocrx_word' id='word_1_104' title='bbox 1304 1318 1402 1373; x_wconf 89' lang='lat' dir='ltr'><strong>per</strong></span> <span class='ocrx_word' id='word_1_105' title='bbox 1439 1303 1582 1358; x_wconf 89' lang='lat' dir='ltr'><strong>illius</strong></span> <span class='ocrx_word' id='word_1_106' title='bbox 1618 1301 2022 1373; x_wconf 77' lang='lat' dir='ltr'><strong>praepositionis</strong></span> 
     </span>
    </p>
   </div>
   <div class='ocr_carea' id='block_1_17' title="bbox 433 1392 2019 1467">
    <p class='ocr_par' dir='ltr' id='par_1_17' title="bbox 433 1392 2019 1467">
     <span class='ocr_line' id='line_1_17' title="bbox 433 1392 2019 1467; baseline 0.002 -22"><span class='ocrx_word' id='word_1_107' title='bbox 433 1408 530 1464; x_wconf 83' lang='lat' dir='ltr'><strong>pro</strong></span> <span class='ocrx_word' id='word_1_108' title='bbox 589 1394 1003 1462; x_wconf 78' lang='lat' dir='ltr'><strong>appositionein.</strong></span> <span class='ocrx_word' id='word_1_109' title='bbox 1067 1392 1194 1448; x_wconf 84' lang='lat' dir='ltr'><strong>Istis</strong></span> <span class='ocrx_word' id='word_1_110' title='bbox 1229 1407 1410 1450; x_wconf 90' lang='lat' dir='ltr'><strong>autem</strong></span> <span class='ocrx_word' id='word_1_111' title='bbox 1467 1405 1595 1451; x_wconf 86' lang='lat' dir='ltr'><strong>sunt</strong></span> <span class='ocrx_word' id='word_1_112' title='bbox 1657 1410 1912 1467; x_wconf 89' lang='lat' dir='ltr'><strong>germana</strong></span> <span class='ocrx_word' id='word_1_113' title='bbox 1969 1404 2019 1450; x_wconf 89' lang='lat' dir='ltr'><strong>et</strong></span> 
     </span>
    </p>
   </div>
   <div class='ocr_carea' id='block_1_18' title="bbox 435 1486 2021 1556">
    <p class='ocr_par' dir='ltr' id='par_1_18' title="bbox 435 1486 2021 1556">
     <span class='ocr_line' id='line_1_18' title="bbox 435 1486 2021 1556; baseline 0.003 -18"><span class='ocrx_word' id='word_1_114' title='bbox 435 1486 671 1556; x_wconf 87' lang='lat' dir='ltr'><strong>genuina</strong></span> <span class='ocrx_word' id='word_1_115' title='bbox 723 1502 844 1555; x_wconf 84' lang='lat' dir='ltr'><strong>quae</strong></span> <span class='ocrx_word' id='word_1_116' title='bbox 899 1496 955 1540; x_wconf 90' lang='lat' dir='ltr'><strong>et</strong></span> <span class='ocrx_word' id='word_1_117' title='bbox 1009 1488 1060 1541; x_wconf 91' lang='lat' dir='ltr'><strong>in</strong></span> <span class='ocrx_word' id='word_1_118' title='bbox 1113 1486 1344 1543; x_wconf 85' lang='lat' dir='ltr'><strong>Psalmis</strong></span> <span class='ocrx_word' id='word_1_119' title='bbox 1399 1493 1704 1545; x_wconf 82' lang='lat' dir='ltr'><strong>attentavit.</strong></span> <span class='ocrx_word' id='word_1_120' title='bbox 1746 1487 1879 1543; x_wconf 82' lang='lat' dir='ltr'><strong>Nam</strong></span> <span class='ocrx_word' id='word_1_121' title='bbox 1932 1489 2021 1543; x_wconf 93' lang='lat' dir='ltr'><strong>ubi</strong></span> 
     </span>
    </p>
   </div>
   <div class='ocr_carea' id='block_1_19' title="bbox 433 1577 2020 1652">
    <p class='ocr_par' dir='ltr' id='par_1_19' title="bbox 433 1577 2020 1652">
     <span class='ocr_line' id='line_1_19' title="bbox 433 1577 2020 1652; baseline 0.003 -20"><span class='ocrx_word' id='word_1_122' title='bbox 433 1577 675 1642; x_wconf 85' lang='lat' dir='ltr'><strong>dicitur,</strong></span> <span class='ocrx_word' id='word_1_123' title='bbox 711 1578 790 1633; x_wconf 88' lang='lat' dir='ltr'><strong>De</strong></span> <span class='ocrx_word' id='word_1_124' title='bbox 833 1590 979 1633; x_wconf 81' lang='lat' dir='ltr'><strong>utero</strong></span> <span class='ocrx_word' id='word_1_125' title='bbox 1024 1590 1149 1634; x_wconf 87' lang='lat' dir='ltr'><strong>ante</strong></span> <span class='ocrx_word' id='word_1_126' title='bbox 1185 1579 1491 1650; x_wconf 76' lang='lat' dir='ltr'><strong>Luciferum</strong></span> <span class='ocrx_word' id='word_1_127' title='bbox 1535 1583 1690 1652; x_wconf 81' lang='lat' dir='ltr'><strong>genui</strong></span> <span class='ocrx_word' id='word_1_128' title='bbox 1732 1592 1801 1648; x_wconf 82' lang='lat' dir='ltr'><strong>te,</strong></span> <span class='ocrx_word' id='word_1_129' title='bbox 1829 1588 1888 1646; x_wconf 65' lang='grc' dir='ltr'><strong>»Β</strong></span> <span class='ocrx_word' id='word_1_130' title='bbox 1922 1582 2020 1636; x_wconf 89' lang='lat' dir='ltr'><strong>ad-</strong></span> 
     </span>
    </p>
   </div>
   <div class='ocr_carea' id='block_1_20' title="bbox 435 1671 2024 1746">
    <p class='ocr_par' dir='ltr' id='par_1_20' title="bbox 435 1671 2024 1746">
     <span class='ocr_line' id='line_1_20' title="bbox 435 1671 2024 1746; baseline 0.002 -19"><span class='ocrx_word' id='word_1_131' title='bbox 435 1671 793 1729; x_wconf 89' lang='lat' dir='ltr'><strong>ditamentum</strong></span> <span class='ocrx_word' id='word_1_132' title='bbox 826 1673 1067 1743; x_wconf 85' lang='lat' dir='ltr'><strong>adhibet,</strong></span> <span class='ocrx_word' id='word_1_133' title='bbox 1098 1675 1243 1746; x_wconf 86' lang='lat' dir='ltr'><strong>quod</strong></span> <span class='ocrx_word' id='word_1_134' title='bbox 1293 1690 1558 1745; x_wconf 84' lang='lat' dir='ltr'><strong>nusquam</strong></span> <span class='ocrx_word' id='word_1_135' title='bbox 1606 1675 1659 1729; x_wconf 93' lang='lat' dir='ltr'><strong>in</strong></span> <span class='ocrx_word' id='word_1_136' title='bbox 1692 1675 1908 1731; x_wconf 89' lang='lat' dir='ltr'><strong>Psalmo</strong></span> <span class='ocrx_word' id='word_1_137' title='bbox 1938 1691 2024 1730; x_wconf 82' lang='lat' dir='ltr'><strong>re-</strong></span> 
     </span>
    </p>
   </div>
   <div class='ocr_carea' id='block_1_21' title="bbox 433 1767 2024 1839">
    <p class='ocr_par' dir='ltr' id='par_1_21' title="bbox 433 1767 2024 1839">
     <span class='ocr_line' id='line_1_21' title="bbox 433 1767 2024 1839; baseline 0.003 -20"><span class='ocrx_word' id='word_1_138' title='bbox 433 1767 681 1836; x_wconf 88' lang='lat' dir='ltr'><strong>peritnr,</strong></span> <span class='ocrx_word' id='word_1_139' title='bbox 713 1779 771 1820; x_wconf 90' lang='lat' dir='ltr'><strong>ut</strong></span> <span class='ocrx_word' id='word_1_140' title='bbox 801 1767 904 1822; x_wconf 88' lang='lat' dir='ltr'><strong>illis</strong></span> <span class='ocrx_word' id='word_1_141' title='bbox 945 1769 1015 1821; x_wconf 90' lang='lat' dir='ltr'><strong>ita</strong></span> <span class='ocrx_word' id='word_1_142' title='bbox 1061 1777 1242 1837; x_wconf 84' lang='lat' dir='ltr'><strong>posset</strong></span> <span class='ocrx_word' id='word_1_143' title='bbox 1295 1769 1636 1833; x_wconf 83' lang='lat' dir='ltr'><strong>obtrectare,</strong></span> <span class='ocrx_word' id='word_1_144' title='bbox 1669 1769 1762 1838; x_wconf 92' lang='lat' dir='ltr'><strong>qui</strong></span> <span class='ocrx_word' id='word_1_145' title='bbox 1792 1784 1899 1823; x_wconf 90' lang='lat' dir='ltr'><strong>non</strong></span> <span class='ocrx_word' id='word_1_146' title='bbox 1929 1785 2024 1839; x_wconf 87' lang='lat' dir='ltr'><strong>pa-</strong></span> 
     </span>
    </p>
   </div>
   <div class='ocr_carea' id='block_1_22' title="bbox 438 1859 2020 1931">
    <p class='ocr_par' dir='ltr' id='par_1_22' title="bbox 438 1859 2020 1931">
     <span class='ocr_line' id='line_1_22' title="bbox 438 1859 2020 1931; baseline 0.001 -17"><span class='ocrx_word' id='word_1_147' title='bbox 438 1859 518 1914; x_wconf 85' lang='lat' dir='ltr'><strong>ria</strong></span> <span class='ocrx_word' id='word_1_148' title='bbox 573 1875 696 1914; x_wconf 91' lang='lat' dir='ltr'><strong>cum</strong></span> <span class='ocrx_word' id='word_1_149' title='bbox 751 1860 868 1930; x_wconf 85' lang='lat' dir='ltr'><strong>ipso</strong></span> <span class='ocrx_word' id='word_1_150' title='bbox 919 1862 1250 1916; x_wconf 85' lang='lat' dir='ltr'><strong>sentiebant.</strong></span> <span class='ocrx_word' id='word_1_151' title='bbox 1296 1861 1532 1916; x_wconf 86' lang='lat' dir='ltr'><strong>Attende</strong></span> <span class='ocrx_word' id='word_1_152' title='bbox 1591 1875 1720 1916; x_wconf 87' lang='lat' dir='ltr'><strong>vero</strong></span> <span class='ocrx_word' id='word_1_153' title='bbox 1775 1876 2020 1931; x_wconf 79' lang='lat' dir='ltr'><strong>quamam</strong></span> 
     </span>
    </p>
   </div>
   <div class='ocr_carea' id='block_1_23' title="bbox 436 1951 2022 2025">
    <p class='ocr_par' dir='ltr' id='par_1_23' title="bbox 436 1951 2022 2025">
     <span class='ocr_line' id='line_1_23' title="bbox 436 1951 2022 2025; baseline 0.001 -18"><span class='ocrx_word' id='word_1_154' title='bbox 436 1953 546 2007; x_wconf 83' lang='lat' dir='ltr'><strong>sint</strong></span> <span class='ocrx_word' id='word_1_155' title='bbox 576 1967 697 2024; x_wconf 66' lang='lat' dir='ltr'><strong>qua:</strong></span> <span class='ocrx_word' id='word_1_156' title='bbox 747 1953 955 2009; x_wconf 89' lang='lat' dir='ltr'><strong>scribit.</strong></span> <span class='ocrx_word' id='word_1_157' title='bbox 1007 1951 1098 2025; x_wconf 80' lang='grc' dir='ltr'><strong>[Β.</strong></span> <span class='ocrx_word' id='word_1_158' title='bbox 1130 1951 1361 2024; x_wconf 80' lang='lat' dir='ltr'><strong>XXlll.]</strong></span> <span class='ocrx_word' id='word_1_159' title='bbox 1416 1971 1435 2005; x_wconf 81' lang='grc' dir='ltr'><strong>ι</strong></span> <span class='ocrx_word' id='word_1_160' title='bbox 1496 1951 1648 2007; x_wconf 87' lang='lat' dir='ltr'><strong>Hanc</strong></span> <span class='ocrx_word' id='word_1_161' title='bbox 1687 1953 1757 2008; x_wconf 92' lang='lat' dir='ltr'><strong>ob</strong></span> <span class='ocrx_word' id='word_1_162' title='bbox 1801 1969 2022 2009; x_wconf 83' lang='lat' dir='ltr'><strong>causam</strong></span> 
     </span>
    </p>
   </div>
   <div class='ocr_carea' id='block_1_24' title="bbox 440 2045 2023 2114">
    <p class='ocr_par' dir='ltr' id='par_1_24' title="bbox 440 2045 2023 2114">
     <span class='ocr_line' id='line_1_24' title="bbox 440 2045 2023 2114; baseline 0.003 -16"><span class='ocrx_word' id='word_1_163' title='bbox 440 2064 462 2098; x_wconf 78' lang='grc' dir='ltr'><strong>ι</strong></span> <span class='ocrx_word' id='word_1_164' title='bbox 503 2045 643 2112; x_wconf 91' lang='lat' dir='ltr'><strong>ideo,</strong></span> <span class='ocrx_word' id='word_1_165' title='bbox 677 2045 893 2100; x_wconf 86' lang='lat' dir='ltr'><strong>videtur</strong></span> <span class='ocrx_word' id='word_1_166' title='bbox 924 2045 1056 2100; x_wconf 91' lang='lat' dir='ltr'><strong>mihi</strong></span> <span class='ocrx_word' id='word_1_167' title='bbox 1088 2045 1293 2114; x_wconf 87' lang='lat' dir='ltr'><strong>aliquid</strong></span> <span class='ocrx_word' id='word_1_168' title='bbox 1332 2046 1558 2099; x_wconf 91' lang='lat' dir='ltr'><strong>omnino</strong></span> <span class='ocrx_word' id='word_1_169' title='bbox 1587 2046 1873 2102; x_wconf 91' lang='lat' dir='ltr'><strong>dicendum</strong></span> <span class='ocrx_word' id='word_1_170' title='bbox 1901 2061 2023 2102; x_wconf 89' lang='lat' dir='ltr'><strong>esse</strong></span> 
     </span>
    </p>
   </div>
   <div class='ocr_carea' id='block_1_25' title="bbox 441 2137 2015 2207">
    <p class='ocr_par' dir='ltr' id='par_1_25' title="bbox 441 2137 2015 2207">
     <span class='ocr_line' id='line_1_25' title="bbox 441 2137 2015 2207; baseline 0.003 -18"><span class='ocrx_word' id='word_1_171' title='bbox 441 2155 461 2189; x_wconf 80' lang='grc' dir='ltr'><strong>ι</strong></span> <span class='ocrx_word' id='word_1_172' title='bbox 501 2139 567 2193; x_wconf 91' lang='lat' dir='ltr'><strong>de</strong></span> <span class='ocrx_word' id='word_1_173' title='bbox 592 2151 658 2194; x_wconf 88' lang='lat' dir='ltr'><strong>eo</strong></span> <span class='ocrx_word' id='word_1_174' title='bbox 685 2139 829 2207; x_wconf 90' lang='lat' dir='ltr'><strong>quod</strong></span> <span class='ocrx_word' id='word_1_175' title='bbox 867 2152 1133 2207; x_wconf 89' lang='lat' dir='ltr'><strong>nusquam</strong></span> <span class='ocrx_word' id='word_1_176' title='bbox 1179 2139 1358 2193; x_wconf 88' lang='lat' dir='ltr'><strong>adhuc</strong></span> <span class='ocrx_word' id='word_1_177' title='bbox 1403 2137 1526 2194; x_wconf 91' lang='lat' dir='ltr'><strong>alibi</strong></span> <span class='ocrx_word' id='word_1_178' title='bbox 1563 2139 1798 2207; x_wconf 90' lang='lat' dir='ltr'><strong>positum</strong></span> <span class='ocrx_word' id='word_1_179' title='bbox 1832 2148 1937 2194; x_wconf 89' lang='lat' dir='ltr'><strong>est.</strong></span> <span class='ocrx_word' id='word_1_180' title='bbox 1983 2145 2015 2193; x_wconf 75' lang='grc' dir='ltr'><strong>ἰ</strong></span> 
     </span>
    </p>
   </div>
   <div class='ocr_carea' id='block_1_26' title="bbox 438 2226 2023 2300">
    <p class='ocr_par' dir='ltr' id='par_1_26' title="bbox 438 2226 2023 2300">
     <span class='ocr_line' id='line_1_26' title="bbox 438 2226 2023 2300; baseline 0 -16"><span class='ocrx_word' id='word_1_181' title='bbox 438 2226 630 2300; x_wconf 80' lang='lat' dir='ltr'><strong>Magna</strong></span> <span class='ocrx_word' id='word_1_182' title='bbox 666 2244 793 2298; x_wconf 91' lang='lat' dir='ltr'><strong>pars</strong></span> <span class='ocrx_word' id='word_1_183' title='bbox 823 2230 1022 2283; x_wconf 91' lang='lat' dir='ltr'><strong>etenim</strong></span> <span class='ocrx_word' id='word_1_184' title='bbox 1052 2229 1120 2284; x_wconf 88' lang='lat' dir='ltr'><strong>ab</strong></span> <span class='ocrx_word' id='word_1_185' title='bbox 1153 2229 1246 2284; x_wconf 93' lang='lat' dir='ltr'><strong>illo</strong></span> <span class='ocrx_word' id='word_1_186' title='bbox 1279 2229 1578 2298; x_wconf 91' lang='lat' dir='ltr'><strong>positorum</strong></span> <span class='ocrx_word' id='word_1_187' title='bbox 1611 2270 1627 2295; x_wconf 94' lang='lat'><strong>,</strong></span> <span class='ocrx_word' id='word_1_188' title='bbox 1674 2244 1740 2285; x_wconf 83' lang='lat' dir='ltr'><strong>ex</strong></span> <span class='ocrx_word' id='word_1_189' title='bbox 1772 2237 1900 2284; x_wconf 88' lang='lat' dir='ltr'><strong>ante</strong></span> <span class='ocrx_word' id='word_1_190' title='bbox 1928 2245 2023 2284; x_wconf 91' lang='lat' dir='ltr'><strong>no-</strong></span> 
     </span>
    </p>
   </div>
   <div class='ocr_carea' id='block_1_27' title="bbox 437 2319 2024 2392">
    <p class='ocr_par' dir='ltr' id='par_1_27' title="bbox 437 2319 2024 2392">
     <span class='ocr_line' id='line_1_27' title="bbox 437 2319 2024 2392; baseline -0.003 -12"><span class='ocrx_word' id='word_1_191' title='bbox 437 2323 522 2380; x_wconf 87' lang='lat' dir='ltr'><strong>bis</strong></span> <span class='ocrx_word' id='word_1_192' title='bbox 546 2321 705 2378; x_wconf 88' lang='lat' dir='ltr'><strong>dictis</strong></span> <span class='ocrx_word' id='word_1_193' title='bbox 741 2319 1022 2376; x_wconf 75' lang='lat' dir='ltr'><strong>manifesta</strong></span> <span class='ocrx_word' id='word_1_194' title='bbox 1049 2331 1195 2376; x_wconf 88' lang='lat' dir='ltr'><strong>sunt.</strong></span> <span class='ocrx_word' id='word_1_195' title='bbox 1247 2321 1321 2377; x_wconf 89' lang='lat' dir='ltr'><strong>De</strong></span> <span class='ocrx_word' id='word_1_196' title='bbox 1345 2323 1625 2389; x_wconf 83' lang='lat' dir='ltr'><strong>utero,ait,</strong></span> <span class='ocrx_word' id='word_1_197' title='bbox 1656 2332 1775 2378; x_wconf 84' lang='lat' dir='ltr'><strong>ante</strong></span> <span class='ocrx_word' id='word_1_198' title='bbox 1809 2321 2024 2392; x_wconf 79' lang='lat' dir='ltr'><strong>Lucife-</strong></span> 
     </span>
    </p>
   </div>
   <div class='ocr_carea' id='block_1_28' title="bbox 439 2411 2023 2483">
    <p class='ocr_par' dir='ltr' id='par_1_28' title="bbox 439 2411 2023 2483">
     <span class='ocr_line' id='line_1_28' title="bbox 439 2411 2023 2483; baseline 0.001 -17"><span class='ocrx_word' id='word_1_199' title='bbox 439 2429 554 2467; x_wconf 87' lang='lat' dir='ltr'><strong>rum</strong></span> <span class='ocrx_word' id='word_1_200' title='bbox 587 2413 744 2483; x_wconf 80' lang='lat' dir='ltr'><strong>genui</strong></span> <span class='ocrx_word' id='word_1_201' title='bbox 771 2421 822 2466; x_wconf 85' lang='lat' dir='ltr'><strong>te</strong></span> <span class='ocrx_word' id='word_1_202' title='bbox 851 2412 919 2466; x_wconf 66' lang='grc'>³⁸.</span> <span class='ocrx_word' id='word_1_203' title='bbox 973 2411 1239 2482; x_wconf 86' lang='lat' dir='ltr'><strong>Opinatus</strong></span> <span class='ocrx_word' id='word_1_204' title='bbox 1271 2425 1358 2468; x_wconf 87' lang='lat' dir='ltr'><strong>est</strong></span> <span class='ocrx_word' id='word_1_205' title='bbox 1401 2424 1582 2468; x_wconf 88' lang='lat' dir='ltr'><strong>autem</strong></span> <span class='ocrx_word' id='word_1_206' title='bbox 1616 2414 1760 2468; x_wconf 88' lang='lat' dir='ltr'><strong>hanc</strong></span> <span class='ocrx_word' id='word_1_207' title='bbox 1801 2424 2023 2469; x_wconf 83' lang='lat' dir='ltr'><strong>senten-</strong></span> 
     </span>
    </p>
   </div>
   <div class='ocr_carea' id='block_1_29' title="bbox 437 2504 2019 2575">
    <p class='ocr_par' dir='ltr' id='par_1_29' title="bbox 437 2504 2019 2575">
     <span class='ocr_line' id='line_1_29' title="bbox 437 2504 2019 2575; baseline -0.001 -15"><span class='ocrx_word' id='word_1_208' title='bbox 437 2507 593 2570; x_wconf 92' lang='lat' dir='ltr'><strong>tiam,</strong></span> <span class='ocrx_word' id='word_1_209' title='bbox 629 2505 1018 2575; x_wconf 66' lang='lat' dir='ltr'><strong>prmpositione</strong></span> <span class='ocrx_word' id='word_1_210' title='bbox 1072 2505 1162 2559; x_wconf 89' lang='lat' dir='ltr'><strong>illa</strong></span> <span class='ocrx_word' id='word_1_211' title='bbox 1211 2504 1296 2570; x_wconf 81' lang='grc' dir='ltr'><strong>ἐξ,</strong></span> <span class='ocrx_word' id='word_1_212' title='bbox 1349 2505 1491 2561; x_wconf 91' lang='lat' dir='ltr'><strong>cla</strong></span> <span class='ocrx_word' id='word_1_213' title='bbox 1556 2505 1700 2560; x_wconf 82' lang='lat' dir='ltr'><strong>furto</strong></span> <span class='ocrx_word' id='word_1_214' title='bbox 1727 2506 2019 2571; x_wconf 89' lang='lat' dir='ltr'><strong>subducta,</strong></span> 
     </span>
    </p>
   </div>
   <div class='ocr_carea' id='block_1_30' title="bbox 436 2597 2022 2668">
    <p class='ocr_par' dir='ltr' id='par_1_30' title="bbox 436 2597 2022 2668">
     <span class='ocr_line' id='line_1_30' title="bbox 436 2597 2022 2668; baseline -0.001 -14"><span class='ocrx_word' id='word_1_215' title='bbox 436 2614 560 2654; x_wconf 91' lang='lat' dir='ltr'><strong>cum</strong></span> <span class='ocrx_word' id='word_1_216' title='bbox 585 2597 839 2653; x_wconf 73' lang='lat' dir='ltr'><strong>haeretica</strong></span> <span class='ocrx_word' id='word_1_217' title='bbox 876 2599 1044 2668; x_wconf 88' lang='lat' dir='ltr'><strong>ipsius</strong></span> <span class='ocrx_word' id='word_1_218' title='bbox 1083 2599 1339 2667; x_wconf 89' lang='lat' dir='ltr'><strong>opinione</strong></span> <span class='ocrx_word' id='word_1_219' title='bbox 1383 2600 1842 2668; x_wconf 90' lang='lat' dir='ltr'><strong>conspiraturam.</strong></span> <span class='ocrx_word' id='word_1_220' title='bbox 1877 2598 2022 2666; x_wconf 83' lang='lat' dir='ltr'><strong>Quo-</strong></span> 
     </span>
    </p>
   </div>
   <div class='ocr_carea' id='block_1_31' title="bbox 434 2688 2024 2761">
    <p class='ocr_par' dir='ltr' id='par_1_31' title="bbox 434 2688 2024 2761">
     <span class='ocr_line' id='line_1_31' title="bbox 434 2688 2024 2761; baseline -0.001 -15"><span class='ocrx_word' id='word_1_221' title='bbox 434 2692 581 2746; x_wconf 90' lang='lat' dir='ltr'><strong>circa</strong></span> <span class='ocrx_word' id='word_1_222' title='bbox 600 2691 691 2744; x_wconf 93' lang='lat' dir='ltr'><strong>ubi</strong></span> <span class='ocrx_word' id='word_1_223' title='bbox 733 2691 993 2761; x_wconf 86' lang='lat' dir='ltr'><strong>syllabam</strong></span> <span class='ocrx_word' id='word_1_224' title='bbox 1028 2688 1172 2744; x_wconf 90' lang='lat' dir='ltr'><strong>illam</strong></span> <span class='ocrx_word' id='word_1_225' title='bbox 1203 2689 1779 2760; x_wconf 89' lang='lat' dir='ltr'><strong>congruentissimam,</strong></span> <span class='ocrx_word' id='word_1_226' title='bbox 1801 2689 1868 2746; x_wconf 91' lang='lat' dir='ltr'><strong>de</strong></span> <span class='ocrx_word' id='word_1_227' title='bbox 1890 2705 2024 2744; x_wconf 91' lang='lat' dir='ltr'><strong>voce</strong></span> 
     </span>
    </p>
   </div>
   <div class='ocr_carea' id='block_1_32' title="bbox 433 2781 2022 2853">
    <p class='ocr_par' dir='ltr' id='par_1_32' title="bbox 433 2781 2022 2853">
     <span class='ocr_line' id='line_1_32' title="bbox 433 2781 2022 2853; baseline 0 -15"><span class='ocrx_word' id='word_1_228' title='bbox 433 2793 713 2838; x_wconf 80' lang='lat' dir='ltr'><strong>exemerat</strong></span> <span class='ocrx_word' id='word_1_229' title='bbox 741 2782 1214 2853; x_wconf 78' lang='lat' dir='ltr'><strong>regenerationem</strong></span> <span class='ocrx_word' id='word_1_230' title='bbox 1253 2783 1372 2852; x_wconf 86' lang='lat' dir='ltr'><strong>ejus</strong></span> <span class='ocrx_word' id='word_1_231' title='bbox 1403 2783 1709 2852; x_wconf 89' lang='lat' dir='ltr'><strong>antiquam,</strong></span> <span class='ocrx_word' id='word_1_232' title='bbox 1744 2797 1846 2838; x_wconf 85' lang='lat' dir='ltr'><strong>nec</strong></span> <span class='ocrx_word' id='word_1_233' title='bbox 1875 2781 2022 2838; x_wconf 87' lang='lat' dir='ltr'><strong>aliud</strong></span> 
     </span>
    </p>
   </div>
   <div class='ocr_carea' id='block_1_33' title="bbox 435 2875 2020 2945">
    <p class='ocr_par' dir='ltr' id='par_1_33' title="bbox 435 2875 2020 2945">
     <span class='ocr_line' id='line_1_33' title="bbox 435 2875 2020 2945; baseline 0.001 -16"><span class='ocrx_word' id='word_1_234' title='bbox 435 2875 774 2945; x_wconf 88' lang='lat' dir='ltr'><strong>quidquam,</strong></span> <span class='ocrx_word' id='word_1_235' title='bbox 828 2875 932 2930; x_wconf 85' lang='lat' dir='ltr'><strong>hoc</strong></span> <span class='ocrx_word' id='word_1_236' title='bbox 981 2875 1196 2929; x_wconf 89' lang='lat' dir='ltr'><strong>volebat</strong></span> <span class='ocrx_word' id='word_1_237' title='bbox 1229 2875 1350 2929; x_wconf 88' lang='lat' dir='ltr'><strong>loco</strong></span> <span class='ocrx_word' id='word_1_238' title='bbox 1397 2875 1716 2930; x_wconf 91' lang='lat' dir='ltr'><strong>indicatam.</strong></span> <span class='ocrx_word' id='word_1_239' title='bbox 1760 2875 2020 2942; x_wconf 87' lang='lat' dir='ltr'><strong>Quando-</strong></span> 
     </span>
    </p>
   </div>
   <div class='ocr_carea' id='block_1_34' title="bbox 433 2967 2021 3038">
    <p class='ocr_par' dir='ltr' id='par_1_34' title="bbox 433 2967 2021 3038">
     <span class='ocr_line' id='line_1_34' title="bbox 433 2967 2021 3038; baseline 0.003 -20"><span class='ocrx_word' id='word_1_240' title='bbox 433 2967 652 3035; x_wconf 87' lang='lat' dir='ltr'><strong>quidem</strong></span> <span class='ocrx_word' id='word_1_241' title='bbox 703 2980 833 3020; x_wconf 88' lang='lat' dir='ltr'><strong>vero</strong></span> <span class='ocrx_word' id='word_1_242' title='bbox 864 2967 1328 3020; x_wconf 89' lang='lat' dir='ltr'><strong>vehementiorem</strong></span> <span class='ocrx_word' id='word_1_243' title='bbox 1394 2967 1447 3020; x_wconf 90' lang='lat' dir='ltr'><strong>in</strong></span> <span class='ocrx_word' id='word_1_244' title='bbox 1501 2967 1721 3022; x_wconf 89' lang='lat' dir='ltr'><strong>modum</strong></span> <span class='ocrx_word' id='word_1_245' title='bbox 1777 2983 1876 3038; x_wconf 89' lang='lat' dir='ltr'><strong>pro</strong></span> <span class='ocrx_word' id='word_1_246' title='bbox 1921 2982 2021 3023; x_wconf 92' lang='lat' dir='ltr'><strong>suo</strong></span> 
     </span>
    </p>
   </div>
   <div class='ocr_carea' id='block_1_35' title="bbox 2119 475 3701 551">
    <p class='ocr_par' dir='ltr' id='par_1_35' title="bbox 2119 475 3701 551">
     <span class='ocr_line' id='line_1_35' title="bbox 2119 475 3701 551; baseline 0.003 -22"><span class='ocrx_word' id='word_1_247' title='bbox 2119 476 2150 528; x_wconf 85' lang='grc' dir='ltr'>ὀ</span> <span class='ocrx_word' id='word_1_248' title='bbox 2207 475 2265 528; x_wconf 83' lang='grc' dir='ltr'>δὲ</span> <span class='ocrx_word' id='word_1_249' title='bbox 2325 476 2605 530; x_wconf 80' lang='grc' dir='ltr'>κάνταῦθα</span> <span class='ocrx_word' id='word_1_250' title='bbox 2673 477 2960 550; x_wconf 77' lang='grc' dir='ltr'>προσθήκῃ</span> <span class='ocrx_word' id='word_1_251' title='bbox 2995 477 3273 551; x_wconf 76' lang='grc' dir='ltr'>’κέχρηται</span> <span class='ocrx_word' id='word_1_252' title='bbox 3327 481 3393 550; x_wconf 82' lang='grc' dir='ltr'>τῇ</span> <span class='ocrx_word' id='word_1_253' title='bbox 3447 479 3701 551; x_wconf 71' lang='grc' dir='ltr'>μηδαμῶς</span> 
     </span>
    </p>
   </div>
   <div class='ocr_carea' id='block_1_36' title="bbox 2122 569 3701 643">
    <p class='ocr_par' dir='ltr' id='par_1_36' title="bbox 2122 569 3701 643">
     <span class='ocr_line' id='line_1_36' title="bbox 2122 569 3701 643; baseline 0.002 -22"><span class='ocrx_word' id='word_1_254' title='bbox 2122 569 2493 641; x_wconf 83' lang='grc' dir='ltr'>ἐμφερομένῃ,</span> <span class='ocrx_word' id='word_1_255' title='bbox 2533 569 2672 642; x_wconf 84' lang='grc' dir='ltr'>πρὸς</span> <span class='ocrx_word' id='word_1_256' title='bbox 2703 570 2766 622; x_wconf 83' lang='grc' dir='ltr'><strong>τὸ</strong></span> <span class='ocrx_word' id='word_1_257' title='bbox 2809 570 3269 642; x_wconf 80' lang='grc' dir='ltr'><strong>καταμέμφεσθαι</strong></span> <span class='ocrx_word' id='word_1_258' title='bbox 3293 570 3370 642; x_wconf 85' lang='grc' dir='ltr'>τῷ</span> <span class='ocrx_word' id='word_1_259' title='bbox 3403 571 3480 643; x_wconf 83' lang='grc' dir='ltr'>μὴ</span> <span class='ocrx_word' id='word_1_260' title='bbox 3515 571 3701 643; x_wconf 84' lang='grc' dir='ltr'>ὁμοίως</span> 
     </span>
    </p>
   </div>
   <div class='ocr_carea' id='block_1_37' title="bbox 2120 657 3687 733">
    <p class='ocr_par' dir='ltr' id='par_1_37' title="bbox 2120 657 3687 733">
     <span class='ocr_line' id='line_1_37' title="bbox 2120 657 3687 733; baseline 0 -19"><span class='ocrx_word' id='word_1_261' title='bbox 2120 661 2270 731; x_wconf 83' lang='grc' dir='ltr'>αὐτῷ</span> <span class='ocrx_word' id='word_1_262' title='bbox 2303 662 2588 730; x_wconf 86' lang='grc' dir='ltr'><strong>φάσκοντι·</strong></span> <span class='ocrx_word' id='word_1_263' title='bbox 2634 662 2972 715; x_wconf 83' lang='grc' dir='ltr'>Ἐπάκουσον</span> <span class='ocrx_word' id='word_1_264' title='bbox 2993 657 3085 715; x_wconf 81' lang='grc' dir='ltr'><strong>οὖν</strong></span> <span class='ocrx_word' id='word_1_265' title='bbox 3111 663 3261 725; x_wconf 81' lang='grc' dir='ltr'>ὅπως</span> <span class='ocrx_word' id='word_1_266' title='bbox 3285 662 3493 733; x_wconf 86' lang='grc' dir='ltr'>γράφει</span> <span class='ocrx_word' id='word_1_267' title='bbox 3515 661 3687 731; x_wconf 79' lang='grc' dir='ltr'>λέγων</span> 
     </span>
    </p>
   </div>
   <div class='ocr_carea' id='block_1_38' title="bbox 2128 752 3702 825">
    <p class='ocr_par' dir='ltr' id='par_1_38' title="bbox 2128 752 3702 825">
     <span class='ocr_line' id='line_1_38' title="bbox 2128 752 3702 825; baseline 0.001 -20"><span class='ocrx_word' id='word_1_268' title='bbox 2128 771 2148 804; x_wconf 84' lang='grc' dir='ltr'><strong>ι</strong></span> <span class='ocrx_word' id='word_1_269' title='bbox 2188 753 2288 806; x_wconf 85' lang='grc' dir='ltr'>Διά</span> <span class='ocrx_word' id='word_1_270' title='bbox 2318 752 2478 806; x_wconf 85' lang='grc' dir='ltr'>τοῦτο</span> <span class='ocrx_word' id='word_1_271' title='bbox 2518 753 2720 815; x_wconf 81' lang='grc' dir='ltr'>τοίνυν,</span> <span class='ocrx_word' id='word_1_272' title='bbox 2762 753 2910 806; x_wconf 84' lang='grc' dir='ltr'>δοκεῖ</span> <span class='ocrx_word' id='word_1_273' title='bbox 2945 771 3036 824; x_wconf 88' lang='grc' dir='ltr'><strong>μοι</strong></span> <span class='ocrx_word' id='word_1_274' title='bbox 3069 752 3251 817; x_wconf 86' lang='grc' dir='ltr'>καλῶς</span> <span class='ocrx_word' id='word_1_275' title='bbox 3290 753 3434 824; x_wconf 74' lang='grc' dir='ltr'>ἔχειν</span> <span class='ocrx_word' id='word_1_276' title='bbox 3466 771 3544 818; x_wconf 91' lang='grc' dir='ltr'><strong>τι,</strong></span> <span class='ocrx_word' id='word_1_277' title='bbox 3585 754 3702 825; x_wconf 67' lang='grc' dir='ltr'>περῒ</span> 
     </span>
    </p>
   </div>
   <div class='ocr_carea' id='block_1_39' title="bbox 2129 839 3704 918">
    <p class='ocr_par' dir='ltr' id='par_1_39' title="bbox 2129 839 3704 918">
     <span class='ocr_line' id='line_1_39' title="bbox 2129 839 3704 918; baseline 0.001 -22"><span class='ocrx_word' id='word_1_278' title='bbox 2129 863 2148 896; x_wconf 80' lang='grc' dir='ltr'><strong>ι</strong></span> <span class='ocrx_word' id='word_1_279' title='bbox 2185 839 2260 900; x_wconf 83' lang='grc' dir='ltr'>ὦν</span> <span class='ocrx_word' id='word_1_280' title='bbox 2290 846 2426 916; x_wconf 84' lang='grc' dir='ltr'>μηδέ</span> <span class='ocrx_word' id='word_1_281' title='bbox 2449 863 2536 898; x_wconf 91' lang='grc' dir='ltr'><strong>πω</strong></span> <span class='ocrx_word' id='word_1_282' title='bbox 2562 845 2826 918; x_wconf 85' lang='grc' dir='ltr'>πρότερον</span> <span class='ocrx_word' id='word_1_283' title='bbox 2851 845 2963 916; x_wconf 71' lang='lat'><strong>(&#39;77)</strong></span> <span class='ocrx_word' id='word_1_284' title='bbox 2995 845 3200 915; x_wconf 85' lang='grc' dir='ltr'>διῆλθε,</span> <span class='ocrx_word' id='word_1_285' title='bbox 3233 847 3351 899; x_wconf 73' lang='grc' dir='ltr'>νυνὶ</span> <span class='ocrx_word' id='word_1_286' title='bbox 3407 845 3653 900; x_wconf 82' lang='grc' dir='ltr'>διελθεῖν.</span> <span class='ocrx_word' id='word_1_287' title='bbox 3687 865 3704 897; x_wconf 76' lang='grc' dir='ltr'><strong>ι</strong></span> 
     </span>
    </p>
   </div>
   <div class='ocr_carea' id='block_1_40' title="bbox 2123 937 3707 1010">
    <p class='ocr_par' dir='ltr' id='par_1_40' title="bbox 2123 937 3707 1010">
     <span class='ocr_line' id='line_1_40' title="bbox 2123 937 3707 1010; baseline 0.001 -18"><span class='ocrx_word' id='word_1_288' title='bbox 2123 937 2206 992; x_wconf 80' lang='grc' dir='ltr'><strong>Τὰ</strong></span> <span class='ocrx_word' id='word_1_289' title='bbox 2250 938 2360 1010; x_wconf 84' lang='grc' dir='ltr'><strong>γὰρ</strong></span> <span class='ocrx_word' id='word_1_290' title='bbox 2393 942 2622 994; x_wconf 86' lang='grc' dir='ltr'>πλεῖστα</span> <span class='ocrx_word' id='word_1_291' title='bbox 2661 939 2770 993; x_wconf 86' lang='grc' dir='ltr'>τῶν</span> <span class='ocrx_word' id='word_1_292' title='bbox 2802 939 2893 992; x_wconf 85' lang='grc' dir='ltr'>ὑπ’</span> <span class='ocrx_word' id='word_1_293' title='bbox 2927 939 3094 993; x_wconf 83' lang='grc' dir='ltr'>αὑτοῦ</span> <span class='ocrx_word' id='word_1_294' title='bbox 3127 939 3472 1010; x_wconf 82' lang='grc' dir='ltr'><strong>γραφέντων,</strong></span> <span class='ocrx_word' id='word_1_295' title='bbox 3513 940 3580 992; x_wconf 80' lang='grc' dir='ltr'><strong>ἐκ</strong></span> <span class='ocrx_word' id='word_1_296' title='bbox 3606 939 3707 993; x_wconf 85' lang='grc' dir='ltr'>τῶν</span> 
     </span>
    </p>
   </div>
   <div class='ocr_carea' id='block_1_41' title="bbox 2122 1031 3706 1104">
    <p class='ocr_par' dir='ltr' id='par_1_41' title="bbox 2122 1031 3706 1104">
     <span class='ocr_line' id='line_1_41' title="bbox 2122 1031 3706 1104; baseline 0.001 -21"><span class='ocrx_word' id='word_1_297' title='bbox 2122 1031 2220 1102; x_wconf 75' lang='grc' dir='ltr'>ἥδη</span> <span class='ocrx_word' id='word_1_298' title='bbox 2247 1032 2666 1104; x_wconf 79' lang='grc' dir='ltr'><strong>προειρημένων</strong></span> <span class='ocrx_word' id='word_1_299' title='bbox 2703 1034 2835 1103; x_wconf 79' lang='grc' dir='ltr'>ἡμῖν</span> <span class='ocrx_word' id='word_1_300' title='bbox 2873 1032 3064 1101; x_wconf 85' lang='grc' dir='ltr'>γέγονε</span> <span class='ocrx_word' id='word_1_301' title='bbox 3095 1032 3250 1104; x_wconf 86' lang='grc' dir='ltr'>δῆλα.</span> <span class='ocrx_word' id='word_1_302' title='bbox 3299 1034 3395 1086; x_wconf 84' lang='grc' dir='ltr'>Ἐκ</span> <span class='ocrx_word' id='word_1_303' title='bbox 3428 1032 3706 1101; x_wconf 76' lang='grc' dir='ltr'>γαστρὸς,</span> 
     </span>
    </p>
   </div>
   <div class='ocr_carea' id='block_1_42' title="bbox 2124 1124 3709 1197">
    <p class='ocr_par' dir='ltr' id='par_1_42' title="bbox 2124 1124 3709 1197">
     <span class='ocr_line' id='line_1_42' title="bbox 2124 1124 3709 1197; baseline 0.001 -20"><span class='ocrx_word' id='word_1_304' title='bbox 2124 1125 2278 1195; x_wconf 78' lang='grc' dir='ltr'>φησὶ,</span> <span class='ocrx_word' id='word_1_305' title='bbox 2305 1124 2419 1193; x_wconf 81' lang='grc' dir='ltr'>πρὸ</span> <span class='ocrx_word' id='word_1_306' title='bbox 2449 1125 2758 1194; x_wconf 71' lang='grc' dir='ltr'>ἑωσφόρον</span> <span class='ocrx_word' id='word_1_307' title='bbox 2781 1125 2892 1196; x_wconf 84' lang='grc'><strong>(78)</strong></span> <span class='ocrx_word' id='word_1_308' title='bbox 2911 1125 3283 1194; x_wconf 64' lang='grc' dir='ltr'><strong>ἑξεῖ-ἐννησὰ</strong></span> <span class='ocrx_word' id='word_1_309' title='bbox 3309 1141 3403 1180; x_wconf 84' lang='grc' dir='ltr'><strong>σε.</strong></span> <span class='ocrx_word' id='word_1_310' title='bbox 3424 1127 3588 1197; x_wconf 81' lang='grc' dir='ltr'>’ᾩετο</span> <span class='ocrx_word' id='word_1_311' title='bbox 3605 1125 3709 1197; x_wconf 79' lang='grc' dir='ltr'><strong>γὰρ</strong></span> 
     </span>
    </p>
   </div>
   <div class='ocr_carea' id='block_1_43' title="bbox 2123 1217 3695 1290">
    <p class='ocr_par' dir='ltr' id='par_1_43' title="bbox 2123 1217 3695 1290">
     <span class='ocr_line' id='line_1_43' title="bbox 2123 1217 3695 1290; baseline 0.001 -20"><span class='ocrx_word' id='word_1_312' title='bbox 2123 1218 2341 1280; x_wconf 84' lang='grc' dir='ltr'>πάντως</span> <span class='ocrx_word' id='word_1_313' title='bbox 2369 1235 2470 1270; x_wconf 92' lang='grc' dir='ltr'><strong>που</strong></span> <span class='ocrx_word' id='word_1_314' title='bbox 2496 1218 2620 1289; x_wconf 82' lang='grc' dir='ltr'>τὴν,</span> <span class='ocrx_word' id='word_1_315' title='bbox 2651 1218 2730 1284; x_wconf 82' lang='grc' dir='ltr'><strong>ἐξ,</strong></span> <span class='ocrx_word' id='word_1_316' title='bbox 2761 1217 3020 1289; x_wconf 87' lang='grc' dir='ltr'>πρόθεσιν</span> <span class='ocrx_word' id='word_1_317' title='bbox 3047 1217 3347 1272; x_wconf 85' lang='grc' dir='ltr'>κλαπεῖσαν</span> <span class='ocrx_word' id='word_1_318' title='bbox 3383 1219 3695 1290; x_wconf 82' lang='grc' dir='ltr'>συνδραμεῖ-</span> 
     </span>
    </p>
   </div>
   <div class='ocr_carea' id='block_1_44' title="bbox 2125 1308 3710 1382">
    <p class='ocr_par' dir='ltr' id='par_1_44' title="bbox 2125 1308 3710 1382">
     <span class='ocr_line' id='line_1_44' title="bbox 2125 1308 3710 1382; baseline 0 -20"><span class='ocrx_word' id='word_1_319' title='bbox 2125 1309 2246 1362; x_wconf 88' lang='grc' dir='ltr'>σθαι</span> <span class='ocrx_word' id='word_1_320' title='bbox 2283 1311 2350 1380; x_wconf 85' lang='grc' dir='ltr'>τῇ</span> <span class='ocrx_word' id='word_1_321' title='bbox 2399 1309 2501 1378; x_wconf 82' lang='grc' dir='ltr'><strong>τῆς</strong></span> <span class='ocrx_word' id='word_1_322' title='bbox 2538 1309 2808 1382; x_wconf 80' lang='grc' dir='ltr'>αἱρέσεως</span> <span class='ocrx_word' id='word_1_323' title='bbox 2852 1308 3068 1381; x_wconf 84' lang='grc' dir='ltr'>γνώμῃ.</span> <span class='ocrx_word' id='word_1_324' title='bbox 3119 1310 3230 1374; x_wconf 81' lang='grc' dir='ltr'>Διὸ,</span> <span class='ocrx_word' id='word_1_325' title='bbox 3269 1310 3331 1363; x_wconf 84' lang='grc' dir='ltr'><strong>τδ</strong></span> <span class='ocrx_word' id='word_1_326' title='bbox 3371 1308 3710 1381; x_wconf 83' lang='grc' dir='ltr'>κυριώτατον</span> 
     </span>
    </p>
   </div>
   <div class='ocr_carea' id='block_1_45' title="bbox 2121 1399 3710 1473">
    <p class='ocr_par' dir='ltr' id='par_1_45' title="bbox 2121 1399 3710 1473">
     <span class='ocr_line' id='line_1_45' title="bbox 2121 1399 3710 1473; baseline -0.001 -17"><span class='ocrx_word' id='word_1_327' title='bbox 2121 1402 2222 1472; x_wconf 82' lang='grc' dir='ltr'>τῆς</span> <span class='ocrx_word' id='word_1_328' title='bbox 2246 1401 2515 1473; x_wconf 66' lang='grc' dir='ltr'>συλλαϐῆς</span> <span class='ocrx_word' id='word_1_329' title='bbox 2531 1400 2749 1465; x_wconf 76' lang='grc' dir='ltr'>ἐξελὼν,</span> <span class='ocrx_word' id='word_1_330' title='bbox 2775 1401 2874 1472; x_wconf 88' lang='grc' dir='ltr'><strong>τὴν</strong></span> <span class='ocrx_word' id='word_1_331' title='bbox 2893 1400 3130 1473; x_wconf 80' lang='grc' dir='ltr'>ἀρχαίαν</span> <span class='ocrx_word' id='word_1_332' title='bbox 3157 1399 3324 1454; x_wconf 82' lang='grc' dir='ltr'>αὑτοῦ</span> <span class='ocrx_word' id='word_1_333' title='bbox 3349 1400 3710 1472; x_wconf 81' lang='grc' dir='ltr'>άναγέννησιν</span> 
     </span>
    </p>
   </div>
   <div class='ocr_carea' id='block_1_46' title="bbox 2125 1493 3710 1566">
    <p class='ocr_par' dir='ltr' id='par_1_46' title="bbox 2125 1493 3710 1566">
     <span class='ocr_line' id='line_1_46' title="bbox 2125 1493 3710 1566; baseline -0.002 -18"><span class='ocrx_word' id='word_1_334' title='bbox 2125 1494 2369 1565; x_wconf 80' lang='grc' dir='ltr'>σημῆναι</span> <span class='ocrx_word' id='word_1_335' title='bbox 2409 1494 2698 1566; x_wconf 74' lang='grc' dir='ltr'>ἐϐουλήθη.</span> <span class='ocrx_word' id='word_1_336' title='bbox 2736 1495 2848 1549; x_wconf 75' lang='grc' dir='ltr'>Καὶ</span> <span class='ocrx_word' id='word_1_337' title='bbox 2881 1495 3182 1564; x_wconf 78' lang='grc' dir='ltr'>ἐπειδήπερ</span> <span class='ocrx_word' id='word_1_338' title='bbox 3221 1496 3280 1547; x_wconf 88' lang='grc' dir='ltr'><strong>ἐν</strong></span> <span class='ocrx_word' id='word_1_339' title='bbox 3314 1493 3526 1556; x_wconf 83' lang='grc' dir='ltr'>τούτοις</span> <span class='ocrx_word' id='word_1_340' title='bbox 3560 1495 3710 1562; x_wconf 76' lang='grc' dir='ltr'>ἰσχυ-</span> 
     </span>
    </p>
   </div>
   <div class='ocr_carea' id='block_1_47' title="bbox 2127 1583 3711 1655">
    <p class='ocr_par' dir='ltr' id='par_1_47' title="bbox 2127 1583 3711 1655">
     <span class='ocr_line' id='line_1_47' title="bbox 2127 1583 3711 1655; baseline -0.001 -19"><span class='ocrx_word' id='word_1_341' title='bbox 2127 1583 2236 1654; x_wconf 84' lang='grc' dir='ltr'><strong>ρῶς</strong></span> <span class='ocrx_word' id='word_1_342' title='bbox 2286 1584 2576 1638; x_wconf 83' lang='grc' dir='ltr'>διετείνετο</span> <span class='ocrx_word' id='word_1_343' title='bbox 2625 1584 2754 1655; x_wconf 77' lang='grc' dir='ltr'>περὶ</span> <span class='ocrx_word' id='word_1_344' title='bbox 2810 1583 2901 1638; x_wconf 82' lang='grc' dir='ltr'>τοῦ</span> <span class='ocrx_word' id='word_1_345' title='bbox 2957 1585 3159 1638; x_wconf 76' lang='grc' dir='ltr'>οἰκείου</span> <span class='ocrx_word' id='word_1_346' title='bbox 3220 1584 3560 1653; x_wconf 83' lang='grc' dir='ltr'>σφάλματος,</span> <span class='ocrx_word' id='word_1_347' title='bbox 3623 1584 3711 1636; x_wconf 81' lang='grc' dir='ltr'><strong>τὸν</strong></span> 
     </span>
    </p>
   </div>
   <div class='ocr_carea' id='block_1_48' title="bbox 2124 1675 3711 1748">
    <p class='ocr_par' dir='ltr' id='par_1_48' title="bbox 2124 1675 3711 1748">
     <span class='ocr_line' id='line_1_48' title="bbox 2124 1675 3711 1748; baseline 0.001 -21"><span class='ocrx_word' id='word_1_348' title='bbox 2124 1676 2300 1746; x_wconf 81' lang='grc' dir='ltr'>ὀρθῶς</span> <span class='ocrx_word' id='word_1_349' title='bbox 2315 1675 2602 1748; x_wconf 75' lang='grc' dir='ltr'>γράψαντα</span> <span class='ocrx_word' id='word_1_350' title='bbox 2631 1675 3008 1747; x_wconf 82' lang='grc' dir='ltr'>μεμψάμενος,</span> <span class='ocrx_word' id='word_1_351' title='bbox 3031 1677 3181 1730; x_wconf 84' lang='grc' dir='ltr'>οὐδὲν</span> <span class='ocrx_word' id='word_1_352' title='bbox 3203 1676 3366 1739; x_wconf 84' lang='grc' dir='ltr'>αὐτὸς</span> <span class='ocrx_word' id='word_1_353' title='bbox 3388 1675 3561 1729; x_wconf 77' lang='grc' dir='ltr'>εἰπὼν</span> <span class='ocrx_word' id='word_1_354' title='bbox 3600 1677 3711 1739; x_wconf 83' lang='grc' dir='ltr'>τοῖς</span> 
     </span>
    </p>
   </div>
   <div class='ocr_carea' id='block_1_49' title="bbox 2125 1767 3712 1840">
    <p class='ocr_par' dir='ltr' id='par_1_49' title="bbox 2125 1767 3712 1840">
     <span class='ocr_line' id='line_1_49' title="bbox 2125 1767 3712 1840; baseline -0.001 -19"><span class='ocrx_word' id='word_1_355' title='bbox 2125 1768 2532 1838; x_wconf 87' lang='grc' dir='ltr'>ἐντυγχάνουσι,</span> <span class='ocrx_word' id='word_1_356' title='bbox 2553 1769 2654 1840; x_wconf 85' lang='grc' dir='ltr'>τὴν</span> <span class='ocrx_word' id='word_1_357' title='bbox 2680 1767 2849 1839; x_wconf 81' lang='grc' dir='ltr'>αὐτὴν</span> <span class='ocrx_word' id='word_1_358' title='bbox 2877 1769 2975 1839; x_wconf 85' lang='grc' dir='ltr'>τῆς</span> <span class='ocrx_word' id='word_1_359' title='bbox 2995 1767 3354 1837; x_wconf 83' lang='grc' dir='ltr'>ἀναγνώσεως</span> <span class='ocrx_word' id='word_1_360' title='bbox 3375 1767 3712 1838; x_wconf 84' lang='grc' dir='ltr'>παραδίδωσι</span> 
     </span>
    </p>
   </div>
   <div class='ocr_carea' id='block_1_50' title="bbox 2128 1856 3713 1933">
    <p class='ocr_par' dir='ltr' id='par_1_50' title="bbox 2128 1856 3713 1933">
     <span class='ocr_line' id='line_1_50' title="bbox 2128 1856 3713 1933; baseline -0.001 -19"><span class='ocrx_word' id='word_1_361' title='bbox 2128 1861 2454 1933; x_wconf 81' lang='grc' dir='ltr'>μαρτυρίαν.</span> <span class='ocrx_word' id='word_1_362' title='bbox 2507 1859 2720 1932; x_wconf 83' lang='grc' dir='ltr'>Προϊὼν</span> <span class='ocrx_word' id='word_1_363' title='bbox 2767 1860 2812 1912; x_wconf 84' lang='grc' dir='ltr'>δ’</span> <span class='ocrx_word' id='word_1_364' title='bbox 2863 1856 3020 1924; x_wconf 84' lang='grc' dir='ltr'>αὖθις</span> <span class='ocrx_word' id='word_1_365' title='bbox 3059 1862 3088 1913; x_wconf 87' lang='grc' dir='ltr'>ὁ</span> <span class='ocrx_word' id='word_1_366' title='bbox 3133 1860 3316 1925; x_wconf 80' lang='grc' dir='ltr'>αὐτὸς,</span> <span class='ocrx_word' id='word_1_367' title='bbox 3365 1860 3578 1928; x_wconf 78' lang='grc' dir='ltr'>εἰσάγει</span> <span class='ocrx_word' id='word_1_368' title='bbox 3621 1858 3713 1912; x_wconf 77' lang='grc' dir='ltr'><strong>τὸν</strong></span> 
     </span>
    </p>
   </div>
   <div class='ocr_carea' id='block_1_51' title="bbox 2124 1944 3714 2024">
    <p class='ocr_par' dir='ltr' id='par_1_51' title="bbox 2124 1944 3714 2024">
     <span class='ocr_line' id='line_1_51' title="bbox 2124 1944 3714 2024; baseline 0.001 -19"><span class='ocrx_word' id='word_1_369' title='bbox 2124 1953 2354 2024; x_wconf 81' lang='grc' dir='ltr'>Σωτῆρα</span> <span class='ocrx_word' id='word_1_370' title='bbox 2383 1953 2641 2021; x_wconf 79' lang='grc' dir='ltr'><strong>λέγοντα⁸</strong></span> <span class='ocrx_word' id='word_1_371' title='bbox 2701 1951 2842 2020; x_wconf 77' lang='grc' dir='ltr'><strong>Ἐγώ</strong></span> <span class='ocrx_word' id='word_1_372' title='bbox 2873 1953 2992 2021; x_wconf 79' lang='grc' dir='ltr'>εἰμι</span> <span class='ocrx_word' id='word_1_373' title='bbox 3035 1953 3074 2020; x_wconf 76' lang='grc' dir='ltr'>ἡ</span> <span class='ocrx_word' id='word_1_374' title='bbox 3112 1951 3322 2020; x_wconf 76' lang='grc' dir='ltr'>ἡμέρα·</span> <span class='ocrx_word' id='word_1_375' title='bbox 3355 1944 3459 2004; x_wconf 85' lang='grc' dir='ltr'>ὧδέ</span> <span class='ocrx_word' id='word_1_376' title='bbox 3489 1968 3568 2021; x_wconf 87' lang='grc' dir='ltr'><strong>πη</strong></span> <span class='ocrx_word' id='word_1_377' title='bbox 3613 1951 3714 2018; x_wconf 71' lang='grc' dir='ltr'>φάν·</span> 
     </span>
    </p>
   </div>
   <div class='ocr_carea' id='block_1_52' title="bbox 2125 2041 3714 2115">
    <p class='ocr_par' dir='ltr' id='par_1_52' title="bbox 2125 2041 3714 2115">
     <span class='ocr_line' id='line_1_52' title="bbox 2125 2041 3714 2115; baseline -0.001 -18"><span class='ocrx_word' id='word_1_378' title='bbox 2125 2062 2302 2098; x_wconf 83' lang='grc' dir='ltr'>σκων·</span> <span class='ocrx_word' id='word_1_379' title='bbox 2346 2063 2364 2096; x_wconf 84' lang='grc' dir='ltr'><strong>ι</strong></span> <span class='ocrx_word' id='word_1_380' title='bbox 2403 2045 2638 2106; x_wconf 86' lang='grc' dir='ltr'>Σκότους</span> <span class='ocrx_word' id='word_1_381' title='bbox 2674 2043 2783 2114; x_wconf 86' lang='grc' dir='ltr'><strong>γὰρ</strong></span> <span class='ocrx_word' id='word_1_382' title='bbox 2813 2043 2966 2107; x_wconf 76' lang='grc' dir='ltr'>ὄντος</span> <span class='ocrx_word' id='word_1_383' title='bbox 3007 2045 3294 2115; x_wconf 77' lang='grc' dir='ltr'>πρότερον,</span> <span class='ocrx_word' id='word_1_384' title='bbox 3335 2042 3425 2096; x_wconf 83' lang='grc' dir='ltr'>διὰ</span> <span class='ocrx_word' id='word_1_385' title='bbox 3466 2043 3567 2114; x_wconf 78' lang='grc' dir='ltr'><strong>τὴν</strong></span> <span class='ocrx_word' id='word_1_386' title='bbox 3616 2041 3714 2111; x_wconf 81' lang='grc' dir='ltr'>τῆς</span> 
     </span>
    </p>
   </div>
   <div class='ocr_carea' id='block_1_53' title="bbox 2128 2133 3714 2206">
    <p class='ocr_par' dir='ltr' id='par_1_53' title="bbox 2128 2133 3714 2206">
     <span class='ocr_line' id='line_1_53' title="bbox 2128 2133 3714 2206; baseline -0.001 -18"><span class='ocrx_word' id='word_1_387' title='bbox 2128 2155 2146 2188; x_wconf 87' lang='grc' dir='ltr'><strong>ι</strong></span> <span class='ocrx_word' id='word_1_388' title='bbox 2186 2135 2497 2199; x_wconf 79' lang='grc' dir='ltr'>θεοσεϐείας</span> <span class='ocrx_word' id='word_1_389' title='bbox 2524 2135 2768 2202; x_wconf 82' lang='grc' dir='ltr'>ἄγνοιαν,</span> <span class='ocrx_word' id='word_1_390' title='bbox 2804 2135 2904 2204; x_wconf 74' lang='grc' dir='ltr'>τῆς</span> <span class='ocrx_word' id='word_1_391' title='bbox 2929 2134 2987 2187; x_wconf 84' lang='grc' dir='ltr'>δὲ</span> <span class='ocrx_word' id='word_1_392' title='bbox 3012 2134 3228 2206; x_wconf 85' lang='grc' dir='ltr'>ἡμέρας</span> <span class='ocrx_word' id='word_1_393' title='bbox 3265 2133 3556 2202; x_wconf 86' lang='grc' dir='ltr'>φαίνεσθαι</span> <span class='ocrx_word' id='word_1_394' title='bbox 3585 2133 3714 2204; x_wconf 80' lang='grc' dir='ltr'>μελ-</span> 
     </span>
    </p>
   </div>
   <div class='ocr_carea' id='block_1_54' title="bbox 2122 2225 3717 2299">
    <p class='ocr_par' dir='ltr' id='par_1_54' title="bbox 2122 2225 3717 2299">
     <span class='ocr_line' id='line_1_54' title="bbox 2122 2225 3717 2299; baseline -0.003 -18"><span class='ocrx_word' id='word_1_395' title='bbox 2122 2227 2339 2299; x_wconf 83' lang='grc' dir='ltr'>λούσης,</span> <span class='ocrx_word' id='word_1_396' title='bbox 2393 2226 2541 2296; x_wconf 78' lang='grc' dir='ltr'><strong>Ἐγὼ</strong></span> <span class='ocrx_word' id='word_1_397' title='bbox 2574 2225 2686 2297; x_wconf 71' lang='grc' dir='ltr'>γάρ</span> <span class='ocrx_word' id='word_1_398' title='bbox 2713 2228 2850 2295; x_wconf 77' lang='grc' dir='ltr'>εἰμι,</span> <span class='ocrx_word' id='word_1_399' title='bbox 2887 2226 3074 2297; x_wconf 75' lang='grc' dir='ltr'>φησὶν,</span> <span class='ocrx_word' id='word_1_400' title='bbox 3115 2226 3154 2292; x_wconf 77' lang='grc' dir='ltr'>ἡ</span> <span class='ocrx_word' id='word_1_401' title='bbox 3189 2225 3380 2295; x_wconf 74' lang='grc' dir='ltr'>ἡμέρα</span> <span class='ocrx_word' id='word_1_402' title='bbox 3401 2226 3534 2295; x_wconf 85' lang='lat'><strong>(79).</strong></span> <span class='ocrx_word' id='word_1_403' title='bbox 3567 2245 3586 2276; x_wconf 72' lang='grc' dir='ltr'><strong>ι</strong></span> <span class='ocrx_word' id='word_1_404' title='bbox 3624 2227 3717 2278; x_wconf 83' lang='grc' dir='ltr'><strong>Εἰ-</strong></span> 
     </span>
    </p>
   </div>
   <div class='ocr_carea' id='block_1_55' title="bbox 2123 2320 3716 2394">
    <p class='ocr_par' dir='ltr' id='par_1_55' title="bbox 2123 2320 3716 2394">
     <span class='ocr_line' id='line_1_55' title="bbox 2123 2320 3716 2394; baseline -0.001 -18"><span class='ocrx_word' id='word_1_405' title='bbox 2123 2322 2296 2386; x_wconf 86' lang='grc' dir='ltr'>κότως</span> <span class='ocrx_word' id='word_1_406' title='bbox 2324 2321 2413 2374; x_wconf 79' lang='grc' dir='ltr'><strong>τὸν</strong></span> <span class='ocrx_word' id='word_1_407' title='bbox 2444 2321 2648 2392; x_wconf 81' lang='grc' dir='ltr'>ἀστέρα</span> <span class='ocrx_word' id='word_1_408' title='bbox 2688 2320 2964 2391; x_wconf 76' lang='grc' dir='ltr'>ἑωσφόρον</span> <span class='ocrx_word' id='word_1_409' title='bbox 3002 2321 3277 2392; x_wconf 78' lang='grc' dir='ltr'>ὀνομάζει.</span> <span class='ocrx_word' id='word_1_410' title='bbox 3308 2321 3419 2374; x_wconf 80' lang='grc' dir='ltr'>Καὶ</span> <span class='ocrx_word' id='word_1_411' title='bbox 3451 2322 3512 2373; x_wconf 85' lang='grc' dir='ltr'><strong>ἐν</strong></span> <span class='ocrx_word' id='word_1_412' title='bbox 3541 2321 3716 2394; x_wconf 82' lang='grc' dir='ltr'>ἑτέρῳ</span> 
     </span>
    </p>
   </div>
   <div class='ocr_carea' id='block_1_56' title="bbox 2121 2413 3714 2487">
    <p class='ocr_par' dir='ltr' id='par_1_56' title="bbox 2121 2413 3714 2487">
     <span class='ocr_line' id='line_1_56' title="bbox 2121 2413 3714 2487; baseline -0.001 -19"><span class='ocrx_word' id='word_1_413' title='bbox 2121 2419 2274 2486; x_wconf 85' lang='grc' dir='ltr'>τόπῳ</span> <span class='ocrx_word' id='word_1_414' title='bbox 2306 2413 2468 2485; x_wconf 85' lang='grc' dir='ltr'>φησίν</span> <span class='ocrx_word' id='word_1_415' title='bbox 2487 2431 2499 2444; x_wconf 87' lang='grc'><strong>·</strong></span> <span class='ocrx_word' id='word_1_416' title='bbox 2527 2434 2546 2466; x_wconf 85' lang='grc' dir='ltr'><strong>ι</strong></span> <span class='ocrx_word' id='word_1_417' title='bbox 2570 2414 2787 2485; x_wconf 82' lang='grc' dir='ltr'>Ἐπειδὴ</span> <span class='ocrx_word' id='word_1_418' title='bbox 2807 2413 2946 2485; x_wconf 89' lang='grc' dir='ltr'><strong>μετά</strong></span> <span class='ocrx_word' id='word_1_419' title='bbox 2959 2413 3056 2484; x_wconf 83' lang='grc' dir='ltr'>τὴν</span> <span class='ocrx_word' id='word_1_420' title='bbox 3077 2415 3177 2485; x_wconf 82' lang='grc' dir='ltr'>τῆς</span> <span class='ocrx_word' id='word_1_421' title='bbox 3199 2415 3398 2486; x_wconf 85' lang='grc' dir='ltr'>σαρκὸς</span> <span class='ocrx_word' id='word_1_422' title='bbox 3419 2414 3714 2487; x_wconf 82' lang='grc' dir='ltr'>ἀνάληψιν,</span> 
     </span>
    </p>
   </div>
   <div class='ocr_carea' id='block_1_57' title="bbox 2129 2504 3716 2578">
    <p class='ocr_par' dir='ltr' id='par_1_57' title="bbox 2129 2504 3716 2578">
     <span class='ocr_line' id='line_1_57' title="bbox 2129 2504 3716 2578; baseline 0 -20"><span class='ocrx_word' id='word_1_423' title='bbox 2129 2526 2148 2558; x_wconf 85' lang='grc'><strong>‹</strong></span> <span class='ocrx_word' id='word_1_424' title='bbox 2189 2506 2422 2578; x_wconf 87' lang='grc' dir='ltr'>Χριστός</span> <span class='ocrx_word' id='word_1_425' title='bbox 2462 2522 2521 2558; x_wconf 86' lang='grc' dir='ltr'><strong>τε</strong></span> <span class='ocrx_word' id='word_1_426' title='bbox 2555 2506 2650 2558; x_wconf 78' lang='grc' dir='ltr'>καὶ</span> <span class='ocrx_word' id='word_1_427' title='bbox 2709 2504 2918 2575; x_wconf 80' lang='grc' dir='ltr'>Ἰησοῦς</span> <span class='ocrx_word' id='word_1_428' title='bbox 2957 2505 3308 2576; x_wconf 81' lang='grc' dir='ltr'>κηρύττεται,</span> <span class='ocrx_word' id='word_1_429' title='bbox 3345 2505 3459 2576; x_wconf 76' lang='grc' dir='ltr'><strong>ζωή</strong></span> <span class='ocrx_word' id='word_1_430' title='bbox 3514 2523 3576 2558; x_wconf 88' lang='grc' dir='ltr'><strong>τε</strong></span> <span class='ocrx_word' id='word_1_431' title='bbox 3618 2504 3716 2559; x_wconf 76' lang='grc' dir='ltr'>καὶ</span> 
     </span>
    </p>
   </div>
   <div class='ocr_carea' id='block_1_58' title="bbox 2121 2594 3715 2669">
    <p class='ocr_par' dir='ltr' id='par_1_58' title="bbox 2121 2594 3715 2669">
     <span class='ocr_line' id='line_1_58' title="bbox 2121 2594 3715 2669; baseline -0.001 -15"><span class='ocrx_word' id='word_1_432' title='bbox 2121 2600 2240 2663; x_wconf 83' lang='grc' dir='ltr'>ὁδὸς</span> <span class='ocrx_word' id='word_1_433' title='bbox 2275 2598 2371 2652; x_wconf 76' lang='grc' dir='ltr'><strong>καὶ</strong></span> <span class='ocrx_word' id='word_1_434' title='bbox 2402 2599 2605 2669; x_wconf 84' lang='grc' dir='ltr'>ἡμέρα.</span> <span class='ocrx_word' id='word_1_435' title='bbox 2649 2619 2668 2651; x_wconf 71' lang='grc' dir='ltr'><strong>ι</strong></span> <span class='ocrx_word' id='word_1_436' title='bbox 2716 2598 2828 2650; x_wconf 74' lang='grc' dir='ltr'><strong>Καὶ</strong></span> <span class='ocrx_word' id='word_1_437' title='bbox 2860 2594 3018 2660; x_wconf 79' lang='grc' dir='ltr'>αὖθις</span> <span class='ocrx_word' id='word_1_438' title='bbox 3046 2597 3253 2669; x_wconf 87' lang='grc' dir='ltr'>προῖὼν</span> <span class='ocrx_word' id='word_1_439' title='bbox 3284 2597 3376 2651; x_wconf 80' lang='grc' dir='ltr'>τοῦ</span> <span class='ocrx_word' id='word_1_440' title='bbox 3409 2598 3715 2663; x_wconf 76' lang='grc' dir='ltr'>ἀποστόλου</span> 
     </span>
    </p>
   </div>
   <div class='ocr_carea' id='block_1_59' title="bbox 2121 2687 3713 2760">
    <p class='ocr_par' dir='ltr' id='par_1_59' title="bbox 2121 2687 3713 2760">
     <span class='ocr_line' id='line_1_59' title="bbox 2121 2687 3713 2760; baseline 0 -16"><span class='ocrx_word' id='word_1_441' title='bbox 2121 2691 2304 2760; x_wconf 86' lang='grc' dir='ltr'>τίθησι</span> <span class='ocrx_word' id='word_1_442' title='bbox 2332 2689 2412 2754; x_wconf 84' lang='grc' dir='ltr'><strong>τὸ,</strong></span> <span class='ocrx_word' id='word_1_443' title='bbox 2453 2690 2519 2743; x_wconf 87' lang='grc' dir='ltr'><em>Ἠ</em></span> <span class='ocrx_word' id='word_1_444' title='bbox 2545 2687 2614 2741; x_wconf 84' lang='grc' dir='ltr'>δὲ</span> <span class='ocrx_word' id='word_1_445' title='bbox 2644 2689 2904 2758; x_wconf 69' lang='grc' dir='ltr'>ἡμετέρα</span> <span class='ocrx_word' id='word_1_446' title='bbox 2941 2688 3332 2758; x_wconf 77' lang='grc' dir='ltr'>Ἰερουσαλὴμ</span> <span class='ocrx_word' id='word_1_447' title='bbox 3360 2688 3484 2742; x_wconf 78' lang='grc' dir='ltr'>ἀνω</span> <span class='ocrx_word' id='word_1_448' title='bbox 3515 2691 3713 2744; x_wconf 76' lang='grc' dir='ltr'>ἐστίν.</span> 
     </span>
    </p>
   </div>
   <div class='ocr_carea' id='block_1_60' title="bbox 2123 2781 3715 2854">
    <p class='ocr_par' dir='ltr' id='par_1_60' title="bbox 2123 2781 3715 2854">
     <span class='ocr_line' id='line_1_60' title="bbox 2123 2781 3715 2854; baseline 0 -18"><span class='ocrx_word' id='word_1_449' title='bbox 2123 2783 2234 2837; x_wconf 74' lang='grc' dir='ltr'><strong>Καὶ</strong></span> <span class='ocrx_word' id='word_1_450' title='bbox 2265 2783 2317 2836; x_wconf 84' lang='grc' dir='ltr'><strong>τί</strong></span> <span class='ocrx_word' id='word_1_451' title='bbox 2350 2800 2417 2854; x_wconf 92' lang='grc' dir='ltr'><strong>με</strong></span> <span class='ocrx_word' id='word_1_452' title='bbox 2445 2782 2528 2835; x_wconf 87' lang='grc' dir='ltr'>δεῖ</span> <span class='ocrx_word' id='word_1_453' title='bbox 2563 2781 2852 2854; x_wconf 86' lang='grc' dir='ltr'>μηκύνειν,</span> <span class='ocrx_word' id='word_1_454' title='bbox 2886 2782 3063 2853; x_wconf 82' lang='grc' dir='ltr'>παρὸν</span> <span class='ocrx_word' id='word_1_455' title='bbox 3090 2781 3168 2851; x_wconf 80' lang='grc' dir='ltr'>τῷ</span> <span class='ocrx_word' id='word_1_456' title='bbox 3187 2781 3499 2852; x_wconf 80' lang='grc' dir='ltr'>βουλομένῳ</span> <span class='ocrx_word' id='word_1_457' title='bbox 3515 2784 3580 2835; x_wconf 80' lang='grc' dir='ltr'><strong>ἐκ</strong></span> <span class='ocrx_word' id='word_1_458' title='bbox 3605 2784 3715 2836; x_wconf 82' lang='grc' dir='ltr'>τῶν</span> 
     </span>
    </p>
   </div>
   <div class='ocr_carea' id='block_1_61' title="bbox 2125 2872 3717 2947">
    <p class='ocr_par' dir='ltr' id='par_1_61' title="bbox 2125 2872 3717 2947">
     <span class='ocr_line' id='line_1_61' title="bbox 2125 2872 3717 2947; baseline -0.001 -18"><span class='ocrx_word' id='word_1_459' title='bbox 2125 2875 2538 2947; x_wconf 81' lang='grc' dir='ltr'>προειρημένων</span> <span class='ocrx_word' id='word_1_460' title='bbox 2583 2873 2653 2927; x_wconf 82' lang='grc' dir='ltr'>τὰ</span> <span class='ocrx_word' id='word_1_461' title='bbox 2699 2872 3059 2944; x_wconf 80' lang='grc' dir='ltr'>παραπλήσια</span> <span class='ocrx_word' id='word_1_462' title='bbox 3092 2873 3158 2924; x_wconf 86' lang='grc' dir='ltr'><strong>ἐκ</strong></span> <span class='ocrx_word' id='word_1_463' title='bbox 3201 2872 3296 2926; x_wconf 77' lang='grc' dir='ltr'>τοῦ</span> <span class='ocrx_word' id='word_1_464' title='bbox 3336 2874 3542 2937; x_wconf 84' lang='grc' dir='ltr'>παντὸς</span> <span class='ocrx_word' id='word_1_465' title='bbox 3586 2891 3717 2942; x_wconf 80' lang='grc' dir='ltr'>συγ-</span> 
     </span>
    </p>
   </div>
   <div class='ocr_carea' id='block_1_62' title="bbox 2124 2963 3716 3038">
    <p class='ocr_par' dir='ltr' id='par_1_62' title="bbox 2124 2963 3716 3038">
     <span class='ocr_line' id='line_1_62' title="bbox 2124 2963 3716 3038; baseline -0.001 -18"><span class='ocrx_word' id='word_1_466' title='bbox 2124 2967 2450 3038; x_wconf 76' lang='grc' dir='ltr'>γράμματος</span> <span class='ocrx_word' id='word_1_467' title='bbox 2481 2965 2860 3034; x_wconf 80' lang='grc' dir='ltr'>ἀναλέγεσθαι,</span> <span class='ocrx_word' id='word_1_468' title='bbox 2903 2965 2998 3018; x_wconf 75' lang='grc' dir='ltr'><strong>καὶ</strong></span> <span class='ocrx_word' id='word_1_469' title='bbox 3039 2963 3100 3017; x_wconf 81' lang='grc' dir='ltr'><strong>τὸ</strong></span> <span class='ocrx_word' id='word_1_470' title='bbox 3132 2964 3356 3036; x_wconf 82' lang='grc' dir='ltr'>εὐχερὲς</span> <span class='ocrx_word' id='word_1_471' title='bbox 3383 2965 3482 3018; x_wconf 77' lang='grc' dir='ltr'>τοῦ</span> <span class='ocrx_word' id='word_1_472' title='bbox 3526 2967 3716 3038; x_wconf 77' lang='grc' dir='ltr'>ἀνδρὸς</span> 
     </span>
    </p>
   </div>
   <div class='ocr_carea' id='block_1_63' title="bbox 435 3053 2006 3152">
    <p class='ocr_par' dir='ltr' id='par_1_63' title="bbox 435 3056 2006 3130">
     <span class='ocr_line' id='line_1_63' title="bbox 435 3056 2006 3130; baseline 0.001 -17"><span class='ocrx_word' id='word_1_473' title='bbox 435 3059 524 3113; x_wconf 88' lang='lat' dir='ltr'><strong>hic</strong></span> <span class='ocrx_word' id='word_1_474' title='bbox 547 3072 738 3112; x_wconf 90' lang='lat' dir='ltr'><strong>errore</strong></span> <span class='ocrx_word' id='word_1_475' title='bbox 769 3056 1171 3112; x_wconf 89' lang='lat' dir='ltr'><strong>concertaverit</strong></span> <span class='ocrx_word' id='word_1_476' title='bbox 1199 3099 1215 3124; x_wconf 90' lang='lat'><strong>,</strong></span> <span class='ocrx_word' id='word_1_477' title='bbox 1248 3057 1342 3113; x_wconf 91' lang='lat' dir='ltr'><strong>illo</strong></span> <span class='ocrx_word' id='word_1_478' title='bbox 1373 3059 1710 3128; x_wconf 71' lang='lat' dir='ltr'><strong>reprehenso</strong></span> <span class='ocrx_word' id='word_1_479' title='bbox 1746 3059 1840 3130; x_wconf 89' lang='lat' dir='ltr'><strong>qui</strong></span> <span class='ocrx_word' id='word_1_480' title='bbox 1873 3069 2006 3115; x_wconf 69' lang='lat' dir='ltr'><strong>recte</strong></span> 
     </span>
    </p>
   </div>
   <div class='ocr_carea' id='block_1_64' title="bbox 2129 3053 3718 3152">
    <p class='ocr_par' dir='ltr' id='par_1_64' title="bbox 2129 3053 3718 3132">
     <span class='ocr_line' id='line_1_64' title="bbox 2129 3053 3718 3132; baseline -0.001 -19"><span class='ocrx_word' id='word_1_481' title='bbox 2129 3057 2470 3114; x_wconf 85' lang='grc' dir='ltr'>ἐποπτεύειν.</span> <span class='ocrx_word' id='word_1_482' title='bbox 2517 3059 2607 3126; x_wconf 83' lang='grc' dir='ltr'><strong>Ἐξ</strong></span> <span class='ocrx_word' id='word_1_483' title='bbox 2629 3053 2699 3132; x_wconf 85' lang='grc' dir='ltr'>ἧς</span> <span class='ocrx_word' id='word_1_484' title='bbox 2725 3058 3010 3130; x_wconf 80' lang='grc' dir='ltr'>εὐχερείας</span> <span class='ocrx_word' id='word_1_485' title='bbox 3042 3058 3264 3112; x_wconf 81' lang='grc' dir='ltr'>ἀκούσει</span> <span class='ocrx_word' id='word_1_486' title='bbox 3285 3057 3453 3112; x_wconf 79' lang='grc' dir='ltr'>αὑτοῦ</span> <span class='ocrx_word' id='word_1_487' title='bbox 3484 3058 3596 3130; x_wconf 85' lang='grc'><strong>(80)</strong></span> <span class='ocrx_word' id='word_1_488' title='bbox 3627 3059 3718 3112; x_wconf 79' lang='grc' dir='ltr'>τὸν</span> 
     </span>
    </p>
   </div>
   <div class='ocr_carea' id='block_1_65' title="bbox 509 3170 1201 3242">
    <p class='ocr_par' dir='ltr' id='par_1_65' title="bbox 509 3170 1201 3242">
     <span class='ocr_line' id='line_1_65' title="bbox 509 3170 1201 3242; baseline -0.001 -16"><span class='ocrx_word' id='word_1_489' title='bbox 509 3176 570 3236; x_wconf 56' lang='grc' dir='ltr'>ἧι</span> <span class='ocrx_word' id='word_1_490' title='bbox 603 3171 700 3226; x_wconf 81' lang='lat' dir='ltr'><strong>Ed.</strong></span> <span class='ocrx_word' id='word_1_491' title='bbox 731 3171 929 3235; x_wconf 86' lang='lat' dir='ltr'><strong>Paris.,</strong></span> <span class='ocrx_word' id='word_1_492' title='bbox 962 3185 1083 3242; x_wconf 89' lang='lat' dir='ltr'><strong>pag.</strong></span> <span class='ocrx_word' id='word_1_493' title='bbox 1116 3170 1201 3225; x_wconf 77' lang='lat' dir='ltr'><strong>l5.</strong></span> 
     </span>
    </p>
   </div>
   <div class='ocr_carea' id='block_1_66' title="bbox 503 3260 1463 3329">
    <p class='ocr_par' dir='ltr' id='par_1_66' title="bbox 503 3260 1463 3329">
     <span class='ocr_line' id='line_1_66' title="bbox 503 3260 1463 3329; baseline -0.005 -9"><span class='ocrx_word' id='word_1_494' title='bbox 503 3265 549 3297; x_wconf 82' lang='grc'><strong>³³</strong></span> <span class='ocrx_word' id='word_1_495' title='bbox 574 3264 716 3320; x_wconf 87' lang='lat' dir='ltr'><strong>Psal.</strong></span> <span class='ocrx_word' id='word_1_496' title='bbox 739 3278 828 3329; x_wconf 80' lang='lat' dir='ltr'><strong>ex,</strong></span> <span class='ocrx_word' id='word_1_497' title='bbox 863 3263 916 3318; x_wconf 88' lang='lat'><strong>9.</strong></span> <span class='ocrx_word' id='word_1_498' title='bbox 1013 3261 1060 3294; x_wconf 71' lang='lat'>”</span> <span class='ocrx_word' id='word_1_499' title='bbox 1087 3260 1227 3316; x_wconf 85' lang='lat' dir='ltr'><strong>Psal.</strong></span> <span class='ocrx_word' id='word_1_500' title='bbox 1258 3277 1379 3329; x_wconf 73' lang='lat' dir='ltr'><strong>cu,</strong></span> <span class='ocrx_word' id='word_1_501' title='bbox 1410 3261 1463 3317; x_wconf 83' lang='grc'>5.</span> 
     </span>
    </p>
   </div>
   <div class='ocr_carea' id='block_1_67' title="bbox 529 3447 2000 3521">
    <p class='ocr_par' dir='ltr' id='par_1_67' title="bbox 529 3447 2000 3521">
     <span class='ocr_line' id='line_1_67' title="bbox 529 3447 2000 3521; baseline -0.002 -16"><span class='ocrx_word' id='word_1_502' title='bbox 529 3449 619 3517; x_wconf 83' lang='lat'><strong>77)</strong></span> <span class='ocrx_word' id='word_1_503' title='bbox 655 3448 927 3521; x_wconf 75' lang='grc' dir='ltr'>Διῆλθεν.</span> <span class='ocrx_word' id='word_1_504' title='bbox 959 3447 1106 3521; x_wconf 85' lang='lat' dir='ltr'><strong>Lege</strong></span> <span class='ocrx_word' id='word_1_505' title='bbox 1138 3447 1352 3521; x_wconf 81' lang='grc' dir='ltr'>διῆλθον</span> <span class='ocrx_word' id='word_1_506' title='bbox 1398 3447 1478 3521; x_wconf 93' lang='lat' dir='ltr'><strong>[et</strong></span> <span class='ocrx_word' id='word_1_507' title='bbox 1506 3447 1600 3521; x_wconf 78' lang='lat' dir='ltr'><strong>sic</strong></span> <span class='ocrx_word' id='word_1_508' title='bbox 1647 3447 1700 3502; x_wconf 94' lang='lat' dir='ltr'><strong>in</strong></span> <span class='ocrx_word' id='word_1_509' title='bbox 1741 3463 1884 3504; x_wconf 90' lang='lat' dir='ltr'><strong>corr.</strong></span> <span class='ocrx_word' id='word_1_510' title='bbox 1913 3447 2000 3503; x_wconf 93' lang='lat' dir='ltr'><strong>ed.</strong></span> 
     </span>
    </p>
   </div>
   <div class='ocr_carea' id='block_1_68' title="bbox 436 3519 2003 3588">
    <p class='ocr_par' dir='ltr' id='par_1_68' title="bbox 436 3519 2003 3588">
     <span class='ocr_line' id='line_1_68' title="bbox 436 3519 2003 3588; baseline -0.003 -10"><span class='ocrx_word' id='word_1_511' title='bbox 436 3519 527 3588; x_wconf 80' lang='lat' dir='ltr'><strong>P.]</strong></span> <span class='ocrx_word' id='word_1_512' title='bbox 561 3531 616 3575; x_wconf 91' lang='lat' dir='ltr'><strong>et</strong></span> <span class='ocrx_word' id='word_1_513' title='bbox 659 3519 912 3582; x_wconf 81' lang='lat' dir='ltr'><strong>transfer,</strong></span> <span class='ocrx_word' id='word_1_514' title='bbox 954 3520 1137 3572; x_wconf 76' lang='lat' dir='ltr'><strong>videor</strong></span> <span class='ocrx_word' id='word_1_515' title='bbox 1166 3519 1322 3584; x_wconf 70' lang='lat' dir='ltr'><strong>milii,</strong></span> <span class='ocrx_word' id='word_1_516' title='bbox 1358 3519 1450 3573; x_wconf 81' lang='lat' dir='ltr'><strong>néc</strong></span> <span class='ocrx_word' id='word_1_517' title='bbox 1497 3519 1721 3588; x_wconf 78' lang='lat' dir='ltr'><strong>injuria,</strong></span> <span class='ocrx_word' id='word_1_518' title='bbox 1763 3521 2003 3573; x_wconf 81' lang='lat' dir='ltr'><strong>dicturus</strong></span> 
     </span>
    </p>
   </div>
   <div class='ocr_carea' id='block_1_69' title="bbox 434 3590 2003 3661">
    <p class='ocr_par' dir='ltr' id='par_1_69' title="bbox 434 3590 2003 3661">
     <span class='ocr_line' id='line_1_69' title="bbox 434 3590 2003 3661; baseline -0.001 -16"><span class='ocrx_word' id='word_1_519' title='bbox 434 3590 610 3654; x_wconf 52' lang='lat' dir='ltr'><strong>tie—eo,</strong></span> <span class='ocrx_word' id='word_1_520' title='bbox 644 3591 783 3661; x_wconf 85' lang='lat' dir='ltr'><strong>quod</strong></span> <span class='ocrx_word' id='word_1_521' title='bbox 809 3605 1069 3661; x_wconf 74' lang='lat' dir='ltr'><strong>nusquam</strong></span> <span class='ocrx_word' id='word_1_522' title='bbox 1124 3591 1254 3643; x_wconf 79' lang='lat' dir='ltr'><strong>alibi</strong></span> <span class='ocrx_word' id='word_1_523' title='bbox 1301 3600 1604 3658; x_wconf 78' lang='lat' dir='ltr'><strong>persecutus</strong></span> <span class='ocrx_word' id='word_1_524' title='bbox 1649 3606 1785 3644; x_wconf 76' lang='lat' dir='ltr'><strong>sum.</strong></span> <span class='ocrx_word' id='word_1_525' title='bbox 1832 3590 2003 3661; x_wconf 86' lang='lat' dir='ltr'><strong>Dese</strong></span> 
     </span>
    </p>
   </div>
   <div class='ocr_carea' id='block_1_70' title="bbox 433 3659 1999 3727">
    <p class='ocr_par' dir='ltr' id='par_1_70' title="bbox 433 3659 1999 3727">
     <span class='ocr_line' id='line_1_70' title="bbox 433 3659 1999 3727; baseline -0.001 -12"><span class='ocrx_word' id='word_1_526' title='bbox 433 3659 721 3716; x_wconf 79' lang='lat' dir='ltr'><strong>Marcellus</strong></span> <span class='ocrx_word' id='word_1_527' title='bbox 771 3661 915 3714; x_wconf 89' lang='lat' dir='ltr'><strong>enim</strong></span> <span class='ocrx_word' id='word_1_528' title='bbox 975 3659 1254 3725; x_wconf 90' lang='lat' dir='ltr'><strong>loquitur:</strong></span> <span class='ocrx_word' id='word_1_529' title='bbox 1289 3661 1335 3714; x_wconf 93' lang='lat' dir='ltr'><strong>is</strong></span> <span class='ocrx_word' id='word_1_530' title='bbox 1386 3670 1566 3714; x_wconf 87' lang='lat' dir='ltr'><strong>autem</strong></span> <span class='ocrx_word' id='word_1_531' title='bbox 1616 3675 1777 3727; x_wconf 88' lang='lat' dir='ltr'><strong>quem</strong></span> <span class='ocrx_word' id='word_1_532' title='bbox 1819 3669 1874 3713; x_wconf 90' lang='lat' dir='ltr'><strong>et</strong></span> <span class='ocrx_word' id='word_1_533' title='bbox 1913 3660 1999 3714; x_wconf 87' lang='lat' dir='ltr'><strong>hic</strong></span> 
     </span>
    </p>
   </div>
   <div class='ocr_carea' id='block_1_71' title="bbox 434 3727 1997 3801">
    <p class='ocr_par' dir='ltr' id='par_1_71' title="bbox 434 3727 1997 3801">
     <span class='ocr_line' id='line_1_71' title="bbox 434 3727 1997 3801; baseline -0.003 -14"><span class='ocrx_word' id='word_1_534' title='bbox 434 3734 681 3801; x_wconf 79' lang='lat' dir='ltr'><strong>designat</strong></span> <span class='ocrx_word' id='word_1_535' title='bbox 726 3730 862 3799; x_wconf 90' lang='lat' dir='ltr'><strong>ipse,</strong></span> <span class='ocrx_word' id='word_1_536' title='bbox 919 3738 976 3801; x_wconf 82' lang='lat' dir='ltr'><strong>et</strong></span> <span class='ocrx_word' id='word_1_537' title='bbox 1028 3744 1189 3801; x_wconf 80' lang='lat' dir='ltr'><strong>quem</strong></span> <span class='ocrx_word' id='word_1_538' title='bbox 1245 3727 1511 3784; x_wconf 90' lang='lat' dir='ltr'><strong>Eusebius</strong></span> <span class='ocrx_word' id='word_1_539' title='bbox 1545 3728 1905 3800; x_wconf 88' lang='lat' dir='ltr'><strong>intelligebat,</strong></span> <span class='ocrx_word' id='word_1_540' title='bbox 1944 3731 1997 3782; x_wconf 94' lang='lat' dir='ltr'><strong>in</strong></span> 
     </span>
    </p>
   </div>
   <div class='ocr_carea' id='block_1_72' title="bbox 432 3797 2002 3873">
    <p class='ocr_par' dir='ltr' id='par_1_72' title="bbox 432 3797 2002 3873">
     <span class='ocr_line' id='line_1_72' title="bbox 432 3797 2002 3873; baseline -0.002 -19"><span class='ocrx_word' id='word_1_541' title='bbox 432 3801 512 3872; x_wconf 85' lang='grc' dir='ltr'>τῷ</span> <span class='ocrx_word' id='word_1_542' title='bbox 557 3797 1071 3873; x_wconf 51' lang='lat' dir='ltr'><strong>Eth_6y;0iti)g_a01@</strong></span> <span class='ocrx_word' id='word_1_543' title='bbox 1097 3799 1380 3873; x_wconf 75' lang='grc' dir='ltr'>φάσκοντι,</span> <span class='ocrx_word' id='word_1_544' title='bbox 1412 3801 1660 3854; x_wconf 87' lang='lat' dir='ltr'><strong>Asterius</strong></span> <span class='ocrx_word' id='word_1_545' title='bbox 1688 3797 1792 3860; x_wconf 80' lang='lat' dir='ltr'><strong>est,</strong></span> <span class='ocrx_word' id='word_1_546' title='bbox 1821 3815 2002 3873; x_wconf 83' lang='lat' dir='ltr'><strong>quem,</strong></span> 
     </span>
    </p>
   </div>
   <div class='ocr_carea' id='block_1_73' title="bbox 433 3870 2005 3940">
    <p class='ocr_par' dir='ltr' id='par_1_73' title="bbox 433 3870 2005 3940">
     <span class='ocr_line' id='line_1_73' title="bbox 433 3870 2005 3940; baseline -0.002 -15"><span class='ocrx_word' id='word_1_547' title='bbox 433 3870 777 3940; x_wconf 79' lang='lat' dir='ltr'><strong>cumprimis</strong></span> <span class='ocrx_word' id='word_1_548' title='bbox 815 3871 1076 3924; x_wconf 89' lang='lat' dir='ltr'><strong>Arianam</strong></span> <span class='ocrx_word' id='word_1_549' title='bbox 1128 3870 1378 3924; x_wconf 72' lang='lat' dir='ltr'><strong>haeresim</strong></span> <span class='ocrx_word' id='word_1_550' title='bbox 1413 3877 1867 3939; x_wconf 81' lang='lat' dir='ltr'><strong>propugnantem,</strong></span> <span class='ocrx_word' id='word_1_551' title='bbox 1903 3871 2005 3923; x_wconf 90' lang='lat' dir='ltr'><strong>hoc</strong></span> 
     </span>
    </p>
   </div>
   <div class='ocr_carea' id='block_1_74' title="bbox 431 3940 2002 4009">
    <p class='ocr_par' dir='ltr' id='par_1_74' title="bbox 431 3940 2002 4009">
     <span class='ocr_line' id='line_1_74' title="bbox 431 3940 2002 4009; baseline -0.001 -13"><span class='ocrx_word' id='word_1_552' title='bbox 431 3957 536 3996; x_wconf 81' lang='lat' dir='ltr'><strong>suo</strong></span> <span class='ocrx_word' id='word_1_553' title='bbox 577 3941 798 4009; x_wconf 89' lang='lat' dir='ltr'><strong>scripto,</strong></span> <span class='ocrx_word' id='word_1_554' title='bbox 835 3940 978 4008; x_wconf 87' lang='lat' dir='ltr'><strong>quod</strong></span> <span class='ocrx_word' id='word_1_555' title='bbox 1014 3940 1251 3993; x_wconf 87' lang='lat' dir='ltr'><strong>traducit</strong></span> <span class='ocrx_word' id='word_1_556' title='bbox 1291 3940 1586 4009; x_wconf 64' lang='lat' dir='ltr'><strong>Eusebius,</strong></span> <span class='ocrx_word' id='word_1_557' title='bbox 1619 3940 2002 4009; x_wconf 74' lang='lat' dir='ltr'><strong>exagitandam</strong></span> 
     </span>
    </p>
   </div>
   <div class='ocr_carea' id='block_1_75' title="bbox 437 4007 1927 4079">
    <p class='ocr_par' dir='ltr' id='par_1_75' title="bbox 437 4007 1927 4079">
     <span class='ocr_line' id='line_1_75' title="bbox 437 4007 1927 4079; baseline -0.002 -13"><span class='ocrx_word' id='word_1_558' title='bbox 437 4013 538 4066; x_wconf 83' lang='lat' dir='ltr'><strong>sibi</strong></span> <span class='ocrx_word' id='word_1_559' title='bbox 571 4007 863 4079; x_wconf 61' lang='lat' dir='ltr'><strong>Marcellus</strong></span> <span class='ocrx_word' id='word_1_560' title='bbox 902 4012 1158 4078; x_wconf 85' lang='lat' dir='ltr'><strong>suscepit.</strong></span> <span class='ocrx_word' id='word_1_561' title='bbox 1179 4011 1256 4064; x_wconf 90' lang='lat' dir='ltr'><strong>M.</strong></span> <span class='ocrx_word' id='word_1_562' title='bbox 1274 4009 1533 4079; x_wconf 85' lang='lat' dir='ltr'><strong>—Supra</strong></span> <span class='ocrx_word' id='word_1_563' title='bbox 1563 4007 1706 4079; x_wconf 73' lang='grc' dir='ltr'>ἔχειν</span> <span class='ocrx_word' id='word_1_564' title='bbox 1728 4009 1830 4072; x_wconf 77' lang='grc' dir='ltr'>ἔτι,</span> <span class='ocrx_word' id='word_1_565' title='bbox 1847 4008 1927 4073; x_wconf 68' lang='grc' dir='ltr'>ιιι.</span> 
     </span>
    </p>
   </div>
   <div class='ocr_carea' id='block_1_76' title="bbox 503 4077 1994 4152">
    <p class='ocr_par' dir='ltr' id='par_1_76' title="bbox 503 4077 1994 4152">
     <span class='ocr_line' id='line_1_76' title="bbox 503 4077 1994 4152; baseline 0 -18"><span class='ocrx_word' id='word_1_566' title='bbox 503 4080 616 4152; x_wconf 88' lang='grc'><strong>(78)</strong></span> <span class='ocrx_word' id='word_1_567' title='bbox 637 4077 1100 4152; x_wconf 38' lang='grc' dir='ltr'><strong>-Ὲξεγέννησαζ-</strong></span> <span class='ocrx_word' id='word_1_568' title='bbox 1120 4079 1331 4152; x_wconf 74' lang='lat' dir='ltr'><strong>Fa_teor_</strong></span> <span class='ocrx_word' id='word_1_569' title='bbox 1354 4077 1450 4152; x_wconf 79' lang='lat' dir='ltr'><strong>me</strong></span> <span class='ocrx_word' id='word_1_570' title='bbox 1471 4077 1706 4152; x_wconf 14' lang='lat' dir='ltr'><strong>sensum,</strong></span> <span class='ocrx_word' id='word_1_571' title='bbox 1735 4080 1837 4134; x_wconf 91' lang='lat' dir='ltr'><strong>loci</strong></span> <span class='ocrx_word' id='word_1_572' title='bbox 1888 4095 1994 4152; x_wconf 86' lang='lat' dir='ltr'><strong>non</strong></span> 
     </span>
    </p>
   </div>
   <div class='ocr_carea' id='block_1_77' title="bbox 433 4149 1996 4221">
    <p class='ocr_par' dir='ltr' id='par_1_77' title="bbox 433 4149 1996 4221">
     <span class='ocr_line' id='line_1_77' title="bbox 433 4149 1996 4221; baseline -0.003 -14"><span class='ocrx_word' id='word_1_573' title='bbox 433 4149 674 4221; x_wconf 83' lang='lat' dir='ltr'><strong>assequi.</strong></span> <span class='ocrx_word' id='word_1_574' title='bbox 714 4150 903 4204; x_wconf 90' lang='lat' dir='ltr'><strong>Dicere</strong></span> <span class='ocrx_word' id='word_1_575' title='bbox 942 4149 1133 4221; x_wconf 67' lang='lat' dir='ltr'><strong>debuit</strong></span> <span class='ocrx_word' id='word_1_576' title='bbox 1176 4149 1464 4221; x_wconf 85' lang='lat' dir='ltr'><strong>Eusebius.</strong></span> <span class='ocrx_word' id='word_1_577' title='bbox 1495 4149 1802 4221; x_wconf 77' lang='lat' dir='ltr'><strong>Marcellum</strong></span> <span class='ocrx_word' id='word_1_578' title='bbox 1844 4151 1996 4221; x_wconf 42' lang='lat' dir='ltr'><strong>addi:</strong></span> 
     </span>
    </p>
   </div>
   <div class='ocr_carea' id='block_1_78' title="bbox 433 4218 1998 4292">
    <p class='ocr_par' dir='ltr' id='par_1_78' title="bbox 433 4218 1998 4292">
     <span class='ocr_line' id='line_1_78' title="bbox 433 4218 1998 4292; baseline -0.004 -14"><span class='ocrx_word' id='word_1_579' title='bbox 433 4218 1043 4292; x_wconf 48' lang='lat' dir='ltr'><strong>disse&#39;praepositionem</strong></span> <span class='ocrx_word' id='word_1_580' title='bbox 1076 4218 1260 4292; x_wconf 39' lang='grc' dir='ltr'><strong>ἐξηθᾲ</strong></span> <span class='ocrx_word' id='word_1_581' title='bbox 1290 4219 1740 4292; x_wconf 42' lang='grc' dir='ltr'>ἐγέννησαηΝξιηι</span> <span class='ocrx_word' id='word_1_582' title='bbox 1768 4229 1831 4292; x_wconf 87' lang='lat' dir='ltr'><strong>_et</strong></span> <span class='ocrx_word' id='word_1_583' title='bbox 1854 4219 1998 4273; x_wconf 81' lang='lat' dir='ltr'><strong>LXX</strong></span> 
     </span>
    </p>
   </div>
   <div class='ocr_carea' id='block_1_79' title="bbox 432 4288 1996 4360">
    <p class='ocr_par' dir='ltr' id='par_1_79' title="bbox 432 4288 1996 4360">
     <span class='ocr_line' id='line_1_79' title="bbox 432 4288 1996 4360; baseline -0.003 -13"><span class='ocrx_word' id='word_1_584' title='bbox 432 4301 489 4347; x_wconf 89' lang='lat' dir='ltr'><strong>et</strong></span> <span class='ocrx_word' id='word_1_585' title='bbox 529 4288 742 4356; x_wconf 70' lang='lat' dir='ltr'><strong>omnes,</strong></span> <span class='ocrx_word' id='word_1_586' title='bbox 794 4290 994 4358; x_wconf 88' lang='lat' dir='ltr'><strong>legunt,</strong></span> <span class='ocrx_word' id='word_1_587' title='bbox 1033 4290 1117 4343; x_wconf 91' lang='lat' dir='ltr'><strong>vel</strong></span> <span class='ocrx_word' id='word_1_588' title='bbox 1158 4288 1480 4360; x_wconf 72' lang='grc' dir='ltr'>ἐγέννησα,</span> <span class='ocrx_word' id='word_1_589' title='bbox 1522 4289 1604 4343; x_wconf 91' lang='lat' dir='ltr'><strong>vel</strong></span> <span class='ocrx_word' id='word_1_590' title='bbox 1646 4288 1996 4360; x_wconf 70' lang='grc' dir='ltr'>τετέγνηκα,</span> 
     </span>
    </p>
   </div>
   <div class='ocr_carea' id='block_1_80' title="bbox 432 4360 1992 4430">
    <p class='ocr_par' dir='ltr' id='par_1_80' title="bbox 432 4360 1992 4430">
     <span class='ocr_line' id='line_1_80' title="bbox 432 4360 1992 4430; baseline -0.003 -13"><span class='ocrx_word' id='word_1_591' title='bbox 432 4362 622 4418; x_wconf 91' lang='lat' dir='ltr'><strong>nullibi</strong></span> <span class='ocrx_word' id='word_1_592' title='bbox 663 4363 865 4416; x_wconf 88' lang='lat' dir='ltr'><strong>mentio</strong></span> <span class='ocrx_word' id='word_1_593' title='bbox 903 4360 1302 4430; x_wconf 70' lang='lat' dir='ltr'><strong>praepositionis</strong></span> <span class='ocrx_word' id='word_1_594' title='bbox 1350 4360 1516 4425; x_wconf 90' lang='lat' dir='ltr'><strong>illius,</strong></span> <span class='ocrx_word' id='word_1_595' title='bbox 1543 4375 1707 4428; x_wconf 90' lang='lat' dir='ltr'><strong>quam</strong></span> <span class='ocrx_word' id='word_1_596' title='bbox 1744 4361 1856 4413; x_wconf 89' lang='lat' dir='ltr'><strong>vult</strong></span> <span class='ocrx_word' id='word_1_597' title='bbox 1897 4362 1992 4430; x_wconf 80' lang='lat' dir='ltr'><strong>ad-</strong></span> 
     </span>
    </p>
   </div>
   <div class='ocr_carea' id='block_1_81' title="bbox 432 4428 1995 4501">
    <p class='ocr_par' dir='ltr' id='par_1_81' title="bbox 432 4428 1995 4501">
     <span class='ocr_line' id='line_1_81' title="bbox 432 4428 1995 4501; baseline -0.003 -15"><span class='ocrx_word' id='word_1_598' title='bbox 432 4433 604 4486; x_wconf 90' lang='lat' dir='ltr'><strong>ditam</strong></span> <span class='ocrx_word' id='word_1_599' title='bbox 633 4446 663 4485; x_wconf 88' lang='lat' dir='ltr'><strong>a</strong></span> <span class='ocrx_word' id='word_1_600' title='bbox 694 4428 981 4501; x_wconf 80' lang='lat' dir='ltr'><strong>Marcello;</strong></span> <span class='ocrx_word' id='word_1_601' title='bbox 1018 4430 1111 4484; x_wconf 87' lang='lat' dir='ltr'><strong>sed</strong></span> <span class='ocrx_word' id='word_1_602' title='bbox 1157 4440 1522 4501; x_wconf 70' lang='lat' dir='ltr'><strong>praeterquam</strong></span> <span class='ocrx_word' id='word_1_603' title='bbox 1553 4431 1698 4497; x_wconf 91' lang='lat' dir='ltr'><strong>quod</strong></span> <span class='ocrx_word' id='word_1_604' title='bbox 1725 4445 1829 4484; x_wconf 80' lang='lat' dir='ltr'><strong>vox</strong></span> <span class='ocrx_word' id='word_1_605' title='bbox 1861 4428 1995 4482; x_wconf 85' lang='grc' dir='ltr'>κλα-</span> 
     </span>
    </p>
   </div>
   <div class='ocr_carea' id='block_1_82' title="bbox 2117 3447 3709 3522">
    <p class='ocr_par' dir='ltr' id='par_1_82' title="bbox 2117 3447 3709 3522">
     <span class='ocr_line' id='line_1_82' title="bbox 2117 3447 3709 3522; baseline 0.001 -18"><span class='ocrx_word' id='word_1_606' title='bbox 2117 3450 2320 3522; x_wconf 78' lang='lat' dir='ltr'><strong>tjonem</strong></span> <span class='ocrx_word' id='word_1_607' title='bbox 2351 3451 2624 3520; x_wconf 90' lang='lat' dir='ltr'><strong>improbet</strong></span> <span class='ocrx_word' id='word_1_608' title='bbox 2647 3468 2663 3505; x_wconf 87' lang='lat'><strong>:</strong></span> <span class='ocrx_word' id='word_1_609' title='bbox 2686 3451 3023 3522; x_wconf 83' lang='lat' dir='ltr'><strong>Augustinus</strong></span> <span class='ocrx_word' id='word_1_610' title='bbox 3048 3457 3228 3522; x_wconf 81' lang='lat' dir='ltr'><strong>tamen</strong></span> <span class='ocrx_word' id='word_1_611' title='bbox 3253 3457 3307 3504; x_wconf 91' lang='lat' dir='ltr'><strong>et</strong></span> <span class='ocrx_word' id='word_1_612' title='bbox 3330 3447 3421 3502; x_wconf 86' lang='lat' dir='ltr'><strong>alii</strong></span> <span class='ocrx_word' id='word_1_613' title='bbox 3451 3452 3709 3518; x_wconf 88' lang='lat' dir='ltr'><strong>probant.</strong></span> 
     </span>
    </p>
   </div>
   <div class='ocr_carea' id='block_1_83' title="bbox 2113 3519 3719 3591">
    <p class='ocr_par' dir='ltr' id='par_1_83' title="bbox 2113 3519 3719 3591">
     <span class='ocr_line' id='line_1_83' title="bbox 2113 3519 3719 3591; baseline 0.001 -17"><span class='ocrx_word' id='word_1_614' title='bbox 2113 3519 2310 3591; x_wconf 80' lang='lat' dir='ltr'><strong>Quidni</strong></span> <span class='ocrx_word' id='word_1_615' title='bbox 2335 3521 2360 3575; x_wconf 87' lang='lat'><strong>?</strong></span> <span class='ocrx_word' id='word_1_616' title='bbox 2387 3519 2508 3575; x_wconf 83' lang='lat' dir='ltr'><strong>cum</strong></span> <span class='ocrx_word' id='word_1_617' title='bbox 2527 3523 2686 3577; x_wconf 83' lang='lat' dir='ltr'><strong>unius</strong></span> <span class='ocrx_word' id='word_1_618' title='bbox 2703 3519 3054 3591; x_wconf 76' lang='lat' dir='ltr'><strong>ejusdemque</strong></span> <span class='ocrx_word' id='word_1_619' title='bbox 3077 3521 3202 3581; x_wconf 89' lang='lat' dir='ltr'><strong>loci,</strong></span> <span class='ocrx_word' id='word_1_620' title='bbox 3223 3528 3414 3574; x_wconf 91' lang='lat' dir='ltr'><strong>contra</strong></span> <span class='ocrx_word' id='word_1_621' title='bbox 3435 3535 3601 3590; x_wconf 88' lang='lat' dir='ltr'><strong>quam</strong></span> <span class='ocrx_word' id='word_1_622' title='bbox 3621 3537 3719 3575; x_wconf 73' lang='lat' dir='ltr'><strong>vo-</strong></span> 
     </span>
    </p>
   </div>
   <div class='ocr_carea' id='block_1_84' title="bbox 2111 3589 3718 3660">
    <p class='ocr_par' dir='ltr' id='par_1_84' title="bbox 2111 3589 3718 3660">
     <span class='ocr_line' id='line_1_84' title="bbox 2111 3589 3718 3660; baseline 0.001 -17"><span class='ocrx_word' id='word_1_623' title='bbox 2111 3589 2232 3643; x_wconf 90' lang='lat' dir='ltr'><strong>lunt</strong></span> <span class='ocrx_word' id='word_1_624' title='bbox 2248 3591 2546 3647; x_wconf 83' lang='lat' dir='ltr'><strong>Novatores</strong></span> <span class='ocrx_word' id='word_1_625' title='bbox 2567 3589 2759 3656; x_wconf 73' lang='lat' dir='ltr'><strong>nostri,</strong></span> <span class='ocrx_word' id='word_1_626' title='bbox 2775 3592 2955 3660; x_wconf 83' lang='lat' dir='ltr'><strong>plures</strong></span> <span class='ocrx_word' id='word_1_627' title='bbox 2974 3593 3255 3660; x_wconf 72' lang='lat' dir='ltr'><strong>iidemque</strong></span> <span class='ocrx_word' id='word_1_628' title='bbox 3289 3594 3588 3645; x_wconf 85' lang='lat' dir='ltr'><strong>secundum</strong></span> <span class='ocrx_word' id='word_1_629' title='bbox 3628 3595 3718 3645; x_wconf 78' lang='lat' dir='ltr'><strong>lit-</strong></span> 
     </span>
    </p>
   </div>
   <div class='ocr_carea' id='block_1_85' title="bbox 2110 3658 3717 3741">
    <p class='ocr_par' dir='ltr' id='par_1_85' title="bbox 2110 3658 3717 3741">
     <span class='ocr_line' id='line_1_85' title="bbox 2110 3658 3717 3741; baseline 0.001 -28"><span class='ocrx_word' id='word_1_630' title='bbox 2110 3669 2282 3741; x_wconf 59' lang='lat' dir='ltr'><strong>teram</strong></span> <span class='ocrx_word' id='word_1_631' title='bbox 2327 3676 2520 3717; x_wconf 88' lang='lat' dir='ltr'><strong>sensus</strong></span> <span class='ocrx_word' id='word_1_632' title='bbox 2560 3663 2712 3718; x_wconf 89' lang='lat' dir='ltr'><strong>reddi</strong></span> <span class='ocrx_word' id='word_1_633' title='bbox 2766 3658 2996 3732; x_wconf 78' lang='lat' dir='ltr'><strong>possint.</strong></span> <span class='ocrx_word' id='word_1_634' title='bbox 3021 3659 3096 3715; x_wconf 84' lang='grc' dir='ltr'>Μ.</span> <span class='ocrx_word' id='word_1_635' title='bbox 3119 3688 3189 3698; x_wconf 92' lang='grc'><strong><em>-</em></strong></span> <span class='ocrx_word' id='word_1_636' title='bbox 3207 3658 3327 3714; x_wconf 77' lang='lat' dir='ltr'><strong>Mox</strong></span> <span class='ocrx_word' id='word_1_637' title='bbox 3359 3660 3522 3732; x_wconf 89' lang='lat' dir='ltr'><strong>vulgo</strong></span> <span class='ocrx_word' id='word_1_638' title='bbox 3546 3679 3717 3734; x_wconf 81' lang='grc' dir='ltr'>σεμν-</span> 
     </span>
    </p>
   </div>
   <div class='ocr_carea' id='block_1_86' title="bbox 2108 3748 2254 3787">
    <p class='ocr_par' dir='ltr' id='par_1_86' title="bbox 2108 3748 2254 3787">
     <span class='ocr_line' id='line_1_86' title="bbox 2108 3748 2254 3787; baseline 0.014 -3"><span class='ocrx_word' id='word_1_639' title='bbox 2108 3748 2254 3787; x_wconf 86' lang='grc' dir='ltr'>υναι.</span> 
     </span>
    </p>
   </div>
   <div class='ocr_carea' id='block_1_87' title="bbox 2188 3797 3707 3872">
    <p class='ocr_par' dir='ltr' id='par_1_87' title="bbox 2188 3797 3707 3872">
     <span class='ocr_line' id='line_1_87' title="bbox 2188 3797 3707 3872; baseline 0.001 -18"><span class='ocrx_word' id='word_1_640' title='bbox 2188 3801 2300 3872; x_wconf 88' lang='grc'><strong>(79)</strong></span> <span class='ocrx_word' id='word_1_641' title='bbox 2330 3801 2608 3867; x_wconf 74' lang='grc' dir='ltr'>Εἰκότως,</span> <span class='ocrx_word' id='word_1_642' title='bbox 2644 3801 2757 3856; x_wconf 82' lang='grc' dir='ltr'>τὸν</span> <span class='ocrx_word' id='word_1_643' title='bbox 2805 3801 3051 3868; x_wconf 81' lang='grc' dir='ltr'>ἀστέρα.</span> <span class='ocrx_word' id='word_1_644' title='bbox 3083 3797 3208 3854; x_wconf 76' lang='lat' dir='ltr'><strong>Haec</strong></span> <span class='ocrx_word' id='word_1_645' title='bbox 3241 3809 3366 3872; x_wconf 83' lang='lat' dir='ltr'><strong>sunt</strong></span> <span class='ocrx_word' id='word_1_646' title='bbox 3397 3799 3707 3866; x_wconf 83' lang='grc' dir='ltr'>ἅσύστατα,</span> 
     </span>
    </p>
   </div>
   <div class='ocr_carea' id='block_1_88' title="bbox 2115 3870 3712 3940">
    <p class='ocr_par' dir='ltr' id='par_1_88' title="bbox 2115 3870 3712 3940">
     <span class='ocr_line' id='line_1_88' title="bbox 2115 3870 3712 3940; baseline 0.002 -16"><span class='ocrx_word' id='word_1_647' title='bbox 2115 3870 2475 3933; x_wconf 65' lang='grc' dir='ltr'>[οι-ιε’όοθει,</span> <span class='ocrx_word' id='word_1_648' title='bbox 2533 3873 2748 3937; x_wconf 81' lang='grc' dir='ltr'>ἑαυτόν,</span> <span class='ocrx_word' id='word_1_649' title='bbox 2800 3881 2858 3925; x_wconf 92' lang='lat' dir='ltr'><strong>ut</strong></span> <span class='ocrx_word' id='word_1_650' title='bbox 2912 3873 3176 3940; x_wconf 82' lang='lat' dir='ltr'><strong>legamus,</strong></span> <span class='ocrx_word' id='word_1_651' title='bbox 3233 3871 3462 3934; x_wconf 79' lang='grc' dir='ltr'>εἰκότως</span> <span class='ocrx_word' id='word_1_652' title='bbox 3513 3874 3712 3928; x_wconf 78' lang='grc' dir='ltr'>ἑαυτὸν</span> 
     </span>
    </p>
   </div>
   <div class='ocr_carea' id='block_1_89' title="bbox 2111 3941 3706 4014">
    <p class='ocr_par' dir='ltr' id='par_1_89' title="bbox 2111 3941 3706 4014">
     <span class='ocr_line' id='line_1_89' title="bbox 2111 3941 3706 4014; baseline -0.001 -18"><span class='ocrx_word' id='word_1_653' title='bbox 2111 3942 2318 4014; x_wconf 83' lang='grc' dir='ltr'>ἀστέρα</span> <span class='ocrx_word' id='word_1_654' title='bbox 2351 3942 2627 4013; x_wconf 79' lang='grc' dir='ltr'>ἑωσφόρον</span> <span class='ocrx_word' id='word_1_655' title='bbox 2665 3942 2945 4014; x_wconf 78' lang='grc' dir='ltr'>ὀνομάζει.</span> <span class='ocrx_word' id='word_1_656' title='bbox 3000 3941 3131 4014; x_wconf 55' lang='lat' dir='ltr'><strong>Quae</strong></span> <span class='ocrx_word' id='word_1_657' title='bbox 3192 3955 3320 4014; x_wconf 73' lang='lat' dir='ltr'><strong>mox</strong></span> <span class='ocrx_word' id='word_1_658' title='bbox 3368 3955 3706 4014; x_wconf 80' lang='lat' dir='ltr'><strong>sequuntur,</strong></span> 
     </span>
    </p>
   </div>
   <div class='ocr_carea' id='block_1_90' title="bbox 2114 4009 3713 4085">
    <p class='ocr_par' dir='ltr' id='par_1_90' title="bbox 2114 4009 3713 4085">
     <span class='ocr_line' id='line_1_90' title="bbox 2114 4009 3713 4085; baseline -0.001 -20"><span class='ocrx_word' id='word_1_659' title='bbox 2114 4009 2447 4085; x_wconf 78' lang='lat' dir='ltr'><strong>transposita</strong></span> <span class='ocrx_word' id='word_1_660' title='bbox 2491 4009 2653 4085; x_wconf 83' lang='lat' dir='ltr'><strong>sunt._</strong></span> <span class='ocrx_word' id='word_1_661' title='bbox 2701 4009 3251 4085; x_wconf 63' lang='lat' dir='ltr'><strong>Legendum,_ércei8_i;</strong></span> <span class='ocrx_word' id='word_1_662' title='bbox 3291 4011 3434 4085; x_wconf 79' lang='grc' dir='ltr'><strong>μετά</strong></span> <span class='ocrx_word' id='word_1_663' title='bbox 3470 4012 3573 4085; x_wconf 69' lang='grc' dir='ltr'>τὴν</span> <span class='ocrx_word' id='word_1_664' title='bbox 3607 4013 3713 4082; x_wconf 77' lang='grc' dir='ltr'>τῆς</span> 
     </span>
    </p>
   </div>
   <div class='ocr_carea' id='block_1_91' title="bbox 2115 4080 3719 4161">
    <p class='ocr_par' dir='ltr' id='par_1_91' title="bbox 2115 4080 3719 4161">
     <span class='ocr_line' id='line_1_91' title="bbox 2115 4080 3719 4161; baseline 0.003 -27"><span class='ocrx_word' id='word_1_665' title='bbox 2115 4080 2370 4161; x_wconf 24' lang='grc' dir='ltr'>Ινυιεοᾳέ.</span> <span class='ocrx_word' id='word_1_666' title='bbox 2400 4081 2497 4161; x_wconf 55' lang='grc' dir='ltr'><strong>τὴν</strong></span> <span class='ocrx_word' id='word_1_667' title='bbox 2531 4082 2683 4161; x_wconf 45' lang='grc' dir='ltr'>μετὰ.</span> <span class='ocrx_word' id='word_1_668' title='bbox 2710 4080 2832 4152; x_wconf 76' lang='grc' dir='ltr'>τῆς]</span> <span class='ocrx_word' id='word_1_669' title='bbox 2886 4081 3089 4152; x_wconf 85' lang='grc' dir='ltr'>σαρκὸς</span> <span class='ocrx_word' id='word_1_670' title='bbox 3132 4080 3421 4161; x_wconf 55' lang='grc' dir='ltr'><strong>ἀνάληιέιιν³</strong></span> <span class='ocrx_word' id='word_1_671' title='bbox 3473 4080 3719 4161; x_wconf 70' lang='grc' dir='ltr'>Χριστός</span> 
     </span>
    </p>
   </div>
   <div class='ocr_carea' id='block_1_92' title="bbox 2097 4151 3713 4224">
    <p class='ocr_par' dir='ltr' id='par_1_92' title="bbox 2097 4151 3713 4224">
     <span class='ocr_line' id='line_1_92' title="bbox 2097 4151 3713 4224; baseline 0.002 -22"><span class='ocrx_word' id='word_1_672' title='bbox 2097 4151 2157 4203; x_wconf 87' lang='grc' dir='ltr'><strong>τε</strong></span> <span class='ocrx_word' id='word_1_673' title='bbox 2180 4151 2274 4205; x_wconf 73' lang='grc' dir='ltr'><strong>καὶ</strong></span> <span class='ocrx_word' id='word_1_674' title='bbox 2308 4151 2518 4224; x_wconf 69' lang='grc' dir='ltr'>Ἰησοῦς</span> <span class='ocrx_word' id='word_1_675' title='bbox 2534 4151 2927 4224; x_wconf 39' lang='grc' dir='ltr'>κηρύττεται)-</span> <span class='ocrx_word' id='word_1_676' title='bbox 2939 4151 3064 4206; x_wconf 87' lang='lat' dir='ltr'><strong>sunt</strong></span> <span class='ocrx_word' id='word_1_677' title='bbox 3080 4154 3226 4205; x_wconf 85' lang='lat' dir='ltr'><strong>enim</strong></span> <span class='ocrx_word' id='word_1_678' title='bbox 3251 4151 3353 4220; x_wconf 82' lang='grc' dir='ltr'><strong>τῆς</strong></span> <span class='ocrx_word' id='word_1_679' title='bbox 3367 4153 3713 4222; x_wconf 75' lang='grc' dir='ltr'>οἰκονομίας,</span> 
     </span>
    </p>
   </div>
   <div class='ocr_carea' id='block_1_93' title="bbox 2097 4221 2950 4290">
    <p class='ocr_par' dir='ltr' id='par_1_93' title="bbox 2097 4221 2950 4290">
     <span class='ocr_line' id='line_1_93' title="bbox 2097 4221 2950 4290; baseline -0.001 -15"><span class='ocrx_word' id='word_1_680' title='bbox 2097 4229 2154 4276; x_wconf 91' lang='lat' dir='ltr'><strong>et</strong></span> <span class='ocrx_word' id='word_1_681' title='bbox 2184 4221 2646 4290; x_wconf 79' lang='grc' dir='ltr'>συγκαταὸάσεως</span> <span class='ocrx_word' id='word_1_682' title='bbox 2685 4222 2844 4278; x_wconf 88' lang='lat' dir='ltr'><strong>tituli.</strong></span> <span class='ocrx_word' id='word_1_683' title='bbox 2880 4221 2950 4274; x_wconf 88' lang='lat' dir='ltr'><strong>M.</strong></span> 
     </span>
    </p>
   </div>
   <div class='ocr_carea' id='block_1_94' title="bbox 2174 4288 3712 4363">
    <p class='ocr_par' dir='ltr' id='par_1_94' title="bbox 2174 4288 3712 4363">
     <span class='ocr_line' id='line_1_94' title="bbox 2174 4288 3712 4363; baseline 0.001 -18"><span class='ocrx_word' id='word_1_684' title='bbox 2174 4288 2288 4363; x_wconf 80' lang='lat'><strong>(80)</strong></span> <span class='ocrx_word' id='word_1_685' title='bbox 2311 4293 2422 4347; x_wconf 83' lang='grc' dir='ltr'><strong>Τὸν</strong></span> <span class='ocrx_word' id='word_1_686' title='bbox 2436 4291 2796 4362; x_wconf 73' lang='grc' dir='ltr'>Σολομῶντα</span> <span class='ocrx_word' id='word_1_687' title='bbox 2818 4289 3130 4363; x_wconf 77' lang='grc' dir='ltr'>[Σολομῶνα.</span> <span class='ocrx_word' id='word_1_688' title='bbox 3156 4288 3341 4362; x_wconf 85' lang='lat' dir='ltr'><strong>codd.]</strong></span> <span class='ocrx_word' id='word_1_689' title='bbox 3363 4293 3712 4362; x_wconf 72' lang='grc' dir='ltr'>προφήτην.</span> 
     </span>
    </p>
   </div>
   <div class='ocr_carea' id='block_1_95' title="bbox 2104 4361 3710 4431">
    <p class='ocr_par' dir='ltr' id='par_1_95' title="bbox 2104 4361 3710 4431">
     <span class='ocr_line' id='line_1_95' title="bbox 2104 4361 3710 4431; baseline 0.001 -15"><span class='ocrx_word' id='word_1_690' title='bbox 2104 4361 2282 4416; x_wconf 86' lang='lat' dir='ltr'><strong>Grave</strong></span> <span class='ocrx_word' id='word_1_691' title='bbox 2316 4363 2524 4418; x_wconf 92' lang='lat' dir='ltr'><strong>crimen</strong></span> <span class='ocrx_word' id='word_1_692' title='bbox 2573 4361 2784 4418; x_wconf 79' lang='lat' dir='ltr'><strong>Scilicet</strong></span> <span class='ocrx_word' id='word_1_693' title='bbox 2804 4361 2835 4428; x_wconf 32' lang='grc' dir='ltr'>,ί</span> <span class='ocrx_word' id='word_1_694' title='bbox 2851 4362 3198 4415; x_wconf 90' lang='lat' dir='ltr'><strong>Salomonem</strong></span> <span class='ocrx_word' id='word_1_695' title='bbox 3245 4361 3572 4431; x_wconf 76' lang='lat' dir='ltr'><strong>prephetarn</strong></span> <span class='ocrx_word' id='word_1_696' title='bbox 3609 4381 3710 4417; x_wconf 81' lang='lat' dir='ltr'><strong>no-</strong></span> 
     </span>
    </p>
   </div>
   <div class='ocr_carea' id='block_1_96' title="bbox 2109 4432 3710 4502">
    <p class='ocr_par' dir='ltr' id='par_1_96' title="bbox 2109 4432 3710 4502">
     <span class='ocr_line' id='line_1_96' title="bbox 2109 4432 3710 4502; baseline 0.002 -19"><span class='ocrx_word' id='word_1_697' title='bbox 2109 4432 2347 4502; x_wconf 87' lang='lat' dir='ltr'><strong>minasse</strong></span> <span class='ocrx_word' id='word_1_698' title='bbox 2390 4433 2546 4502; x_wconf 86' lang='lat' dir='ltr'><strong>quasi</strong></span> <span class='ocrx_word' id='word_1_699' title='bbox 2595 4448 2733 4495; x_wconf 85' lang='lat' dir='ltr'><strong>non.</strong></span> <span class='ocrx_word' id='word_1_700' title='bbox 2767 4432 2862 4499; x_wconf 90' lang='lat' dir='ltr'><strong>qui</strong></span> <span class='ocrx_word' id='word_1_701' title='bbox 2913 4432 3205 4487; x_wconf 87' lang='lat' dir='ltr'><strong>character</strong></span> <span class='ocrx_word' id='word_1_702' title='bbox 3241 4441 3326 4486; x_wconf 87' lang='lat' dir='ltr'><strong>est</strong></span> <span class='ocrx_word' id='word_1_703' title='bbox 3380 4436 3710 4502; x_wconf 66' lang='lat' dir='ltr'><strong>prophetiae,</strong></span> 
     </span>
    </p>
   </div>
   <div class='ocr_carea' id='block_1_97' title="bbox 431 4498 3709 4572">
    <p class='ocr_par' dir='ltr' id='par_1_97' title="bbox 431 4498 3709 4572">
     <span class='ocr_line' id='line_1_97' title="bbox 431 4498 3709 4572; baseline 0 -17"><span class='ocrx_word' id='word_1_704' title='bbox 431 4505 646 4566; x_wconf 79' lang='grc' dir='ltr'>πεῖσαν,</span> <span class='ocrx_word' id='word_1_705' title='bbox 681 4500 808 4572; x_wconf 79' lang='lat' dir='ltr'><strong>furti</strong></span> <span class='ocrx_word' id='word_1_706' title='bbox 848 4498 1269 4572; x_wconf 76' lang='lat' dir='ltr'><strong>subtractionem</strong></span> <span class='ocrx_word' id='word_1_707' title='bbox 1326 4498 1528 4572; x_wconf 80' lang='lat' dir='ltr'><strong>potius,</strong></span> <span class='ocrx_word' id='word_1_708' title='bbox 1563 4515 1727 4568; x_wconf 91' lang='lat' dir='ltr'><strong>quam</strong></span> <span class='ocrx_word' id='word_1_709' title='bbox 1767 4501 2002 4572; x_wconf 84' lang='lat' dir='ltr'><strong>additio-</strong></span> <span class='ocrx_word' id='word_1_710' title='bbox 2037 4498 2082 4556; x_wconf 92' lang='lat' dir='ltr'><strong>D</strong></span> <span class='ocrx_word' id='word_1_711' title='bbox 2110 4501 2323 4557; x_wconf 90' lang='lat' dir='ltr'><strong>locutus</strong></span> <span class='ocrx_word' id='word_1_712' title='bbox 2353 4498 2533 4557; x_wconf 74' lang='lat' dir='ltr'><strong>fuerat</strong></span> <span class='ocrx_word' id='word_1_713' title='bbox 2589 4503 2644 4556; x_wconf 91' lang='lat' dir='ltr'><strong>in</strong></span> <span class='ocrx_word' id='word_1_714' title='bbox 2698 4498 2903 4572; x_wconf 80' lang='lat' dir='ltr'><strong>Spiritu</strong></span> <span class='ocrx_word' id='word_1_715' title='bbox 2951 4512 3163 4563; x_wconf 88' lang='lat' dir='ltr'><strong>saneto,</strong></span> <span class='ocrx_word' id='word_1_716' title='bbox 3209 4509 3305 4572; x_wconf 83' lang='lat' dir='ltr'><strong>aut</strong></span> <span class='ocrx_word' id='word_1_717' title='bbox 3337 4498 3537 4556; x_wconf 67' lang='lat' dir='ltr'><strong>saltent</strong></span> <span class='ocrx_word' id='word_1_718' title='bbox 3565 4503 3709 4558; x_wconf 81' lang='lat' dir='ltr'><strong>Can-</strong></span> 
     </span>
    </p>
   </div>
   <div class='ocr_carea' id='block_1_98' title="bbox 431 4569 2000 4639">
    <p class='ocr_par' dir='ltr' id='par_1_98' title="bbox 431 4569 2000 4639">
     <span class='ocr_line' id='line_1_98' title="bbox 431 4569 2000 4639; baseline -0.003 -13"><span class='ocrx_word' id='word_1_719' title='bbox 431 4587 555 4626; x_wconf 88' lang='lat' dir='ltr'><strong>nem</strong></span> <span class='ocrx_word' id='word_1_720' title='bbox 585 4572 722 4626; x_wconf 90' lang='lat' dir='ltr'><strong>clam</strong></span> <span class='ocrx_word' id='word_1_721' title='bbox 756 4571 952 4624; x_wconf 79' lang='lat' dir='ltr'><strong>factam</strong></span> <span class='ocrx_word' id='word_1_722' title='bbox 985 4571 1285 4639; x_wconf 86' lang='lat' dir='ltr'><strong>signiticet:</strong></span> <span class='ocrx_word' id='word_1_723' title='bbox 1309 4569 1442 4639; x_wconf 78' lang='lat' dir='ltr'><strong>quid</strong></span> <span class='ocrx_word' id='word_1_724' title='bbox 1467 4571 1597 4623; x_wconf 91' lang='lat' dir='ltr'><strong>illud</strong></span> <span class='ocrx_word' id='word_1_725' title='bbox 1631 4579 1714 4624; x_wconf 89' lang='lat' dir='ltr'><strong>est</strong></span> <span class='ocrx_word' id='word_1_726' title='bbox 1745 4587 1758 4623; x_wconf 92' lang='lat'>:</span> <span class='ocrx_word' id='word_1_727' title='bbox 1789 4569 1849 4622; x_wconf 82' lang='grc' dir='ltr'>τὸ</span> <span class='ocrx_word' id='word_1_728' title='bbox 1875 4587 2000 4623; x_wconf 59' lang='grc' dir='ltr'>καις</span> 
     </span>
    </p>
   </div>
   <div class='ocr_carea' id='block_1_99' title="bbox 434 4638 2002 4713">
    <p class='ocr_par' dir='ltr' id='par_1_99' title="bbox 434 4638 2002 4713">
     <span class='ocr_line' id='line_1_99' title="bbox 434 4638 2002 4713; baseline -0.001 -18"><span class='ocrx_word' id='word_1_729' title='bbox 434 4640 697 4713; x_wconf 83' lang='grc' dir='ltr'>ριώτατον</span> <span class='ocrx_word' id='word_1_730' title='bbox 725 4639 843 4713; x_wconf 81' lang='lat' dir='ltr'><strong>(sic)</strong></span> <span class='ocrx_word' id='word_1_731' title='bbox 863 4641 962 4711; x_wconf 83' lang='grc' dir='ltr'>τῆς</span> <span class='ocrx_word' id='word_1_732' title='bbox 988 4638 1263 4713; x_wconf 23' lang='grc' dir='ltr'>’συλλαϐῆς</span> <span class='ocrx_word' id='word_1_733' title='bbox 1291 4638 1521 4707; x_wconf 69' lang='grc' dir='ltr'>ὲξελὼνῖ</span> <span class='ocrx_word' id='word_1_734' title='bbox 1559 4640 1790 4696; x_wconf 88' lang='lat' dir='ltr'><strong>Sensum</strong></span> <span class='ocrx_word' id='word_1_735' title='bbox 1815 4642 2002 4713; x_wconf 54' lang='lat' dir='ltr'><strong>videor</strong></span> 
     </span>
    </p>
   </div>
   <div class='ocr_carea' id='block_1_100' title="bbox 433 4709 1998 4775">
    <p class='ocr_par' dir='ltr' id='par_1_100' title="bbox 433 4709 1998 4775">
     <span class='ocr_line' id='line_1_100' title="bbox 433 4709 1998 4775; baseline 0 -9"><span class='ocrx_word' id='word_1_736' title='bbox 433 4709 952 4768; x_wconf 62' lang='lat' dir='ltr'><strong>assecutus.&#39;Ariani</strong></span> <span class='ocrx_word' id='word_1_737' title='bbox 986 4711 1159 4765; x_wconf 91' lang='lat' dir='ltr'><strong>locum</strong></span> <span class='ocrx_word' id='word_1_738' title='bbox 1198 4709 1363 4775; x_wconf 83' lang='lat' dir='ltr'><strong>hunc,</strong></span> <span class='ocrx_word' id='word_1_739' title='bbox 1399 4726 1505 4765; x_wconf 91' lang='lat' dir='ltr'><strong>non</strong></span> <span class='ocrx_word' id='word_1_740' title='bbox 1548 4713 1615 4765; x_wconf 91' lang='lat' dir='ltr'><strong>de</strong></span> <span class='ocrx_word' id='word_1_741' title='bbox 1637 4721 1840 4764; x_wconf 57' lang='lat' dir='ltr'><strong>aeterna</strong></span> <span class='ocrx_word' id='word_1_742' title='bbox 1877 4709 1998 4766; x_wconf 84' lang='lat' dir='ltr'><strong>Filii</strong></span> 
     </span>
    </p>
   </div>
   <div class='ocr_carea' id='block_1_101' title="bbox 430 4780 1998 4849">
    <p class='ocr_par' dir='ltr' id='par_1_101' title="bbox 430 4780 1998 4849">
     <span class='ocr_line' id='line_1_101' title="bbox 430 4780 1998 4849; baseline -0.001 -13"><span class='ocrx_word' id='word_1_743' title='bbox 430 4782 805 4849; x_wconf 84' lang='lat' dir='ltr'><strong>generatione,</strong></span> <span class='ocrx_word' id='word_1_744' title='bbox 842 4783 936 4835; x_wconf 91' lang='lat' dir='ltr'><strong>sed</strong></span> <span class='ocrx_word' id='word_1_745' title='bbox 960 4781 1028 4834; x_wconf 93' lang='lat' dir='ltr'><strong>de</strong></span> <span class='ocrx_word' id='word_1_746' title='bbox 1063 4781 1348 4848; x_wconf 90' lang='lat' dir='ltr'><strong>temporali</strong></span> <span class='ocrx_word' id='word_1_747' title='bbox 1400 4780 1779 4836; x_wconf 89' lang='lat' dir='ltr'><strong>incarnatione</strong></span> <span class='ocrx_word' id='word_1_748' title='bbox 1818 4787 1998 4848; x_wconf 88' lang='lat' dir='ltr'><strong>capie-</strong></span> 
     </span>
    </p>
   </div>
   <div class='ocr_carea' id='block_1_102' title="bbox 429 4850 1998 4916">
    <p class='ocr_par' dir='ltr' id='par_1_102' title="bbox 429 4850 1998 4916">
     <span class='ocr_line' id='line_1_102' title="bbox 429 4850 1998 4916; baseline 0 -10"><span class='ocrx_word' id='word_1_749' title='bbox 429 4853 581 4916; x_wconf 89' lang='lat' dir='ltr'><strong>bant,</strong></span> <span class='ocrx_word' id='word_1_750' title='bbox 615 4862 675 4906; x_wconf 89' lang='lat' dir='ltr'><strong>ut</strong></span> <span class='ocrx_word' id='word_1_751' title='bbox 696 4853 762 4906; x_wconf 92' lang='lat' dir='ltr'><strong>de</strong></span> <span class='ocrx_word' id='word_1_752' title='bbox 792 4862 950 4904; x_wconf 91' lang='lat' dir='ltr'><strong>noctu</strong></span> <span class='ocrx_word' id='word_1_753' title='bbox 977 4859 1136 4904; x_wconf 90' lang='lat' dir='ltr'><strong>natus</strong></span> <span class='ocrx_word' id='word_1_754' title='bbox 1158 4850 1372 4904; x_wconf 89' lang='lat' dir='ltr'><strong>dicatur</strong></span> <span class='ocrx_word' id='word_1_755' title='bbox 1397 4863 1522 4904; x_wconf 89' lang='lat' dir='ltr'><strong>ante</strong></span> <span class='ocrx_word' id='word_1_756' title='bbox 1551 4861 1801 4905; x_wconf 84' lang='lat' dir='ltr'><strong>exortum</strong></span> <span class='ocrx_word' id='word_1_757' title='bbox 1829 4853 1998 4906; x_wconf 66' lang='lat' dir='ltr'><strong>stella:</strong></span> 
     </span>
    </p>
   </div>
   <div class='ocr_carea' id='block_1_103' title="bbox 429 4920 1991 4985">
    <p class='ocr_par' dir='ltr' id='par_1_103' title="bbox 429 4920 1991 4985">
     <span class='ocr_line' id='line_1_103' title="bbox 429 4920 1991 4985; baseline -0.001 -9"><span class='ocrx_word' id='word_1_758' title='bbox 429 4923 742 4985; x_wconf 64' lang='lat' dir='ltr'><strong>matutina};</strong></span> <span class='ocrx_word' id='word_1_759' title='bbox 797 4922 1010 4975; x_wconf 86' lang='lat' dir='ltr'><strong>videtur</strong></span> <span class='ocrx_word' id='word_1_760' title='bbox 1048 4920 1190 4974; x_wconf 90' lang='lat' dir='ltr'><strong>hunc</strong></span> <span class='ocrx_word' id='word_1_761' title='bbox 1236 4935 1476 4982; x_wconf 87' lang='lat' dir='ltr'><strong>sensum,</strong></span> <span class='ocrx_word' id='word_1_762' title='bbox 1507 4929 1562 4975; x_wconf 92' lang='lat' dir='ltr'><strong>et</strong></span> <span class='ocrx_word' id='word_1_763' title='bbox 1597 4921 1736 4975; x_wconf 89' lang='lat' dir='ltr'><strong>bane</strong></span> <span class='ocrx_word' id='word_1_764' title='bbox 1776 4932 1991 4975; x_wconf 76' lang='lat' dir='ltr'><strong>senten-</strong></span> 
     </span>
    </p>
   </div>
   <div class='ocr_carea' id='block_1_104' title="bbox 429 4990 1994 5060">
    <p class='ocr_par' dir='ltr' id='par_1_104' title="bbox 429 4990 1994 5060">
     <span class='ocr_line' id='line_1_104' title="bbox 429 4990 1994 5060; baseline -0.002 -14"><span class='ocrx_word' id='word_1_765' title='bbox 429 4993 560 5046; x_wconf 91' lang='lat' dir='ltr'><strong>tiam</strong></span> <span class='ocrx_word' id='word_1_766' title='bbox 592 5006 902 5060; x_wconf 85' lang='lat' dir='ltr'><strong>oppugnare</strong></span> <span class='ocrx_word' id='word_1_767' title='bbox 937 4990 1224 5046; x_wconf 83' lang='lat' dir='ltr'><strong>Marcellus</strong></span> <span class='ocrx_word' id='word_1_768' title='bbox 1251 5008 1264 5043; x_wconf 92' lang='lat'><strong>:</strong></span> <span class='ocrx_word' id='word_1_769' title='bbox 1289 5003 1345 5045; x_wconf 86' lang='lat' dir='ltr'><strong>et</strong></span> <span class='ocrx_word' id='word_1_770' title='bbox 1385 4991 1451 5044; x_wconf 88' lang='lat' dir='ltr'><strong>ad</strong></span> <span class='ocrx_word' id='word_1_771' title='bbox 1471 4999 1731 5060; x_wconf 63' lang='lat' dir='ltr'><strong>aeternam</strong></span> <span class='ocrx_word' id='word_1_772' title='bbox 1765 5007 1994 5060; x_wconf 86' lang='lat' dir='ltr'><strong>genera-</strong></span> 
     </span>
    </p>
   </div>
   <div class='ocr_carea' id='block_1_105' title="bbox 430 5059 1992 5124">
    <p class='ocr_par' dir='ltr' id='par_1_105' title="bbox 430 5059 1992 5124">
     <span class='ocr_line' id='line_1_105' title="bbox 430 5059 1992 5124; baseline 0.001 -10"><span class='ocrx_word' id='word_1_773' title='bbox 430 5059 811 5117; x_wconf 21' lang='lat' dir='ltr'><strong>tionemﬂFilii</strong></span> <span class='ocrx_word' id='word_1_774' title='bbox 871 5063 962 5115; x_wconf 91' lang='lat' dir='ltr'><strong>Dei</strong></span> <span class='ocrx_word' id='word_1_775' title='bbox 1021 5063 1087 5115; x_wconf 91' lang='lat' dir='ltr'><strong>de</strong></span> <span class='ocrx_word' id='word_1_776' title='bbox 1143 5063 1445 5115; x_wconf 87' lang='lat' dir='ltr'><strong>substantia</strong></span> <span class='ocrx_word' id='word_1_777' title='bbox 1490 5059 1670 5114; x_wconf 90' lang='lat' dir='ltr'><strong>Patris</strong></span> <span class='ocrx_word' id='word_1_778' title='bbox 1725 5059 1992 5124; x_wconf 86' lang='lat' dir='ltr'><strong>retulisse,</strong></span> 
     </span>
    </p>
   </div>
   <div class='ocr_carea' id='block_1_106' title="bbox 428 5130 1994 5202">
    <p class='ocr_par' dir='ltr' id='par_1_106' title="bbox 428 5130 1994 5202">
     <span class='ocr_line' id='line_1_106' title="bbox 428 5130 1994 5202; baseline 0.001 -18"><span class='ocrx_word' id='word_1_779' title='bbox 428 5149 591 5199; x_wconf 90' lang='lat' dir='ltr'><strong>quam</strong></span> <span class='ocrx_word' id='word_1_780' title='bbox 625 5133 711 5186; x_wconf 87' lang='lat' dir='ltr'><strong>hic</strong></span> <span class='ocrx_word' id='word_1_781' title='bbox 739 5141 892 5186; x_wconf 91' lang='lat' dir='ltr'><strong>vocat</strong></span> <span class='ocrx_word' id='word_1_782' title='bbox 934 5131 1229 5202; x_wconf 76' lang='lat' dir='ltr'><strong>Eusebius</strong></span> <span class='ocrx_word' id='word_1_783' title='bbox 1247 5131 1481 5202; x_wconf 88' lang='grc' dir='ltr'>ἀρχαίαν</span> <span class='ocrx_word' id='word_1_784' title='bbox 1506 5130 1886 5202; x_wconf 84' lang='grc' dir='ltr'>ἀναγέννησιν,</span> <span class='ocrx_word' id='word_1_785' title='bbox 1913 5133 1994 5185; x_wconf 88' lang='lat' dir='ltr'><strong>vel</strong></span> 
     </span>
    </p>
   </div>
   <div class='ocr_carea' id='block_1_107' title="bbox 426 5200 1993 5273">
    <p class='ocr_par' dir='ltr' id='par_1_107' title="bbox 426 5200 1993 5273">
     <span class='ocr_line' id='line_1_107' title="bbox 426 5200 1993 5273; baseline 0 -17"><span class='ocrx_word' id='word_1_786' title='bbox 426 5204 541 5257; x_wconf 80' lang='grc' dir='ltr'>ἄνω</span> <span class='ocrx_word' id='word_1_787' title='bbox 577 5203 813 5272; x_wconf 83' lang='grc' dir='ltr'>γένεσιν,</span> <span class='ocrx_word' id='word_1_788' title='bbox 843 5211 918 5273; x_wconf 77' lang='lat' dir='ltr'><strong>et_</strong></span> <span class='ocrx_word' id='word_1_789' title='bbox 933 5200 1147 5273; x_wconf 86' lang='lat' dir='ltr'><strong>legisse,</strong></span> <span class='ocrx_word' id='word_1_790' title='bbox 1185 5200 1532 5273; x_wconf 64' lang='grc' dir='ltr'>ἐξεγέννησα,</span> <span class='ocrx_word' id='word_1_791' title='bbox 1588 5200 1774 5270; x_wconf 80' lang='lat' dir='ltr'><strong>utpote</strong></span> <span class='ocrx_word' id='word_1_792' title='bbox 1804 5204 1855 5256; x_wconf 91' lang='lat' dir='ltr'><strong>in</strong></span> <span class='ocrx_word' id='word_1_793' title='bbox 1887 5217 1993 5270; x_wconf 89' lang='lat' dir='ltr'><strong>qua</strong></span> 
     </span>
    </p>
   </div>
   <div class='ocr_carea' id='block_1_108' title="bbox 426 5271 1994 5342">
    <p class='ocr_par' dir='ltr' id='par_1_108' title="bbox 426 5271 1994 5342">
     <span class='ocr_line' id='line_1_108' title="bbox 426 5271 1994 5342; baseline 0.001 -17"><span class='ocrx_word' id='word_1_794' title='bbox 426 5289 560 5328; x_wconf 87' lang='lat' dir='ltr'><strong>voce</strong></span> <span class='ocrx_word' id='word_1_795' title='bbox 592 5271 779 5342; x_wconf 84' lang='lat' dir='ltr'><strong>magis</strong></span> <span class='ocrx_word' id='word_1_796' title='bbox 832 5271 1134 5342; x_wconf 77' lang='lat' dir='ltr'><strong>cﬂicaciter</strong></span> <span class='ocrx_word' id='word_1_797' title='bbox 1173 5271 1449 5342; x_wconf 51' lang='lat' dir='ltr'><strong>[esulten</strong></span> <span class='ocrx_word' id='word_1_798' title='bbox 1497 5274 1550 5326; x_wconf 91' lang='lat' dir='ltr'><strong>id</strong></span> <span class='ocrx_word' id='word_1_799' title='bbox 1592 5273 1734 5341; x_wconf 89' lang='lat' dir='ltr'><strong>quod</strong></span> <span class='ocrx_word' id='word_1_800' title='bbox 1777 5273 1994 5327; x_wconf 84' lang='lat' dir='ltr'><strong>volebat</strong></span> 
     </span>
    </p>
   </div>
   <div class='ocr_carea' id='block_1_109' title="bbox 425 5340 1988 5412">
    <p class='ocr_par' dir='ltr' id='par_1_109' title="bbox 425 5340 1988 5412">
     <span class='ocr_line' id='line_1_109' title="bbox 425 5340 1988 5412; baseline -0.001 -15"><span class='ocrx_word' id='word_1_801' title='bbox 425 5340 802 5398; x_wconf 55' lang='lat' dir='ltr'><strong>atabilirefDe</strong></span> <span class='ocrx_word' id='word_1_802' title='bbox 827 5341 989 5412; x_wconf 83' lang='lat' dir='ltr'><strong>Patre</strong></span> <span class='ocrx_word' id='word_1_803' title='bbox 1017 5356 1137 5409; x_wconf 90' lang='lat' dir='ltr'><strong>suo,</strong></span> <span class='ocrx_word' id='word_1_804' title='bbox 1170 5340 1297 5396; x_wconf 86' lang='lat' dir='ltr'><strong>Filii</strong></span> <span class='ocrx_word' id='word_1_805' title='bbox 1325 5340 1729 5412; x_wconf 83' lang='lat' dir='ltr'><strong>generationem</strong></span> <span class='ocrx_word' id='word_1_806' title='bbox 1761 5343 1988 5408; x_wconf 87' lang='lat' dir='ltr'><strong>scilicet,</strong></span> 
     </span>
    </p>
   </div>
   <div class='ocr_carea' id='block_1_110' title="bbox 428 5410 1989 5480">
    <p class='ocr_par' dir='ltr' id='par_1_110' title="bbox 428 5410 1989 5480">
     <span class='ocr_line' id='line_1_110' title="bbox 428 5410 1989 5480; baseline 0.002 -15"><span class='ocrx_word' id='word_1_807' title='bbox 428 5413 715 5477; x_wconf 87' lang='lat' dir='ltr'><strong>Eusebius,</strong></span> <span class='ocrx_word' id='word_1_808' title='bbox 755 5414 870 5466; x_wconf 85' lang='lat' dir='ltr'><strong>Arii</strong></span> <span class='ocrx_word' id='word_1_809' title='bbox 923 5410 1125 5477; x_wconf 83' lang='lat' dir='ltr'><strong>fautor,</strong></span> <span class='ocrx_word' id='word_1_810' title='bbox 1167 5410 1355 5468; x_wconf 80' lang='lat' dir='ltr'><strong>ansam</strong></span> <span class='ocrx_word' id='word_1_811' title='bbox 1400 5412 1593 5480; x_wconf 85' lang='lat' dir='ltr'><strong>arripit</strong></span> <span class='ocrx_word' id='word_1_812' title='bbox 1626 5413 1989 5468; x_wconf 89' lang='lat' dir='ltr'><strong>calumniandi</strong></span> 
     </span>
    </p>
   </div>
   <div class='ocr_carea' id='block_1_111' title="bbox 426 5481 1991 5552">
    <p class='ocr_par' dir='ltr' id='par_1_111' title="bbox 426 5481 1991 5552">
     <span class='ocr_line' id='line_1_111' title="bbox 426 5481 1991 5552; baseline 0.001 -17"><span class='ocrx_word' id='word_1_813' title='bbox 426 5481 758 5536; x_wconf 83' lang='lat' dir='ltr'><strong>Marcellum.</strong></span> <span class='ocrx_word' id='word_1_814' title='bbox 815 5483 994 5537; x_wconf 86' lang='lat' dir='ltr'><strong>Posita</strong></span> <span class='ocrx_word' id='word_1_815' title='bbox 1043 5492 1223 5536; x_wconf 90' lang='lat' dir='ltr'><strong>autem</strong></span> <span class='ocrx_word' id='word_1_816' title='bbox 1279 5485 1368 5537; x_wconf 88' lang='lat' dir='ltr'><strong>illa</strong></span> <span class='ocrx_word' id='word_1_817' title='bbox 1425 5484 1892 5552; x_wconf 87' lang='lat' dir='ltr'><strong>interpretatione,</strong></span> <span class='ocrx_word' id='word_1_818' title='bbox 1927 5486 1991 5537; x_wconf 85' lang='lat' dir='ltr'><strong>de</strong></span> 
     </span>
    </p>
   </div>
   <div class='ocr_carea' id='block_1_112' title="bbox 425 5551 1989 5623">
    <p class='ocr_par' dir='ltr' id='par_1_112' title="bbox 425 5551 1989 5623">
     <span class='ocr_line' id='line_1_112' title="bbox 425 5551 1989 5623; baseline 0.001 -17"><span class='ocrx_word' id='word_1_819' title='bbox 425 5563 627 5606; x_wconf 74' lang='lat' dir='ltr'><strong>aeterna</strong></span> <span class='ocrx_word' id='word_1_820' title='bbox 655 5551 778 5606; x_wconf 87' lang='lat' dir='ltr'><strong>Filii</strong></span> <span class='ocrx_word' id='word_1_821' title='bbox 813 5554 1185 5623; x_wconf 87' lang='lat' dir='ltr'><strong>generatione,</strong></span> <span class='ocrx_word' id='word_1_822' title='bbox 1215 5553 1350 5608; x_wconf 90' lang='lat' dir='ltr'><strong>nihil</strong></span> <span class='ocrx_word' id='word_1_823' title='bbox 1385 5564 1536 5607; x_wconf 88' lang='lat' dir='ltr'><strong>certe</strong></span> <span class='ocrx_word' id='word_1_824' title='bbox 1569 5551 1814 5621; x_wconf 86' lang='lat' dir='ltr'><strong>impedit,</strong></span> <span class='ocrx_word' id='word_1_825' title='bbox 1845 5569 1989 5623; x_wconf 75' lang='lat' dir='ltr'><strong>quo-</strong></span> 
     </span>
    </p>
   </div>
   <div class='ocr_carea' id='block_1_113' title="bbox 425 5623 1985 5692">
    <p class='ocr_par' dir='ltr' id='par_1_113' title="bbox 425 5623 1985 5692">
     <span class='ocr_line' id='line_1_113' title="bbox 425 5623 1985 5692; baseline 0.001 -17"><span class='ocrx_word' id='word_1_826' title='bbox 425 5623 605 5675; x_wconf 87' lang='lat' dir='ltr'><strong>minus</strong></span> <span class='ocrx_word' id='word_1_827' title='bbox 632 5623 701 5678; x_wconf 87' lang='lat' dir='ltr'><strong>ad</strong></span> <span class='ocrx_word' id='word_1_828' title='bbox 742 5623 974 5677; x_wconf 86' lang='lat' dir='ltr'><strong>litteram</strong></span> <span class='ocrx_word' id='word_1_829' title='bbox 1018 5631 1318 5691; x_wconf 80' lang='lat' dir='ltr'><strong>exponatur</strong></span> <span class='ocrx_word' id='word_1_830' title='bbox 1351 5623 1525 5686; x_wconf 86' lang='lat' dir='ltr'><strong>locus,</strong></span> <span class='ocrx_word' id='word_1_831' title='bbox 1558 5624 1626 5678; x_wconf 92' lang='lat' dir='ltr'><strong>de</strong></span> <span class='ocrx_word' id='word_1_832' title='bbox 1657 5623 1864 5677; x_wconf 85' lang='lat' dir='ltr'><strong>carnali</strong></span> <span class='ocrx_word' id='word_1_833' title='bbox 1897 5638 1985 5692; x_wconf 89' lang='lat' dir='ltr'><strong>ge-</strong></span> 
     </span>
    </p>
   </div>
   <div class='ocr_carea' id='block_1_114' title="bbox 426 5692 2018 5762">
    <p class='ocr_par' dir='ltr' id='par_1_114' title="bbox 426 5692 2018 5762">
     <span class='ocr_line' id='line_1_114' title="bbox 426 5692 2018 5762; baseline 0.003 -16"><span class='ocrx_word' id='word_1_834' title='bbox 426 5692 708 5762; x_wconf 82' lang='lat' dir='ltr'><strong>neratione</strong></span> <span class='ocrx_word' id='word_1_835' title='bbox 740 5692 861 5762; x_wconf 85' lang='lat' dir='ltr'><strong>Filii</strong></span> <span class='ocrx_word' id='word_1_836' title='bbox 899 5693 1130 5746; x_wconf 90' lang='lat' dir='ltr'><strong>hominis</strong></span> <span class='ocrx_word' id='word_1_837' title='bbox 1162 5708 1175 5742; x_wconf 90' lang='lat'><strong>:</strong></span> <span class='ocrx_word' id='word_1_838' title='bbox 1204 5693 1295 5762; x_wconf 87' lang='lat' dir='ltr'><strong>qui</strong></span> <span class='ocrx_word' id='word_1_839' title='bbox 1336 5695 1403 5762; x_wconf 88' lang='lat' dir='ltr'><strong>de</strong></span> <span class='ocrx_word' id='word_1_840' title='bbox 1437 5703 1596 5748; x_wconf 88' lang='lat' dir='ltr'><strong>nocte</strong></span> <span class='ocrx_word' id='word_1_841' title='bbox 1641 5695 2018 5750; x_wconf 88' lang='lat' dir='ltr'><strong>nascebatur..</strong></span> 
     </span>
    </p>
   </div>
   <div class='ocr_carea' id='block_1_115' title="bbox 425 5760 1986 5837">
    <p class='ocr_par' dir='ltr' id='par_1_115' title="bbox 425 5760 1986 5837">
     <span class='ocr_line' id='line_1_115' title="bbox 425 5760 1986 5837; baseline 0.003 -22"><span class='ocrx_word' id='word_1_842' title='bbox 425 5760 602 5832; x_wconf 81' lang='lat' dir='ltr'><strong>Quam</strong></span> <span class='ocrx_word' id='word_1_843' title='bbox 635 5761 762 5818; x_wconf 89' lang='lat' dir='ltr'><strong>licet</strong></span> <span class='ocrx_word' id='word_1_844' title='bbox 790 5760 1294 5826; x_wconf 40' lang='lat' dir='ltr'><strong>Cbrysostomus’in</strong></span> <span class='ocrx_word' id='word_1_845' title='bbox 1343 5761 1488 5818; x_wconf 71' lang='lat' dir='ltr'><strong>Psat.</strong></span> <span class='ocrx_word' id='word_1_846' title='bbox 1516 5777 1627 5827; x_wconf 83' lang='lat' dir='ltr'><strong>etx,</strong></span> <span class='ocrx_word' id='word_1_847' title='bbox 1662 5765 1986 5837; x_wconf 83' lang='lat' dir='ltr'><strong>interpreta-</strong></span> 
     </span>
    </p>
   </div>
   <div class='ocr_carea' id='block_1_116' title="bbox 2113 4571 3708 4654">
    <p class='ocr_par' dir='ltr' id='par_1_116' title="bbox 2113 4571 3708 4654">
     <span class='ocr_line' id='line_1_116' title="bbox 2113 4571 3708 4654; baseline 0.016 -31"><span class='ocrx_word' id='word_1_848' title='bbox 2113 4571 2278 4654; x_wconf 70' lang='lat' dir='ltr'><strong>ticum</strong></span> <span class='ocrx_word' id='word_1_849' title='bbox 2331 4575 2690 4654; x_wconf 80' lang='lat' dir='ltr'><strong>canticorum_</strong></span> <span class='ocrx_word' id='word_1_850' title='bbox 2718 4571 2835 4654; x_wconf 74' lang='lat' dir='ltr'><strong>non</strong></span> <span class='ocrx_word' id='word_1_851' title='bbox 2875 4572 3016 4653; x_wconf 74' lang='lat' dir='ltr'><strong>foret</strong></span> <span class='ocrx_word' id='word_1_852' title='bbox 3065 4571 3252 4652; x_wconf 71' lang='grc' dir='ltr'>γραφῇ</span> <span class='ocrx_word' id='word_1_853' title='bbox 3280 4572 3708 4654; x_wconf 64' lang='grc' dir='ltr'>,πρεφητώᾷης-</span> 
     </span>
    </p>
   </div>
   <div class='ocr_carea' id='block_1_117' title="bbox 2109 4641 3715 4711">
    <p class='ocr_par' dir='ltr' id='par_1_117' title="bbox 2109 4641 3715 4711">
     <span class='ocr_line' id='line_1_117' title="bbox 2109 4641 3715 4711; baseline 0.001 -16"><span class='ocrx_word' id='word_1_854' title='bbox 2109 4641 2286 4696; x_wconf 89' lang='lat' dir='ltr'><strong>Locus</strong></span> <span class='ocrx_word' id='word_1_855' title='bbox 2315 4656 2476 4710; x_wconf 88' lang='lat' dir='ltr'><strong>quem</strong></span> <span class='ocrx_word' id='word_1_856' title='bbox 2504 4644 2641 4705; x_wconf 88' lang='lat' dir='ltr'><strong>vult,</strong></span> <span class='ocrx_word' id='word_1_857' title='bbox 2678 4641 2911 4696; x_wconf 87' lang='lat' dir='ltr'><strong>habetur</strong></span> <span class='ocrx_word' id='word_1_858' title='bbox 2959 4641 3012 4695; x_wconf 90' lang='lat' dir='ltr'><strong>in</strong></span> <span class='ocrx_word' id='word_1_859' title='bbox 3057 4643 3328 4711; x_wconf 83' lang='lat' dir='ltr'><strong>principio</strong></span> <span class='ocrx_word' id='word_1_860' title='bbox 3355 4641 3715 4698; x_wconf 68' lang='lat' dir='ltr'><strong>Proverbia-</strong></span> 
     </span>
    </p>
   </div>
   <div class='ocr_carea' id='block_1_118' title="bbox 2103 4711 3712 4782">
    <p class='ocr_par' dir='ltr' id='par_1_118' title="bbox 2103 4711 3712 4782">
     <span class='ocr_line' id='line_1_118' title="bbox 2103 4711 3712 4782; baseline 0 -16"><span class='ocrx_word' id='word_1_861' title='bbox 2103 4727 2246 4766; x_wconf 88' lang='lat' dir='ltr'><strong>rum.</strong></span> <span class='ocrx_word' id='word_1_862' title='bbox 2290 4711 2432 4778; x_wconf 60' lang='lat' dir='ltr'><strong>Quae</strong></span> <span class='ocrx_word' id='word_1_863' title='bbox 2475 4714 2696 4782; x_wconf 89' lang='lat' dir='ltr'><strong>quidem</strong></span> <span class='ocrx_word' id='word_1_864' title='bbox 2745 4711 3036 4782; x_wconf 77' lang='lat' dir='ltr'><strong>Proverbia</strong></span> <span class='ocrx_word' id='word_1_865' title='bbox 3080 4713 3430 4766; x_wconf 87' lang='lat' dir='ltr'><strong>sanctissime</strong></span> <span class='ocrx_word' id='word_1_866' title='bbox 3459 4724 3712 4781; x_wconf 88' lang='lat' dir='ltr'><strong>sumpta,</strong></span> 
     </span>
    </p>
   </div>
   <div class='ocr_carea' id='block_1_119' title="bbox 2102 4781 3716 4854">
    <p class='ocr_par' dir='ltr' id='par_1_119' title="bbox 2102 4781 3716 4854">
     <span class='ocr_line' id='line_1_119' title="bbox 2102 4781 3716 4854; baseline -0.001 -18"><span class='ocrx_word' id='word_1_867' title='bbox 2102 4798 2208 4854; x_wconf 86' lang='lat' dir='ltr'><strong>non</strong></span> <span class='ocrx_word' id='word_1_868' title='bbox 2239 4792 2367 4837; x_wconf 84' lang='lat' dir='ltr'><strong>sunt</strong></span> <span class='ocrx_word' id='word_1_869' title='bbox 2395 4781 2750 4854; x_wconf 81' lang='grc' dir='ltr'>προφητεῖαι.</span> <span class='ocrx_word' id='word_1_870' title='bbox 2797 4781 2902 4836; x_wconf 90' lang='lat' dir='ltr'><strong>Sed</strong></span> <span class='ocrx_word' id='word_1_871' title='bbox 2946 4781 3248 4854; x_wconf 62' lang='lat' dir='ltr'><strong>prophetae,</strong></span> <span class='ocrx_word' id='word_1_872' title='bbox 3282 4782 3532 4854; x_wconf 68' lang='lat' dir='ltr'><strong>generali</strong></span> <span class='ocrx_word' id='word_1_873' title='bbox 3574 4799 3716 4851; x_wconf 87' lang='lat' dir='ltr'><strong>qua-</strong></span> 
     </span>
    </p>
   </div>
   <div class='ocr_carea' id='block_1_120' title="bbox 2100 4851 3712 4921">
    <p class='ocr_par' dir='ltr' id='par_1_120' title="bbox 2100 4851 3712 4921">
     <span class='ocr_line' id='line_1_120' title="bbox 2100 4851 3712 4921; baseline 0.001 -15"><span class='ocrx_word' id='word_1_874' title='bbox 2100 4853 2224 4906; x_wconf 86' lang='lat' dir='ltr'><strong>dam</strong></span> <span class='ocrx_word' id='word_1_875' title='bbox 2255 4851 2802 4919; x_wconf 25' lang='lat' dir='ltr'><strong>notione,’vocantur</strong></span> <span class='ocrx_word' id='word_1_876' title='bbox 2831 4867 3021 4906; x_wconf 87' lang='lat' dir='ltr'><strong>onmes</strong></span> <span class='ocrx_word' id='word_1_877' title='bbox 3056 4852 3156 4904; x_wconf 89' lang='lat' dir='ltr'><strong>viri</strong></span> <span class='ocrx_word' id='word_1_878' title='bbox 3207 4855 3406 4905; x_wconf 90' lang='lat' dir='ltr'><strong>sancti.</strong></span> <span class='ocrx_word' id='word_1_879' title='bbox 3457 4851 3712 4921; x_wconf 73' lang='lat' dir='ltr'><strong>Prophe-</strong></span> 
     </span>
    </p>
   </div>
   <div class='ocr_carea' id='block_1_121' title="bbox 2104 4923 3714 4992">
    <p class='ocr_par' dir='ltr' id='par_1_121' title="bbox 2104 4923 3714 4992">
     <span class='ocr_line' id='line_1_121' title="bbox 2104 4923 3714 4992; baseline 0.001 -17"><span class='ocrx_word' id='word_1_880' title='bbox 2104 4924 2194 4977; x_wconf 67' lang='lat' dir='ltr'><strong>tiae</strong></span> <span class='ocrx_word' id='word_1_881' title='bbox 2218 4932 2372 4988; x_wconf 87' lang='lat' dir='ltr'><strong>sunt,</strong></span> <span class='ocrx_word' id='word_1_882' title='bbox 2395 4924 2561 4977; x_wconf 86' lang='lat' dir='ltr'><strong>etiam</strong></span> <span class='ocrx_word' id='word_1_883' title='bbox 2589 4926 2655 4977; x_wconf 92' lang='lat' dir='ltr'><strong>de</strong></span> <span class='ocrx_word' id='word_1_884' title='bbox 2681 4923 2983 4992; x_wconf 74' lang='lat' dir='ltr'><strong>praeteritis</strong></span> <span class='ocrx_word' id='word_1_885' title='bbox 3011 4924 3282 4985; x_wconf 88' lang='lat' dir='ltr'><strong>notlones,</strong></span> <span class='ocrx_word' id='word_1_886' title='bbox 3317 4923 3486 4976; x_wconf 87' lang='lat' dir='ltr'><strong>etiam</strong></span> <span class='ocrx_word' id='word_1_887' title='bbox 3519 4923 3714 4976; x_wconf 83' lang='grc' dir='ltr'>νουθε-</span> 
     </span>
    </p>
   </div>
   <div class='ocr_carea' id='block_1_122' title="bbox 2105 4991 3716 5061">
    <p class='ocr_par' dir='ltr' id='par_1_122' title="bbox 2105 4991 3716 5061">
     <span class='ocr_line' id='line_1_122' title="bbox 2105 4991 3716 5061; baseline 0.002 -16"><span class='ocrx_word' id='word_1_888' title='bbox 2105 4993 2240 5058; x_wconf 89' lang='grc' dir='ltr'>σίαι,</span> <span class='ocrx_word' id='word_1_889' title='bbox 2287 5001 2347 5046; x_wconf 81' lang='grc' dir='ltr'><strong>ιιι</strong></span> <span class='ocrx_word' id='word_1_890' title='bbox 2381 4994 2498 5048; x_wconf 66' lang='lat' dir='ltr'><strong>ista:</strong></span> <span class='ocrx_word' id='word_1_891' title='bbox 2540 4991 2695 5057; x_wconf 80' lang='lat' dir='ltr'><strong>sunt,</strong></span> <span class='ocrx_word' id='word_1_892' title='bbox 2744 4991 3115 5053; x_wconf 83' lang='grc' dir='ltr'>θεόπνευστοι,</span> <span class='ocrx_word' id='word_1_893' title='bbox 3159 4993 3549 5061; x_wconf 83' lang='lat' dir='ltr'><strong>characteres;</strong></span> <span class='ocrx_word' id='word_1_894' title='bbox 3580 5007 3716 5049; x_wconf 81' lang='lat' dir='ltr'><strong>sunt</strong></span> 
     </span>
    </p>
   </div>
   <div class='ocr_carea' id='block_1_123' title="bbox 2097 5061 3712 5134">
    <p class='ocr_par' dir='ltr' id='par_1_123' title="bbox 2097 5061 3712 5134">
     <span class='ocr_line' id='line_1_123' title="bbox 2097 5061 3712 5134; baseline 0.002 -18"><span class='ocrx_word' id='word_1_895' title='bbox 2097 5073 2250 5118; x_wconf 89' lang='lat' dir='ltr'><strong>certe</strong></span> <span class='ocrx_word' id='word_1_896' title='bbox 2279 5063 2492 5118; x_wconf 86' lang='lat' dir='ltr'><strong>diversa</strong></span> <span class='ocrx_word' id='word_1_897' title='bbox 2521 5061 2876 5134; x_wconf 83' lang='grc' dir='ltr'>χαρισμάτων</span> <span class='ocrx_word' id='word_1_898' title='bbox 2909 5077 3143 5131; x_wconf 88' lang='lat' dir='ltr'><strong>genera,</strong></span> <span class='ocrx_word' id='word_1_899' title='bbox 3168 5064 3265 5116; x_wconf 88' lang='lat' dir='ltr'><strong>sed</strong></span> <span class='ocrx_word' id='word_1_900' title='bbox 3305 5078 3596 5132; x_wconf 88' lang='lat' dir='ltr'><strong>nunquam</strong></span> <span class='ocrx_word' id='word_1_901' title='bbox 3631 5067 3712 5120; x_wconf 78' lang='lat' dir='ltr'><strong>ita</strong></span> 
     </span>
    </p>
   </div>
   <div class='ocr_carea' id='block_1_124' title="bbox 2097 5134 3712 5204">
    <p class='ocr_par' dir='ltr' id='par_1_124' title="bbox 2097 5134 3712 5204">
     <span class='ocr_line' id='line_1_124' title="bbox 2097 5134 3712 5204; baseline 0.002 -18"><span class='ocrx_word' id='word_1_902' title='bbox 2097 5134 2200 5186; x_wconf 81' lang='lat' dir='ltr'><strong>fuit</strong></span> <span class='ocrx_word' id='word_1_903' title='bbox 2223 5143 2533 5188; x_wconf 88' lang='lat' dir='ltr'><strong>coarctatus</strong></span> <span class='ocrx_word' id='word_1_904' title='bbox 2559 5135 2796 5202; x_wconf 88' lang='lat' dir='ltr'><strong>Spiritus</strong></span> <span class='ocrx_word' id='word_1_905' title='bbox 2817 5143 3066 5198; x_wconf 83' lang='lat' dir='ltr'><strong>sanctus,</strong></span> <span class='ocrx_word' id='word_1_906' title='bbox 3091 5134 3226 5204; x_wconf 85' lang='lat' dir='ltr'><strong>quin</strong></span> <span class='ocrx_word' id='word_1_907' title='bbox 3252 5134 3343 5200; x_wconf 92' lang='lat' dir='ltr'><strong>qui</strong></span> <span class='ocrx_word' id='word_1_908' title='bbox 3374 5149 3487 5186; x_wconf 91' lang='lat' dir='ltr'><strong>uno</strong></span> <span class='ocrx_word' id='word_1_909' title='bbox 3518 5135 3712 5204; x_wconf 83' lang='lat' dir='ltr'><strong>aliquo</strong></span> 
     </span>
    </p>
   </div>
   <div class='ocr_carea' id='block_1_125' title="bbox 2095 5203 3709 5278">
    <p class='ocr_par' dir='ltr' id='par_1_125' title="bbox 2095 5203 3709 5278">
     <span class='ocr_line' id='line_1_125' title="bbox 2095 5203 3709 5278; baseline 0 -20"><span class='ocrx_word' id='word_1_910' title='bbox 2095 5219 2298 5278; x_wconf 91' lang='lat' dir='ltr'><strong>genere</strong></span> <span class='ocrx_word' id='word_1_911' title='bbox 2322 5204 2592 5278; x_wconf 81' lang='lat' dir='ltr'><strong>praecipue</strong></span> <span class='ocrx_word' id='word_1_912' title='bbox 2620 5204 2983 5278; x_wconf 68' lang='lat' dir='ltr'><strong>escoleretur,</strong></span> <span class='ocrx_word' id='word_1_913' title='bbox 3010 5204 3058 5256; x_wconf 90' lang='lat' dir='ltr'><strong>is</strong></span> <span class='ocrx_word' id='word_1_914' title='bbox 3088 5213 3144 5255; x_wconf 87' lang='lat' dir='ltr'><strong>et</strong></span> <span class='ocrx_word' id='word_1_915' title='bbox 3171 5203 3320 5278; x_wconf 74' lang='lat' dir='ltr'><strong>aliud</strong></span> <span class='ocrx_word' id='word_1_916' title='bbox 3368 5203 3629 5278; x_wconf 60' lang='lat' dir='ltr'><strong>liabet-et,</strong></span> <span class='ocrx_word' id='word_1_917' title='bbox 3661 5209 3709 5258; x_wconf 76' lang='lat' dir='ltr'><strong>si</strong></span> 
     </span>
    </p>
   </div>
   <div class='ocr_carea' id='block_1_126' title="bbox 2096 5272 3712 5342">
    <p class='ocr_par' dir='ltr' id='par_1_126' title="bbox 2096 5272 3712 5342">
     <span class='ocr_line' id='line_1_126' title="bbox 2096 5272 3712 5342; baseline 0.002 -15"><span class='ocrx_word' id='word_1_918' title='bbox 2096 5272 2151 5327; x_wconf 80' lang='lat' dir='ltr'><strong>in</strong></span> <span class='ocrx_word' id='word_1_919' title='bbox 2202 5275 2501 5330; x_wconf 85' lang='lat' dir='ltr'><strong>remissiori</strong></span> <span class='ocrx_word' id='word_1_920' title='bbox 2543 5275 2736 5342; x_wconf 90' lang='lat' dir='ltr'><strong>gradu.</strong></span> <span class='ocrx_word' id='word_1_921' title='bbox 2785 5272 2921 5326; x_wconf 84' lang='lat' dir='ltr'><strong>Nam</strong></span> <span class='ocrx_word' id='word_1_922' title='bbox 2976 5281 3033 5327; x_wconf 91' lang='lat' dir='ltr'><strong>et</strong></span> <span class='ocrx_word' id='word_1_923' title='bbox 3088 5272 3323 5340; x_wconf 87' lang='lat' dir='ltr'><strong>apostoli</strong></span> <span class='ocrx_word' id='word_1_924' title='bbox 3385 5272 3712 5342; x_wconf 78' lang='lat' dir='ltr'><strong>prophetali</strong></span> 
     </span>
    </p>
   </div>
   <div class='ocr_carea' id='block_1_127' title="bbox 2095 5342 3710 5412">
    <p class='ocr_par' dir='ltr' id='par_1_127' title="bbox 2095 5342 3710 5412">
     <span class='ocr_line' id='line_1_127' title="bbox 2095 5342 3710 5412; baseline 0.001 -16"><span class='ocrx_word' id='word_1_925' title='bbox 2095 5354 2245 5408; x_wconf 87' lang='lat' dir='ltr'><strong>sunt,</strong></span> <span class='ocrx_word' id='word_1_926' title='bbox 2274 5355 2330 5400; x_wconf 89' lang='lat' dir='ltr'><strong>et</strong></span> <span class='ocrx_word' id='word_1_927' title='bbox 2370 5345 2719 5412; x_wconf 67' lang='lat' dir='ltr'><strong>evangelista:</strong></span> <span class='ocrx_word' id='word_1_928' title='bbox 2748 5345 3051 5412; x_wconf 19' lang='lat' dir='ltr'><strong>prephetia,</strong></span> <span class='ocrx_word' id='word_1_929' title='bbox 3084 5342 3358 5397; x_wconf 84' lang='lat' dir='ltr'><strong>adornati.</strong></span> <span class='ocrx_word' id='word_1_930' title='bbox 3391 5345 3530 5397; x_wconf 88' lang='lat' dir='ltr'><strong>lllud</strong></span> <span class='ocrx_word' id='word_1_931' title='bbox 3564 5361 3710 5399; x_wconf 82' lang='lat' dir='ltr'><strong>vero</strong></span> 
     </span>
    </p>
   </div>
   <div class='ocr_carea' id='block_1_128' title="bbox 2095 5411 3710 5484">
    <p class='ocr_par' dir='ltr' id='par_1_128' title="bbox 2095 5411 3710 5484">
     <span class='ocr_line' id='line_1_128' title="bbox 2095 5411 3710 5484; baseline 0.001 -18"><span class='ocrx_word' id='word_1_932' title='bbox 2095 5415 2378 5470; x_wconf 88' lang='lat' dir='ltr'><strong>ridiculum</strong></span> <span class='ocrx_word' id='word_1_933' title='bbox 2399 5411 2672 5482; x_wconf 45' lang='lat' dir='ltr'><strong>estfquod</strong></span> <span class='ocrx_word' id='word_1_934' title='bbox 2698 5430 2803 5467; x_wconf 89' lang='lat' dir='ltr'><strong>non</strong></span> <span class='ocrx_word' id='word_1_935' title='bbox 2833 5411 3122 5484; x_wconf 74' lang='grc' dir='ltr'>περιῆλθεν</span> <span class='ocrx_word' id='word_1_936' title='bbox 3140 5415 3197 5467; x_wconf 79' lang='grc' dir='ltr'><strong>ἐν</strong></span> <span class='ocrx_word' id='word_1_937' title='bbox 3233 5412 3536 5483; x_wconf 79' lang='grc' dir='ltr'>μηλωταῖς.</span> <span class='ocrx_word' id='word_1_938' title='bbox 3563 5413 3710 5467; x_wconf 83' lang='lat' dir='ltr'><strong>Nam</strong></span> 
     </span>
    </p>
   </div>
   <div class='ocr_carea' id='block_1_129' title="bbox 2093 5484 3712 5555">
    <p class='ocr_par' dir='ltr' id='par_1_129' title="bbox 2093 5484 3712 5555">
     <span class='ocr_line' id='line_1_129' title="bbox 2093 5484 3712 5555; baseline -0.001 -17"><span class='ocrx_word' id='word_1_939' title='bbox 2093 5500 2217 5549; x_wconf 88' lang='lat' dir='ltr'><strong>nec,</strong></span> <span class='ocrx_word' id='word_1_940' title='bbox 2243 5487 2335 5555; x_wconf 92' lang='lat' dir='ltr'><strong>qui</strong></span> <span class='ocrx_word' id='word_1_941' title='bbox 2370 5486 2448 5541; x_wconf 90' lang='lat' dir='ltr'><strong>sic</strong></span> <span class='ocrx_word' id='word_1_942' title='bbox 2496 5485 2680 5537; x_wconf 87' lang='lat' dir='ltr'><strong>amicti</strong></span> <span class='ocrx_word' id='word_1_943' title='bbox 2729 5484 3180 5548; x_wconf 86' lang='lat' dir='ltr'><strong>obambulabant,</strong></span> <span class='ocrx_word' id='word_1_944' title='bbox 3213 5491 3500 5555; x_wconf 70' lang='lat' dir='ltr'><strong>prophetae</strong></span> <span class='ocrx_word' id='word_1_945' title='bbox 3541 5494 3712 5538; x_wconf 81' lang='lat' dir='ltr'><strong>erant</strong></span> 
     </span>
    </p>
   </div>
   <div class='ocr_carea' id='block_1_130' title="bbox 2091 5554 3710 5623">
    <p class='ocr_par' dir='ltr' id='par_1_130' title="bbox 2091 5554 3710 5623">
     <span class='ocr_line' id='line_1_130' title="bbox 2091 5554 3710 5623; baseline -0.002 -16"><span class='ocrx_word' id='word_1_946' title='bbox 2091 5554 2285 5610; x_wconf 83' lang='lat' dir='ltr'><strong>omnes</strong></span> <span class='ocrx_word' id='word_1_947' title='bbox 2314 5575 2328 5607; x_wconf 87' lang='lat'><strong>:</strong></span> <span class='ocrx_word' id='word_1_948' title='bbox 2362 5570 2460 5609; x_wconf 91' lang='lat' dir='ltr'><strong>nec</strong></span> <span class='ocrx_word' id='word_1_949' title='bbox 2503 5555 2783 5623; x_wconf 68' lang='lat' dir='ltr'><strong>prophetae</strong></span> <span class='ocrx_word' id='word_1_950' title='bbox 2845 5556 2936 5622; x_wconf 93' lang='lat' dir='ltr'><strong>qui</strong></span> <span class='ocrx_word' id='word_1_951' title='bbox 2972 5555 3212 5619; x_wconf 82' lang='lat' dir='ltr'><strong>fuerant,</strong></span> <span class='ocrx_word' id='word_1_952' title='bbox 3232 5569 3426 5608; x_wconf 90' lang='lat' dir='ltr'><strong>omnes</strong></span> <span class='ocrx_word' id='word_1_953' title='bbox 3451 5554 3539 5607; x_wconf 90' lang='lat' dir='ltr'><strong>sic</strong></span> <span class='ocrx_word' id='word_1_954' title='bbox 3564 5558 3710 5606; x_wconf 85' lang='lat' dir='ltr'><strong>ami-</strong></span> 
     </span>
    </p>
   </div>
   <div class='ocr_carea' id='block_1_131' title="bbox 2091 5624 3712 5692">
    <p class='ocr_par' dir='ltr' id='par_1_131' title="bbox 2091 5624 3712 5692">
     <span class='ocr_line' id='line_1_131' title="bbox 2091 5624 3712 5692; baseline 0.001 -14"><span class='ocrx_word' id='word_1_955' title='bbox 2091 5626 2164 5678; x_wconf 91' lang='lat' dir='ltr'><strong>cti</strong></span> <span class='ocrx_word' id='word_1_956' title='bbox 2190 5625 2632 5680; x_wconf 89' lang='lat' dir='ltr'><strong>obambulabant.</strong></span> <span class='ocrx_word' id='word_1_957' title='bbox 2677 5624 2873 5692; x_wconf 89' lang='lat' dir='ltr'><strong>lneptit</strong></span> <span class='ocrx_word' id='word_1_958' title='bbox 2907 5639 3036 5691; x_wconf 86' lang='lat' dir='ltr'><strong>ergo</strong></span> <span class='ocrx_word' id='word_1_959' title='bbox 3063 5624 3171 5690; x_wconf 86' lang='lat' dir='ltr'><strong>hic,</strong></span> <span class='ocrx_word' id='word_1_960' title='bbox 3206 5639 3312 5678; x_wconf 90' lang='lat' dir='ltr'><strong>non</strong></span> <span class='ocrx_word' id='word_1_961' title='bbox 3348 5633 3572 5678; x_wconf 87' lang='lat' dir='ltr'><strong>tantum</strong></span> <span class='ocrx_word' id='word_1_962' title='bbox 3613 5639 3712 5679; x_wconf 85' lang='lat' dir='ltr'><strong>ca-</strong></span> 
     </span>
    </p>
   </div>
   <div class='ocr_carea' id='block_1_132' title="bbox 2091 5692 3714 5768">
    <p class='ocr_par' dir='ltr' id='par_1_132' title="bbox 2091 5692 3714 5768">
     <span class='ocr_line' id='line_1_132' title="bbox 2091 5692 3714 5768; baseline 0.004 -24"><span class='ocrx_word' id='word_1_963' title='bbox 2091 5692 2385 5768; x_wconf 78' lang='lat' dir='ltr'><strong>lumniatur</strong></span> <span class='ocrx_word' id='word_1_964' title='bbox 2412 5696 2440 5746; x_wconf 91' lang='grc' dir='ltr'>ὁ</span> <span class='ocrx_word' id='word_1_965' title='bbox 2475 5692 2569 5746; x_wconf 76' lang='grc' dir='ltr'>τοῦ</span> <span class='ocrx_word' id='word_1_966' title='bbox 2632 5693 2940 5764; x_wconf 80' lang='grc' dir='ltr'>Παμφίλου.</span> <span class='ocrx_word' id='word_1_967' title='bbox 2981 5694 3051 5749; x_wconf 78' lang='grc' dir='ltr'>Μ.</span> <span class='ocrx_word' id='word_1_968' title='bbox 3075 5724 3145 5735; x_wconf 86' lang='lat'><strong>—-</strong></span> <span class='ocrx_word' id='word_1_969' title='bbox 3168 5695 3289 5751; x_wconf 73' lang='lat' dir='ltr'><strong>Mox</strong></span> <span class='ocrx_word' id='word_1_970' title='bbox 3345 5693 3521 5748; x_wconf 77' lang='grc' dir='ltr'>αὐτοῦ</span> <span class='ocrx_word' id='word_1_971' title='bbox 3585 5702 3714 5768; x_wconf 66' lang='lat' dir='ltr'><strong>post</strong></span> 
     </span>
    </p>
   </div>
   <div class='ocr_carea' id='block_1_133' title="bbox 2090 5765 2768 5838">
    <p class='ocr_par' dir='ltr' id='par_1_133' title="bbox 2090 5765 2768 5838">
     <span class='ocr_line' id='line_1_133' title="bbox 2090 5765 2768 5838; baseline 0.004 -22"><span class='ocrx_word' id='word_1_972' title='bbox 2090 5765 2428 5838; x_wconf 71' lang='grc' dir='ltr'>προφητείας</span> <span class='ocrx_word' id='word_1_973' title='bbox 2457 5778 2568 5824; x_wconf 73' lang='lat' dir='ltr'><strong>Q&#39;n.</strong></span> <span class='ocrx_word' id='word_1_974' title='bbox 2606 5767 2768 5821; x_wconf 83' lang='lat' dir='ltr'><strong>codd.</strong></span> 
     </span>
    </p>
   </div>
  </div>
