3836 6216
188 281 291 339 m
1334 287 1613 346 CONTRA
1657 240 2090 345 MARCELLUM
2129 285 2262 344 LIB.
2305 265 2355 343 ιζ
3355 289 3474 354 ne

190 405 486 476 Σολομῶνα
513 407 801 479 προφήτην
828 407 1228 476 ἀποκαλοῦντος
1249 382 1534 476 πολλάκις,
1556 410 1652 465 καὶ
1677 409 1778 472 τὰς

1881 408 2200 478 scripserat,
2228 407 2360 463 nihil
2384 417 2565 464 tamen
2595 409 2954 480 attnlit'novi,
2983 412 3078 469 sed
3109 411 3300 470 lectori
3356 418 3472 474 cui-

193 499 493 570 παροιμίας
525 500 864 573 προφητείας
903 501 1281 574 ὀνομάζοντος.
1333 505 1543 574 Ὥσπερ
1584 497 1677 557 οὖν
1722 503 1780 556 ὲν

1887 514 2104 570 cunque
2131 500 2275 554 idem
2304 513 2400 570 per
2431 501 2615 555 omnia
2646 501 2872 558 exhibet
2905 505 3297 561 testimonium.
3329 505 3472 563 Per-

187 586 274 656 οἷς
307 610 490 664 φησιν’
533 611 552 644 t
594 592 797 646 Τούτου
844 594 956 664 γὰρ
985 595 1147 667 χάριν
1177 598 1206 649 ὁ
1237 593 1542 666 ἁγιώτατος
1565 595 1782 667 προφή-

1883 593 1964 662 git
1988 591 2282 661 deinceps,
2331 602 2388 646 et
2416 592 2714 648 introducit
2765 594 3036 651 dicentem
3085 595 3467 663 Servatorem,

193 702 214 736 ι
255 701 360 756 της
382 681 660 754 Σολομὼν,
682 682 972 748 δέξασθαί
989 702 1052 738 τε
1074 687 1342 756 στροφὰς
1365 688 1564 756 λόγων
1585 687 1722 756 ἔφη·
1757 705 1775 738 ι

1889 701 1909 734 ι
1944 682 2057 752 Ego
2102 699 2221 738 sum
2265 684 2380 738 dies
2420 699 2434 738 :
2472 702 2490 736 ι
2537 686 2704 738 verba
2759 696 2941 741 autem
2993 687 3160 756 ipsius
3207 690 3275 745 ad
3322 691 3466 745 hunc

188 776 290 828 καὶ
329 775 513 829 πάλιν·
572 794 591 827 ι
639 774 871 842 Ῥήσεις
912 793 980 830 τε
1003 776 1213 847 σοφῶν
1254 778 1357 832 καὶ
1393 779 1712 849 αἰνίγματα
1756 796 1775 830 ›

1884 773 2102 829 modum
2151 789 2209 830 se
2262 775 2516 830 habent:
2560 795 2580 826 ι
2637 776 2774 832 Cum
2835 776 2925 849 [11.
2981 777 3176 850 XXV.]
3229 783 3467 836 tenebrae

185 865 294 937 τὴν
348 865 647 938 παροιμίαν
697 866 1035 938 προφητείαν
1101 869 1391 940 ὀνομάζει·
1440 871 1536 924 καὶ
1591 866 1775 934 αὖθις·

191 976 214 1010 ι
258 959 352 1012 Διό
382 976 472 1030 μοι
503 959 655 1014 δοκεῖ
688 962 717 1014 ὁ
747 959 1060 1030 σοφώτατος
1088 955 1242 1025 οὗτος
1273 963 1562 1034 προφήτης
1593 960 1782 1015 καὶτὰ

188 1069 212 1102 σ
251 1050 446 1122 πρῶτα
485 1051 708 1121 ῥήματα
737 1050 838 1122 τῆς
882 1052 1222 1125 προφητείας
1273 1052 1659 1125 παροιμιωδῶς
1704 1053 1782 1104 εί-

191 1161 212 1194 (
253 1142 501 1214 ρηκέναι.
541 1160 561 1195 ι
597 1142 710 1197 Καὶ
755 1141 1008 1214 δεύτερον
1037 1142 1114 1208 δὲ,
1164 1143 1259 1197 καὶ
1286 1143 1494 1215 τρίτον,
1527 1143 1622 1196 καὶ
1653 1142 1782 1196 πολ-

183 1233 368 1298 λάκις,
405 1233 482 1297 ὡς
514 1231 671 1304 ἔφην,
698 1233 857 1288 τοῦτο
888 1237 1053 1300 ποιεῖ,
1089 1234 1298 1306 ἀγνοῶν
1330 1234 1422 1288 ὅτι
1459 1233 1781 1303 διαιρέσεις

183 1324 574 1396 χαρισμάτων
610 1325 791 1390 εἰσὶν,
827 1328 880 1380 ει
921 1327 1018 1380 καὶ
1065 1326 1131 1382 τὸ
1167 1326 1316 1382 αὐτὸ
1369 1326 1626 1396 πνεῦμα.
1669 1325 1781 1379 Καὶ

180 1418 357 1486 ἄλλῳ
396 1418 516 1487 μὲν
544 1417 773 1472 δίδοται
809 1419 993 1489 λόγος
1019 1421 1262 1489 σοφίας,
1299 1420 1440 1475 κατὰ
1485 1420 1576 1474 τὸν
1621 1419 1781 1472 Ἀπό-

185 1509 395 1576 στολον,
430 1510 598 1574 ἄλλῳ
622 1513 806 1581 λόγος
835 1511 1113 1584 γνώσεως
1146 1513 1297 1568 κατὰ
1325 1512 1392 1566 τὸ
1417 1511 1564 1568 αὐτὸ
1595 1513 1779 1567 πνεῦ-

179 1619 288 1672 μα,
336 1602 518 1672 ἑτέρῳ
562 1603 768 1672 πίστις
803 1604 876 1659 ἐν
918 1603 1000 1670 τῷ
1043 1604 1207 1670 αὐτῷ
1247 1605 1560 1675 πνεύματι,
1612 1605 1780 1676 ἄλλῳ

181 1695 540 1765 προφητεία.
587 1694 788 1766 Διόπερ
822 1697 851 1749 ὁ
896 1693 1148 1767 Σολομὼν
1181 1695 1373 1765 σοφίας
1408 1695 1507 1766 μὲν
1540 1695 1778 1767 εἰληφὼς

1889 885 1908 918 ι
1947 868 2097 938 prius
2127 866 2440 921 obtinerent
2488 877 2709 936 propter
2743 867 2923 922 cultus
2976 868 3143 924 divini
3173 870 3469 940 ignoratio-

1889 976 1906 1009 ι
1945 973 2092 1025 nem,
2111 958 2200 1012 ubi
2244 957 2361 1012 dies
2381 957 2492 1027 jam
2515 957 2730 1012 essetin
2748 959 3052 1030 propinquo
3079 963 3306 1026 oritura,
3327 962 3468 1032 Ego,

1889 1066 1908 1101 ι
1953 1049 2152 1119 inquit,
2181 1049 2301 1105 dies
2330 1065 2471 1104 sum.
2518 1067 2536 1100 ι
2576 1047 2686 1104 Nec
2718 1048 2918 1116 injuria
2972 1051 3213 1118 stellam,
3249 1053 3469 1110 Lucife-

1883 1159 2002 1196 rum
2084 1143 2398 1210 appellavit.
2469 1142 2589 1197 Alio
2639 1141 2894 1216 deinceps
2950 1143 3068 1200 loco
3112 1146 3185 1200 ita
3239 1147 3414 1217 inquit
3447 1166 3464 1181 ο

1885 1231 1978 1304 [IL
2011 1232 2277 1288 XXXVII.
2306 1234 2378 1288 ci.
2413 1235 2640 1305 pag.8l,
2661 1235 2748 1308 B.]
2778 1235 3256 1308 tQuandoquidem
3289 1253 3319 1291 a
3342 1253 3467 1295 sus-

1888 1343 1908 1377 ι
1949 1336 2104 1395 cepta
2149 1325 2317 1380 semel
2355 1343 2543 1392 carne,
2568 1326 2818 1384 Chrisws
2848 1330 3009 1384 simul
3039 1345 3159 1387 esse
3179 1330 3338 1390 Iesus
3364 1346 3467 1390 an-

1888 1434 1908 1468 «
1947 1418 2264 1472 nuntiatur:
2295 1418 2402 1472 vita
2432 1429 2485 1473 et
2509 1419 2614 1484 via,
2653 1430 2815 1492 atque
2849 1422 2986 1476 dies.
3021 1442 3040 1474 ι
3077 1421 3257 1495 Pergit
3279 1441 3464 1496 porro,

1883 1517 1940 1564 et
1975 1509 2191 1562 tandem
2231 1510 2299 1564 ab
2331 1509 2595 1580 Apostolo
2629 1511 2702 1564 ita
2726 1521 3024 1570 mutuatur.
3063 1513 3262 1569 Nostra
3287 1525 3464 1572 autem

1881 1600 2178 1656 Jerusalem
2203 1619 2413 1656 sursum
2449 1612 2545 1657 est.
2590 1603 2730 1670 Quid
2778 1614 2960 1660 autem
3005 1606 3090 1661 his
3121 1608 3324 1666 diutius
3362 1625 3466 1681 ego

1885 1692 2161 1747 immorari
2196 1694 2367 1749 debeo
2384 1695 2408 1748 ?
2424 1693 2608 1750 Cuivis
2627 1697 2825 1752 etenim
2842 1738 2857 1764 ,
2883 1699 2971 1753 cui
3007 1698 3199 1754 saltem
3225 1699 3462 1768 libuerit,

181 1788 433 1858 χάρισμα
457 1787 897 1860 μεμαρτύρηται.
927 1788 1038 1843 Καὶ
1069 1787 1253 1842 ἔδωκε
1279 1787 1390 1860 (81)
1422 1787 1532 1858 γὰρ
1558 1789 1774 1856 Κύριος

1877 1786 2114 1854 proclive
2163 1795 2268 1849 εει,
2313 1787 2463 1842 hisce
2498 1803 2617 1857 quae
2645 1789 2787 1843 dicta
2816 1800 3124 1860 suntquam
3165 1791 3460 1861 simillima,

179 1875 263 1944 τῷ
291 1877 599 1948 Σολομῶνι
631 1879 878 1948 σοφίαν,
925 1879 1002 1942 ὡς
1033 1880 1066 1950 ὴ
1097 1879 1288 1950 Γραφή
1323 1897 1475 1948 φησι,
1512 1881 1611 1934 καὶ
1639 1879 1776 1933 ἐσο-

181 1970 373 2040 φίσθη
422 1970 576 2040 ὑπὲρ
606 1971 839 2038 πάντας
858 1970 1214 2040 ἀνθρώπους
1235 1988 1248 2002 ⁸
1283 1970 1421 2025 Οὔτε
1452 1971 1508 2024 δὲ
1535 1972 1627 2024 τὸν
1661 1970 1774 2041 βίον

179 2061 524 2134 προφητικὸν
553 2061 822 2134 ἐσχηκὼς,
871 2061 996 2116 οὔτε
1033 2063 1124 2116 τὸν
1157 2062 1258 2132 τῆς
1290 2061 1627 2134 προφητείας
1669 2079 1771 2132 χα-

181 2149 456 2220 ρακτῆρα,
497 2149 588 2202 τὸν
621 2149 730 2204 ἀπὸ
770 2149 864 2204 τοῦ
916 2149 1061 2204 Τάδε
1087 2150 1253 2221 λέγει
1291 2152 1527 2220 Κύριος,
1570 2150 1678 2204 τῶν
1712 2167 1772 2203 τε

170 2241 555 2312 ὁμοιοτρόπων
590 2239 1010 2314 γνωριζόμενον,
1041 2241 1130 2295 διά
1181 2241 1290 2296 τῶν
1326 2241 1541 2296 οἰκείων
1573 2242 1774 2312 ἐμφαί-

177 2348 263 2385 νει
289 2331 482 2400 λόγων.
529 2333 587 2386 Ὁ
615 2333 672 2386 δὲ
701 2334 904 2387 τούτων
938 2335 1090 2388 οὐδὲν
1129 2333 1271 2400 ἰδὼν,
1305 2333 1495 2407 ὥσπερ
1529 2352 1580 2388 τι
1613 2352 1771 2407 χαρι-

181 2422 410 2493 ζόμενος
437 2423 514 2496 τῷ
540 2425 696 2497 ἀνδρὶ
724 2427 1011 2497 προφήτην
1036 2427 1199 2480 αὐτὸν
1231 2427 1408 2492 καλεῖ,
1439 2427 1500 2480 οὐ
1547 2428 1768 2492 συνιεὶς,

178 2516 266 2569 ὃτι
287 2518 336 2569 οἰ
368 2518 642 2588 προφῆται
664 2517 994 2587 περιῆλθον
1012 2517 1082 2571 ἐν
1091 2517 1418 2588 μηλωταῖς,
1439 2519 1510 2572 ἐν
1527 2519 1772 2590 αἰγείοις

171 2607 500 2677 δέρμασιν,
518 2611 969 2680 ὑστερούμενοι,
996 2612 1352 2680 θλιϐόμενοι,
1367 2613 1771 2681 κακουχούμε-

177 2715 300 2753 νοι.
335 2701 446 2754 Καὶ
481 2700 581 2765 τάς
612 2701 920 2773 Παροιμίας
957 2702 1016 2756 δὲ
1049 2701 1214 2754 αὐτοῦ
1258 2701 1596 2774 προφητείαν
1629 2703 1768 2756 εἶναι

177 2789 354 2859 λέγει,
402 2793 452 2844 εί
493 2791 740 2863 μηδαμοῦ
777 2793 878 2865 τῆς
924 2793 1074 2858 θείας
1121 2793 1346 2865 Γραφῆς
1390 2793 1766 2866 διδασκούσης,

175 2883 350 2936 αὐτοῦ
384 2883 442 2937 δὲ
473 2883 567 2938 τοῦ
603 2885 918 2955 σοφωτάτου
953 2887 1050 2940 σὺν
1085 2885 1214 2956 θείῳ
1258 2885 1553 2959 πνεύματι,
1596 2886 1770 2960 ταύτῃ

182 2975 284 3046 μὲν
325 2977 393 3046 τῇ
445 2975 612 3047 βίϐλῳ
656 2977 964 3050 Παροιμίας
1001 2977 1112 3049 (ὃὲ)
1142 2977 1313 3050 ὄνομα
1335 2978 1550 3042 Θέντος,
1595 2981 1662 3051 τῇ
1713 2979 1769 3032 δὲ

180 3066 371 3138 ἑτέρᾳ,
397 3065 850 3139 Ἑκκλησιαστής·
879 3069 972 3121 καὶ
991 3070 1056 3139 τῇ
1073 3068 1252 3142 τρίτῃ,
1285 3070 1559 3140 ’ᾼσματα
1579 3069 1770 3141 ἀσμᾴ-

1881 1876 1984 1931 alia
2013 1892 2228 1950 quoque
2257 1879 2463 1935 inlinita
2512 1880 2764 1947 colligere
2797 1882 2864 1936 ab
2898 1881 2990 1936 illo
3011 1883 3127 1953 ejus
3149 1898 3333 1954 opere,
3361 1886 3463 1942 ob-

1881 1978 2096 2024 servata
2124 2009 2141 2034 ,
2175 1973 2322 2025 unde
2349 1971 2590 2026 hominis
2639 1972 2909 2026 inscitiam
2945 1973 3462 2033 animadvertamus.

1881 2057 2019 2116 Hinc
2051 2076 2267 2133 quoque
2295 2061 2522 2130 factum,
2577 2073 2636 2118 ut
2665 2062 3011 2120 Salomonem
3045 2068 3359 2136 prophetam
3386 2068 3465 2123 in-

1883 2151 2196 2221 digitaverit
2227 2192 2243 2218 ,
2281 2161 2418 2206 utet
2460 2154 2747 2222 proverbia
2799 2153 3142 2223 Prophetiam
3195 2171 3303 2210 non
3351 2172 3461 2213 una

1880 2244 2018 2298 vice.
2055 2242 2216 2299 Verbi
2243 2245 2417 2312 gratia
2438 2285 2454 2311 ,
2479 2245 2546 2298 ad
2580 2245 2728 2300 hunc
2752 2246 2969 2300 modum
3020 2247 3096 2300 ait
3125 2263 3140 2300 :
3175 2245 3353 2317 Hujus
3385 2248 3462 2302 rei

1879 2350 2040 2389 causa
2067 2336 2429 2390 sanctissimus
2467 2337 2719 2406 prop/tcta
2750 2336 3005 2391 Salomon
3028 2338 3103 2392 ait
3135 2353 3157 2393 :
3181 2338 3262 2391 Ad
3285 2340 3460 2394 susci-

1876 2429 2122 2496 piendam
2165 2429 2513 2482 eruditionem
2560 2427 2820 2483 doctrina:
2842 2430 3200 2486 3"‘zetiterum
3236 2447 3250 2484 :
3285 2429 3460 2486 Verba

1876 2521 2212 2588 sapientium,
2245 2528 2292 2574 et
2339 2519 2618 2590 wnigmata
2646 2521 2714 2577 '°.
2747 2519 3042 2575 Proverbia
3070 2513 3086 2586 ,
3115 2521 3456 2592 prophetiam

1877 2611 2187 2680 appellavit.
2217 2609 2415 2664 lterum
2449 2628 2462 2663 :
2495 2628 2513 2662 ι
2547 2607 2628 2664 0b
2657 2610 2797 2664 hanc
2820 2626 3040 2666 causam
3064 2611 3278 2667 videtur
3321 2612 3455 2667 mihi

1881 2720 1900 2754 ι
1935 2703 2367 2769 sapientissimus
2390 2703 2477 2757 hic
2507 2703 2772 2773 pr0pheta
2793 2703 2966 2772 prima
3007 2703 3174 2758 verba
3226 2703 3459 2773 prophe-

1882 2812 1900 2845 ι
1944 2795 2029 2850 tiae
2076 2809 2189 2849 sua:
2238 2794 2657 2864 proverbialiter
2706 2795 3037 2850 enuntiasse.
3098 2815 3117 2847 ι
3167 2793 3452 2864 Secundo,

1877 2886 2040 2956 igitur
2073 2895 2128 2940 et
2162 2888 2323 2941 tertio
2358 2887 2577 2956 saepius,
2630 2887 2711 2941 uti
2743 2888 2946 2942 dictum
2988 2896 3092 2953 est,
3132 2889 3234 2942 hoc
3258 2887 3327 2942 ab
3363 2887 3458 2942 illo

1876 2976 1948 3030 ita
1977 2977 2175 3030 factum
2206 2988 2310 3032 est.
2343 2975 2562 3048 Ignorat
2584 2977 2797 3032 interim
2823 2978 3164 3031 diversitates
3185 2976 3453 3033 donorum

1874 3081 2024 3134 esse,
2050 3067 2176 3122 licet
2212 3069 2350 3122 idem
2379 3068 2614 3139 Spiritus
2657 3069 2748 3125 sit.
2790 3067 2895 3122 Uni
2921 3069 3128 3138 quidem
3152 3070 3455 3122 conceditur

177 3173 321 3220 των,
356 3157 457 3210 οὐκ
490 3158 663 3221 ἀθεεὶ,
715 3159 836 3212 οὐδὲ
875 3158 1202 3231 ἀνθρωπίνῳ
1246 3159 1493 3230 λογισμῷ
1542 3159 1768 3222 ταύταις

1875 3161 2079 3215 verbum
2139 3161 2411 3226 sapientia:
2440 3199 2454 3222 ,
2508 3159 2807 3214 secundum
2859 3160 3003 3229 quod
3037 3158 3326 3229 Apostolus
3352 3160 3450 3225 ait,

178 3249 565 3314 ἐπιδὰλλοντος
603 3254 722 3314 ταῖς
753 3253 1077 3324 ὲπιγορίαις.
1133 3252 1291 3307 Ἀλλὰ
1324 3253 1418 3306 καὶ
1451 3251 1622 3324 αὐτὴν
1666 3251 1766 3324 τὴν

180 3339 542 3396 θεόπνευστον
591 3342 756 3396 αὐτοῦ
785 3342 1033 3415 Τραφὴν,
1086 3344 1153 3398 δι’
1211 3342 1541 3415 Ἑλληνικῶν
1575 3342 1768 3412 πειρᾶ-

174 3449 272 3484 ται
301 3432 413 3503 (85)
451 3434 910 3506 παραδειγμάτων
944 3435 1292 3507 ἑρμηνεύειν,
1322 3435 1424 3488 οὐκ
1457 3433 1768 3496 ἐπακούσας

175 3522 397 3578 Παύλου
435 3525 528 3576 τοῦ
578 3524 881 3579 ἀποστόλου
925 3525 1193 3594 λέγοντος·
1253 3525 1442 3595 Ἡμεῖς
1484 3523 1554 3577 δὲ
1599 3525 1671 3578 οὐ
1698 3521 1768 3576 τὸ

175 3613 421 3684 πνεῦμα
462 3613 571 3669 τοῦ
607 3616 839 3686 κόσμου
873 3616 1185 3686 ἐλάϐομεν,
1229 3615 1392 3671 ἀλλὰ
1427 3616 1495 3669 τὸ
1533 3613 1769 3684 πνεῦμα

176 3704 246 3758 τὸ
267 3706 338 3759 ἑκ
373 3705 479 3761 τοῦ
509 3707 677 3775 Θεοῦ,
702 3708 804 3761 ἵνα
832 3707 1051 3778 ἴδωμεν
1091 3709 1166 3762 τὰ
1194 3707 1315 3764 ὑπὸ
1345 3707 1454 3762 τοῦ
1485 3706 1632 3761 Θεοῦ
1661 3720 1768 3759 κα-

165 3796 466 3865 θεσθέντα
493 3797 666 3868 ἡμῖν’
698 3798 738 3854 d
759 3798 858 3854 καὶ
875 3799 1202 3869 λαλοῦμεν,
1231 3801 1343 3853 οὐκ
1372 3799 1443 3851 ἐν
1471 3795 1769 3862 διδακτοῖς

175 3891 566 3960 ἀνθρωπίνης
613 3894 835 3962 σοφίας
883 3894 1110 3964 λόγοις,
1162 3893 1298 3948 ἀλλ’
1350 3892 1420 3946 ἐν
1470 3890 1770 3957 διδακτοῖς

175 3985 534 4054 Πνεύματος
601 3987 796 4056 ἁγίου,
858 3985 1231 4057 πνευματικὰ
1302 3983 1769 4056 (πνευματικοῖς)

173 4077 636 4145 συγκρίνοντες.
677 4077 948 4148 Ψυχικὸς
992 4077 1062 4130 δὲ
1092 4076 1402 4144 ἅνθρωπος
1429 4077 1501 4130 οὐ
1534 4073 1771 4144 δέχεται

169 4172 254 4225 τά
282 4170 393 4224 τοῦ
411 4173 758 4241 Πνεύματος
779 4171 886 4225 τοῦ
908 4169 1077 4236 Θεοῦ,
1094 4169 1287 4240 μωρία
1301 4168 1412 4239 γὰρ
1433 4166 1596 4232 αὐτῷ
1615 4166 1768 4231 ἐστι,

172 4263 281 4318 καὶ
318 4267 392 4318 οὐ
419 4263 671 4320 δύναται
707 4264 932 4337 γνῶναι
965 4263 1057 4318 ὅτι
1077 4259 1495 4334 πνευματικῶς
1525 4261 1772 4330 ἀνακρί-

252 4374 672 4449 pit_Ed.Paris.,
695 4393 820 4449 pag.
849 4377 940 4449 M.

247 4449 297 4481 ³⁵
320 4447 484 4504 Prov.
512 4464 561 4514 ι,
583 4449 640 4505 5.

747 4443 793 4482 ³⁸
827 4448 957 4504 ibid.
995 4447 1051 4504 6.
1109 4443 1152 4477 ³⁷
1183 4445 1353 4504 lCor.
1392 4463 1494 4514 ιιι,
1521 4446 1608 4502 10.
1684 4445 1731 4479 ³⁸
1758 4445 1822 4502 111
1858 4444 1992 4517 Reg.
2026 4460 2078 4510 ν,
2105 4443 2190 4499 12.

1869 3249 2023 3304 alteri
2046 3250 2254 3304 verbum
2282 3249 2662 3319 intelligentia,
2689 3251 2986 3304 secundum
3019 3250 3269 3305 eumdem
3304 3251 3453 3321 Apo-

1871 3341 2070 3398 stolum
2104 3360 2116 3395 :
2145 3342 2240 3395 alii
2283 3342 2420 3410 ﬁdes
2445 3358 2536 3410 per
2565 3345 2800 3394 eumdem
2832 3342 3074 3408 spiritum
3102 3357 3119 3395 :
3145 3341 3303 3396 alteri
3330 3359 3456 3413 pro-

1869 3434 2044 3504 phetia
2068 3433 2135 3486 ⁸⁷.
2175 3432 2431 3487 Salomon
2453 3441 2636 3487 autem
2669 3433 2869 3486 donum
2898 3433 3109 3502 accepit
3145 3433 3452 3502 sapientiae,

1829 3550 1837 3558 -
1871 3537 1929 3581 ut
1954 3527 2244 3595 Scriptura:
2283 3525 2588 3578 testimonio
2637 3525 3018 3592 comprobatur
3057 3539 3072 3578 :
3115 3529 3172 3588 »Β
3211 3523 3280 3578 Ει
3307 3525 3452 3578 dedit

1870 3617 2126 3672 Dominus
2141 3617 2454 3686 sapientiam
2482 3612 2754 3670 Sulomoni
2787 3615 2855 3681 ⁸⁸,
2879 3627 2926 3669 et
2950 3625 3060 3670 erat
3085 3616 3322 3670 omnibus
3351 3615 3449 3670 Ito-

1871 3705 2099 3759 minibus
2116 3705 2406 3774 sapientior
2424 3703 2490 3758 ³⁸.
2527 3702 2705 3758 Vitam
2731 3713 2910 3758 autem
2942 3704 3314 3774 propheticam
3341 3719 3452 3760 non

1873 3798 2194 3853 instituebat
2230 3818 2242 3852 :
2281 3811 2458 3865 neque
2499 3797 2606 3852 ullo
2638 3798 2955 3852 charactere
2989 3798 3305 3868 prophetico
3331 3807 3452 3854 erat

1873 3891 2166 3962 insignitus
2200 3910 2214 3946 :
2245 3892 2438 3962 quales
2487 3900 2683 3958 erant,
2743 3889 2870 3944 Htec
2894 3891 3019 3944 dicit
3073 3889 3353 3956 Dominus,
3395 3899 3454 3945 et

1869 3983 1998 4039 huic
2022 3985 2232 4040 similes
2264 3999 2280 4039 :
2315 3998 2477 4054 atque
2523 3984 2630 4039 hoc
2662 4000 2727 4039 ex
2757 3985 2843 4050 iis,
2883 3999 3004 4053 quae
3030 3983 3272 4054 scripsit,
3316 3984 3452 4039 satis

1870 4074 2060 4144 liquet.
2092 4075 2400 4142 Marcellus,
2452 4077 2556 4132 hoc
2602 4076 2826 4130 minime
2856 4075 3279 4140 animadverso,
3325 4085 3451 4132 tan-

1871 4182 2036 4236 quam
2059 4169 2108 4225 ei
2139 4169 2207 4222 de
2249 4184 2346 4224 suo
2393 4168 2610 4240 elargiri
2641 4168 2805 4224 vellet
2832 4167 3036 4238 aliquid
3063 4209 3080 4233 ,
3126 4171 3450 4240 prophetam

1872 4260 2024 4314 illum
2072 4261 2393 4331 indigitabat
2425 4278 2439 4314 :
2474 4261 2697 4316 minime
2724 4261 2945 4316 interim
2997 4264 3288 4332 meminit,
3321 4279 3451 4336 pro-

2303 4445 2348 4476 "
2380 4443 2442 4498 Ill
2470 4445 2602 4516 Reg.
2633 4459 2705 4510 tv,
2736 4445 2826 4500 51.

255 4699 372 4776 (ει)
393 4699 510 4770 Γὰρ
533 4707 594 4776 _et
616 4699 692 4763 ὡς
717 4713 828 4776 om.
862 4701 1026 4776 vulgo
1057 4743 1070 4768 ,
1113 4702 1237 4758 dein
1289 4703 1450 4776 vulgo
1470 4701 1771 4776 ﬁdem?»

1875 4701 2098 4776 omnino
2131 4701 2316 4776 animi,
2344 4701 2509 4776 quasi
2547 4699 2880 4776 prohibitum
2905 4708 3051 4755 esset
3075 4700 3145 4776 ab
3167 4702 3450 4772 Apostolo,

174 4770 619 4847 1t.:ln:lra_\tulgo
643 4773 848 4847 κακὸχ.
879 4783 935 4825 et
957 4772 1057 4836 τάς
1073 4790 1132 4847 τε
1164 4791 1297 4847 παρ.
1329 4770 1517 4847 αύτοῦ.

254 4842 371 4915 (8‘2)
405 4841 748 4916 ΔΠαροιμίας
796 4841 1280 4916 ὀνομασθέντος.
1329 4844 1474 4914 Lege
1525 4844 1766 4916 divisim,

174 4911 486 4985 παροιμίας
511 4911 730 4984 [scripsi
759 4912 1045 4984 παροίμιαι
1091 4922 1146 4967 et
1199 4917 1374 4984 recepi
1414 4911 1594 4985 δνομα
1650 4913 1772 4967 θέν-

174 4985 392 5056 τοςςει
430 4983 614 5036 addito
669 4981 784 5056 nat
820 4983 1034 5056 tolerari
1083 4983 1283 5056 potest]
1332 4984 1503 5056 ὄνομα
1560 4985 1767 5049 θέντος.

174 4983 313 5048 acori;
341 4985 392 5036 εἰ
430 4983 614 5036 addito
669 4983 763 5035 καὶ
820 4983 1034 5036 tulerari
1083 4983 1283 5056 potest]
1332 4983 1530 5057 ὄνομα
1560 4985 1767 5049 θέντος.

175 5055 484 5133 Ιξείθιιάμιη
526 5066 701 5133 porro
729 5051 859 5105 illud
877 5053 960 5133 et;
986 5063 1041 5107 et
1065 5063 1198 5133 t_ota_
1211 5060 1503 5117 sententia,
1521 5056 1608 5133 _sic
1636 5069 1769 5133 cpn-

175 5125 463 5201 gipienda,
477 5122 1001 5201 tragjsfapotpla;
1036 5122 1222 5201 adfati,
1241 5125 1601 5201 Δπροφητείαν
1633 5121 1769 5201 εἶναι⁹

175 5191 608 5268 λέγειμμηδαμοῆ
637 5192 738 5263 τῆς
764 5191 913 5268 θείας
941 5191 1570 5268 ραξῆςμδιδασκόύσηςο
1604 5195 1768 5268 αὑτοῦ

178 5266 236 5320 δὲ
258 5262 360 5317 τοῦ
395 5262 728 5332 σοφωτάτου,
763 5263 860 5314 σὺν
887 5262 1014 5316 θείω
1039 5262 1333 5335 Πνεύματι,
1363 5262 1535 5336 ταύτη
1570 5266 1667 5336 μὲν
1698 5268 1765 5337 τῇ

178 5335 354 5390 Βίϐλῳ
385 5333 715 5390 Παροιμίας,
746 5332 915 5390 ὄνομα
940 5318 1143 5390 θέντος.
1166 5338 1232 5390 τῆ
1269 5336 1325 5388 δὲ
1361 5325 1768 5390 ἑτέοάἙκκλη-

178 5335 354 5406 βίϐλῳ
385 5333 715 5405 Παροιμίας,
746 5332 915 5402 ὄνομα
940 5332 1143 5398 θέντος,
1166 5332 1233 5408 τῇ
1269 5336 1325 5388 δὲ
1361 5332 1766 5408 ἑτέρᾷἙκκληὲ

176 5403 433 5487 σιαστήν.
465 5405 617 5470 Quod
645 5419 832 5487 verum
873 5413 974 5485 est.
1006 5405 1126 5487 Non
1148 5411 1444 5487 enimsunt
1477 5406 1766 5473 adjectitiae

177 5473 590 5543 inscriptiones,
639 5475 732 5528 sed
772 5473 842 5528 ab
903 5474 1136 5541 ipsumet
1191 5486 1412 5531 auctore
1467 5491 1760 5545 expressae.

176 5544 330 5625 Tum.
393 5541 802 5627 sequituerad.
848 5543 949 5627 ob}:
986 5544 1158 5627 ἀθεεί.
1184 5545 1310 5627 -ῌυο
1359 5554 1466 5627 est,
1504 5561 1608 5599 non
1645 5547 1764 5627 sine

175 5613 787 5707 eyllliIICKAXwng-9595
819 5613 1081 5707 γνώμηςἱ
1095 5626 1156 5671 ιιι
1183 5615 1480 5686 Hesychius
1508 5617 1752 5686 exponit.

172 5684 257 5742 Μ.
280 5712 358 5756 Σ
382 5683 512 5756 Dein
538 5683 696 5756 vulgo
714 5683 795 5756 ὡς
826 5683 1016 5756 τᾼσμα
1047 5686 1102 5756 ᾀ.

121 5758 134 5772 ’
249 5753 369 5828 (85)
425 5752 919 5824 Παραδειγμάτων
942 5752 1338 5825 ἑρμηνεύων.
1399 5755 1620 5815 Morbus
1672 5764 1756 5814 est

1874 4773 1893 4826 1
1928 4771 2055 4846 Cor.
2090 4788 2156 4834 tt,
2192 4771 2280 4834 12,
2307 4773 2376 4846 ab
2407 4771 2768 4846 [Egyptiisea
2806 4781 2994 4825 mutuo
3009 4774 3297 4846 accipere,
3327 4793 3450 4846 qua:

1873 4844 2258 4904 conducerent,
2299 4843 2366 4894 ad
2415 4840 2830 4904 exStruendum,
2862 4853 2914 4894 et
2954 4840 3447 4900 adornandum-ta-

1875 4911 2252 4966 bernaculum.
2287 4911 2454 4977 Quasi
2490 4913 2715 4980 ipsemet
2749 4909 2969 4972 Paulus,
2997 4929 3099 4965 non
3125 4914 3192 4966 de
3224 4913 3448 4969 Menan-

1873 4985 1993 5054 dro,
2034 4985 2231 5054 Arato,
2278 4981 2618 5050 Epimenide,
2664 4980 2748 5054 vel
2772 4980 3105 5054 Callimacho
3135 4981 3360 5054 γνώμας
3389 4993 3448 5040 et

1872 5051 2273 5122 ἀποφθέγματα
2323 5049 2682 5122 mutuaretur.
2715 5049 2878 5116 Quasi
2910 5049 3175 5122 Eusebius
3198 5049 3312 5122 ipse
3335 5068 3444 5122 nou

1873 5118 2012 5191 foret
2055 5118 2306 5191 scriptor.
2336 5122 2382 5175 si
2421 5124 2542 5189 quis
2567 5121 2704 5175 alius
2735 5118 3159 5191 στρωματώδης,
3185 5118 3276 5190 qui
3304 5120 3446 5177 ἀπό·

1869 5190 2035 5256 δειξιν
2073 5190 2216 5264 illam
2246 5192 2650 5264 Evangelicam,
2691 5190 2965 5244 tessellata
2998 5190 3280 5264 illo’opere
3310 5209 3446 5264 προ-

1870 5263 2244 5332 παρασκευῆς,
2282 5263 2706 5315 emendatiorem
2761 5264 2948 5324 tuulto,
2969 5270 3035 5332 _et
3064 5260 3448 5316 διδακτικωτέ-

1871 5329 1969 5402 ραν
1999 5348 2103 5402 non
2132 5329 2484 5394 credidisset;
2517 5333 2619 5402 sed
2643 5332 2759 5402 lucc
2801 5339 2927 5402 sunt
2957 5329 3230 5396 factionis,
3261 5342 3318 5387 et
3355 5335 3450 5386 ἅν-

1865 5399 2126 5470 τιλογίας.
2180 5401 2340 5456 Certe
2405 5401 2664 5470 quidquid
2719 5399 2981 5455 Eusebius
3041 5403 3447 5471 συκοφαντίζει,

1868 5488 1972 5526 non
2028 5481 2113 5526 est
2165 5472 2216 5525 in
2264 5487 2330 5526 eo
2365 5473 2844 5541 reprehendendus
2863 5471 3172 5536 Marcellus,
3198 5475 3344 5541 quod
3377 5473 3449 5527 ad

1867 5542 2240 5596 Salomoniaca
2289 5541 2583 5596 Proverbia
2631 5541 2918 5595 saeculares
2960 5541 3188 5607 litteras,
3217 5552 3272 5598 et
3319 5543 3448 5598 ἀνα·

1862 5613 2180 5683 γνώσματα,
2207 5623 2264 5662 ιιι
2293 5621 2472 5676 vocat,
2491 5610 2777 5682 Ἑλληνικὰ
2811 5612 3076 5667 attulerit.
3099 5611 3170 5666 Μ.
3202 5644 3270 5654 --
3291 5613 3444 5668 θείη.

1865 5681 2026 5753 vulgu
2087 5681 2184 5755 κα).
2211 5684 2246 5736 δι
2272 5692 2325 5737 et
2355 5697 2465 5740 om.
2532 5681 2696 5755 vulgo
2755 5685 3172 5746 πνευματικοῖς..
3217 5683 3450 5738 denique

1864 5751 2024 5827 vulgo
2048 5751 2264 5826 γράψας
