3836 6216
436 281 541 336 ’143
1107 272 1382 331 EUSEBII
1417 273 1902 332 CIESABIENSIS
1938 277 2004 334 01

2129 277 2313 335 PARS
2349 275 2440 335 tv.
2481 306 2551 365 έ-
2589 277 3012 336 υοοιιΑτιοΑ.
3581 287 3683 342 ἰιι

431 399 624 465 phetas
652 389 988 448 circumiisse
1018 389 1232 448 melotis
1286 393 1518 449 amictos
1545 401 1600 448 et
1627 394 1856 450 haedinis
1891 396 2004 464 pel-

2118 413 2294 451 retat.
2328 399 2438 451 Kal.
2467 396 2640 452 ταῦτα
2671 398 2730 452 δὲ
2758 400 3029 472 ἀγνοήσας
3059 402 3089 454 ὁ
3122 401 3387 468 γενναῖος,
3428 403 3684 458 πειρᾶται

431 487 572 540 libus
597 525 612 550 ,
655 499 875 554 egenos,
910 498 1217 554 oppressos,
1260 486 1595 555 angustiatos
1613 486 1680 540 “.
1714 485 2004 543 Proverbia

2118 488 2241 556 ἡμῖν
2280 485 2340 550 ἐξ
2388 486 2717 557 Ἑλληνικῶν
2757 488 3201 560 ἀναγνωσμάτων
3241 489 3339 561 τὴν
3378 488 3489 543 τῶν
3532 490 3686 547 θείων

430 577 838 646 prophetiarum
869 576 1090 631 nomine
1133 577 1398 646 designat,
1435 591 1558 631 cum
1597 593 1865 647 nusquam
1904 581 2004 635 hoc

2118 578 2426 649 Παροιμιῶν
2453 578 2690 633 διάνοιαν
2723 581 3092 652 προστιθέναι,
3124 580 3313 636 τοῦτον
3339 583 3570 655 γράφων
3593 586 3686 637 αὺ-

431 667 678 722 docuerit
708 666 988 736 Scriptura
1039 682 1196 722 sacra
1225 706 1240 731 ,
1289 669 1384 722 sed
1416 677 1607 722 auctor
1651 668 1765 737 ipse
1791 669 2004 737 sapien-

2118 671 2220 732 τοῖς
2250 670 2456 740 ῥήμασι
2482 671 2574 724 τὸν
2601 671 2822 744 τρόπον.
3295 692 3299 696 ·

432 761 680 817 tissimus
750 771 806 814 et
861 758 1068 830 Spiritu
1107 761 1330 830 insuper
1380 770 1568 814 sancto
1638 761 1938 830 praeditus,
2001 759 2290 816 Proverbia
2340 763 2703 818 nominaverit
2734 781 2749 818 :
2778 775 2838 818 ut
2886 764 3119 819 alterum
3175 766 3371 822 librum
3422 765 3690 822 Ecclesia-

430 866 543 908 sten
577 866 595 905 :
634 853 848 907 tertimn
899 851 1178 906 Canticum
1224 853 1548 906 canticorum
1578 867 1597 906 :
1624 867 1760 920 quos
1787 854 2007 924 scriptis
2046 853 2196 909 hisce
2259 854 2444 911 titulos
2509 871 2613 909 non
2643 856 2881 909 humana
2920 856 3130 911 ratione
3158 856 3358 926 aliqua,
3385 858 3481 913 sed
3518 857 3692 912 nuini-

432 965 500 1004 ne
547 949 741 1003 ductus
769 990 783 1013 ,
813 948 1086 1017 apposuit.
1159 945 1312 1004 Hanc
1357 948 1526 1016 ipsam
1580 963 1739 1018 porro
1805 948 2071 1004 divinitus
2109 949 2428 1018 inspiratam
2467 951 2794 1019 scripturam
2826 950 3061 1007 ethnicis
3101 950 3378 1004 illustrare
3423 941 3692 1021 exemplis

431 1041 550 1094 vult
577 1040 819 1109 neglecta
843 1041 1085 1110 Apostoli
1126 1038 1280 1094 Pauli
1325 1053 1457 1095 voce
1481 1040 1596 1106 illa,
1624 1038 1736 1094 Nos
1759 1041 2000 1109 spiritum
2039 1041 2200 1109 hujus
2271 1042 2456 1094 mundi
2527 1059 2628 1096 non
2681 1042 2976 1110 accepimus
3002 1081 3018 1108 ,
3056 1043 3146 1095 sed
3202 1042 3447 1112 spiritum
3497 1045 3589 1111 qui
3629 1059 3692 1096 ea:

435 1136 541 1190 Deo
565 1147 660 1198 est,
694 1146 772 1200 ut,
796 1153 912 1205 qua:
947 1147 1065 1190 sunt
1103 1155 1133 1189 a
1171 1136 1279 1190 Deo
1320 1136 1464 1190 nobis
1509 1137 1706 1191 donata
1735 1137 2105 1205 dignoscemus
2131 1152 2149 1189 :
2174 1147 2220 1190 et
2283 1153 2400 1204 qua:
2444 1137 2729 1207 loquimur,
2798 1153 2901 1191 non
2963 1147 3083 1190 sunt
3129 1137 3184 1188 in
3215 1137 3474 1190 docilibus
3512 1139 3694 1189 huma-

431 1243 513 1280 na:
536 1229 809 1296 sapientia:
835 1229 1024 1295 verbis,
1051 1230 1140 1282 sed
1171 1227 1406 1291 Spiritus
1434 1229 1602 1281 sancti
1625 1227 1714 1297 qui
1751 1227 2005 1282 discernit
2042 1229 2366 1296 spiritualia.
2400 1227 2663 1281 Animalia
2695 1229 2848 1282 homo
2893 1244 2998 1281 non
3079 1231 3298 1298 percipit
3332 1245 3452 1298 quia
3517 1244 3552 1280 α
3587 1227 3694 1280 Deo

430 1328 574 1384 sunt,
597 1320 824 1374 stultitia
859 1324 1045 1391 quippe
1072 1323 1310 1376 videntur
1332 1322 1431 1390 ipsi
1463 1337 1483 1376 :
1514 1337 1676 1390 neque
1712 1330 1877 1390 potest
1921 1313 2211 1392 intelligere
2254 1337 2338 1388 ea,
2403 1321 2544 1390 quod
2607 1322 2956 1390 spiritualiter
3017 1323 3389 1377 discernuntur
3440 1319 3510 1373 “.
3571 1319 3696 1374 Haec

430 1415 516 1468 vir
567 1416 817 1484 egregius
851 1432 974 1470 cum
1008 1417 1238 1486 ignoret,
1282 1416 1686 1471 Proverbiorum
1717 1419 2048 1473 sententiam
2089 1425 2144 1471 et
2184 1416 2598 1487 intelligentiam
2653 1425 2886 1470 conatur
2946 1429 3281 1484 paganorum
3313 1413 3538 1484 scriptis
3576 1399 3697 1469 illu-

433 1515 631 1562 strare.
667 1503 748 1560 Ita
780 1508 927 1562 enim
972 1509 1191 1563 disertis
1229 1509 1408 1564 verbis
1431 1511 1525 1565 ait.

1073 1604 1228 1659 CAP.
1266 1603 1352 1659 Ill.

669 1695 910 1751 Mareelli
943 1693 1006 1747 de
1039 1693 1325 1762 proverbiis
1354 1697 1494 1761 apud
1525 1690 1757 1748 Crtecos.

506 1808 525 1842 ι
564 1787 679 1842 Νοιι
723 1797 807 1841 est
839 1803 866 1838 a
898 1784 1176 1855 proposito
1201 1823 1216 1846 ,
1252 1791 1311 1835 ut
1345 1784 1607 1848 arbitror,
1639 1784 1874 1838 alienum
1902 1825 1917 1848 ,
1963 1784 2010 1839 si

437 1903 456 1936 ι
497 1897 666 1950 pauca
697 1879 1066 1934 recensuerim
1119 1876 1170 1929 in
1211 1876 1499 1944 praesenti,
1525 1891 1643 1944 qua:
1672 1887 1797 1931 sunt
1827 1876 1881 1931 in
1911 1891 2010 1931 usu

438 1991 456 2025 ι
495 1971 638 2043 apttd
677 1970 916 2032 Graecos,
974 1965 1279 2033 proverbia.
1327 1964 1464 2019 Sorte
1503 1965 1579 2020 vel
1613 1977 1850 2020 mortuus
1899 1977 2008 2033 est,

437 2081 457 2116 ι
503 2061 580 2118 uel
613 2061 814 2114 litteras
851 2063 1017 2112 docet.
1072 2057 1251 2110 Prima
1293 2058 1509 2126 quidem
1562 2057 1701 2112 facie
1742 2063 2010 2128 putaverit

437 2174 454 2205 ι
495 2152 764 2223 quispiam
794 2151 898 2204 hoc
930 2149 1295 2218 proverbium,
1338 2153 1396 2211 >14
1448 2148 1498 2201 in
1531 2147 1832 2202 litterarum
1882 2165 2010 2220 pro-

439 2265 458 2299 ι
494 2244 732 2300 fessores
779 2249 1132 2310 usurpatum,
1183 2239 1339 2308 quasi
1380 2254 1482 2292 non
1537 2239 1695 2293 aliter
1739 2241 1880 2311 apud
1913 2256 2009 2297 eos

437 2356 457 2391 ι
494 2339 691 2392 litterae
719 2336 1065 2390 docerentur.
1101 2331 1215 2402 Ego
1240 2343 1444 2398 autem,
1494 2331 1686 2402 inquit,
1719 2332 1882 2388 didici
1907 2335 2010 2389 hoc

437 2448 457 2482 ι
493 2444 598 2482 non
631 2429 704 2481 ita
735 2441 793 2480 se
828 2425 1049 2478 habere.
1083 2423 1187 2477 Sed
1219 2433 1507 2493 propterea
1526 2425 1692 2493 quod,
1716 2439 1836 2478 cum
1869 2439 2008 2494 prae-

438 2540 457 2573 t
503 2523 574 2576 lio
603 2519 964 2574 Athenienses
995 2515 1162 2571 Siculi
1207 2516 1472 2580 vicerant,
1524 2515 1668 2570 solos
1724 2515 1845 2570 illos
1898 2517 2008 2571 vita

437 2629 458 2663 ι
493 2613 723 2666 donatos
747 2618 1062 2670 servarent,
1089 2606 1180 2676 qui
1217 2605 1413 2660 litteris
1458 2615 1614 2660 erant
1649 2607 1919 2672 instructi,
1950 2616 2010 2661 ut

438 2719 458 2753 ι
498 2701 682 2755 liberis
711 2702 824 2754 suis
871 2707 1236 2769 praeceptores
1287 2696 1408 2750 illos
1461 2698 1748 2762 haberent,
1777 2707 2006 2754 caeteros

437 2810 456 2844 t
497 2805 625 2845 vero
654 2804 844 2845 omnes
885 2799 1061 2842 morte
1117 2786 1442 2841 multabant.
1483 2786 1617 2841 Cum
1648 2801 1778 2842 vero
1816 2802 1846 2842 e
1871 2803 2008 2858 pra:-

439 2899 460 2934 (
496 2881 572 2934 lio
597 2879 814 2949 quidam
845 2876 1190 2947 aufugientes
1223 2876 1440 2929 domum
1486 2885 1900 2940 remeaverant,
1935 2877 2004 2931 ab

439 2990 458 3024 ι
499 2970 926 3025 Atheniensibus
979 2969 1301 3038 interrogati
1342 2969 1408 3022 de
1461 2968 1653 3022 amicis
1681 2970 2005 3037 quibusdam
2035 2951 2076 3008 Ο

438 3083 458 3116 ι
496 3065 610 3118 suis
637 3073 727 3116 aut
762 3059 1020 3114 allinitate
1063 3059 1388 3130 conjunctis,
1439 3059 1715 3124 dicebant,
1761 3059 1904 3116 Sane
1933 3064 2009 3115 vel

439 3175 458 3207 ι
493 3167 731 3210 mortuus
766 3162 862 3215 est,
908 3151 987 3205 vel
1022 3153 1224 3206 litteras
1252 3152 1420 3205 docet.
1473 3152 1609 3218 Quid
1641 3152 1770 3206 illud
1801 3163 2008 3220 autem,

439 3270 456 3301 ι
493 3249 669 3315 Capra
693 3246 926 3316 gladium
950 3285 966 3308 ,
996 3245 1098 3299 sibi
1127 3243 1300 3298 velit?
1335 3243 1523 3298 Nonne
1555 3245 1898 3314 proverbium
1928 3247 2010 3300 dl-

439 3359 457 3390 ι
498 3340 640 3393 citur
669 3337 736 3391 de
763 3351 852 3400 eo,
886 3334 980 3404 qui
1015 3348 1135 3402 quae
1159 3332 1227 3387 de
1262 3333 1377 3402 ipso
1400 3333 1673 3397 dicuntur,
1699 3345 1853 3390 antea
1877 3351 2010 3406 pra:-

439 3449 456 3480 ι
499 3426 674 3482 vidit?
710 3435 996 3496 propterea
1043 3424 1186 3492 quod
1217 3439 1379 3493 capra
1417 3424 1773 3491 immolanda,
1808 3427 2006 3481 intueri

438 3540 456 3572 t
497 3520 634 3574 solet
657 3519 913 3588 gladium.
956 3515 1068 3570 Hoc
1095 3515 1340 3585 profecto
1365 3531 1429 3571 ex
1458 3517 1697 3586 antiquis
1733 3518 1859 3572 nulli
1881 3533 2008 3588 pro-

435 3632 455 3665 ι
499 3613 704 3667 didere.
768 3609 952 3679 Neque
1012 3608 1156 3662 enim
1212 3609 1316 3662 hoc
1367 3622 1530 3663 sensu
1591 3611 2008 3678 proverbialiter

437 3724 456 3756 ι
498 3710 874 3772 usurparetur.
905 3702 1035 3755 Erat
1064 3701 1210 3756 enim
1260 3697 1417 3753 facile
1457 3709 1510 3754 et
1559 3701 1734 3755 cuivis
1787 3701 2004 3756 obvium

436 3814 456 3846 ι
500 3796 602 3848 hoc
636 3809 666 3847 e
693 3808 751 3848 re
781 3802 967 3846 natum
1009 3792 1464 3846 animadvertere.
1518 3791 1829 3859 Usurpatur
1875 3805 2006 3845 vero

436 3907 454 3938 ι
493 3887 558 3940 de
583 3887 647 3940 iis
663 3885 750 3954 qui
777 3885 974 3938 malum
996 3884 1342 3952 sibimetipsis
1374 3893 1688 3954 procurant.
1725 3881 1860 3938 Nam
1889 3882 2006 3938 Me-

435 4001 455 4034 ‹
493 3981 593 4036 dea
645 3980 887 4035 Corinthi
921 3989 1205 4049 postquam
1263 3978 1463 4032 liberos
1515 3991 1643 4031 suos
1689 3991 1784 4031 sua
1838 3991 2002 4030 manu

439 4091 458 4124 ι
497 4073 875 4134 interemerat,
906 4071 1106 4124 dicitur
1148 4083 1215 4123 eo
1241 4069 1359 4124 loco
1387 4069 1691 4124 occultasse
1720 4067 1952 4123 cultrum
1985 4085 2000 4122 :

440 4182 459 4215 ι
499 4162 700 4218 secutis
730 4176 858 4216 vero
885 4161 1218 4230 temporibus
1238 4159 1460 4225 factum,
1494 4169 1554 4214 ut
1582 4159 1849 4214 Corinthii
1879 4173 2002 4212 ora-

437 4273 458 4305 ι
495 4255 616 4309 culo
642 4254 852 4318 moniti,
890 4261 1105 4323 capram
1143 4255 1349 4322 nigram
1405 4252 1688 4307 immolare
1721 4252 2001 4316 deberent,

437 4367 458 4405 ι
493 4347 608 4414 ubi,
643 4362 764 4403 cum
795 4347 971 4402 cultro
994 4347 1434 4409 destituerentur,
1449 4358 1612 4414 capra
1638 4345 1866 4413 pedibus
1890 4345 2005 4400 suis

505 4482 565 4539 at
587 4463 702 4524 Ed.
740 4463 913 4529 Paris,
946 4478 1070 4533 pag.
1096 4463 1185 4517 15.

505 4563 550 4594 ⁸⁵⁸
593 4561 757 4616 llebr.
785 4575 860 4625 χι,
891 4556 982 4612 37.
1057 4554 1101 4586 “
1132 4552 1154 4606 l
1191 4552 1319 4609 Cor.
1348 4568 1409 4618 tt,
1442 4552 1528 4609 12.

525 4673 615 4742 84)
653 4671 827 4739 Vulgo
855 4669 1075 4742 όλίγων.

525 4676 615 4742 84)
653 4676 827 4739 Vulgo
855 4676 1075 4738 ὀλίγων.

501 4676 612 4819 ξ85)
650 4743 800 4797 Ἀλλ’
906 4741 1216 4819 τέθνηκεν,
1361 4737 1632 4819 διδάοκει
1668 4737 1996 4808 γράμματα.

432 4809 692 4872 ΝοίιιίὉδ
742 4828 808 4866 ex
868 4809 1114 4876 historia,
1159 4820 1216 4864 et
1271 4809 1560 4862 Plutarcho
1591 4826 1604 4860 :
1635 4823 1795 4875 quam
1855 4819 2003 4864 recte

431 4885 717 4942 Marcellus
783 4881 1107 4950 explicabat.
1180 4879 1404 4950 Videndi
1453 4879 1936 4950 παροιμιογράφοι,
1973 4893 2004 4931 a

430 4957 730 5013 reverendo
782 4952 1068 5005 admodum
1123 4958 1177 5004 et
1226 4949 1531 5004 clarissimo
1565 4949 1623 5002 Ρ.
1673 4949 2001 5003 Α.⁷8‹;ιιοιιο

429 5029 592 5090 editi;
631 5025 723 5080 sed
781 5022 932 5076 locus
983 5020 1036 5090 in
1091 5020 1277 5090 codice
1309 5035 1411 5072 non
1441 5029 1676 5090 constat.
1713 5019 1846 5074 Nam
1872 5020 2000 5090 quid

430 5100 517 5151 illa
557 5095 656 5150 sibi
691 5093 896 5154 volunt,
929 5089 1052 5142 ἐπεὶ
1085 5091 1178 5142 καὶ
1207 5089 1393 5158 ἕτερός
1427 5105 1532 5152 τις,
1562 5089 1722 5150 forte,
1757 5090 1877 5142 ἐπεὶ
1906 5089 2000 5142 καὶ

432 5167 505 5239 μὴ
530 5166 835 5239 ὲτέρωςῇτις
855 5161 963 5239 τῶν
993 5160 1119 5239 παρ’
1149 5161 1335 5239 adcolae
1349 5177 1362 5189 '
1381 5158 1509 5239 ,ἐγω
1547 5158 1590 5239 δῖ
1623 5158 1844 5239 ξμαθον,
1873 5159 1999 5230 ἔφη,

431 5229 585 5292 τοῦτο
625 5229 669 5287 δ’
694 5233 792 5302 οὐχ
824 5231 996 5293 οὕτως
1028 5230 1190 5302 ἔχειν,
1365 5229 1440 5292 ὡς
1459 5231 1508 5280 oi.
1537 5229 1606 5281 τὰ
1632 5229 2000 5302 ὑπομνῆματα

431 5299 1021 5378 γράψαντεςίὲφασαν.
1060 5299 1340 5378 "Easton.
1397 5304 1578 5364 Certe,
1636 5301 1689 5378 in
1742 5299 2000 5378 miseram

431 5371 762 5431 eruditorum
790 5373 1067 5427 hominum
1095 5374 1480 5433 conditionem,
1514 5385 1618 5423 non
1651 5371 1830 5437 inepte
1865 5371 1994 5423 ada-

433 5449 574 5515 gium
615 5456 926 5515 usurpatur,
961 5444 1050 5510 qui
1103 5441 1420 5509 plerumque
1449 5439 1624 5494 ἄσιτοι
1660 5439 1995 5515 ἀναδώρῃτοι

434 5511 756 5586 ξρορμίζουσι
811 5511 990 5586 μέλος,
1027 5521 1082 5564 ιιι
1113 5515 1179 5586 de
1215 5521 1587 5586 sentitemorat
1624 5523 1822 5586 auctor
1866 5511 1997 5578 Ety-

435 5581 720 5653 ntotogici;
751 5581 902 5637 et‘de
932 5582 1216 5637 Lactantio
1247 5581 1381 5653 olim
1407 5581 1844 5653 (Jr_ispi_C:esaris
1885 5596 1999 5653 ma-

437 5651 606 5723 gistro
636 5669 864 5714 merum,
891 5663 1210 5723 usurpatum
1249 5651 1782 5723 fuitbuc'ts,lungis,
1818 5651 1998 5723 fatuis,

437 5720 601 5778 asinis
620 5721 1071 5794 μυστηριοφόροις
1102 5721 1474 5791 grassantibus
1506 5722 1570 5776 ad
1604 5722 1855 5788 honores,
1884 5720 2005 5777 aliis

2771 1596 2929 1650 ΚΕΦ.
2969 1596 3042 1647 Γ’.

2109 1691 2472 1760 Μαρκέλλου
2511 1689 2642 1758 περὶ
2689 1687 2809 1742 τῶν
2853 1689 2993 1756 παρ’
3041 1688 3304 1755 ’Ἕλλησι
3343 1686 3688 1756 παροιμιῶν.

2186 1804 2204 1835 ι
2241 1783 2406 1836 Οὐδὲν
2443 1781 2552 1853 γὰρ
2576 1782 2776 1834 ἄτοπον
2808 1774 2962 1850 οἶμαι
2994 1780 3052 1830 ὲν
3081 1779 3160 1849 τῷ
3188 1779 3416 1850 παρόντι
3445 1779 3556 1850 (84)
3584 1779 3691 1831 ὀλί-

2117 1895 2136 1928 ι
2175 1892 2270 1944 γον
2293 1874 2402 1927 τῶν
2431 1873 2626 1940 ἔξωθεν
2643 1872 2954 1942 ὑπομνῆσαι
2971 1870 3276 1942 παροιμιῶν
3304 1869 3438 1938 (85).
3473 1871 3634 1925 Ἀλλ’
3652 1871 3689 1939 ἣ

2117 1986 2136 2020 ι
2181 1967 2466 2035 τέθνηκεν
2479 1967 2516 2033 ἢ
2535 1963 2800 2018 διδάσκει
2825 1962 3370 2033 γράμματαΤαύτην
3384 1963 3484 2033 τὴν
3502 1979 3692 2033 παροι-

2116 2077 2134 2109 t
2167 2058 2296 2128 μίαν
2318 2057 2452 2127 πρὸς
2467 2056 2566 2127 μὲν
2589 2055 2648 2108 τὸ
2667 2055 2987 2126 φαινόμενον
3006 2054 3099 2108 τοῦ
3121 2055 3468 2126 γράμματος,
3485 2055 3690 2107 ὑπολά-

2119 2168 2136 2200 t
2166 2149 2249 2202 60t
2269 2150 2334 2203 ἄν
2350 2166 2432 2211 τις
2453 2147 2596 2200 κατὰ
2609 2146 2718 2198 τῶν
2732 2147 3033 2218 γράμματα
3045 2147 3398 2201 διδασκόντων
3418 2146 3688 2218 εἰρῆσθαν

2117 2261 2135 2292 t
2178 2242 2298 2294 ἐπεὶ
2323 2241 2417 2294 καὶ
2450 2241 2636 2312 ἕτερός
2673 2257 2757 2302 τις
2787 2240 2895 2293 τῶν
2944 2245 3076 2312 παρ’
3117 2244 3298 2304 αὐτοῖς
3347 2241 3593 2294 ἐδίδασκε
3623 2243 3693 2295 τὰ

2117 2351 2134 2382 ι
2167 2335 2489 2404 γράμματα.
2543 2333 2684 2402 Ἐγὼ
2711 2335 2754 2388 δ’
2793 2335 3040 2404 ἐφοίτων,
3065 2333 3189 2406 ἔφη,
3226 2335 3286 2387 τὸ
3323 2334 3368 2386 δ’
3384 2336 3483 2405 οὐχ
3517 2333 3695 2396 οὕτως

2116 2441 2134 2472 ι
2177 2421 2340 2493 ἔχειν,
2375 2424 2423 2476 oi
2464 2422 2531 2475 τὰ
2561 2424 2931 2495 ὑπομνήματα
2959 2424 3268 2495 γράψαντες
3301 2423 3531 2493 ἔφασαν.
3553 2424 3692 2477 Ἀλλ’

2114 2531 2136 2566 ι
2169 2516 2355 2587 ἐπειδὴ
2401 2515 2710 2588 Ἀθηναίους
2743 2515 3060 2569 Σικελιῶται
3093 2532 3256 2585 φασιν
3295 2517 3519 2587 πολέμῳ
3543 2519 3698 2589 νική-

2115 2625 2134 2658 ι
2176 2624 2392 2671 σαντες,
2444 2608 2636 2677 μόνους
2677 2607 2880 2670 ἔσωζον
2917 2609 3043 2670 τοὺς
3088 2607 3332 2660 παιδείαν
3380 2608 3698 2678 σκηπτομέ-

2117 2716 2136 2749 t
2171 2715 2314 2763 νους,
2361 2698 2710 2763 διδασκάλους
2764 2700 2958 2763 αὐτοὺς
3005 2701 3119 2762 τοῖς
3173 2701 3362 2753 παισὶν
3423 2700 3653 2768 ἄγοντες
3676 2741 3692 2766 ,

2116 2809 2135 2842 ι
2171 2792 2296 2854 τοὺς
2317 2790 2374 2844 δὲ
2406 2791 2597 2855 ἄλλους
2627 2791 2834 2855 πάντας
2856 2793 3107 2860 ἐφόνευον
3131 2808 3144 2822 ο
3179 2790 3236 2858 ἐξ
3262 2791 3440 2845 αὐτῶν
3459 2792 3517 2843 δὲ
3539 2809 3696 2855 τινας

2117 2898 2136 2931 ι
2179 2881 2469 2949 φυγόντας,
2504 2883 2597 2935 καὶ
2631 2881 3040 2949 ἐπανελθόντας,
3074 2883 3459 2955 ἐρωτωμένους
3500 2901 3560 2936 τε
3600 2883 3693 2935 ὑπ’

2117 2990 2134 3023 ι
2188 2972 2487 3044 Ἀθηναίων
2520 2973 2647 3045 περί
2672 2992 2831 3028 τινων
2859 2975 3221 3047 διαφερόντων
3255 2979 3457 3043 αὐτοῖς,
3484 2980 3695 3050 ἔφασαν

2116 3083 2134 3115 ι
2183 3064 2485 3136 εἰρηκέναι,
2517 3065 2682 3120 Ἀλλ’
2721 3066 2760 3134 ἢ
2791 3066 3096 3136 τέθνηκεν,
3126 3069 3164 3136 ἢ
3186 3068 3460 3124 διδάσκει
3509 3072 3693 3142 τράμ-

2116 3195 2135 3227 ι
2169 3176 2417 3246 ματα.Τί
2432 3176 2489 3231 δὲ
2506 3177 2598 3230 καὶ
2614 3177 2674 3230 τὸ
2690 3177 2819 3249 (86),
2837 3178 2946 3244 Αἲξ
2960 3180 3075 3248 τὴν
3082 3180 3402 3250 μάχαιραν,
3422 3184 3696 3254 νομίσειεν

2117 3287 2136 3319 t
2181 3267 2245 3320 ἄν
2285 3285 2368 3331 τις
2415 3267 2500 3320 ἵνα
2540 3265 2618 3320 θῶ
2650 3267 2914 3339 πρότερον
2946 3269 3012 3322 τὰ
3045 3270 3174 3341 περὶ
3215 3271 3385 3341 αὐτῆς
3421 3271 3696 3342 λεγόμενα

2117 3377 2136 3409 ι
2181 3357 2399 3423 πάντως
2432 3375 2556 3421 που,
2591 3357 2680 3411 διὰ
2728 3357 2831 3428 (τὸ)
2879 3359 2978 3429 τὴν
3018 3359 3284 3430 θυομένην
3317 3358 3446 3430 αἶγα
3481 3365 3561 3426 εἰς
3597 3363 3698 3432 τὴν

2115 3469 2133 3502 ι
2177 3453 2449 3522 μάχαιραν
2481 3452 2709 3523 ὰφορᾷν,
2755 3452 3004 3523 εἰρῆσθαι
3054 3453 3154 3523 τὴν
3199 3454 3517 3523 παροιμίαν.
3552 3455 3697 3508 Ἀλλ’

2115 3564 2132 3594 ι
2175 3544 2236 3595 οὐ
2268 3543 2414 3606 τινὲς
2443 3543 2588 3596 τοῦτ’
2623 3544 2830 3613 ἔφασαν
2857 3546 2906 3597 οί
2941 3544 3191 3598 παλαιοί·
3212 3546 3334 3599 οὐδὲ
3358 3545 3465 3618 γὰρ
3496 3565 3696 3618 παροι-

2115 3653 2133 3685 t
2173 3634 2270 3705 μία
2299 3629 2367 3705 ἦν
2395 3634 2462 3687 ἂν
2487 3637 2520 3706 ἡ
2553 3635 2820 3705 λεχθεῖσα,
2845 3636 2960 3704 εἴγε
2980 3636 3126 3689 τοῦθ’
3151 3636 3323 3700 οὕτως
3345 3633 3480 3707 εἶχε,
3512 3639 3698 3708 (τοῦτο

2113 3745 2132 3776 ι
2167 3725 2276 3796 γὰρ
2327 3725 2618 3779 ἀκόλουθον
2665 3723 2732 3798 ἦν
2782 3729 2847 3780 ἐκ
2889 3729 2995 3780 τῶν
3052 3729 3390 3799 φαινομένων
3442 3731 3694 3803 ὲννοεῖν,)

2114 3837 2131 3866 ι
2173 3817 2288 3870 ἀλλ’
2319 3819 2411 3872 ἐπὶ
2447 3817 2556 3870 τῶν
2587 3819 2797 3883 ἑαυτοῖς
2831 3820 2976 3874 κακὰ
3009 3820 3410 3893 προξενούντων
3439 3822 3694 3892 εἰρῆσθαι

2114 3941 2132 3972 ι
2175 3922 2330 3976 τοῦτό
2381 3941 2533 3992 φασι.
2579 3924 2716 3977 Φασὶ
2772 3925 2881 3996 γὰρ
2924 3926 3166 3996 Μηδείαν
3216 3930 3274 3980 ἐν
3326 3928 3577 4000 Κορίνθῳ
3624 3930 3694 3982 τὰ

2113 4048 2131 4080 ι
2169 4028 2339 4082 τέκνα
2384 4029 2819 4094 ἀποκτείνασαν,
2877 4030 3225 4102 κατακρύψαι
3261 4031 3359 4103 τὴν
3411 4031 3695 4105 μάχαιραν

2117 4150 2134 4182 ι
2175 4133 2380 4186 αὐτόθι.
2429 4135 2566 4198 Τοὺς
2596 4135 2654 4187 δὲ
2690 4134 3031 4206 Κορινθίους,
3068 4135 3208 4190 κατὰ
3234 4138 3478 4208 χρησμὸν
3511 4139 3696 4202 αὐτοῖς

2037 4214 2080 4268 D
2115 4258 2134 4291 t
2173 4239 2415 4305 δοθέντα,
2450 4237 2584 4309 αῐγα
2623 4242 2878 4312 μέλαιναν
2915 4242 3280 4310 ἐναγίζοντας,
3325 4245 3552 4317 ἀπορεῖν
3586 4263 3696 4316 μα·-

2119 4366 2137 4399 ι
2177 4348 2388 4420 χαίρας.
2435 4349 2545 4420 Τὴν
2587 4348 2645 4402 δὲ
2687 4344 2840 4418 αῖγα,
2891 4348 3224 4404 σκάλλουσαν
3270 4348 3350 4420 τῷ
3401 4350 3526 4404 ποδὶ
3555 4351 3696 4421 (87),

2105 4681 2214 4722 non
2248 4665 2348 4720 sibi
2368 4664 2602 4719 debitos.
2622 4663 2754 4717 Nam
2779 4663 2864 4718 vel
2889 4663 3072 4732 pueris
3089 4661 3444 4733 informandis
3462 4678 3696 4733 vacare,

2106 4737 2191 4791 vel
2229 4736 2588 4802 inediaperire
2615 4744 2847 4804 oportet.
2886 4733 2937 4787 Μ
2961 4765 3032 4774 —-
3053 4733 3171 4787 Mox
3193 4732 3349 4804 vulgo
3376 4732 3697 4789 ἐδιδάσκετο

2108 4817 2164 4862 et
2189 4808 2307 4860 Σικ.
2333 4807 2512 4876 νικήσ.
2537 4803 2739 4876 uoluet
2766 4805 3067 4876 φεύγοντας
3091 4814 3145 4856 et
3170 4817 3279 4876 om.
3300 4803 3622 4876 εἰρηκέναι.

2180 4877 2291 4947 (86)
2326 4873 2573 4944 Αῑξτὴν
2599 4875 2923 4944 μάχαιραν.
2968 4875 3143 4947 Locus
3171 4873 3310 4947 haud
3349 4889 3556 4934 sanus;
3591 4891 3696 4945 ego

2111 4942 2220 5001 non
2261 4942 2682 5008 restituo,‘ve_rti
2729 4942 2797 4999 ut'
2825 4948 2996 5014 potui,
3045 4946 3138 4997 sed
3173 4942 3418 4996 mihimet
3462 4960 3570 4997 non
3606 4942 3696 4998 sa-

2109 5017 2306 5070 tisl'eci.
2348 5015 2577 5079 Nedum,
2617 5017 2749 5080 scio,
2801 5017 2941 5068 aliis.
2992 5016 3168 5081 Ipsum
3217 5013 3598 5080 proverbium,
3639 5026 3696 5068 et

2108 5087 2346 5153 aliunde,
2376 5095 2429 5140 et
2468 5086 2558 5139 hic
2593 5089 2754 5138 etiam
2806 5086 2944 5139 satis
2989 5083 3311 5154 liquet;ised
3355 5083 3443 5154 illa
3479 5085 3696 5154 προόδι-

2107 5172 2201 5218 κα,
2235 5172 2335 5209 non
2365 5170 2686 5226 magnopere
2713 5156 2777 5208 ad
2806 5171 2916 5226 rem
2943 5152 3167 5208 faciunt.
3196 5153 3244 5226 Μ
3265 5181 3332 5189 -
3368 5152 3500 5226 [lein
3527 5152 3697 5226 vulgo

2106 5226 2359 5297 εἰρῆσθαι
2387 5225 2493 5297 μὴν
2517 5224 2552 5278 δι
2579 5225 2697 5297 Θεῷ
2736 5236 2789 5278 et
2819 5225 3067 5297 πάντων,
3086 5225 3324 5297 etdeest
3350 5223 3432 5275 τό.

2180 5292 2290 5365 (87)
2320 5292 2580 5363 Μῄδείας
2609 5292 2906 5363 ἀνευρεῖν.
2935 5295 3070 5365 Quid
3104 5294 3165 5365 “si
3195 5293 3435 5365 legamus
3467 5292 3696 5364 ἀνορύτ-

2106 5361 2220 5420 τειν
2235 5367 2258 5418 ?
2273 5361 2418 5435 apud
2439 5367 2657 5420 Suittam
2691 5361 2906 5435 legitur,
2927 5363 3020 5430 αἲξ
3040 5361 3204 5417 δοῦσα
3226 5364 3323 5433 τὴν
3361 5361 3649 5435 μάχαιραν
3673 5380 3690 5392 ·

2103 5440 2261 5500 male,
2301 5435 2423 5490 dele
2473 5435 2636 5489 δοῦσα
2693 5436 2768 5499 ὡς
2807 5435 3000 5506 ᾣοιτος
3053 5435 3536 5506 redundantiam,
3590 5451 3695 5488 nec

2102 5519 2228 5561 sunt.
2257 5509 2344 5560 hic
2383 5509 2713 5559 necessaria.
2755 5504 2884 5572 Quae
2932 5514 3259 5574 sequuntur,
3288 5504 3483 5556 vitiosa
3515 5516 3689 5569 sunt;

2103 5576 2244 5631 forte
2300 5576 2961 5656 Ιεμιιιίυμιηείρηιμένης,
2992 5575 3237 5656 καὶντίνα
3266 5591 3324 5625 π.
3357 5590 3413 5626 α.
3439 5590 3519 5653 γυ
3554 5587 3693 5638 etc.,

2107 5643 2500 5718 μνημονεῦσαι,
2518 5647 2606 5699 ἵνα
2620 5643 2915 5718 Ἀἐτέ’ριον,
2933 5656 2988 5701 et
3003 5646 3185 5700 statim
3202 5643 3617 5718 προσποιοῇντα
3637 5656 3699 5718 et

2107 5714 2564 5784 κατασκευάζειν,
2595 5719 2672 5772 ait
2699 5714 2998 5781 Asterium,
3063 5714 3416 5773 sacularibus
3480 5715 3698 5770 litteris
