3836 6216
193 309 304 365 745

1334 310 1618 368 CONTRA
1655 312 2085 371 MARCELLUM
2127 315 2256 372 LIB.
2300 316 2340 371 Ι.

3344 334 3449 389 748

205 452 222 483 ι
265 449 365 491 την
419 431 659 504 Μηδείας
703 433 951 507 ἀνευρεῖν
992 434 1267 507 μάχαιραν
1288 476 1301 500 ,
1357 437 1451 491 καὶ
1500 437 1635 509 αὐτῇ
1687 455 1772 491 τυ-

1893 457 1912 489 ‹
1956 449 2158 494 terram
2185 453 2384 495 erueus
2406 479 2420 504 ,
2455 441 2604 497 illum
2635 442 2950 500 Medeanum
2978 447 3286 521 detegebat,
3345 470 3455 526 quo

201 530 228 574 ς
271 523 452 597 θῆναι.
716 554 725 567 ι

284 635 300 666 ι
339 616 400 668 Τί
449 614 505 669 δὲ
536 615 616 679 τὸ,
645 616 818 682 Ἅλις
862 615 1060 686 δρυὸς,
1097 617 1383 688 σημαίνει;
1411 618 1544 689 φησί
1582 634 1686 683 τιςο
1721 618 1782 672 ού

207 721 228 755 ι
269 705 382 777 γὰρ
414 708 638 761 δυνατὸν
670 710 736 762 ὲκ
754 706 850 762 τοῦ
873 709 1164 781 προχείρου
1182 707 1507 778 γιγνώσκειν
1522 711 1621 783 τὴν
1644 727 1783 780 παρ-

208 811 230 845 ε
270 797 474 867 οιμίαν.
507 800 570 852 Οί
605 800 844 866 παλαιοὶ,
874 801 950 866 ὡς
977 801 1206 871 ἔφασαν,
1244 802 1351 875 πρὸ
1380 802 1481 873 τῆς
1514 803 1608 856 τοῦ
1637 803 1782 856 σίτου

208 906 229 939 ι
270 889 570 960 γεωργίας,
621 891 1151 964 βαλανηφαγοῦντες,
1185 893 1396 965 ἐπειδὴ.
1427 894 1502 958 ὡς
1531 894 1719 966 ᾤοντο,
1754 897 1784 948 ό

205 999 227 1031 ι
271 983 485 1052 καρπὸς
511 976 667 1048 οὗτος
696 985 920 1058 ὕστερον
951 986 1172 1059 εὑρέθη,
1208 988 1401 1058 ἐκείνῳ
1426 987 1782 1059 προσέχοντες

207 1089 227 1123 r
266 1072 362 1126 τὸν
407 1074 530 1128 νοῦν
571 1076 664 1129 καὶ
702 1079 770 1150 τῇ
819 1078 1089 1150 μεταϐολῇ
1131 1078 1584 1150 προσχαίροντες,
1621 1079 1784 1144 Ἅλις

205 1179 226 1212 ε
265 1162 476 1232 δρυὸς,
513 1165 720 1237 ἔλεγον.
765 1170 873 1223 Καὶ
905 1169 1063 1223 τοῦτο
1103 1169 1202 1242 τὴν
1247 1169 1547 1241 παροιμίαν
1578 1169 1782 1240 ἔφασαν

203 1270 227 1304 c
264 1251 426 1311 εἶναι.
465 1253 630 1322 Αὖθίς
674 1277 733 1312 τε
778 1260 972 1332 ἑτέρας
1009 1259 1340 1332 παροιμίας,
1385 1260 1490 1315 ὑπὸ
1518 1260 1784 1315 πλείστων

201 1364 226 1398 ε
263 1347 378 1411 τῶν
407 1351 536 1424 παρ’
566 1353 751 1417 αὐτοῖς
779 1353 958 1424 σοφῶν
990 1355 1049 1408 έν
1077 1354 1351 1418 πλείστοις
1382 1355 1477 1408 καὶ
1506 1354 1784 1426 διαφόροις

200 1453 226 1489 σ
259 1435 494 1509 βιϐλίοις
533 1441 849 1515 εἰρημένης,
885 1445 1007 1499 τίνα
1057 1446 1186 1517 περὶ
1225 1445 1393 1517 αὐτῆς
1423 1446 1780 1518 γεγράφασιν,

203 1547 224 1581 ι
261 1530 313 1583 οἱ
355 1531 458 1596 τὰς
490 1535 790 1607 παροιμίας
834 1535 1167 1608 ἑρμηνεῦσαι
1210 1537 1580 1610 προελόμενοι,
1617 1539 1784 1608 ἀναγ-

200 1639 222 1673 ‹
264 1625 422 1678 καῖον
465 1624 578 1699 (88)
624 1628 683 1680 ὲν
727 1627 805 1700 τῷ
846 1629 1069 1702 παρόντι
1105 1631 1490 1702 μνημονεῦσαι.
1534 1631 1670 1685 Ἀλλ’
1716 1633 1780 1685 ἵν’

199 1731 221 1766 ς
256 1715 570 1790 ὲλέγξωμεν
609 1720 905 1792 Ἀστέριον,
955 1723 1048 1776 καὶ
1079 1722 1187 1776 ἀπὸ
1231 1722 1340 1777 τῶν
1383 1723 1581 1788 ἔξωθεν
1620 1725 1782 1779 αὐτὸν

199 1826 219 1858 ι
266 1808 610 1882 μαθημάτων
643 1813 819 1867 εἰδότα
857 1815 954 1886 μὲν
996 1815 1239 1888 ἀκριϐῶς
1266 1817 1328 1870 τὸ
1358 1819 1458 1889 τῆς
1485 1820 1783 1891 παροιμίας

199 1917 220 1951 ι
257 1902 557 1974 ἐξαίρετον,
579 1905 638 1960 ἐν
658 1905 715 1959 δὲ
735 1905 812 1978 τῷ
834 1908 1059 1979 παρόντι
1086 1909 1310 1977 ἄγνοιαν
1326 1911 1780 1982 προσποιηθέντα,

197 2009 220 2043 ς
261 1992 353 2047 ἵνα
389 1995 452 2047 τὸ
497 1996 691 2050 ἑαυτοῦ
729 1997 974 2070 βούλημα
1008 1999 1097 2052 διὰ
1123 2001 1223 2071 τῆς
1254 1999 1350 2054 τοῦ
1382 2000 1782 2074 παροιμιώδους

196 2103 218 2136 ε
257 2086 428 2158 ῥητοῦ
469 2091 715 2160 χρήσεως
743 2090 981 2154 πιθανῶς
1003 2090 1434 2156 κατασκευάζειν
1456 2092 1602 2166 δόξῃ.
1626 2095 1780 2147 Ἔστι

195 2188 218 2222 ι
257 2171 339 2239 δὲ,
374 2175 662 2230 Γλαύκου
693 2175 897 2248 τέχνη⁶
920 2177 1124 2250 ταύτης
1160 2181 1208 2232 οί
1241 2178 1439 2244 ἔξωθεν
1483 2183 1638 2252 σοφοὶ
1680 2183 1781 2254 τῆς

197 2282 219 2316 ι
259 2267 560 2338 παροιμίας
590 2269 1065 2341 μνημονεύσαντες
1089 2273 1362 2345 διαφόρως
1388 2273 1560 2345 αὐτὴν
1585 2272 1782 2348 ἐξηγή-

196 2376 218 2408 ε
257 2375 441 2413 σαντο.
489 2360 548 2414 '0
584 2361 685 2432 μὲν
728 2362 836 2436 γὰρ
873 2363 1052 2416 αὐτῶν
1091 2381 1175 2428 τις
1208 2363 1310 2435 ἔφη
1332 2406 1348 2430 ,
1391 2365 1631 2420 Γλαῦκόν
1659 2383 1779 2420 τινα

195 2469 216 2501 ε
258 2451 605 2522 ἐπιστήμονα
635 2453 830 2525 τέχνης
859 2453 1003 2519 τινὸς
1044 2455 1325 2524 γεγονότα,
1367 2456 1576 2510 πολλῶν
1611 2454 1779 2512 οὖσαν

197 2560 217 2594 ι
257 2542 740 2616 θαυμασιωτάτην,
774 2546 1066 2602 ἀπολέσθαι
1104 2547 1378 2620 ἀμα(88¹¹)
1408 2549 1602 2621 ἐκείνῳ
1641 2552 1780 2605 κατὰ

197 2653 218 2686 ι
259 2635 554 2704 θάλατταν,
587 2639 812 2711 μηδενός
841 2658 928 2693 πω
950 2641 1300 2714 διακηκοότος
1333 2642 1523 2713 αὐτῆς.
1555 2643 1778 2715 ’Έτερος

192 2746 218 2779 1
257 2728 338 2792 δὲ,
369 2728 469 2801 τὴν
493 2731 579 2784 ἐπ’
606 2731 774 2804 ἀκρον
809 2733 1076 2804 μουσικῆς
1107 2734 1397 2804 ἐμπειρίαν
1421 2736 1777 2808 μαρτυρήσας

190 2835 219 2868 1
256 2817 336 2888 τῷ
385 2819 642 2891 Γλαύκῳ,
695 2821 824 2885 τοὺς
876 2822 1420 2888 κατασκευασθέντας
1467 2824 1560 2877 ὑπ’
1609 2824 1775 2878 αὑτοῦ

197 2908 482 2974 «δίσκους
525 2909 756 2982 χαλκοῦς
799 2927 932 2982 φησι
977 2910 1268 2983 τέσσαρας,
1296 2911 1431 2986 πρὸς
1453 2911 1516 2965 τὺ
1561 2911 1774 2984 ἐμμελῆ

196 3017 217 3050 ι
259 3017 384 3054 τινα
415 3001 516 3072 τῆς
561 3001 837 3074 κρούσεως
878 3002 977 3074 τὴν
1014 3003 1333 3074 συμφωνίαν
1373 3002 1484 3058 τῶν
1523 3003 1776 3074 φθόγγων

189 3110 217 3144 ί
259 3092 573 3148 ἀποτελεῖν
610 3093 761 3148 ἐνθεν
793 3112 854 3148 τε
887 3094 1135 3167 εἰρῆσθαι
1163 3095 1263 3169 τὴν
1294 3096 1616 3168 παροιμίαν.
1643 3096 1773 3149 Ἀλ-
1801 3133 1842 3191 C

193 3201 216 3236 Ι
257 3184 350 3248 λος
395 3184 454 3238 δέ
496 3203 580 3251 τις
631 3187 996 3242 Ἀλυαττικῶν
1044 3187 1402 3260 ἀναθεμάτων
1440 3189 1603 3259 φησὶν
1643 3191 1773 3244 ἀνα-

189 3295 214 3328 1
256 3277 471 3330 κεῖσθαι
517 3277 772 3351 κρατῆρα
819 3281 915 3334 καὶ
973 3279 1377 3354 ὑποκρατήριον
1430 3278 1730 3351 θαυμάσιον
1752 3323 1769 3350 ,

193 3388 214 3421 ι
259 3367 508 3423 Γλαύκου
538 3369 672 3423 Χίου
701 3369 932 3442 ποίημα.
978 3371 1205 3442 ’Έτερος
1231 3371 1308 3437 δὲ,
1342 3369 1582 3425 Γλαῦκον
1609 3371 1771 3426 αὑτὸν

189 3479 215 3514 4
254 3461 534 3516 ἀναθεῖναι
559 3465 638 3527 είς
679 3462 916 3533 Δελφοὺς
938 3464 1170 3535 τρίποδα
1208 3463 1464 3536 χαλκοῦν,
1497 3463 1641 3519 οὕτω
1672 3465 1769 3536 δη-

192 3574 212 3606 (
253 3558 664 3628 μιουργήσαντα
705 3559 819 3619 τοῖς
861 3556 1080 3628 παχέως
1123 3573 1183 3610 τε
1249 3557 1610 3630 κρουομένου,
1645 3559 1773 3621 τούς

191 3669 212 3700 ι
251 3665 313 3701 τε
344 3648 530 3712 πόδας,
576 3648 662 3719 ἐφ’
709 3640 787 3702 ὧν
821 3647 1042 3727 βέϐηκε,
1102 3649 1196 3703 καὶ
1239 3650 1332 3703 τὸν
1374 3649 1488 3704 ἄνω
1527 3651 1772 3722 περικεί-

192 3759 212 3791 ‹
254 3758 436 3811 μενον,
469 3742 564 3794 καὶ
594 3742 694 3814 τὴν
721 3741 991 3814 στεφάνην
1029 3741 1126 3814 τὴν
1155 3743 1248 3796 ἐπὶ
1282 3743 1376 3796 τοῦ
1402 3743 1644 3816 λέϐητος,
1673 3746 1770 3800 καὶ

189 3851 212 3884 ε
249 3833 352 3896 τὰς
404 3833 629 3905 ῥάϐδους
667 3833 756 3888 διὰ
803 3834 968 3904 μέσου
1014 3833 1381 3906 τεταγμένας,
1436 3834 1767 3905 φθέγγεσθαι

191 3942 212 3974 ι
251 3924 420 3995 λύρας
453 3927 623 3996 φωνῇ.
658 3925 768 3979 Καὶ
795 3921 950 3989 αὖθις
980 3925 1187 3998 ἔτερος,
1216 3925 1324 3980 ἀπὸ
1352 3925 1593 3980 Γλαύκου
1624 3916 1767 3992 τινὸς

188 4036 212 4068 ‹
256 4016 505 4084 δόξαντός
545 4036 600 4072 τι
635 4017 793 4072 πλέον
825 4018 1178 4090 πεποιηκέναι
1202 4018 1454 4092 εἰρῆσθαι
1495 4019 1594 4092 τὴν
1628 4038 1768 4092 παρ-

189 4128 210 4160 (
252 4127 460 4180 οιμιαν.

265 4427 285 4460 ι
331 4408 492 4478 Ὁρᾷς
514 4407 645 4479 (89),
677 4409 824 4473 ὅπως
849 4409 912 4463 τὸ
937 4409 1194 4482 δυσχερὲς
1221 4411 1323 4482 τῆς
1346 4416 1642 4484 παροιμίας
1671 4417 1765 4469 καὶ

1890 549 1908 581 ς
1947 530 2349 587 immolabatur.

1959 641 1979 674 ‹
2014 622 2083 676 At
2119 621 2247 691 quid
2271 622 2374 678 hoc
2406 623 2505 678 sibi
2536 624 2671 690 vult,
2694 625 2902 698 inquiet
2923 629 3140 701 aliquis,
3166 631 3240 688 De
3258 651 3454 705 quercu

1891 732 1910 764 ι
1949 714 2074 768 satis
2091 714 2116 768 ?
2135 713 2250 768 Non
2278 724 2363 770 est
2393 714 2552 772 facile
2573 719 2744 772 cuivis
2764 721 2956 776 obvius
2984 721 3208 792 hujusce
3235 741 3453 797 prover-

1890 823 1908 855 ‹
1952 804 2042 869 bii.-
2072 820 2283 862 sensus.
2319 805 2492 863 Prisci
2532 808 2608 863 illi
2655 812 2948 879 quondam,
2993 824 3124 877 ante
3155 819 3453 888 agricultu-

1893 912 1910 944 ι
1959 910 2073 948 ram
2126 896 2497 964 adinventam,
2527 899 2815 970 glandibus
2862 906 3238 965 vescebantur.
3291 910 3451 968 Post-

1889 1006 1907 1037 ‹
1949 1003 2110 1056 quam
2163 1004 2294 1044 vero
2339 989 2522 1062 fruges
2596 993 2845 1064 deinceps
2909 998 3179 1067 prodiere,
3214 1004 3452 1062 animum

1891 1097 1909 1128 ι
1957 1078 2106 1134 hisce
2164 1081 2498 1150 applicantes
2551 1083 2801 1140 dixerunt
2852 1087 3135 1157 Oblectati,
3171 1091 3249 1148 De
3296 1111 3455 1164 quer-

1891 1193 1907 1222 ι
1951 1188 2017 1226 cu
2042 1173 2192 1226 satis.
2245 1173 2423 1244 Atque
2485 1176 2623 1231 hanc
2675 1179 2795 1234 esse
2849 1191 3082 1236 mentem
3130 1195 3186 1240 et
3235 1200 3452 1245 senten-

1891 1280 1908 1310 ι
1951 1262 2080 1316 tiam
2147 1266 2416 1334 proverbii
2485 1269 2789 1337 prodidere.
2865 1269 3097 1330 Necesse
3161 1291 3340 1337 autem
3398 1285 3454 1341 in

1891 1371 1909 1403 ι
1946 1357 2194 1423 praesenti
2251 1356 2550 1424 habemus,
2619 1361 2846 1416 alterius
2903 1364 3178 1434 cujusdam
3232 1388 3456 1442 prover-

1890 1465 1908 1498 ι
1949 1448 2018 1502 bii
2073 1449 2398 1505 mentionem
2442 1451 2622 1507 facere
2654 1494 2670 1519 ,
2717 1457 2859 1526 quod
2917 1457 2970 1512 in
3033 1461 3218 1518 multis
3275 1476 3332 1520 et
3378 1467 3457 1524 di-

1893 1558 1911 1589 ι
1951 1541 2122 1596 versis
2150 1544 2468 1600 auctoribus
2513 1545 2718 1602 Graecis
2772 1549 3108 1610 habetur:et
3133 1557 3263 1626 quid
3290 1561 3454 1618 etiam

1891 1649 1910 1682 ‹
1949 1633 2014 1687 de
2076 1633 2265 1689 eodem
2341 1636 2414 1690 illi
2485 1642 2763 1694 memoria:
2823 1645 3131 1712 prodidere.
3196 1649 3314 1707 Non
3385 1657 3457 1714 ob

1891 1741 1908 1772 ι
1948 1723 2108 1778 aliam
2133 1741 2374 1790 causam,
2411 1745 2571 1799 quam
2621 1742 2678 1786 ut
2727 1733 3000 1792 Asterium
3031 1743 3342 1799 convictum
3374 1757 3457 1803 tea

1890 1833 1910 1867 ι
1949 1831 2172 1873 neamus
2201 1836 2216 1872 :
2243 1820 2357 1890 qui,
2389 1836 2534 1889 cum,
2583 1838 2690 1892 qua
2719 1833 2804 1880 est
2847 1829 3154 1887 eruditione
3193 1837 3456 1904 praeditus

1892 1927 1911 1959 ε
1945 1910 2214 1978 saeculari,
2241 1914 2595 1981 proverbialis
2615 1920 2898 1976 sententiae
2923 1927 3292 1990 prastantiam
3327 1945 3452 1991 cum

1890 2017 1908 2050 σ
1947 2002 2137 2069 primis
2165 2002 2452 2075 intelligat,
2483 2007 2536 2060 in
2574 2012 2824 2078 praesenti
2859 2022 3040 2070 tamen
3075 2017 3220 2074 illius
3253 2038 3363 2092 prae
3392 2041 3453 2081 se

1889 2107 1908 2140 ‹
1949 2089 2054 2144 fert
2086 2093 2480 2164 ignorantiam,
2529 2107 2585 2151 ut
2616 2113 2714 2168 per
2743 2101 2869 2156 dicti
2908 2102 3050 2161 illius
3093 2089 3453 2177 proverbialis

1888 2199 1906 2232 ‹
1947 2197 2101 2236 usum
2127 2199 2282 2240 suam
2316 2185 2490 2255 ipsius
2511 2188 2845 2246 voluntatem
2884 2204 2940 2249 et
2962 2201 3287 2256 sententiam
3325 2219 3449 2272 pro-

1887 2292 1906 2324 (
1947 2273 2198 2330 babiliter
2223 2286 2472 2334 astruere
2491 2281 2760 2337 videatur.
2787 2282 2886 2341 Est
2910 2299 3088 2346 autem
3114 2291 3263 2360 illud,
3283 2292 3450 2352 Glau-

1887 2383 1906 2416 ι
1941 2366 1991 2419 ci
2013 2382 2103 2420 ars
2126 2407 2142 2433 ,
2173 2368 2326 2453 cujus
2353 2385 2478 2425 cum
2505 2375 2851 2432 meminerint
2883 2381 3083 2436 eruditi
3129 2387 3272 2454 apud
3299 2387 3448 2444 Gra-

1885 2475 1904 2508 ι
1939 2471 2034 2513 cos
2077 2459 2273 2526 multi,
2315 2462 2560 2518 diversas
2592 2466 2895 2524 retulerunt
2945 2471 3443 2544 interpretationes.

1887 2567 1906 2599 ι
1946 2554 2006 2613 >14
2034 2548 2135 2605 Est
2169 2553 2317 2607 enim
2339 2554 2432 2622 qui
2480 2555 2658 2622 docet,
2685 2557 2952 2617 Glaucum
2985 2565 3263 2624 exstitisse
3301 2575 3444 2631 artis

1885 2657 1905 2690 ι
1941 2638 2221 2708 cujusdam
2249 2643 2489 2700 maxime
2520 2647 2761 2704 omnium
2805 2651 3140 2714 admirandae
3175 2662 3445 2729 peritissi~

1885 2748 1904 2781 ι
1943 2746 2109 2800 mum,
2135 2748 2240 2788 una
2262 2749 2383 2790 cum
2411 2745 2530 2793 arte
2566 2754 2664 2795 sua
2693 2741 3002 2811 interiisse,
3030 2749 3168 2805 mari
3195 2753 3448 2812 submer-

1883 2841 1903 2874 ι
1939 2838 2056 2879 sum
2079 2863 2097 2889 ,
2125 2824 2258 2880 nulli
2283 2841 2510 2896 prorsus
2538 2830 2753 2902 imperti
2764 2834 3082 2906 ta'ejusdem
3114 2845 3443 2914 cognitione.

1866 2923 1904 2968 ἰ
1935 2915 2088 2973 Alius
2108 2919 2498 2987 peritissimum
2528 2923 2762 2979 musices
2795 2926 3068 2984 exstitisse
3097 2931 3283 3000 docet,
3304 2946 3359 2992 et
3377 2942 3446 2996 ab

1883 3027 1902 3060 ι
1940 3022 2006 3066 eo
2045 3009 2226 3066 discos
2277 3025 2447 3068 aereos
2475 3024 2710 3082 quatuor
2735 3015 2942 3075 aﬂ‘abre
2973 3027 3328 3096 compositos,
3389 3042 3449 3088 ut

1882 3119 1902 3153 ‹
1940 3101 2135 3172 pulsati
2188 3103 2479 3173 quamdam
2532 3107 2908 3178 symphoniam
2962 3129 3098 3172 sono
3159 3133 3449 3179 numeroso

1881 3212 1900 3244 ι
1937 3195 2202 3255 ederent:
2263 3204 2429 3267 atque
2496 3198 2624 3255 hinc
2695 3204 3039 3270 proverbium
3102 3223 3442 3283 usurpatum.

1881 3303 1900 3336 ι
1938 3283 2200 3353 Tertius,
2257 3289 2400 3343 inter
2470 3289 2614 3346 dona
2673 3290 2947 3366 Halyattis
3015 3297 3154 3371 Lydi
3221 3303 3447 3377 Delphis

1879 3395 1897 3428 ι
1937 3377 2180 3433 oblatum
2206 3419 2221 3443 ,
2267 3385 2323 3434 et
2362 3380 2599 3439 mirandi
2641 3387 2822 3454 operis
2878 3389 3196 3448 subcratera
3253 3412 3442 3466 quem-

1879 3488 1898 3521 ί
1935 3471 2080 3536 dam,
2147 3469 2336 3527 Glauci
2405 3473 2525 3528 Chii
2609 3491 2768 3546 opus.
2828 3480 3112 3549 Quartus,
3174 3485 3438 3547 Glaucum

1881 3578 1898 3611 ι
1936 3561 2110 3630 ipsum
2151 3563 2370 3634 Delphis
2399 3566 2666 3625 obtulisse
2692 3581 2882 3626 narrat
2907 3589 3112 3632 aeneam
3145 3579 3436 3650 tripodem,

1877 3671 1897 3704 ι
1935 3653 2011 3707 ita
2033 3652 2387 3711 fabrefactam
2411 3697 2427 3724 ,
2467 3669 2526 3714 ut
2567 3660 2740 3732 siquis
2778 3666 3104 3725 crassiorem
3134 3672 3187 3726 in
3219 3675 3438 3732 modum

1875 3763 1894 3795 ι
1929 3747 2174 3801 eamdem
2222 3748 2484 3817 pulsaret,
2525 3752 2610 3807 vel
2662 3756 2827 3824 pedes
2860 3758 2913 3814 in
2967 3761 3166 3830 quibus
3217 3769 3438 3838 stabat,

1875 3857 1894 3890 ‹
1929 3839 2010 3894 vel
2033 3841 2176 3909 quod
2217 3856 2432 3898 sursum
2483 3856 2604 3901 erat
2640 3849 3044 3920 redimiculum,
3073 3857 3156 3912 vel
3183 3874 3439 3920 coronam

1874 3948 1894 3982 ‹
1927 3930 2085 3986 lebeti
2120 3933 2546 3992 eireumductam
2576 3977 2592 4002 ,
2644 3950 2739 3995 aut
2787 3941 3030 4014 virgulas
3081 3964 3179 4019 per
3203 3956 3440 4012 medium

1873 4040 1894 4074 ε
1927 4038 2050 4080 sese
2095 4026 2488 4096 distendentes,
2545 4030 2674 4103 lyra:
2749 4049 2940 4092 sonum
2998 4054 3439 4112 repraesentant.

1871 4131 1892 4164 ι
1929 4115 2082 4170 Alius
2112 4127 2389 4187 posuemo
2416 4123 2768 4190 proverbium
2796 4127 3075 4186 existimat
3112 4139 3386 4206 usurpari,
3410 4156 3440 4195 a

1871 4223 1890 4252 ε
1924 4203 2132 4260 Glauco
2176 4208 2410 4276 quodam
2449 4210 2740 4266 deductum
2761 4251 2779 4280 ,
2810 4216 2903 4284 qui
2953 4217 3183 4275 scientia
3214 4203 3442 4283 caeteros

1869 4313 1888 4344 ‹
1925 4297 2305 4353 antecellebat.

1942 4430 1961 4461 ι
2006 4411 2209 4466 Videtis
2235 4423 2413 4468 autem
2449 4418 2861 4484 proverbiorum
2888 4420 3259 4482 difﬁcultatem
3281 4429 3437 4485 exin-

154 4519 209 4581 ,ι
241 4499 334 4557 διὰ
364 4501 555 4554 τούτου
597 4501 898 4567 δείκνυται,
929 4502 1017 4556 διὰ
1043 4501 1138 4556 τοῦ
1177 4503 1310 4574 μηδὲ
1353 4504 1446 4557 ἐπὶ
1471 4506 1570 4575 τῆς
1597 4507 1765 4578 αὐτῆς

1883 4519 1892 4551 ι
1931 4501 1998 4554 de
2030 4501 2166 4556 satis
2189 4502 2445 4569 pateﬁeri
2475 4544 2491 4566 ,
2531 4508 2678 4574 quod
2725 4524 3067 4581 nequaquam
3115 4515 3440 4586 interpretes

189 4612 210 4645 ι
252 4594 546 4665 ἑρμηνείας
573 4593 763 4664 στῆναι
805 4595 931 4657 τοὺς
965 4594 1063 4664 τὴν
1110 4595 1408 4665 παροιμίαν
1443 4597 1643 4668 ταύτην
1678 4601 1765 4666 ὲξ-

183 4703 209 4738 ‹
231 4683 540 4756 ηγήσασθαι
562 4684 934 4755 βουληθέντας.
949 4683 1104 4737 Οῦτω
1119 4683 1447 4755 δυσεύρητόν
1462 4702 1514 4738 τι
1533 4687 1764 4758 πρᾶγμα

185 4794 208 4827 ι
245 4775 309 4829 τὸ
333 4776 434 4845 τῆς
459 4774 754 4847 παροιμίας
777 4773 871 4827 καὶ
895 4773 1043 4844 παρὰ
1070 4775 1182 4835 τοῖς
1215 4772 1410 4837 ἔξωθεν
1433 4769 1571 4829 εἶναι
1594 4776 1758 4830 δοκεῖ.

185 4887 208 4920 ς
250 4867 343 4922 Διὸ
367 4868 460 4921 καί
483 4885 566 4930 τις
591 4867 698 4920 τῶν
728 4866 860 4936 παρ’
884 4867 1067 4928 αὐτοῖς
1095 4864 1293 4934 σοφῶν,
1324 4866 1642 4936 συναγαγὼν
1667 4869 1765 4933 τὰς

257 5046 319 5104 >14
353 5034 450 5092 Ed.
485 5032 682 5098 Paris,
715 5047 836 5101 pag.
861 5031 946 5086 l6.

175 5194 490 5264 eruditum;
533 5202 683 5264 recte
713 5210 727 5246 :
752 5199 868 5247 erat
913 5192 1059 5264 enim
1100 5192 1348 5264 sophista
1388 5194 1748 5264 professione,

175 5277 234 5323 et
266 5273 397 5319 ante
420 5261 930 5334 _(_3hristianismum,
957 5263 1137 5317 ludum
1174 5261 1225 5315 in
1246 5261 1580 5333 Cappadocia
1620 5279 1751 5334 ape-

175 5343 387 5392 ruerat.
419 5331 578 5386 M.—
598 5333 796 5405 Addidi
821 5346 885 5386 ex
917 5334 1072 5405 codd.
1111 5331 1404 5405 μάχαιραν,
1429 5335 1568 5389 unde
1592 5331 1752 5402 supra

174 5405 297 5488 λέγ.
315 5405 425 5479 γάρ
442 5405 558 5459 loco
577 5403 712 5475 φασὶ
732 5403 841 5476 γάρ
857 5404 1070 5476 scripsi,
1087 5403 1224 5458 ειτά
1243 5403 1365 5459 ante
1388 5405 1553 5459 τέκνα
1569 5420 1752 5460 arces-

175 5494 574 5618 uv(§8)Vulgo
624 5547 940 5619 ἀναγκαίως
995 5556 1049 5599 et
1099 5562 1222 5601 mox
1268 5564 1508 5619 παρασκ.
1564 5559 1750 5602 contra

176 5621 338 5673 codd.
375 5618 647 5671 Posterius
669 5620 774 5671 iam
805 5618 909 5687 Mp.
951 5632 1095 5670 corr.

251 5688 390 5758 (88')
426 5687 532 5755 Mp.
580 5705 695 5759 γρ,
725 5689 928 5759 ἐκείνῃ.
977 5687 1098 5759 Mox
1126 5687 1287 5758 vulgo
1311 5705 1414 5741 που
1443 5688 1752 5743 διαδεδωκό-

174 5757 272 5821 τος
320 5768 508 5810 contra
563 5757 722 5812 codd.
778 5757 990 5827 (μήπω
1017 5757 1341 5812 διακ.‹ἰὲιηι.
1393 5759 1560 5813 Porro
1615 5764 1752 5813 male

176 5829 340 5901 vulgo
362 5827 573 5900 ἀκρῶν,
594 5830 737 5898 quod
755 5843 822 5883 ex
853 5830 975 5884 cod.
1006 5829 1244 5906 correxi,
1267 5845 1333 5886 ex
1355 5844 1460 5900 quo
1482 5830 1600 5886 dein
1623 5830 1753 5900 χαλ-

466 5947 739 6006 ΡΑτςιοῐ..
771 5948 888 6006 Uu.
927 5944 1157 6006 XXIV.

1875 4612 1894 4643 ι
1937 4592 2096 4662 hujus
2123 4596 2281 4650 unius
2303 4597 2579 4666 proverbii
2617 4601 2759 4654 inter
2800 4618 2860 4658 se
2901 4605 2953 4656 in
2984 4605 3172 4660 eadem
3219 4613 3440 4680 exposi-

1874 4703 1892 4736 ι
1933 4686 2087 4741 tione
2119 4690 2484 4744 consentiant.
2517 4689 2668 4747 Adeo
2703 4707 2789 4746 res
2817 4706 2934 4748 erat
2959 4696 3047 4750 illa
3084 4697 3440 4758 inextricabi-

1873 4799 1892 4832 ι
1928 4781 1996 4836 lis
2026 4782 2209 4838 habita
2237 4784 2380 4854 apud
2409 4796 2648 4841 exteros.
2676 4785 2945 4852 Quocirca
2985 4794 3123 4847 inter
3163 4810 3258 4850 eos
3297 4813 3438 4852 unus

1869 4893 1895 4926 ‹
1933 4876 2199 4947 sapientia
2235 4879 2618 4936 etteruditione
2644 4892 2935 4950 praestans,
2977 4887 3029 4938 in
3076 4903 3240 4940 unum
3271 4890 3436 4944 colle-

1857 5191 1987 5271 κοῦς
2020 5208 2116 5261 pro
2145 5193 2342 5263 χαλκοῦ
2370 5202 2424 5248 et
2455 5196 2590 5267 πρός
2635 5212 2733 5266 pro
2765 5197 2872 5267 πρό
2900 5206 2953 5253 et
2990 5214 3043 5250 τι
3074 5213 3173 5269 pro
3205 5216 3289 5265 τις
3317 5212 3433 5271 posi

1934 5332 2044 5403 (89)
2070 5333 2265 5406 Ὁρᾷς,
2287 5336 2447 5402 ὅπως
2464 5336 2530 5389 τὸ
2551 5337 2864 5406 δυσχερές.
2896 5337 3018 5394 Rrec
3035 5340 3104 5396 de
3117 5341 3434 5405 difﬁcultate

1861 5404 2278 5478 P‘roverbiorum
2309 5423 2340 5460 a
2367 5423 2452 5461 me
2477 5408 2608 5462 olim
2664 5404 2884 5478 {recepta
2915 5411 2998 5463 vir
3038 5413 3222 5469 multis
3257 5404 3436 5474 nornis»

1861 5475 2022 5546 nibus
2068 5476 2424 5539 clarissimus,
2455 5478 2700 5532 Andreas
2748 5475 3030 5546 sebottus,
3065 5481 3292 5540 inseruit
3319 5502 3434 5544 sua:

1858 5545 2194 5623 praefationi,
2229 5556 2354 5601 ante
2402 5546 2696 5623 Proverbia
2725 5548 2969 5623 Zenobii,
3011 5545 3350 5623 Diogeniani,
3376 5571 3434 5616 et

1858 5617 2108 5690 aliorum.
2141 5618 2293 5690 Sunt_
2328 5629 2506 5671 autem
2566 5619 2664 5672 ista
2694 5621 2898 5682 omnia,
2931 5638 3036 5674 non
3065 5617 3303 5690 Eusebii,
3335 5617 3432 5685 sed

1859 5687 2098 5741 Marcelli
2149 5690 2218 5742 ab
2254 5687 2486 5743 Eusebio
2531 5691 2746 5758 quidem
2777 5691 2940 5744 relata
2969 5709 2981 5742 :
3007 5707 3246 5750 erratum
3287 5687 3368 5754 est
3398 5718 3428 5755 a

1859 5773 1964 5820 me,
1984 5761 2073 5826 qui
2100 5759 2173 5810 illi
2195 5760 2401 5824 optimo
2431 5760 2548 5813 viro
2575 5759 2813 5816 miserim
2849 5772 2906 5816 ut
2936 5763 3259 5822 Eusebiana.
3281 5768 3333 5825 M
3359 5795 3429 5812 -ι-

1858 5827 1989 5882 Dein
2026 5829 2183 5900 vulgo
2208 5828 2295 5882 διὰ
2325 5829 2404 5886 τό.

3073 5947 3152 6006 24
