3836 6216
437 352 538 411 747

1140 339 1407 399 EUSEBII
1445 339 1922 398 CESARIENSIS
1951 337 2100 393 OPP.
2141 338 2320 394 PARS
2348 335 2437 392 IV.
2469 366 2539 378 --
2565 333 2989 391 DOGMATICA.

3576 337 3687 390 743

443 485 460 517 ι
495 464 598 520 etis
633 459 819 517 multis
864 457 1136 525 variisque
1175 457 1512 526 proverbiis,
1545 457 1598 510 in
1631 459 1817 512 eadem
1848 469 2007 508 eom-

2120 471 2132 504 ι
2173 453 2274 506 ὑπὸ
2294 451 2503 505 πολλῶν
2524 451 2618 504 καὶ
2639 448 2910 519 διαφόρως
2931 447 3213 518 λεχθείσας
3249 447 3567 519 παροιμίας,
3606 448 3686 510 εἰς

441 574 460 607 ι
499 560 770 607 mentatus
817 557 940 616 est;
985 547 1196 602 duobus
1245 547 1401 601 libris
1461 547 1711 612 metrica,
1770 556 2005 616 quatuor

440 665 460 698 ι
492 660 621 701 vero
638 641 874 698 numeris
894 641 1067 695 soluta
1096 639 1380 711 proverbia
1405 639 1698 710 explicans.
1713 637 2008 694 Parmmias

439 755 459 789 ι
492 745 672 790 autem
717 732 947 803 gentiles
971 773 986 797 ,
1025 733 1290 786 sententia
1332 731 1550 802 quidem
1579 746 1717 796 mea,
1771 731 1841 785 ob
1886 743 2006 784 eam

439 847 458 880 ι
496 839 716 882 causam
740 829 852 878 hau:
881 825 993 892 ipsa
1027 824 1405 890 nominarunt,
1434 823 1577 892 quod
1614 823 2003 892 sapientissimi

439 937 459 971 ι
501 916 812 974 Salomonis
859 915 1152 969 Proverbia
1206 914 1447 984 legerant
1490 924 1547 969 ct
1606 913 2004 979 intellexerant,

439 1026 460 1060 ε
499 1023 605 1062 non
639 1021 760 1062 esse
795 1019 907 1059 rem
938 1005 1109 1059 cuivis
1139 1004 1356 1059 obviam
1386 1007 1452 1059 de
1481 1003 1655 1074 prima
1686 1002 1825 1059 facie
1854 1020 1998 1059 com-

441 1120 459 1152 ι
499 1100 836 1169 prehendere
853 1097 1066 1150 illorum
1090 1111 1305 1152 sensum
1327 1110 1342 1149 :
1363 1096 1562 1151 vellent
1580 1106 1760 1152 autem
1781 1097 2003 1164 imitari,

441 1212 459 1243 ι
498 1201 662 1262 atque
705 1191 778 1246 ita
831 1190 1046 1245 fuerant
1090 1190 1282 1244 imitati
1327 1190 1698 1260 propheticam
1735 1191 2005 1246 scribendi

443 1301 462 1333 ι
502 1281 974 1338 consuetudinem.
1004 1281 1249 1349 Cumque
1295 1295 1491 1336 nomen
1537 1280 1740 1336 nullum
1788 1291 2009 1351 possent

442 1394 461 1428 ι
500 1375 679 1446 aptius
737 1382 832 1428 aut
893 1373 1304 1428 convenientius
1366 1374 1647 1442 invenire,
1713 1374 2006 1430 Proverbia

443 1487 462 1520 ι
499 1482 656 1522 suum
693 1481 829 1536 opus
881 1466 1260 1538 indigitarunt.
1317 1486 1336 1518 ι

506 1560 682 1627 Atque
721 1559 792 1610 ita
828 1559 892 1612 ad
920 1557 1061 1612 hunc
1090 1561 1308 1612 modum
1343 1556 1630 1614 Marcellus
1651 1568 1884 1614 conatur
1911 1558 2009 1614 Ec-

437 1649 658 1706 clesiam
679 1649 773 1703 Dei
788 1648 1189 1719 Scripturarum
1218 1649 1628 1719 intelligentiam
1653 1653 1878 1706 docere:
1896 1650 2010 1705 lon-

436 1757 561 1813 gam
601 1755 734 1796 vero
763 1741 920 1794 istam
943 1750 999 1796 et
1042 1741 1278 1811 ineptam
1316 1743 1452 1796 adeo
1487 1755 1802 1797 sermonum
1839 1743 2009 1812 ipsius

435 1843 493 1890 et
525 1831 851 1904 superﬂuam
875 1833 1070 1888 seriem
1104 1834 1242 1902 ideo;
1265 1833 1437 1887 visum
1473 1841 1554 1888 est
1605 1843 1921 1898 contexere,
1949 1845 2005 1890 ut

436 1925 731 1980 amentiam
759 1924 996 1978 hominis
1010 1923 1350 1979 manifestam
1379 1925 1625 1989 reddere,
1651 1925 2002 1994 multiplicem

436 2031 654 2087 quoque
679 2025 735 2072 et
773 2017 1207 2086 intempestivam
1246 2018 1540 2073 vanitatem
1586 2033 1800 2088 possem
1826 2058 1844 2084 ,
1898 2033 2007 2086 qua

437 2111 630 2174 utitur,
658 2109 793 2164 satis
813 2109 1030 2177 quidem
1063 2123 1186 2162 cum
1223 2124 1415 2178 pompa
1443 2148 1459 2174 ,
1494 2110 1635 2180 quod
1689 2110 2006 2165 saecularem

437 2201 635 2256 attinet
667 2201 1033 2256 eruditionem
1057 2218 1070 2266 ;
1103 2202 1249 2269 quod
1276 2201 1586 2271 Scripturas
1615 2211 1797 2257 autem
1824 2216 2008 2257 sacras

436 2291 963 2362 concernit,jejune.
985 2292 1137 2358 Quod
1165 2293 1209 2347 si
1243 2308 1454 2349 memor
1477 2294 1672 2350 fuisset
1700 2294 2009 2366 apostolicae

436 2383 868 2450 admonitionis,
920 2385 988 2437 ad
1017 2383 1161 2440 hanc
1212 2393 1418 2439 tantum
1467 2385 1740 2455 proiectus
1797 2387 2008 2440 vanita—

437 2486 547 2534 tem
580 2515 598 2540 ,
654 2489 998 2546 nequaquam
1065 2476 1390 2544 procidisset
1437 2491 1453 2531 :
1511 2479 1703 2534 suadet
1760 2487 1942 2533 autem
1992 2517 2008 2542 ,

437 2577 498 2622 ut
550 2567 698 2637 loqui
747 2567 974 2621 velimus
998 2608 1013 2631 ,
1054 2581 1174 2636 quae
1211 2577 1337 2622 sunt
1376 2569 1531 2623 nobis
1567 2569 1968 2622 communicata
1993 2609 2007 2631 ,

441 2666 501 2724 ’Β
547 2674 652 2714 non
703 2659 760 2712 in
801 2657 1122 2712 docibilibus
1181 2658 1427 2714 humana:
1484 2660 1760 2727 sapientia:
1807 2659 2008 2723 verbis,

416 2751 528 2807 sed
565 2752 620 2806 in
652 2752 726 2805 iis
759 2767 876 2820 qua:
909 2767 941 2804 a
976 2748 1182 2820 Spiritu
1210 2748 1387 2804 doceri
1413 2748 1604 2812 solent,
1639 2750 1693 2803 in
1723 2749 1927 2820 Spiritu
1960 2760 2010 2803 et

439 2860 560 2898 cum
593 2841 956 2912 spiritualibus
979 2838 1629 2896 discernendo“.Minime
1640 2851 1858 2908 quoque
1874 2839 2014 2908 cepit

437 2938 579 3007 quod
609 2937 869 3006 scriptum
899 2945 984 2990 est
1010 2953 1024 2989 :
1053 2933 1311 2988 Animalia
1333 2935 1486 2988 homo
1517 2949 1620 2988 non
1651 2934 1869 3002 percipit
1896 2947 2013 3002 quw

2115 565 2133 596 ι
2175 546 2343 608 αὑτὰς
2371 545 2645 616 γέγραφεν
2671 543 2729 610 ἒξ
2755 542 2864 612 (90)
2885 541 3083 612 βιϐλίαο
3120 541 3213 594 δύο
3245 541 3343 610 μὲν
3375 541 3482 592 τῶν
3515 540 3672 609 ἐμμέ-

2114 657 2133 688 ‹
2174 655 2339 709 τρων,
2366 638 2474 690 τῶν
2501 636 2560 690 δὲ
2588 637 2842 707 ἀμέτρων
2868 635 3130 706 τέσσαρα.
3163 632 3376 696 Ταύτας
3405 632 3462 685 δὲ
3495 650 3677 702 παροι-

2116 752 2134 781 ι
2179 733 2306 802 μίας
2346 731 2636 802 ὠνόμασαν
2677 731 2728 783 οἱ
2774 729 2969 796 ἔξωθεν
3005 728 3072 782 δι’
3111 727 3262 780 οὐδὲν
3304 726 3515 798 ἕτερον,
3564 725 3686 794 ἐμοὶ

2115 844 2133 876 ι
2168 824 2363 888 δοκεῖν,
2398 824 2511 876 ἀλλ’
2556 822 2742 894 ἐπειδὴ
2769 824 2888 884 ταῖς
2914 819 3007 873 τοῦ
3037 819 3346 888 σοφωτάτου
3373 816 3688 887 Σολομῶνος

2117 937 2132 966 ς
2174 916 2500 987 Παροιμίαις
2531 915 2860 985 ἐντυχόντες.
2893 912 2986 965 καὶ
3017 911 3234 980 γνόντες
3280 909 3348 962 δι’
3377 908 3577 971 αὐτῶν,
3607 908 3690 960 ὅτι

2119 1030 2134 1059 ι
2171 1008 2323 1062 οὐδέν
2353 1010 2500 1061 ἐστιν
2526 1009 2589 1060 ὲκ
2616 1007 2710 1060 τοῦ
2740 1007 3030 1077 προχείρου
3064 1004 3249 1072 σαφῶς
3271 1002 3380 1056 τῶν
3407 1006 3467 1056 έν
3496 1003 3690 1065 αὑταῖς

2117 1121 2133 1151 ι
2171 1101 2473 1172 εἰρημένων
2508 1099 2717 1171 μαθεῖν,
2752 1099 2845 1151 xui
2873 1098 3027 1151 αὐτοὶ
3054 1097 3288 1166 ζηλῶσαι
3331 1095 3392 1148 τὸ
3424 1112 3693 1164 προφητι-

2117 1216 2134 1245 ‹
2175 1194 2268 1247 κὸν
2295 1191 2643 1263 βουληθέντες
2672 1190 2926 1262 γράμμα,
2963 1189 3052 1242 τὸν
3083 1188 3242 1241 αὐτὸν
3268 1188 3459 1257 ἐκείνῳ
3488 1188 3694 1255 γεγρὰ-

2117 1305 2134 1337 ι
2172 1302 2303 1354 φασι
2327 1284 2545 1356 τρόπον.
2581 1281 2732 1348 Εἶτα,
2768 1283 2844 1346 ὼς
2875 1281 3040 1354 μηδὲν
3073 1281 3258 1352 ἓτερον
3291 1279 3460 1349 ὅνομα
3485 1277 3692 1349 κυριώ-

2117 1399 2134 1430 ι
2169 1395 2328 1450 τερον
2374 1377 2582 1430 ἐκείνου
2632 1375 2918 1445 ἐπινοῆσαι
2965 1372 3300 1444 δυνηθέντες,
3343 1372 3437 1424 καὶ
3479 1369 3694 1432 ταύτας

2116 1490 2134 1522 ι
2176 1469 2480 1541 Παροιμίας
2513 1468 2820 1538 ὠνόμασαν.
2852 1485 2871 1518 ›

2179 1563 2278 1617 Διὰ
2309 1561 2563 1616 τοιούτων
2591 1558 2908 1631 Μάρκελλος
2942 1555 3297 1630 παραθέσεων
3323 1555 3422 1628 τὴν
3464 1553 3696 1624 Ἐκκλη-

2113 1656 2233 1710 σίαν
2259 1654 2355 1708 τοῦ
2387 1653 2522 1707 Θεοῦ
2555 1652 2825 1708 διδάσκειν
2853 1649 2950 1714 τὰς
2979 1647 3367 1710 θεοπνεύστους
3393 1649 3533 1700 νοεῖν
3567 1663 3694 1698 πει-

2114 1750 2272 1820 ρᾶται
2298 1747 2554 1820 Γραφάς.-
2578 1745 2748 1816 Ὅλην
2793 1743 2850 1798 δὲ
2886 1741 3090 1811 ταύτην
3119 1739 3437 1812 παρεθέμην
3469 1737 3568 1808 τὴν
3599 1754 3698 1807 μα-

2109 1816 2248 1910 κρὰν
2277 1816 2370 1892 xui
2401 1816 2686 1907 άδόλὲσχον
2720 1833 3146 1906 περιττολογίαν,
3171 1831 3337 1898 δεῖξαι
3367 1830 3694 1900 βουλόμενος

2107 1925 2271 1982 αὑτοῦ
2298 1926 2396 1997 τὴν
2424 1924 2608 1978 ἄνοιαν
2629 1925 2727 1995 τῆς
2755 1923 2954 1993 πολλῆς
2979 1923 3073 1975 καὶ
3099 1921 3328 1992 ἀκαίρου
3352 1921 3693 1990 φιλοτιμίας,

2108 2015 2431 2094 ᾖκέχρηται
2463 2019 2492 2070 ὁ
2525 2017 2685 2090 ἀνὴρ,
2719 2015 2828 2068 τῶν
2867 2015 2965 2085 μὲν
3005 2013 3332 2085 Ἑλληνικῶν
3371 2012 3546 2081 λόγων
3571 2013 3697 2064 ἑπι-

2107 2110 2412 2173 δεικτικῶς,
2441 2109 2546 2162 τῶν
2573 2108 2631 2160 δὲ
2662 2106 2821 2160 θείων
2850 2105 3196 2178 ἀμνημόνως.
3225 2105 3298 2157 Οὐ
3321 2102 3430 2174 γὰρ
3464 2105 3530 2158 ἄν
3562 2121 3696 2156 ποτε

2109 2199 2189 2261 είς
2215 2197 2483 2268 τοσαύτην
2513 2195 2772 2261 ἐξέπιπτε
2796 2194 3083 2268 φλυαρίαν,
3113 2196 3160 2247 εἰ
3183 2192 3290 2247 τῶν
3317 2192 3698 2246 ἁποστολικῶν

2111 2289 2387 2360 ἐμέμνητο
2436 2287 2934 2359 παραγγελμάτων,
2993 2286 3060 2339 δι’
3109 2278 3184 2338 ὧν
3242 2287 3501 2355 παραινεῖ
3556 2285 3699 2356 χρῆ-

2109 2401 2216 2446 ναι,
2269 2381 2339 2436 τὰ
2393 2381 2498 2434 ὑπὸ
2551 2380 2644 2434 τοῦ
2701 2378 2837 2433 Θεοῦ
2897 2378 3224 2450 χαρισθέντα
3281 2379 3409 2448 ἡμῖν
3462 2376 3650 2429 λαλεῖν
3680 2415 3696 2438 ,

2109 2478 2219 2530 οὐκ
2238 2475 2307 2528 ἐν
2334 2471 2635 2540 διδακτοῖς
2656 2471 3033 2540 ἀνθρωπίνης
3063 2469 3282 2538 σοφίας
3301 2469 3527 2536 λόγοις,
3556 2467 3697 2520 ἀλλ’

2109 2567 2178 2619 ἐν
2191 2564 2492 2630 διδακτοῖς
2506 2565 2874 2632 Πνεύματος,
2892 2559 3259 2629 πνευματικὰ
3276 2557 3702 2627 πνευματικοῖς

2111 2656 2567 2728 συγκρίνοντας.
2593 2655 2728 2707 Οὐδὲ
2758 2655 2957 2725 νοήσας
2980 2653 3127 2715 ὅπως
3156 2651 3347 2723 ἐλέχθη
3387 2651 3468 2713 τὸ,
3505 2653 3562 2703 Ψ
3562 2669 3702 2719 υχι-

2111 2742 2219 2810 κός
2251 2742 2559 2811 ἅνθρωπος
2607 2744 2679 2795 οὐ
2718 2741 2953 2811 δέχεται
2982 2740 3053 2794 τὰ
3083 2740 3189 2794 τοῦ
3213 2741 3559 2810 Πνεύματος
3590 2741 3701 2794 τοῦ

2115 2836 2282 2891 Θεοῦ.
2317 2837 2520 2904 Μωρία
2540 2834 2650 2905 γὰρ
2672 2833 2832 2899 αὐτῷ
2849 2835 3002 2888 ἐστι⁸
3031 2833 3128 2886 καὶ
3157 2833 3228 2887 οὐ
3265 2831 3515 2887 δύναται
3546 2832 3704 2903 γνῶ-

2112 2945 2245 2992 ναι,
2293 2927 2384 2980 ὅτι
2440 2925 2849 2995 πνευματικῶς
2913 2926 3316 2994 ἀνακρίνεται.
3394 2924 3581 2979 Ταῦτα
3645 2925 3705 2978 δὲ

437 3042 558 3085 sunt
588 3028 816 3097 Spiritus
839 3027 952 3083 Dei.
981 3026 1222 3082 Stultitia
1252 3026 1442 3095 quippe
1467 3025 1572 3093 ipsi
1595 3034 1713 3077 sunt
1735 3037 1752 3075 :
1773 3032 1821 3077 et
1840 3023 2007 3091 nequit

2120 3019 2404 3089 ἀγνοήσας,
2465 3019 2590 3081 τοὺς
2653 3016 2916 3087 Ἑλλήνων
2971 3017 3169 3084 σοφοὺς
3216 3015 3453 3069 ὑπέλαϐε
3497 3015 3708 3086 γνῶσιν

438 3121 535 3174 illa
568 3119 876 3188 intelligere,
921 3129 1193 3187 propterea
1235 3116 1377 3185 quod
1430 3115 1808 3170 discernuntur
1857 3119 2007 3182 spiri-

2120 3112 2406 3183 ἐσχηκέναι
2442 3111 2541 3182 τῆς
2576 3111 2681 3165 ὑπὸ
2701 3109 2794 3163 τοῦ
2829 3109 2964 3162 Θεοῦ
2997 3108 3074 3180 τῷ
3115 3110 3389 3181 Σολομῶνι
3419 3110 3706 3180 χαρισθεί-

440 3211 655 3264 tualiter
675 3208 762 3262 δι’.
815 3208 937 3262 Haec
967 3223 1088 3261 cum
1148 3210 1425 3274 ignoraret
1463 3206 1573 3270 ille,
1605 3205 1816 3275 putavit
1865 3218 2007 3260 certe

2120 3217 2217 3269 σης
2243 3198 2434 3268 σοφίας
2457 3238 2472 3262 ,
2504 3198 2598 3252 xui
2625 3199 2850 3267 γνόντας
2881 3197 3121 3270 ζηλῶσαι
3156 3199 3215 3252 τὸ
3242 3201 3598 3271 προφητικὸν,
3628 3201 3707 3264 ὼς

437 3301 750 3356 (ἱναεοοτυιη
783 3299 1057 3369 sapientes
1095 3298 1367 3369 cognitam
1401 3297 1659 3352 habuisse
1689 3297 2009 3366 sapientiam

439 3388 608 3455 Illam,
640 3405 799 3459 quam
831 3391 969 3444 Deus
1002 3389 1283 3444 Salomoni
1328 3388 1700 3458 itnpertiverat
1733 3407 1745 3440 :
1784 3399 1837 3442 et
1865 3388 2011 3456 quod

439 3481 708 3550 cOgnitatn
749 3481 1020 3535 haberent
1051 3479 1219 3542 illam,
1250 3479 1624 3550 propheticam
1665 3480 2009 3548 scripturam,

439 3581 497 3626 ut
534 3572 709 3644 inquit
745 3573 857 3636 ille,
889 3573 1150 3627 imitatos.
1175 3571 1292 3638 Quo
1322 3587 1453 3627 vero
1478 3581 1637 3641 pacto
1672 3571 1786 3626 ﬁeri
1816 3573 2008 3641 potuit,

437 3675 498 3720 ut
532 3666 795 3720 animales
862 3665 1107 3719 homines
1153 3664 1228 3718 illi
1281 3664 1462 3718 divina
1513 3675 1908 3734 cognoscerent
1959 3673 2013 3719 et

437 3755 675 3810 annulati
701 3763 908 3818 essent,
937 3769 1059 3808 cum
1093 3753 1392 3823 spiritualia
1419 3754 1778 3823 spiritualiter
1810 3755 2012 3810 discer-

437 3861 592 3902 nere
623 3848 929 3915 nequirent,
976 3856 1032 3900 et
1081 3847 1147 3900 ab
1183 3846 1444 3916 Apostolo
1512 3848 1782 3902 sancitum
1845 3859 2009 3915 esset,

439 3937 734 3992 Animalent
787 3937 1046 3990 hominem
1076 3953 1178 3990 non
1222 3953 1408 4006 capere
1463 3955 1580 4008 quia
1621 3950 1742 3993 sunt
1781 3939 2011 4010 Spiritus

438 4029 579 4094 Dei;
630 4039 684 4084 et
711 4030 887 4083 adhuc
917 4027 986 4081 ab
1019 4027 1207 4081 eodem
1234 4037 1524 4095 statuatur,
1583 4030 1879 4084 Animalem
1906 4048 2011 4086 non

437 4135 590 4190 posse
640 4120 942 4188 spiritualia
981 4119 1298 4187 intelligere,
1351 4135 1412 4173 eo
1467 4122 1608 4191 quod
1661 4122 2012 4192 spiritualiter

437 4213 847 4268 discernantur?
869 4213 952 4266 Ad
977 4213 1290 4282 oppositum
1343 4228 1470 4268 vero
1511 4213 1768 4283 Apostolo
1807 4216 1894 4270 hic
1929 4215 2012 4268 vir

436 4304 690 4375 egregius
731 4303 808 4358 ait
837 4303 1192 4359 :Graecorum
1237 4304 1561 4360 collectores
1598 4308 2008 4374 proverbiorum

436 4394 782 4452 eti-eumdem
830 4394 1048 4449 modum
1083 4394 1390 4463 scripsisse,
1421 4410 1527 4464 quo
1563 4396 1838 4452 Salomon.
1873 4397 2009 4454 Ver-

2115 3295 2276 3358 αὑτός
2305 3313 2456 3365 φησι,
2483 3297 2736 3367 γράμμα.
2765 3296 2876 3350 Καὶ
2909 3297 3025 3361 πῶς
3046 3292 3148 3351 οἷοί
3169 3299 3216 3351 τ’
3234 3294 3369 3369 ἦσαν
3398 3298 3610 3366 γνῶναι
3638 3298 3707 3351 τὰ

2117 3388 2234 3440 θεῖα
2273 3390 2366 3442 καὶ
2401 3387 2641 3461 ζηλῶσαι
2673 3390 2721 3442 οἱ
2752 3388 2996 3460 ψυχικοὶ,
3045 3390 3140 3444 xui
3167 3391 3266 3444 οὐκ
3301 3390 3502 3454 εἰδότες
3533 3408 3703 3445 πνευ-

2121 3479 2325 3550 ματικὰ
2369 3479 2481 3551 (91)
2513 3485 2902 3552 πνευματικοῖς
2982 3481 3312 3555 συγκρίνειν,
3376 3483 3472 3535 τοῦ
3555 3482 3706 3536 θείου

2130 3571 2450 3626 Ἀποστόλου
2483 3574 2925 3645 ἀποφηναμένου,
2961 3575 3233 3645 Ψυχικόν
3269 3574 3587 3643 ἄνθρωπον
3617 3577 3706 3646 μὴ

2116 3663 2394 3732 δέχεσθαι
2418 3665 2490 3718 τὰ
2513 3664 2621 3719 τοῦ
2642 3668 2986 3736 Πνεύματος
3008 3666 3114 3721 τοῦ
3139 3667 3285 3720 Θεοῦ
3306 3683 3320 3696 ·
3353 3667 3447 3720 τοῦ
3469 3667 3513 3719 δ’
3539 3669 3706 3721 αὐτοῦ

2117 3757 2407 3828 φήσαντος,
2449 3756 2544 3825 Μὴ
2576 3757 2868 3812 δύνασθαι
2908 3757 3129 3829 γνῶναι
3173 3758 3282 3812 τὸν
3326 3759 3598 3828 ψυχικὼι
3637 3761 3710 3813 τὰ

2117 3847 2504 3916 πνευματικὰ,
2532 3847 2621 3900 ὅτι
2655 3849 3068 3919 πνευματικῶς
3104 3850 3488 3918 ἀνακρίνεται
3508 3867 3522 3879 ·
3558 3851 3710 3912 ἀντι-

2115 3938 2350 4006 δοξάζων
2376 3941 2404 3992 ὁ
2425 3942 2668 4008 γενναῖος
2703 3939 2780 4011 τῷ
2823 3941 3131 4013 Ἀποστὸλῳ
3165 3943 3388 4012 φάσκει,
3422 3943 3516 3995 τὸν
3544 3943 3709 3997 αὑτὸν

2115 4032 2316 4103 τρόπον
2353 4030 2431 4102 τῷ
2457 4032 2726 4102 Σολομῶνι
2749 4036 3082 4106 γεγραφέναι
3109 4035 3234 4099 τοὺς
3254 4035 3354 4100 τὰς
3386 4036 3709 4099 Ἑλληνικὰς

2117 4124 2418 4196 παροιμίας
2449 4125 2872 4196 πεποιημένους.
2916 4127 3079 4195 Λέγει
3111 4127 3168 4180 δὲ
3207 4124 3301 4181 οὖν
3346 4129 3441 4181 ἐπὶ
3470 4128 3705 4197 λέξεως⁹

2122 4234 2141 4267 ι
2190 4213 2407 4286 Ἐπειδὴ
2433 4218 2554 4277 ταῖς
2582 4214 2670 4267 τοῦ
2698 4216 3006 4284 σοφωτάτου
3035 4216 3347 4287 Σολομῶνος
3374 4217 3710 4288 Παροιμίαις

2123 4326 2140 4358 ι
2184 4306 2514 4376 ἐντυχόντες,
2551 4307 2645 4358 καὶ
2687 4307 2907 4375 γνόντες
2956 4309 3020 4362 δι’
3045 4309 3224 4362 αὐτῶν
3268 4309 3349 4363 ὅτι
3377 4310 3533 4363 οὐδέν
3557 4311 3711 4364 ἐστιν

2122 4420 2140 4452 ι
2183 4403 2247 4453 ἐκ
2274 4399 2367 4452 τοῦ
2392 4399 2681 4470 προχείρου
2709 4399 2822 4469 (92)
2847 4400 3032 4468 σαφῶς
3047 4400 3156 4454 τῶν
3177 4403 3235 4454 ὲν
3256 4402 3449 4466 αὐταῖς
3474 4404 3711 4474 εἰρημέ-

435 4487 603 4542 batim
653 4486 894 4556 loquitur
927 4487 994 4541 ad
1038 4485 1186 4542 hunc
1221 4488 1436 4541 modum
1468 4505 1481 4540 :
1519 4505 1539 4539 ι
1565 4488 2007 4560 Quandoquidem

2122 4513 2139 4544 ι
2179 4509 2285 4546 νων
2310 4489 2520 4562 μαθεῖν,
2546 4494 2641 4545 καὶ
2668 4491 2821 4543 αὐτοὶ
2846 4491 3088 4563 ζηλῶσαι
3113 4493 3176 4546 τὸ
3205 4496 3549 4566 προφητικὸν
3588 4497 3681 4565 βου
3700 4526 3711 4534 -

443 4597 463 4631 ι
509 4579 564 4634 in
597 4578 894 4635 Proverbia
925 4577 1234 4634 Salomonis
1260 4578 1649 4648 sapientissimi
1678 4580 2007 4650 inciderant,

442 4689 462 4723 s
507 4681 563 4726 et
613 4686 680 4727 ex
735 4671 947 4726 illorum
1003 4680 1372 4740 cognoverant
1423 4670 1680 4738 lectione,
1719 4671 2010 4726 diliiculter

444 4783 463 4816 ι
511 4764 802 4819 admodum
858 4765 926 4818 de
968 4765 1142 4833 prima
1192 4763 1330 4817 l‘acie
1361 4762 1573 4818 illorum
1605 4780 1828 4819 sensum
1862 4781 2010 4820 com-

443 4875 463 4908 ι
511 4856 770 4926 prehendi
797 4869 975 4924 posse,
1011 4855 1210 4910 vellent
1242 4865 1424 4908 autem
1465 4857 1835 4926 propheticam
1866 4859 2006 4912 scri-

444 4967 462 5000 ι
510 4949 666 5003 bendi
718 4947 982 5001 rationem
1032 4947 1176 5001 illam
1210 4949 1473 5014 aemulari,
1508 4948 1573 5002 ad
1603 4949 1851 5004 eumdem
1884 4967 2001 5006 mo-

510 5138 568 5196 .»B
610 5132 708 5188 Ed.
739 5131 938 5198 Paris.,
967 5147 1090 5202 pag.
1126 5131 1208 5185 l7.

506 5311 619 5382 (90)
658 5313 762 5377 Εἰς
793 5313 981 5382 αὐτὰς
1009 5311 1381 5381 γεγραφέναι.
1426 5310 1583 5364 Deest
1620 5309 1868 5382 λέγεται,
1923 5310 2006 5382 vel

436 5380 565 5454 quid
589 5380 783 5454 simile.
818 5381 890 5454 De
920 5384 1022 5436 hoc
1053 5380 1180 5454 luco
1203 5384 1320 5435 vide
1345 5383 1409 5436 Β.
1443 5382 1499 5454 Ρ.
1525 5384 1588 5433 Α.
1615 5380 1920 5454 Scltottum,
1953 5381 2006 5432 iu

439 5448 754 5524 praelatione
786 5452 851 5524 ad
887 5453 1113 5521 Adagia.
1135 5451 1339 5524 M.——lu
1365 5453 1483 5505 cod.
1515 5466 1544 5503 a
1571 5466 1784 5524 sec._ut_.
1804 5448 2009 5524 γέγρατ

435 5519 534 5594 φεν
567 5521 627 5585 ἓξ
665 5523 808 5594 (ιιιοᾴ
838 5537 934 5590 pro
961 5519 1294 5594 γεγραφέναι
1312 5533 1374 5594 νει
1399 5537 1562 5594 supra
1605 5520 1711 5594 ὑπό
1751 5522 1868 5594 Ιοςο
1901 5519 2009 5571 ἀπό

433 5590 553 5647 dedi
576 5596 740 5660 idem
785 5592 827 5644 δ’
855 5603 980 5646 ante
1011 5590 1208 5658 ἔξωθεν
1241 5592 1434 5646 delevi.
1469 5591 1598 5643 Dein
1632 5590 1841 5660 vulgoﬁ
1884 5601 2010 5642 ante

434 5658 621 5750 ἐπειδη
661 5669 714 5746 et
764 5661 1125 5749 ξολομῶντος.
1174 5665 1358 5749 Porro.
1391 5661 1548 5747 vulgo
1597 5658 2010 5750 ἐντυγχάνοντες

432 5732 527 5786 καὶ
554 5729 620 5783 δι’
651 5729 829 5800 αὐτῶν
857 5729 1210 5800 γινώσκοντες
1243 5741 1296 5786 et
1330 5732 1404 5794 ὡς
1429 5730 1580 5784 οὐδέν
1609 5742 1664 5786 et
1687 5730 2010 5793 διδακτικοῖς

433 5819 525 5857 πν.
552 5799 821 5869 πνεύματι
853 5799 963 5855 καί.

2120 4603 2137 4634 ι
2177 4583 2430 4655 ληθέντες
2485 4583 2738 4652 γράμμα,
2795 4583 2885 4636 τὸν
2945 4583 3108 4637 αὐτὸν
3157 4584 3350 4654 ἐκείνῳ
3391 4587 3710 4659 γεγράφασι

2120 4691 2138 4724 ι
2176 4673 2398 4744 τρόπον.
2432 4691 2450 4722 ι
2492 4672 2695 4742 Σκέψαι
2727 4671 2784 4724 δὲ
2823 4673 2918 4725 xui
2943 4672 3116 4736 ἄλλως
3151 4673 3210 4740 ὲξ
3247 4674 3431 4728 αὐτῶν
3464 4677 3574 4729 τῶν
3604 4694 3711 4730 πα-

2119 4765 2409 4838 ραθέσεων,
2445 4766 2567 4818 ὅσον
2601 4766 2697 4835 τῆς
2739 4765 2998 4835 ἀληθείας
3025 4766 3345 4837 διήμαρτεν,
3377 4768 3552 4822 εἰπὼν
3582 4771 3711 4832 τοὺς

2115 4859 2244 4928 παρ’
2286 4856 2530 4926 Ἕλλησι,
2573 4857 2665 4910 τὸν
2711 4857 2873 4910 αὐτὸν
2925 4856 3002 4928 τῷ
3043 4858 3317 4930 Σολομῶνι
3366 4862 3713 4933 γεγραφέναι

2110 4951 2329 5022 τρόπον.
2371 4949 2428 5002 Ὀ
2465 4949 2561 5020 μὲν
2588 4950 2697 5020 γὰρ
2737 4949 3009 5021 Σολομὼν,
3055 4950 3378 5024 θεοδωρήτῳ
3423 4955 3588 5026 σοφία
3628 4973 3714 5006 κι-

2094 5131 2139 5161 ιι
2177 5129 2192 5182 I
2226 5128 2351 5183 Cor.
2376 5143 2439 5196 ιι,
2471 5127 2556 5181 l5.
2633 5127 2698 5159 ιι·
2730 5127 2861 5184 ibid.
2893 5130 2980 5185 it.

2186 5309 2300 5381 (9l)
2354 5311 2650 5377 Πνεύματι
2722 5309 3167 5379 πνευματικοῖς.
3237 5309 3586 5381 Legendum,
3653 5323 3711 5363 ut

2115 5380 2602 5450 statiuiwrecitatur
2629 5396 2692 5433 ex
2724 5382 3005 5448 Apostolo,
3026 5380 3372 5450 πνευματικὰ
3405 5397 3679 5450 πνευματι

2119 5451 2248 5514 κῶς.
2299 5449 2425 5503 Hanc
2459 5461 2638 5503 autem
2692 5454 2995 5519 importune
3040 5449 3298 5504 dicuntur
3338 5453 3408 5501 ab
3447 5449 3706 5512 Ernst-lim,

2116 5524 2239 5589 quia
2268 5519 2558 5601 ἐριστικῶς
2582 5530 2829 5601 ζτεῐςὶιιιιι,
2855 5537 2949 5588 pro
2971 5521 3383 5601 πνευματικοῖς,
3408 5523 3522 5589 lege
3537 5539 3707 5574 πνευ-

2121 5589 2388 5661 ματικῶς.
2409 5590 2482 5647 Μ.
2504 5621 2566 5632 —
2595 5591 2722 5644 Dein
2751 5595 2908 5661 vulgo
2931 5595 3044 5653 τοῖς
3075 5589 3487 5660 πεποιημένοις.

2190 5661 2302 5731 (92)
2343 5661 2446 5730 Mp.
2486 5661 2555 5713 ῖσ.
2581 5661 2675 5714 xui
2706 5660 2912 5729 σαφῶς.
2939 5664 3077 5731 In‘ra
3109 5662 3278 5731 vulgo?
3299 5661 3463 5713 ἕνεκα
3491 5668 3542 5714 et
3565 5677 3707 5731 προ-

2116 5730 2517 5809 ενηνεγμένοις,
2541 5743 2593 5787 et
2616 5732 2774 5784 τοῦτό
2795 5731 2846 5800 γ’
2877 5743 2933 5786 et
2975 5730 3009 5784 ἃ.
3036 5731 3113 5796 δέ,
3151 5730 3214 5786 et
3232 5730 3350 5783 ἀλλ’
3381 5731 3482 5795 ὡς,
3513 5742 3567 5785 et
3614 5730 3709 5787 ἐπὶ

2115 5817 2228 5857 του.
