3836 6216
177 337 299 398 783

1323 344 1605 400 CONTRA
1642 345 2067 401 MARCELLUM
2109 345 2237 403 LIB.
2279 348 2320 401 I.

3345 354 3448 410 750

171 457 465 530 νούμενος,
502 459 681 513 πᾶσαν
716 459 880 513 αὐτοῦ
913 461 1011 530 τὴν
1045 461 1259 533 γραφὴν
1292 463 1376 515 ἐπ’
1402 464 1640 534 ὠφελείᾳ
1675 482 1734 518 κο

1879 483 1895 514 ι
1945 466 2068 517 dum
2103 464 2454 530 scripserunt.
2489 484 2507 516 ι
2549 463 2653 520 Sed
2685 475 2737 520 ct
2783 466 2942 521 aliter
2981 482 3195 537 quoque
3227 483 3257 523 e
3285 471 3449 528 dictis

174 552 430 623 σωτηρίᾳ
466 552 652 622 ψυχῶν
693 552 771 622 τῷ
811 553 910 623 τῆς
954 552 1261 616 θεοσεϐείας
1315 555 1550 609 ἀνετίθει
1602 557 1766 627 λόγῳ,

169 643 486 711 γυμνασίου
516 644 560 696 δ’
581 644 767 698 ’ἑνεκεν
788 645 884 716 τῆς
911 646 1018 698 τῶν
1045 648 1482 718 ἐντυγχανόντων
1508 649 1764 714 διανοίας,

171 735 480 796 σκοτεινοῖς
512 735 710 806 ἐχρῆτο
738 736 1108 808 προϐλήμασι,
1141 740 1233 791 καὶ
1283 739 1456 807 λόγων
1489 745 1765 811 στροφαῖς,

168 827 272 878 καὶ
301 831 506 894 φωναῖς
527 829 594 882 δι’
621 830 960 900 αἰνιγμάτων
986 834 1503 901 προενηνεγμέναις.
1533 834 1640 885 Καὶ
1654 833 1770 886 τοῦ-

163 933 234 968 το
267 917 312 969 δ’
345 921 400 970 ἐν
428 920 570 991 ἀρχῇ
596 921 694 990 τῆς
727 920 907 990 βίϐλου
935 921 1271 992 μαρτύρεται
1301 922 1492 991 λέγων·
1516 943 1533 973 ι
1569 925 1688 977 Τῶν
1711 925 1768 977 δὲ

173 1027 193 1058 ι
235 1011 349 1081 γὰρ
381 1011 619 1076 ἀκούσας
663 1013 824 1082 σοφὸς
850 1013 1156 1086 σοφώτερος
1183 1015 1362 1068 ἔσται·
1406 1018 1434 1068 ό
1462 1016 1518 1068 δὲ
1550 1017 1642 1087 νοή
1653 1034 1768 1087 μων

171 1123 192 1153 ι
235 1104 568 1174 κυϐέρνησιν
597 1107 876 1174 κτήσεται,
911 1108 1094 1178 νοήσει
1115 1126 1171 1160 τε
1205 1109 1519 1181 παραϐολὴν
1552 1127 1765 1163 σκοτει-

169 1217 192 1248 ι
230 1197 344 1250 νῶν
373 1199 566 1267 λόγων,
597 1201 786 1270 ῥήσεις
813 1218 872 1253 τε
902 1201 1082 1270 σοφῶν
1112 1204 1204 1256 καὶ
1231 1204 1550 1275 αἰνίγματα.
1595 1225 1614 1256 ι
1653 1205 1764 1258 Καὶ

167 1290 361 1353 πάλιν,
399 1289 653 1356 δέξασθαι
700 1293 937 1363 στροφὰς
970 1294 1172 1364 λόγων·
1218 1313 1236 1344 ι
1277 1297 1345 1347 ’Ἀ
1377 1296 1442 1367 δὴ
1463 1297 1557 1349 καὶ
1590 1295 1764 1361 οὕτως

169 1403 190 1435 ι
231 1383 428 1455 ἔχοντα
447 1385 522 1437 ἐκ
556 1385 665 1438 τῶν
696 1387 1088 1458 ἐμφερομένων
1125 1391 1190 1458 τῇ
1227 1387 1393 1458 βίϐλῳ
1425 1389 1764 1459 καταμαθεῖν

163 1496 189 1528 τ
227 1477 612 1549 ρᾴδιον,ἄλλως
624 1480 686 1532 οὐ
697 1479 1006 1549 δυναμένων
1018 1496 1110 1550 νοη
1119 1479 1295 1549 θῆναι,
1305 1480 1339 1550 ἢ
1356 1480 1594 1534 διιόντων
1607 1481 1764 1552 ήμῶν

167 1586 188 1618 ι
227 1569 298 1620 ἐκ
329 1568 428 1638 τῆς
453 1568 743 1639 προχείρου
780 1567 976 1633 λέξεως
1004 1571 1097 1623 ἐπὶ
1121 1571 1212 1624 τὸν
1243 1569 1302 1636 ἐξ
1333 1571 1500 1642 αὐτῆς
1529 1571 1760 1644 θεωρούς

168 1679 188 1711 ε
233 1678 398 1731 μενον
433 1660 556 1716 νοῦν
580 1678 593 1691 ⁸
635 1656 746 1714 οἷόν
768 1664 883 1716 ἐστι
921 1664 1002 1727 τὸ,
1039 1662 1117 1732 Τῇ
1137 1663 1376 1733 ,βδέλλῃ
1406 1663 1562 1733 τρεῖς
1583 1669 1764 1736 θυγα-

167 1773 185 1804 ι
229 1752 398 1820 τέρες
431 1749 593 1824 ἦσαν
621 1753 922 1824 ἀγαπήσει
945 1755 1345 1825 ἁγαπὼμεναι·
1384 1757 1481 1810 καὶ
1513 1761 1573 1811 αἱ
1601 1759 1758 1827 τρεῖς

167 1865 185 1896 ι
228 1843 412 1901 αὗται
437 1848 547 1900 οὐκ
575 1847 1038 1916 ἐνεπίμπλασαν
1059 1846 1276 1915 αὐτὴν,
1303 1847 1400 1902 καὶ
1426 1849 1464 1915 ἠ
1507 1849 1754 1919 τετάρτη
1790 1826 1831 1880 Β

165 1959 184 1990 ι
227 1941 344 1992 οὐκ
370 1938 658 2007 ἠρκέσθη,
683 1938 874 1993 εἰπεῖν
898 1941 1126 1994 ἱκανόν.
1159 1940 1269 1993 Καὶ
1297 1940 1359 1995 Ἠ
1389 1943 1576 2010 σοφία
1605 1942 1756 2008 ᾠκο-

165 2050 185 2081 ‹
225 2030 498 2100 δόμησεν
517 2029 703 2099 ἑαυτῆ
724 2027 911 2095 οἷκον,
934 2029 1468 2103 καὶὺπήρεισε,(95)
1490 2033 1758 2098 στύλους

163 2143 184 2174 ι
225 2123 402 2187 ἑπτὰ,
437 2124 668 2194 ἔσφαξε
695 2124 769 2178 τὰ
789 2122 1014 2191 ἑαυτῆς
1046 2125 1277 2194 θύματα
1296 2142 1308 2154 ·
1341 2124 1632 2192 ἐκέρασεν
1669 2127 1756 2190 εἰς

166 2237 186 2267 ε
233 2217 502 2286 κρατῆρα
522 2216 630 2270 τὸν
658 2216 881 2285 ἑαυτῆς
913 2213 1103 2270 οἶνον.
1129 2217 1238 2270 Καὶ
1267 2217 1367 2269 ὅσα
1388 2215 1522 2270 ἄλλα
1541 2217 1754 2280 τούτοις

163 2329 184 2360 ι
224 2309 606 2381 παραπλήσια,
659 2311 760 2381 οὐχ
806 2309 1006 2380 ἐτέρως
1054 2308 1253 2362 δυνατὰ
1302 2307 1559 2373 νοεῖσθαι,
1627 2307 1751 2362 οὔτε

163 2422 184 2454 ι
224 2402 557 2474 προχείρως,
585 2400 708 2456 οὔτε
741 2401 804 2455 ἐκ
823 2419 967 2466 τινος
1003 2402 1259 2473 ἱστορίας,
1293 2403 1340 2455 εἰ
1383 2401 1458 2472 μὴ
1484 2402 1624 2455 κατὰ
1652 2402 1752 2472 μό-

157 2517 182 2547 ‹
225 2513 326 2566 νην
355 2495 667 2567 μεταφορὰν
688 2495 782 2549 καὶ
814 2494 1162 2566 ἀναστροφὴν
1185 2495 1283 2565 τῆς
1307 2493 1525 2560 λέξεως.
1567 2513 1585 2544 ι
1616 2495 1682 2546 Δί
1706 2494 1750 2547 δ’

158 2587 468 2642 ἐκτεθεῖσαι
487 2587 594 2640 τῶν
637 2587 904 2659 Ἑλλήνων
948 2587 1240 2658 παροιμίαι
1280 2586 1388 2640 ἀπό
1419 2603 1580 2640 τινων
1606 2587 1750 2640 ἱστο-

155 2678 296 2751 ριῶν
352 2678 450 2742 τὰς
489 2678 664 2751 ἀρχὰς
693 2678 968 2751 εἰλήφασι.
1005 2679 1078 2732 Τὸ
1114 2677 1244 2750 γὰρ,
1274 2680 1343 2732 Ἢ
1372 2679 1682 2746 τέθνηκεν,
1709 2678 1748 2748 ἢ

156 2767 433 2822 διδάσκει
482 2766 810 2837 γράμματα,
863 2767 950 2820 διὰ
994 2767 1178 2838 τήνδε,
1211 2766 1396 2836 φησὶν,
1428 2763 1622 2835 ἐλέχθη
1649 2765 1748 2836 τὴν

151 2860 426 2930 ἱστορίαν,
458 2859 554 2913 καὶ
593 2860 662 2913 δι’
696 2860 888 2930 ἑτέραν
916 2858 1078 2912 πάλιν
1112 2856 1412 2928 γενομένην
1439 2855 1638 2927 πρᾶξιν
1667 2854 1746 2918 τὸ,

155 2953 268 3016 Αἲξ
297 2951 412 3019 τὴν
428 2951 752 3022 μάχαιραν,
790 2949 1040 3022 εἰρῆσθαι
1062 2967 1076 2979 ⁸
1111 2948 1206 3001 καὶ
1233 2947 1315 3010 τὸ,
1354 2947 1518 3011 ’Ἅλις
1543 2945 1746 3014 δρυὸς,

151 3043 445 3111 ὡσαύτως,
489 3043 578 3097 διὰ
603 3044 664 3096 τὸ
703 3040 1223 3115 βαλανηφαγοῦντάς
1261 3056 1393 3092 ποτε
1436 3037 1748 3092 παύσασθαι

1875 555 2311 612 animadvertere
2358 557 2504 622 licet,
2535 569 2870 628 quantopere
2903 563 3180 616 aberravit
3220 563 3267 618 is
3297 579 3326 618 a
3351 579 3444 618 ve-

1875 647 2054 713 ritate,
2096 664 2219 702 cum
2267 648 2496 705 alIirmet
2541 649 2797 713 Graccos,
2863 654 2928 706 ad
2981 654 3229 710 eumdem
3286 657 3446 724 plane

1872 742 2115 808 modum,
2149 755 2256 809 quo
2302 740 2580 807 Salomon,
2619 743 2921 812 scripsisse.
2980 743 3233 800 Salomon
3297 749 3443 802 enim

1871 833 2155 902 sapientia,
2186 849 2308 904 quae
2340 834 2598 889 divinitus
2626 844 2730 899 est,
2771 835 3056 904 impulsus,
3101 853 3253 891 suam
3305 841 3446 893 scri-

1873 935 2082 993 pturam
2107 926 2440 992 universam,
2473 928 2540 980 ad
2567 925 2857 980 utilitatem
2889 936 2942 981 et
2970 928 3201 983 salutem
3231 933 3442 984 anima-

1874 1034 1990 1072 rum
2020 1019 2209 1087 pietati
2245 1019 2584 1075 consecravit
2613 1035 2626 1070 :
2657 1033 2786 1073 usus
2820 1027 2905 1073 est
2933 1029 3133 1085 autem,
3182 1024 3247 1075 ad
3292 1023 3442 1091 iuge-

1873 1111 1959 1162 nia
2007 1112 2294 1180 legentium
2345 1110 2670 1174 exercenda,
2710 1109 3066 1164 tenebricosis
3093 1113 3442 1179 problemati-

1869 1201 1991 1264 bus,
2019 1205 2362 1257 sermonibus
2401 1202 2660 1257 tortuosis
2706 1211 2761 1257 et
2787 1200 3007 1257 vocibus
3033 1218 3129 1270 per
3153 1203 3440 1273 aenigmata

1869 1294 2309 1360 procedentibus.
2342 1295 2594 1349 Testatur
2620 1296 2720 1349 hoc
2757 1295 2930 1366 ipsum
2970 1295 3021 1348 in
3059 1295 3216 1349 initio
3252 1296 3439 1352 statim

1869 1387 2014 1448 libri,
2038 1386 2127 1439 ubi
2162 1389 2274 1442 ait:
2311 1405 2330 1438 ι
2363 1387 2458 1440 His
2485 1388 2683 1442 auditis
2712 1386 2930 1455 sapiens
2957 1386 3253 1455 sapientior
3287 1388 3391 1441 erit
3419 1401 3437 1441 :

1870 1497 1890 1530 ι
1939 1479 2246 1550 intelligens
2283 1479 2579 1548 possidebit
2613 1480 3098 1550 gubernationem,
3147 1489 3203 1534 et
3240 1479 3440 1536 obscu-

1869 1591 1889 1624 ι
1938 1586 2120 1626 rorum
2168 1573 2456 1628 verborum
2507 1573 2792 1640 parabolas
2863 1582 3173 1642 cognoscet,
3223 1573 3438 1641 sapien-

1871 1681 1890 1714 ι
1939 1675 2050 1718 tum
2074 1679 2290 1733 quoque
2306 1662 2447 1718 dicta
2471 1672 2526 1718 et
2549 1663 2886 1730 aenigmata»
2910 1664 3109 1718 lterum
3130 1677 3345 1733 quoque
3368 1663 3439 1719 ad

1865 1758 2265 1827 percipiendam
2296 1771 2608 1812 sermonum
2654 1758 3058 1828 intelligentiam
3086 1777 3102 1814 :
3152 1777 3170 1811 ι
3197 1757 3266 1814 Ει
3305 1775 3434 1830 pro-

1866 1869 1886 1902 ι
1934 1851 2076 1906 freto
2111 1853 2225 1905 haec
2252 1851 2324 1904 ita
2353 1865 2410 1905 se
2449 1851 2647 1905 habere
2682 1849 2840 1905 facile
2868 1851 3034 1920 liquet
3073 1866 3105 1906 e
3159 1851 3436 1909 contentis

1865 1961 1886 1993 ‹
1929 1942 2190 2011 perillum
2225 1942 2441 2006 librum,
2474 1957 2596 2011 qua:
2621 1959 2727 1997 non
2758 1942 2922 1997 aliter
2949 1957 3238 2012 possumus
3269 1942 3435 1998 intel-

1865 2053 1884 2087 ι
1933 2035 2238 2102 Iigere,nisi
2275 2034 2342 2088 ab
2373 2045 2560 2103 aperta
2587 2035 2817 2090 lectione
2851 2034 2916 2088 ad
2958 2035 3280 2089 sententiam
3310 2035 3438 2090 inde

1859 2145 1883 2178 ι
1928 2128 2250 2182 eliciendam
2316 2143 2414 2182 nos
2468 2126 2836 2182 conferamus.
2895 2125 3140 2196 Exempli
3207 2129 3430 2197 gratia:

1862 2238 1882 2270 ι
1930 2218 2099 2272 Erant
2145 2219 2381 2272 hirudini
2420 2230 2523 2272 tres
2571 2217 2701 2287 ﬁlia:
2738 2218 2943 2271 dilecta:
2971 2217 3279 2271 admodum.
3303 2214 3435 2272 Istc

1863 2329 1882 2363 ι
1929 2323 2102 2366 autem
2128 2322 2254 2374 tres,
2279 2311 2428 2365 illam
2450 2327 2774 2382 nequaquam
2796 2309 3151 2374 adimplebant
3177 2323 3198 2364 :
3225 2319 3432 2380 quarta

1863 2422 1881 2455 ι
1927 2421 2045 2458 vero
2070 2420 2173 2458 non
2197 2403 2508 2471 satisﬁebat,
2549 2419 2710 2472 neque
2744 2401 2971 2466 dicebat,
2992 2401 3122 2454 satis
3149 2413 3196 2454 et
3223 2401 3433 2456 abunde

1860 2514 1878 2546 ι
1925 2506 2021 2552 est.
2061 2502 2120 2560 >I<
2150 2496 2279 2549 Item
2307 2515 2321 2551 :
2364 2495 2642 2562 Sapientia
2668 2497 2766 2550 sibi
2797 2494 3010 2547 domum
3041 2493 3345 2562 aedificavit,
3379 2504 3430 2548 et

1858 2604 1876 2636 ι
1925 2589 2211 2641 substruxit
2244 2586 2517 2641 columnas
2547 2593 2766 2654 septem,
2813 2583 3084 2652 sacriﬁcia
3133 2599 3232 2638 sua
3261 2582 3431 2654 jugu-

1859 2693 1878 2727 ι
1923 2674 2068 2742 lavit,
2101 2678 2276 2730 vinum
2301 2693 2456 2730 suum
2479 2676 2534 2729 in
2559 2685 2764 2729 cratere
2787 2674 3138 2729 commiscuit.
3165 2674 3296 2730 Item
3322 2674 3430 2730 alia

1857 2787 1877 2820 ι
1924 2784 2028 2822 non
2062 2783 2231 2838 pauca
2260 2769 2418 2839 hujus
2448 2766 2690 2839 generis,
2727 2781 2850 2833 qua:
2873 2779 2981 2822 non
3005 2780 3237 2836 possunt
3267 2766 3427 2824 aliter

1857 2879 1876 2911 ι
1923 2861 2334 2929 comprehendi,
2367 2875 2471 2914 non
2504 2860 2570 2913 de
2620 2857 2872 2913 lectionis
2902 2857 3064 2924 facie,
3099 2874 3205 2912 non
3231 2873 3300 2914 ex
3329 2857 3429 2914 ali-

1858 2971 1875 3002 I
1921 2965 2024 3018 qua
2065 2950 2318 3014 historia,
2367 2950 2463 3004 sed
2501 2948 2840 3004 solummodo
2886 2963 2982 3018 per
3033 2953 3424 3018 metaphoram,

1855 3060 1875 3093 σ
1917 3051 1968 3095 et
2019 3040 2276 3095 dictionis
2323 3040 2760 3095 conversionem.
2802 3059 2822 3092 ι
2857 3039 2927 3093 At
2964 3055 3091 3094 vero
3137 3041 3426 3109 proverbia

149 3136 257 3206 τῆς
284 3135 541 3206 τοιαύτης
560 3133 786 3205 τροφῆς.
823 3134 886 3186 Ei
913 3132 970 3186 δὲ
1001 3131 1095 3186 καὶ
1120 3129 1361 3193 Γλαῦκός
1391 3146 1494 3194 τις,
1521 3130 1734 3201 ἐπιστή·

1856 3131 2160 3188 Grmcorum
2212 3131 2302 3185 illa
2354 3131 2423 3185 ab
2468 3130 2697 3186 historia
2730 3129 2962 3200 quadam
2993 3130 3423 3186 deducebantur.

160 3246 279 3300 μων
317 3229 516 3301 τέχνης
553 3228 695 3292 τινὸς
740 3227 1000 3297 γεγονὼς,
1045 3225 1318 3297 διαφόρως
1365 3224 1734 3297 ἐμνημονεύθη

1856 3223 1982 3280 llud
2021 3225 2190 3291 enim,
2220 3222 2318 3278 Vel
2356 3232 2598 3277 mortuus
2639 3231 2738 3288 est,
2782 3221 2861 3276 vel
2903 3225 3055 3276 docet
3079 3222 3318 3287 litteras,
3355 3227 3425 3278 ab

154 3320 307 3394 παρὰ
337 3325 448 3386 τοῖς
485 3320 624 3392 μετὰ
647 3320 820 3376 ταῦτα
848 3319 1253 3390 διαφωνήσασιν
1286 3319 1344 3369 ἐν
1375 3316 1455 3388 τῷ
1484 3318 1614 3388 περί⁵
1647 3317 1746 3370 αὺ-

149 3415 246 3469 τοῦ
269 3415 431 3486 λόγῳ,
460 3415 513 3467 τί
543 3413 698 3468 τοῦτο
718 3414 852 3486 πρὸς
871 3412 968 3475 τὰς
1003 3410 1391 3472 θεοπνεύστους
1414 3408 1738 3480 παροιμίας;

143 3509 229 3562 υὺ
256 3508 365 3580 γὰρ
389 3505 589 3578 ὁμοίως
619 3509 740 3569 ταῖς
770 3503 1109 3574 Ἑλληνικαῖς
1137 3501 1487 3573 παροιμίαις,
1516 3501 1612 3554 καὶ
1653 3494 1742 3555 αὒ-

149 3617 239 3654 ται
267 3598 332 3652 ἔκ
356 3616 500 3662 τινος
525 3598 765 3670 ἱστορίας
787 3597 884 3668 τὴν
908 3596 1060 3649 λύσιν
1085 3595 1441 3665 ἐπιδέχονται.
1486 3592 1737 3664 Ἀμαθῶς

147 3693 261 3764 ἄρα
290 3692 382 3745 καὶ
419 3691 661 3762 ἀπείρως
682 3690 779 3762 τῆς
800 3689 908 3743 τῶν
933 3688 1092 3742 θείων
1121 3687 1355 3760 Γραφῶν
1386 3685 1615 3757 θεωρίας
1671 3686 1732 3739 οὐ

153 3785 336 3855 μόνον,
364 3783 499 3836 ἀλλὰ
526 3785 621 3835 καὶ
652 3783 910 3845 ἐναντίως
937 3780 1014 3853 τῷ
1055 3779 1382 3850 Ἀποστόλῳ,
1412 3776 1730 3850 Μάρκελλος

149 3877 278 3937 τοὺς
344 3873 610 3944 Ἑλλήνων
661 3873 876 3940 σοφοὺς,
920 3871 1183 3942 τυχόντας
1243 3873 1360 3933 ταῖς
1407 3868 1732 3940 Παροιμίαις

150 3964 481 4035 Σολομῶνος,
511 3963 706 4034 ¹μαθεῖν
729 3963 821 4016 καὶ
849 3962 1166 4033 ζηλῶσαιτὸ
1194 3961 1531 4034 προφητικὸν
1559 3959 1733 4032 γράμ-

153 4075 250 4128 μα,
286 4058 379 4110 καὶ
432 4057 522 4110 τὸν
560 4057 723 4110 αὑτὸν
757 4056 953 4126 ἐκείνῳ
995 4053 1204 4126 γράψαι
1260 4055 1480 4128 τρόπον,
1517 4053 1730 4124 ἀπεφή-

149 4169 298 4205 νατο.

1848 3315 2075 3370 historia
2117 3314 2374 3383 quadam,
2407 3311 2658 3366 concedit
2699 3310 2838 3380 ipse,
2863 3310 3143 3365 oriebatur
3175 3327 3191 3364 :
3223 3310 3291 3364 ab
3317 3309 3421 3364 alia

1850 3407 2071 3470 itidem,
2102 3403 2278 3468 Capra
2322 3402 2682 3473 gladium:et
2730 3399 2873 3453 illius
2927 3401 3103 3464 Item,
3159 3397 3305 3454 Salis
3355 3398 3421 3454 de

1844 3515 2063 3570 quercu,
2105 3512 2170 3552 eo
2212 3497 2356 3566 quod
2406 3495 2499 3564 qui
2548 3492 2835 3565 glandibus
2883 3492 3012 3547 o‘lim
3067 3491 3420 3547 vescebantur

1843 3591 2048 3646 diutius
2074 3590 2180 3644 illis
2209 3588 2352 3643 vesci
2389 3587 2730 3642 destiterunt.
2762 3583 2914 3652 Quod
2955 3584 2996 3638 si
3021 3581 3257 3639 Glaucus
3276 3581 3423 3652 quis-

1841 3681 2007 3751 piam,
2053 3679 2251 3734 artifex
2298 3677 2496 3747 aliqcis
2535 3675 2804 3746 egregius,
2845 3673 3210 3729 diversimode
3251 3673 3318 3729 ab
3351 3671 3420 3728 iis

1840 3775 2140 3836 ferebatur,
2165 3771 2260 3840 qui
2283 3770 2542 3838 deinceps
2563 3769 2614 3822 in
2649 3765 2955 3821 sententias
2987 3765 3056 3820 de
3090 3764 3418 3820 illo’discre—

1838 3875 2031 3938 pantes
2056 3865 2266 3928 abiere,
2291 3862 2423 3932 quid
2449 3862 2553 3917 hoc
2587 3861 2652 3914 ad
2688 3859 2945 3914 divinitus
2980 3856 3239 3928 inspirata
3281 3853 3417 3910 Pro—

1838 3957 2061 4016 verbis?
2083 3955 2266 4024 Neque
2291 3954 2459 4020 enim,
2487 3961 2547 4006 ut
2572 3952 2624 4006 in
2651 3950 2965 4006 Graecorum
3000 3949 3061 4004 Iit
3093 3947 3417 4019 proverbiis,

1838 4051 1908 4107 ab
1930 4048 2152 4106 historia
2172 4033 2404 4118 quadam
2425 4045 2515 4101 illa
2536 4044 2858 4101 solutionem
2883 4041 3188 4098 sortiuntur
3207 4053 3360 4096 suam
3398 4053 3416 4091 :

1837 4154 1900 4200 ut
1922 4156 2145 4198 necesse
2172 4140 2243 4195 sit
2269 4137 2602 4203 Marcellum,
2632 4150 2738 4191 non
2768 4134 2946 4190 solum
2969 4133 3220 4203 imperite
3251 4141 3417 4200 atque

152 4251 390 4312 indocte,
454 4248 548 4304 sed
601 4258 798 4303 contra
852 4257 1092 4302 mentem
1137 4246 1382 4317 Apostoli
1427 4244 1730 4299 allirmasse
1767 4241 2039 4311 sapientes
2076 4235 2416 4299 Graecorum,
2473 4247 2597 4287 cum
2650 4231 2704 4286 in
2761 4227 3057 4286 Proverbia
3109 4226 3417 4284 Salomonis

151 4346 486 4410 incidissent,
531 4344 597 4397 ad
650 4344 1012 4398 imitationem
1049 4343 1382 4412 prophetica;
1410 4341 1790 4409 scripturmse
1821 4335 1888 4391 ad
1917 4333 2271 4390 scribendum
2314 4328 2666 4401 applicuisse.

217 4440 437 4494 Τούτων
464 4439 594 4508 ἡμῖν
621 4437 924 4509 εἰρημένων
945 4438 1024 4500 εἰς
1046 4436 1318 4500 ἀπόδειξιν
1338 4433 1432 4490 τοῦ
1460 4435 1596 4506 μηδέ
1618 4436 1734 4496 ταῖς

1916 4428 2014 4484 llis
2035 4430 2087 4482 in
2119 4443 2240 4482 eum
2269 4426 2428 4480 linem
2450 4440 2479 4478 a
2500 4424 2656 4478 nobis
2681 4421 2998 4493 praemissis,
3032 4429 3088 4472 ut
3113 4416 3418 4473 certissime

146 4534 320 4597 θείαις
362 4533 629 4603 Γραφαῖς,
681 4529 738 4583 ὃν
781 4529 887 4600 χρὴ
920 4529 1143 4600 τρόπον,
1181 4526 1599 4597 ἐντετυχηκέναι
1643 4525 1734 4578 τὸν

146 4628 334 4699 ἄνδρα,
363 4626 520 4680 καλεῖ
543 4625 606 4694 δὴ
635 4624 824 4695 καιρὸς
846 4623 938 4676 καὶ
955 4621 1053 4693 τὴν
1077 4621 1178 4691 οὐχ
1209 4620 1338 4690 ὑγιῆ
1367 4618 1468 4690 τῆς
1500 4617 1736 4680 πίστεως

145 4721 308 4774 αὑτοῦ
328 4718 484 4785 δόξαν
504 4715 903 4786 ἐπισκέψασθαι
919 4733 932 4746 ο
960 4715 1036 4778 ὡς
1055 4713 1273 4767 ἐναντία
1295 4708 1656 4783 (94)δοξόιζων
1669 4710 1734 4778 τῇ

141 4813 572 4882 ἐκκλησιαστικῇ
637 4809 972 4879 διδασκαλίᾳ,
1020 4807 1192 4878 αὑτήν
1229 4822 1287 4859 τε
1327 4804 1422 4858 καὶ
1460 4802 1584 4863 τοὺς
1610 4817 1738 4872 προ-

144 4905 382 4968 εστῶτας
413 4905 582 4975 αὐτῆς
614 4902 914 4956 διέϐαλλεν.

809 5021 966 5073 ΚΕΦ.
1001 5021 1074 5073 Δ⁹.

140 5122 260 5172 Ὅτι
309 5116 422 5182 τήν
475 5133 536 5170 τε
581 5111 1096 5182 ἐκκλησιαστικὴν
1137 5109 1564 5182 διδασκαλίαν,
1625 5105 1724 5159 καὶ

349 5181 492 5252 τοὺς
532 5184 912 5255 προεστῶτας
940 5181 1130 5250 αὐτῆς
1167 5181 1503 5234 διέϐαλλεν.

211 5279 321 5352 (95)
342 5278 504 5350 Θήσω
519 5277 576 5331 δὲ
598 5276 810 5348 πρῶτα,
824 5268 976 5328 δι’ὧν
993 5277 1105 5336 τοῖς
1125 5271 1299 5344 ὀρθῶς
1321 5270 1414 5324 καὶ
1433 5267 1722 5337 ἐκκλησια-

213 5423 273 5482 sit
311 5417 408 5472 Ed.
446 5415 646 5482 Paris,
689 5429 812 5486 pag.
847 5411 936 5467 18.

206 5555 322 5641 195)
356 5555 530 5628 Vulgo
558 5555 757 5641 στήλας
785 5564 837 5641 et
850 5553 1070 5641 δύναται
1094 5546 1327 5641 νοεξσθαι
1361 5554 1414 5632 et
1439 5543 1546 5641 τῶν
1572 5544 1713 5596 ἱστο-

206 5575 322 5641 ³30)
367 5575 530 5628 ullgo
558 5575 757 5678 στήιλας
785 5575 837 5608 ει
851 5575 1070 5607 συναται
1095 5575 1327 5602 νυξιιυυαι
1361 5575 1414 5632 Cl;
1450 5575 1545 5596 ιιυν
1572 5575 1619 5596 ιδ
1636 5575 1713 5594 ιυ-

142 5638 558 5703 ριων-τινωνηθι
584 5626 639 5679 δι⁴
690 5625 886 5703 τὴνιδέ,
916 5639 966 5677 et
999 5638 1117 5703 nth
1152 5621 1254 5703 μιν.
1282 5633 1455 5703 φασιν
1480 5620 1714 5703 lui-9

141 5690 243 5756 σίν.
274 5699 393 5754 Mox
425 5690 580 5766 vulgo
616 5690 911 5767 γινομένην
935 5707 989 5748 et
1012 5693 1173 5746 αὐταὶ
1204 5693 1267 5742 ἐκ
1292 5700 1344 5743 et
1369 5690 1715 5756 Σολομῶντος

138 5780 196 5827 et
222 5770 275 5822 δὲ
296 5773 324 5822 ὁ
349 5769 561 5841 χρόνος.
930 5833 952 5841 Α
1031 5835 1054 5841 Α,
1076 5833 1086 5841 _
1112 5835 1127 5841 Α
1154 5835 1168 5841 Δ
1349 5825 1387 5841 ,η

211 5841 322 5914 (94)
351 5824 468 5904 "iit;
483 5824 746 5907 emuniri,
765 5849 894 5902 ctc.,
918 5833 1244 5889 διαϐάλλει.
1264 5857 1333 5870 --
1349 5825 1460 5899 Ego
1477 5840 1542 5883 ex
1561 5824 1719 5881 codd.

1840 4531 2103 4592 appareat
2129 4522 2400 4575 hominem
2430 4529 2799 4586 nequaquam,
2830 4515 2901 4568 ita
2933 4522 2994 4566 ut
3013 4511 3273 4581 oportuit,
3298 4523 3416 4561 vcr-

1840 4623 2016 4668 satum
2042 4609 2655 4679 iuScripturis,tempus
2676 4617 2782 4669 est,
2810 4603 3136 4672 utdeinceps
3165 4602 3325 4655 fidem
3352 4598 3416 4652 il-

1841 4704 1965 4769 lius,
1998 4717 2161 4772 quam
2203 4702 2274 4757 sit
2305 4701 2446 4754 male
2475 4712 2629 4765 sana,
2666 4695 3075 4752 consideremus
3105 4707 3119 4744 :
3149 4701 3203 4746 et
3250 4703 3414 4759 quam

1838 4795 2145 4866 oppositam
2157 4791 2479 4849 sententiam
2498 4798 2711 4846 tueatur
2724 4783 3380 4852 doctrinaqecclesiastica:
3396 4799 3410 4835 :

1839 4903 2003 4960 quam
2035 4903 2140 4941 una
2181 4899 2303 4940 cum
2341 4883 2585 4952 ejusdem
2613 4878 2956 4936 antistitibus
2987 4887 3234 4933 accusat.

2491 5001 2640 5057 CAP.
2686 5000 2772 5054 IV.

1837 5097 1990 5166 Quod
2018 5112 2135 5150 cum
2174 5097 2468 5215 doctrina»;
2497 5093 2770 5154 Ecclesim,
2799 5099 2909 5144 tum
2949 5089 3184 5158 ejusdem
3214 5100 3413 5156 prwsu-

2468 5181 2520 5215 es
2549 5173 2777 5215 accuset.

2468 5181 2520 5217 εδ
2549 5173 2777 5216 accuset.

1900 5268 2039 5317 Ante
2067 5260 2252 5316 omnia
2288 5257 2635 5329 proponenda
2673 5264 2800 5310 sunt
2832 5269 2860 5307 a
2895 5268 2981 5307 me
3028 5251 3140 5316 illa,
3192 5250 3246 5305 in
3287 5247 3415 5318 qui,

1819 5539 1939 5594 dedi
1970 5535 2244 5590 διέϐαλλεν
2261 5543 2315 5588 et
2343 5534 2394 5586 in
2427 5533 2676 5585 lemmate
2705 5526 2884 5582 addidi
2913 5542 2972 5578 τε
2997 5531 3118 5593 post
3145 5522 3266 5594 τήν.

1893 5609 2008 5677 (95)
2052 5603 2436 5677 Syllabnmjtic
2467 5602 2688 5677 exhibet
2728 5598 2940 5677 illorum
2961 5593 3248 5657 Eusebius,
3273 5604 3411 5662 quos

1827 5669 2027 5746 scripto
2058 5669 2155 5730 suo
2183 5677 2257 5729 ait
2301 5673 2609 5727 Marcellum
2641 5669 2972 5739 exagitasse,
3009 5680 3149 5746 quos
3175 5677 3411 5746 genera-

1831 5735 1952 5812 tim;
1979 5748 2138 5817 λόγου
2178 5746 2483 5818 ἀρξάμενος
2531 5735 3075 5818 coinniei'noraverat.
3107 5735 3412 5818 .Erant’an-

1833 5801 2156 5876 tem'oiu'nes
2186 5801 2508 5872 Krianorum
2540 5810 2817 5884 primipili,
2851 5815 2906 5864 et
2941 5805 3201 5878 acerrimi
3225 5801 3413 5861 defen-
