3836 6216
159 304 272 362 735

1312 309 1595 366 CONTRA
1635 309 2061 368 MARCELLUM
2100 308 2233 366 LIB.
2271 311 2313 364 l.

3340 298 3446 362 7'54

173 445 197 481 ε
235 426 594 483 σκάνδαλον
642 423 705 483 εἴ
742 428 895 499 ἐμοι.
933 429 1046 499 (70)
1101 423 1272 496 Οὗτος
1332 434 1515 490 τοίνυν
1575 434 1774 488 ἐστὶνὸ

1894 453 1898 484 τ
1944 433 2186 488 Ecclesia
2237 438 2448 497 nostra,
2484 429 2755 485 diabolum
2810 428 3452 500 increpavit,prophetia

174 539 194 574 s
239 522 421 593 ἱερεὺς
453 523 482 574 6
507 521 697 592 μέγας,
727 517 787 577 οὗ
818 522 987 577 τύπον
1020 523 1224 588 ἔσωζεν
1260 527 1289 580 6
1329 524 1628 596 τηνικαῦτα
1665 527 1768 599 Ἰη-

175 630 196 666 s
237 612 384 677 σοῦς.
422 615 496 667 Οὐ
530 613 638 685 γὰρ
663 609 732 686 ἦν
763 615 988 670 δυνατὸν
1022 618 1228 672 ἐκεῖνον
1273 619 1449 690 μέγαν
1502 619 1765 691 κληθῆναι

173 722 196 756 s
241 704 394 776 ἱερέα
427 744 441 769 ,
492 703 670 758 καίτοι
727 705 938 773 ἔνδοξον
973 709 1030 761 ὲν
1082 710 1215 762 πᾶσι
1257 710 1550 778 γεγονότα,
1601 712 1769 764 Matii-

175 810 196 846 s
233 795 374 857 σὲως
415 793 490 864 μὴ
519 794 914 865 ὀνομασθέντος
947 797 1205 867 μεγάλου.
1237 799 1348 868 (71)
1367 799 1521 854 Οὕτω
1537 799 1645 871 γὰρ
1671 798 1770 870 μέ-

174 902 198 938 (
234 901 338 953 γας
382 881 451 956 ἦν
475 886 738 955 Μωῦσῆς,
759 889 842 940 ὅτι
878 889 970 941 καὶ
999 888 1253 960 Θεράπων
1283 891 1481 960 ἤκουσε
1503 889 1638 943 Θεοῦ
1673 891 1771 944 καὶ

175 996 197 1028 ‹
225 977 362 1041 Θεὸς
411 976 507 1030 τοῦ
547 977 749 1050 Φαραὼ
793 979 884 1032 ὑπ’
933 980 1100 1034 αὑτοῦ
1147 981 1240 1034 τοῦ
1284 981 1418 1034 Θεοῦ
1451 981 1766 1053 ὠνομάσθη.

177 1089 197 1120 ι
238 1071 302 1123 Εἰ
336 1071 393 1124 δέ
434 1087 516 1133 τις
555 1070 698 1124 κατὰ
728 1071 886 1125 τοῦτο
932 1073 1106 1143 μέγαν
1138 1073 1386 1144 εἰρῆσθαι
1423 1074 1512 1126 τὸν
1559 1073 1768 1144 Ἰησοῦν

179 1181 197 1212 ε
242 1161 477 1232 νομίζοι,
508 1165 588 1218 ὅτι
617 1165 779 1228 αὐτὸς
813 1163 1019 1236 ἠξιώθη
1061 1167 1374 1235 εἰσαγαγεῖν
1405 1166 1497 1220 τὸν
1528 1165 1656 1220 λαὸν
1688 1167 1769 1230 εἰς

178 1270 199 1301 ε
241 1251 342 1322 τὴν
369 1252 529 1320 ἁγίαν
563 1255 667 1325 γῆν
701 1253 796 1306 καὶ
827 1254 989 1327 ἕτερα
1018 1255 1191 1308 πολλὰ
1218 1255 1474 1327 θαύματα
1506 1256 1730 1326 ἐποίησε
1750 1273 1764 1287 ⁸

181 1362 201 1394 ι
242 1342 438 1412 γνώτω
473 1346 568 1398 καὶ
595 1345 685 1400 διὰ
717 1345 896 1410 τοῦτο,
935 1348 1018 1400 ὅτι
1052 1347 1113 1400 ού
1151 1347 1230 1418 τῷ
1261 1347 1478 1417 τυπικῷ
1515 1347 1771 1401 τοσοῦτον

180 1454 200 1486 ι
242 1435 460 1507 διέφερε
489 1439 776 1509 πράγματι
808 1439 870 1492 τὸ
902 1439 1090 1509 λεχθὲν
1136 1439 1364 1511 μέγεθος
1413 1440 1505 1493 ἐπὶ
1527 1440 1622 1493 τοῦ
1665 1440 1742 1492 Ἰτι
1770 1475 1773 1478 ι

181 1546 201 1578 ί
245 1527 342 1580 σοῦ
363 1568 378 1590 ,
409 1528 544 1582 ἀλλὰ,
569 1529 630 1582 τὸ
667 1529 861 1600 μικρὸν
896 1529 1124 1601 ὕστερον
1162 1531 1253 1584 τὸν
1287 1529 1478 1583 ἑαυτοῦ
1526 1530 1652 1583 λαὸν
1693 1547 1773 1594 εις

183 1635 204 1667 s
244 1617 346 1687 τὴν
385 1618 626 1690 μεγάλην
653 1620 856 1691 ταύτην
897 1623 1214 1691 εἰσαγαγεῖν
1259 1621 1615 1695 Ἰερουσαλὴμ
1647 1621 1774 1694 μὲλ-

183 1727 204 1757 ι
251 1707 386 1764 λειν.
440 1729 461 1762 s
525 1711 690 1782 Ὀρᾷς
722 1712 846 1764 ὅσον
903 1713 1172 1784 ἠγνόησεν
1212 1712 1619 1782 ἀποπλανηθεὶς
1669 1712 1772 1782 τῆς

1876 543 1894 577 ι
1939 523 2188 592 pradiin
2209 520 2396 578 dicens
2422 521 2588 592 quod,
2615 521 2711 574 Abi
2754 521 2817 574 de
2856 531 2969 590 post
3011 537 3122 587 me,
3162 519 3331 575 Satan
3355 533 3453 574 :ea

1875 639 1894 671 ‹
1941 618 2079 688 quod
2128 616 2378 672 scandala
2419 614 2546 669 mihi
2578 614 2650 668 sis
2678 615 2745 669 ³⁸.
2789 612 2887 668 Hic
2917 622 2999 668 est
3040 629 3171 685 ergo
3202 615 3455 671 sacerdos

1875 728 1896 762 ‹
1941 709 2032 764 ille
2063 721 2312 779 magnus,
2350 704 2504 774 cujus
2535 715 2718 777 typum
2742 707 2964 774 gerebat
2993 707 3121 762 olim
3150 706 3240 763 ille
3277 707 3456 764 Jesus.

1877 819 1896 852 ι
1943 799 2131 870 Neque
2153 800 2297 854 enim
2329 814 2429 869 par
2453 807 2540 853 est
2581 799 2924 865 existimare,
2967 799 3118 854 illum
3157 799 3330 869 ipsum
3365 817 3456 871 ap-

1876 910 1894 944 (
1943 893 2200 962 pellatum
2252 893 2588 948 sacerdotem
2637 907 2931 961 magnum,
2987 892 3115 946 licet
3159 903 3306 948 esset
3362 909 3458 964 per

1877 1003 1896 1036 ε
1941 986 2124 1039 omnia
2157 984 2451 1054 gloriosus,
2488 999 2608 1038 cum
2638 997 2707 1038 ne
2737 981 2948 1052 Moyses
2973 984 3191 1052 quidem
3234 999 3459 1054 magnus

1877 1097 1895 1128 ‹
1948 1077 2252 1134 nominetur
2289 1095 2302 1130 :
2339 1085 2394 1132 et
2418 1088 2598 1130 tamen
2634 1077 2709 1130 ita
2739 1088 2969 1143 magnus
2997 1086 3115 1130 erat
3142 1074 3375 1146 Moyses,
3401 1083 3461 1129 ut

1879 1185 1898 1219 ι
1942 1168 2035 1223 Dei
2066 1167 2302 1222 famulus
2347 1169 2720 1220 nominaretur
2745 1205 2760 1229 ,
2789 1175 2845 1220 et
2876 1165 3016 1219 Deus
3067 1165 3288 1236 insuper
3325 1162 3462 1219 Pha-

1882 1281 1899 1312 ‹
1950 1259 2164 1324 raonis;
2195 1258 2356 1326 idque
2389 1258 2555 1313 etiam
2585 1273 2615 1312 a
2647 1258 2760 1312 Deo
2789 1257 2926 1326 ipso.
2965 1261 3022 1320 >14
3059 1255 3114 1310 Si
3153 1256 3275 1326 quis
3301 1271 3464 1327 porro

1879 1373 1897 1404 ‹
1943 1351 2014 1406 ob
2047 1352 2099 1405 id
2126 1348 2313 1405 Jesum
2337 1365 2588 1421 magnum
2615 1350 2816 1404 dictum
2864 1349 3182 1414 arbitretur,
3222 1350 3365 1420 quod
3393 1349 3466 1405 di-

1879 1462 1897 1481 ο
1943 1459 2084 1499 anus
2123 1442 2290 1497 fuerit
2329 1443 2568 1508 habitus,
2596 1441 2685 1509 qui
2721 1441 2975 1511 pepulum
3014 1441 3376 1497 introduceret
3409 1443 3467 1498 in

1878 1555 1898 1589 ι
1948 1549 2149 1591 terram
2186 1550 2406 1589 uanaan
2428 1574 2443 1599 ,
2474 1543 2528 1588 et
2569 1533 2852 1586 miraculis
2878 1533 3199 1602 quibusdam
3233 1532 3355 1588 aliis
3382 1549 3468 1589 co-

1880 1647 1899 1680 ‹
1951 1639 2228 1694 ruscaret,
2275 1629 2321 1683 is
2364 1628 2631 1699 intelligat
2687 1637 2935 1696 oportet,
2984 1636 3467 1683 commemoratam

1881 1739 1901 1772 ι
1951 1722 2092 1775 illam
2120 1719 2248 1774 Jesu
2290 1720 2742 1790 magnitudinem,
2777 1734 2884 1774 non
2925 1719 3060 1773 adeo
3100 1735 3197 1790 per
3230 1721 3465 1791 typicam

182 1799 448 1870 ἱστορίας,
501 1779 601 1854 καὶ.
634 1779 726 1873 -μὴ
776 1779 1025 1874 δυνηθεὶς
1062 1779 1372 1874 ’ἐπιστῆσαι
1418 1779 1498 1874 τῷ
1543 1803 1650 1856 ὑπὸ
1680 1779 1774 1856 τοῦ

1894 1829 1904 1862 l
1952 1809 2096 1863 ﬂiam
2156 1810 2426 1863 actionem
2493 1809 2802 1876 emicuisse,
2852 1817 3116 1877 quantum
3178 1820 3467 1879 propterea

179 1892 468 1962 προφήτου
515 1893 784 1966 Ζαχαρίου
830 1895 1125 1965 δηλωθέντι
1174 1894 1372 1966 Ἰησοῦ.
1434 1895 1491 1948 Ὀ
1527 1895 1626 1966 μὲν
1667 1894 1776 1966 γὰρ

177 1978 248 2054 ἦν
275 1984 393 2047 υἱὸς
429 1983 697 2050 Ἰωσεδὲκ,
729 1987 904 2057 φυλῆς
928 1987 1167 2040 Λευϊτῶν
1199 1988 1307 2040 ἀπὸ
1331 1987 1522 2055 γένους
1566 1985 1777 2058 ’Δαρὼν

177 2076 284 2147 τὴν
328 2077 741 2151 ἀρχιερωσύνην
782 2079 1208 2149 ἀναδεδεγμένος
1255 2080 1402 2150 (72)·
1451 2081 1579 2150 παρ’
1623 2079 1652 2131 ὃ
1685 2080 1779 2132 καὶ

176 2169 371 2241 μέγας
403 2170 595 2240 ἱερεὺς
627 2170 1014 2244 ἐχρημάτιζεν,
1050 2171 1240 2245 ὥσπερ
1280 2169 1372 2226 οῦν
1420 2174 1448 2226 6
1491 2173 1778 2244 προφήτης

175 2262 449 2328 διδάσκει,
490 2262 700 2334 λέγων·
746 2265 858 2318 Καὶ
903 2264 1099 2329 ἕδειξέ
1137 2283 1239 2335 μοι
1282 2267 1500 2334 Κύριος
1539 2263 1776 2332 Ἰησοῦν

180 2355 292 2409 τὸν
322 2354 480 2424 ἱερέα
511 2355 618 2409 τὸν
658 2355 868 2426 μέγαν.
915 2357 973 2410 '0
995 2356 1052 2409 δὲ
1085 2356 1364 2420 Μωῡσέως
1389 2357 1632 2426 διάδοχος
1673 2357 1778 2424 Ἰη-

183 2445 337 2508 σοῦς,
377 2448 406 2499 6
446 2447 525 2510 είς
565 2446 661 2516 τὴν
697 2447 801 2518 γῆν
839 2448 938 2518 τῆς
981 2448 1312 2517 ἐπαγγελίας
1345 2449 1493 2516 ἄγων
1525 2447 1617 2500 τὸν
1649 2447 1778 2500 λαὸν

181 2536 280 2589 τοῦ
322 2537 550 2608 Κυρίου,
601 2539 697 2592 καὶ
742 2539 905 2610 ’ἐτερα
939 2539 1130 2604 πολλὰ,
1185 2541 1280 2593 καὶ
1325 2539 1618 2610 θαυμαστὰ
1654 2556 1777 2592 ποι-

183 2631 350 2700 ήσας,
375 2631 490 2695 υίὸς
513 2632 777 2702 ἐτύγχανε
798 2632 892 2685 τοῦ
912 2633 1090 2704 Ναυῆ,
1116 2634 1288 2704 φυλῆς
1310 2633 1366 2686 δὲ
1386 2634 1485 2704 τῆς
1515 2631 1775 2704 Ἐφραῒμ,

183 2723 340 2776 οὐδὲν
371 2723 550 2778 κοινὸν
585 2723 816 2796 ἐχούσης
853 2725 990 2797 πρὸς
1018 2725 1342 2798 ἱερωσύνην.
1383 2726 1442 2779 '0
1475 2725 1655 2779 τοίνυν
1684 2742 1777 2778 το-

186 2815 380 2870 σοῦτον
421 2816 759 2886 ἀποσφαλεὶς
787 2817 888 2888 τῆς
933 2817 1224 2889 προχείρου
1262 2815 1493 2883 λέξεως,
1527 2816 1690 2889 ψιλήν
1718 2833 1781 2870 τε

183 2909 286 2982 τὴν
329 2908 572 2980 ἱστορίαν
615 2909 922 2980 ἀγνοήσας,
957 2908 1074 2974 πῶς
1121 2909 1188 2963 ἂν
1226 2909 1438 2978 γένοιτο
1480 2909 1780 2982 ἀξιόχρεως

266 3008 328 3065 ›Ῑ‹
372 3000 468 3055 Ed.
505 3001 682 3056 Paris.
713 3017 835 3071 pag.
868 3001 956 3057 ll.

267 3097 316 3130 ³⁸
343 3095 534 3152 Matth.
575 3113 687 3164 XVI,
733 3097 826 3153 25.

191 3282 330 3338 eade
353 3290 466 3345 post
489 3297 592 3344 me,
624 3283 689 3334 ad
713 3279 936 3335 Petrum
969 3282 1244 3342 dicantur,
1295 3281 1496 3350 reliqua
1541 3297 1672 3337 vero
1719 3281 1783 3335 ad

195 3351 474 3406 diabolum
499 3351 818 3420 separatim,
855 3367 885 3404 a
909 3368 1013 3420 qua
1044 3353 1338 3417 sententia,
1367 3352 1630 3420 Origenes
1663 3367 1785 3406 cum

198 3419 679 3490 Hieronymoﬁion
699 3419 948 3476 fortassis
965 3423 1320 3476 abhorruere.
1342 3423 1385 3475 Μ
1409 3419 1479 3462 -έ
1493 3422 1613 3476 Mox
1635 3421 1794 3489 vulgo

197 3491 421 3563 6po~36é
444 3490 512 3544 τά
542 3509 594 3563 τ.
634 3491 765 3563 Dein
785 3491 930 3563 _dele
971 3492 1050 3563 δεῖ
1070 3508 1223 3563 c_um__
1245 3492 1403 3563 codd.
1459 3491 1605 3546 Inl‘ra
1635 3491 1794 3560 vulgo

197 3554 401 3634 Μαρίᾳ⁸
427 3561 559 3634 φησί
589 3579 722 3634 μ.φ.
747 3561 1003 3634 Μαριάμ,
1030 3554 1158 3615 Dein
1186 3561 1544 3634 Elegacodd.
1575 3571 1629 3616 et
1662 3554 1793 3616 mss.

199 3617 325 3690 iui-.3
352 3617 520 3702 ἔδείξε
553 3617 608 3686 εἰ
650 3617 881 3702 denique
921 3617 1079 3702 v'ulgo
1101 3617 1558 3701 προφητίλέγων.

280 3702 394 3774 (70)
429 3699 618 3768 Οὗτος
638 3701 847 3755 τοίνυν
876 3699 1052 3774 ἐστὶν⁹
1081 3705 1114 3756 ό
1145 3699 1663 3774 lepebthatishic
1697 3715 1795 3758 ex-

202 3773 416 3846 pressit
460 3783 693 3846 mentem
730 3785 882 3846 suam
915 3773 1096 3846 _h_isce
1147 3774 1306 3846 dictis
1370 3773 1676 3846 Muret-llus,
1735 3785 1795 3846 se

209 3840 318 3898 non
355 3845 565 3912 cepisse
616 3842 718 3896 hoe
765 3840 1082 3912 vaticinium
1133 3843 1199 3897 de
1232 3841 1361 3897 Jesn
1404 3842 1625 3897 Christo
1650 3840 1793 3894 κατὰ

206 3910 467 3986 γράμμα,
490 3921 556 3986 Δ(ει
586 3913 785 3966 σκοπὸν
805 3910 1052 3986 πρῶτον,
1105 3913 1197 3966 sed
1231 3916 1410 3986 typico
1457 3920 1791 3986 tan_tum,Aet

208 3981 540 4039 secundario
571 3997 756 4038 sensu.
794 3981 1080 4048 Quomodo
1105 3981 1416 4050 exponebat
1441 3991 1496 4036 et
1523 3981 1789 4036 Eusebius

209 4056 354 4125 ipse,
389 4054 553 4125 nullo
594 4054 834 4119 percitus
864 4062 1049 4125 Aoestro
1093 4053 1562 4125 contradictionis,
1614 4052 1667 4106 in
1738 4066 1791 4105 tv

222 4120 431 4178 Ἀποδ.
462 4139 569 4178 non
605 4128 762 4192 longe
798 4138 826 4175 a
857 4120 986 4193 line.
1011 4121 1142 4193 Quae
1177 4122 1594 4193 interpretatio
1618 4136 1791 4191 neque

211 4204 421 4264 potest,
451 4207 628 4261 neque
661 4189 826 4264 debet
855 4189 1054 4264 refelli.
1088 4189 1379 4257 Nimirum,
1403 4207 1524 4247 cum
1543 4191 1648 4264 illis
1676 4189 1794 4245 oin-

213 4261 309 4319 nia
338 4264 722 4333 contingerent
780 4261 834 4316 in
869 4261 1080 4333 ﬁgura,
1111 4273 1319 4317 certum
1367 4273 1473 4328 est,
1506 4263 1647 4332 quod
1672 4276 1794 4330 quae

212 4336 519 4389 secundum
538 4331 817 4399 litteram,
850 4331 918 4404 de
944 4333 1449 4404 typodicebantur;
1494 4335 1795 4404 secundum

212 4405 511 4475 mysticum
579 4417 823 4468 sensum,
879 4403 1315 4475 de__substantia
1366 4403 1793 4475 usurpabantur.

212 4470 542 4553 Quanquam
573 4475 912 4553 concedatur;
937 4470 1276 4538 Marcellum,
1306 4473 1470 4528 ctiam
1501 4473 1795 4553 secundum
1829 4498 1874 4553 ι)

215 4541 459 4598 litteram
493 4545 608 4598 haec
633 4543 700 4596 de
735 4541 957 4597 Christo
990 4557 1283 4610 usurpasse
1318 4565 1328 4597 :
1373 4560 1476 4596 non
1506 4552 1625 4596 erat
1673 4543 1794 4597 ideo

217 4613 514 4683 imperitiae
554 4612 934 4682 postulandus.
973 4611 1364 4683 Tertullianus,
1409 4614 1493 4666 vir
1528 4627 1649 4683 cum
1692 4611 1797 4667 Eu-

217 4681 377 4738 sebio
400 4681 590 4738 saltem
637 4683 1066 4754 componendus,
1111 4681 1202 4736 διὰ
1251 4684 1350 4754 τὴν
1401 4681 1794 4754 πολυμάθειαν,

219 4755 327 4810 hoc
373 4755 446 4807 ita
481 4755 647 4808 habet
695 4750 887 4806 contra
925 4750 1142 4807 Iudaeos
1183 4770 1197 4806 :
1230 4750 1342 4807 Nec
1371 4750 1606 4821 poteritis
1642 4753 1796 4806 illum

215 4821 466 4878 losedeci
481 4823 650 4891 ﬁlium
674 4825 864 4885 dicere,
882 4825 970 4893 qui
994 4821 1147 4876 nulla
1163 4825 1376 4877 omnino
1401 4832 1534 4876 veste
1554 4825 1794 4886 sordida,

219 4894 313 4948 sed
345 4910 547 4962 semper
564 4894 876 4948 sacerdotali
919 4893 1022 4961 fuit
1068 4904 1372 4948 exornatus.
1411 4893 1522 4947 Nec
1558 4910 1796 4962 unquam

219 4961 542 5017 sacerdotali
569 4979 784 5018 munere
811 4964 1044 5026 privatus
1081 4979 1098 5016 :
1126 4963 1215 5016 sed
1249 4962 1404 5018 Jesus
1429 4974 1504 5016 est
1532 4961 1792 5028 Christus,

225 5034 323 5088 Dei
357 5031 537 5086 Patris
562 5035 752 5087 summi
785 5031 1066 5094 Sacerdos,
1106 5041 1238 5098 etc.;
1269 5049 1390 5086 cum
1423 5049 1488 5088 eo
1519 5034 1797 5088 consentit

221 5103 478 5160 Lactant.
505 5104 602 5158 lib.
634 5119 708 5167 tv,
743 5117 866 5171 cap.
916 5103 1004 5166 14,
1034 5113 1088 5157 et
1121 5102 1436 5172 Hieronym.
1481 5104 1703 5171 epistola
1739 5104 1791 5160 8.

222 5174 325 5228 llle
359 5175 578 5242 quidem
610 5174 1105 5237 aliornnrdiversas
1138 5173 1223 5226 hic
1252 5174 1548 5227 sententias
1589 5183 1643 5226 et
1680 5176 1796 5242 Opi-

220 5247 420 5299 Diones
451 5245 663 5310 recitat,
715 5243 1079 5313 Hieronymus
1143 5243 1355 5296 videtur
1403 5243 1708 5297 Marcellum
1741 5245 1792 5298 in

223 5315 412 5366 aliitno
438 5313 714 5370 habuisse.
764 5312 965 5367 Scribit
1014 5312 1264 5368 Lactant.
1313 5313 1420 5367 Sed
1467 5313 1550 5366 illi
1586 5331 1790 5380 rursus,

221 5385 404 5453 eodem
438 5386 591 5436 modo
618 5383 742 5453 falsi
763 5383 1063 5453 deceptique
1096 5394 1216 5436 sunt
1243 5399 1263 5438 :
1288 5394 1527 5453 putantes
1573 5383 1684 5438 haec
1729 5385 1794 5438 de

222 5451 353 5506 Jesu
377 5453 489 5518 ﬁlio
509 5451 656 5507 Nave
676 5455 940 5522 dicta,qui
967 5451 1231 5508 successor
1255 5451 1354 5522 fuit
1376 5452 1551 5522 Moysi
1574 5470 1592 5508 :
1613 5463 1703 5508 aut
1728 5457 1792 5508 de

223 5471 353 5506 Jesu
377 5471 489 5518 ιιηο
509 5471 656 5507 nave
676 5471 840 5515 uicta,
891 5471 940 5505 ut
967 5471 1231 5508 successor
1255 5471 1354 5522 [au
1376 5471 1426 5506 tu
1439 5471 1550 5522 oysi
1574 5471 1592 5508 :
1613 5471 1703 5508 aut
1728 5471 1790 5508 ae

223 5522 503 5576 sacerdote
535 5522 684 5590 Jesu,
713 5524 826 5591 ﬁlio
851 5471 1113 5589 30sedeci,
1140 5526 1194 5595 in
1225 5541 1350 5588 quos
1376 5525 1508 5577 nihil
1553 5534 1790 5595 congruit

224 5609 410 5645 eorum
438 5609 552 5662 qth
569 5595 818 5662 propheta
843 5597 1096 5648 narravit.
1125 5594 1230 5648 Sed
1253 5595 1305 5645 in
1329 5595 1424 5647 hoc
1455 5594 1792 5648 consideran-

226 5670 378 5726 dum,
416 5659 533 5728 «πη
570 5659 913 5730 ἰίιοιρηιρονε
951 5665 1121 5717 stabat
1167 5680 1196 5715 a
1229 5665 1427 5716 dextris
1471 5663 1700 5726 Domini,
1734 5675 1788 5717 ut

227 5733 600 5804 adversaretur
617 5732 664 5784 ei
694 5729 945 5804 (Zachar.
986 5749 1071 5804 tn,
1103 5735 1220 5804 1).)
1262 5734 1328 5788 Ει
1369 5735 1556 5788 beatus
1597 5734 1788 5796 lliero-

228 5817 426 5872 nymus
456 5818 475 5862 :
506 5801 732 5870 Quando
767 5802 922 5860 Iesus
972 5801 1190 5862 habebat
1226 5805 1444 5864 sordida
1491 5806 1790 5860 vestimenta

1885 1921 1903 1953 ι
1949 1902 2092 1971 quod
2141 1917 2250 1956 non
2283 1901 2356 1955 ita
2391 1902 2480 1956 diu
2530 1909 2712 1970 postea
2742 1901 2997 1970 populum
3035 1917 3190 1956 suum
3229 1913 3345 1959 erat
3380 1904 3460 1956 in-

1883 2009 1906 2046 ι
1949 1993 2322 2059 traducturus,
2359 1993 2412 2048 in
2463 2009 2715 2063 magnam
2763 1994 2904 2048 hanc
2952 2003 3194 2048 nostram
3248 1992 3466 2048 Jerusa-

1885 2104 1905 2136 ‹
1946 2085 2072 2141 lem.
2121 2105 2140 2137 ι
2199 2085 2364 2142 Vides
2433 2087 2553 2141 ideo
2601 2102 2762 2156 quam
2815 2086 3130 2141 immaniter
3170 2086 3384 2140 aberret
3416 2087 3470 2141 in

1882 2180 1982 2234 hac
2035 2178 2293 2243 historia,
2330 2178 2423 2246 qui
2472 2177 2657 2234 Jesum
2699 2179 2874 2244 illum,
2904 2193 3002 2248 per
3034 2178 3350 2247 prophetam
3375 2178 3474 2232 Za-

1875 2270 2119 2324 chariam
2171 2279 2697 2334 commemoratum,
2747 2286 2853 2324 non
2909 2269 3178 2324 intellexit
3215 2269 3337 2339 quis
3380 2277 3474 2323 aut

1875 2363 2052 2432 qualis
2075 2363 2252 2419 fuerat
2275 2401 2292 2416 .
2321 2363 2452 2418 Erat
2478 2374 2660 2418 autem
2705 2363 2919 2429 genitus
2951 2361 3216 2416 Josedeco
3237 2401 3252 2426 ,
3277 2363 3342 2415 de
3372 2360 3472 2416 tri-

1875 2452 1944 2506 bu
1976 2451 2245 2517 Levitica,
2283 2452 2352 2506 ab
2401 2453 2620 2506 Aarone
2663 2451 2926 2506 oriundus
2963 2467 3176 2507 summo
3212 2450 3471 2520 praeditus

1877 2541 2183 2596 Judaeorum
2211 2543 2529 2612 pontiﬁcatu
2555 2543 2850 2612 :quoeirca
2880 2562 2898 2595 ι
2925 2557 3150 2612 magnus
3171 2543 3426 2598 sacerdos
3447 2561 3469 2596 ι

1895 2631 2228 2687 nominatur.
2274 2633 2384 2687 Hoc
2432 2637 2592 2688 docet
2633 2635 2898 2703 propheta
2971 2633 3191 2688 disertis
3241 2634 3472 2688 verbis:

1887 2721 1956 2776 Et
1975 2725 2201 2780 ostendit
2223 2727 2351 2779 mihi
2372 2725 2629 2781 Dominus
2651 2725 2832 2780 Iesum
2855 2727 3178 2781 sacerdotem
3202 2743 3472 2796 magnum.

1886 2813 2092 2887 Moysis
2126 2832 2291 2887 porro
2317 2831 2603 2872 successor
2635 2816 2725 2871 ille
2749 2815 2932 2882 Jesus,
2956 2819 3047 2886 qui
3082 2817 3178 2872 Dei
3212 2817 3471 2887 populum

1888 2911 1944 2965 in
1976 2921 2177 2966 terram
2200 2911 2582 2982 promissionis
2609 2911 2932 2977 introduxit,
2965 2919 3021 2967 et
3071 2910 3258 2966 multis
3302 2909 3475 2966 incla-

1811 3285 1854 3344 C
1890 3280 2043 3350 (ibid.
2076 3277 2133 3350 '5)
2162 3319 2177 3344 ,
2204 3273 2401 3350 hoc'est
2420 3275 2656 3350 quandiu
2677 3273 2924 3350 portabat
2953 3289 3166 3350 peccata
3193 3281 3392 3350 nostra,
3417 3274 3476 3350 in

1895 3341 2780 3420 ‘peccatis'rr'nosl_ris_aduersatur_
2947 3344 3211 3420 diabolus.
3247 3341 3476 3420 Quando

1897 3412 2072 3474 autem
2101 3419 2251 3483 dicit,
2281 3417 2334 3470 in
2375 3414 2661 3474 Zacharia,
2688 3433 2706 3465 ι
2738 3412 2948 3476 Tollite,
2981 3413 3150 3483 tollite
3165 3414 3475 3469 vestimenta

1901 3491 2048 3561 (ibid.
2072 3489 2125 3559 4)
2151 3503 2207 3561 »_:
2236 3497 2282 3539 et
2309 3486 2575 3561 continuo,
2606 3503 2623 3535 ι
2656 3485 2780 3561 dicit
2808 3483 3057 3561 Jesus_ad_
3075 3482 3363 3561 diabqlum.
3393 3484 3478 3561 in-

1902 3551 2070 3627 crepet
2098 3551 2145 3612 te
2171 3557 2448 3621 Dominus,
2487 3574 2505 3606 ι
2530 3563 2636 3627 etc.
2663 3553 2809 3627 Idem
2837 3553 3188 3627 doctissimus
3213 3551 3395 3619 Pater,
3419 3554 3473 3608 in

1903 3623 2324 3684 Commentariis
2347 3628 2412 3678 ad
2437 3624 2712 3694 propheta:
2743 3623 2944 3687 locum,
2989 3623 3254 3687 insinuat,
3288 3632 3476 3691 aperte

1901 3712 2245 3755 communem
2275 3695 2443 3750 fuisse
2478 3693 2917 3748 Christianorum
2945 3694 3249 3756 doctorum,
3285 3703 3476 3748 contra

1900 3769 2115 3825 Judaeos
2140 3767 2449 3836 opinionem
2486 3764 2554 3836 de
2590 3763 2717 3836 Jesu
2754 3762 3138 3836 Christo,_non
3171 3773 3352 3836 autem
3380 3761 3472 3817 Je-

1896 3855 1958 3894 su
2015 3833 2293 3903 Joselleci,
2365 3837 2466 3890 hoc
2532 3833 2586 3888 in
2639 3835 2756 3888 loco
2809 3833 3021 3888 institui
3068 3833 3473 3887 tractationem.

1899 3909 2090 3965 Nostri
2123 3918 2319 3967 autem,
2351 3906 2544 3975 inquit,
2579 3904 2654 3957 ita
2685 3905 2972 3975 disserunt,
3017 3905 3341 3958 sacerdotem
3366 3921 3478 3958 esse

1894 3996 2165 4051 magnum,
2194 3978 2262 4030 ad
2279 3973 2439 4051 quem
2455 3977 2600 4051 dicit.
2627 3973 2833 4051 s_Tu_es
2855 3977 3097 4051 sacerdos
3118 3975 3174 4027 in
3199 3983 3475 4051 a'ternum,

1895 4043 2183 4105 secundum
2219 4043 2452 4101 ordinem
2485 4045 2850 4099 .llelcliisedec.
2898 4045 3076 4112 (Psal.
3106 4060 3216 4108 (ιιι,
3241 4043 3319 4115 4).
3352 4043 3476 4098 Νοη

1902 4132 2079 4176 autem
2118 4133 2228 4173 esse
2270 4115 2475 4180 Jesum,
2512 4115 2688 4184 ﬁlium
2733 4115 2959 4169 Josedec
3003 4127 3261 4168 conantur
3301 4125 3476 4168 osten-

1899 4191 2042 4260 dere,
2071 4189 2210 4260 quod
2229 4203 2332 4260 non
2353 4187 2419 4240 sit
2442 4186 2742 4260 appositum
2880 4186 3136 4260 praesenti
3171 4185 3311 4260 loco,
3334 4185 3479 4260 filius

1899 4255 2120 4315 losedéc
2151 4274 2168 4312 :
2196 4259 2286 4327 qui
2315 4257 2369 4310 in
2401 4258 2522 4310 aliis
2551 4255 2707 4327 locis,
2734 4256 2824 4309 ubi
2867 4273 2982 4312 vere
3009 4257 3074 4309 de
3104 4255 3232 4310 Jesu
3255 4256 3476 4320 dicitur,

1945 4331 2016 4385 lio
2035 4325 2281 4394 Iosedec,
2320 4342 2521 4392 semper
2547 4325 2611 4379 de
2653 4328 2821 4396 patris
2845 4327 3152 4396 cognomine
3177 4336 3472 4396 censeatur.

1931 4413 2118 4472 taque,
2147 4399 2362 4472 quidni
2395 4395 2684 4472 Marcellus
2724 4397 2798 4450 ita
2836 4395 3142 4472 capiendus
3189 4395 3471 4472 sit,__qu_asi

1910 4463 2021 4525 non
2084 4463 2297 4526 locutus
2341 4468 2528 4528 fuerit,
2562 4481 2726 4522 sensu
2768 4463 2966 4534 primo,
3009 4468 3100 4520 sed
3148 4474 3207 4519 ut
3244 4463 3341 4518 illi
3371 4463 3477 4520 Pa-

1907 4551 2038 4606 tres,
2069 4551 2127 4596 et
2157 4539 2247 4592 alii
2281 4548 2481 4608 praeter
2510 4536 2766 4608 istos,pde
2797 4538 2994 4604 quibus
3025 4536 3228 4608 videsis
3252 4534 3477 4608 doctis:

1898 4605 2096 4666 simum
2147 4605 2429 4678 Ribe'ljam,
2479 4605 2622 4662 κατὰ
2671 4605 2925 4678 δεύτερον
2981 4605 3209 4678 σκοπόν,
3250 4605 3303 4660 id
3327 4606 3479 4678 quod

1897 4682 2104 4737 indicat
2129 4680 2244 4748 ipse
2265 4674 2326 4734 οὗ
2357 4677 2527 4732 τύπον
2551 4676 2755 4748 ἔσωζεν
2800 4674 3404 4748 ὁήτηνικαῦτίαἹῃσοῦς.
3433 4675 3483 4729 Μ

1989 4751 2078 4820 71)
2114 4746 2280 4804 Οῦπω
2323 4751 2402 4813 R;
2437 4765 2560 4820 mox
2588 4747 2696 4820 τοῦ
2734 4746 3065 4820 ἀθΙθνίωιιρ
3105 4746 3276 4820 Θεοῦ;
3320 4761 3484 4820 porro

1897 4817 2251 4878 εοᾶάζαύτοῦ
2283 4822 2376 4876 τοῦ
2409 4818 2544 4873 Θεοῦ
2570 4819 2738 4889 ὠνομ.
2775 4829 2866 4870 aut
2891 4818 3058 4872 αὐτοῦ
3097 4817 3292 4888 ὠνομ.,
3320 4817 3483 4889 Vulgo

1895 4894 2061 4948 αὐτοῦ
2088 4892 2221 4946 Θεοῦ
2238 4893 2410 4963 ώνομ.
2432 4887 2745 4963 M.—-—Porro
2762 4889 2838 4960 τῷ
2855 4889 2904 4942 λ.
2925 4890 3042 4963 loco
3061 4887 3219 4963 τῃ,
3243 4887 3332 4956 qui
3357 4889 3482 4963 dein

1899 4964 2114 5036 μέλλειν
2147 4963 2224 5018 vel
2260 4957 2506 5036 μέλλοντι
2538 4957 2998 5028 οοηλὶοἰιζοοάά.
3051 4959 3264 5031 μέλλον,
3321 4957 3483 5028 vulgo

1941 5035 2125 5088 ἐλλων.

1899 5053 2249 5178 ξεΐςὲνῇαβ
2280 5105 2311 5158 ὃ
2346 5105 2442 5158 καὶ
2471 5099 2912 5178 ὶώγρςξὶερεῷς.
2957 5100 3071 5178 Non
3107 5107 3189 5154 est
3223 5098 3312 5152 hic
3335 5096 3479 5178 titu-

1896 5166 1984 5230 ius
2017 5166 2152 5230 adeo
2185 5166 2445 5244 frequens
2471 5166 2528 5230 in
2558 5166 2909 5244 scripturis,
2925 5172 3018 5244 sed
3063 5184 3307 5244 summus
3335 5166 3481 5244 Pon-

1898 5246 2030 5318 tifex
2071 5240 2324 5318 appellari
2362 5240 2848 5318 soletia‘tpxts’pebg.
2887 5240 3242 5318 Sol_ns,__quod
3287 5240 3478 5318 hiemi-

1901 5310 2308 5381 nerimelias
2345 5310 2748 5384 petitifef'qin
2811 5312 3019 5367 invenit
3070 5311 3265 5365 librum
3316 5310 3475 5379 legis,

1897 5385 2060 5442 Jesus
2099 5386 2260 5440 istius
2291 5388 2520 5448 abavus,
2580 5385 2652 5438 ita
2702 5393 2996 5450 usurpatur
3023 5399 3036 5435 :
3063 5391 3118 5436 et
3165 5391 3292 5434 ante
3326 5395 3473 5443 eum,

1895 5454 2156 5510 Jehoiada
2187 5472 2200 5508 :
2231 5458 2322 5524 qui
2355 5466 2534 5510 tamen
2569 5471 2677 5524 non
2702 5464 2822 5508 erat
2861 5451 3129 5524 pontifex,
3161 5461 3251 5524 aut
3284 5465 3473 5524 sacer—

1893 5526 2081 5581 dotum
2117 5517 2381 5581 summus.
2426 5526 2492 5580 Et
2538 5527 2590 5579 in
2643 5517 2908 5578 Zacharia
2943 5521 3157 5592 legitur,
3188 5521 3281 5593 τὸν
3322 5517 3477 5593 ἱερέα

1890 5596 1982 5669 τὸν
2009 5597 2203 5669 μέγαν,
2239 5596 2394 5666 quasi
2425 5612 2531 5669 non
2559 5605 2707 5650 esset
2734 5594 3039 5669 cunni-mnis
3064 5592 3307 5669 pinnium
3335 5592 3472 5669 pono

1906 5659 2112 5722 tiiieuni
2153 5659 2339 5723 titulus
2368 5667 2499 5722 :sed
2552 5665 2826 5720 normullis
2889 5663 3274 5720 illustrioribus
3313 5659 3479 5720 altri-

1891 5736 2074 5797 butus.
2118 5739 2189 5794 Μ.
2224 5770 2293 5780 -
2327 5739 2448 5796 Mox
2481 5736 2641 5808 vulgo
2674 5733 3060 5812 ἐχρημάτισεν.
