3836 6216
393 295 496 348 ’135

1073 293 1343 352 EUSEBII
1386 295 1863 352 CASSARIENSIS
1903 297 2055 354 OPP.
2097 297 2277 352 PARS
2313 297 2404 352 iV.
2444 329 2514 341 —
2551 293 2996 355 DOGMATICA.‘

3569 295 3678 349 736

393 409 501 462 ruit
548 410 843 476 miraculis,
876 419 994 464 erat
1042 412 1183 467 (ilius
1231 411 1397 477 Nave,
1427 415 1493 470 de
1521 415 1662 469 tribu
1693 415 1969 484 Ephraim,

2094 415 2214 486 τρὸς
2249 416 2600 471 διδασκαλίαν
2631 419 2733 488 τῆς
2771 417 3031 472 ἀνωτάτω
3079 414 3392 482 θεολογεαςς
3427 413 3546 466 Καὶ
3585 399 3680 465 ὲπῖ

396 515 515 567 qua:
551 501 723 555 tribtts
753 517 874 556 cum
931 504 1235 558 sacerdotio
1273 505 1407 559 nihil
1450 506 1637 560 habuit
1667 521 1974 561 commune.

397 590 686 655 Quocirca,
726 593 817 659 qui
873 591 924 646 in
976 607 1110 648 voce
1144 602 1251 647 tam
1282 594 1453 648 cuivis
1486 595 1644 649 obvia
1681 597 1974 658 aberravit,

395 690 452 736 et
478 682 676 740 nudam
708 683 979 752 ignoravit
1017 684 1271 740 Historiae
1316 687 1538 752 seriem,
1588 705 1692 742 non
1734 699 1908 756 potest
1929 690 1978 742 ei

398 779 514 826 tuto
557 775 692 827 satis
732 774 863 828 ﬁdes
899 775 1146 830 adhiberi
1188 776 1239 829 in
1267 777 1426 831 rebus
1456 778 1796 848 theologicis,
1825 789 1879 833 et
1899 778 1983 833 di-

395 862 575 916 vinam
601 864 1032 933 pertingentibus
1056 868 1444 936 cognitionem.
1489 869 1758 924 Debemus
1799 879 1978 924 autem

396 964 453 1008 et
481 955 531 1008 in
567 955 728 1009 Petro
771 958 1022 1013 insistere
1047 999 1062 1024 ,
1098 960 1554 1028 quemadmodum
1604 962 1670 1014 ad
1705 961 1853 1015 illum
1898 962 1982 1016 di-

398 1055 545 1099 ctum
572 1047 664 1111 sit,
699 1046 844 1101 Vade
863 1061 975 1114 post
1001 1067 1110 1116 me,
1144 1066 1374 1120 qureque
1400 1053 1637 1108 nominis
1668 1053 1834 1120 illius,
1872 1054 1980 1110 Sa-

400 1146 563 1202 tantc,
609 1139 682 1194 sit
713 1139 1112 1210 interpretatio.
1157 1143 1387 1211 Propter
1434 1145 1564 1213 quid
1602 1147 1768 1199 etiam
1800 1147 1866 1202 de
1893 1145 1984 1201 illo

401 1229 602 1283 dictum
629 1230 719 1296 sit,
749 1231 996 1286 scandala
1029 1232 1160 1286 mihi
1196 1251 1250 1288 es
1278 1243 1328 1288 et
1355 1235 1651 1303 offensioni.
1676 1235 1742 1290 Et
1766 1246 1984 1306 propter

402 1335 567 1389 quam
613 1324 822 1376 tandem
857 1324 1120 1378 rationem
1169 1325 1280 1390 ﬁat,
1318 1335 1375 1378 ut
1413 1325 1514 1379 sub
1542 1341 1648 1380 uno
1684 1335 1738 1382 et
1793 1325 1982 1381 eodem

403 1418 645 1479 tempore
675 1415 764 1466 uni
809 1423 863 1466 et
891 1413 1063 1467 eidem
1103 1413 1337 1477 dicatur,
1360 1414 1554 1469 Beatus
1587 1431 1640 1468 es
1681 1425 1762 1480 tu,
1799 1415 1983 1471 Simon

402 1499 676 1571 Barjona;
706 1513 782 1570 et,
812 1504 950 1560 Vade
980 1517 1096 1575 post
1128 1523 1231 1570 me,
1252 1506 1454 1561 Satana
1476 1508 1542 1561 ³⁷.
1565 1508 1701 1576 Quid
1717 1509 1987 1579 significet

403 1592 556 1656 illud,
595 1593 740 1650 Vade
773 1607 885 1665 post
916 1613 1020 1664 me,
1068 1608 1124 1652 et
1157 1601 1300 1668 quod
1347 1599 1529 1654 statim
1572 1601 1850 1672 Subjunxit
1875 1612 1984 1656 ete

404 1687 635 1758 vestigio
667 1688 946 1757 Servator,
986 1691 1048 1744 Si
1081 1693 1197 1760 quis
1248 1691 1364 1745 velit
1397 1704 1509 1761 post
1543 1709 1623 1746 me
1662 1694 1857 1756 venire,
1887 1694 1982 1746 ab-

2078 507 2172 560 τοῦ
2214 507 2420 578 Πέτρου
2471 508 2527 562 δὲ
2559 509 2821 572 ὡσαύτως
2878 507 3170 576 ἐπιστῆσαι
3225 506 3344 560 δέον
3386 505 3468 567 τὸ,
3524 504 3683 565 ὅπως

2080 598 2270 670 ἐλέχθη
2306 599 2439 670 πρὸς
2471 600 2631 654 αὑτὸν
2662 600 2746 662 τὸ,
2786 601 3019 668 ’Ὕπαγε
3051 599 3245 652 ὀπίσω
3268 613 3416 667 μου·
3455 595 3558 648 καὶ
3593 593 3681 656 τίς

2079 691 2113 760 ἡ
2153 689 2245 743 τοῦ
2295 689 2530 746 Σατανᾶ
2575 691 2839 762 ὀνόματος
2885 690 3181 762 ἑρμηνείαο
3213 689 3302 742 διὰ
3342 688 3395 741 τί
3439 687 3530 749 δὲ,
3583 692 3682 738 καὶ

2083 781 2375 836 σκάνδαλον
2408 783 2570 837 αὑτὸν
2604 780 2787 838 εἶπεν·
2826 783 2944 847 πῶς
2988 782 3045 835 δὲ
3086 782 3271 852 σχεδὸν
3321 780 3412 848 ὑφ’
3446 779 3550 832 ἕνα
3583 778 3682 830 καὶ

2079 872 2171 926 τὸν
2221 874 2382 928 αὑτὸν
2441 876 2631 946 καιρὸν
2680 876 2778 928 καὶ
2833 875 2930 940 τὸ,
2990 873 3293 941 Μακάριος
3341 873 3414 936 εἴ,
3472 871 3682 940 Σίμων

2079 966 2370 1034 Βαριωνᾶ.
2414 968 2551 1039 πρὸς
2619 968 2781 1021 αὑτὸν
2845 968 3063 1037 ὲλέγετο
3131 967 3226 1020 καὶ
3287 965 3375 1018 τόο
3437 966 3680 1033 ’Ὕπαγε

2082 1057 2274 1110 ὀπίσω
2299 1075 2441 1126 μου,
2468 1058 2726 1124 Σατανᾶ,
2763 1059 2856 1112 καὶ
2891 1059 2976 1122 τίς
3021 1060 3054 1128 ἠ
3095 1058 3300 1112 διάνοια
3340 1055 3446 1109 τοῦ
3478 1057 3683 1107 ὀπίσω

2083 1147 2439 1213 πορεύεσθαι
2472 1149 2608 1219 (75),
2653 1148 2746 1202 τοῦ
2787 1149 3037 1219 Σωτῆρος
3068 1149 3136 1219 ἢν
3167 1147 3318 1219 παρὰ
3360 1147 3532 1209 πόδας
3580 1147 3682 1198 αὺ-

2081 1237 2174 1300 τὸς
2202 1238 2494 1311 διεσάφησε
2530 1242 2768 1312 συνάψας
2797 1240 2924 1312 ἑξῆς
2953 1241 3035 1304 τὸ,
3071 1241 3144 1294 ΕΖ
3180 1257 3271 1305 τις
3296 1237 3454 1292 θέλει
3476 1239 3682 1290 ὀπίσω

2075 1349 2197 1401 μου
2225 1333 2425 1386 ἐλθεῖν
2451 1333 2904 1402 ἀπαρνησάσθω
2926 1332 3143 1386 ἑαυτὸν
3162 1371 3176 1395 ,
3211 1330 3313 1385 καὶ
3342 1328 3542 1398 ἀράτω
3567 1313 3683 1382 τὸν

2083 1423 2350 1492 σταυρὸν
2386 1425 2594 1488 αὐτοῦ,
2645 1425 2744 1479 καὶ
2791 1423 3192 1479 ἀκολουθείτω
3223 1439 3352 1492 μοι’
3400 1420 3430 1473 ὃ
3477 1419 3547 1490 δὴ
3583 1420 3682 1472 καὶ

2084 1513 2230 1586 ἔργῳ
2265 1515 2594 1588 διεπράξατο
2641 1518 2836 1589 μικρὸν
2873 1516 3098 1586 ὕστερον
3149 1514 3310 1577 αὐτὸς
3356 1513 3384 1565 ὁ
3427 1511 3679 1582 Πέτρος,

2087 1609 2368 1679 μαρτυρίῳ
2416 1609 2741 1673 τελειωθεὶς.
2806 1607 2967 1661 Ἀλλά
3018 1608 3110 1661 καὶ
3149 1605 3477 1675 ἐπιζητῆσαι
3529 1603 3677 1666 δέθνν

2084 1699 2178 1750 ἐπὶ
2231 1701 2403 1763 ποίοις
2454 1701 2551 1771 μὲν
2607 1701 2769 1754 αὑτὸν
2819 1699 3176 1770 ἐμακάρισεν,
3237 1700 3330 1750 ἐπὶ
3387 1697 3570 1759 ποίοις
3619 1695 3680 1748 δὲ

403 1789 550 1848 neget
588 1791 743 1834 semet
776 1783 968 1849 ipsum,
1007 1783 1217 1836 attollat
1247 1801 1398 1836 suam
1432 1801 1658 1846 crucem,
1693 1795 1738 1836 et
1790 1786 1864 1837 sic
1902 1801 1984 1838 ae-

2094 1791 2236 1862 αὺτῷ
2285 1769 2620 1861 ἐπέπληξεν;
2663 1792 2720 1845 '0
2760 1769 2863 1854 δὲ,
2891 1769 3077 1861 μηδενὶ
3126 1789 3333 1843 τούτων
3363 1804 3679 1860 προσεσχη-

402 1879 599 1938 quatur
628 1887 708 1923 me
729 1871 796 1923 ³⁸.
830 1872 983 1938 Quod
1027 1873 1202 1941 reipsa
1241 1872 1554 1942 adimplevit
1585 1873 1725 1928 idem
1761 1874 1849 1927 ille
1886 1873 1985 1929 Pe.

402 1968 542 2025 trus,
575 1977 694 2014 cum
750 1963 1006 2033 deinceps
1049 1963 1313 2034 martyrio
1354 1973 1851 2021 consummaretur.
1879 1964 1985 2020 Sed

403 2049 815 2117 disquirendum
869 2062 951 2108 est
993 2055 1240 2118 omnino,
1282 2072 1396 2113 cur.
1433 2071 1554 2108 cum
1582 2055 1718 2110 adeo
1765 2055 1982 2108 beatum

405 2142 553 2198 hunc
615 2145 1111 2214 deprzedicaverat,
1159 2159 1335 2204 tamen
1383 2149 1563 2202 statim
1619 2147 1990 2201 vehementius

404 2231 769 2303 objurgaverit
792 2238 814 2290 ?
838 2237 1039 2292 Horum
1072 2250 1319 2294 neutrum
1355 2254 1474 2293 cum
1500 2237 1781 2290 Marcellus
1811 2236 1991 2290 consi-

407 2324 644 2390 deraret,
677 2329 741 2380 ad
785 2329 1056 2384 diabolum
1113 2331 1400 2385 referenda
1432 2330 1520 2384 illa
1565 2329 1708 2383 dicta
1757 2342 1992 2396 pronun-

409 2413 582 2482 tiavit,
602 2429 792 2472 contra
821 2419 1115 2490 Scriptura:
1142 2423 1482 2474 manifestam
1504 2421 1809 2474 veritatem.
1845 2417 1982 2472 Num

406 2519 587 2563 autem
643 2513 743 2567 hoc
799 2516 1021 2569 unicum
1081 2516 1348 2588 ignoravit
1387 2516 1412 2568 '.'
1458 2515 1569 2569 lmo
1604 2512 1986 2584 progrediente

481 2671 525 2701 ετ
566 2671 890 2741 Matlh.xv1,
929 2677 1137 2744 17,25.
1217 2677 1425 2736 "ibib.
1481 2683 1552 2740 at

483 2845 594 2970 ‘75)
636 2846 744 2899 Καὶ
771 2847 879 2900 τοῦ
911 2844 1202 2916 Σωτῆρος.
1243 2847 1364 2902 Haec
1395 2863 1498 2929 non
1527 2849 1819 2903 cohmrent.
1845 2848 1989 2935 Quid

516 2932 759 2970 emimus.
797 2918 892 2970 καὶ
934 2917 1017 2970 τίς
1060 2921 1092 2970 ἠ
1138 2919 1345 2970 διάνοια
1383 2936 1500 2970 του.
1544 2918 1722 2970 ὀπίσω
1769 2935 1989 2970 ποοευε-

413 2919 467 2990 si
499 2917 759 2990 legamus,
797 2918 892 2990 καὶ
934 2917 1021 2990 τίς
1060 2921 1093 2989 ὴ
1138 2919 1500 2990 διάνοιαγτοῦ,
1544 2918 1722 2972 ὀπίσω
1769 2917 1994 2990 πορεύε-

415 2987 535 3040 σθαι
559 2984 663 3038 ἢτοῦ
693 2987 966 3059 Σωτῆρος,
998 2984 1250 3059 ἦν’παρὰ
1279 2989 1465 3054 πόδας,
1491 2999 1623 3054 etc.,
1649 2984 1990 3059 nempe-otti-

412 3073 566 3110 νοιαν
595 3066 708 3120 aut,
757 3057 899 3122 quod
951 3057 1325 3111 secutus‘sum
1370 3061 1422 3112 in
1453 3059 1719 3123 versione,
1747 3059 1843 3112 καὶ
1871 3057 1988 3120 τοῦ,

411 3125 441 3178 δ
482 3125 633 3198 παρὰ
676 3127 1040 3198 πόδαςῖαύτὸς
1064 3131 1091 3180 ὁ
1135 3127 1325 3198 Σωτὴρ
1372 3127 1686 3196 διεσάφησε,
1718 3140 1827 3182 etc.
1857 3127 1906 3180 M
1929 3159 1996 3170 -ι

413 3197 545 3266 Kal,
563 3195 690 3266 ante
714 3195 808 3266 τοῦ
831 3197 889 3250 Σ.
923 3198 1092 3250 delevi
1125 3213 1247 3249 cum
1275 3195 1430 3252 codd.
1459 3195 1629 3264 supra
1657 3198 1814 3266 vulgo
1847 3199 1998 3264 ἀξιο-

452 3264 608 3339 pedm:
649 3263 788 3339 Infra
816 3266 973 3330 vulgo
999 3265 1345 3338 άκολουθήτω
1370 3278 1423 3321 et
1449 3266 1478 3320 ὃ
1506 3267 1565 3321 δέ
1586 3276 1639 3322 et
1664 3263 1774 3338 ἄρα
1810 3263 1994 3339 (codd.

457 3333 645 3409 φλᾶν
668 3343 719 3409 9-1
752 3337 1010 3409 ἐγεγξρμ-

486 3405 597 3475 (74)
663 3404 783 3472 Πρὸ
841 3404 964 3460 τῶν
1015 3408 1217 3476 λόγων
1271 3405 1632 3462 Ἐλισσαῖον.
1687 3405 1869 3474 Pergit
1930 3409 1996 3463 ad

417 3475 581 3550 aliam
626 3477 1036 3550 accusationem
1087 3475 1392 3550 Eusebius:
1431 3479 1480 3550 in
1532 3493 1634 3550 qua
1683 3476 1998 3550 λευκρτερον

415 3549 592 3602 adhuc
639 3547 1028 3614 sycophantam
1057 3549 1186 3616 agit.
1226 3547 1339 3600 Non
1376 3547 1522 3601 enim
1564 3547 1609 3600 is
1645 3550 1734 3616 qui
1762 3547 1995 3602 aﬂirmat

416 3616 669 3672 Elisteum
697 3617 995 3670 suscitasse
1037 3627 1331 3679 mortuum,
1364 3625 1489 3671 ante
1536 3617 1995 3673 resurrectionem

415 3686 639 3750 Christi,
676 3693 924 3756 anteum
954 3687 1196 3740 omnium
1245 3687 1476 3756 primum
1507 3696 1668 3754 atque
1697 3687 1994 3755 principem

424 3767 716 3828 mortuum
737 3755 802 3807 ad
853 3757 1016 3828 vitam
1068 3755 1356 3828 revocasse
1387 3774 1400 3809 :
1432 3766 1526 3810 aut
1564 3759 1630 3810 de
1664 3757 1776 3810 Elia
1813 3769 1992 3828 negat,

423 3841 528 3879 non
560 3828 633 3879 ait
665 3826 813 3896 illum
861 3824 1076 3896 πρῶτον
1122 3825 1339 3880 πάντων
1394 3828 1799 3889 resuscitatum,
1832 3824 1992 3896 quem

417 3897 627 3968 reduxit
670 3897 721 3948 in
753 3895 913 3946 vitam
940 3895 1190 3968 Elissteus
1211 3939 1226 3960 ,
1258 3898 1352 3968 sed
1389 3896 1683 3968 πρότερον;
1729 3899 1793 3950 ad
1830 3895 1994 3951 istum

421 3966 638 4036 modum
688 3973 898 4031 poterat
936 3974 992 4017 et
1026 3965 1179 4036 litem
1210 3968 1275 4019 de
1315 3965 1518 4019 Lazaro
1561 3965 1864 4029 intendere,
1895 3970 1991 4036 qui

417 4045 546 4088 ante
593 4035 869 4086 Christum
919 4044 971 4088 et
1007 4050 1101 4100 per
1143 4034 1415 4089 Christum
1455 4037 1790 4101 resurrexit;
1821 4034 1996 4090 corri-

416 4105 588 4176 genda
634 4113 716 4156 est
760 4114 938 4176 autom
993 4103 1153 4176 lectio
1199 4106 1402 4176 codicis
1429 4103 1662 4176 πρώτων
1700 4105 1894 4172 λόγων,
1931 4117 1988 4164 el.

417 4173 722 4242 legendum,
761 4172 986 4245 Δπρῶτον
1037 4173 1210 4242 λέγων
1271 4173 1375 4245 [sic
1434 4172 1562 4229 Mss.
1624 4191 1749 4229 cum
1810 4176 1884 4240 ῖς.
1941 4185 1996 4232 et

416 4258 607 4314 margo
675 4242 856 4314 codd.,
896 4245 1050 4314 quod
1131 4242 1353 4312 recepi;
1417 4259 1579 4312 porro
1647 4245 1806 4314 vulgo
1879 4261 1990 4302 om.

413 4311 511 4384 τὸν
531 4310 912 4384 εἴσει-Ἐλισα]
933 4310 952 4366 ι
985 4323 1040 4365 ut
1071 4310 1351 4380 sequentia
1374 4310 1588 4368 docent.
1609 4310 1835 4369 Dissérit
1853 4316 1993 4370 Mar-

371 4383 604 4448 'cellus,
636 4382 910 4437 Christum
972 4397 1076 4436 non
1129 4386 1249 4437 ideo
1309 4384 1514 4437 dictmn
1564 4386 1982 4453 primogenitum

2087 1881 2228 1945 κὼς,
2265 1883 2414 1936 ταῦτ’
2447 1883 2700 1954 εἰρῆσθαι
2745 1883 2878 1955 πρὸς
2917 1882 3009 1935 τὸν
3057 1881 3304 1935 διάϐολον
3349 1881 3677 1951 ἀπεφήνατο

2085 1971 2184 2042 τῆς
2214 1971 2438 2042 Γραφῆς
2472 1972 2747 2034 ἐναντίως.
2779 1966 2930 2040 τΑρα
2969 1965 3060 2024 οὖν
3105 1970 3266 2023 τοῦτο
3309 1969 3472 2040 μόνον
3510 1968 3680 2037 ἠγνό-

2088 2077 2250 2131 ησεν;
2292 2061 2425 2131 Οὐχὶ
2468 2061 2524 2114 δὲ
2577 2060 2672 2114 καὶ
2722 2059 2925 2128 προῖὼν
2970 2056 3144 2122 αὖθις,
3179 2059 3279 2128 τῆς
3321 2057 3680 2118 ἀναστάσεως

2087 2148 2180 2202 τοῦ
2229 2149 2480 2220 Σωτῆρος
2507 2150 2662 2221 ἡμῶν
2706 2149 3105 2220 μνημονεύσας,
3155 2149 3344 2201 ἔπειτα
3388 2146 3678 2217 βουληθεὶς

2085 2239 2276 2304 δεῖξαι,
2310 2241 2392 2292 ὅτι
2434 2240 2528 2293 καὶ
2567 2241 2673 2312 πρὸ
2718 2241 2882 2294 αὑτοῦ
2932 2240 3075 2294 κατὰ
3118 2241 3245 2304 τοὺς
3277 2239 3503 2311 χρόνους
3547 2239 3678 2301 τοὺς

2087 2332 2458 2402 προφητικοὺς
2506 2333 2728 2404 φέρεταί
2773 2351 2859 2397 τις
2909 2335 2973 2386 ὲκ
3016 2330 3224 2404 νεκρῶν
3273 2329 3674 2401 ἐγηγερμένος,

2092 2423 2253 2476 πάλιν
2295 2422 2571 2478 κάνταῦθα
2623 2425 2937 2494 σφάλλεται,
2973 2424 3085 2496 (74)
3121 2424 3336 2495 πρῶτον
3373 2423 3550 2492 λέγων
3582 2421 3676 2474 τὸν

2105 2514 2404 2570 Ἐλισσαῖον
2445 2518 2536 2570 τὸν
2579 2519 2862 2591 προφήτην
2890 2520 2954 2571 ὲκ
2991 2517 3199 2589 νεκρῶν
3231 2517 3474 2587 ἐγεῖραι·
3510 2515 3676 2584 ἀγνο-

2100 2846 2194 2901 sed
2247 2844 2449 2899 factum
2489 2855 2699 2909 tamen;
2743 2847 2885 2898 unde
2925 2845 3315 2914 primogenitus
3346 2844 3446 2914 rsit
3497 2844 3676 2900 dictus

2098 2915 2304 2984 πάσης
2332 2917 2603 2982 κτίσεως.
2648 2916 2778 2979 lmo,
2813 2917 2984 2984 inquit
3007 2913 3312 2979 Marcellos,
3329 2913 3582 2968 Christus
3610 2931 3676 2968 eo

2101 2987 2260 3042 modo
2318 2987 2709 3054 primogenitus
2757 2995 3019 3040 creatura:
3069 2985 3248 3039 omnis
3295 2984 3542 3046 dicitur,
3616 2996 3676 3038 ut

2101 3057 2284 3110 statim
2331 3057 2726 3124 primogenitus
2778 3065 3156 3120 mortuorum;
3203 3069 3308 3107 non
3356 3062 3442 3107 est
3487 3065 3672 3107 autem

2101 3127 2274 3180 dictus
2323 3123 2657 3180 mortutirum
2707 3125 3118 3194 primogenitus,
3152 3124 3292 3189 quod
3339 3123 3554 3191 primus
3586 3140 3676 3178 re-

2102 3195 2266 3249 dierit
2312 3211 2340 3249 a
2380 3205 2556 3250 morte
2587 3197 2652 3248 ad
2685 3196 2872 3257 vitam,
2914 3210 3036 3248 cum
3073 3195 3225 3248 multi
3271 3207 3336 3246 eo
3366 3195 3673 3248 anteriores

2103 3265 2404 3318 redierint:
2447 3274 2632 3334 utpote
2679 3263 2954 3330 Lazarus,
3003 3276 3061 3318 et
3101 3264 3173 3328 is,
3226 3264 3312 3317 vel
3353 3263 3454 3328 illi,
3482 3265 3574 3332 qui
3604 3263 3674 3317 ab

2102 3335 2323 3388 Elissaeo
2341 3337 2764 3396 suscitabantur,
2783 3335 2854 3387 ita
2876 3334 3378 3402 necprimogenitus
3394 3343 3676 3388 creatura-

2102 3421 2217 3457 rum
2249 3405 2471 3468 dicitur,
2507 3406 2648 3474 quod
2687 3415 2903 3458 creatus
2942 3405 3159 3474 quidem
3193 3402 3377 3467 fuerit,
3405 3405 3504 3457 sed
3540 3414 3675 3474 ante

2100 3473 2232 3527 alias
2261 3472 2558 3528 creaturas.
2584 3474 2720 3527 Hinc
2735 3473 3021 3527 cavillator
3051 3473 3312 3528 Eusebius
3335 3474 3490 3541 quasi
3519 3472 3674 3527 dixe-

2098 3545 2169 3597 rit
2199 3543 2478 3598 Marcellus
2509 3545 2737 3612 primum
2757 3545 2993 3597 omnium
3014 3543 3293 3598 Elissazum
3313 3543 3674 3597 resuscitasse

2099 3624 2369 3668 mortuum
2399 3633 2412 3668 :
2440 3613 2800 3683 λεπτολογῶν,
2829 3625 2884 3668 et
2928 3614 3254 3684 syllabarum
3297 3623 3552 3680 captator
3582 3627 3672 3682 sy-

2101 3684 2486 3752 cophanticus;
2513 3685 2713 3738 omisso
2747 3685 2889 3752 quod
2928 3694 3045 3736 erat
3076 3693 3240 3752 caput
3271 3695 3286 3736 :
3323 3697 3520 3750 nempe
3546 3698 3670 3752 sen-

2098 3751 2184 3816 su,
2232 3763 2285 3807 et
2330 3755 2596 3808 sententia
2654 3755 2932 3823 apostolici
2980 3755 3110 3807 dicti
3143 3751 3156 3807 ἑ
3187 3754 3331 3822 quod
3383 3751 3672 3807 Marcellus

2100 3823 2300 3892 dicitur
2342 3840 2466 3879 cum
2522 3823 2820 3877 Athanasio
2853 3825 3205 3892 exposuisse,
3253 3823 3324 3875 ita
3379 3831 3440 3875 ut
3491 3823 3670 3876 dictus

2099 3891 2264 3947 fuerit
2314 3895 2744 3962 primogenitus,
2796 3891 3118 3960 utrobique,
3158 3893 3300 3958 quod
3349 3894 3402 3945 in
3447 3907 3534 3962 eo,
3576 3907 3672 3960 per

2097 3978 2241 4034 eum,
2277 3964 2422 4017 illius
2451 3961 2522 4024 vi,
2556 3963 2818 4034 potentia,
2846 3962 3130 4034 majestate
3167 3973 3222 4017 et
3246 3961 3504 4034 ἐνεργείᾳ
3525 3977 3670 4014 mor-

2102 4033 2175 4085 tui
2217 4044 2654 4097 resnrrexerant,
2687 4032 2813 4086 licet
2863 4049 2929 4086 eo
2963 4033 3192 4100 priores.
3231 4032 3510 4087 Creaturze
3538 4047 3666 4084 cou-

2097 4103 2373 4170 stiterant,
2413 4104 2506 4158 illo
2547 4103 2868 4166 anteriores,
2911 4103 3124 4157 scilicet
3156 4104 3332 4172 quoad
3365 4103 3666 4172 hominem,

2096 4172 2248 4238 cujus
2281 4184 2548 4243 respectu,
2578 4181 2633 4245 et
2661 4187 2788 4245 non;
2820 4174 2976 4226 aliter
3010 4173 3114 4245 dici
3149 4171 3340 4228 debeat
3388 4171 3667 4245 πρωτότοτ

2096 4257 2214 4312 κος,
2253 4259 2357 4296 non
2399 4255 2456 4297 ut
2509 4243 2696 4296 Ariani
2742 4243 3226 4312 blasphemabant,
3270 4243 3448 4296 etiam
3493 4243 3668 4309 quoad

2094 4310 2376 4366 deitatem.
2414 4313 2550 4368 Vide
2588 4310 2875 4380 Albanas,
2900 4311 3052 4366 Orat.
3091 4329 3170 4376 Ill,
3201 4321 3387 4366 contra
3414 4313 3665 4373 Arianos.

2095 4395 2216 4452 pag.
2267 4382 2396 4447 254,
2426 4383 2552 4437 255.
2599 4383 2921 4452 Quanquam
2953 4393 3008 4436 et
3059 4383 3165 4436 alia
3211 4383 3421 4436 ratione
3453 4398 3668 4450 quoque

418 4464 774 4518 mortuormn,
801 4453 942 4521 quod
983 4453 1194 4522 primus
1239 4456 1478 4507 onmitnn
1507 4449 1580 4507 de
1604 4449 1774 4509 morte
1807 4456 1872 4508 ad
1903 4457 1982 4508 vi-
2017 4449 2062 4504 D
2095 4449 2346 4522 Christus
2370 4495 2383 4518 ,
2432 4449 2786 4507 mortuorum
2811 4453 3021 4507 dicatur
3065 4449 3483 4522 primogenitus.
3513 4449 3663 4516 quod

419 4531 528 4576 tam
580 4525 878 4576 resurrexit
932 4539 944 4575 :
985 4539 1110 4575 nam
1166 4535 1291 4576 ante
1324 4539 1468 4579 eum.
1500 4525 1692 4590 inquit,
1732 4525 1986 4580 Elissanis

418 4593 684 4664 πρότερον
729 4593 1073 4646 resuscitavit
1119 4605 1390 4647 mortuum
1419 4612 1431 4646 :
1461 4594 1700 4649 Lazarus
1747 4597 1988 4649 surrexit

418 4671 544 4716 ante
592 4664 763 4732 ipsius
800 4664 1252 4716 resurrectionem
1284 4681 1299 4719 :
1338 4676 1392 4718 et
1426 4675 1668 4730 tempore
1717 4668 1986 4732 pass:0nis

417 4731 590 4804 πολλὰ
616 4731 846 4804 σώματα
880 4732 988 4785 τῶν
1023 4734 1437 4804 κεκοιμημένων
1459 4731 1779 4803 ἀνέστησαν.
1812 4737 1988 4803 Atque

420 4803 493 4856 ita
527 4813 675 4874 patet
715 4803 985 4874 calumnia
1019 4803 1324 4858 Eusebiana
1361 4807 1426 4858 de
1459 4805 1706 4858 Elissaeo.
1744 4806 1834 4858 Ait
1866 4814 1986 4858 tan-

421 4883 532 4925 tum
593 4873 902 4937 Mart-cllas,
953 4888 1076 4925 eum
1131 4885 1404 4928 mortumn
1455 4876 1812 4928 resuscitasse
1858 4885 1985 4928 ante

418 4943 731 5008 Christum;
794 4958 900 4995 non
937 4944 1031 5006 ait,
1081 4943 1227 4996 illum
1273 4944 1511 4997 omnium
1574 4945 1828 5008 primum,
1878 4960 1984 4997 non

419 4958 731 5008 blll‘lslum;
794 4958 900 4995 non
937 4958 1031 5006 ait,
1081 4958 1227 4996 tuum
1273 4959 1511 4997 omnium
1614 4959 1828 5007 rnnum,
1878 4960 1984 4997 non

419 5012 534 5066 Elia
562 5016 794 5082 priorem
829 5019 1184 5067 resuscilasse
1229 5023 1520 5066 mortuum.
1558 4958 1710 5080 (good
1745 5014 1811 5067 ad
1842 5029 1986 5068 mor-

421 5093 545 5135 tuos
578 5085 789 5146 attinet,
821 5083 874 5134 in
911 5083 1226 5152 Evangelio,
1261 5091 1409 5137 certe
1440 5084 1569 5136 illud
1615 5098 1720 5136 non
1763 5084 1988 5150 perinde

418 5163 748 5206 excusatur:
787 5152 1002 5205 etiamsi
1057 5153 1269 5206 locutus
1315 5156 1385 5207 sit
1427 5153 1712 5207 Marcellus
1765 5155 1987 5216 laxe,év

418 5222 496 5293 τῷ
524 5221 700 5293 καιρῷ
720 5221 811 5274 τοῦ
835 5222 1056 5285 πάθους.
1090 5223 1314 5277 Constat
1343 5225 1487 5276 enim
1515 5238 1629 5289 eos,
1660 5226 1804 5291 quod
1837 5235 1987 5277 notat

418 5293 706 5357 Eusebius,
743 5307 849 5346 non
885 5294 983 5346 nisi
1020 5309 1141 5345 cum
1179 5293 1396 5346 Christo
1429 5294 1615 5346 saltem
1653 5300 1986 5347 resurrexis-

419 5377 499 5417 Se.
540 5361 714 5415 Locus
745 5364 986 5431 Apostoli
1022 5372 1125 5426 est,
1160 5362 1370 5416 Coloss.
1403 5380 1444 5424 ι,
1483 5365 1570 5428 15,
1607 5363 1695 5415 ubi
1737 5364 1987 5418 Christus

419 5443 640 5484 vocatur
667 5433 1040 5501 πρωτότοκος
1074 5433 1278 5500 πάσης
1319 5434 1590 5500 κτίσεως.
1630 5432 1695 5486 Ει
1726 5448 1867 5486 vers.
1900 5434 1982 5496 18,

418 5502 790 5572 πρωτότοκος
816 5503 885 5555 ἐκ
907 5503 1024 5556 τῶν
1043 5502 1291 5570 νεκρῶν.
1315 5503 1368 5555 In
1400 5505 1498 5556 loci
1532 5504 1688 5558 istius
1717 5505 1986 5572 interpre-

421 5571 655 5642 tatione,
699 5575 912 5626 videtur
962 5575 1244 5627 Marcellus
1290 5575 1523 5627 Arianos
1554 5571 1874 5642 pupugisse;
1908 5573 1986 5628 llli

418 5640 562 5692 enim
599 5641 873 5694 Christum
906 5644 1029 5697 hinc
1069 5655 1372 5698 creaturam
1415 5640 1665 5698 volebant
1707 5640 1867 5696 statui
1919 5645 1986 5696 ab

419 5708 700 5786 apostolo,
731 5721 853 5767 ante
896 5713 998 5767 alia
1042 5715 1246 5778 omnia,
1283 5714 1446 5768 etiam
1478 5714 1699 5785 angelos
1728 5714 1925 5768 factum
1963 5731 1977 5767 :

2093 4521 2298 4587 primus
2357 4526 2424 4577 ad
2492 4534 2754 4577 aeternam
2822 4525 2987 4576 vitam
3039 4525 3362 4577 resurrexit.
3427 4525 3668 4591 Surgeus

2087 4592 2230 4643 enim
2259 4593 2322 4646 de
2352 4595 2600 4658 mortuis,
2642 4610 2747 4646 non
2773 4594 2972 4647 iterum
3003 4596 3252 4648 moritur.
3285 4593 3369 4654 Illi,
3393 4601 3575 4648 autem
3614 4595 3662 4645 in

2088 4661 2337 4727 pulveres
2382 4679 2509 4718 suos
2555 4665 2757 4718 reversi
2785 4673 3033 4717 sunt:et
3077 4665 3128 4717 in
3176 4664 3444 4731 sepulcris
3475 4678 3666 4732 exspe-

2088 4740 2238 4784 ctant
2285 4734 2486 4786 tubam.
2537 4734 2601 4788 Et
2651 4735 2776 4787 licet
2829 4734 2942 4798 illi,
2995 4735 3087 4802 qui
3145 4744 3264 4802 post
3314 4736 3666 4787 resurrectio-

2091 4813 2212 4852 nem
2241 4813 2620 4866 surrexcrunt,
2653 4819 2759 4856 non
2794 4805 2906 4858 sint
2935 4804 3139 4858 reversi
3170 4805 3223 4856 in
3244 4803 3501 4872 pulveres
3520 4817 3661 4868 suos,

2089 4875 2270 4944 tamen
2307 4875 2470 4944 etiam
2503 4883 2744 4942 tempore
2785 4874 3118 4944 posteriores
3158 4884 3283 4928 sunt
3317 4873 3390 4926 illi
3426 4890 3663 4928 resurre-

2087 4940 2268 5012 ctione
2298 4942 2502 4998 Christi
2535 4959 2548 4994 :
2588 4940 2732 5012 quod
2772 4940 3017 4998 disertim
3073 4953 3292 4999 notatur
3327 4945 3379 4996 in
3425 4945 3662 5012 Evange-

2089 5007 2183 5062 lio.
2237 5014 2308 5066 Ita
2361 5015 2564 5081 primus
2607 5007 2852 5080 tempore
2889 5015 3126 5068 surrexit
3162 5015 3230 5068 ad
3281 5023 3547 5066 mternam
3578 5007 3660 5066 vi-

2090 5087 2218 5135 tam.
2251 5085 2365 5137 Non
2419 5085 2658 5137 surrexit
2706 5087 2912 5152 prinms
2956 5095 3198 5152 tempore
3246 5083 3660 5147 άπο).ύτως,εεο

2086 5159 2265 5215 eundo
2291 5157 2547 5218 surrexit,
2578 5156 2693 5223 ipse
2721 5169 2817 5208 sua
2848 5164 3137 5221 potestate,
3169 5171 3274 5208 non
3307 5154 3508 5209 aliena.
3531 5153 3660 5206 Ter-

2088 5233 2184 5294 tio,
2216 5227 2268 5280 in
2306 5238 2392 5288 eo,
2419 5236 2472 5277 et
2504 5240 2599 5293 per
2637 5239 2759 5278 eum
2795 5225 3099 5278 resuscitati
3127 5237 3257 5278 sunt
3304 5224 3421 5287 alii,
3456 5226 3657 5278 excita-

2085 5299 2287 5354 buntur
2312 5310 2527 5357 oumes,
2555 5305 2612 5347 ut
2656 5293 2852 5347 merito
2895 5296 3288 5363 primogenilus
3325 5305 3656 5350 mortuorum

2087 5371 2418 5423 dicaturzet
2472 5363 2655 5418 Jacobi
2705 5363 2834 5416 illud
2886 5365 3105 5418 elfatum
3158 5365 3228 5418 de
3283 5367 3519 5420 liubene
3564 5378 3657 5418 suo

2088 5436 2240 5508 (Gen.
2269 5434 2517 5508 thx,3),
2554 5435 2873 5508 humanitati
2927 5435 3132 5508 Christi
3187 5435 3266 5490 sic
3311 5437 3654 5508 applicemus,

2099 5503 2346 5574 Ῥουὸίμ,
2392 5505 2763 5572 πρωτότοκος
2795 5521 2936 5573 μου,
2972 5505 3152 5572 ἰσχύς
3179 5522 3315 5570 μου,
3346 5503 3474 5560 οιαὶ
3511 5503 3657 5574 ἀρχή

2086 5579 2311 5634 τέκνων
2342 5592 2483 5644 μου.
2516 5574 2678 5629 Certe
2719 5592 2810 5642 qm
2864 5584 2981 5642 post
3017 5576 3314 5639 Christum,
3350 5589 3409 5629 ut
3440 5576 3658 5630 comites

2088 5649 2235 5704 illius
2265 5645 3094 5709 evandrum;resurrexerunt,
3140 5647 3376 5710 iterum,
3429 5647 3656 5699 ut.tnilti

2094 5721 2331 5782 videtur,
2368 5718 2565 5770 mortui
2598 5730 2705 5770 non
2736 5727 2885 5771 sunt.
2927 5714 3049 5771 llaec
3083 5727 3165 5772 est
3195 5719 3506 5772 communis
3539 5718 3656 5782 upi-
