3836 6216
145 285 251 341 757

1276 280 1558 337 CONTRA
1593 276 2020 335 MARCELLUM
2058 277 2191 335 LIB.
2234 277 2278 335 l.

3308 271 3422 341 738'

151 402 309 476 ἐίσας,
338 402 412 464 ὡς
436 400 534 455 καὶ
558 399 666 472 πρὸ
701 398 1005 453 Ἐλισσαίου
1043 397 1228 465 Ἠλίας
1253 401 1283 453 6
1312 398 1486 470 μέγας
1509 397 1602 453 τδν
1623 398 1727 469 τῆς

1857 408 2083 453 :ontextu
2120 398 2388 454 orationis
2426 411 2561 463 sure.
2607 400 2883 456 mentione
2919 401 2984 457 de
3009 398 3311 458 Salvatoris
3334 420 3423 459 re-

148 496 324 568 χήρας
369 490 484 545 υίδν
516 489 856 545 ἀποθανόντα
893 488 1210 560 ἀνέστησεν,
1260 488 1339 552 ὡς
1370 488 1492 541 ἐστι
1540 486 1736 560 μαθεῖν

148 589 217 642 ἐκ
240 586 341 659 τῆς
365 583 552 655 τρίτης
576 582 685 636 τῶν
710 580 1025 635 Βασιλειῶν’
1046 581 1075 633 6
1097 580 1157 634 δὲ
1181 581 1274 633 καὶ
1295 580 1441 634 τοῦτ’
1463 580 1738 650 ἀγνοήσας

150 679 422 750 φαίνεται,
447 675 514 728 δι’
548 671 624 728 ὧν
651 672 802 728 ταῦθ’
834 671 976 726 οὕτω
1008 671 1242 743 γράφει·
1281 692 1300 723 ι
1343 672 1417 724 Οὐ
1449 670 1607 741 μόνον
1626 669 1739 723 τοί-

155 788 178 822 ι
218 783 319 823 νυν
347 767 447 838 τῆς
474 764 669 834 καινῆς
696 763 929 826 κτίσεως
957 761 1305 835 πρωτότοκον
1330 760 1490 814 αὐτὸν
1521 761 1552 813 6
1577 758 1737 812 Ἀπό-

158 880 182 912 ι
224 856 407 920 στολος
445 851 584 909 εἷναί
622 868 808 924 φησιν,
861 850 999 905 ἀλλὰ
1049 850 1146 903 καὶ
1176 847 1518 920 πρωτότοκον
1549 846 1617 900 ἐκ
1648 861 1737 899 νεε-

157 969 179 1001 ι
221 948 373 1022 κρῶν
390 988 406 1013 ,
438 947 505 1001 δι’
540 945 694 999 οὐδὲν
733 944 921 1014 ἕτερον
954 941 1080 1013 ἐμοὶ
1117 941 1317 1001 δοκεῖν,
1351 939 1467 993 ἀλλ’
1516 939 1604 992 ἵνα
1650 936 1737 991 διὰ

159 1064 178 1095 ι
218 1041 316 1096 τοῦ
352 1038 699 1112 πρωτοτόκου
734 1035 845 1089 τῶν
873 1032 1084 1106 νεκρῶν
1117 1032 1249 1103 (74),
1278 1033 1428 1094 ὅπως
1465 1030 1561 1084 καὶ
1591 1045 1740 1101 πρω-

159 1147 180 1179 ι
222 1128 440 1191 τότοκος
482 1125 699 1196 ἁπάσης
736 1124 969 1183 κτίσεως
1016 1120 1252 1193 εἴρηται,
1300 1118 1610 1190 γνωσθῆναι
1648 1118 1739 1172 δυ⁶

161 1235 181 1268 ι
222 1216 382 1288 νηθῇ.
411 1216 486 1269 Οὐ
517 1214 628 1286 γάρ
652 1214 718 1266 ἐκ
737 1211 947 1284 νεκρῶν
971 1210 1169 1281 ἀνέστη
1192 1209 1404 1281 πρῶτος
1427 1210 1457 1262 6
1476 1208 1740 1278 δεσπότης

158 1329 180 1361 ι
221 1308 382 1381 ἡμῶν
424 1305 630 1378 Ἰησοῦς
669 1305 940 1376 Χριστὸς,
974 1302 1088 1358 ἀλλ’
1131 1303 1159 1354 6
1195 1301 1262 1355 δι’
1309 1299 1608 1354 Ἐλισσαίου
1644 1297 1738 1354 τοῦ

159 1420 181 1454 ι
221 1400 506 1471 προφήτου
535 1395 797 1460 ἀναστὰς,
825 1395 1024 1466 ἀνέστη
1054 1394 1339 1467 πρότερος.
1357 1393 1468 1447 Καὶ
1489 1391 1741 1464 Λάζαρος

161 1512 181 1545 ι
221 1494 331 1566 πρὸ
373 1491 475 1561 τῆς
525 1488 693 1545 αὐτοῦ
736 1488 1086 1548 ἀναστάσεως
1121 1487 1323 1556 ἀνέστη
1345 1525 1361 1550 ,
1408 1486 1502 1539 καὶ
1552 1486 1611 1538 ἐν
1662 1483 1741 1555 τῷ

163 1606 182 1637 ι
224 1584 406 1658 καιρῷ
419 1582 514 1638 τοῦ
535 1580 739 1644 πάθους
761 1580 929 1633 πολλὰ
949 1578 1177 1650 σώματα
1190 1578 1300 1632 τῶν
1324 1576 1742 1648 κεκοιμημένων

160 1698 181 1731 ι
222 1678 544 1747 ἀνέστησαν.
588 1693 608 1726 s
652 1672 762 1727 Kal.
800 1670 959 1726 τοῦτο
1000 1670 1059 1724 δὲ
1103 1669 1431 1742 ἀθεωρήτως
1461 1668 1608 1722 δοκεῖ
1651 1683 1741 1739 μοι

153 1738 460 1825 τεθεικέναι
485 1768 514 1820 6
541 1765 858 1837 Μάρκελλος
875 1780 889 1793 ·
923 1762 1068 1831 λέγω
1091 1761 1150 1815 δὲ
1173 1738 1284 1815 16's
1308 1738 1486 1818 *πολλὰ
1515 1738 1741 1830 σώματα
1776 1738 1814 1795 Β

155 1863 270 1918 τῶν
322 1859 737 1931 κεκοιμημένων
766 1857 939 1926 άγίων
986 1854 1093 1926 πρὸ
1135 1851 1300 1907 αὐτοῦ
1355 1851 1673 1924 ἐγηγέρθαι.
1714 1870 1734 1904 s

156 1955 237 2010 Οὐ
269 1952 379 2025 γάρ
409 1950 710 2025 προσέσχεν
738 1949 835 2022 ὅλῃ
866 1950 933 2019 τῇ
965 1945 1061 2000 τοῦ
1095 1944 1427 2014 Εὐαγγελίου
1456 1947 1642 2017 γραφῇ
1665 1943 1743 1997 δι-

155 2044 454 2117 δασκούσῃ,
491 2044 574 2097 ὄτι
621 2041 760 2114 μετὰ
801 2039 900 2111 τὴν
933 2037 1119 2102 αὐτοῦ,
1163 2035 1235 2091 τά
1265 2035 1373 2090 τῶν
1410 2036 1580 2105 άγίων
1609 2037 1741 2108 ἐγή-

156 2154 354 2212 γερται
388 2134 637 2207 σώματα.
671 2131 869 2204 Εὖροις
897 2131 942 2184 δ’
971 2129 1038 2185 ἂν
1068 2129 1231 2185 αὐτὸν
1253 2124 1621 2200 σφαλλόμενον
1650 2129 1744 2182 καὶ

157 2232 219 2286 ἐν
250 2232 319 2302 τῇ
363 2228 458 2283 τοῦ
488 2225 843 2284 άποστολικοῦ
889 2223 1052 2297 ῥητοῦ
1100 2222 1335 2276 ἐκθέσει.
1399 2221 1459 2274 '0
1505 2220 1603 2293 μὲν
1633 2220 1744 2292 γὰρ

158 2322 305 2385 θεῖος
346 2317 697 2384 ’Δπόστολος,
744 2315 1032 2385 Ῥωμαίοις
1072 2312 1299 2384 γράφων
1319 2350 1334 2376 ,
1368 2310 1497 2365 τάδε
1543 2309 1706 2382 φησίν
1725 2326 1739 2340 ·

172 2410 607 2483 Ἆςρωρισμένος
645 2411 734 2475 εἰς
760 2407 1119 2477 εὐαγγέλιον
1162 2402 1332 2466 Θεοῦ,
1380 2402 1413 2456 ὃ
1445 2416 1741 2471 προεπηγ-

157 2505 405 2575 γείλατο
457 2499 558 2555 διὰ
601 2498 723 2554 τῶν
773 2496 1096 2566 προφητῶν
1146 2495 1334 2549 αὐσοῦ
1373 2494 1446 2548 ἐν
1478 2493 1747 2563 Γραφαῖς

158 2597 362 2666 ἁγίαις
401 2593 536 2663 περὶ
574 2590 683 2646 τοῦ
719 2589 855 2645 υἱοῦ
898 2586 1085 2644 αὑτοῦ
1114 2587 1222 2642 τοῦ
1259 2585 1628 2657 μονογενοῦς
1678 2587 1747 2641 ἐκ

159 2681 509 2752 σπέρματος
553 2678 733 2733 Δαϐὶδ
784 2678 937 2732 κατὰ
977 2676 1205 2746 σάρκα,
1248 2675 1356 2731 τοῦ
1404 2675 1749 2745 ὁρισθέντος

157 2773 301 2827 υἱοῦ
353 2772 500 2827 Θεοῦ
538 2770 609 2824 ἐν
637 2769 889 2839 δυνάμει
929 2768 1080 2823 κατὰ
1112 2767 1356 2838 Πνεῦμα
1388 2769 1745 2838 ἁγιωσύνης.

173 2863 237 2918 Ὀ
263 2862 343 2927 δὲ,
377 2862 478 2917 οὐκ
510 2857 647 2926 οἶδα,
682 2861 812 2933 ποίᾳ
840 2860 1077 2933 διανοίᾳ,
1130 2859 1410 2913 κάνταῦθα
1439 2860 1749 2932 διαστρέφει

162 2957 267 3028 τὴν
308 2955 671 3027 άποστολικὴν
711 2953 855 3020 λέξιν
872 2970 886 2983 ·
940 2953 1063 3007 ἀντὶ
1102 2950 1197 3007 τοῦ
1246 2951 1590 3020 ὁρισθέντος
1635 2952 1749 3023 (75)

163 3047 403 3118 ποιήσας
433 3043 912 3113 ⁴προορισθιίνιός,
942 3043 1009 3095 ἶν’
1097 3041 1299 3114 ὁμοίως
1325 3044 1438 3106 τοῖς
1465 3041 1607 3096 κατὰ
1620 3043 1753 3114 πρό-

163 3097 839 3209 ξνωσινσροορῖσθεῖσιν.
867 3097 1167 3204 λέγειῃοῦν
1210 3097 1352 3188 κατὰ
1383 3097 1529 3199 λέξιν
1578 3097 1750 3188 οῦτω’
1782 3097 1823 3154 C

170 3249 191 3282 ι
235 3230 456 3301 Ὥσπερ
494 3222 587 3282 οῦν
634 3227 733 3298 τὴν
783 3224 1111 3297 Ἐκκλησίαν
1146 3223 1312 3278 πάλαι
1352 3223 1699 3298 προωρίσατο
1727 3226 1756 3278 6

171 3340 193 3372 ι
240 3319 638 3391 παντοκράτωρ
665 3316 818 3381 Θεὸς,
845 3316 988 3370 οὕτω
1020 3317 1115 3369 καὶ
1140 3316 1240 3387 τὴν
1267 3315 1410 3370 κατὰ
1452 3315 1630 3385 σάρκα
1659 3313 1754 3368 τοῦ

172 3431 194 3468 ε
232 3411 481 3484 Χριστοῦ
504 3409 816 3481 οἰκονομίαν
838 3425 851 3439 ·
884 3408 949 3461 δι’
980 3402 1042 3463 οὗ
1063 3407 1125 3461 τό
1154 3408 1261 3461 τῶν
1286 3406 1552 3462 θεοσεϐὦν
1575 3407 1753 3476 γένος,

171 3524 194 3557 ι
241 3506 326 3569 είς
353 3502 622 3557 υἱοθεσίαν
651 3500 881 3555 καλέσαι
909 3499 1272 3572 προωρίσατο,
1302 3499 1567 3571 πρότερον
1597 3498 1759 3570 θεμε-

176 3615 197 3648 σ
234 3594 438 3658 λιιὶισας
448 3596 507 3648 ἐν
519 3594 585 3664 τῇ
604 3591 767 3646 αὑτοῦ
778 3590 1004 3662 διανοίᾳ.
1020 3588 1121 3643 Διὰ
1131 3587 1287 3642 τοῦτο
1306 3590 1336 3641 6
1349 3587 1666 3652 Ἀπόστολος
1678 3586 1758 3659 τῷ

176 3708 197 3742 ι
237 3687 385 3758 ἁγίῳ
398 3685 677 3756 Πνεύματι
697 3683 885 3754 σαφῶς
900 3681 1282 3756 προαγορεύει,
1296 3678 1390 3733 τοῦ
1414 3680 1757 3751 προορισθέν-

175 3798 200 3833 s
238 3797 334 3843 τος
352 3778 482 3832 Υἱοῦ
504 3777 663 3841 Θεοῦ,
684 3776 877 3845 λέγων.
910 3794 929 3827 s
949 3775 1059 3829 Kal.
1087 3768 1242 3837 αὖθίς
1259 3786 1422 3844 φησιν
1445 3774 1502 3826 ἐν
1528 3772 1751 3844 ἑτέροις·

177 3892 198 3925 ι
244 3866 418 3934 Οὗτός
440 3871 556 3923 ἐστι
574 3869 704 3938 περὶ
724 3860 785 3921 οῦ
815 3870 844 3921 6
859 3865 1070 3931 Παῦλος
1098 3864 1204 3935 ἔφη
1227 3862 1320 3918 τοῦ
1345 3863 1756 3935 προορισθέντος

180 3982 199 4014 ι
241 3960 379 4015 Υίοῦ
397 3959 555 4014 Θεοῦ.
571 3980 588 4013 ι
613 3961 725 4014 Καὶ
749 3956 983 4012 ἐνταῦθα
1008 3957 1072 4029 δὴ
1093 3958 1154 4011 οὐ
1176 3958 1273 4030 τὴν
1299 3954 1444 4022 λέξιν
1472 3956 1638 4027 μόνην
1663 3954 1762 4026 τὴν

176 4050 546 4122 ἀποστολικὴν
564 4048 949 4122 παρέφθειρεν,
966 4047 1102 4102 ἀλλὰ
1118 4049 1211 4102 καὶ
1227 4045 1328 4117 τὴν
1343 4044 1577 4100 διάνοιαν
1594 4044 1762 4116 αὐτὴν

178 4144 275 4198 διὰ
307 4143 413 4213 τῆς
454 4142 772 4213 προσθήκης
812 4140 926 4212 (76)
968 4142 1069 4210 τῆς
1102 4139 1198 4193 τοῦ
1235 4138 1394 4206 λόγου
1409 4136 1761 4209 οπροθέσεως.

192 4234 430 4304 ’Δδελφὰ
466 4234 523 4288 δὲ
549 4233 760 4297 τούτοις
785 4231 1064 4304 πράττων.
1099 4230 1201 4293 τοῖος
1240 4229 1572 4292 Ψαλιιωδίας
1605 4245 1759 4298 περι-

257 4332 321 4391 Et
360 4324 460 4382 Ed.
493 4323 691 4392 Paris.,
717 4339 840 4394 pag.
872 4323 961 4377 12.

1836 488 2174 545 surrectione
2201 488 2420 556 injecta,
2440 488 2636 543 docere
2665 504 2955 561 aggressus
2976 501 3082 556 est,
3109 501 3238 546 ante
3269 493 3418 550 illum

1836 578 2197 642 incarnatum,
2230 577 2330 632 sub
2381 578 2711 647 temporibus
2749 579 3161 649 prophetarum,
3214 583 3419 638 dictum

1836 679 1975 731 esse,
2006 680 2037 719 a
2085 666 2310 721 mortuis
2344 667 2631 735 quemdam
2666 668 3006 722 suscitatum.
3058 670 3113 723 lu
3151 670 3254 725 hoc
3302 672 3421 741 qui.

1838 758 1959 811 dem
1993 757 2110 827 ipso
2138 757 2356 827 egregie
2393 758 2779 813 hallueiuatur.
2813 759 2902 812 Ait
2931 761 3074 813 enim
3105 762 3419 830 prophetam
3456 756 3463 767 ’

1837 848 2400 914 Elisaaum,mortuum
2431 850 2665 920 primum
2686 853 2954 906 excitasse
2986 867 3001 904 :
3034 852 3287 921 ignorans
3316 855 3423 909 sci-

1837 940 1985 1008 licet,
2013 947 2073 1005 »Β
2110 942 2276 996 Eliam
2303 941 2447 995 illum
2482 944 2778 998 maximum
2800 985 2815 1009 ,
2841 943 3034 998 Elisazo
3077 941 3244 998 fuisse
3276 945 3425 1012 ptio-

1840 1047 1978 1098 rem,
2015 1043 2069 1086 et
2097 1034 2270 1088 viduas
2301 1033 2467 1088 tilium
2496 1035 2562 1090 de
2592 1036 2820 1089 mortuis
2853 1036 3184 1089 suscitasse:
3220 1037 3366 1105 quod
3392 1049 3425 1092 e

1841 1124 2160 1179 tertiolibro
2192 1125 2499 1197 Regnorum
2528 1141 2862 1197 cognoscere
2893 1127 3184 1193 poterat".
3206 1127 3427 1197 Ignora-

1840 1216 1933 1271 bat
1965 1226 2146 1272 autem
2182 1217 2285 1273 hoc
2315 1218 2512 1287 ipsum,
2541 1228 2601 1271 ut
2629 1229 2873 1288 apparet,
2901 1234 3023 1273 cum
3058 1219 3277 1275 disertis
3304 1230 3426 1272 ver-

1838 1303 1922 1360 bis
1962 1305 2033 1359 ita
2082 1307 2284 1361 scribat
2326 1326 2345 1358 ι
2383 1307 2496 1362 Non
2531 1307 2659 1379 :[R.
2694 1307 2780 1380 ιι]
2826 1307 3162 1362 solummodo
3201 1305 3408 1361 Primo-

1847 1413 1867 1447 ι
1913 1398 2149 1466 genitum
2203 1408 2464 1453 creatum
2505 1399 2722 1454 nova”
2762 1399 2911 1453 illum
2942 1399 3079 1453 dixit
3112 1396 3424 1468 Apostolus,

1846 1506 1866 1540 ι
1909 1503 2098 1543 verum
2116 1490 2279 1544 etiam
2303 1500 2358 1544 et
2380 1491 2443 1544 de
2466 1492 2686 1545 mortuis
2703 1491 3111 1561 primogenitum
3128 1489 3171 1521 ³¹
3195 1508 3207 1543 :
3228 1504 3333 1544 non
3355 1490 3427 1546 ob

1847 1597 1867 1631 ι
1914 1580 2072 1634 aliam
2106 1591 2256 1637 certe
2284 1597 2526 1649 causam,
2558 1592 2619 1637 ut
2644 1583 2858 1638 videtur
2886 1582 3041 1646 mihi,
3073 1596 3234 1651 quam
3268 1591 3326 1635 ut
3357 1583 3424 1646 is,

1848 1690 1867 1721 ι
1914 1673 2005 1740 qui
2034 1673 2212 1727 omnis
2249 1682 2515 1729 creaturae
2559 1674 2951 1744 primogenitus
2981 1674 3199 1738 dicitur,
3231 1672 3428 1728 intelli-

1852 1781 1871 1814 ι
1915 1773 2076 1834 gatur
2095 1774 2149 1818 et
2165 1765 2231 1820 de
2256 1766 2486 1820 mortuis
2510 1780 2631 1820 esse
2655 1766 3066 1835 primogenitus.
3086 1765 3200 1820 Non
3226 1765 3426 1819 etenim

1850 1873 1870 1905 ι
1916 1856 1982 1910 de
2036 1857 2260 1912 mortuis
2307 1867 2433 1912 ante
2496 1857 2631 1912 alios
2677 1872 2864 1912 omnes
2919 1858 3126 1927 primus
3189 1856 3431 1911 surrexit

1852 1964 1870 1996 ι
1912 1945 2161 2002 Christus
2212 1947 2492 2013 Dominus,
2517 1963 2707 2003 verum
2748 1949 2896 2018 prior
2940 1957 3256 2003 surrexerat
3303 1955 3430 2002 ante

1853 2056 1873 2089 ι
1917 2053 2038 2093 eum
2088 2040 2135 2095 is
2166 2055 2330 2110 quem
2382 2040 2646 2111 propheta
2697 2040 2924 2096 Elisaeus
2958 2040 3276 2096 suscitabat.
3321 2037 3431 2094 Sed

1852 2147 1873 2180 ι
1922 2139 1977 2184 et
2005 2138 2130 2184 ante
2180 2133 2637 2188 resurrectionem
2684 2133 2802 2203 ejus
2837 2141 2957 2186 erat
2987 2131 3225 2186 Lazarus
3251 2131 3427 2185 susci-

1855 2239 1874 2272 ι
1920 2230 2082 2278 tatus.
2135 2222 2201 2276 Et
2244 2239 2353 2292 quo
2392 2233 2633 2293 tempore
2685 2223 2739 2277 in
2775 2239 2939 2279 cruce
2982 2238 3177 2293 passus
3230 2223 3430 2288 fuerat,

1855 2331 1874 2365 ι
1925 2312 2218 2369 multorum
2268 2325 2582 2370 sanctorum
2634 2331 2897 2386 corpora,
2932 2317 3025 2385 qui
3059 2314 3433 2370 obdormisce-

1857 2423 1876 2456 ι
1920 2404 2094 2470 bant,
2144 2407 2520 2477 resurgebant.
2573 2425 2592 2458 ι
2647 2406 2802 2474 Quod
2861 2407 3165 2483 inconsulto
3219 2406 3434 2462 videtur

1851 2496 2139 2552 Marcellus
2183 2498 2430 2567 posuisse
2466 2517 2480 2554 :
2515 2513 2742 2567 corpora
2778 2499 2866 2553 illa
2918 2513 3112 2570 nempe
3158 2499 3433 2555 dormien-

1853 2589 1985 2643 tium
2025 2598 2333 2644 sanctorum
2385 2598 2513 2645 ante
2566 2591 2843 2645 Christum
2893 2591 3279 2647 resurrexisse.
3323 2589 3435 2646 Nec

1854 2680 2150 2750 Scriptum
2179 2681 2503 2736 sententiam
2525 2682 2787 2753 integram
2811 2682 3268 2749 attendebat,qua
3300 2698 3430 2737 cou-

1854 2780 1960 2827 stat
1993 2773 2107 2829 hzec
2155 2787 2383 2842 corpora
2441 2775 2834 2841 resurrexisse,
2884 2784 3172 2843 postquam
3208 2773 3323 2842 ipse
3368 2776 3435 2829 de

1856 2864 2079 2919 mortuis
2112 2865 2468 2919 resuscitatus
2495 2865 2812 2921 exstitisset.
2848 2864 3087 2920 Ulterius
3115 2873 3168 2919 et
3200 2866 3253 2918 in
3287 2865 3435 2920 dicto

1855 2955 2087 3024 quodam
2122 2956 2439 3025 apostolico,
2483 2956 2760 3011 invenitur
2799 2958 2945 3011 idem
2976 2971 3103 3011 esse
3131 2956 3436 3011 hallucina-

1859 3055 1966 3101 tus.
2004 3044 2231 3101 Divinus
2248 3047 2535 3115 Apostolus
2574 3047 2627 3102 in
2659 3047 2745 3101 illa
2786 3048 2855 3101 ad
2894 3047 3163 3103 Romanos
3191 3046 3262 3101 ita
3300 3047 3437 3103 scri-

1858 3137 1942 3192 bit
1979 3152 1994 3190 :
2027 3136 2316 3207 Separatus
2358 3140 2415 3194 in
2458 3138 2805 3210 Evangelium
2843 3139 2958 3207 Dei,
2992 3141 3134 3210 quod
3168 3140 3288 3208 jam
3316 3152 3439 3195 ante

1858 3229 2169 3296 promiserat
2213 3245 2306 3300 per
2349 3231 2628 3300 prophetas
2676 3248 2804 3285 suos
2846 3232 2901 3283 in
2934 3229 3231 3295 Scripturis
3268 3246 3443 3285 sacro-

1859 3320 2076 3386 sanctis,
2117 3321 2181 3373 de
2228 3318 2373 3374 Filio
2417 3322 2580 3391 ipsius
2617 3323 2886 3390 unigenito
2917 3338 2944 3375 e
2973 3322 3168 3375 semine
3225 3320 3440 3374 Davidis

1858 3411 2145 3465 secundum
2193 3427 2425 3476 carnem,
2465 3413 2557 3482 qui
2610 3413 2983 3482 designabalur
3023 3409 3200 3464 Filius
3247 3411 3341 3464 Dei
3384 3413 3441 3465 in

1862 3502 2051 3556 virtute
2093 3503 2377 3556 secundum
2424 3505 2672 3571 spiritum
2713 3501 3236 3570 sanctiﬁcationis".
3267 3500 3441 3566 Quam

1864 3592 1952 3646 ille
2011 3592 2372 3657 sententiam,
2404 3608 2510 3662 qua
2560 3600 2738 3646 mente
2787 3591 2992 3654 nescio,
3040 3592 3137 3646 sed
3182 3589 3444 3659 pervertit

1861 3697 2015 3739 sane.
2044 3682 2197 3754 Legit
2221 3683 2362 3740 enim
2403 3684 2455 3740 in
2491 3693 2635 3739 textu
2669 3684 2996 3754 apostolico,
3026 3681 3445 3756 προορισθέντος

1867 3793 1885 3826 ι
1923 3775 2263 3844 ρτιιενίεοιει
2297 3795 2315 3827 ι
2336 3775 2773 3847 ριέεάεείεοοιος
2816 3794 2834 3827 ι
2870 3774 2959 3844 qui
2993 3774 3271 3837 debuerat,
3322 3773 3442 3841 ὁρι-

1863 3867 2101 3932 σθέντος,
2131 3868 2446 3932 constituto,
2488 3877 2542 3922 et
2568 3868 2957 3930 detertninato;
3002 3883 3023 3918 ι
3056 3866 3110 3920 in
3142 3880 3263 3920 eum
3291 3878 3445 3919 nem-

1860 3974 1927 4029 pe
1952 3959 2137 4028 linem,
2174 3968 2234 4014 ut
2269 3960 2600 4030 intelligatur
2633 3958 2803 4014 Filius
2843 3973 2996 4025 esse,
3041 3973 3106 4014 eo
3142 3957 3300 4013 modo
3338 3970 3447 4025 quo

1862 4058 1989 4102 sunt
2020 4048 2096 4104 illi
2132 4050 2222 4120 qui
2268 4065 2365 4120 per
2392 4050 2789 4120 praescientiam
2821 4050 3194 4119 designantur.
3222 4045 3303 4099 Ad
3326 4056 3447 4098 ver-

1865 4141 1992 4194 lium
2051 4141 2275 4208 idcirco,
2326 4143 2400 4196 ita
2434 4141 2625 4197 scribit
2658 4160 2672 4197 :
2711 4161 2729 4195 ι
2768 4140 3229 4208 Quemadmodum
3281 4137 3449 4206 igitur

1872 4247 1891 4280 ι
1936 4229 2234 4285 Ecclesium
2272 4245 2425 4285 suam
2451 4231 2732 4300 praevisam
2756 4230 3098 4300 omnipotens
3119 4229 3448 4300 designavit,

248 4456 675 4529 "lllRngvn,
704 4456 794 4511 22.
884 4455 931 4489 ³⁸
956 4455 1169 4512 Coloss.
1197 4471 1235 4523 ι,
1266 4453 1356 4512 l5.
1432 4452 1475 4486 ³³
1505 4452 1636 4509 ibid.
1671 4451 1738 4508 l8

1857 4463 1974 4522 poc.
2005 4463 2043 4513 ι,
2084 4447 2138 4503 5.
2213 4447 2260 4479 ⁸⁸
2293 4445 2451 4502 Rom.
2477 4462 2517 4515 ι,
2541 4447 2593 4501 l.

181 4626 282 4681 nio
309 4631 576 4687 veterum,
603 4629 829 4691 excepto
859 4616 1290 4691 Theophylacto,
1320 4624 1377 4671 et
1409 4615 1750 4691 interpretuu

1870 4610 2140 4691 φαίνεται.
2174 4607 2790 4691 Μοιγυῐβοιπρότερον
2815 4616 2871 4664 et
2905 4607 3045 4663 infra
3074 4606 3176 4679 τὴν
3211 4605 3308 4662 τοῦ
3346 4606 3451 4664 αὑ-

186 4696 584 4758 recentiorum,
616 4701 673 4744 ut
702 4686 1047 4745 doctissimus
1086 4686 1427 4758 Maldouatus
1458 4686 1639 4758 docet,
1671 4700 1762 4758 co-

186 4767 352 4821 mites
378 4753 592 4818 scilicet
623 4761 894 4816 reservari
936 4761 1205 4827 triumpho
1230 4757 1307 4810 llll
1360 4757 1416 4811 itt
1461 4754 1616 4810 caelis
1643 4753 1764 4827 glo-

183 4836 358 4895 rioso,
391 4833 645 4902 quando,
686 4839 745 4882 ut
787 4828 1023 4902 loquitur
1065 4821 1768 4902 Nazi_anzenus,_1t_apai_pé-

183 4894 432 4976 xows;,'_
458 4900 553 4976 καὶ
600 4894 1124 4976 παραπερῖπόμεγεκ,
1182 4896 1419 4976 ᾅισμασιν
1476 4894 1766 4976 ἐπινικίοις

185 4964 609 5044 ῖπανητύριξον,
670 4964 850 5044 Certe,
900 4964 1105 5044 κατέϐη
1157 4964 1354 5044 μόνος,-
1378 4964 1615 5044 lguatius
1663 4964 1761 5044 ait,

184 5032 458 5115 ἀνέϐη
478 5032 617 5115 ρξετᾴ
656 5039 938 5093 πλειόνων.
969 5032 1272 5106 Utrumque
1312 5032 1678 5090 Tertullianus
1706 5032 1762 5087 in

187 5112 535 5169 Camiinibus
559 5112 633 5164 ait
664 5126 680 5163 :

331 5202 490 5264 Illos,
518 5216 623 5255 non
651 5199 882 5254 tumulos
919 5207 1120 5252 certum
1144 5206 1219 5251 est
1246 5194 1492 5263 repetisse
1519 5192 1729 5246 silentes

330 5274 600 5340 Amplius,
625 5281 716 5325 aut
739 5281 894 5324 terrm
927 5268 1143 5321 retineri
1170 5268 1365 5320 viscere
1399 5264 1636 5317 clausos.

188 5387 300 5443 Sed
335 5399 648 5441 mensuram
704 5381 1018 5437 excedimus
1071 5378 1516 5433 Adnotationum.
1543 5373 1768 5428 Videtur

187 5455 405 5528 legend.
426 5457 481 5507 in
502 5454 695 5528 Euseb.
813 5451 972 5528 μόνον
987 5448 1167 5528 τοίνυν
1182 5448 1281 5520 τῆς
1301 5447 1485 5528 κοινῆς
1514 5445 1764 5528 κτίσεως..

190 5514 326 5590 αἱ,
354 5534 414 5578 ιιι
441 5524 674 5592 explicet
718 5514 846 5576 illud
870 5521 1070 5592 πάσης.
1102 5519 1170 5572 Ει
1200 5514 1319 5592 njox
1348 5534 1362 5569 :
1392 5514 1528 5587 ὅπερ
1561 5514 1767 5592 mittite

189 5594 287 5666 ⁴τοῦ
312 5584 661 5666 apart-66010;
694 5593 875 5662 πάσης
929 5584 1156 5653 κτίσεως
1193 5588 1427 5659 εἴρηται,
1460 5584 1767 5655 γνωσθῆναι

192 5662 585 5804 magalia!“
607 5732 746 5802 ὅπερ
768 5740 822 5787 et
854 5731 1036 5801 πάσης
1068 5728 1189 5785 loco
1223 5728 1320 5783 ἀπ.
1355 5725 1476 5783 dein
1522 5722 1628 5796 Mp-
1670 5739 1762 5793 γρ-

1868 4679 1962 4737 τοῦ
1997 4690 2051 4735 et
2081 4680 2243 4749 άφορ.
2276 4681 2357 4743 είς
2382 4679 2443 4732 τὸ
2474 4679 2632 4750 εὐαγ.

1936 4749 2059 4823 (75)-
2081 4745 2352 4820 Ποιήσας
2397 4745 2877 4823 προορισθέντος.
2911 4747 3174 4823 ﬁccusat
3209 4745 3445 4823 Marcel-

1861 4816 1996 4887 lum,
2029 4816 2338 4890 depravatae
2380 4816 2663 4890 scripturae
2712 4816 3448 4890 apostolicarzl'also.Nam

1862 4895 1914 4950 in
1931 4887 2229 4950 variatitem
2245 4890 2393 4943 illam
2409 4887 2623 4958 Scriptu
2634 4905 2747 4942 ram
2764 4887 2949 4955 procul
2965 4887 3129 4958 dubio
3142 4887 3416 4958 inciderat
3428 4929 3441 4944 .

1860 4963 1937 5020 lla
1981 4964 2137 5033 enim
2180 4958 2235 5033 in
2269 4957 2939 5033 dit'ersis__eitetttpluribus
2985 4957 3114 5033 olim
3140 4957 3444 5033 legebatur.

1860 5035 1938 5089 Ita
1975 5037 2027 5088 in
2058 5032 2173 5087 suis
2220 5029 2423 5083 invenit
2478 5026 2825 5084 ﬁdelissimus
2864 5027 3128 5090 omnium,
3162 5037 3218 5079 et
3243 5026 3452 5080 doctis-

1862 5106 2034 5158 simus
2083 5111 2237 5155 vetus
2280 5100 2554 5168 luterpres
2616 5109 2829 5158 uoster,
2872 5098 2965 5166 qui
3025 5091 3445 5168 vertitPrwde-

1862 5177 2113 5237 stinatus,
2147 5174 2219 5224 ita
2268 5169 2395 5235 legit
2430 5164 2773 5238 Epiphanius
2801 5164 3446 5238 contraTheodotian-os,

1862 5244 1936 5298 ita
1965 5244 2079 5304 alii,
2099 5234 2169 5294 et
2211 5239 2301 5293 hic
2324 5234 2327 5235 ⁷
2351 5234 2513 5292 etiam
2544 5234 2827 5293 Eusebius
2879 5236 3195 5290 cavillatur.
3221 5262 3293 5276 -—
3322 5234 3449 5289 Mox

1862 5312 2020 5381 vulgo
2070 5324 2289 5430 προορ,
2345 5308 2470 5361 dein
2526 5309 2720 5362 ἀποστ.
2754 5309 2810 5360 ἐν
2856 5305 2934 5377 τῷ
2974 5308 3063 5386 εἰ..
3095 5319 3262 5375 porro
3286 5305 3449 5376 vulgo

1864 5383 1973 5430 ἐντ.
2000 5380 2056 5430 δέ
2081 5393 2133 5430 et
2168 5397 2204 5430 υ.
2237 5395 2333 5430 νην
2365 5378 2463 5430 ἀπ.
2495 5390 2549 5430 et
2579 5379 2883 5430 ἐπάκουσον
2906 5392 3056 5430 γουν.

1864 5375 1981 5435 ἐντῖ
2000 5380 2056 5433 δέ
2081 5375 2133 5433 ei
2167 5375 2347 5448 μόνην
2365 5378 2463 5432 ἀπ.
2495 5390 2549 5432 et
2579 5379 2883 5448 ἐπάκουσον
2906 5375 3056 5444 γοῦν.

1940 5442 2206 5533 06),.71'79
2260 5442 2367 5533 7.2017
2414 5449 2600 5517 λόγου
2628 5442 3003 5533 ῖξέξοθέσεάξξο
3045 5447 3114 5533 ΑΡ
3147 5442 3452 5533 RW???“

1868 5514 2066 5590 adjecit
2091 5514 2376 5590 marcellus
2395 5557 2409 5582 ,
2437 5514 2534 5590 nec
2560 5530 2645 5590 est
2669 5514 2825 5585 λόγος
2840 5515 3123 5590 πρόθεσις)
3143 5516 3236 5570 sed
3256 5514 3449 5590 όνομια,

1867 5583 2175 5660 Legendmn
2219 5589 2382 5661 igitur
2428 5587 2518 5642 διὰ
2558 5589 2658 5661 τῆς
2691 5583 3029 5660 προσθήκης,
3055 5585 3157 5656 τῆς
3199 5584 3295 5640 τοῦ
3343 5583 3454 5659 πρὸ

1870 5659 2199 5734 προθέσεως.
2230 5659 2281 5713 Μ
