3836 6216
425 269 530 335 759

1104 259 1380 320 EUSEBII
1413 261 1900 320 CESARIENSIS
1935 261 2090 320 OPP.
2130 263 2314 320 PARS
2350 262 2442 321 IV.
2484 296 2549 308 —
2591 263 3017 324 DOGMATICA.

3599 269 3695 326 ’μί

429 404 451 441 ο
497 385 566 442 ad
597 383 848 441 eumdem
895 383 1114 440 modum
1165 392 1222 438 et
1253 381 1458 447 Christi
1506 382 1670 438 etiam
1709 384 2000 439 secundum

2123 383 2369 456 εχούσης·
2412 350 2507 441 Ἐκ
2525 386 2793 456 ,γαστρὸς
2817 385 2933 454 πρὸ
2950 385 3264 456 ἑωσφόρον
3284 385 3594 457 ἐγέννησά
3606 405 3695 443 σε.

431 499 452 532 ι
497 493 718 535 carnem
755 477 1140 541 (economiam,
1174 489 1271 545 per
1305 490 1467 545 quem
1515 489 1686 545 genus
1726 474 1857 530 illud
1889 475 2010 545 pio-

431 585 451 619 ι
501 583 618 622 rum
649 577 704 621 et
729 565 1022 620 colentium
1059 567 1248 630 Deum,
1291 567 1357 620 ad
1398 566 1745 634 adoptionem
1777 565 2012 624 ﬁliorum

431 674 453 708 ι
499 656 948 725 praeordinavit”
969 696 984 721 ,
1016 655 1192 724 posito
1237 654 1329 710 illo
1356 655 1510 725 prius
1539 653 1914 721 fundamento,
1939 656 2014 711 ita

431 766 453 801 ι
497 753 636 819 apud
667 765 825 804 suum
867 751 1106 804 animum
1151 749 1433 805 statuisse.
1470 747 1623 804 Hanc
1659 748 1730 803 ob
1763 763 2012 816 causam,

431 856 453 891 ι
500 839 788 909 Apostolus
813 854 909 909 per
946 840 1208 909 Spiritum
1241 848 1520 902 sanctum,
1550 837 1835 894 manifeste
1865 840 2013 894 illum

433 953 452 987 ι
495 945 652 989 vocat
682 934 878 989 Filium
904 933 998 988 Dei
1022 932 1308 1002 praevisum
1341 941 1397 986 et
1419 931 2009 1002 praedeterminatum.»

429 1027 497 1082 Et
532 1027 638 1081 alio
668 1027 786 1081 loco
815 1044 828 1080 :
870 1044 888 1077 ι
926 1025 1024 1082 llic
1059 1035 1142 1080 est
1191 1023 1279 1078 ille
1311 1022 1377 1077 de
1406 1039 1515 1093 quo
1545 1024 1763 1080 dicebat
1793 1024 2012 1090 Paulus,

434 1137 454 1171 ι
501 1119 900 1188 praeordinatus
930 1118 1100 1172 Filius
1127 1119 1244 1172 Dei.
1277 1137 1295 1171 ι
1325 1117 1510 1187 Neque
1549 1135 1735 1175 vocem
1777 1128 2017 1174 tantum-

430 1209 590 1265 modo
621 1209 936 1278 depravavit
962 1208 1136 1264 hocin
1173 1209 1294 1265 loco
1317 1213 1384 1265 ab
1399 1211 1656 1280 Apostolo
1680 1221 2014 1279 usurpatam,

429 1302 526 1358 sed
564 1310 617 1357 et
648 1302 821 1371 ipsam
852 1301 969 1370 ejus
1014 1311 1248 1358 mentem
1299 1318 1397 1374 per
1433 1303 1576 1358 illius
1611 1301 2016 1374 praepositionis

427 1409 524 1465 pro
583 1395 998 1463 appositionem.
1047 1392 1187 1450 .lstis
1223 1407 1405 1451 autem
1462 1405 1588 1451 sunt
1651 1411 1906 1467 germana
1963 1404 2016 1451 et

431 1487 666 1557 genuina
717 1502 838 1556 qua:
893 1496 949 1541 et
1003 1488 1055 1542 in
1108 1487 1338 1544 Psalmis
1392 1493 1698 1545 attentavit.
1741 1488 1873 1544 Nam
1926 1489 2015 1544 ubi

429 1578 670 1643 dicitur,
706 1579 785 1634 De
828 1590 974 1634 utero
1019 1591 1143 1635 ante
1180 1580 1485 1650 Luciferum
1529 1584 1685 1653 genui
1725 1592 1795 1649 te,
1823 1588 1882 1647 ὦ
1916 1583 2014 1636 ad-

429 1673 788 1729 ditamentum
820 1674 1062 1743 adhibet,
1093 1677 1237 1746 quod
1288 1691 1552 1745 nusquam
1601 1676 1653 1730 in
1687 1675 1902 1732 Psalmo
1932 1692 2017 1731 re.

428 1767 676 1836 peritur,
707 1780 766 1821 ut
796 1767 900 1823 illis
939 1770 1010 1822 ita
1056 1777 1237 1838 posset
1289 1770 1630 1833 obtrectare,
1663 1770 1756 1839 qui
1787 1785 1892 1824 non
1924 1785 2018 1840 pa-
2046 1747 2090 1802 Β

432 1860 512 1915 ria
567 1875 691 1915 cum
745 1860 862 1931 ipso
914 1861 1244 1916 sentiebant.
1291 1861 1526 1916 Attende
1586 1876 1715 1916 vero
1769 1877 2014 1932 quamam

431 1953 540 2008 sint
571 1969 693 2024 qua:
742 1953 950 2010 scribit.
1002 1951 1093 2026 [R.
1124 1951 1356 2024 XXlll.]
1411 1971 1430 2006 ι
1491 1951 1644 2008 Hanc
1682 1953 1752 2009 ob
1796 1970 2016 2009 causam

435 2065 457 2098 ι
498 2045 638 2113 ideo,
673 2047 888 2101 videtur
919 2046 1050 2100 mihi
1082 2045 1288 2114 aliquid
1327 2046 1552 2100 omnino
1581 2047 1867 2102 dicendum
1895 2062 2017 2102 esse

436 2156 456 2190 ι
496 2139 562 2194 de
587 2152 654 2194 eo
680 2140 824 2208 quod
862 2153 1127 2207 nusquam
1174 2139 1352 2194 adhuc
1398 2138 1522 2194 alibi
1558 2139 1792 2208 positum
1827 2148 1930 2194 est.
1977 2147 2010 2192 ἰ

433 2227 625 2300 Magna
661 2245 788 2299 pars
817 2230 1016 2284 etenim
1047 2229 1114 2284 ab
1147 2230 1240 2285 illo
1274 2230 1573 2299 positorum
1606 2270 1622 2295 ,
1669 2244 1735 2285 ex
1767 2238 1894 2285 ante
1922 2245 2017 2284 no-

431 2324 516 2380 bis
541 2322 700 2379 dictis
735 2320 1017 2376 manifesta
1044 2331 1190 2376 sunt.
1241 2322 1316 2377 De
1339 2323 1620 2389 utero,ait,
1651 2333 1770 2379 ante
1803 2321 2018 2393 Lucife-

433 2430 548 2468 rum
582 2415 739 2484 genui
765 2423 816 2466 te
846 2413 913 2466 “.
967 2411 1234 2482 Opinatus
1266 2425 1352 2468 est
1395 2424 1577 2469 autem
1610 2415 1754 2469 hanc
1795 2424 2017 2470 senten-

432 2508 588 2571 tiam,
624 2505 1013 2576 praepositione
1066 2505 1156 2560 illa
1205 2504 1290 2570 ἐξ,
1344 2506 1486 2561 clam
1551 2505 1694 2560 l‘urto
1721 2507 2014 2572 subducta,

431 2615 554 2654 cum
580 2598 833 2653 haeretica
870 2599 1039 2669 ipsius
1077 2599 1333 2668 opinione
1377 2600 1836 2668 conspiraturam.
1873 2599 2018 2666 Quo-

429 2692 576 2746 circa
595 2691 686 2745 ubi
728 2691 987 2761 syllabam
1023 2689 1166 2745 illam
1198 2690 1774 2761 congruentissimam,
1796 2691 1863 2746 de
1885 2705 2019 2745 voce

427 2792 708 2838 exemerat
735 2783 1208 2853 regenerationem
1247 2783 1366 2854 ejus
1398 2783 1704 2852 antiquam,
1739 2797 1840 2838 nec
1869 2782 2017 2838 aliud

429 2875 768 2945 quidquam,
823 2875 927 2930 hoc
975 2875 1191 2929 volebat
1223 2875 1344 2929 loco
1392 2875 1712 2930 indicatam.
1755 2875 2015 2942 Quando-

429 2967 646 3035 quidem
697 2981 828 3020 vero
859 2967 1322 3021 vehementiorem
1389 2967 1442 3020 in
1496 2967 1716 3022 modum
1772 2984 1870 3038 pro
1915 2982 2016 3024 suo

2113 476 2144 528 ὁ
2201 475 2258 528 δὲ
2318 477 2599 530 κάνταῦθα
2666 477 2954 550 προσθήκῃ
2990 477 3268 550 Ιτκέχρηται
3321 481 3387 550 τῇ
3443 478 3696 551 μηδαμῶς

2115 569 2486 642 ἐμφερομένῃ,
2527 570 2665 643 πρὸς
2697 570 2759 623 τὸ
2803 569 3263 642 καταμέμφεσθαι
3288 570 3366 642 τῷ
3399 571 3475 643 μὴ
3508 571 3696 642 ὁμοίως

2114 661 2264 732 αὐτῷ
2297 662 2582 731 φάσκοντιο
2628 662 2966 716 Ἐπάκουσον
2987 657 3079 715 οὖν
3105 663 3255 725 ὅπως
3280 663 3488 733 γράφει
3509 661 3682 731 λέγων

2122 771 2142 804 ι
2182 753 2282 807 Διά
2312 752 2472 806 τοῦτο
2512 753 2714 816 τοίνυν,
2756 753 2904 806 δοκεῖ
2939 771 3030 824 μοι
3063 753 3245 817 καλῶς
3286 753 3429 825 ἐχειν
3461 771 3539 818 τι,
3579 755 3698 825 περὶ

2123 863 2141 897 ι
2179 839 2254 900 ὧν
2284 845 2419 916 μηδέ
2443 863 2530 898 πω
2556 845 2820 918 πρότερον
2845 846 2958 917 ('77)
2989 845 3195 916 διῆλθε,
3227 847 3346 899 νυνὶ
3401 846 3650 900 διελθεῖν.
3684 865 3701 897 ι

2116 937 2200 992 Τά
2243 938 2354 1010 γάρ
2387 943 2616 993 πλεῖστα
2655 939 2764 994 τῶν
2796 939 2888 993 ὑπ’
2921 939 3088 993 αὐτοῦ
3123 940 3467 1010 γραφέντων,
3508 941 3575 993 ἐκ
3600 940 3702 992 τῶν

2115 1031 2214 1102 ἤδη
2241 1032 2660 1104 προειρημένων
2697 1035 2829 1103 ἡμῖν
2867 1033 3058 1101 γέγονε
3091 1032 3245 1103 δῆλα.
3295 1033 3390 1086 “Ex
3424 1032 3702 1101 γαστρός,

2118 1125 2272 1196 φησὶ,
2299 1125 2414 1193 πρὸ
2443 1125 2752 1194 ἐωσφόρου
2775 1125 2886 1197 (78)
2905 1125 3278 1195 ἐξεγέννησά
3304 1141 3397 1180 σε.
3420 1127 3582 1197 ’ῼετο
3599 1126 3703 1197 γὰρ

2116 1219 2336 1280 πάντως
2363 1235 2464 1270 που
2491 1219 2614 1290 τὴν,
2645 1219 2724 1284 ἐξ,
2755 1217 3014 1289 πρόθεσιν
3042 1218 3343 1272 κλαπεῖσαν
3378 1219 3691 1290 συνδραμεῐ

2119 1309 2240 1362 σθαι
2277 1312 2344 1380 τῇ
2394 1309 2496 1379 τῆς
2533 1310 2802 1382 αἱρέσεως
2846 1308 3064 1381 γνώμῃ.
3115 1310 3224 1374 Διὸ,
3265 1310 3326 1364 τδ
3367 1308 3704 1382 κυριώτατον

2115 1402 2216 1472 τῆς
2240 1401 2510 1473 συλλαϐῆς
2525 1400 2742 1466 ἐξελὼν,
2769 1401 2868 1472 τὴν
2887 1401 3125 1472 ἀρχαίαν
3153 1399 3319 1454 αὐτοῦ
3345 1401 3704 1472 ἀναγέννησιν

2119 1494 2362 1566 σημῆναι
2403 1495 2692 1566 ἐϐουλήθη.
2730 1495 2842 1550 Καὶ
2875 1495 3178 1565 ἐπειδήπερ
3216 1497 3275 1547 ἐν
3309 1493 3522 1556 τούτοις
3555 1495 3702 1562 ἰσχυ-

2121 1583 2230 1655 ρῶς
2279 1584 2571 1638 διετείνετο
2619 1585 2749 1656 περὶ
2805 1583 2897 1638 τοῦ
2951 1585 3154 1638 οίκείου
3215 1584 3555 1654 σφάλματος,
3617 1584 3704 1638 τὸν

2118 1675 2293 1747 ὀρθῶς
2309 1675 2597 1748 γράψαντα
2626 1676 3002 1747 μεμψάμενος,
3026 1676 3176 1730 οὐδὲν
3199 1676 3360 1740 αὐτὸς
3383 1676 3556 1729 είπὼν
3593 1677 3704 1739 τοῖς

2119 1769 2527 1839 ἐντυγχάνουσι,
2548 1769 2649 1841 τὴν
2674 1767 2844 1839 αὐτὴν
2871 1769 2970 1839 τῆς
2990 1767 3350 1837 ἀναγνώσεως
3371 1768 3705 1838 παραδίδωσι

2122 1861 2448 1933 μαρτυρίαν.
2501 1859 2716 1932 Προϊὼν
2762 1860 2808 1913 δ’
2857 1856 3015 1924 αὖθις
3054 1863 3083 1914 ὁ
3129 1860 3312 1924 αὐτὸς,
3361 1861 3572 1928 εἰσάγει
3617 1859 3707 1913 τὸν

2119 1953 2348 2024 Σωτῆρα
2377 1953 2636 2022 λέγοντα·
2696 1951 2837 2021 Ἐγώ
2867 1954 2986 2021 εἰμι
3031 1954 3069 2020 ἡ
3107 1951 3318 2020 ἡμέραο
3351 1945 3454 2004 ὧδέ
3485 1969 3561 2022 πη
3607 1951 3710 2019 φά·

2119 2062 2296 2098 σκων⁹
2340 2063 2359 2097 ι
2398 2045 2632 2107 Σκότους
2669 2043 2778 2115 γὰρ
2809 2044 2962 2107 ὄντος
3002 2045 3290 2115 πρότερον,
3331 2043 3421 2096 διά
3461 2044 3560 2114 τὴν
3609 2041 3710 2112 τῆς

2122 2156 2140 2188 ι
2181 2135 2492 2200 θεοσεϐείας
2519 2135 2763 2205 ἄγνοιαν,
2799 2135 2899 2205 τῆς
2924 2135 2981 2187 δὲ
3007 2134 3224 2206 ἡμέρας
3260 2133 3549 2203 φαίνεσθαι
3578 2134 3712 2204 μελ-

2115 2227 2334 2300 λούσης,
2388 2226 2536 2297 Ἐγὼ
2569 2226 2680 2297 γάρ
2708 2229 2845 2296 εἰμι,
2882 2227 3068 2297 φησὶν,
3111 2226 3150 2293 ἡ
3185 2225 3375 2296 ἡμέρα
3397 2227 3529 2296 (79).
3559 2245 3580 2276 ι
3619 2227 3714 2279 Εἰ-

2118 2323 2290 2386 κότως
2318 2322 2408 2375 τὸν
2439 2322 2643 2393 ἀστέρα
2683 2321 2958 2392 ἑωσφόρον
2997 2321 3273 2392 ὀνομάζει.
3303 2322 3415 2374 Καὶ
3446 2322 3506 2374 ἐν
3535 2321 3715 2394 ἑτέρῳ

2116 2420 2268 2487 τόπῳ
2301 2414 2462 2486 φησίν
2483 2432 2494 2444 ·
2522 2434 2540 2466 ι
2565 2415 2781 2485 Ἐπειδὴ
2803 2413 2940 2485 μετά
2954 2413 3050 2486 τὴν
3073 2415 3172 2486 τῆς
3194 2415 3393 2486 σαρκὸς
3415 2415 3712 2487 ἀνάληψιν,

2124 2527 2142 2559 ι
2183 2506 2417 2578 Χριστός
2457 2523 2516 2558 τε
2550 2505 2644 2559 καὶ
2704 2504 2912 2575 Ἰησοῦς
2953 2505 3304 2576 κηρύττεται,
3341 2505 3453 2576 ζωή
3507 2523 3570 2558 τε
3613 2505 3714 2560 καὶ

2116 2601 2235 2664 ὁδὸς
2270 2599 2366 2652 καὶ
2397 2599 2600 2670 ἡμέρα.
2643 2620 2662 2652 ι
2711 2599 2823 2651 Καὶ
2855 2594 3013 2660 αὖθις
3041 2596 3249 2670 προῖὼν
3279 2597 3372 2651 τοῦ
3405 2598 3714 2663 ἀποστόλου

2116 2691 2299 2760 τίθησι
2327 2689 2406 2754 τὸ,
2448 2690 2514 2744 Ἡ
2540 2688 2609 2742 δὲ
2640 2689 2899 2758 ἡμετέρα
2935 2688 3327 2758 Ἰερουσαλὴμ
3355 2689 3480 2742 ἄνω
3510 2690 3712 2745 ἐστίν.

2117 2784 2229 2837 Καὶ
2259 2784 2312 2836 τί
2345 2801 2411 2854 με
2440 2783 2522 2835 δεῖ
2558 2782 2847 2854 μηκύνειν,
2882 2782 3058 2854 παρὸν
3085 2781 3163 2852 τῷ
3183 2782 3495 2852 βουλομένῳ
3509 2785 3574 2835 ἐκ
3601 2784 3713 2838 τῶν

2120 2875 2533 2948 προειρημένων
2578 2875 2648 2927 τά
2694 2873 3055 2946 παραπλήσια
3087 2873 3153 2925 ἐκ
3196 2873 3291 2926 τοῦ
3333 2875 3535 2938 παντὸς
3581 2891 3716 2942 συγ-

2118 2968 2445 3039 γράμματος
2476 2966 2855 3035 ἀναλέγεσθαι,
2899 2967 2992 3018 καὶ
3034 2964 3095 3018 τὸ
3127 2965 3351 3037 εὐχερὲς
3380 2965 3477 3018 τοῦ
3520 2967 3714 3038 ἀνδρὸς

430 3059 519 3114 hic
543 3073 732 3113 errore
765 3058 1166 3114 concertaverit
1193 3099 1210 3125 ,
1243 3057 1336 3114 illo
1369 3059 1705 3129 reprehenso
1741 3060 1834 3130 qui
1869 3070 2000 3116 recte

2123 3058 2465 3114 ἐποπτεύειν.
2511 3059 2603 3126 Ἐξ
2624 3054 2694 3132 ἦς
2720 3059 3005 3130 εὐχερείας
3037 3059 3259 3113 ἀκούσει
3280 3057 3449 3112 αὐτοῦ
3480 3059 3592 3130 (80)
3621 3060 3716 3113 τὸν

504 3177 565 3236 ’Β
597 3172 696 3227 Ed.
726 3172 924 3235 Paris.,
957 3187 1078 3242 pag.
1111 3170 1196 3226 l5.

498 3266 544 3297 ³³
569 3265 712 3321 Psal.
735 3279 823 3329 ex,
859 3265 911 3319 9.
1009 3262 1055 3294 “
1081 3261 1222 3317 Psal.
1253 3279 1338 3318 eix
1358 3302 1373 3330 ,
1404 3262 1458 3317 '5.

525 3450 614 3518 '77)
651 3449 922 3522 Διῆλθεν.
954 3448 1100 3522 Lege
1133 3448 1347 3522 διῆλθον
1393 3449 1472 3522 [et
1500 3449 1596 3522 sic
1642 3449 1696 3522 in
1736 3464 1879 3505 corr.
1907 3448 1994 3504 ed.

431 3520 523 3588 P.]
557 3531 612 3576 et
655 3520 908 3583 transfer,
950 3521 1133 3573 videor
1161 3520 1317 3584 mihi,
1353 3520 1445 3573 néc
1493 3520 1716 3588 injuria,
1758 3521 1998 3574 dicturus

429 3591 605 3654 de'eo,
640 3592 778 3662 quod
805 3605 1064 3662 nusquam
1119 3592 1249 3644 alibi
1288 3601 1599 3662 persecutus
1644 3607 1779 3644 sum.
1827 3591 1997 3662 Dese

429 3660 717 3717 Marcellus
767 3662 911 3716 enim
970 3660 1249 3726 loquitur:
1284 3661 1331 3714 is
1381 3671 1562 3714 autem
1611 3675 1772 3728 quem
1814 3669 1869 3714 et
1908 3661 1994 3715 hic

429 3735 677 3802 designat
721 3731 856 3800 ipse,
915 3739 972 3802 et
1023 3745 1184 3802 quem
1241 3728 1506 3802 Eusebius
1541 3729 1900 3802 intelligebat,
1940 3731 1992 3783 in

427 3803 508 3874 τῷ
551 3797 629 3873 μὴ
652 3797 1066 3874 λὸμοίωςλαὺτῴ
1093 3800 1375 3874 φάσκοντι,
1407 3801 1655 3854 Asterius
1683 3797 1787 3861 est,
1816 3815 1998 3874 quem,

428 3870 772 3941 cumprimis
810 3871 1070 3941 Arianam
1123 3870 1373 3941 haeresim
1408 3877 1862 3941 propugnantem,
1898 3872 2000 3923 hoc

427 3957 532 3997 suo
573 3940 795 4010 scripto,
831 3940 973 4008 quod
1010 3940 1247 3994 traducit
1286 3940 1581 4010 Eusebius,_
1613 3941 1998 4010 exagitandam

433 4013 535 4067 sibi
567 4008 854 4079 Marcellus
897 4013 1154 4078 suscepit.
1173 4011 1251 4065 M.
1270 4010 1528 4079 —Supra
1557 4008 1701 4079 ἔχειν
1723 4009 1922 4074 Emi“.

499 4081 612 4153 (78)
633 4078 1096 4153 ΑἘξεγέννησα.-
1115 4079 1328 4153 Fa_teor_
1350 4078 1446 4153 me
1466 4078 1701 4153 sensum
1730 4080 1831 4135 loci
1883 4096 1988 4153 non

429 4149 671 4221 assequi.
711 4151 899 4204 Dicere
938 4149 1128 4221 debuit
1172 4149 1459 4221 Eusebius,
1489 4150 1797 4221 Marcellum
1839 4151 1992 4221 addi-7

429 4218 1038 4292 disse—praepositionem
1071 4218 1256 4292 ἐξ,βᾴ
1287 4219 1734 4292 ἐγέννησαηΝοιη
1763 4229 1826 4292 _et
1849 4220 1993 4274 LXX

427 4301 485 4348 et
525 4289 737 4357 omnes,
791 4290 990 4358 legunt,
1029 4291 1112 4342 vel
1153 4289 1475 4360 ἐγέννησα,
1517 4289 1598 4344 vel
1641 4289 1992 4360 γεγέγνηκα,

428 4362 618 4418 nullibi
659 4363 861 4416 mentio
898 4360 1298 4428 praepositionis
1347 4360 1511 4425 illius,
1539 4375 1702 4428 quam
1739 4361 1850 4414 vult
1893 4363 1988 4414 ad-

427 4434 600 4488 ditam
629 4447 660 4485 a
694 4430 977 4494 Marcello;
1014 4429 1107 4484 sed
1154 4440 1518 4500 praeterquam
1549 4432 1693 4498 quod
1721 4447 1824 4485 vox
1856 4429 1990 4484 κλα-

2112 3451 2315 3523 tjonem
2341 3452 2619 3523 improbet
2643 3468 2658 3505 :
2681 3450 3019 3523 Augustinus
3043 3457 3224 3523 tamen
3249 3458 3303 3504 et
3326 3449 3419 3503 alii
3447 3453 3710 3519 probant.

2108 3520 2306 3592 Quidni
2331 3522 2355 3576 ?
2382 3520 2504 3576 cum
2522 3524 2681 3578 unius
2698 3520 3050 3592 ejusdemque
3074 3521 3199 3582 loci,
3219 3529 3410 3575 contra
3432 3537 3596 3590 quam
3617 3539 3720 3576 vo-

2105 3590 2226 3644 lunt
2243 3592 2542 3648 Novatores
2562 3590 2754 3655 nostri,
2769 3593 2950 3661 plures
2969 3593 3251 3661 iidemque
3285 3595 3585 3646 secundum
3624 3595 3721 3646 lit-

2105 3670 2277 3742 teram
2323 3677 2516 3718 sensus
2555 3663 2706 3718 reddi
2762 3659 2992 3732 possint.
3017 3661 3091 3716 Μ.
3116 3689 3185 3699 -
3203 3659 3324 3715 Mox
3355 3661 3516 3733 vulgo
3540 3679 3719 3734 σεμν-

2104 3749 2249 3788 υναι.

2183 3801 2296 3872 (79)
2324 3801 2604 3867 Εἰκότως,
2639 3802 2753 3857 τὸν
2801 3801 3046 3869 ἀστέρα.
3079 3798 3205 3855 Haec
3236 3810 3363 3855 sunt
3394 3799 3708 3867 ἀσύστατα,

2110 3870 2470 3933 τονιαόθθει,
2528 3873 2743 3938 ἑαυτόν,
2795 3883 2854 3926 ut
2908 3873 3172 3942 legamus,
3230 3872 3458 3935 εἰκότως
3508 3875 3716 3929 ἑαυτὸν

2107 3943 2313 4014 ἀστέρα
2345 3942 2623 4014 ἑωσφόρον
2661 3943 2942 4014 ὀνομάζει.
2996 3941 3127 4014 Quae
3188 3956 3316 4014 mox
3365 3956 3709 4014 sequuntur,

2110 4010 2441 4084 transposita
2487 4010 2645 4084 sunt.
2697 4010 3247 4084 Legendum,_é7tet6i}
3287 4012 3429 4084 μετά
3467 4013 3570 4084 τὴν
3603 4014 3716 4082 τῆς

2110 4081 2366 4162 |‘vulg_o_§.
2395 4081 2492 4162 riui
2527 4083 2680 4162 μετὰ.
2707 4081 2828 4154 τῆς]
2882 4082 3085 4153 σαρκὸς
3128 4081 3416 4162 ἀνάληψιν,
3469 4081 3722 4162 Χριστός

2093 4151 2153 4204 τε
2176 4151 2269 4206 καὶ
2303 4151 2514 4225 Ἰησοῦς
2529 4151 3060 4225 ’κηρύττεται-λευηι
3076 4155 3222 4206 enim
3247 4151 3349 4222 τῆς
3364 4151 3718 4223 οἰκονομίας,

2092 4230 2150 4276 et
2179 4222 2642 4292 συγκαταϐάσεως
2681 4223 2841 4278 tituli.
2875 4222 2947 4292 M.

2169 4289 2284 4364 (80)
2307 4294 2418 4347 Τὸν
2432 4293 2792 4363 Σολομῶντα
2814 4291 3126 4364 [Σολομῶνα
3152 4289 3337 4364 codd.]
3360 4294 3716 4362 προφήτην.

2100 4362 2278 4418 Grave
2311 4365 2520 4419 crimen
2569 4362 2781 4420 scilicet
2799 4362 3194 4430 [Salomonem
3240 4362 3568 4432 prophetam
3606 4381 3714 4418 no-

2104 4433 2542 4504 minasserquasi
2590 4450 2730 4496 non.
2764 4434 2857 4501 qui
2909 4434 3200 4488 character
3236 4442 3321 4487 est
3375 4436 3715 4504 prophetiae,

427 4505 643 4567 πεῖσαν,
678 4501 804 4573 furti
844 4499 1265 4573 subtractionem
1322 4499 1523 4573 potius,
1559 4517 1722 4570 quam
1762 4501 1997 4573 additio-
2033 4499 2078 4557 D
2105 4503 2319 4559 locutus
2349 4499 2529 4559 fuerat
2584 4505 2640 4558 in
2694 4499 2898 4573 Spiritu
2947 4513 3159 4564 sanato,
3205 4512 3300 4573 aut
3333 4499 3528 4557 siltein
3555 4499 3713 4573 Cani-

426 4589 550 4628 neiu
581 4573 718 4627 clam
752 4571 948 4625 factam
981 4571 1280 4640 signiticet:
1304 4572 1437 4640 quid
1463 4571 1592 4624 illud
1627 4580 1709 4626 est
1740 4589 1753 4625 :
1783 4571 1844 4624 τὸ
1870 4589 1996 4624 και-

430 4641 693 4714 ριώτατω
721 4640 839 4714 (sic)
859 4641 958 4711 τῆς
983 4639 1258 4714 συλλαϐῆς
1287 4639 1517 4708 ἐξελὼνῖ
1555 4641 1786 4714 Sensum
1810 4643 1998 4714 vid_eor

429 4711 948 4770 assecutus.'Ariani
982 4712 1155 4766 locum
1194 4711 1359 4777 hunc,
1394 4727 1502 4767 non
1544 4713 1610 4766 de
1633 4722 1835 4766 aeterna
1872 4711 1994 4766 Filii

425 4783 802 4851 generatione,
837 4784 932 4836 sed
956 4782 1024 4836 de
1059 4782 1344 4849 temporali
1396 4782 1774 4837 incarnatione
1813 4797 1994 4849 capie-

424 4855 576 4917 bant,
611 4864 670 4908 ut
692 4855 758 4907 de
789 4864 946 4906 noctu
973 4861 1132 4906 natus
1154 4852 1368 4906 dicatur
1392 4864 1518 4906 ante
1547 4862 1796 4906 exortum
1825 4854 1994 4907 stella:

425 4925 737 4987 matutina};
794 4923 1006 4976 videtur
1043 4922 1186 4975 hunc
1232 4937 1473 4984 sensum,
1504 4931 1558 4976 et
1592 4923 1731 4976 hanc
1771 4933 1988 4977 senten-

425 4995 556 5048 tiam
587 5008 898 5062 Oppugnare
933 4992 1220 5047 Marcellus
1247 5009 1259 5044 :
1285 5004 1340 5047 et
1381 4992 1447 5046 ad
1467 5001 1726 5062 aeternam
1761 5008 1990 5062 genera-

427 5061 806 5119 ιίοιιειιλι““ιεί1ίί
867 5064 958 5117 Dei
1017 5064 1083 5116 de
1139 5064 1441 5117 substantia
1486 5061 1666 5116 Patris
1720 5063 1988 5125 retulisse,

424 5151 587 5202 quam
621 5135 706 5188 hic
734 5143 888 5188 vocat
929 5133 1225 5204 Eusebius,
1243 5133 1477 5204 ἀρχαίαν
1502 5132 1882 5204 ἀναγέννησιν,
1909 5136 1991 5187 vel

423 5206 537 5258 ἀνω
573 5205 809 5274 γένεσιν,
839 5214 914 5275 et_
928 5203 1143 5275 legisse,
1181 5203 1528 5275 ἐξεγέννησα,
1584 5203 1769 5272 utpote
1800 5206 1850 5258 in
1883 5219 1989 5272 qua

422 5291 556 5330 voce
587 5272 776 5344 magis
834 5272 1129 5328 eﬂicaCiter
1168 5272 1445 5344 resultet,
1492 5275 1546 5327 id
1589 5275 1730 5343 quod
1773 5275 1990 5328 volebat

421 5342 798 5400 stabilireIDe
824 5344 985 5414 Patre
1013 5358 1132 5411 suo,
1166 5342 1293 5398 Filii
1321 5342 1724 5414 generationem
1757 5345 1985 5410 scilicet,

425 5414 712 5479 Eusebius,
752 5416 866 5468 Arii
919 5412 1121 5479 fautor,
1163 5412 1351 5469 ansam
1396 5414 1589 5482 arripit
1623 5415 1986 5470 calumniandi

423 5483 755 5539 Marcellum.
811 5485 989 5539 Posita
1039 5494 1219 5538 autem
1275 5486 1365 5538 illa
1422 5486 1888 5554 interpretatione,
1923 5488 1988 5539 de

422 5565 623 5625 aeterna
651 5555 774 5609 Filii
809 5557 1181 5625 generatione,
1211 5555 1347 5609 nihil
1381 5566 1532 5609 certe
1565 5555 1810 5623 impedit,
1841 5571 1986 5624 quo»

423 5624 602 5677 minus
628 5626 697 5679 ad
738 5624 970 5679 litteram
1014 5633 1314 5693 exponatur
1349 5625 1522 5688 locus,
1554 5626 1622 5680 de
1654 5625 1860 5679 carnali
1895 5640 1981 5694 ge-

422 5693 704 5764 neratione
736 5694 857 5764 Filii
895 5695 1126 5748 hominis
1158 5710 1171 5744 :
1200 5695 1292 5764 qui
1333 5696 1399 5764 de
1433 5705 1592 5750 nocte
1637 5693 2014 5752 nascebatur..

421 5763 599 5836 Quam
632 5763 758 5820 licet
786 5763 1290 5829 Cbrysostomus’in
1340 5763 1484 5820 Psat.
1513 5780 1624 5830 cu,
1658 5767 1983 5840 interpreta-

2109 4573 2274 4646 ticum
2327 4577 2685 4646 canticorum
2714 4572 2818 4646 non
2871 4573 3011 4646 foret
3061 4572 3248 4646 γραφὴ
3303 4572 3712 4646 προφητὼδης.

2105 4643 2282 4698 Locus
2311 4658 2471 4711 quem
2501 4646 2638 4708 vult,
2675 4643 2907 4698 habetur
2955 4643 3007 4696 in
3053 4644 3324 4712 principio
3352 4643 3719 4698 Proverbia-

2099 4729 2242 4768 rum.
2286 4713 2427 4780 Qum
2471 4716 2692 4784 quidem
2741 4713 3032 4784 Proverbia
3075 4714 3424 4784 sanctissime
3455 4725 3716 4782 sumpta,

2098 4800 2204 4856 non
2235 4794 2362 4838 sunt
2391 4783 2747 4856 προφητεῖαι.
2793 4783 2898 4839 Sed
2942 4783 3243 4856 prophetae,
3277 4783 3522 4856 generali
3568 4799 3719 4852 qua-

2096 4854 2220 4908 dam
2251 4852 2798 4920 notione,‘v'ocantur
2827 4868 3016 4907 omnes
3051 4853 3152 4904 viri
3202 4856 3400 4906 sancti.
3453 4852 3715 4921 Pmplie-

2100 4926 2189 4978 tiae
2214 4934 2368 4989 sunt,
2391 4927 2557 4979 etiam
2585 4927 2652 4979 de
2678 4924 2979 4993 praeteritis
3005 4925 3278 4986 notlones,
3311 4924 3480 4977 etiam
3512 4923 3718 4976 νουθε-

2101 4995 2236 5059 σίαι,
2283 5003 2344 5048 ut
2377 4995 2494 5050 istae
2537 5005 2685 5058 sunt,
2741 4993 3111 5054 θεόπνευστοι,
3154 4994 3542 5060 characteres;
3575 5007 3719 5050 sunt

2093 5075 2246 5120 certe
2275 5065 2488 5120 diversa
2518 5063 2872 5136 χαρισμάτων
2905 5078 3138 5132 genera,
3163 5065 3260 5118 sed
3299 5079 3592 5136 nunquam
3626 5067 3716 5120 ita

2094 5136 2196 5189 fuit
2219 5145 2530 5190 coarctatus
2555 5135 2793 5204 spiritus
2814 5145 3061 5205 sanctus,
3087 5136 3221 5205 quin
3247 5135 3340 5201 qui
3370 5150 3482 5187 uno
3511 5136 3716 5205 aliquo

2093 5220 2294 5275 genere
2318 5207 2588 5278 praecipue
2606 5203 2978 5278 'excolerettir,
3007 5204 3053 5257 is
3083 5213 3139 5256 et
3166 5203 3316 5278 aliud
3364 5203 3627 5278 haberet,
3659 5210 3711 5259 si

2093 5273 2148 5328 in
2198 5273 2500 5330 remissiori
2540 5277 2732 5344 gradu.
2781 5274 2916 5328 Nam
2971 5283 3028 5328 et
3083 5273 3318 5344 apostoli
3381 5273 3714 5344 prOpbetati

2092 5355 2241 5410 sunt,
2271 5356 2326 5402 et
2366 5343 2715 5414 evangelista:
2745 5345 3046 5414 prophetia,
3079 5343 3356 5398 adornati.
3389 5343 3524 5398 Illud
3561 5362 3710 5400 vero

2092 5416 2374 5470 ridiculum
2396 5412 2668 5484 esu—quod
2694 5412 2799 5469 nun
2829 5412 3118 5486 περιῆλθεν
3135 5417 3192 5468 ἐν
3227 5414 3531 5485 μηλωταῖς.
3559 5415 3712 5468 Nam

2091 5501 2213 5550 nec,
2239 5488 2331 5556 qui
2366 5487 2444 5541 sic
2493 5487 2676 5539 amicti
2726 5487 3175 5550 obambulabant,
3207 5493 3496 5554 prophetae
3538 5496 3713 5539 erant

2087 5570 2281 5612 omnes
2311 5575 2325 5608 :
2359 5571 2457 5610 nec
2499 5557 2780 5626 prophetae
2841 5558 2931 5625 qui
2967 5557 3206 5621 fuerant,
3226 5571 3425 5608 omnes
3451 5556 3534 5608 sic
3561 5559 3710 5608 ami-

2087 5627 2160 5694 cti
2186 5626 2629 5680 obambulabant.
2674 5626 2870 5694 lneptit
2902 5641 3032 5693 ergo
3058 5626 3166 5691 hic,
3200 5640 3307 5679 non
3345 5636 3568 5679 tantum
3609 5639 3712 5680 ca-

2088 5693 2382 5768 lumniatur
2409 5698 2438 5748 ὁ
2472 5693 2567 5748 τοῦ
2629 5693 2936 5766 Παμφίλου.
2976 5697 3047 5751 Μ.
3070 5725 3140 5737 --
3163 5696 3283 5752 Mox
3343 5696 3515 5750 αὐτού
3579 5703 3714 5768 post

2087 5766 2424 5840 προφητείας
2454 5780 2566 5826 C'n.
2603 5770 2764 5823 codd.
