3836 6216
173 285 276 339 m
1321 286 1600 346 CONTRA
1643 238 2077 344 MARCELLUM
2115 283 2248 342 LIB.
2291 263 2340 342 ιζ
3341 285 3460 351 ‘m

176 406 472 477 Σολομῶνα
500 407 787 480 προφήτην
815 407 1215 476 ἀποκαλοῦντος
1236 382 1520 476 πολλάκις,
1543 409 1639 464 καὶ¹
1664 409 1765 471 τὰς

1867 407 2187 477 scripserat,
2215 405 2345 462 nihil
2371 415 2552 463 tamen
2581 406 2940 478 attulit‘novi,
2969 409 3065 466 sed
3095 408 3286 467 lectori
3343 414 3458 470 cui-

179 499 478 572 ιταροιμίας
512 501 850 574 προφητείας
889 501 1268 573 ὀνομάζοντος.
1320 504 1530 574 Ὥσπερ
1571 497 1664 557 οὖν
1709 503 1767 555 ὲν

1874 513 2090 569 cunque
2117 499 2262 553 idem
2290 511 2387 569 per
2417 499 2602 553 omnia
2633 499 2858 556 exhibet
2892 503 3284 558 testimonium.
3316 502 3458 560 Pcr-

172 587 261 657 οἷς
293 611 476 664 φησιν’
519 611 538 644 ι
581 593 784 646 Τούτου
831 594 943 665 γὰρ
973 595 1133 666 χάριν
1164 598 1192 650 ὁ
1223 595 1529 666 ἁγιώτατος
1553 595 1768 666 προφή-

1870 591 1950 661 git
1975 590 2268 659 deinceps,
2318 599 2374 644 et
2403 591 2701 646 introducit
2753 592 3023 648 dicentem
3073 593 3453 660 Servatorem,

179 703 200 737 ι
241 702 347 756 της
369 682 647 754 Σολομὼν,
669 683 959 748 δέξασθαί
975 702 1039 738 τε
1061 687 1329 756 στροφὰς
1352 688 1550 756 λόγων
1573 687 1710 755 ἔφη’
1743 704 1762 738 ι

1876 700 1896 733 ι
1931 681 2044 750 Ego
2089 697 2208 737 sum
2252 682 2367 736 dies
2407 697 2421 736 :
2459 701 2477 734 ι
2525 684 2691 737 verba
2746 693 2928 738 autem
2980 685 3147 753 ipsius
3195 687 3262 742 ad
3309 687 3453 742 hunc

174 777 276 830 καὶ
316 776 500 830 πάλιν·
559 795 578 828 ι
625 775 858 844 Ῥήσεις
900 793 967 830 τε
989 776 1200 847 σοφῶν
1241 778 1344 832 καὶ
1381 778 1698 848 αἰνίγματα
1743 795 1762 829 ι

1871 773 2089 828 modum
2138 787 2196 828 se
2249 774 2502 828 habent:
2547 793 2566 824 ι
2624 775 2760 829 Cum
2821 773 2912 847 [Β.
2967 773 3163 848 XXV.]
3216 779 3454 832 tenebrae

171 866 280 938 τὴν
334 865 634 939 παροιμίαν
684 867 1022 938 προφητείαν
1088 869 1378 940 ὀνομάξεν
1427 870 1524 924 καὶ
1578 865 1762 933 αὖθις·

180 977 201 1011 r
244 959 340 1013 Διό
369 977 459 1031 μοι
491 961 642 1014 δοκεῖ
675 963 704 1015 ὁ
734 959 1047 1030 σοφώτατος
1075 955 1230 1025 οὗτος
1260 962 1550 1034 προφήτης
1581 959 1769 1014 καὶτὰ

176 1069 200 1104 ε
239 1050 434 1123 πρῶτα
473 1052 695 1122 ῥήματα
724 1051 826 1122 τῆς
869 1052 1209 1124 προφητείας
1258 1051 1646 1125 παροιμιωδῶς
1691 1052 1770 1104 εί-

179 1163 200 1195 σ
241 1143 489 1215 ρηκέναι.
528 1161 548 1195 ι
586 1142 698 1196 Καὶ
743 1141 996 1215 δεύτερον
1025 1143 1102 1207 δὲ,
1151 1143 1246 1197 καὶ
1274 1142 1481 1214 τρίτον,
1514 1142 1609 1195 καὶ
1640 1141 1769 1195 πολ-

172 1234 356 1298 λάκις,
394 1234 470 1298 ὡς
502 1233 658 1305 ἔφην,
686 1233 846 1288 τοῦτο
877 1237 1040 1299 ποιεῖ,
1076 1233 1286 1304 ἀγνοῶν
1318 1234 1409 1288 ὅτι
1447 1233 1768 1302 διαιρέσεις

173 1325 562 1397 χαρισμάτων
598 1325 778 1391 εἰσὶν,
815 1328 867 1380 εί
909 1326 1006 1380 καὶ
1052 1326 1118 1381 τὸ
1154 1326 1303 1382 αὐτὸ
1356 1325 1613 1395 πνεῦμα.
1656 1324 1769 1378 Καὶ

169 1419 346 1486 ἄλλῳ
385 1418 504 1488 μὲν
532 1418 761 1472 δίδοται
797 1419 981 1489 λόγος
1007 1420 1250 1489 σοφίας,
1286 1419 1428 1474 κατὰ
1473 1419 1564 1473 τὸν
1609 1419 1768 1472 Ἀπό-

172 1511 384 1578 στολον,
419 1510 587 1575 ἄλλῳ
611 1513 793 1582 λόγος
823 1511 1100 1584 γνώσεως
1134 1512 1285 1566 κατὰ
1312 1511 1380 1565 τὸ
1405 1510 1552 1566 αὐτὸ
1582 1511 1767 1566 πνεῦ-

166 1621 277 1674 μα,
326 1603 507 1673 ἑτέρῳ
550 1605 756 1672 πίστις
791 1604 864 1658 ἐν
907 1603 987 1670 τῷ
1031 1603 1194 1670 αὐτῷ
1235 1605 1547 1674 πνεύματι,
1600 1603 1768 1674 ἄλλῳ

170 1696 529 1765 προφητεία,
576 1695 776 1765 Διόπερ
810 1697 839 1749 ὁ
884 1693 1135 1766 Σολομὼν
1168 1695 1361 1764 σοφίας
1396 1694 1495 1766 μὲν
1527 1693 1766 1766 εἰληφὼς

1875 883 1895 917 ι
1934 867 2084 936 prius
2114 864 2426 920 obtinerent
2475 875 2696 935 propter
2730 864 2910 920 cultus
2963 865 3130 920 divini
3161 867 3456 937 ignoratio-

1876 974 1894 1008 ι
1932 972 2079 1024 nem,
2097 957 2188 1011 ubi
2231 955 2348 1011 dies
2368 955 2479 1024 jam
2502 964 2647 1010 esset
2665 955 2716 1010 in
2735 956 3038 1027 propinquo
3067 960 3293 1022 oritura,
3315 958 3455 1029 Ego,

1876 1065 1896 1099 ι
1940 1048 2139 1117 inquit,
2168 1047 2288 1102 dies
2317 1063 2458 1102 sum.
2505 1065 2524 1099 ι
2563 1045 2673 1102 Nec
2705 1045 2906 1114 injuria
2959 1048 3200 1115 stellam,
3237 1049 3456 1106 Lucife-

1870 1157 1990 1195 rum
2071 1141 2386 1209 appellavit.
2457 1141 2576 1196 Alio
2627 1139 2880 1213 deinceps
2937 1140 3056 1197 loco
3100 1142 3173 1197 ita
3227 1143 3402 1214 inquit
3435 1162 3451 1177 ·

1873 1230 1965 1303 [Β.
1998 1231 2264 1286 XXXVII.
2293 1231 2366 1287 cf.
2400 1232 2627 1303 pag.8l,
2649 1232 2736 1306 Β.]
2765 1233 3244 1306 «Quandoquidem
3277 1249 3306 1288 a
3330 1250 3454 1292 sus-

1876 1342 1896 1376 ι
1937 1333 2091 1393 cepta
2137 1323 2304 1378 semel
2343 1340 2530 1389 carne,
2556 1324 2806 1381 Christus
2835 1327 2996 1382 simul
3026 1343 3146 1384 esse
3167 1327 3325 1386 Jesus
3351 1343 3454 1386 an-

1876 1433 1896 1467 ι
1935 1417 2252 1469 nuntiatur:
2283 1416 2390 1470 vita
2420 1427 2473 1471 et
2497 1417 2602 1483 via,
2640 1427 2803 1489 atque
2837 1419 2974 1474 dies.
3008 1439 3028 1472 ι
3064 1419 3451 1493 Pergitporro,

1871 1516 1927 1562 et
1963 1507 2179 1561 tandem
2219 1508 2287 1561 ab
2319 1507 2583 1578 Apostolo
2618 1508 2690 1562 ita
2714 1519 3012 1566 mutuatur.
3051 1511 3250 1566 Nostra
3275 1522 3452 1568 autem

1869 1599 2166 1654 Jerusalem
2191 1616 2401 1654 sursum
2437 1609 2533 1655 est.
2578 1600 2718 1668 Quid
2766 1612 2948 1658 autem
2993 1603 3077 1658 his
3109 1605 3312 1662 diutius
3350 1622 3454 1677 ego

1874 1691 2149 1745 immorari
2184 1692 2355 1747 debeo
2373 1693 2396 1746 ?
2412 1691 2596 1747 Cuivis
2616 1694 2813 1749 etenim
2831 1735 2845 1762 ,
2872 1697 2959 1750 cui
2995 1695 3188 1751 saltem
3212 1696 3450 1764 libuerit,

169 1789 422 1859 χάρισμα
447 1787 885 1860 μεμαρτύρηται.
915 1787 1025 1844 Καὶ
1057 1787 1241 1842 ἔδωκε
1268 1787 1379 1860 (81)
1410 1787 1520 1857 γὰρ
1546 1787 1763 1855 Κύριος

1866 1783 2102 1853 proclive
2151 1792 2256 1847 est,
2301 1784 2451 1840 hisce
2486 1801 2605 1854 quae
2633 1787 2775 1840 dicta
2804 1797 3112 1857 suntquam
3153 1787 3448 1857 simillima,

169 1876 252 1945 τῷ
279 1877 588 1948 Σολομῶνι
619 1879 868 1948 σοφίαν,
914 1879 990 1943 ὼς
1020 1880 1054 1950 ἡ
1087 1878 1276 1949 Γραφή
1311 1896 1463 1948 φησι,
1500 1879 1600 1932 καὶ
1628 1879 1764 1932 ἐσο-

169 1972 362 2040 φίσθη
411 1971 564 2040 ὑπὲρ
595 1971 828 2038 πάντας
847 1970 1202 2040 ἀνθρώπους
1223 1987 1236 2001 ·
1271 1969 1409 2024 Οὔτε
1440 1970 1496 2023 δὲ
1524 1970 1615 2023 τὸν
1649 1968 1762 2040 βίον

169 2062 512 2135 προφητικὸν
542 2061 811 2134 ἐσχηκὼς,
859 2061 985 2115 οὔτε
1021 2062 1112 2116 τὸν
1146 2061 1247 2132 τῆς
1279 2061 1616 2133 προφητείας
1658 2077 1760 2130 χα-

171 2151 446 2222 ρακτῆρα,
486 2149 578 2204 τὸν
610 2150 720 2204 ἀπὸ
759 2149 853 2204 τοῦ
905 2149 1049 2204 Τάδε
1077 2149 1241 2221 λέγει
1280 2151 1516 2218 Κύριος,
1558 2149 1667 2203 τῶν
1701 2166 1761 2202 τε

161 2242 544 2312 ὁμοιοτρόπων
579 2240 999 2314 γνωριζόμενον,
1029 2241 1119 2295 διὰ
1169 2241 1278 2295 τῶν
1315 2240 1530 2294 οἰκείων
1562 2241 1763 2312 ἐμφαί-

167 2349 250 2385 νει
276 2331 471 2401 λόγων.
518 2333 576 2386 ὐ
603 2333 660 2386 δὲ
689 2335 893 2387 τούτων
927 2334 1078 2387 οὐδὲν
1117 2332 1260 2399 ἰδὼν,
1295 2333 1484 2406 ὥσπερ
1518 2351 1568 2387 τι
1602 2351 1760 2406 χαρι-

171 2424 399 2495 ζόμενος
426 2424 504 2496 τῷ
529 2426 686 2497 ἀνδρὶ
713 2427 1000 2498 προφήτην
1025 2426 1188 2480 αὐτὸν
1219 2426 1396 2491 καλεῖ,
1427 2426 1488 2479 οὐ
1536 2427 1757 2491 συνιεὶς,

169 2517 252 2570 ὅτι
275 2519 325 2570 οἱ
356 2519 630 2589 προφῆται
653 2517 982 2587 περιῆλθον
1001 2517 1072 2571 ἐν
1079 2517 1406 2587 μηλωταῖς,
1429 2518 1499 2571 ἐν
1516 2518 1760 2588 αἰγείοις

162 2608 490 2678 δέρμασιν,
507 2611 958 2680 ὑστερούμενοι,
985 2611 1342 2679 θλιϐόμενοι,
1356 2611 1760 2680 κακουχούμε-

167 2717 288 2754 νοι.
323 2703 436 2755 Καὶ
470 2700 570 2766 τὰς
602 2701 910 2773 Παροιμίας
945 2701 1005 2756 δὲ
1037 2700 1204 2754 αὑτοῦ
1247 2701 1586 2774 προφητείαν
1618 2701 1757 2755 εἶναι

167 2791 344 2860 λέγει,
391 2793 442 2846 εί
482 2792 730 2864 μηδαμοῦ
766 2793 868 2865 τῆς
913 2793 1063 2857 θείας
1111 2792 1335 2864 Γραφῆς
1379 2792 1755 2864 διδασκούσης,

166 2884 339 2938 αὑτοῦ
373 2884 432 2938 δὲ
463 2884 557 2938 τοῦ
593 2885 908 2956 σοφωτάτου
943 2887 1040 2940 σὺν
1075 2885 1203 2956 θείῳ
1247 2885 1543 2957 πνεύματι,
1586 2885 1759 2958 ταύτῃ

173 2977 274 3048 μὲν
314 2978 383 3047 τῇ
435 2975 601 3048 βίϐλῳ
645 2977 952 3050 Παροιμίας
991 2977 1101 3049 (8‘2)
1131 2977 1302 3050 ὄνομα
1324 2977 1540 3041 θέντος,
1585 2980 1651 3049 τῇ
1702 2977 1758 3031 δὲ

171 3067 360 3140 ἑτέρᾳ,
388 3065 840 3139 Ἐκκλησιαστής·
868 3069 962 3121 καὶ
980 3070 1046 3139 τῇ
1062 3068 1242 3142 τρίτῃ,
1275 3069 1549 3139 ’ᾼσματα
1569 3068 1759 3139 ἀσμᾴ-

1870 1874 1972 1930 alia
2001 1891 2216 1948 quoque
2245 1878 2452 1933 inﬁnita
2501 1877 2752 1944 colligere
2785 1879 2852 1934 ab
2887 1878 2978 1933 illo
2999 1879 3115 1950 ejus
3137 1895 3321 1950 opere,
3349 1881 3451 1938 ob-

1869 1976 2084 2022 servata
2112 2006 2129 2032 ,
2164 1971 2310 2023 unde
2338 1969 2579 2024 hominis
2628 1969 2898 2024 inscitiam
2933 1969 3451 2029 animadvertamus.

1870 2056 2008 2114 Hinc
2040 2073 2256 2131 quoque
2284 2058 2510 2128 factum,
2567 2070 2625 2114 ut
2654 2059 2999 2117 Salomonem
3033 2064 3348 2132 prophetam
3375 2064 3454 2119 in-

1871 2149 2184 2220 digitaverit
2216 2190 2232 2216 ,
2269 2159 2327 2203 ut
2354 2158 2407 2204 et
2449 2151 2735 2220 proverbia
2788 2151 3131 2220 Prophetiam
3184 2167 3291 2206 non
3340 2168 3450 2209 una

1869 2243 2007 2296 vice.
2043 2241 2205 2296 Verbi
2232 2242 2443 2310 gratia,
2468 2242 2534 2296 ad
2569 2241 2716 2297 hunc
2741 2243 2957 2296 modum
3008 2244 3085 2296 ait
3113 2259 3130 2296 :
3165 2241 3342 2312 Hujus
3373 2244 3450 2298 rei

1868 2349 2028 2387 causa
2055 2334 2418 2387 sanctissimus
2455 2334 2708 2404 prop/leta
2739 2333 2994 2388 Salomon
3016 2334 3092 2388 ait
3125 2349 3146 2390 :
3169 2334 3251 2387 Ad
3273 2335 3450 2390 susci-

1865 2427 2111 2495 piendam
2154 2427 2502 2480 eruditionem
2549 2425 2808 2480 doctrina:
2831 2426 3189 2482 3"’zetiterum
3225 2443 3239 2480 :
3274 2425 3449 2482 Verba

1865 2519 2201 2586 sapientium,
2234 2526 2281 2572 et
2328 2518 2606 2587 wnigmata
2635 2517 2702 2574 ³⁸.
2736 2516 3031 2572 Proverbia
3059 2510 3074 2583 ,
3104 2517 3444 2588 prophetiam

1866 2609 2176 2678 appellavit.
2205 2607 2404 2663 lterum
2439 2625 2451 2660 :
2484 2625 2503 2659 ι
2537 2605 2618 2662 0b
2647 2607 2786 2662 hanc
2809 2623 3030 2662 causam
3053 2608 3267 2663 videtur
3310 2608 3444 2663 mihi

1871 2718 1890 2752 ι
1923 2700 2356 2768 sapientissimus
2379 2700 2467 2755 hic
2497 2701 2760 2770 propheta
2782 2700 2956 2768 prima
2997 2699 3164 2754 verba
3215 2699 3448 2769 prophe-

1871 2810 1889 2844 ι
1933 2793 2018 2847 tia:
2065 2808 2178 2848 sua
2228 2791 2646 2862 proverbialiter
2695 2791 3026 2846 enuntiasse.
3087 2811 3106 2844 ι
3156 2790 3442 2859 Secundo,

1867 2884 2030 2954 igitur
2062 2894 2117 2939 et
2151 2886 2312 2940 tertio
2347 2884 2567 2954 smpius,
2619 2884 2700 2938 uti
2733 2885 2936 2940 dietum
2978 2893 3081 2950 est,
3122 2885 3224 2939 hoc
3248 2883 3317 2938 ab
3353 2883 3448 2938 illo

1866 2975 1937 3028 ita
1965 2975 2164 3028 factum
2195 2987 2299 3030 est.
2332 2974 2551 3046 Ignorat
2573 2974 2787 3029 interim
2812 2975 3154 3028 diversitates
3174 2972 3444 3030 donorum

1864 3079 2014 3132 esse,
2039 3065 2165 3120 licet
2201 3067 2340 3121 idem
2368 3066 2604 3136 Spiritus
2647 3066 2738 3122 sit.
2779 3064 2885 3119 Uni
2911 3066 3118 3136 quidem
3141 3066 3445 3119 conceditur

169 3174 311 3220 των,
347 3158 447 3211 οὐκ
479 3158 653 3222 ἀθεεὶ,
705 3159 825 3212 οὐδὲ
865 3158 1192 3231 ἀνθρωπίνῳ
1236 3157 1483 3230 λογισμῷ
1532 3157 1758 3221 ταύταις

1866 3159 2068 3212 verbum
2129 3158 2400 3225 sapientiae
2429 3198 2443 3220 ,
2497 3157 2796 3211 secundum
2849 3157 2992 3226 quod
3027 3155 3316 3226 Apostolus
3342 3156 3440 3221 ait,

170 3250 554 3315 ὲπιὸάλλοντος
593 3254 712 3315 ταῖς
743 3253 1066 3324 ὲπιγορίαις.
1122 3251 1281 3306 Ἀλλὰ
1313 3252 1408 3306 καὶ
1441 3250 1612 3323 αὐτὴν
1657 3250 1756 3322 τὴν

171 3341 532 3396 θεὸπνευστον
581 3341 746 3397 αὐτοῦ
775 3343 1023 3415 Τραφὴν,
1076 3343 1142 3397 δι’
1201 3341 1532 3415 Ἑλληνικῶν
1565 3341 1758 3410 πειρᾶ-

167 3451 264 3486 ται
292 3433 404 3504 (85)
441 3435 901 3507 παραδειγμάτων
934 3434 1282 3508 ἑρμηνεύειν,
1313 3435 1414 3488 οὐκ
1447 3431 1758 3495 ἐπακούσας

168 3523 388 3580 Παύλου
426 3526 518 3578 τοῦ
568 3524 872 3579 ἀποστόλου
915 3525 1183 3594 λέγοντος·
1243 3523 1433 3595 Ἡμεῖς
1474 3521 1544 3576 δὲ
1589 3524 1662 3576 οὺ
1689 3521 1758 3575 τὸ

169 3615 412 3685 πνεῦμα
453 3614 561 3670 τοῦ
597 3617 830 3686 κόσμου
862 3616 1175 3687 ἐλάϐομεν,
1219 3615 1383 3671 ἀλλὰ
1418 3615 1486 3668 τὸ
1523 3612 1759 3683 πνεῦμα

169 3705 240 3760 τὸ
260 3707 330 3760 ἐκ
365 3707 470 3761 τοῦ
500 3708 668 3774 Θεοῦ,
693 3708 794 3761 ἵνα
823 3707 1041 3779 ἴδωμεν
1081 3709 1156 3762 τὰ
1185 3707 1306 3764 ὑπὸ
1336 3707 1444 3761 τοῦ
1476 3705 1623 3760 Θεοῦ
1652 3719 1759 3758 κα-

161 3797 457 3866 ρισθέντα
484 3799 657 3869 ἡμῖν’
689 3799 729 3853 ἅ
751 3799 849 3854 καὶ
866 3799 1192 3868 λαλοῦμεν,
1221 3801 1334 3852 οὐκ
1363 3798 1433 3851 ἐν
1461 3794 1760 3861 διδακτοῖς

169 3891 556 3960 ἀνθρωπίνης
604 3894 825 3962 σοφίας
874 3894 1100 3964 λόγοις,
1153 3893 1288 3948 ἀλλ’
1341 3891 1410 3946 ἐν
1460 3890 1760 3956 διδακτοῖς

169 3985 525 4054 Πνεύματος
592 3986 786 4056 ἁγίου,
850 3985 1222 4057 πνευματικὰ
1293 3982 1760 4056 (πνευματικοῖς)

166 4077 628 4146 συγκρίνοντες.
669 4077 938 4148 Ψυχικὸς
983 4076 1052 4130 δὲ
1083 4075 1393 4144 ἅνθρωπος
1420 4075 1492 4128 οὐ
1525 4072 1762 4142 δέχεται

164 4172 247 4226 τὰ
274 4170 384 4225 τοῦ
401 4173 750 4241 Πνεὺματος
769 4170 876 4225 τοῦ
900 4168 1068 4235 Θεοῦ,
1086 4168 1278 4239 μωρία
1292 4167 1402 4238 γὰρ
1424 4165 1586 4232 αὐτῷ
1606 4164 1759 4230 ἐστι,

166 4264 275 4319 καὶ
311 4266 385 4319 οὐ
411 4264 663 4320 δύναται
699 4264 923 4336 γνῶναι
956 4263 1048 4318 ὅτι
1069 4259 1486 4333 πνευματικῶς
1516 4259 1764 4329 ἀνακρί-

244 4375 662 4449 ᾔιᾘώριιτὶεη
688 4393 810 4449 pag.
842 4377 931 4449 M.

240 4447 476 4504 "Prov.
503 4464 552 4514 ι,
575 4449 632 4505 5.

167 4770 610 4846 τιξιιιίιίιγνιιιεο
635 4773 839 4846 κακὸχ.
872 4783 927 4824 et
949 4771 1049 4835 τάς
1065 4789 1124 4846 τε
1156 4790 1289 4846 παρ.
1321 4770 1510 4846 αύτοῦ.

247 4843 364 4915 (8‘2)
399 4841 740 4915 _Hapoqtt'ag
809 4841 1271 4915 ὀνομασθέντος.
1321 4843 1466 4915 Lege
1517 4843 1758 4915 divisim,

168 4911 478 4986 παροιμίας
504 4911 722 4984 [scripsi
751 4912 1038 4984 παροίμιαι
1083 4921 1139 4966 et
1191 4915 1366 4983 recepi
1408 4911 1587 4984 δνομα
1643 4912 1764 4967 θέν-

168 4985 384 5049 τος;εί
423 4983 606 5037 addito
661 4981 777 5056 xa't_
812 4983 1028 5056 tolerari
1076 4983 1276 5056 potest]
1324 4983 1496 5056 ὄνομα
1553 4983 1759 5056 θέντος.

167 4998 384 5049 τος;ει
423 4998 606 5037 aauito
661 4998 755 5035 και
812 4998 1028 5036 tolerari
1076 4998 1276 5056 poresu
1324 4998 1496 5056 ονομα
1553 4998 1759 5048 υεντος.

170 5056 476 5132 I)_el_end_um
518 5067 693 5132 porro
723 5051 851 5105 illud
870 5053 953 5132 si;
979 5063 1033 5106 et
1057 5058 1495 5132 t_ota~senteutia,
1514 5055 1600 5132 _sic
1628 5068 1762 5132 cgn-

169 5127 446 5196 cipienda,
469 5119 993 5196 τάς-τεμπαροιμίας
1029 5121 1215 5196 αύτού,
1236 5124 1593 5196 ,προφητείαν
1625 5119 1762 5196 εἶναι

169 5191 600 5266 λέγειμμηδαμοῦ
629 5193 731 5264 τῆς
756 5191 905 5266 θείας
934 5191 1562 5266 Γραφῆςᾼδιδασκούσης·
1596 5194 1761 5266 αὑτοῦ

173 5267 229 5320 δὲ
251 5262 360 5318 τοῦ
379 5262 720 5336 σοφωτάτου,
742 5262 853 5336 ’ὠν
879 5262 1007 5336 θείῳ
1030 5262 1326 5336 Πνεύματι,
1356 5262 1528 5336 ταύτῃ
1554 5265 1758 5336 Ῠμὲνμτῇ

172 5317 362 5406 θίὸλῳλ
378 5317 720 5406 Πα’ροιμίας,’
739 5332 908 5402 ὄνομα
933 5317 1136 5406 θέντος,
1159 5317 1226 5406 τῇ
1262 5317 1326 5387 δὲ’
1353 5317 1761 5406 ὲτέρᾷἙκκληί

169 5404 426 5475 σιαστήν.
459 5404 610 5470 Quod
637 5418 825 5475 verum
865 5412 966 5475 est.
998 5405 1115 5458 Non
1141 5404 1284 5458 enim
1309 5404 1759 5472 suntadjectitiae

169 5472 583 5544 inscriptiones,
632 5475 724 5529 sed
765 5472 834 5527 ab
897 5474 1128 5540 ipsumet
1185 5485 1405 5530 auctore
1461 5490 1754 5544 expressae.

170 5545 314 5600 Tum
385 5545 658 5600 sequitur.
698 5541 795 5596 καὶ
840 5543 942 5597 οὐκ
979 5543 1151 5599 ἀθεεὶ.
1191 5544 1304 5598 Hoc
1356 5553 1460 5600 est.
1497 5561 1601 5598 non
1639 5546 1754 5598 sine

170 5556 314 5600 'l'um
385 5556 658 5612 seqmtur,
698 5556 795 5596 και
840 5556 942 5597 ουκ
979 5556 1151 5599 aliaet.
1193 5556 1304 5598 Hoc
1356 5556 1460 5609 est,
1497 5561 1601 5598 non
1639 5559 1758 5598 sme

168 5615 419 5687 numine,
443 5613 613 5684 χωρὶς
644 5613 780 5687 Θεοῦ
812 5612 1060 5687 γνώμης,
1089 5625 1148 5670 ut
1177 5614 1474 5687 Hesychius
1502 5616 1745 5685 exponit.

165 5685 250 5743 Μ.
273 5713 349 5756 _—:
375 5681 506 5737 Dein
531 5681 689 5756 vulgo
707 5683 788 5756 ὡς
819 5681 1010 5756 τᾼσμα
1040 5686 1095 5756 ᾁ.

119 5760 130 5772 ’
241 5753 362 5829 (85)
419 5752 913 5824 Παραδειγμιὶτιιίν
936 5752 1332 5825 ’ἑρμηνεύειν.
1393 5755 1614 5814 Morbus
1665 5763 1750 5813 est

739 4441 786 4482 ’7‘
819 4447 948 4504 ibid.
987 4446 1043 4504 6.
1101 4443 1144 4477 ³⁷
1174 4444 1344 4503 lCor.
1383 4461 1486 4513 xu,
1512 4445 1599 4501 10.
1676 4444 1722 4477 ³⁸
1749 4443 1814 4500 Ill
1850 4443 1984 4515 Reg.
2017 4458 2070 4508 v,
2096 4441 2181 4496 i2.

1858 3247 2013 3302 alteri
2037 3248 2244 3302 verbum
2272 3247 2652 3316 intelligentiae,
2678 3248 2976 3301 secundum
3010 3247 3259 3302 eumdem
3294 3247 3443 3317 Apo-

1861 3340 2060 3396 stolum
2094 3358 2106 3393 :
2134 3340 2230 3393 alii
2273 3340 2410 3408 ﬁdes
2435 3355 2526 3408 per
2555 3343 2791 3393 eumdem
2822 3339 3064 3406 spiritum
3092 3354 3109 3392 .'
3135 3338 3293 3393 alteri
3320 3355 3446 3410 pro-

1859 3432 2035 3503 phetia
2058 3431 2125 3484 ³⁷.
2165 3431 2420 3485 Salomon
2443 3439 2626 3484 autem
2659 3430 2860 3484 donum
2888 3429 3099 3498 accepit
3135 3431 3442 3498 sapientiae,

1819 3548 1827 3557 -
1861 3535 1919 3580 ut
1943 3525 2235 3593 Scriptura:
2273 3523 2578 3576 testimonio
2628 3522 3008 3590 comprobatur
3047 3536 3063 3574 :
3105 3526 3163 3584 »Β
3202 3519 3270 3574 Ει
3298 3521 3442 3575 dedit

1860 3615 2116 3670 Dominus
2131 3614 2444 3684 sapientiora
2472 3609 2745 3667 Sulomoui
2777 3613 2845 3678 ³⁸,
2869 3624 2916 3666 et
2941 3621 3051 3666 erat
3075 3613 3312 3667 omnibus
3341 3611 3440 3666 Ιιο-

1862 3703 2089 3757 minibus
2107 3703 2396 3771 sapientior
2414 3701 2480 3756 ⁸⁸.
2517 3699 2696 3756 Vitam
2721 3711 2900 3755 autem
2932 3701 3304 3771 propheticam
3331 3715 3442 3756 non

1864 3796 2185 3851 instituebat
2220 3817 2232 3850 :
2272 3809 2448 3863 neque
2490 3795 2597 3849 ullo
2628 3795 2946 3848 charactere
2979 3794 3296 3864 prophetico
3322 3802 3443 3850 erat

1864 3889 2158 3960 insignitus
2191 3908 2204 3944 :
2235 3891 2428 3960 quales
2477 3897 2674 3955 erant,
2733 3886 2862 3942 Haec
2885 3888 3010 3941 dicit
3064 3886 3344 3952 Dominus,
3386 3895 3445 3942 et

1861 3982 1989 4037 huic
2013 3983 2223 4038 similes
2255 3997 2271 4037 :
2306 3995 2468 4052 atque
2514 3981 2620 4036 hoc
2652 3997 2718 4036 ex
2747 3981 2834 4048 iis,
2873 3997 2994 4050 quae
3021 3979 3263 4050 scripsit,
3306 3980 3443 4035 satis

1861 4073 2051 4142 liquet.
2082 4073 2392 4140 Marcellus,
2443 4074 2546 4129 hoc
2593 4073 2816 4127 minime
2847 4073 3269 4136 animadverso,
3316 4082 3442 4129 tan-

1861 4180 2027 4234 quam
2050 4167 2100 4223 ei
2130 4166 2198 4220 de
2240 4182 2338 4222 suo
2384 4166 2601 4238 elargiri
2632 4165 2796 4221 vellet
2823 4165 3026 4236 aliquid
3055 4206 3070 4230 ,
3118 4167 3440 4236 prophetam

1863 4258 2014 4312 illum
2064 4259 2384 4329 iudigitabat
2416 4276 2430 4312 :
2466 4259 2688 4314 minime
2715 4259 2936 4314 interim
2989 4261 3279 4329 meminit,
3312 4275 3442 4332 pro-

2295 4443 2340 4474 ”
2371 4440 2433 4496 Ill
2462 4442 2594 4514 Reg.
2624 4457 2697 4507 iv,
2727 4441 2817 4497 5i.

248 4700 364 4826 (812
386 4699 502 4770 Γάρ
529 4708 586 4754 et
608 4699 684 4763 ὡς
709 4714 820 4757 om.
855 4701 1018 4784 vulgo
1048 4741 1063 4768 ,
1105 4701 1228 4757 dein
1281 4702 1442 4773 vulgo
1458 4700 1762 4784 ’Σολομῶν-

278 4773 334 4826 ln
365 4788 421 4826 ra
453 4770 610 4826 vulso
635 4773 838 4826 κακόν.
872 4783 927 4824 et
949 4789 1049 4826 τας
1065 4789 1124 4825 τε
1156 4790 1289 4826 παο.
1321 4774 1510 4826 αὐτου.

1866 4699 2090 4756 omnino
2123 4699 2308 4762 animi,
2345 4698 2501 4768 quasi
2539 4697 2872 4768 prohibitum
2897 4697 3137 4752 essetab
3158 4699 3441 4768 Apostolo,

1866 4771 1885 4824 Ι
1920 4769 2048 4826 Cor.
2082 4786 2148 4826 ιι.
2184 4769 2272 4826 12.
2299 4770 2368 4825 ab
2399 4769 2669 4826 Aﬂavotiis
2697 4783 2760 4821 ea
2799 4778 2986 4822 mutuo
3018 4771 3288 4826 accipere.
3319 4788 3440 4826 uuae

1866 4771 1885 4824 Ι
1920 4769 2048 4826 Cor.
2082 4786 2148 4832 ll,
2184 4769 2272 4832 12,
2299 4770 2368 4842 ab
2399 4769 2669 4839 A‘ngptiis
2690 4783 2760 4842 _ea
2799 4778 2986 4822 mutuo
3001 4771 3288 4842 accipere,
3319 4788 3440 4842 quae

1865 4842 2250 4902 conducerent,
2291 4841 2358 4892 ad
2407 4837 2822 4901 exstrueudum,
2855 4850 2906 4891 et
2946 4837 3438 4895 adornandum-ta-

1867 4909 2244 4966 bernaculum.
2279 4909 2447 4975 Quasi
2482 4911 2708 4978 ipsemet
2742 4907 2961 4970 Paulus,
2989 4911 3184 4963 nonde
3215 4910 3440 4978 Menan-

1865 4983 1986 5045 dro,
2036 4982 2223 5044 Arato,
2271 4977 2610 5048 Epimenide,
2656 4978 2739 5050 vel
2765 4978 3098 5050 Callimacho
3127 4977 3352 5050 γνώμας
3382 4989 3440 5036 et

1865 5050 2266 5120 ἀποφθέγματα
2315 5046 2674 5120 inutuaretur.
2707 5046 2870 5113 Quasi
2903 5047 3168 5120 Eusebius
3190 5046 3304 5120 ipse
3327 5064 3435 5120 non

1866 5115 2005 5173 ἴοι-ει,
2048 5115 2300 5189 scriptor.
2328 5119 2376 5173 si
2413 5121 2534 5187 quis
2559 5119 2697 5172 alius
2728 5115 3152 5188 στρωματώδης,
3178 5115 3268 5188 qui
3297 5115 3438 5173 ἀπό·

1862 5189 2028 5254 δειξιν
2066 5191 2209 5242 illam
2238 5190 2642 5258 Evangelicam,
2683 5190 2958 5241 tessellata
2990 5189 3080 5260 illo
3108 5204 3272 5260 opere
3303 5205 3438 5260 προ-

1863 5261 2236 5330 παρασκευῆς,
2275 5257 2699 5330 emendatiorem
2754 5261 2941 5320 multo,
2961 5268 3028 5330 _et
3057 5257 3440 5312 διδακτικωτέ-

1864 5327 1962 5401 ραν
1991 5346 2096 5401 non
2124 5327 2477 5401 credidisset;
2509 5330 2617 5401 sed
2636 5329 2753 5401 hac
2793 5337 2920 5401 sunt
2949 5327 3223 5394 factionis,
3254 5331 3442 5401 etgrav-

1859 5397 2119 5468 τιλογίας.
2173 5399 2334 5454 Certe
2397 5398 2658 5468 quidquid
2712 5397 2975 5452 Eusebius
3035 5400 3440 5468 συκοφαντίζει,

1861 5487 1965 5525 non
2021 5480 2106 5525 est
2157 5470 2209 5523 in
2257 5485 2322 5524 eo
2359 5470 2837 5538 reprehendendus
2856 5468 3165 5533 Marcellus.
3191 5472 3337 5538 quod
3371 5469 3441 5524 ad

1860 5541 2233 5594 Salomoniaca
2284 5539 2576 5594 Proverbia
2625 5538 2912 5592 saeculares
2954 5539 3181 5604 litteras,
3209 5549 3264 5595 et
3312 5540 3441 5595 ἀνα·

1855 5611 2173 5682 γνώσματαξ.
2201 5621 2257 5661 ιιι
2286 5619 2466 5675 vocat,
2484 5608 2770 5682 Ἑλληνικὰ
2804 5610 3069 5665 attulerit.
3092 5608 3163 5664 Μ.
3195 5641 3262 5652 —-
3284 5610 3438 5682 Dein.

1858 5680 2019 5751 vulgo
2080 5680 2177 5753 καὶἶ
2204 5682 2318 5736 Etet
2349 5696 2458 5739 om.
2525 5681 2689 5753 vulgo
2749 5683 3164 5744 πνευματικοῖς..
3211 5680 3444 5735 denique

1857 5748 2018 5825 vulgo
2041 5748 2257 5824 γράψας
