3836 6216
165 319 275 375 ’ίιὸ

1305 313 1589 372 CONTRA
1627 313 2056 372 MARCELLUM
2099 315 2228 372 LIB.
2273 315 2312 371 ί.

3316 328 3421 383 748

176 463 194 492 1
237 459 336 501 την
390 439 630 513 Μηδείας
675 440 923 514 ἀνευρεῖν
964 441 1239 512 μάχαιραν
1259 480 1274 504 ,
1329 441 1423 495 καί⁵
1472 440 1607 512 αὐτῇ
1659 458 1754 494 τυ-

1868 459 1884 491 1
1928 450 2131 495 terram
2157 453 2356 495 eruens
2379 478 2392 504 ,
2427 439 2576 496 illum
2607 440 2922 498 Medeanum
2950 443 3258 516 detegebat,
3318 464 3428 521 quo

174 540 200 583 οῖ
243 533 424 587 efﬂat.
688 561 697 575 ι

255 541 270 584 3
326 551 382 586 ια
411 574 424 586 .
688 561 697 575 ι

255 541 478 678 turris:
509 623 589 687 τὸ,
617 624 790 689 ’Ἅλις
835 621 1034 692 δρυὸς,
1069 622 1356 694 σημαίνει;
1384 621 1517 693 φησί
1555 637 1660 685 τις
1695 620 1754 674 ού

180 731 202 766 1
243 714 355 786 γὰρ
387 717 611 769 δυνατὸν
643 718 708 770 ὲκ
727 713 823 769 τοῦ
847 714 1136 787 προχείρου
1155 712 1480 784 γιγνώσκειν
1495 715 1595 786 τὴν
1617 729 1756 783 παρ-

182 821 204 855 1
243 806 448 876 οιμίαν.
479 809 544 861 Oi
578 807 818 873 παλαιοὶ,
847 808 924 872 ὡς
950 808 1180 877 ἔφασαν,
1217 807 1325 880 πρὸ
1353 807 1454 877 τῆς
1487 806 1582 859 τοῦ
1610 805 1756 858 σίτου

183 915 203 948 1
245 898 544 969 γεωργίας,
595 898 1125 971 βαλανηφαγοῦντες,
1159 898 1370 969 ἐπειδὴ.
1400 898 1476 962 ὡς
1505 898 1694 969 ᾤοντο,
1728 899 1758 950 ὁ

181 1009 202 1041 1
246 992 460 1062 καρπὸς
484 984 640 1057 οὗτος
670 993 895 1066 ὕστερον
926 992 1147 1065 εὑρέθη,
1183 992 1376 1064 ἐκείνῳ
1401 990 1757 1063 προσέχοντες

182 1099 202 1133 1
241 1082 338 1135 τὸν
382 1083 505 1136 νοῦν
546 1084 640 1137 καὶ
677 1087 744 1157 τῇ
793 1084 1064 1156 μεταϐολῇ
1106 1083 1560 1156 προσχαίροντες,
1596 1083 1759 1146 Ἅλις

181 1190 202 1222 1
245 1171 450 1241 δρυὸς,
488 1174 696 1245 ἔλεγον.
741 1177 849 1230 Καὶ
881 1175 1038 1229 τοῦτο
1079 1175 1178 1248 τὴν
1223 1173 1522 1246 παροιμίαν
1553 1173 1758 1243 ἔφασαν

179 1280 203 1314 1
240 1261 402 1320 εἶναι.
441 1261 606 1331 Αὖθίς
650 1284 709 1320 τε
754 1267 948 1339 ἑτέρας
986 1265 1316 1337 παροιμίας,
1361 1265 1467 1319 ὑπὸ
1494 1263 1760 1318 πλείστων

178 1374 203 1408 1
237 1357 354 1419 ,τῶν
383 1359 513 1432 παρ’
542 1361 727 1424 αὐτοῖς
755 1360 934 1430 σοφῶν
967 1362 1025 1415 ἐν
1053 1359 1327 1423 πλείστοις
1359 1359 1454 1412 καὶ
1483 1359 1760 1430 διαφόροις

177 1463 203 1498 1
237 1446 470 1519 βιϐλίοις
509 1449 826 1523 εἰρημένης,
862 1451 984 1506 τίνα
1034 1451 1163 1523 περὶ
1202 1449 1370 1522 αὐτῆς
1399 1449 1757 1522 γεγράφασιν,

180 1557 202 1591 1
239 1540 291 1592 οί
333 1540 434 1606 τὰς
468 1543 768 1615 παροιμίας
812 1541 1144 1615 ἑρμηνεῦσαι
1188 1541 1558 1615 προελόμενοι,
1595 1542 1761 1610 ἀναγ-

177 1649 200 1682 1
243 1635 400 1687 καῖον
442 1633 556 1707 (88)
602 1636 660 1688 ὲν
705 1635 783 1707 τῷ
824 1635 1047 1708 παρόντι
1083 1635 1468 1708 μνημονεῦσαι.
1511 1634 1648 1688 Ἀλλ’
1694 1635 1758 1688 ἵν’

1862 551 1881 582 1
1920 531 2322 587 immolabatur.

1932 642 1952 675 1
1987 623 2056 678 At
2091 622 2220 691 quid
2244 621 2347 678 hoc
2379 621 2478 677 sibi
2508 623 2644 688 vult,
2667 623 2875 695 inquiet
2895 626 3114 697 aliquis,
3140 627 3214 684 De
3231 645 3428 700 quercu

1865 733 1884 766 1
1923 715 2048 769 satis
2064 715 2090 769 ?
2108 713 2224 769 Non
2252 724 2336 770 est
2366 714 2525 770 facile
2546 717 2716 770 cuivis
2737 718 2930 773 obvius
2957 718 3182 788 hujusce
3209 736 3427 792 prover-

1864 825 1882 857 1
1925 805 2016 869 bii,
2046 820 2257 862 sensus.
2293 804 2466 862 Prisci
2507 807 2582 862 illi
2629 809 2922 877 quondam,
2967 821 3098 873 ante
3129 814 3428 884 agricultu-

1868 914 1885 946 1
1933 911 2047 950 ram
2100 897 2471 963 adinventam,
2503 897 2788 970 glandibus
2836 903 3212 960 vescebantur.
3265 905 3426 962 Post-

1865 1008 1882 1039 1
1923 1004 2086 1058 quam
2137 1004 2268 1044 vero
2315 987 2498 1061 fruges
2571 992 2820 1062 deinceps
2884 995 3154 1063 prodiere,
3189 999 3428 1056 animum

1867 1099 1884 1130 1
1933 1079 2081 1136 hisce
2139 1081 2473 1150 applicantes
2526 1082 2777 1137 dixerunt
2827 1084 3110 1153 Oblectati,
3148 1087 3224 1144 De
3271 1107 3431 1160 quer.

1867 1195 1883 1224 1
1927 1190 1992 1226 cu
2018 1174 2168 1227 satis.
2221 1173 2398 1244 Atque
2460 1175 2599 1229 hanc
2651 1191 2771 1231 esse
2825 1187 3059 1233 mentem
3105 1191 3162 1236 et
3211 1195 3428 1240 senten-

1867 1283 1884 1312 1
1927 1264 2056 1317 tiam
2123 1265 2393 1334 proverbii
2462 1267 2766 1336 prodidere.
2841 1267 3073 1326 Necesse
3137 1287 3316 1332 autem
3375 1279 3430 1336 in

1869 1373 1886 1405 1
1923 1357 2171 1424 praesenti
2228 1356 2528 1423 habemus,
2596 1359 2823 1414 alterius
2880 1360 3155 1430 cujusdam
3209 1383 3433 1438 prover-

1867 1467 1884 1499 1
1925 1449 1995 1504 bii
2050 1449 2376 1504 mentionem
2420 1450 2600 1506 facere
2631 1492 2647 1517 ,
2693 1455 2837 1523 quod
2894 1455 2947 1508 in
3011 1457 3196 1514 multis
3253 1471 3308 1515 et
3356 1463 3434 1518 di-

1871 1559 1888 1591 1
1928 1542 2100 1598 versis
2127 1543 2446 1599 auctoribus
2490 1543 2695 1600 Graecis
2749 1546 3086 1606 hahetur:et
3111 1553 3240 1621 quid
3267 1557 3432 1612 etiam

1869 1651 1888 1683 1
1927 1633 1992 1688 de
2054 1634 2243 1690 eodem
2319 1635 2392 1690 illi
2463 1639 2741 1692 memoria:
2801 1642 3108 1709 prodidere.
3174 1644 3293 1702 Non
3363 1652 3435 1708 ob

176 1741 200 1776 1
235 1725 549 1798 ὲλέγξωμεν
587 1727 884 1798 Ἀστέριον,
933 1729 1028 1782 καὶ
1057 1728 1164 1782 ἀπὸ
1209 1727 1318 1782 τῶν
1361 1727 1560 1793 ἔξωθεν
1599 1728 1756 1782 αὑτὸν

1869 1742 1887 1774 1
1927 1725 2087 1779 aliam
2113 1741 2353 1789 causam,
2389 1743 2550 1798 quam
2599 1740 2657 1783 ut
2706 1731 2979 1788 Asterium
3010 1738 3320 1794 convictum
3352 1751 3436 1798 te:

177 1835 198 1868 1
246 1818 589 1890 μαθημάτων
621 1821 798 1875 εἰδότα
836 1822 933 1892 μὲν
975 1821 1218 1894 ἀκριϐῶς
1245 1822 1306 1875 τὺ
1337 1823 1437 1893 τῆς
1464 1822 1756 1894 παροιμίας

1868 1835 1888 1868 1
1928 1832 2152 1873 neamus
2180 1836 2195 1872 :
2223 1819 2336 1889 qui,
2368 1835 2514 1887 cum,
2561 1837 2669 1891 qua
2698 1831 2782 1877 est
2826 1826 3133 1883 eruditione
3173 1831 3435 1899 preditul

177 1927 200 1961 1
237 1911 536 1983 ἐξαίρετον,
558 1914 616 1968 ὲν
637 1912 694 1967 δὲ
713 1913 792 1985 τῶ
813 1915 1039 1986 παρόντι
1065 1914 1289 1982 ἄγνοιαν
1305 1914 1760 1986 προσποιηθέντα,

177 2019 200 2053 1
231 2002 333 2057 ,ἴνα
369 2003 431 2056 τὸ
476 2004 671 2058 ἑαυτοῦ
709 2004 954 2076 βούλημα
987 2004 1077 2058 διὰ
1103 2005 1202 2076 τῆς
1233 2003 1329 2058 τοῦ
1361 2003 1761 2076 παροιμιώδους

177 2112 198 2146 1
239 2095 408 2167 ῥητοῦ
448 2098 695 2168 χρήσεως
723 2097 961 2160 πιθανῶς
983 2094 1414 2160 κατασκευάζειν
1436 2095 1582 2170 δόξῃ.
1605 2097 1760 2150 Ἐστι

175 2197 199 2231 1
239 2180 320 2248 δὲ,
354 2183 642 2238 Γλαύκου
673 2183 878 2254 τέχνηο
901 2183 1104 2256 ταύτης
1141 2186 1188 2238 οί
1222 2183 1420 2248 ἔξωθεν
1463 2186 1619 2255 σοφοὶ
1661 2185 1761 2256 τῆς

176 2292 200 2326 1
241 2276 542 2346 παροιμίας
571 2276 1047 2348 μνημονεύσαντες
1069 2278 1343 2350 διαφόρως
1371 2276 1540 2348 αὐτὴν
1566 2275 1764 2350 ἐξηγή-

177 2385 199 2418 ‹
240 2385 422 2422 σαντο.
471 2368 530 2422 ὐ
566 2369 666 2440 μὲν
702 2368 818 2442 γὰρ
853 2369 1033 2423 αὐτῶν
1072 2387 1156 2434 τις
1191 2369 1293 2440 ἔφη
1314 2411 1329 2434 ,
1372 2367 1612 2423 Γλαῦκόν
1641 2386 1761 2423 τινα

177 2478 199 2511 1
242 2459 586 2531 ἐπιστήμονα
616 2461 812 2532 τέχνης
842 2460 985 2524 τινὸς
1026 2459 1307 2530 γεγονότα,
1350 2459 1558 2514 πολλῶν
1593 2457 1761 2515 οὖσαν

179 2570 200 2602 1
240 2552 722 2624 θαυμασιωτάτην,
755 2552 1048 2608 ἀπολέσθαι
1086 2554 1203 2626 ἅμα
1223 2551 1361 2624 (88‘)
1391 2552 1585 2624 ἐκείνῳ
1623 2553 1762 2608 κατὰ

180 2663 200 2696 1
243 2644 538 2711 θάλατταν,
571 2646 794 2718 μηδενός
824 2664 910 2700 πω
933 2647 1284 2719 διακηκοότος
1316 2646 1506 2716 αὐτῆς.
1537 2647 1760 2717 Ἕτερος

175 2755 202 2789 1
241 2737 320 2802 δὲ,
353 2737 452 2810 τὴν
476 2739 562 2792 ἐπ’
589 2739 757 2812 ἄκρον
792 2739 1060 2810 μουσικῆς
1090 2739 1380 2810 ἐμπειρίαν
1405 2738 1760 2810 μαρτυρήσας

174 2845 203 2878 1
239 2826 320 2898 τῷ
369 2827 626 2899 Γλαύκῳ,
679 2829 807 2892 τοὺς
860 2826 1404 2891 κατασκευασθέντας
1451 2827 1544 2880 ὑπ’
1593 2826 1758 2880 αὐτοῦ

181 2935 203 2970 1
247 2917 466 2983 δίσκους
509 2917 741 2990 χαλκοῦς
784 2933 916 2988 φησι
961 2915 1252 2988 τέσσαρας,
1280 2914 1416 2989 πρὸς
1437 2915 1500 2968 τὸ
1545 2913 1759 2986 ἐμμελῆ

181 3027 202 3060 1
243 3026 369 3063 τινα
400 3009 500 3080 τῆς
546 3009 820 3082 κρούσεως
862 3008 962 3081 τὴν
999 3007 1317 3080 συμφωνίαν
1358 3007 1468 3062 τῶν
1508 3007 1761 3077 φθόγγων

175 3119 202 3154 1
244 3101 558 3156 ἀποτελεῖν·
595 3101 746 3156 ἐνθεν
778 3119 838 3156 τε
871 3100 1120 3174 είρῆσθαι
1148 3100 1248 3174 τὴν
1280 3099 1601 3172 παροιμίαν.
1629 3099 1758 3152 Ἀλ-
1787 3136 1827 3193 c

179 3211 202 3245 1
242 3194 336 3258 λος
381 3193 439 3247 δέ
481 3211 565 3260 τις
617 3194 981 3248 ’Δλυαττικῶν
1029 3193 1388 3265 άναθεμάτων
1426 3192 1589 3263 φησὶν
1628 3194 1758 3247 ἁνα-

177 3304 201 3338 1
243 3285 457 3339 κεῖσθαι
504 3285 758 3358 κρατῆρα
805 3287 901 3341 καὶ
957 3285 1363 3358 ύποκρατήριον
1416 3283 1716 3355 θαυμάσιον
1739 3326 1754 3352 ,

180 3397 201 3431 1
247 3376 496 3432 Γλαύκου
525 3377 658 3431 Χίου
687 3376 920 3450 ποίημα.
965 3377 1191 3448 ’Έτερος
1217 3376 1296 3441 δὲ,
1328 3372 1568 3429 Γλαῦκον
1595 3375 1758 3429 αὑτὸν

177 3488 202 3524 1
242 3460 522 3524 ἀναθεῖναι
546 3473 626 3535 είς
666 3469 902 3540 Δελφοὺς
925 3470 1158 3541 τρίποδα
1195 3468 1451 3541 χαλκοῦν,
1484 3466 1628 3523 οὓτω
1659 3467 1756 3539 δη-

180 3584 200 3616 1
242 3567 652 3638 μιουργήσαντα
693 3566 806 3626 τοῖς
849 3562 1068 3635 παχέως
1110 3579 1171 3616 τε
1237 3560 1598 3634 κρουομένου,
1632 3561 1760 3624 τούς

180 3679 201 3710 1
239 3675 301 3710 τε
332 3657 519 3721 πόδας,
565 3656 650 3727 ἐφ’
697 3647 775 3709 ὧν
808 3654 1030 3732 βέϐηκε,
1090 3655 1184 3709 καὶ
1227 3655 1320 3708 τδν
1362 3653 1476 3709 ἄνω
1515 3652 1760 3726 περικεί-

181 3769 201 3801 ‹
243 3767 426 3820 μενον,
458 3750 552 3803 καὶ
583 3750 682 3821 τὴν
709 3748 980 3820 στεφάνην
1017 3747 1115 3820 τὴν
1143 3749 1236 3802 ἐπὶ
1270 3747 1366 3802 τοῦ
1390 3747 1634 3820 λέϐητος,
1662 3749 1758 3802 καὶ

179 3861 201 3893 1
239 3842 341 3905 τὰς
393 3841 618 3914 ῥάϐδους
656 3841 746 3896 διὰ
793 3840 958 3912 μέσου
1003 3839 1370 3911 τεταγμένας,
1424 3837 1756 3908 φθέγγεσθαι

181 3951 201 3984 1
241 3933 410 4004 λύρας
443 3935 612 4004 φωνῇ.
648 3932 757 3987 Καὶ
785 3927 940 3996 αὖθις
970 3931 1176 4004 ἕτερος,
1205 3930 1313 3984 ἀπὸ
1342 3929 1582 3983 Γλαύκου
1613 3919 1756 3994 τινὸς

178 4045 202 4077 1
246 4025 496 4092 δόξαντός
536 4044 590 4080 τι
625 4024 783 4080 πλέον
815 4023 1168 4096 πεποιηκέναι
1193 4022 1444 4097 εἰρῆσθαι
1485 4023 1584 4095 τὴν
1617 4041 1757 4095 παρ-

180 4137 201 4169 1
243 4136 451 4189 οιμιαν.

257 4437 276 4469 1
322 4417 484 4487 Ὁρᾷς
507 4415 638 4487 (89),
669 4417 816 4480 ὅπως
841 4416 904 4470 τὸ
929 4415 1186 4487 δυσχερὲς
1213 4416 1315 4486 τῆς
1338 4419 1634 4488 παροιμίας
1663 4419 1757 4471 καὶ

1871 1928 1890 1961 1
1924 1911 2194 1979 saeculari,
2220 1913 2575 1981 proverbialis
2595 1917 2878 1972 sententiae
2903 1923 3271 1987 prastantiam
3306 1941 3432 1986 cum

1869 2019 1888 2052 1
1926 2002 2116 2070 primis
2145 2003 2433 2074 intelligat,
2464 2005 2516 2059 in
2554 2009 2805 2076 praesenti
2840 2019 3020 2066 tamen
3055 2013 3200 2070 illius
3233 2033 3344 2087 pra:
3372 2035 3433 2076 se

1869 2109 1888 2142 1
1929 2090 2034 2145 fert
2066 2093 2424 2164 ignorantiam
2446 2137 2460 2162 ,
2509 2105 2566 2150 ut
2597 2110 2694 2166 per
2723 2098 2850 2153 dicti
2888 2099 3030 2158 illius
3074 2109 3434 2173 proverbialis

1869 2201 1888 2234 1
1927 2198 2082 2238 usum
2108 2199 2262 2240 suam
2297 2184 2470 2254 ipsius
2491 2186 2826 2243 voluntatem
2865 2201 2922 2246 et
2943 2197 3268 2251 sententiam
3307 2213 3430 2267 prn-

1868 2293 1887 2326 1
1928 2275 2179 2331 babiliter
2204 2285 2453 2334 astruere
2471 2279 2741 2335 videatur.
2768 2279 2868 2338 Est
2891 2295 3070 2341 autem
3096 2287 3245 2355 illud,
3264 2287 3431 2346 Glau-

1868 2384 1887 2418 1
1923 2367 1972 2420 ci
1994 2383 2085 2422 ars
2108 2408 2124 2434 ,
2155 2367 2308 2437 cujus
2335 2384 2460 2424 cum
2487 2373 2834 2428 meminerint
2866 2377 3064 2432 eruditi
3111 2382 3254 2449 apud
3281 2381 3431 2439 Grc-

1868 2476 1887 2509 1
1921 2473 2016 2514 cos
2058 2459 2214 2514 inulti
2239 2498 2255 2526 ,
2297 2461 2543 2517 diversas
2575 2463 2878 2520 retulerunt
2927 2467 3425 2540 interpretationes.

1869 2568 1888 2600 1
1929 2555 1988 2614 >11
2017 2549 2117 2606 Est
2152 2553 2300 2607 enim
2322 2553 2415 2622 qui
2463 2553 2642 2620 docet,
2668 2555 2934 2614 Glaucum
2968 2561 3246 2620 exstitisse
3284 2569 3426 2626 artis

1868 2658 1888 2691 1
1925 2639 2204 2710 cujusdam
2232 2642 2472 2699 maxime
2503 2645 2745 2702 omnium
2789 2648 3124 2709 admirandae
3158 2657 3428 2724 peritissi-

1868 2750 1887 2782 1
1926 2747 2092 2802 mum,
2120 2747 2224 2788 una
2245 2749 2367 2790 cum
2394 2743 2514 2791 arte
2550 2753 2647 2792 sua
2677 2738 2986 2807 interiisse,
3014 2745 3152 2801 mari
3179 2748 3431 2806 submer-

1867 2844 1886 2876 1
1922 2839 2040 2880 sum
2063 2863 2081 2890 ,
2109 2824 2242 2880 nulli
2268 2841 2494 2896 prorsus
2523 2828 3066 2902 impertita‘ejusdem
3098 2840 3428 2910 cognitione.

1851 2925 1888 2970 '1
1920 2917 2073 2974 Alius
2093 2919 2482 2988 peritissimum
2513 2921 2746 2977 musices
2779 2923 3053 2980 exstitisse
3081 2926 3267 2995 docet,
3288 2941 3344 2986 et
3362 2937 3431 2989 ab

1868 3028 1886 3062 1
1925 3023 1992 3068 eo
2029 3009 2211 3067 discos
2262 3025 2432 3067 aereos
2461 3023 2695 3081 quatuor
2719 3012 2927 3072 aﬂ‘ahre
2959 3022 3314 3091 compositos,
3373 3035 3434 3082 ut

1867 3121 1886 3155 1
1925 3102 2120 3174 pulsati
2174 3103 2464 3174 quamdam
2517 3105 2894 3176 symphoniam
2948 3125 3083 3168 sono
3145 3129 3434 3173 numerose

1867 3215 1885 3246 1
1922 3196 2188 3256 ederent:
2250 3204 2415 3266 atque
2482 3197 2610 3253 hinc
2681 3201 3025 3268 proverbium
3088 3217 3428 3277 usurpatum.

1867 3305 1886 3338 1
1925 3284 2187 3354 Tertius,
2243 3289 2386 3343 inter
2456 3287 2600 3344 dona
2660 3287 2934 3362 Halyattis
3001 3293 3141 3367 Lydi
3208 3298 3433 3372 Delphis

1865 3397 1883 3429 1
1925 3378 2167 3434 oblatum
2193 3419 2208 3443 ,
2253 3385 2310 3434 et
2348 3379 2585 3437 mirandi
2627 3384 2810 3452 operis
2865 3386 3184 3444 subcratera
3239 3407 3430 3461 quem-

1866 3491 1885 3523 1
1923 3472 2067 3537 dam,
2135 3469 2323 3526 Glauci
2392 3471 2512 3527 Citii
2597 3489 2756 3544 opus.
2815 3477 3100 3545 Quartus,
3161 3480 3426 3542 Glaucum

1868 3580 1886 3613 1
1924 3563 2097 3632 ipsum
2140 3563 2358 3634 Delphis
2387 3565 2654 3623 obtulisse
2680 3578 2871 3623 narrat
2895 3585 3101 3628 aeneam
3133 3575 3425 3644 tripodem,

1865 3673 1884 3706 1
1923 3654 1998 3708 ita
2022 3654 2375 3711 fabrefactam
2399 3697 2415 3722 ,
2455 3668 2514 3712 ut
2555 3659 2728 3730 siquis
2767 3663 3093 3720 crassiorem
3122 3667 3176 3721 in
3208 3669 3427 3726 modum

1865 3765 1883 3798 1
1917 3747 2163 3802 eamdem
2211 3748 2472 3816 pulsaret,
2513 3751 2599 3805 vel
2651 3753 2816 3822 pedes
2849 3754 2902 3810 in
2956 3757 3154 3826 quibus
3205 3764 3427 3833 stabat,

1864 3859 1883 3891 1
1917 3840 1999 3896 vel
2023 3841 2166 3910 quod
2207 3856 2421 3898 sursum
2472 3854 2594 3900 erat
2629 3847 3033 3916 redimiculum,
3062 3852 3146 3907 vel
3171 3870 3429 3914 coronam

1863 3950 1883 3984 1
1917 3931 2075 3988 lebeti
2110 3933 2536 3990 circumductam
2565 3975 2582 4001 ,
2634 3947 2729 3993 aut
2778 3939 3020 4011 virgulas
3071 3960 3168 4015 per
3193 3949 3430 4006 medium

1862 4042 1884 4076 1
1918 4039 2040 4081 sese
2085 4026 2478 4095 distendentes,
2535 4028 2664 4102 lyra;
2740 4046 2930 4089 sonum
2987 4049 3430 4108 repraesentant.

1861 4133 1882 4166 1
1920 4116 2072 4172 Alius
2102 4127 2380 4187 postremo
2408 4121 2758 4189 proverbium
2787 4124 3066 4182 existimat
3103 4134 3376 4201 usurpari,
3401 4150 3431 4190 a

1862 4225 1880 4254 1
1915 4205 2123 4260 Glauco
2167 4208 2401 4275 quodam
2439 4208 2769 4278 deductum,
2801 4213 2893 4281 qui
2944 4213 3174 4270 scientia
3205 4227 3433 4278 caeteros

1860 4316 1879 4346 1
1917 4297 2297 4354 antecellebat.

1934 4431 1953 4462 1
1998 4411 2201 4466 Videtis
2227 4422 2404 4467 autem
2440 4416 2852 4482 proverbiorum
2880 4417 3252 4478 diﬁcultatem
3274 4423 3429 4480 exin-

147 4529 202 4591 μ
233 4509 326 4566 διὰ
356 4509 548 4563 τούτου
589 4508 891 4573 δείκνυται,
921 4507 1010 4562 διὰ
1035 4507 1130 4561 τοῦ
1169 4507 1302 4579 μηδὲ
1345 4508 1438 4560 ἐπὶ
1464 4509 1562 4578 τῆς
1589 4509 1756 4580 αὐτῆς

1868 4520 1885 4552 1
1923 4503 1990 4555 de
2023 4501 2158 4557 satis
2183 4501 2437 4570 patefieri
2468 4543 2483 4565 .
2523 4506 2671 4573 quod
2718 4521 3060 4578 nequaquam
3106 4511 3432 4582 interpretes

182 4621 202 4655 1
244 4602 539 4674 ἑρμηνείας
566 4601 756 4672 στῆναι
797 4601 924 4664 τοὺς
959 4599 1056 4670 τὴν
1103 4599 1400 4670 παροιμίαν
1436 4600 1636 4671 ταύτην
1671 4603 1758 4668 ἐξ·

176 4713 202 4746 ‹
224 4691 533 4766 ηγήσασθαι
555 4690 928 4762 βουληθέντας.
943 4689 1096 4743 Οὕτω
1113 4688 1440 4760 δυσεύρητόν
1454 4705 1506 4741 τι
1526 4690 1758 4761 πρᾶγμα

179 4803 202 4836 1
238 4785 302 4838 τὸ
327 4785 428 4853 τῆς
453 4782 748 4855 παροιμίας
771 4780 865 4834 καὶ
889 4779 1036 4850 παρὰ
1063 4781 1176 4840 τοῖς
1208 4777 1404 4842 ἔξωθεν
1426 4773 1565 4832 εἶναι
1587 4779 1751 4833 δοκεῖ.

179 4897 201 4929 1
243 4877 336 4931 Διὸ
361 4876 454 4930 καί
478 4893 560 4938 τις
586 4873 693 4927 τῶν
722 4872 854 4942 παρ’
879 4872 1061 4934 αὐτοῖς
1089 4869 1288 4939 σοφῶν,
1318 4869 1636 4940 συναγαγὼν
1660 4871 1759 4935 τὰς

251 5055 313 5114 ›Ῑ4
347 5043 446 5100 Ed.
480 5040 678 5105 Paris,
710 5054 831 5108 pag.
857 5037 940 5092 l6.

170 5203 493 5278 eruditum“;
530 5209 680 5278 recte
709 5217 724 5278 ξ
749 5205 864 5253 erat
908 5198 1054 5278 enim
1101 5197 1343 5278 sophista
1384 5197 1744 5278 professione,

171 5287 229 5333 et
261 5282 392 5328 ante
434 5269 926 5331 Christianismum,
953 5269 1133 5322 ludum
1171 5267 1221 5320 in
1242 5267 1576 5337 Cappadocia
1616 5282 1747 5336 ape-

172 5352 382 5401 ruerat.
415 5339 575 5395 M.—
596 5339 788 5394 Addidi
817 5353 882 5393 ex
913 5339 1068 5394 codd.
1107 5339 1401 5409 μάχαιραν,
1425 5339 1564 5392 unde
1589 5352 1748 5405 supra

170 5415 292 5498 λέγ.
311 5414 420 5487 γάρ
439 5413 555 5467 loco
575 5410 710 5482 φασὶ
729 5409 838 5483 γάρ
853 5409 1066 5481 scripsi,
1084 5409 1220 5463 ειτά
1240 5419 1361 5463 ante
1385 5409 1549 5462 τέκνα
1566 5423 1750 5463 arces-

171 5504 362 5626 bw(|8.8)
402 5553 572 5623 Vulgo
622 5553 938 5626 ἀναγκαίως
992 5561 1047 5604 et
1097 5566 1219 5606 mox
1265 5568 1505 5624 παρασκ.
1561 5561 1748 5606 contra

173 5625 348 5682 codd.
373 5627 646 5679 Posterius
669 5627 772 5678 iam
804 5625 907 5694 Mp.
949 5637 1092 5694 corr.

248 5697 387 5767 (88’)
425 5695 531 5763 Mp.
579 5711 697 5767 γρ.Δ
724 5691 926 5767 ἐκείνῃ.
975 5691 1096 5767 Mox
1125 5691 1285 5767 vulgo
1309 5691 1750 5767 nouotaﬁwmxo-

173 5763 269 5830 τος
317 5776 506 5818 contra
563 5763 722 5820 codd.
777 5763 988 5833 ψιίπω
1015 5763 1162 5817 διακ.
1192 5765 1339 5816 dant.
1392 5763 1559 5816 Porro
1613 5766 1750 5833 male

176 5838 338 5910 vulgo
361 5835 574 5907 ἁκρῶν,
595 5837 736 5904 quod
755 5831 821 5890 ei
852 5837 974 5890 cod.
1005 5833 1243 5911 correxi,
1266 5849 1332 5890 ex
1353 5848 1459 5904 quo
1481 5833 1600 5889 dein
1622 5831 1751 5902 χαλ-

467 5955 739 6012 Partum.
771 5954 888 6012 tiu.
927 5949 1156 6011 XXIV.

1868 4613 1886 4644 1
1930 4593 2089 4663 hujus
2117 4596 2274 4650 unius
2299 4596 2572 4665 proverbii
2609 4598 2752 4652 inter
2793 4615 2852 4654 se
2894 4601 2946 4654 in
2977 4601 3164 4656 eadem
3213 4607 3432 4674 exposi-

1867 4705 1886 4738 1
1926 4687 2080 4742 tione
2113 4689 2478 4743 consentiant.
2511 4688 2662 4745 Adeo
2697 4705 2783 4744 res
2811 4702 2928 4745 erat
2953 4692 3040 4746 illa
3078 4693 3434 4752 inextricabi-

1867 4801 1886 4834 1
1923 4782 1990 4837 lis
2020 4782 2203 4838 habita
2231 4783 2374 4853 apud
2403 4795 2643 4839 exteros.
2670 4783 2939 4850 Quocirca
2979 4790 3117 4843 inter
3157 4805 3251 4845 eos
3291 4808 3432 4846 unus

1864 4895 1889 4928 1
1927 4877 2193 4947 sapientia
2229 4889 2284 4934 et
2305 4878 2612 4934 eruditione
2639 4889 2930 4948 prmstans,
2971 4883 3024 4934 in
3070 4899 3235 4936 unum
3265 4885 3431 4938 colle-

1852 5192 1983 5266 κοῦς
2016 5208 2112 5261 pro
2141 5193 2338 5263 χαλκοῦ
2366 5201 2419 5246 et
2451 5194 2586 5265 πρός
2631 5209 2728 5263 pro
2761 5193 2868 5263 πρό
2896 5202 2948 5249 et
2986 5210 3039 5246 τι
3071 5208 3169 5264 pro
3201 5211 3285 5260 τις
3313 5207 3430 5266 post

1930 5332 2041 5404 (89)
2077 5333 2262 5403 Ὁρᾷς,
2283 5335 2443 5400 ὅπως
2460 5335 2526 5387 τὸ
2549 5335 2861 5402 δυσχερές.
2893 5334 3015 5390 Haec
3032 5336 3100 5391 de
3115 5336 3431 5399 diﬂlcnltate

1859 5405 2275 5460 Proverbiorum
2305 5423 2337 5459 a
2364 5421 2449 5459 me
2474 5406 2605 5459 olim
2661 5419 2881 5474 accepta
2913 5407 2996 5459 vir
3035 5408 3220 5464 multis
3255 5414 3433 5468 nomi-

1858 5477 2019 5530 nibus
2065 5475 2422 5538 clarissimus,
2452 5476 2696 5530 Andreas
2746 5476 3028 5542 Schottus,
3062 5477 3289 5535 inseruit
3318 5497 3432 5538 suae

1856 5546 2192 5618 prmfationi,
2227 5555 2352 5600 ante
2399 5545 2694 5618 Proverbia
2723 5545 2967 5610 Zenobii,
3009 5547 3348 5618 Diogeniani,
3374 5565 3431 5610 et

1855 5617 2106 5673 aliorum.
2138 5618 2276 5670 Sunt
2326 5627 2504 5670 autem
2563 5617 2662 5669 ista
2692 5618 2896 5679 omnia,
2929 5634 3034 5670 non
3063 5617 3302 5684 Eusebii,
3336 5628 3430 5680 scd

1857 5687 2096 5742 Marcelli
2147 5689 2216 5742 ab
2254 5686 2484 5742 Eusebio
2529 5689 2745 5756 quidem
2775 5688 2938 5740 relata
2968 5705 2980 5739 :
3005 5702 3245 5745 erratum
3286 5705 3366 5748 est
3397 5713 3428 5749 ει

1857 5774 1962 5821 me,
1983 5760 2072 5826 qui
2099 5759 2171 5810 illi
2193 5759 2400 5824 uptimn
2429 5759 2547 5812 viro
2574 5757 2812 5813 miserim
2848 5768 2904 5812 ut
2935 5759 3258 5816 Eusebiana.
3280 5762 3332 5820 Μ
3358 5789 3429 5805 -ι-

1857 5829 1988 5882 Dein
2025 5829 2182 5900 Vulgo
2207 5827 2294 5881 διὰ
2324 5827 2402 5884 τό.

3072 5943 3152 6001 2ft
