3836 6216
441 346 542 405 747

1144 333 1411 394 EUSEBII
1449 334 1926 392 CESARIENSIS
1955 332 2104 389 OPP.
2145 333 2324 388 PARS
2353 316 2441 387 ι’ν.
2473 362 2543 373 -
2569 329 2993 387 DOGMATICA.

3581 333 3689 386 748

447 480 464 511 ι
498 458 602 514 ctis
637 453 822 511 multis
868 451 1140 520 variisque
1179 452 1516 520 proverbiis,
1549 451 1602 505 in
1635 453 1821 506 eadem
1852 465 2009 503 com-

2122 467 2136 499 I
2177 448 2279 501 ὑπὸ
2299 447 2507 501 πολλῶν
2528 447 2621 500 καὶ
2643 445 2914 516 διαφόρως
2935 444 3216 515 λεχθείσας
3251 443 3572 516 παροιμίας,
3608 445 3688 506 εἰς

445 568 464 601 ι
503 554 773 601 mentatus
821 551 944 611 est;
989 542 1199 597 duobus
1248 541 1405 597 libris
1465 541 1715 607 metrica,
1773 551 2009 612 quatuor

443 659 463 692 ι
496 654 624 695 vero
642 636 878 692 numeris
898 635 1071 690 soluta
1099 635 1384 706 proverbia
1409 634 1701 705 explicans.
1717 633 2012 689 Paraemias

443 749 463 783 ι
496 740 676 784 autem
721 726 950 798 gentiles
974 767 990 791 ,
1028 727 1293 781 sententia
1335 726 1553 797 quidem
1583 741 1721 792 mea,
1775 727 1845 780 ob
1889 739 2009 779 eam

441 841 461 874 ι
499 833 720 876 causam
744 823 856 872 hau:
885 820 997 886 ipsa
1032 819 1408 884 nominarunt,
1438 819 1580 888 quod
1618 818 2007 888 sapientissimi

442 931 463 966 ι
504 911 816 968 Salomonis
864 909 1156 964 Proverbia
1209 909 1451 978 legerant
1494 919 1550 964 et
1609 909 2008 974 intellexerant,

443 1021 464 1054 ι
503 1017 609 1056 non
643 1015 764 1056 esse
799 1014 911 1053 rem
941 999 1112 1053 cuivis
1142 999 1359 1054 obviam
1389 1001 1456 1054 de
1485 999 1658 1068 prima
1689 998 1829 1054 facie
1857 1015 2002 1054 COlll-

445 1114 463 1146 ι
503 1094 839 1164 prehendere
857 1091 1070 1144 illorum
1094 1106 1308 1146 sensum
1330 1105 1346 1144 :
1365 1091 1565 1146 vellent
1583 1102 1763 1147 autem
1783 1093 2006 1159 imitari,

444 1206 462 1237 ι
501 1196 665 1256 atque
708 1186 781 1241 ita
834 1185 1049 1239 fuerant
1093 1185 1285 1239 imitati
1330 1185 1701 1255 propheticam
1738 1187 2008 1242 scribendi

446 1295 465 1327 ι
505 1275 976 1331 consuetudinem.
1007 1275 1253 1344 Cumque
1299 1290 1494 1331 nomen
1540 1275 1743 1330 nullum
1791 1287 2012 1346 possent

445 1389 464 1421 ι
503 1369 682 1440 aptius
739 1377 834 1423 aut
895 1368 1307 1423 convenientius
1369 1369 1650 1437 invenire,
1716 1369 2010 1426 Proverbia

447 1481 466 1514 ι
502 1477 659 1517 suum
696 1474 832 1530 opus
884 1460 1263 1532 indigitarunt.
1320 1481 1339 1513 ι

509 1554 686 1622 Atque
723 1553 794 1605 ita
830 1553 895 1606 ad
922 1552 1064 1607 hunc
1093 1555 1311 1607 modum
1346 1551 1632 1609 Marcellus
1654 1564 1886 1610 conatur
1914 1553 2012 1609 Ec-

439 1644 661 1700 clesiam
682 1643 776 1698 Dei
791 1643 1192 1714 Scripturarum
1221 1645 1630 1715 intelligentiam
1656 1649 1881 1702 docere:
1899 1645 2013 1700 lon-

438 1751 564 1807 gam
604 1749 737 1790 vero
766 1735 923 1789 istam
945 1746 1002 1791 et
1045 1736 1280 1806 ineptam
1319 1737 1454 1791 adeo
1489 1751 1804 1792 sermonum
1841 1738 2012 1808 ipsius

438 1838 495 1884 et
527 1825 854 1899 superﬂuam
877 1828 1072 1882 seriem
1106 1829 1245 1896 ideo}
1268 1828 1440 1882 visum
1476 1837 1557 1883 est
1608 1839 1924 1893 contexere,
1951 1841 2007 1886 ut

438 1920 734 1975 amentiam
761 1919 998 1974 hominis
1013 1918 1353 1974 manifestam
1382 1920 1627 1985 reddere,
1655 1921 2005 1990 multiplicem

438 2026 656 2082 quoque
681 2020 737 2067 et
775 2012 1210 2080 intempestivam
1249 2013 1543 2068 vanitatem
1588 2029 1802 2083 possem
1829 2053 1846 2079 ,
1901 2029 2010 2082 qua

439 2106 633 2169 utitur,
661 2104 796 2159 satis
815 2103 1032 2172 quidem
1065 2118 1188 2158 cum
1227 2119 1418 2174 pompa
1447 2144 1461 2168 ,
1497 2106 1637 2176 quod
1692 2105 2008 2161 saecularem

440 2196 636 2251 attinet
669 2196 1036 2250 eruditionem
1059 2213 1072 2262 ;
1105 2197 1252 2264 quod
1279 2196 1589 2266 Scripturas
1617 2207 1799 2253 autem
1826 2212 2010 2253 sacras

438 2286 965 2356 concernit,jejune.
987 2287 1140 2353 Quod
1167 2288 1212 2342 si
1244 2303 1456 2344 memor
1479 2289 1674 2346 fuisset
1703 2290 2011 2361 apostolica:

438 2379 870 2446 admonitionis,
922 2380 990 2433 ad
1020 2379 1164 2434 hanc
1214 2387 1420 2434 tantum
1470 2381 1742 2451 proiectus
1800 2383 2010 2436 vanita-

438 2481 549 2528 tem
583 2510 599 2535 ,
657 2484 1001 2541 nequaquam
1067 2471 1392 2539 procidisset
1440 2487 1455 2526 :
1513 2475 1704 2529 suadet
1762 2483 1945 2529 autem
1995 2513 2010 2538 ,

437 2571 500 2618 ut
552 2561 699 2632 loqui
749 2561 976 2616 velimus
1000 2603 1015 2626 ,
1056 2577 1176 2631 quae
1213 2572 1340 2617 sunt
1378 2564 1533 2619 nobis
1570 2565 1970 2618 communicata
1995 2605 2009 2627 ,

441 2661 502 2720 >14
549 2669 652 2708 non
703 2654 761 2707 in
803 2652 1124 2706 docibilibus
1183 2653 1430 2710 humane
1485 2656 1762 2723 sapientia:
1809 2654 2010 2718 verbis,

438 2746 529 2802 sed
567 2747 621 2801 in
659 2747 728 2801 iis
761 2762 878 2816 quae
911 2763 942 2799 a
977 2743 1184 2816 Spiritu
1212 2743 1389 2800 doceri
1415 2745 1606 2809 solent,
1641 2746 1695 2799 in
1725 2745 1929 2816 Spiritu
1962 2755 2012 2799 et

439 2855 562 2893 cum
594 2836 957 2907 spiritualibus
981 2834 1630 2892 discernendo".Minime
1641 2847 1859 2904 quoque
1875 2835 2016 2904 cepit

438 2933 581 3002 quod
610 2932 870 3000 scriptum
900 2940 984 2986 est
1012 2948 1025 2983 :
1054 2929 1313 2983 Animalia
1335 2931 1488 2983 homo
1519 2945 1622 2983 non
1653 2930 1870 2998 percipit
1898 2943 2014 2998 qua:

2120 560 2137 592 ι
2179 542 2347 604 αὑτὰς
2375 541 2649 612 γέγραφεν
2675 539 2733 606 ἒξ
2759 539 2868 609 (90)
2889 538 3088 608 etam-
3123 537 3218 590 δύο
3249 538 3347 607 μὲν
3379 537 3486 589 τῶν
3519 537 3674 606 ἐμμέσ

2119 653 2138 684 ι
2178 650 2343 704 τρων,
2371 633 2478 686 τῶν
2507 632 2564 685 δὲ
2592 633 2846 703 ἀμέτρων
2872 632 3134 702 τέσσαρα.
3167 629 3380 692 Ταύτας
3407 629 3465 682 δὲ
3498 647 3679 699 παροι-

2119 747 2137 777 ι
2183 728 2310 798 μίας
2350 726 2653 798 ὠνόμασαν
2681 727 2732 779 οἱ
2778 725 2973 792 ἔξωθεν
3009 725 3076 778 δι’
3115 723 3265 776 οὐδὲν
3308 723 3520 794 ἕτερον,
3569 723 3688 792 ἐμοὶ

2119 840 2136 872 ι
2172 820 2368 884 δοκεῖν,
2402 820 2515 873 ἀλλ’
2559 819 2746 890 ἐπειδὴ
2773 821 2892 881 ταῖς
2918 815 3010 869 τοῦ
3040 815 3349 884 σοφωτάτου
3376 813 3690 884 Σολομῶνος

2120 933 2136 962 ι
2177 912 2504 982 Παροιμίαις
2535 911 2864 981 ἐντυχόντες,
2897 909 2990 961 καὶ
3020 907 3237 977 γνόντες
3283 906 3351 959 δι’
3381 905 3581 966 αὐτῶν,
3608 906 3693 956 ὅτι

2122 1026 2137 1055 ι
2174 1004 2327 1058 οὐδέν
2357 1006 2504 1056 ἐστιν
2529 1004 2592 1056 ὲκ
2620 1002 2713 1055 τοῦ
2743 1003 3034 1074 προχείρου
3067 1000 3252 1069 σαφῶς
3274 999 3383 1053 τῶν
3411 1003 3471 1052 ὲν
3500 1001 3693 1062 αὑταῖς

2120 1117 2136 1146 ι
2175 1096 2477 1168 εἰρημένων
2512 1095 2722 1166 μαθεῖν,
2756 1095 2849 1148 καὶ
2876 1094 3030 1148 αὐτοὶ
3057 1093 3291 1162 ζηλῶσαι
3334 1091 3395 1145 τὸ
3427 1109 3695 1162 προφητι-

2120 1211 2137 1241 ι
2179 1189 2272 1243 κὸν
2299 1187 2646 1260 βουληθέντες
2675 1187 2930 1258 γράμμα,
2966 1185 3055 1238 τὸν
3086 1184 3245 1238 αὑτὸν
3271 1185 3463 1254 ἐκείνῳ
3492 1185 3696 1252 γεγρά-

2121 1301 2137 1333 ι
2175 1298 2306 1351 φασι
2331 1280 2549 1352 τρόπον.
2583 1277 2736 1344 Εἶτα,
2771 1279 2846 1342 ὡς
2879 1278 3044 1350 μηδὲν
3077 1277 3262 1349 ἓτερον
3294 1276 3465 1346 ὄνομα
3490 1275 3695 1346 κυριὼο

2120 1395 2137 1426 ι
2172 1391 2330 1446 τερον
2377 1373 2586 1426 ἐκείνου
2635 1371 2922 1442 ἐπινοῆσαι
2968 1369 3303 1440 δυνηθέντες,
3347 1369 3442 1421 καὶ
3482 1365 3696 1429 ταύτας

2119 1486 2136 1518 ι
2179 1465 2484 1537 Παροιμίας
2517 1464 2824 1535 ὠνόμασαν.
2855 1481 2874 1514 ι

2183 1558 2282 1612 Διὰ
2313 1557 2566 1611 τοιούτων
2595 1554 2912 1627 Μάρκελλος
2945 1551 3300 1626 παραθέσεων
3325 1551 3426 1624 τὴν
3467 1550 3700 1620 Ἐκκλη-

2116 1652 2236 1706 σίαν
2263 1650 2358 1704 τοῦ
2391 1649 2524 1703 Θεοῦ
2558 1649 2828 1704 διδάσκειν
2856 1645 2954 1710 τὰς
2983 1644 3370 1707 θεοπνεύστους
3396 1645 3536 1697 νοεῖν
3571 1660 3697 1694 πει-

2117 1746 2275 1815 ρᾶται
2301 1742 2557 1815 Γραφὰςη
2581 1741 2750 1812 Ὅλην
2796 1739 2854 1794 δὲ
2888 1737 3093 1808 ταύτην
3123 1735 3440 1808 παρεθέμην
3471 1734 3571 1805 τὴν
3602 1751 3700 1804 μα-

2111 1812 2250 1907 κράν
2279 1812 2373 1888 καῖ
2403 1812 2689 1903 άδόλέσχον
2723 1829 3150 1903 περιττολογίαν,
3174 1828 3340 1894 δεῖξαι
3370 1827 3696 1897 βουλόμενος

2110 1921 2274 1978 αὐτοῦ
2300 1922 2398 1993 τὴν
2427 1920 2610 1974 ἄνοιαν
2632 1921 2730 1992 τῆς
2758 1919 2957 1990 πολλῆς
2982 1920 3075 1972 καὶ
3102 1918 3331 1989 ἀκαίρου
3354 1917 3694 1988 φιλοτιμίας,

2111 2010 2144 2090 ᾗ
2171 2015 2433 2087 κέχρηται
2466 2015 2494 2066 ό
2527 2013 2688 2086 ἀνὴρ,
2721 2011 2831 2065 τῶν
2869 2011 2968 2082 μὲν
3007 2010 3334 2081 Ἑλληνικῶν
3374 2009 3548 2078 λόγων
3574 2011 3700 2062 ὲπι-

2109 2106 2415 2169 δεικτικῶς,
2443 2104 2549 2158 τῶν
2576 2104 2634 2157 δὲ
2665 2103 2823 2156 θείων
2852 2101 3198 2174 ἀμνημόνως.
3229 2102 3301 2154 Οὐ
3324 2099 3433 2170 γὰρ
3466 2101 3532 2155 ἄν
3565 2117 3698 2153 ποτε

2112 2195 2192 2258 εἰς
2217 2192 2486 2264 τοσαύτην
2515 2192 2774 2258 ἐξέπιπτε
2799 2191 3086 2264 φλυαρίαν,
3115 2193 3163 2244 εί
3186 2190 3294 2244 τῶν
3319 2190 3699 2243 άποστολικῶν

2113 2285 2390 2357 ἐμέμνητο
2439 2283 2936 2356 παραγγελμάτων,
2996 2282 3062 2336 δι’
3111 2275 3186 2336 ὧν
3244 2284 3503 2352 παραινεῖ
3559 2282 3700 2353 χρῆ-

2112 2397 2218 2444 ναι,
2271 2378 2341 2432 τὰ
2396 2376 2500 2430 ὑπὸ
2554 2376 2647 2430 τοῦ
2703 2375 2840 2430 Θεοῦ
2899 2375 3227 2447 χαρισθέντα
3283 2376 3413 2445 ἡμῖν
3466 2373 3653 2426 λαλεῖν
3683 2413 3697 2434 ,

2111 2474 2220 2526 οὐκ
2240 2471 2310 2524 ἐν
2336 2468 2637 2536 διδακτοῖς
2658 2468 3036 2538 ἀνθρωπίνης
3065 2467 3285 2535 σοφίας
3303 2466 3529 2534 λόγοις,
3559 2465 3700 2518 ἀλλ’

2111 2563 2180 2615 ἐν
2193 2560 2494 2626 διδακτοῖς
2508 2561 2877 2629 Πνεύματος,
2895 2556 3263 2627 πνευματικὰ
3279 2555 3703 2624 πνευματικοῖς

2112 2652 2570 2722 συγκρίνοντας.
2595 2651 2730 2704 Οὐδὲ
2761 2652 2960 2722 νοήσας
2983 2651 3130 2713 ὅπως
3159 2649 3350 2720 ἐλέχθη
3390 2648 3470 2711 τὸ,
3508 2651 3702 2717 Ψυχι-

2113 2738 2221 2806 κὸς
2252 2738 2562 2808 ἄνθρωπος
2610 2740 2680 2792 οὐ
2721 2738 2956 2808 δέχεται
2984 2737 3056 2791 τὰ
3086 2737 3191 2791 τοῦ
3215 2739 3561 2808 Πνεύματος
3591 2738 3702 2791 τοῦ

2117 2832 2284 2887 Θεοῦ.
2319 2833 2522 2900 ΜωρΙα
2542 2831 2652 2902 γὰρ
2675 2830 2834 2896 αὐτῷ
2851 2831 3004 2885 ἐστι·
3035 2831 3130 2884 καὶ
3160 2831 3231 2884 οὐ
3269 2829 3517 2884 δύναται
3548 2829 3704 2899 γνῶ-

2114 2940 2247 2988 ναι,
2295 2924 2386 2978 ὅτι
2441 2921 2852 2992 πνευματικῶς
2916 2923 3318 2992 ἀνακρίνεται.
3397 2922 3582 2976 Ταῦτα
3647 2923 3705 2975 δὲ

439 3037 560 3080 sunt
589 3022 818 3092 Spiritus
838 3023 953 3078 Dei.
982 3021 1223 3078 Stultitia
1253 3021 1444 3090 quippe
1469 3021 1574 3088 ipsi
1597 3030 1715 3073 sunt
1736 3033 1754 3070 :
1775 3028 1822 3074 et
1842 3018 2009 3086 nequit

2122 3015 2406 3086 ἀγνοήσας,
2467 3015 2592 3078 τοὺς
2655 3013 2919 3084 Ἑλλήνων
2973 3015 3171 3082 σοφοὺς
3219 3013 3455 3066 ὑπέλαϐε
3499 3012 3708 3082 γνῶσιν

439 3116 536 3169 illa
569 3113 876 3183 intelligere,
922 3123 1194 3182 propterea
1237 3111 1379 3181 quod
1432 3111 1809 3165 discernuntur
1858 3115 2008 3178 spiri-

2122 3109 2407 3180 ἐσχηκέναι
2444 3109 2542 3179 τῆς
2578 3108 2683 3161 ὑπὸ
2703 3106 2796 3160 τοῦ
2831 3106 2966 3159 Θεοῦ
2999 3105 3076 3177 τῷ
3117 3107 3391 3178 Σολομῶνι
3421 3107 3705 3178 χαρισθεί-

441 3206 656 3259 tualiter
676 3203 764 3257 δ”.
816 3203 938 3258 Haec
968 3218 1089 3256 cum
1150 3205 1426 3269 ignoraret
1465 3201 1574 3266 ille,
1607 3202 1817 3271 putavit
1867 3214 2009 3257 certe

2122 3213 2218 3265 σης
2245 3195 2435 3264 σοφίας
2459 3235 2474 3259 ,
2505 3195 2600 3248 καὶ
2626 3195 2852 3264 γνόντας
2883 3195 3122 3266 ζηλῶσαι
3158 3195 3217 3249 τὸ
3244 3197 3599 3268 προφητικὸν,
3629 3199 3705 3260 ὡς

438 3295 751 3351 Graecorum
785 3295 1058 3364 sapientes
1096 3294 1368 3364 cognitam
1403 3293 1660 3347 habuisse
1690 3293 2011 3362 sapientiam

439 3383 608 3450 illam,
641 3400 800 3454 quam
832 3386 970 3440 Deus
1003 3383 1284 3440 Salomoni
1330 3383 1702 3454 impertiverat
1735 3403 1747 3436 :
1785 3394 1839 3438 et
1867 3384 2012 3452 quod

439 3476 710 3546 cognitam
751 3477 1020 3530 baberent
1051 3475 1221 3536 illam.
1251 3474 1626 3545 propheticam
1666 3475 2010 3544 scripturam,

439 3575 498 3621 ut
535 3567 710 3638 inquit
745 3567 858 3630 ille,
889 3568 1151 3622 imitatos.
1177 3567 1294 3634 Quo
1323 3582 1454 3622 vero
1479 3576 1638 3637 pacto
1673 3567 1788 3623 ﬁeri
1817 3569 2010 3637 potuit,

437 3669 499 3714 ut
533 3660 796 3714 animales
863 3660 1108 3714 homines
1154 3659 1230 3713 illi
1283 3659 1462 3713 divina
1515 3670 1908 3730 cognoscerent
1959 3669 2014 3714 et

437 3749 676 3804 aetnulati
702 3758 909 3813 essent,
937 3764 1060 3803 cum
1093 3748 1392 3818 spiritualia
1420 3750 1779 3818 spiritualiter
1811 3751 2013 3805 discer-

438 3856 572 3897 nere
623 3842 930 3910 nequirent.
977 3851 1032 3895 et
1081 3842 1148 3895 ab
1184 3841 1445 3910 Apostolo
1513 3843 1782 3898 sancitum
1846 3855 2010 3911 esset,

439 3931 734 3987 Anintalent
787 3932 1047 3985 hominem
1077 3948 1180 3984 non
1223 3948 1410 4001 capere
1463 3949 1581 4003 qua:
1622 3945 1742 3988 sunt
1782 3935 2012 4005 Spiritus

439 4023 580 4088 Dei;
631 4033 685 4079 et
711 4024 887 4078 adhuc
917 4021 987 4076 ab
1019 4022 1207 4076 eodem
1235 4033 1524 4090 statuatur,
1583 4025 1880 4080 Animalem
1907 4043 2012 4082 non

437 4130 591 4184 posse
640 4115 943 4183 spiritualia
981 4113 1297 4183 intelligere,
1351 4131 1412 4168 eo
1467 4117 1608 4186 quod
1662 4118 2013 4187 spiritualiter

438 4207 950 4262 discernantur?Ad
977 4208 1290 4276 oppositum
1342 4223 1471 4264 vero
1511 4209 1769 4279 Apostolo
1807 4212 1895 4266 ltic
1929 4211 2012 4264 vir

437 4299 690 4369 egregius
731 4298 808 4352 ait
837 4312 852 4352 :
877 4297 1192 4353 Graecorum
1237 4299 1562 4356 collectores
1599 4303 2009 4370 proverbiorum

436 4388 782 4446 adeumdem
831 4389 1048 4444 modum
1083 4389 1390 4459 scripsisse,
1420 4406 1528 4460 quo
1563 4392 1839 4448 Salomon.
1873 4393 2010 4450 Ver-

2117 3292 2278 3355 αὑτός
2307 3309 2457 3361 φησι,
2484 3293 2736 3364 γράμμα.
2767 3293 2877 3347 Καὶ
2911 3293 3027 3358 πῶς
3048 3289 3149 3348 οἷοί
3170 3296 3218 3347 τ’
3235 3291 3372 3366 ἦσαν
3400 3295 3611 3364 γνῶναι
3639 3296 3707 3349 τὰ

2119 3385 2236 3437 θεῖα
2274 3386 2368 3438 καὶ
2403 3383 2642 3457 ζηλῶσαι
2675 3387 2723 3438 οἱ
2753 3385 2998 3456 ψυχικοί,
3047 3386 3142 3441 καὶ
3168 3387 3268 3441 οὐκ
3302 3387 3503 3452 εἰδότες
3535 3405 3703 3443 πνεν-

2123 3476 2327 3547 ματικὰ
2371 3475 2482 3548 (91)
2514 3482 2902 3548 πνευματικοῖς
2983 3477 3314 3552 συγκρίνειν,
3377 3479 3472 3532 τοῦ
3556 3479 3706 3533 θείου

2131 3567 2452 3622 Ἀποστόλου
2485 3570 2926 3641 ἀποφηναμένου,
2962 3571 3235 3642 Ψυχικὸν
3271 3572 3588 3640 ἄνθρωπον
3618 3574 3706 3643 μὴ

2117 3659 2395 3728 δέχεσθαι
2419 3661 2491 3714 τὰ
2514 3660 2621 3714 τοῦ
2643 3664 2987 3733 Πνεύματος
3009 3663 3114 3718 τοῦ
3139 3663 3286 3717 Θεοῦ
3307 3681 3320 3693 ·
3354 3664 3449 3716 τοῦ
3470 3664 3514 3716 δ’
3539 3666 3706 3718 αὐτοῦ

2119 3754 2408 3824 φήσαντος,
2449 3752 2545 3821 Μὴ
2576 3753 2869 3808 δύνασθαι
2909 3754 3130 3826 γνῶναι
3175 3755 3282 3809 τὸν
3327 3757 3599 3825 ψυχικόν
3639 3760 3710 3810 τὰ

2120 3843 2504 3914 πνευματικὰ,
2533 3843 2622 3896 ὅτι
2656 3845 3069 3916 πνευματικῶς
3105 3847 3489 3914 ἀνακρίνεται
3509 3864 3522 3876 ·
3559 3848 3710 3908 ἀντι-

2116 3934 2351 4002 δοξάζων
2377 3937 2406 3988 ὁ
2425 3938 2668 4004 γενναῖος
2703 3936 2781 4008 τῷ
2824 3938 3132 4010 Ἀποστόλῳ
3166 3941 3388 4009 φάσκει,
3423 3939 3517 3992 τὸν
3545 3941 3709 3995 αὐτὸν

2117 4029 2317 4099 τρόπον
2354 4027 2432 4098 τῷ
2457 4028 2728 4098 Σολομῶνι
2750 4032 3082 4102 γεγραφέναι
3110 4033 3236 4096 τοὺς
3255 4031 3355 4096 τὰς
3386 4033 3710 4096 Ἑλληνικὰς

2119 4120 2418 4192 παροιμίας
2449 4123 2872 4192 πεποιημένους.
2917 4124 3080 4192 Λέγει
3112 4124 3168 4177 δὲ
3208 4121 3302 4178 οὖν
3345 4125 3441 4178 ἐπὶ
3471 4125 3706 4193 legem;-

2123 4229 2142 4263 ι
2191 4209 2408 4282 Ἐπειδὴ
2433 4214 2554 4274 ταῖς
2583 4210 2672 4264 τοῦ
2698 4213 3007 4282 σοφωτάτου
3036 4213 3348 4284 Σολομῶνος
3374 4215 3711 4286 Παροιμίαις

2123 4321 2141 4354 ι
2185 4302 2514 4372 ἐντυχόντες,
2552 4303 2646 4354 καὶ
2688 4304 2908 4371 γνόντες
2956 4305 3020 4358 δι’
3047 4305 3226 4360 αὐτῶν
3269 4306 3349 4360 ὅτι
3377 4307 3534 4361 οὐδέν
3557 4309 3711 4361 ἐστιν

2123 4416 2140 4447 ι
2183 4399 2248 4449 ὲκ
2275 4395 2368 4448 τοῦ
2392 4395 2682 4467 προχείρου
2709 4395 2823 4465 (92)
2847 4396 3032 4465 σαφῶς
3047 4397 3157 4452 τῶν
3178 4400 3235 4451 ὲν
3257 4399 3450 4462 αὑταῖς
3474 4401 3712 4472 εἰρημέ-

435 4481 604 4536 batim
653 4481 894 4550 loquitur
927 4482 994 4535 ad
1038 4480 1186 4536 hunc
1221 4483 1437 4536 modum
1467 4501 1482 4536 :
1519 4501 1539 4535 ι
1565 4484 2008 4555 Quandoquidem

2123 4509 2139 4540 ι
2180 4505 2286 4542 νων
2310 4487 2521 4558 μαθεῖν,
2547 4490 2641 4541 καὶ
2669 4488 2821 4540 αὐτοὶ
2847 4488 3088 4560 ζηλῶσαι
3114 4490 3176 4543 τὸ
3206 4492 3549 4563 προφητικὸν
3588 4493 3682 4562 βου
3702 4523 3713 4532 -

443 4591 464 4625 ι
509 4573 564 4627 in
598 4572 894 4629 Proverbia
924 4572 1234 4628 Salomonis
1260 4573 1650 4643 sapientissimi
1678 4576 2007 4645 inciderant,

442 4683 462 4717 ι
507 4675 563 4720 et
613 4679 679 4721 ex
734 4665 948 4720 illorum
1003 4675 1373 4735 cognoverant
1424 4665 1680 4734 lectione,
1719 4667 2010 4722 dilliculter

443 4778 463 4810 ι
511 4758 802 4813 admodum
859 4759 926 4813 de
968 4759 1142 4828 prima
1191 4758 1330 4814 facie
1360 4757 1573 4812 illorum
1605 4775 1827 4815 sensum
1861 4776 2010 4816 com-

443 4869 463 4901 ι
511 4850 770 4920 prehendi
797 4864 976 4919 posse,
1010 4850 1210 4906 vellent
1242 4860 1424 4904 autem
1465 4851 1835 4920 propheticam
1866 4855 2006 4908 scri-

444 4961 462 4994 ι
509 4943 666 4997 bendi
717 4942 981 4996 rationem
1032 4941 1176 4996 illam
1209 4944 1473 5009 aemulari,
1508 4943 1573 4996 ad
1603 4944 1852 4999 eumdem
1884 4963 2002 5002 mo-

510 5133 568 5190 .»B
610 5127 708 5182 Ed.
739 5125 938 5192 Paris.,
966 5142 1090 5197 pag.
1126 5126 1208 5180 l7.

505 5306 619 5376 (90)
658 5308 761 5372 Εἰς
793 5307 980 5372 αὑτὰς
1009 5306 1380 5376 γεγραφέναι.
1425 5305 1582 5359 Deest
1626 5305 1868 5376 λέγεται,
1922 5306 2006 5360 vel

435 5375 564 5448 quid
588 5377 782 5448 simile.
818 5376 889 5430 De
919 5379 1021 5430 hoc
1054 5375 1319 5448 lecorvidc
1345 5378 1408 5431 Β.
1443 5377 1498 5432 Ρ.
1523 5379 1588 5429 Α.
1614 5375 1921 5448 Schutttun,
1953 5377 2006 5428 in

438 5444 753 5518 prtelatione
785 5447 851 5500 ad
887 5448 1112 5516 Adagia.
1133 5447 1338 5501 M.—-ln
1364 5448 1482 5500 cod.
1514 5461 1543 5498 a
1571 5461 1680 5500 sec.
1712 5462 1784 5498 nt.
1804 5444 2010 5568 γέγρα-

438 5535 533 5568 ιοεν
567 5515 627 5568 ἒξ
665 5517 807 5568 anod
837 5532 934 5568 oro
961 5519 1294 5568 γεγραφέναι
1319 5529 1373 5568 et
1401 5532 1562 5568 suura
1604 5516 1710 5568 ὑπό
1751 5518 1868 5568 loco
1941 5515 2008 5568 πό

434 5515 627 5589 φενλὲξ
665 5517 934 5589 quodpro
961 5515 1294 5589 γεγραφέναι
1319 5529 1373 5571 et
1399 5532 1562 5589 supra
1604 5516 1710 5568 ὑπό
1751 5518 1868 5589 loco
1902 5515 2008 5568 ἀπό

432 5586 740 5656 ἀειιίίςμιίοιη
784 5587 827 5638 δ’
855 5597 980 5640 ante
1010 5586 1206 5653 ἔξωθεν
1240 5588 1433 5641 delevi.
1467 5587 1597 5639 Dein
1631 5586 1841 5656 vulgoi‘;
1883 5596 2010 5639 ante

433 5652 620 5745 ἐπειδὴ
661 5664 713 5739 et
763 5652 1125 5743 ξολομῶντος.
1173 5660 1357 5744 Porro.
1391 5657 1548 5742 Vitng
1596 5652 2011 5745 ἐντυγχάνοντες

431 5727 526 5780 καὶ
554 5723 620 5776 δι’
651 5723 828 5794 αὐτῶν
857 5723 1210 5794 γινώσκοντες
1243 5737 1295 5782 et
1329 5727 1404 5790 ὡς
1428 5726 1579 5781 οὐδέν
1609 5737 1663 5782 et
1686 5723 2009 5789 διδακτικοῖς

432 5813 524 5850 πν.
551 5793 820 5864 πνεύματι
853 5793 963 5849 καί.

2121 4599 2137 4630 ι
2178 4579 2430 4651 ληθέντες
2485 4579 2739 4649 γράμμα,
2795 4579 2885 4633 τὸν
2946 4580 3108 4635 αὐτὸν
3158 4582 3351 4652 ἐκείνῳ
3391 4584 3710 4656 γεγράφασι

2120 4687 2138 4720 ι
2176 4668 2398 4741 τρόπον.
2433 4687 2451 4719 ι
2493 4668 2696 4738 Σκέψαι
2728 4668 2785 4721 δὲ
2824 4670 2918 4722 καὶ
2943 4669 3116 4734 ἄλλως
3152 4671 3212 4737 ἐξ
3247 4671 3431 4727 αὐτῶν
3465 4674 3574 4727 τῶν
3605 4692 3712 4727 πα-

2119 4761 2408 4834 ραθέσεων,
2445 4762 2568 4814 ὅσον
2602 4763 2698 4832 τῆς
2740 4762 2998 4832 ἀληθείας
3025 4763 3346 4834 διήμαρτεν,
3377 4766 3551 4819 εἰπὼν
3581 4769 3712 4830 τοὺς

2115 4855 2244 4924 παρ’
2287 4852 2531 4923 Ἕλλησι,
2575 4853 2666 4906 τὸν
2713 4853 2873 4907 αὑτὸν
2925 4853 3002 4925 τῷ
3043 4856 3318 4927 Σολομῶνι
3366 4860 3713 4930 γεγραφέναι

2110 4947 2329 5018 τρόπον.
2372 4947 2428 4999 Ὀ
2465 4946 2562 5017 μὲν
2589 4946 2698 5017 γὰρ
2737 4945 3009 5018 Σολομὼν,
3055 4948 3377 5022 θεοδωρήτῳ
3422 4952 3587 5024 σοφίᾳ
3627 4970 3714 5004 κι-

2094 5127 2140 5157 ⁸²
2177 5126 2192 5179 l
2226 5125 2351 5181 Cor.
2376 5140 2440 5193 It,
2471 5125 2556 5178 15.
2634 5125 2700 5156 ⁸²⁶
2731 5125 2861 5181 ibid.
2893 5127 2980 5182 14.

2187 5306 2299 5377 (9|)
2353 5307 2651 5374 Πνεύματι
2723 5307 3168 5376 πνευματικοῖς.
3237 5306 3587 5374 Legendum,
3653 5321 3712 5362 nt

2115 5380 2603 5448 statitn__recitatttr
2628 5393 2691 5430 ex
2723 5379 3004 5445 Apostolo,
3026 5378 3371 5448 πνευματικά
3403 5394 3680 5448 πνενματι

2119 5447 2247 5510 κῶς.
2299 5445 2425 5500 Haec
2459 5458 2637 5500 autem
2691 5451 2994 5516 importune
3039 5445 3298 5501 dicuntur
3337 5450 3406 5500 ab
3446 5445 3708 5510 Ethelum,

2116 5520 2239 5585 quia
2268 5516 2558 5597 ἐριστικῶς
2582 5527 2828 5597 :rstatnn,
2854 5534 2948 5584 pri.
2970 5519 3383 5597 πνευματικοῖς,
3408 5521 3522 5586 lege
3537 5536 3709 5572 πνευ-

2120 5587 2387 5656 ματικῶς.
2409 5587 2482 5643 Μ.
2503 5617 2566 5628 ——
2594 5587 2722 5640 Dein
2752 5592 2908 5655 vulgo
2930 5592 3043 5650 τοῖς
3075 5587 3486 5657 πεποιημένοις.

2190 5657 2301 5727 (9‘2)
2342 5657 2446 5726 Mp.
2485 5657 2554 5710 ῖσ.
2581 5657 2674 5711 καὶ
2706 5657 2911 5726 σαφῶς.
2937 5661 3077 5728 ln‘ra
3109 5660 3275 5728 vulgo,
3299 5658 3462 5710 ἕνεκα
3491 5667 3544 5711 et
3566 5676 3710 5728 προ-

2116 5729 2516 5805 ενηνεγμένοις,
2540 5739 2592 5783 et
2616 5729 2773 5781 τοῦτό
2795 5728 2845 5796 γ’
2876 5739 2932 5784 et
2974 5727 3008 5780 ἃ
3035 5728 3112 5793 δέ,
3151 5727 3349 5784 (πάλλ’
3380 5728 3481 5793 ὡς,
3513 5740 3564 5783 et
3616 5727 3712 5785 ἐπὶ

2115 5813 2228 5852 του.
