3836 6216
191 317 314 378 7a)

1338 325 1619 380 CONTRA
1657 325 2082 381 ΜλιιιιΕιιυΜ
2124 326 2251 384 LIB.
2293 328 2335 382 1.

3360 335 3462 392 750

185 437 480 510 νούμενος,
517 439 696 492 πᾶσαν
730 439 894 493 αὑτοῦ
929 441 1026 510 τὴν
1059 441 1274 512 γραφὴν
1307 443 1392 495 ἐπ’
1417 445 1655 515 ὠφελείᾳ
1689 463 1740 498 κς

1893 463 1910 494 ι
1959 447 2084 498 dum
2118 445 2468 511 scripserunt.
2504 465 2521 496 υ
2563 444 2668 500 Sed
2699 457 2752 501 et
2797 447 2957 502 aliter
2996 463 3210 518 quoque
3241 465 3272 505 e
3299 452 3464 509 dictis

187 531 444 602 σωτηρίᾳ
481 531 667 601 ψυχῶν
708 531 785 602 τῷ
825 533 924 603 τῆς
969 532 1276 596 θεοσεϐείας
1329 536 1564 590 ἀνετίθει
1617 537 1781 607 λόγῳ,

182 623 500 691 γυμνασίου
530 624 574 676 δ’
595 623 781 677 ’ἐνεκεν
802 625 899 696 τῆς
926 625 1032 678 τῶν
1059 627 1496 697 ἐντυγχανόντων
1522 629 1780 695 διανοίας,

184 715 494 775 σκοτεινοῖς
526 715 724 786 ἐχρῆτο
753 716 1122 788 προϐλήμασι,
1155 720 1248 771 καὶ
1297 719 1471 787 λόγων
1502 725 1779 792 στροφαῖς,

180 806 288 858 καὶ
316 811 520 874 φωναῖς
541 809 608 861 δι’
636 809 975 880 αἰνιγμάτων
1000 813 1518 882 προενηνεγμέναις.
1546 815 1654 864 Καὶ
1669 814 1785 866 τοῦ·

177 913 248 947 το
282 897 326 949 δ’
358 900 414 950 ἐν
442 899 584 970 ἀρχῇ
609 901 708 970 τῆς
741 901 921 970 βίϐλου
950 901 1285 973 μαρτύρεται
1315 903 1506 971 λέγων·
1530 923 1548 954 ι
1583 905 1702 958 Τῶν
1725 905 1783 958 δὲ

185 1006 206 1038 s
249 990 362 1060 γὰρ
395 991 633 1056 ἀκούσας
677 993 838 1062 σοφὸς
863 994 1171 1066 σοφώτερος
1198 995 1376 1048 ἔσται·
1420 999 1448 1048 ό
1476 996 1532 1048 δὲ
1564 998 1782 1068 νοήμων

184 1102 205 1133 ι
250 1083 581 1154 κυϐέρνησιν
611 1088 890 1154 κτήσεται,
925 1088 1108 1158 νοήσει
1129 1106 1186 1140 τε
1219 1090 1533 1162 παραϐολὴν
1566 1107 1780 1144 σκοτει-

183 1196 204 1228 s
244 1177 357 1230 νῶν
387 1179 579 1247 λόγων,
611 1181 799 1250 ῥήσεις
827 1198 886 1233 τε
916 1181 1096 1250 σοφῶν
1126 1184 1218 1236 καὶ
1245 1185 1564 1256 αἰνίγματα.
1610 1205 1628 1237 s
1667 1186 1778 1238 Καὶ

179 1270 374 1333 πάλιν,
413 1269 667 1335 δέξασθαι
714 1273 951 1343 στροφὰς
983 1275 1186 1344 λόγων·
1231 1294 1249 1325 ‹
1291 1278 1359 1328 Ἃ
1391 1276 1456 1347 δὴ
1477 1277 1570 1330 καί¹
1604 1275 1779 1342 οὕτως

182 1382 204 1415 s
245 1363 440 1434 ἔχοντα
460 1365 535 1417 ἐκ
570 1365 678 1418 τῶν
710 1366 1102 1438 ἐμφερομένων
1138 1371 1204 1440 τῇ
1241 1367 1406 1438 βίϐλῳ
1439 1370 1778 1440 καταμαθεῖν

181 1475 202 1508 s
241 1457 626 1529 ρᾴδιον,ἆλλως
637 1460 699 1512 οὐ
710 1459 1020 1529 δυναμένων
1032 1460 1308 1531 νοηθῆναι,
1319 1461 1352 1531 ἦ
1369 1461 1608 1515 διιόντων
1621 1462 1777 1532 ἡμῶν

181 1565 201 1598 s
241 1549 311 1600 ὲκ
342 1547 441 1618 τῆς
467 1548 756 1619 προχείρου
793 1549 991 1613 λέξεως
1019 1551 1111 1603 ἐπὶ
1135 1551 1227 1604 τὸν
1257 1549 1316 1616 ἐξ
1347 1553 1514 1623 αὐτῆς
1543 1552 1774 1624 θεωρού-

181 1659 201 1691 s
246 1658 410 1710 μενον
445 1640 570 1696 νοῦν
593 1658 606 1671 ·
649 1636 760 1695 οἷόν
782 1644 896 1695 ἐστι
934 1644 1015 1707 τὸ,
1053 1643 1132 1711 Τῇ
1151 1643 1390 1714 ,ϐδέλλῃ
1420 1645 1576 1714 τρεῖς
1597 1650 1777 1717 θυγα-

1889 537 2325 594 animadvertere
2372 538 2518 603 licet,
2549 549 2885 610 quantopere
2917 544 3195 598 aberravit
3235 545 3282 600 is
3311 561 3340 600 τι
3365 561 3458 600 τοι

1889 628 2069 695 ritate,
2111 645 2233 684 cum
2280 629 2510 686 allirmet
2557 630 2812 695 Graacos,
2877 636 2943 687 ad
2995 636 3244 692 eumdem
3301 638 3460 706 plane

1887 723 2130 788 modum,
2163 737 2271 791 quo
2317 721 2594 789 Salomon,
2633 725 2936 794 scripsisse.
2995 725 3247 782 Salomon
3311 730 3456 783 enim

1885 814 2170 883 sapientia,
2200 830 2322 884 qua:
2355 816 2613 870 divinitus
2640 826 2745 880 est,
2786 817 3070 885 impulsus,
3115 834 3267 872 suam
3319 822 3459 875 scri-

1887 916 2097 974 pturam
2121 907 2454 973 universam,
2487 909 2554 961 ad
2582 906 2871 961 utilitatem
2902 917 2957 962 et
2984 909 3216 964 salutem
3245 915 3457 966 anima--

1889 1015 2004 1052 rum
2035 1000 2224 1067 pietati
2258 1001 2598 1056 consecravit
2627 1017 2640 1051 :
2670 1015 2800 1054 usus
2835 1009 2919 1054 est
2947 1010 3146 1067 autem,
3196 1005 3262 1057 ad
3306 1005 3457 1073 inge-

1886 1092 1974 1143 nia
2021 1092 2308 1160 legentium
2359 1091 2684 1155 exercenda,
2724 1090 3080 1146 tenebricosis
3108 1095 3456 1160 problemati-

1883 1182 2005 1245 bus,
2033 1186 2376 1238 sermonibus
2415 1183 2674 1238 tortuosis
2719 1193 2774 1238 et
2801 1182 3021 1238 vocibus
3046 1200 3143 1252 per
3166 1185 3454 1255 aenigmata

1883 1275 2322 1341 procedentibus.
2356 1276 2608 1330 Testatur
2634 1277 2734 1331 hoc
2771 1277 2944 1347 ipsum
2984 1277 3034 1330 in
3073 1277 3230 1330 initio
3265 1278 3453 1333 statim

1882 1367 2027 1429 libri,
2052 1367 2141 1420 ubi
2176 1369 2288 1422 ait:
2326 1387 2344 1420 ι
2377 1367 2472 1421 His
2499 1369 2697 1424 auditis
2726 1368 2944 1437 sapiens
2970 1367 3267 1437 sapientior
3300 1371 3405 1422 erit
3433 1383 3450 1423 :

1884 1477 1904 1511 s
1953 1460 2260 1530 intelligens
2297 1461 2593 1529 possidebit
2627 1463 3112 1530 gubernationem,
3161 1471 3217 1516 et
3253 1462 3453 1517 obscu-

1883 1571 1903 1604 ι
1952 1567 2134 1606 rorum
2183 1553 2470 1608 verborum
2520 1555 2805 1622 parabolas
2877 1564 3186 1623 cognoscet,
3237 1556 3452 1623 sapien-

1884 1662 1904 1696 ι
1953 1655 2064 1698 tum
2087 1659 2304 1714 quoque
2320 1643 2461 1698 dicta
2485 1653 2540 1698 et
2563 1645 2900 1711 aenigmata»
2924 1645 3122 1700 lterum
3144 1659 3359 1716 quoque
3381 1645 3452 1701 ad

181 1752 199 1784 ι
242 1731 412 1799 τέρες
443 1729 606 1803 ἦσαν
635 1734 936 1805 ἀγαπήσει
958 1735 1358 1806 ἀγαπώμεναι·
1397 1738 1494 1790 καὶ
1526 1741 1586 1792 αἱ
1613 1739 1740 1807 τρεῖ

1879 1739 2279 1808 percipiendam
2309 1753 2620 1794 sermonum
2668 1739 3072 1810 intelligentiam
3100 1759 3116 1795 :
3165 1759 3183 1792 ι
3211 1738 3278 1796 Ει
3319 1756 3447 1812 pro-

180 1845 198 1876 ι
241 1822 425 1881 αὗται
450 1828 561 1879 οὐκ
588 1827 1053 1896 ἐνεπίμπλασαν
1073 1827 1289 1896 αὐτὴν,
1317 1828 1413 1883 καὶ
1439 1829 1477 1896 ἡ
1521 1830 1740 1900 τετάρτη

1880 1807 1899 1883 ξ
1947 1807 2089 1886 lecto
2124 1834 2238 1886 haec
2265 1833 2337 1885 ita
2366 1846 2424 1886 se
2462 1832 2660 1886 habere
2695 1807 2863 1886 facile
2882 1832 3047 1902 liquet
3087 1848 3118 1888 e
3172 1807 3450 1891 contentis

178 1938 198 1970 ι
241 1920 357 1971 σὺκ
383 1918 672 1987 ἠρκέσθη,
697 1919 888 1973 εἰπεῖν
910 1921 1140 1975 ἱκανόν.
1172 1920 1282 1973 Κοιί⁸
1311 1921 1372 1976 Ἡ
1403 1924 1590 1990 σοφία
1617 1923 1735 1989 ᾠκο

1878 1943 1898 1974 ‹
1942 1923 2203 1992 perillum
2238 1924 2454 1987 librum,
2487 1939 2610 1992 qua:
2634 1939 2740 1978 non
2772 1924 2935 1979 aliter
2963 1938 3251 1993 possumus
3282 1924 3448 1981 intel-

178 2029 199 2060 s
239 2009 512 2079 δόμησεν
530 2009 716 2079 ἑαυτῇ
737 2008 924 2075 οἷκον,
947 2012 1044 2064 καὶ
1059 2010 1482 2083 ὐπήρεισε,(95)
1504 2014 1740 2067 στύλουι

1878 2035 1897 2068 σ
1947 2017 2133 2084 Iigere,
2152 2016 2252 2069 nisi
2288 2016 2356 2070 ab
2386 2026 2574 2084 aperta
2600 2016 2831 2071 lectione
2863 2015 2930 2070 ad
2971 2016 3294 2071 sententiam
3323 2017 3450 2072 inde

177 2123 198 2154 ι
239 2103 415 2166 ἑπτὰ,
450 2103 682 2174 ἔσφαξε
708 2104 782 2158 τὰ
803 2102 1026 2172 ἑαυτῆς
1059 2105 1290 2174 θύματα
1309 2122 1321 2134 ·
1353 2104 1645 2173 ἐκέρασεν
1682 2109 1740 2159 εὶ.

1871 2127 1896 2159 1
1941 2109 2262 2163 eliciendam
2329 2123 2428 2164 nos
2482 2108 2850 2164 conferamus.
2908 2107 3153 2178 Exempli
3220 2111 3443 2179 gratia:

179 2216 199 2247 ε
247 2196 515 2265 κρατῆρα
534 2197 642 2250 τὸν
671 2196 894 2265 ἑαυτῆς
927 2192 1116 2250 οἶνον.
1143 2197 1251 2250 Καὶ
1281 2197 1380 2250 ὅσα
1401 2196 1535 2251 ἄλλα
1555 2197 1740 2250 τούτοιη

1875 2219 1895 2251 s
1943 2199 2112 2252 Erant
2159 2201 2394 2253 hirudini
2433 2211 2537 2254 tres
2585 2199 2714 2269 ﬁlia:
2751 2200 2956 2252 dilecta
2984 2198 3291 2253 admodum.
3316 2197 3447 2254 Istat

177 2308 198 2340 s
237 2289 620 2362 παραπλήσια,
672 2291 772 2361 οὐχ
819 2289 1019 2360 ἑτέρως
1067 2289 1266 2342 δυνατὰ
1315 2287 1572 2353 νοεῖσθαι,
1640 2288 1740 2343 οὔτ

1875 2311 1894 2344 s
1941 2305 2115 2347 autem
2141 2304 2266 2356 tres,
2292 2292 2441 2346 illam
2463 2308 2788 2364 nequaquam
2809 2291 3163 2355 adimplebant
3189 2305 3210 2345 :
3239 2301 3445 2361 quarta

177 2402 198 2434 s
238 2382 570 2454 προχείρως,
598 2380 721 2435 οὔτε
753 2381 816 2436 ἐκ
835 2399 980 2446 τινος
1013 2383 1272 2453 ἱστορίας,
1305 2383 1352 2436 εἰ
1396 2381 1471 2453 μὴ
1497 2383 1638 2436 κατὰ
1665 2383 1765 2454 μό-

171 2495 196 2526 ‹
239 2493 339 2546 νην
368 2475 680 2548 μεταφορὰν
701 2476 795 2530 καὶ
827 2475 1176 2548 ἀναστροφὴν
1198 2476 1296 2545 τῆς
1320 2474 1538 2540 λέξεως.
1580 2493 1599 2525 s
1629 2475 1695 2526 Αἰ
1719 2475 1764 2528 δ’

172 2567 481 2621 ἑκτεθεῖσαι
499 2566 607 2621 τῶν
651 2567 917 2640 Ἑλλήνων
960 2568 1252 2639 παροιμίαι
1292 2567 1401 2621 ἀπό
1432 2584 1593 2620 τινων
1619 2568 1764 2620 ίστο-

1876 2404 1894 2436 s
1939 2402 2058 2439 vero
2083 2401 2186 2439 non
2210 2384 2522 2452 satisﬁebat,
2562 2400 2723 2454 neque
2756 2383 2983 2447 dicebat,
3005 2383 3134 2436 satis
3161 2394 3209 2435 et
3236 2383 3446 2438 abunde

1873 2495 1891 2527 ι
1937 2487 2034 2534 est.
2075 2483 2132 2541 ὦ
2162 2478 2292 2531 Item
2320 2496 2334 2532 :
2377 2476 2656 2544 Sapientia
2681 2478 2778 2531 sibi
2810 2476 3023 2529 domum
3054 2474 3358 2544 tedi/icavit,
3391 2486 3442 2530 et

1871 2585 1889 2617 ι
1937 2570 2223 2622 substruxit
2257 2568 2530 2622 columnas
2559 2575 2778 2636 septem,
2825 2563 3097 2633 sacriﬁcia
3144 2580 3244 2620 sua
3273 2565 3444 2636 jugu-

169 2658 310 2730 ριῶν
366 2657 464 2722 τὰς
502 2657 676 2731 ἀρχὰς
705 2658 981 2730 εἰλήφασι.
1017 2660 1091 2713 Τὸ
1126 2657 1257 2731 γὰρ,
1286 2660 1357 2713 Ἢ
1385 2659 1740 2726 trimenster

1871 2674 1891 2708 s
1935 2655 2080 2723 lavit,
2114 2660 2289 2712 vinum
2314 2675 2469 2712 suum
2491 2658 2546 2710 in
2571 2667 2775 2711 cratere
2799 2655 3150 2711 commiscuit.
3179 2655 3310 2712 Item
3335 2656 3442 2712 alia

168 2746 445 2800 διδάσκει
496 2746 823 2816 γράμματα,
877 2747 964 2800 διὰ
1007 2747 1190 2818 τήνδε,
1224 2746 1408 2817 φησὶν,
1441 2744 1635 2816 ἐλέχθη
1663 2745 1740 2816 τὴε

1870 2767 1890 2802 ι
1937 2765 2041 2803 non
2075 2764 2244 2819 pauca
2272 2750 2431 2820 hujus
2461 2748 2702 2820 generis,
2739 2762 2862 2814 quae
2885 2761 2993 2803 non
3018 2762 3249 2818 possunt
3280 2748 3440 2806 aliter

164 2839 438 2909 ἱστορίαν,
471 2839 566 2892 καὶ
606 2839 674 2893 δι’
709 2840 902 2910 ἑτέραν
929 2837 1090 2892 πάλιν
1124 2836 1424 2908 γενομένην
1452 2836 1651 2908 πρᾶξιν
1679 2835 1740 2888 τὸ

1870 2859 1889 2892 s
1936 2841 2346 2910 comprehendi,
2379 2856 2483 2896 non
2517 2841 2582 2894 de
2633 2839 2885 2895 lectionis
2914 2839 3076 2904 facie,
3112 2855 3216 2894 non
3244 2855 3312 2895 ex
3341 2839 3441 2896 ali-

167 2933 282 2995 Αἳξ
310 2931 425 2998 τὴν
441 2930 765 3002 μάχαιραν,
803 2929 1088 3003 εἰρῆσθαι·
1124 2929 1218 2982 καὶ
1245 2927 1327 2991 τὸ,
1367 2927 1530 2992 Ἅλις
1557 2927 1739 2995 δρυὸς

1871 2951 1887 2983 ι
1933 2947 2036 2999 qua
2077 2931 2330 2995 historia,
2380 2931 2476 2984 sed
2513 2930 2851 2985 solummodo
2897 2944 2994 2999 per
3045 2935 3436 3000 metaphoram,

164 3023 458 3089 ὡσαύτως,
502 3022 590 3076 διὰ
615 3023 676 3076 τὸ
715 3020 1236 3095 βαλανηφαγοῦντάς
1273 3037 1405 3072 ποτε
1449 3018 1736 3074 παύσασθα

1867 3041 1888 3074 ι
1929 3032 1980 3076 et
2031 3021 2288 3076 dictionis
2336 3021 2771 3076 conversionem.
2814 3041 2834 3073 ι
2868 3021 2939 3074 At
2975 3036 3103 3076 vero
3149 3022 3439 3090 proverbia

164 3115 268 3184 τῆς
297 3114 554 3186 τοιαύτης
573 3114 799 3185 τροφῆς.
836 3115 899 3166 Εἰ
926 3113 983 3166 δὲ
1013 3111 1107 3166 καὶ
1131 3109 1373 3174 Γλαῦκός
1403 3127 1508 3175 τις,
1533 3111 1740 3182 ἐπιστή-

1867 3112 2172 3169 Grmcorum
2224 3112 2314 3166 illa
2367 3111 2436 3166 ab
2480 3111 2709 3167 historia
2742 3111 2974 3181 quadam
3005 3111 3435 3168 deducebantur.

172 3225 291 3279 μων
329 3208 528 3281 τέχνης
565 3208 708 3272 τινὸς
752 3207 1012 3276 γεγονὼς,
1058 3205 1331 3278 διαφόρως
1377 3204 1740 3277 ὲμνημονεύθτ

1867 3204 1994 3260 llud
2033 3205 2202 3272 enim,
2233 3203 2330 3258 ‘Vel
2368 3213 2610 3258 mortuus
2651 3213 2750 3269 est,
2794 3202 2872 3258 vel
2915 3206 3066 3258 docet
3090 3204 3330 3268 litteras,
3366 3209 3436 3260 ab

166 3299 319 3373 παρὰ
349 3305 460 3366 τοῖς
497 3300 637 3372 μετὰ
660 3300 832 3355 ταῦτα
861 3299 1265 3370 διαφωνήσασιν
1299 3299 1356 3350 ἐν
1388 3297 1467 3368 τῷ
1497 3299 1626 3369 περί
1660 3299 1758 3351 αὒ-

162 3395 258 3448 τοῦ
280 3394 444 3465 λόγῳ,
473 3395 525 3446 τί
555 3393 710 3447 τοῦτο
730 3395 866 3466 πρὸς
883 3392 982 3456 τὰς
1015 3390 1404 3452 θεοπνεύστους
1426 3389 1751 3461 παροιμίας;

157 3489 241 3541 υύ
268 3487 377 3559 γὰρ
402 3485 602 3558 ὁμοίως
631 3489 753 3549 ταῖς
784 3484 1121 3555 Ἑλληνικαῖς
1150 3482 1498 3553 παροιμίαις,
1529 3482 1624 3534 καί⁹
1665 3476 1754 3535 αὖ·

162 3596 251 3632 ται
279 3578 344 3632 ἐκ
368 3596 512 3641 τινος
537 3577 778 3649 ἱστορίας
800 3577 898 3648 τὴν
920 3576 1072 3629 λύσιν
1097 3575 1453 3645 ἐπιδέχονται.
1498 3573 1749 3644 Ἀμαθῶς

161 3671 272 3743 ἄρα
301 3671 395 3724 καὶ
430 3671 673 3742 ἀπείρως
694 3671 791 3741 τῆς
813 3669 921 3723 τῶν
945 3668 1104 3722 θείων
1133 3667 1368 3740 Γραφῶν
1397 3665 1626 3737 θεωρίας
1683 3667 1743 3719 οὑ

166 3764 348 3835 μόνον,
375 3762 511 3816 ἀλλὰ
539 3764 633 3815 καὶ
664 3762 922 3824 ἐναντίως
949 3760 1026 3832 τῷ
1067 3759 1395 3829 Ἀποστόλῳ,
1423 3756 1742 3830 Μάρκελλος

162 3855 290 3916 τοὺς
355 3853 623 3924 Ἑλλήνων
672 3852 889 3920 σοφοὺς,
932 3851 1195 3921 τυχόντας
1254 3853 1372 3913 ταῖς
1418 3848 1743 3920 Παροιμίαις

163 3943 493 4014 Σολομῶνος,
527 3943 718 4014 μαθεῖν
741 3943 833 3996 καὶ
861 3941 1101 4012 ζηλῶσαι
1116 3942 1178 3995 τὸ
1205 3941 1542 4014 προφητικὸν
1571 3939 1744 4012 γράμ-

165 4054 261 4106 μα,
297 4037 390 4089 καὶ
444 4036 533 4090 τὸν
572 4036 734 4090 αὑτὸν
770 4035 964 4106 ἐκείνῳ
1007 4034 1216 4106 γράψαι
1271 4035 1492 4109 τρόπον,
1528 4033 1742 4104 ἀπεφή-

161 4148 308 4184 νατο.

1860 3296 2087 3351 historia
2129 3295 2386 3364 quadam,
2419 3292 2670 3348 concedit
2711 3292 2849 3361 ipse,
2875 3291 3155 3346 oriebatur
3188 3309 3202 3346 :
3234 3291 3302 3346 ab
3329 3291 3433 3346 alia

1861 3388 2083 3450 itidem,
2114 3384 2290 3450 Capra
2333 3383 2694 3454 gladium:et
2742 3381 2885 3435 illius
2939 3382 3071 3436 item
3097 3419 3114 3445 ,
3171 3379 3317 3436 Satis
3367 3380 3433 3436 de

1855 3496 2074 3551 quercu,
2117 3493 2183 3533 eo
2224 3478 2367 3547 quod
2419 3476 2510 3546 qui
2561 3473 2846 3546 glandibus
2893 3474 3024 3528 olim
3079 3473 3433 3529 vescebantur

1855 3573 2059 3627 diutius
2085 3571 2192 3625 illis
2221 3568 2363 3624 vesci
2400 3568 2742 3622 destiterunt.
2774 3565 2926 3633 Quod
2966 3565 3008 3619 si
3032 3563 3268 3620 Glaucus
3287 3563 3434 3634 quis-

1853 3662 2019 3731 piam,
2065 3660 2263 3714 artilex
2310 3658 2508 3728 aliquis
2547 3657 2816 3726 egregius,
2856 3655 3220 3710 diversimode
3261 3655 3329 3710 ab
3363 3652 3432 3710 iis

1852 3755 2153 3815 ferebatur,
2178 3752 2271 3822 qui
2295 3751 2554 3820 deinceps
2575 3749 2626 3803 in
2661 3747 2966 3802 sententias
2999 3747 3067 3802 de
3101 3746 3429 3802 illo’discre—

1851 3856 2043 3919 pantes
2068 3846 2277 3907 abiere,
2302 3843 2434 3912 quid
2461 3843 2564 3898 hoc
2599 3843 2663 3895 ad
2699 3840 2956 3895 divinitus
2991 3837 3251 3909 inspirata
3292 3835 3428 3892 Pro-

1849 3937 2072 3996 verbia?
2095 3936 2278 4006 Neque
2303 3935 2471 4000 enim,
2499 3943 2558 3988 ut
2584 3933 2635 3988 in
2663 3931 2976 3988 Graecorum
3011 3930 3072 3986 lit
3104 3928 3429 4001 proverbiis,

1849 4031 1920 4088 ab
1941 4029 2164 4087 historia
2184 4014 2416 4098 quadam
2437 4027 2527 4081 illa
2548 4025 2869 4082 solutionem
2894 4023 3199 4080 sortiuntur
3219 4035 3372 4078 suam
3410 4035 3428 4072 :

1848 4134 1910 4180 ut
1933 4137 2156 4178 necesse
2184 4120 2254 4176 sit
2279 4117 2614 4184 Marcellum,
2644 4131 2750 4172 non
2779 4115 2956 4172 solum
2981 4114 3231 4185 imperite
3262 4122 3428 4182 atque

164 4230 403 4291 indocte,
466 4227 560 4283 sed
613 4238 810 4283 contra
864 4237 1104 4282 mentem
1148 4226 1394 4297 Apostoli
1438 4225 1740 4280 allirmasse
1777 4222 2050 4292 sapientes
2087 4216 2428 4281 Graecorum,
2485 4228 2609 4268 cum
2661 4213 2716 4268 in
2771 4208 3068 4267 Proverbia
3119 4208 3429 4265 Salomonis

163 4325 498 4388 incidissent,
543 4323 608 4377 ad
662 4325 1023 4378 imitationem
1061 4323 1394 4392 prophetica:
1421 4321 1802 4390 scriptumse
1831 4316 1899 4372 ad
1928 4313 2282 4371 scribendum
2325 4309 2677 4381 applicuisse.

229 4419 448 4472 Τούτων
476 4419 605 4488 ἡμῖν
632 4417 935 4488 εἰρημένων
956 4418 1035 4480 είς
1058 4416 1329 4480 ἀπόδειξιν
1349 4413 1442 4470 τοῦ
1471 4415 1607 4486 μηδὲ
1629 4416 1740 4476 ταῖς

1927 4409 2025 4465 llis
2046 4411 2098 4463 in
2129 4424 2251 4463 eum
2280 4406 2440 4461 linem
2462 4421 2490 4459 a
2513 4405 2668 4459 nobis
2692 4402 3009 4474 praamissis,
3043 4410 3100 4454 ut
3123 4397 3429 4455 certissime

157 4513 332 4576 θείαις
374 4513 640 4584 Γραφαῖς,
693 4510 750 4562 ὃν
793 4510 898 4581 χρὴ
931 4509 1154 4580 τρόπον,
1193 4507 1610 4577 ἐντετυχηκέναι
1654 4505 1744 4558 τὸν

158 4607 345 4678 ἄνδρα,
374 4605 531 4659 καλεῖ
553 4604 618 4674 δὴ
647 4605 835 4674 καιρὸς
858 4603 948 4655 καὶ
967 4601 1064 4672 τὴν
1089 4601 1190 4671 οὐχ
1221 4600 1349 4670 ὑγιῆ
1379 4598 1480 4670 τῆς
1511 4597 1746 4660 πίστεως

157 4699 319 4753 αὑτοῦ
339 4697 495 4764 δόξαν
515 4695 942 4766 ἐπισκέψασθαι·
971 4695 1047 4758 ὼς
1067 4693 1285 4747 ἐναντία
1306 4689 1666 4762 (94)δοξάζων
1680 4691 1744 4759 τῇ

153 4792 583 4862 ἐκκλησιαστικῇ
647 4788 984 4859 διδασκαλίᾳ,
1031 4787 1203 4857 αὐτήν
1240 4803 1298 4839 τε
1338 4785 1433 4838 καὶ
1471 4783 1594 4844 τοὺς
1622 4797 1748 4852 προ-

155 4884 394 4948 εστῶτας
425 4884 593 4955 αὐτῆς
625 4882 926 4936 διέϐαλλεν.

820 5000 978 5053 ΚΕΦ.
1013 5001 1086 5053 Δ’.

152 5100 273 5151 Ὅτι
321 5096 433 5162 τήν
485 5112 548 5149 τε
593 5091 1108 5162 ἐκκλησιαστικὴν
1148 5090 1574 5162 διδασκαλίαν,
1635 5087 1735 5141 καὶ

361 5167 503 5232 τοὺς
544 5163 923 5234 προεστῶτας
950 5161 1141 5230 αὐτῆς
1179 5161 1514 5215 διέϐαλλεν.

223 5258 332 5331 (95)
354 5257 516 5330 Θήσω
531 5257 588 5310 δὲ
609 5256 821 5327 πρῶτα,
835 5256 900 5309 δι’
911 5249 986 5309 ὧν
1003 5257 1116 5317 τοῖς
1135 5252 1311 5325 ὀρθῶς
1332 5251 1424 5304 καὶ
1444 5249 1731 5320 ἐκκλησια-

224 5403 285 5462 φίι
323 5395 419 5451 Ed.
457 5394 657 5461 Paris.,
699 5409 822 5465 pag.
858 5392 947 5447 18.

1851 4512 2114 4572 appareat
2139 4503 2412 4556 hominem
2441 4510 2809 4568 nequaquam,
2841 4495 2912 4548 ita
2944 4503 3004 4548 ut
3023 4493 3284 4562 oportuit,
3309 4505 3428 4544 ver-

1851 4603 2027 4649 satum
2053 4594 2106 4648 in
2121 4590 2667 4659 Scripturis,tetnpus
2687 4598 2793 4650 εει,
2821 4585 3147 4654 utdeinceps
3176 4584 3336 4636 ﬁdem
3363 4580 3426 4634 il-

1851 4685 1976 4750 lius,
2009 4698 2172 4753 quam
2213 4683 2285 4738 sit
2317 4682 2457 4735 male
2485 4693 2640 4746 sana,
2677 4676 3086 4734 consideremus
3116 4689 3129 4726 :
3160 4682 3215 4728 et
3261 4685 3425 4740 quam

1849 4776 2156 4846 oppositam
2168 4773 2491 4829 sententiam
2510 4779 2723 4827 tueatur
2735 4765 3391 4834 doctrinasecclesiasucaa
3407 4781 3421 4816 :

1850 4884 2014 4941 quam
2045 4883 2151 4922 una
2191 4881 2314 4921 cum
2352 4865 2596 4933 ejusdem
2625 4860 2968 4918 antistitibus
2997 4869 3245 4915 accusat.

2502 4983 2652 5039 CAP.
2697 4983 2783 5038 IV.

1847 5079 2001 5146 Quod
2028 5093 2146 5131 cum
2185 5078 2479 5198 doctrinae;
2509 5075 2781 5136 Ecclesiw,
2809 5081 2920 5125 tum
2959 5070 3195 5140 ejusdem
3224 5081 3423 5137 pra'su-

2479 5163 2531 5198 es
2561 5155 2788 5198 accuset.

2479 5163 2531 5200 88
2561 5155 2788 5199 accuset.

1911 5249 2050 5299 Ante
2077 5242 2263 5298 omnia
2299 5239 2645 5312 proponenda
2684 5245 2811 5292 sunt
2843 5251 2871 5289 a
2905 5249 2991 5288 me
3039 5233 3150 5298 illa,
3203 5232 3257 5287 in
3297 5227 3426 5300 qui,

218 5535 333 5620 193)
367 5535 541 5607 Vulgo
569 5535 768 5620 στήλας
795 5544 847 5620 et
861 5533 1080 5620 δύναται
1105 5527 1338 5620 νοεῖσθαι
1372 5535 1424 5612 et.
1450 5524 1556 5620 τῶν
1582 5525 1722 5576 ἱστο-

1867 5519 1949 5575 edi
1980 5516 2254 5571 διέϐαλλεν
2271 5524 2326 5569 et
2353 5516 2405 5566 in
2438 5513 2686 5567 lemmate
2715 5507 2894 5563 addidi
2923 5523 2982 5560 τε
3007 5511 3128 5574 post
3156 5504 3276 5574 τήν.

1904 5590 2019 5620 tum
2063 5587 2340 5620 ενΙΙιιΙιηηι
2358 5584 2445 5620 hin
2479 5583 2695 5620 nehilml
2737 5579 2950 5620 illm'um
2971 5575 3258 5620 Eusebius-

218 5571 333 5620 Juv;
385 5571 541 5607 νει-δυ
570 5571 650 5589 uss
674 5571 766 5599 nun.
795 5571 921 5589 υιυυ
938 5571 1080 5587 In..."
1114 5571 1338 5583 "lucvv'v
1374 5571 1424 5612 v:
1462 5571 1550 5576 ν..-
1583 5571 1626 5576 ν-
1648 5571 1691 5576 --

153 5626 283 5682 ριων
305 5625 488 5672 τινων,
509 5618 570 5682 et
596 5571 682 5659 Stis
702 5604 896 5682 τὴν-δέ,
926 5620 976 5658 et
1009 5620 1127 5682 inox
1162 5603 1265 5682 ξιιμ.
1293 5613 1466 5682 φασιν
1491 5600 1606 5676 lui-9
1621 5611 1722 5663 φη-

152 5665 254 5736 σίν.
285 5679 403 5734 Mox
436 5665 593 5746 vulgo
629 5665 921 5747 γινομένην
945 5688 999 5729 et
1023 5675 1184 5726 αὐταὶ
1214 5674 1278 5723 ἐκ
1302 5665 1354 5724 et
1380 5665 1724 5736 Σολομῶντος

149 5759 209 5807 οι
234 5749 336 5822 sse
360 5749 573 5822 χρόνος.
691 5820 697 5822 ἒ
941 5815 962 5822 Δ
1041 5816 1065 5822 ω
1087 5813 1097 5822 ,
1122 5815 1137 5822 _
1163 5815 1178 5822 _
1361 5806 1398 5822 ,π

222 5821 334 5893 (at)
363 5805 478 5884 "ie;-
493 5805 758 5885 έςοαντία,
777 5829 904 5883 ctc.,
927 5813 1254 5869 διαϐάλλει.
1274 5837 1343 5850 -
1359 5806 1471 5879 Ego
1489 5821 1554 5864 es
1572 5805 1728 5862 codd.

1903 5590 2019 5658 (95)
2063 5584 2446 5658 Syllabumjtic
2479 5583 2698 5658 esliibet
2737 5579 2950 5658 illorum
2971 5575 3259 5638 Eusebius,
3283 5585 3421 5643 quos

1837 5649 2038 5728 scripto
2068 5649 2165 5711 suo
2192 5658 2281 5728 ait
2310 5653 2619 5728 Marcellum
2651 5649 2981 5720 exagitasse,
3019 5661 3159 5728 quos
3186 5658 3421 5728 genera-

1841 5716 1962 5793 tim;
1990 5730 2148 5798 λόγου
2188 5725 2494 5799 ἀρξάμενος
2542 5716 3086 5799 οοιιιιιρειῇοτεινθτει.
3117 5716 3423 5799 βτξηιιρωι-

1842 5783 2166 5857 ιειιίοιιίιιοε
2195 5783 2518 5854 Krianorum
2551 5791 2826 5865 primipili,
2861 5797 2915 5846 et
2959 5786 3212 5845 acerrimi
3235 5783 3422 5842 delen-
