3836 6216
108 297 230 351 753
1255 293 1530 349 CONTRA
1575 288 2004 346 MARCELLUM
2040 291 2163 346 LIB.
2209 292 2248 346 1.
3267 291 3372 345 754

113 434 134 466 ε
181 414 315 467 Θεὸπ.
379 414 807 486 παντοκράτορα,
859 415 954 467 καὶ
993 415 1070 478 εἰς
1112 415 1204 469 τὸν
1255 415 1383 469 Υίὸν
1413 415 1574 469 αὐτοῦ
1616 433 1628 464 ’π

1856 414 1945 470 alie
2002 415 2371 470 contradicere
2421 414 2644 485 singulis
2690 415 2955 485 partibus,
2997 431 3116 486 quae
3176 419 3228 470 in
3267 417 3371 472 [ide

114 526 135 557 ι
188 505 462 576 μονογενῆ
487 505 638 568 Θεὸν,
671 506 762 559 τὸν
794 506 994 578 Κύριον
1029 506 1184 577 ἡμῶν
1219 507 1422 576 Ἰησοῦν
1450 505 1629 579 Χριστὲ

1856 508 1986 561 riuus
2017 517 2160 561 recte
2192 507 2402 560 fuerant
2438 505 2658 561 sau'cita:
2688 522 2702 562 :
2737 525 2756 559 ι
2802 507 3032 562 Credere
3054 508 3194 562 enim
3222 523 3281 562 se
3317 509 3371 563 in

114 616 139 650 ε
184 599 287 652 καί
314 600 394 661 είς
426 598 486 651 τὸ
519 597 741 668 Πνεῦμα
773 598 834 651 τὸ
864 598 1016 666 ἆγιον
1040 615 1053 628 ο
1093 617 1111 650 ι
1148 598 1240 652 καί
1288 616 1468 671 φησιν,
1512 602 1576 652 ἐκ
1598 616 1627 651 τ

1879 600 2043 656 Deum
2076 599 2288 654 Patrem
2318 599 2760 668 omnipotentem,
2791 609 2846 656 et
2887 599 2940 654 in
2969 599 3164 655 Filium
3201 599 3372 671 ipsius

110 691 288 746 θεζων
334 692 566 763 Γραφῶν
623 691 996 762 μεμαθηκέναι
1039 691 1226 746 τοῦτον
1271 693 1362 745 τὸν
1395 693 1492 762 τῆς
1525 691 1625 745 θεο‹

1877 689 2214 760 unigenitum
2279 689 2469 755 Deum,
2531 689 2818 744 Dominum
2881 699 3128 746 nostrum
3187 691 3371 747 Jesum

110 783 282 848 σείας
301 786 521 856 τρόπον.
564 783 703 853 Ἐγὼ
735 784 810 846 δὲ,
844 785 971 836 ὅταν
1005 784 1102 854 μὲν
1130 783 1285 836 τοῦτο
1311 783 1464 857 λέγῃ,
1514 784 1625 837 ἀποι

1873 783 2174 846 Christum,
2207 791 2263 835 et
2315 781 2372 836 in
2423 782 2682 852 Spiritum
2731 792 3020 839 sanctum:
3054 803 3074 835 ι
3103 785 3286 854 aitque
3315 798 3373 839 se

113 893 293 948 χομαι
317 878 520 948 σφόδρα
539 875 606 929 τὰ
626 876 910 945 λεγόμενα.
934 875 1128 939 Κοινὸς
1149 876 1258 947 γὰρ
1279 870 1434 938 οὗτος
1453 875 1628 929 ἁπάντ

1858 878 2050 929 Ioctum
2085 891 2116 930 e
2144 875 2315 931 sacris
2355 875 2548 930 litteris
2575 876 2718 930 hanc
2750 875 2965 943 pietatis
2991 875 3217 930 formam
3236 876 3373 931 didi-

115 969 284 1040 ἡμῶν
343 973 442 1040 τῆς
506 967 814 1030 θεοσεϐείας
867 968 895 1020 ὁ
955 967 1172 1036 τρόπος·
1245 955 1557 1020 Πιστεύειν
1619 985 1630 1019 t

1859 980 1961 1020 sse.
1986 963 2115 1031 Quae
2146 965 2224 1019 sic
2259 966 2325 1020 ab
2363 964 2454 1019 illo
2478 964 2644 1032 dicta,
2678 965 3052 1022 lubentissimo
3075 965 3373 1034 amplector

113 1061 380 1130 Πατέρα,
422 1061 518 1114 καὶ
562 1059 716 1123 Υἱὸν,
765 1060 862 1114 καὶ
908 1060 1077 1129 ἅγιον
1113 1059 1370 1128 Πνεῦμα.
1413 1059 1578 1111 Ὅταν
1623 1081 1628 1106 ‹

1859 1057 2007 1110 nimo.
2045 1057 2137 1111 Est
2164 1058 2307 1112 enim
2335 1057 2640 1113 communis
2669 1059 2785 1112 haec
2815 1057 3059 1112 omnium
3113 1056 3232 1112 fidei
3262 1057 3374 1112 for-

115 1152 196 1222 μὴ
224 1153 328 1221 τῆς
354 1152 504 1215 θείας
536 1151 931 1221 ἐστοχασμένος
963 1151 1260 1221 δυνάμεως,
1291 1150 1630 1222 ἀνθρωπικώε

1865 1147 1948 1200 ula
1967 1163 1980 1198 :
2002 1144 2226 1201 Credere
2244 1148 2299 1201 in
2321 1147 2553 1215 Patrem,
2579 1157 2627 1202 et
2646 1145 2872 1215 Filium,
2899 1159 2946 1203 et
2967 1147 3228 1218 Spiritum
3244 1166 3372 1204 san-

111 1261 214 1313 ρον
249 1245 381 1314 ἡμῖν
414 1244 502 1296 διά
535 1261 678 1307 τινος
707 1243 952 1313 ἐντέχνου
988 1243 1237 1314 θεωρίας,
1271 1241 1359 1295 τόν
1393 1259 1451 1294 τε
1485 1243 1626 1296 Πατέ

1860 1253 1965 1291 um.
1998 1238 2067 1291 At
2103 1252 2223 1291 cum
2251 1238 2415 1302 idem,
2442 1239 2741 1308 potentiam
2771 1248 2825 1293 et
2862 1239 2970 1294 vim
3004 1240 3241 1294 divinam
3276 1240 3375 1294 mi-

115 1337 347 1405 Πατέρα
374 1335 527 1407 λέγῃ,
559 1336 652 1388 καὶ
683 1335 772 1387 τὸν
801 1335 927 1387 Υίὸν
951 1334 1096 1397 Υίὸν,
1125 1335 1225 1387 οὐκ
1247 1333 1320 1386 ἔτ’
1342 1335 1583 1388 ἐπαινεῖν
1607 1353 1630 1387 τ

1867 1343 1952 1383 me
1990 1329 2302 1395 advertens,
2333 1330 2575 1385 humano
2609 1345 2759 1384 more
2802 1345 2900 1399 per
2951 1331 3373 1400 speculationem

117 1427 381 1498 τοιαύτην
415 1426 646 1498 θεωρίαν
679 1427 976 1480 ἀκίνδυνον.
1029 1427 1127 1480 Διὰ
1182 1425 1289 1498 γὰρ
1325 1427 1422 1497 τῆς
1455 1426 1632 1480 τοιαύτ

1859 1422 2093 1476 iamdam
2115 1421 2333 1477 Patrem
2356 1423 2487 1478 dicit
2512 1421 2729 1478 Patrem
2752 1441 2766 1488 ;
2794 1422 2988 1478 Filium
3015 1424 3238 1492 Filium,
3266 1441 3374 1480 non

112 1517 360 1589 θεωρίας
388 1517 486 1589 τὴν
519 1517 613 1570 νῦν
647 1518 828 1581 αὐτοῖς
871 1516 1258 1588 ἐπινοουμένην
1309 1517 1519 1588 αἵρεσιν
1549 1517 1627 1569 αὐὲ

1858 1513 2030 1568 πίιιάθ
2060 1522 2174 1569 tuto
2197 1514 2420 1569 laudare
2443 1514 2574 1568 mibi
2603 1530 2700 1584 par
2738 1523 2841 1580 est,
2875 1517 3014 1570 hanc
3042 1519 3160 1584 ejus
3187 1515 3373 1586 hujus-

119 1610 309 1663 θέσθαι
342 1609 626 1680 συμϐαίνει
649 1625 662 1639 ·
691 1608 880 1679 ὥσπερ
916 1608 1099 1678 σαφῶς
1126 1608 1386 1675 ἐπιδεῖξαι
1418 1608 1597 1680 ῥᾴδιον
1623 1626 1634 1660 ι

1863 1604 2016 1658 ιηιοάἰ
2062 1603 2599 1672 contemplationem.
2631 1605 2734 1660 Per
2765 1604 2903 1660 hanc
2933 1607 3131 1660 etenim
3165 1607 3378 1661 contin-

117 1719 223 1770 μαι
251 1702 315 1754 ἐκ
344 1701 452 1754 τῶν
482 1700 646 1754 αὐτοῦ
677 1700 869 1768 λόγων.
901 1700 1042 1771 Ἔφη
1078 1699 1186 1770 γὰρ
1219 1699 1454 1768 τὸνμὲν
1476 1698 1632 1766 Πατέξ

1869 1703 1908 1761 ι,
1946 1695 2195 1750 haeresim
2226 1694 2298 1750 ab
2329 1694 2435 1750 illis
2477 1695 2825 1752 adinventam
2857 1697 3250 1753 incrementum
3284 1713 3375 1753 su-

116 1793 251 1847 δεῖν
275 1791 512 1862 ἀληθῶς
547 1791 778 1859 Πατέρα
820 1787 971 1845 εἶναι
999 1790 1273 1860 νομίζειν,
1304 1791 1399 1844 καὶ
1427 1789 1534 1844 τὸν
1570 1793 1630 1845 Υἰ

1859 1799 1990 1851 ere;
2020 1788 2161 1855 quod
2197 1785 2359 1841 facile
2385 1801 2472 1840 me
2500 1802 2658 1856 posse
2704 1789 3084 1843 demonstrare
3123 1790 3374 1855 arbitror,

114 1883 364 1951 ἀληθῶς
417 1886 584 1939 Υιόν’
631 1885 730 1939 και
779 1884 847 1938 τὸ
898 1883 1068 1954 ἅγιον
1110 1867 1352 1952 Πνεῦμα
1401 1884 1629 1936 ὡσαύτιι

1862 1877 2083 1932 'oductis
2109 1893 2228 1947 qua:
2254 1878 2322 1933 ab
2345 1878 2434 1934 illo
2465 1879 2606 1934 dicta
2639 1888 2786 1934 sunt.
2819 1879 2908 1952 [Β.
2944 1880 3104 1953 LIX.]
3135 1881 3377 1936 Allirmat

115 1976 310 2029 Ταῦτα
331 1979 360 2030 ὁ
383 1975 704 2048 Μάρκελλος
733 1976 866 2047 πρὸς
901 1974 1194 2045 Ἀστέριον,
1211 1975 1310 2027 οὐκ
1339 1973 1630 2044 ἀρεσκὸμει

1863 1969 1951 2023 tim
1987 1973 2133 2039 quod
2164 1971 2374 2026 omnino
2403 1972 2473 2026 sit
2513 1988 2718 2026 necesse
2763 1971 2979 2027 Patrem
3012 1975 3254 2042 conﬁteri
3290 1991 3378 2029 ve-

114 2067 198 2136 τῷ
241 2068 335 2119 τὸν
368 2067 587 2138 Πατέρα
628 2067 740 2120 δεῖν
767 2065 980 2138 ἀληθῶς
1016 2066 1232 2138 Πατέρα
1264 2066 1565 2136 ὁμολογεῖν,
1609 2084 1629 2118 :-

1862 2062 2008 2115 tciter
2056 2079 2167 2118 esse
2198 2062 2412 2119 Patrem
2439 2074 2526 2119 :et
2561 2062 2763 2120 Filium
2797 2066 2866 2119 ad
2898 2067 3134 2120 eumdem
3163 2070 3377 2120 modum

116 2159 211 2212 τὸν
243 2159 375 2212 Υίὸν
402 2158 619 2230 ἀληθῶς
668 2157 816 2223 Υίὸν,
865 2159 958 2212 καὶ
987 2158 1048 2212 τὸ
1086 2158 1238 2226 ἅγιον
1267 2157 1490 2228 Πνεῦμα
1526 2157 1631 2212 ὼσσ

1865 2169 1920 2207 se
1947 2150 2150 2207 Filium
2175 2170 2312 2222 vere,
2345 2171 2438 2210 nec
2475 2171 2580 2210 non
2601 2166 2654 2209 et
2688 2154 2944 2225 Spiritum
2973 2169 3234 2213 sanctum.
3256 2159 3377 2214 Htec

117 2268 250 2314 τως.
278 2249 443 2304 Ὅθεν
476 2249 605 2324 ἑξῆς
645 2250 734 2307 διὰ
784 2250 1135 2321 μακροτέρων
1178 2249 1567 2314 ἀνασκευάξᾱν
1614 2268 1632 2303 1

1863 2255 1998 2299 intra
2024 2247 2298 2300 ASterium
2331 2246 2614 2302 Marcellus
2653 2246 2908 2315 allirmat,
2948 2266 3051 2305 non
3091 2258 3378 2306 contentus

119 2343 255 2414 περὶ
287 2341 493 2396 τούτων
540 2343 793 2413 πειρᾶται
822 2341 996 2411 λόγον.
1033 2341 1200 2395 Ψιλὸν
1225 2340 1334 2414 γὰρ
1384 2341 1476 2394 καὶ
1507 2341 1585 2413 τῷ
1614 2343 1634 2395 d

1864 2337 2054 2392 )suisse
2108 2338 2160 2391 iu
2209 2339 2484 2405 confesso,
2545 2339 2758 2396 Patrem
2811 2343 3207 2411 agnoscendum
3255 2356 3379 2398 esse

119 2431 380 2504 θρωπείῳ
407 2431 552 2503 λόγῳ
570 2432 774 2502 ὅμοιον,
798 2431 917 2502 οὐχὶ
940 2430 996 2484 δὲ
1022 2431 1149 2484 Υίὸν
1168 2429 1384 2502 ἀληθῶς
1404 2430 1580 2497 ζῶντα
1613 2447 1634 2483 a

1862 2439 2026 2484 mtrem
2058 2431 2349 2496 veraciter,
2374 2431 2570 2487 Filium
2601 2447 2723 2488 esse
2756 2431 2982 2499 Filium,
3021 2443 3083 2490 ‘et
3116 2434 3377 2505 Spiritum

120 2523 430 2594 ὑφεστῶτα,
483 2524 573 2578 τὸν
611 2523 844 2595 Χριστὸν
877 2518 1014 2576 εἷναι
1049 2521 1329 2593 ὁμολογεῖν
1355 2521 1546 2577 ἐθέλει.
1596 2523 1635 2576 Κ

1862 2533 2058 2579 metum
2085 2524 2153 2578 ad
2183 2523 2431 2580 eumdem
2463 2526 2703 2580 modum.
2725 2523 2865 2581 Hinc
2899 2524 3099 2580 factum
3132 2535 3191 2581 ut
3220 2526 3377 2580 deiu-

119 2614 314 2688 ὲπειδὴ
333 2614 536 2685 ταύτην
559 2609 680 2667 εἶπε
708 2612 1040 2668 ἐπινοεῖσθαι
1070 2611 1167 2668 νῦν
1193 2612 1422 2685 αἵρεσιν,
1444 2611 1634 2666 δεικτέι

1867 2631 1937 2685 τρε
1973 2616 2027 2670 in
2063 2617 2524 2686 consequentibus
2553 2615 2801 2672 refellere
2837 2626 3062 2673 conetur
3111 2619 3253 2673 hanc
3281 2631 3382 2686 po-

119 2708 197 2772 ὠς
228 2708 456 2780 προῖὼν,
472 2707 777 2778 Ὧριγένους
793 2706 888 2760 τοῦ
916 2705 1082 2759 πάλαι
1097 2705 1173 2775 (2)
1187 2705 1476 2777 γενομένου
1499 2706 1634 2778 μέμν

1865 2708 2081 2763 tionem.
2113 2707 2240 2763 Vult
2277 2707 2422 2765 enim
2477 2707 2755 2763 Christum
2807 2711 3207 2780 agnoscendum
3257 2723 3380 2765 esse

120 2815 214 2854 ται
256 2799 335 2864 ὡς
366 2797 747 2870 όμοδοξοῦντος
775 2801 886 2864 τοῖς
920 2799 1038 2854 νυνὶ
1065 2799 1204 2870 πρὸς
1231 2797 1394 2850 αὑτοῦ
1422 2796 1635 2852 διαϐαλλ

1868 2801 2013 2881 idum
2043 2800 2268 2857 verbum
2303 2809 2359 2857 et
2391 2801 2628 2856 humano
2649 2801 3116 2868 consimillimum,
3146 2816 3253 2856 non
3285 2817 3383 2856 au-

126 2884 330 2964 μένοις.
372 2890 512 2962 Ἐγὼ
535 2890 594 2945 δὲ
618 2892 713 2946 καὶ
749 2891 1056 2964 Ὧριγένους
1085 2888 1472 2962 παλαιωτέρων
1499 2889 1641 2962 ἀνδρα

1862 2907 1921 2945 :m
1966 2891 2158 2947 Filium
2201 2907 2320 2949 esse
2353 2892 2450 2949 Dei
2493 2893 2673 2948 vivum
2712 2901 2770 2948 et
2805 2893 3212 2949 subsistentem.
3242 2892 3377 2949 Cum

123 2984 402 3050 πλείστοις
424 2985 569 3049 ὅσοις
593 2985 1067 3056 ἐκκλησιαστικοῖς
1099 2983 1528 3056 συγγράμμασιν
1557 2985 1638 3038 ἐντ

1862 2998 1944 3038 ero
1970 2984 2038 3039 ab
2067 2983 2156 3039 illo
2185 2984 2389 3040 dictum
2437 2985 2529 3052 sit,
2568 2986 2880 3056 nuperrime
2923 2985 3074 3054 lhanc
3128 2986 3377 3042 haeresim

122 3076 362 3148 τύχηκα,
388 3077 701 3132 ἐπισκόπων
733 3094 794 3132 τε
817 3077 910 3132 καὶ
933 3075 1164 3132 συνόδων
1189 3075 1496 3140 ἐπιστολαῖς
1525 3077 1637 3147 διας

1862 3076 2172 3144 icogitatam
2196 3075 2386 3144 fuisse,
2422 3082 2480 3141 ᾖ
2512 3078 2904 3133 ostendendum
2943 3088 3046 3146 est,
3068 3076 3377 3149 Origenem,

128 3187 262 3241 ροις,
298 3171 574 3242 πρόπαλαι
606 3169 955 3242 γραφείσαις,
987 3169 1056 3223 δι’
1084 3162 1159 3224 ὧν
1192 3164 1272 3233 εἷς
1307 3169 1399 3224 καὶ
1430 3169 1460 3222 ὁ
1491 3169 1643 3232 αὐτὸς

1866 3181 1963 3222 Lum
1996 3168 2170 3238 ipsum
2193 3168 2285 3240 qui
2308 3168 2443 3224 vixit
2465 3184 2592 3226 cum
2618 3169 2916 3240 majoribus
2941 3171 3162 3238 nostris,
3183 3173 3250 3226 ab
3279 3171 3381 3226 hoc

125 3259 227 3331 τῆς
256 3261 489 3326 πίστεως
517 3259 804 3334 χαρακτὴρ
837 3260 1243 3315 ἀποδείκνυται.
1268 3259 1384 3313 Οὐκ
1405 3259 1579 3332 ὀρθῶς
1599 3259 1634 3313 ἄ

1866 3275 1933 3315 so
1979 3260 2255 3329 Marcello,
2286 3261 2340 3317 in
2374 3277 2632 3333 processu
2683 3263 2952 3319 sermonis
2998 3256 3291 3329 introduci,
3325 3272 3381 3318 ut

126 3352 480 3425 διαϐέϐληκεν
513 3353 684 3408 είπὼν
739 3352 1068 3419 ἐπινοεῖσθαι
1101 3352 1200 3424 τὴν
1227 3351 1322 3408 νῦν
1356 3353 1566 3423 αἵρεσιν
1603 3353 1634 3405 ὑ

1864 3353 2057 3407 ιιηάθῐη
2099 3351 2371 3411 foventem
2421 3356 2698 3424 opinionis
2741 3357 3087 3424 sententiam,
3123 3373 3244 3411 cum
3289 3357 3379 3414 iis.

126 3445 238 3499 τῶν
260 3445 713 3517 διαϐαλλομένων.
731 3445 887 3500 Μετὰ
905 3445 1078 3500 ταῦτα
1107 3445 1300 3517 μικρὸν
1326 3443 1625 3516 προελθὼν,

1868 3459 1947 3498 nos
1978 3454 2220 3501 accusat.
2253 3445 2368 3518 Ego
2403 3458 2586 3505 autem
2635 3449 3024 3522 scriptionibus
3048 3449 3383 3505 ecclesiasti-

126 3537 220 3591 τὸν
247 3538 521 3609 ’Δστέριον
549 3537 726 3608 μόνον,
750 3536 884 3592 ἀλλὰ
905 3537 998 3590 καὶ
1024 3536 1116 3590 τὸν
1137 3536 1308 3608 μέγαν
1322 3535 1580 3590 Εὑσέϐιον
1605 3536 1641 3606 (Ξ

1865 3551 1891 3593 3
1921 3539 2341 3609 quamplurimis
2370 3541 2644 3610 perlectis,
2681 3544 2750 3598 ab
2780 3543 3014 3614 Origene
3051 3541 3375 3611 antiquiori-

127 3625 191 3686 οὗ
248 3630 349 3702 τῆς
409 3630 712 3701 ἐπισκοπῆς
765 3629 1014 3683 πλεῖσται
1068 3630 1161 3682 καὶ
1215 3628 1492 3698 διαφανεῖς
1541 3629 1642 3681 ἐπα

1865 3643 1914 3683 ιε
1951 3628 2078 3683 olim
2126 3629 2462 3687 elaboratis:
2493 3639 2547 3687 et
2578 3632 2825 3702 epistolis
2862 3632 3097 3688 diversis
3143 3631 3380 3702 synodo-

130 3721 244 3792 χίαι
291 3739 350 3775 τε
396 3723 490 3774 καὶ
539 3721 722 3785 πόλεις
758 3720 1215 3792 μετεποιήθησαν,
1251 3719 1436 3783 κακῶς
1459 3719 1645 3790 ὰγορεί

1866 3734 1930 3772 Im
1971 3727 2028 3775 et
2079 3721 2463 3790 episcoporum
2496 3725 2718 3780 nomine
2752 3723 2970 3794 scriptis
2998 3740 3011 3777 :
3039 3725 3091 3778 in
3124 3722 3233 3777 illis
3269 3723 3381 3777 sin-

117 3808 316 3865 .τοῦτον
341 3811 434 3864 τὸν
465 3811 663 3882 τρόπον
684 3827 698 3841 ο
732 3829 751 3862 ι
795 3811 1126 3881 ’Υπομνήσω
1151 3809 1208 3863 δέ
1233 3826 1314 3871 σε,
1339 3802 1414 3864 ὧν
1442 3809 1632 3871 αὐτὸς·

1869 3811 1951 3867 :lis
2001 3814 2252 3886 eumdem
2311 3816 2434 3872 fidei
2485 3817 2801 3874 characters
2838 3832 2934 3886 per
2961 3817 3142 3872 omnia
3198 3815 3384 3885 depre-

137 3921 154 3954 I
200 3920 376 3974 γραφε
407 3904 790 3975 συνιστάμενος
818 3907 927 3966 τοῖς
953 3902 1139 3966 κακῶς
1160 3901 1265 3955 ὑπὸ
1295 3901 1552 3955 Εὐσεόίου
1575 3918 1652 3972 γρς

1868 3893 2000 3958 andi.
2035 3902 2104 3960 Ut
2132 3921 2353 3963 necesse
2385 3908 2458 3962 sit
2493 3909 2644 3963 illum
2691 3925 2879 3979 parum
2912 3908 3208 3964 secundum
3241 3908 3383 3962 veri-

136 4014 155 4048 c
201 3999 367 4065 φεῖσι,
385 3997 472 4050 ἵνα
487 3996 648 4068 γνῷς,
674 3997 756 4049 ὅτι
789 3996 1078 4065 ἀφίσταται
1105 3993 1290 4064 σαφῶς
1317 3993 1418 4064 τῆς
1439 3993 1651 4065 προτέρς

1868 4003 1986 4050 Item
2041 3997 2184 4054 hanc
2244 4001 2646 4056 accusationem
2702 4003 3033 4066 instituisse,
3070 3999 3383 4071 nuperrime

136 4106 154 4138 ι
202 4088 562 4158 ἀπαγγελίας.
597 4088 848 4160 Γέγραφε
880 4088 988 4159 γὰρ
1021 4088 1212 4150 αὐταῖς
1262 4085 1469 4151 λέξεσιν
1507 4085 1647 4140 οὕτω

1870 4097 1974 4143 tam
1994 4089 2244 4146 haeresim
2270 4092 2637 4151 adinventam.
2665 4093 2996 4150 Procedente
3017 4108 3178 4163 porro
3200 4091 3385 4163 paula-

207 4301 264 4360 ᾖ
299 4295 398 4349 Ed.
436 4295 633 4359 Paris.,
659 4313 776 4366 pag.
812 4295 904 4349 20.

137 4481 296 4540 Deus,
321 4493 484 4548 verus
508 4477 724 4544 quidem
759 4492 865 4530 non
904 4477 1252 4548 diotogsane
1285 4475 1644 4548 api_nl_AI_han

1867 4493 2014 4548 ηφον.
2047 4473 2185 4548 Quid
2216 4473 2282 4528 de
2323 4471 2414 4548 illo
2456 4473 2800 4548 χαλκεντέρῳ
2830 4471 3122 4548 scripserat
3162 4473 3382 4528 Marcel-

138 4550 300 4612 siuni,
344 4542 594 4616 inquiunt
621 4549 827 4613 Ariani,
853 4549 900 4599 εί
939 4547 994 4600 δὲ
1025 4547 1120 4600 καὶ
1159 4546 1292 4598 Θεὸν
1321 4542 1580 4616 ίάληθινὸν

1875 4542 1922 4612 s,
1951 4561 2055 4600 non
2093 4545 2278 4616 liquet.
2313 4542 2824 4616 Certe’Athauasius
2855 4542 3252 4616 illius‘advocat
3292 4555 3383 4616 te-

140 4635 291 4687 γουσι
328 4612 590 4681 τὸνΥίὸν,
620 4619 680 4670 οὐ
710 4612 869 4670 λυπεῖ
893 4619 1057 4688 ἡμᾶς·
1085 4616 1372 4686 γενόμενος
1392 4612 1501 4687 γὰρ
1527 4615 1655 4686 ἁληθ

140 4689 226 4736 vri:
255 4691 390 4736 ἐστι.
417 4686 507 4736 Sic
530 4688 607 4736 illi
638 4688 932 4736 nebulones
956 4688 1211 4736 ludebant.
1237 4687 1408 4736 vafre.
1426 4685 1655 4736 Marcelli

1867 4617 2149 4677 imonium,
2212 4614 2264 4666 in
2296 4628 2404 4682 quo
2441 4613 2734 4736 Stappf‘oqv
2768 4612 2896 4665 illud
2915 4613 3250 4694 .ariauorum
3275 4613 3381 4684 ψήο

1866 4704 2012 4736 ισαα.
2041 4681 2110 4736 ἦν
2133 4685 2222 4736 ὅτε
2250 4683 2351 4736 οὐκ
2373 4679 2463 4736 ἦν.
2488 4684 2616 4736 relel
2645 4695 2752 4736 Itur
2777 4692 2832 4736 et
2853 4693 3113 4736 rencrtur.
3133 4681 3381 4736 M.—-Su—

139 4679 226 4751 νός
255 4691 390 4740 ἐστι.
417 4686 507 4740 Sic
530 4679 607 4740 illi
637 4679 1654 4758 nebulonesludebaut'vafrielM'arcellt

1869 4704 2012 4758 ισμα,
2041 4681 2110 4756 ἦν
2133 4685 2222 4737 ὅτε
2250 4679 2351 4758 οὑξ
2373 4679 2463 4758 ἦν,
2488 4679 2752 4758 refellitur
2777 4692 2832 4736 et
2853 4681 3113 4758 (eiicitur.
3133 4679 3384 4758 M.—_-Sii-—

142 4770 386 4812 assuetus
414 4758 624 4827 illorum
662 4759 873 4811 tcchuis
913 4759 1014 4810 hoc
1045 4758 1221 4826 tetigit
1267 4773 1282 4809 :
1323 4757 1547 4827 pupugit
1579 4771 1712 4827 ergo
1814 4752 2005 4827 ιὶτείὼς
2029 4752 2154 4827 ante
2182 4752 2416 4827 προῖὼνς
2455 4753 2593 4827 infra
2617 4756 2646 4806 ὁ
2670 4763 2796 4827 ante
2824 4753 2986 4816 αὐτός
3021 4752 3178 4827 vulgo
3206 4753 3381 4827 deest.

141 4829 230 4882 τὸν
264 4829 472 4899 σαπρόν
502 4826 809 4900 Eusehi_tn_n,
839 4837 894 4881 et
912 4828 1062 4900 _liiuc
1089 4822 1178 4880 illa
1222 4822 1656 4900 iinlita_ui_s"ca|uu

1885 4829 1960 4900 (5)
2007 4826 2119 4900 Τὸν
2157 4822 2363 4900 μέγαν,
2394 4824 2705 4900 Εὑσέϐιον.
2765 4823 2992 4900 Semper
3037 4824 3138 4900 hoc
3178 4822 3383 4900 elogio,

145 4901 228 4952 nia
252 4900 305 4951 iu
333 4893 651 4965 enimquasi
683 4896 877 4951 Filiqu
911 4897 1002 4951 Dei
1036 4913 1140 4951 non
1169 4911 1357 4950 revera
1376 4896 1570 4950 Filimn
1597 4911 1714 4950 cre-
1818 4893 1960 4956 hunc
1990 4893 2310 4956 alastoreut;
2351 4894 2442 4965 hic
2474 4909 2603 4948 vero
2645 4903 2865 4962 apparet
2913 4895 3060 4947 illum
3107 4893 3383 4965 designari

145 4972 291 5021 deret
324 4969 435 5030 ille,
459 4963 550 5036 qui
605 4984 708 5020 non
743 4968 1109 5038 oppugnabat,
1141 4966 1390 5036 ἀληθινὸν
1417 4966 1545 5038 Υίόν
1578 4967 1708 5020 sim.
1815 4967 2307 5038 Nicomediensem.
2344 4964 2474 5038 Erat
2508 4965 2650 5038 enim
2679 4965 3086 5038 episcopatnum
3122 4963 3382 5038 desultor,

146 5039 377 5106 pliciter,
405 5033 498 5092 sed
518 5047 740 5108 tantum
772 5033 1067 5108 secundum
1097 5033 1329 5092 mentem
1357 5037 1707 5108 Arianorum,
1815 5038 2148 5108 Beryteusis,
2197 5035 2660 5108 Nicomediensis,
2695 5033 3329 5108 Constatntinopolitanus
3369 5050 3382 5085 :

147 5102 233 5176 qui
286 5123 473 5162 verum
508 5107 700 5172 Deum,
730 5122 916 5161 verum
973 5107 1188 5170 Filium,
1214 5122 1396 5160 verum
1449 5107 1705 5170 Verbum,
1811 5102 1935 5163 etsi
1970 5116 2114 5162 recte
2147 5106 2387 5176 memini,
2411 5105 2645 5176 ambitor
2677 5103 2802 5176 olim
2841 5105 3190 5176 Antiochena}
3219 5102 3384 5176 sedis.

147 5170 196 5231 et
226 5179 403 5231 omnia
435 5181 502 5230 de
545 5193 611 5232 eo
655 5170 780 5232 vera
829 5178 1158 5244 fatebantur,
1195 5179 1288 5232 sed
1328 5176 1595 5251 ὑποῷλως,
1621 5188 1707 5251 uta
1812 5179 2110 5251 Quasi_hoc
2130 5178 2184 5251 in
2211 5191 2276 5231 eo
2303 5175 2460 5229 laude
2490 5174 2668 5228 fuerat
2698 5175 2941 5251 dignum,
2970 5175 3040 5227 ita
3072 5173 3140 5226 ab
3168 5170 3386 5251 boc_al-

151 5259 268 5316 pote
290 5263 396 5301 non
426 5261 688 5302 mteruum
733 5252 826 5302 sed
871 5242 1150 5303 creatum.
1175 5264 1281 5301 non
1319 5246 1572 5316 ὁμούσιον
1611 5250 1705 5301 sed
1815 5242 1930 5305 tiro
1984 5247 2215 5303 Eusebio
2270 5256 2756 5316 commemoratur;
2786 5245 3056 5316 objectum
3090 5251 3174 5296 est
3198 5242 3249 5296 ei
3283 5242 3386 5294 hoc

149 5314 483 5388 ἐτερούσιον,
531 5319 598 5372 ad
647 5333 914 5372 summum
972 5318 1296 5388 ὁμοιούσιον.
1354 5314 1428 5373 Μ.
1478 5348 1549 5388 έ-
1591 5317 1664 5371 Mc

1875 5336 2019 5384 sum,
2049 5317 2360 5388 ambitionis
2387 5315 2627 5388 animali,
2655 5329 2750 5388 per
2777 5314 3214 5388 Constantinum,
3249 5326 3385 5388 non-

153 5380 255 5454 Mp:
303 5380 479 5460 τύπον
501 5389 625 5460 loco
647 5388 867 5459 τρόπον,
913 5380 1034 5442 dein
1065 5391 1224 5460 vulgo
1266 5391 1416 5444 deest
1457 5387 1555 5459 μέν
1595 5403 1668 5458 po:

1874 5407 1944 5443 Im
1973 5380 2392 5460 ἅρειανίζονταε
2437 5386 2484 5460 is
2512 5401 2635 5438 eum
2661 5380 2921 5460 depingit
2965 5383 3104 5452 apud
3118 5380 3388 5460 A'ln‘lteodo-

149 5451 272 5512 ὅταν
293 5470 346 5510 et
376 5459 510 5511 infra
543 5451 698 5527 vulgo
719 5460 816 5511 Πν.
844 5460 1015 5527 ἅγιον.
1119 5526 1130 5527 γ
1157 5451 1187 5460 ⁷
1458 5451 1470 5459 ’
1595 5451 1612 5458 ’

1872 5471 1920 5513 :t.
1948 5451 2185 5512 no'udum
2235 5459 2302 5511 ab
2329 5456 2418 5509 illo
2453 5457 2735 5527 inescatus
2753 5451 2927 5519 Ith,
2955 5451 3078 5527 cap.
3111 5451 3185 5527 20
3214 5467 3230 5516 ;
3267 5451 3387 5527 vide

220 5529 291 5599 t9.)
344 5521 679 5600 Ὠριγέζοιῖς
711 5529 816 5583 τοῦ
855 5521 1059 5583 πάλαι.
1111 5526 1228 5582 Jam
1279 5527 1714 5600 antcOrigenem

1872 5530 2119 5600 iistolain
2154 5527 2408 5600 Ecclesia:
2451 5526 2828 5600 Alesandriute
2872 5525 3022 5600 apud
3039 5523 3304 5600 Albanas.
3333 5521 3387 5600 i_n

153 5591 496 5654 recensuerat
539 5591 804 5654 Eusébius
850 5601 991 5653 inter
1020 5615 1114 5653 eos
1147 5617 1285 5668 quos
1313 5601 1430 5653 vult
1483 5591 1713 5652 blarcel-
1819 5591 1974 5669 A'puj.
2011 5598 2156 5659 It,(le
2173 5599 2292 5668 ejus
2320 5597 2610 5669 desultoria
2643 5591 2956 5669 ambitione.
2977 5591 3390 5669 M.——Deinvul-

153 5669 259 5724 lum
302 5669 664 5740 proscidisse;
705 5671 794 5725 hic
843 5685 972 5740 ergo
1006 5672 1072 5723 ad
1104 5659 1344 5724 eamdem
1393 5669 1668 5740 sontentiai

1874 5659 1987 5727 ὶῶν
2031 5659 2282 5736 αὐτὸξγ.
2332 5666 2772 5740 συνεσταλμένος.
2823 5663 2938 5740 _Mp.
2972 5681 3062 5740 γρ.
3103 5659 3389 5716 συνεσταλ-

156 5740 250 5808 ait,
282 5735 570 5810 Origenem
594 5743 659 5796 ab
686 5757 748 5796 co
793 5735 1103 5796 accusatum
1146 5741 1304 5796 \cluti
1336 5741 1549 5796 Ariauis
1579 5739 1671 5809 σύι

1624 5739 1717 5809 ὃμ-
1819 5735 2017 5811 μένως,
2043 5742 2180 5796 idem
2212 5753 2332 5795 mox
2352 5754 2441 5809 γρ.
2469 5735 2794 5806 ἐπαγγελίας
2823 5737 2941 5792 loco
2968 5735 3139 5804 ἁπαγ.
