3836 6216
440 255 542 309 750

1075 255 1344 314 EUSEBII
1383 259 1854 319 CESARJENSIS
1889 260 2041 318 OPP.
2081 261 2266 317 PARS
2305 258 2398 316 IV.
2437 290 2510 302 —
2547 255 2970 315 DOGMATICA.

3598 250 3712 305 756

436 366 532 418 tim
563 373 933 437 scrmonetad
970 374 1114 430 illam
1138 388 1332 433 contra
1356 381 1628 435 Asterium
1663 383 2010 450 calumniam,

2120 402 2138 436 ι
2185 383 2258 436 Τὸ
2291 382 2399 454 γὰρ
2422 380 2712 452 κεφάλαιον
2736 375 2873 432 εἶναι
2901 378 2998 448 τῆς
3023 374 3313 444 ἐπιστολῆς
3338 371 3430 425 ἐπὶ
3455 371 3559 443 τὴν
3580 371 3715 440 βου-

437 456 657 514 Eusebii
705 477 923 533 quoque
963 467 1210 535 adjunxit
1239 475 1642 528 accusationem
1679 491 1695 530 :
1729 473 1876 529 illius
1908 475 2016 530 Eu-

435 550 594 614 sebii,
624 565 784 620 quem
811 555 913 610 sibi
946 559 1298 630 quamplures
1330 564 1583 618 civitates
1615 575 1669 619 et
1700 567 2012 634 provincia,

435 641 744 713 eamdemque
785 645 1121 715 clarissimae,
1154 651 1466 722 episcopum
1513 655 1880 722 postularunt.
1922 654 2014 727 [Β.

437 727 632 803 XXM]
667 751 685 784 ι
713 733 999 792 Revocabo
1025 749 1100 805 te,
1129 741 1322 811 inquit,
1356 744 1408 812 in
1437 745 1751 800 memoriam
1804 762 2011 802 eorumv

437 839 456 871 ι
507 838 628 889 quae
655 827 898 896 scripsit,
938 831 1066 886 licet
1089 833 1279 890 timide
1302 839 1649 894 consentiens
1671 840 1872 894 cumiis
1897 855 2018 909 quae

439 931 458 964 ι
503 916 706 988 scripta
757 933 914 976 erant
967 923 1214 994 improbe
1253 929 1323 983 ab
1353 928 1601 996 Eusebio,
1633 942 1690 984 ut
1721 946 2018 1003 cognoscas

367 1011 375 1023 '
437 1021 457 1054 ι
502 1020 626 1060 eum
659 1011 950 1069 manifesto
982 1029 1010 1069 a
1044 1016 1211 1084 priori
1260 1033 1358 1075 suo
1406 1023 1677 1091 promisso
1732 1025 2014 1081 resiliisse.

439 1112 458 1145 ι
506 1096 754 1155 Totidem
773 1105 916 1157 enim
951 1109 1132 1163 verbis
1161 1110 1378 1181 reliquit
1407 1115 1662 1184 scriptum
1691 1134 1703 1168 :
1736 1116 1908 1187 Caput
1933 1128 2015 1172 et-

439 1208 458 1241 ι
504 1192 648 1244 enim
681 1195 924 1262 epistolze
947 1210 1028 1254 est
1053 1201 1208 1268 illud,
1240 1205 1307 1258 ad
1334 1205 1510 1262 Patris
1542 1207 1826 1264 consilium
1855 1219 1910 1264 et
1931 1223 2018 1265 vo-

439 1299 458 1334 ι
508 1282 764 1341 luntatem
835 1287 960 1344 Filii
1012 1295 1414 1362 generationem
1470 1298 1806 1355 referendam
1854 1316 2011 1357 esse:

441 1393 460 1422 ο
507 1378 653 1432 nullo
683 1390 861 1435 autem
893 1394 1048 1452 pacto
1088 1383 1180 1441 Dei
1223 1389 1524 1458 genituram
1569 1392 1806 1460 passioni
1848 1393 2017 1448 ascrir

440 1487 459 1519 ι
505 1470 756 1526 bendam.
784 1476 959 1543 Atque
995 1477 1095 1533 hoc
1123 1488 1206 1534 est
1242 1481 1370 1538 illud
1400 1485 1541 1551 quod
1573 1485 1626 1538 in
1661 1485 1877 1555 scriptis
1904 1488 2018 1542 suis

440 1578 459 1610 ι
508 1563 913 1631 prudentissimi
943 1570 1109 1624 nostri
1145 1570 1333 1628 Patres
1359 1576 1706 1630 sanciverunt
1735 1579 1894 1634 :dum
1925 1581 2018 1634 de-

442 1671 460 1704 ι
506 1653 710 1709 clinant
731 1657 1103 1714 haereticorum
1135 1662 1458 1732 impietates,
1475 1667 1566 1735 qui
1594 1665 1827 1723 filiorum
1853 1671 2020 1740 passi-

2121 491 2140 525 ι
2185 472 2283 546 λὴν
2313 473 2392 544 (4)
2413 472 2505 526 τοῦ
2545 470 2758 541 Πατρὸς
2787 470 3097 536 ἀνενεγκεῖν
3136 465 3229 519 τοῦ
3259 463 3386 517 Υίοῦ
3414 465 3514 532 τὴν
3548 463 3714 530 γένε-

2123 583 2142 616 ι
2189 581 2296 630 σιν,
2329 565 2423 618 καὶ
2457 562 2534 635 μὴ
2567 561 2739 626 πάθος
2764 561 3039 630 ἀποφῆναι
3079 558 3174 612 τοῦ
3210 556 3344 610 Θεοῦ
3379 557 3478 624 τὴν
3510 559 3714 623 γονήν.

2123 677 2142 710 ι
2187 660 2323 711 Ὅπε
2331 675 2363 729 ρ
2376 659 2429 711 οἱ
2446 657 2744 726 σοφώτατοι
2762 654 2840 726 (5)
2863 653 2969 706 τῶν
2987 652 3265 722 Πατὲρων,
3285 652 3341 703 ὲν
3357 651 3469 711 τοῖς
3481 647 3718 708 οἰκείοις

2123 773 2143 804 ι
2191 754 2561 822 συντάγμασιν
2606 748 2970 819 ἀπεφήναντο,
3005 743 3368 813 φυλαξάμενοι
3407 740 3517 793 τῶν
3555 741 3719 808 αἱρε-

2125 866 2143 898 ι
2187 845 2355 900 τικῶν
2383 844 2480 916 τὴν
2503 842 2778 906 ἀσέϐειαν,
2803 839 2853 893 οἳ
2873 837 3190 908 σωματικήν
3211 851 3333 887 τινα
3353 835 3446 886 καὶ
3472 833 3718 901 παθητι-

2123 959 2141 990 ι
2189 939 2290 1010 χὴν
2326 935 2731 1006 κατεψεύσαντο
2764 932 2856 986 τοῦ
2889 930 3023 986 Θεοῦ
3073 931 3173 1002 τὴν
3204 927 3579 994 τεκνογονίαν,
3608 924 3718 987 τὰς

2123 1051 2142 1083 ι
2187 1029 2456 1103 προϐολάς
2487 1025 2924 1099 δογματίζοντες.
2959 1043 2978 1076 ι
3007 1023 3114 1077 Καὶ
3145 1022 3282 1094 πρὸς
3301 1020 3502 1083 ταύτας
3523 1019 3585 1071 δὲ
3608 1019 3717 1080 τὰς

2117 1121 2322 1192 φωνὰς,
2347 1119 2546 1192 πολλὴν
2577 1118 2703 1189 ἑξῆς
2733 1117 2965 1170 ποιεῖται
2989 1113 3087 1183 τὴν
3113 1111 3450 1182 ἀντίρρησιν,
3490 1105 3615 1177 μεθ’
3643 1106 3716 1174 ἦν

2117 1212 2470 1268 ὲπισυνάπτει
2521 1210 2730 1278 λέγων’
2774 1227 2793 1260 ι
2839 1208 3001 1260 ’Ὥστε
3037 1201 3402 1274 συνηγορῆσαι
3452 1198 3719 1268 Εὑσεϐίῳ

2123 1324 2143 1357 ι
2191 1303 2376 1367 κακῶς
2401 1302 2670 1374 γράψαντι
2693 1299 3013 1372 βουλόμενος
3060 1295 3352 1366 Ἀστέριος,
3388 1290 3611 1362 φύσεώς
3648 1307 3717 1343 τε

2123 1417 2141 1449 ι
2190 1397 2424 1469 Πατρός,
2468 1396 2562 1449 καὶ
2603 1393 2815 1464 φύσεως
2840 1391 3135 1460 άγεννήτου
3168 1384 3574 1459 μνημονεύσας,
3607 1383 3713 1436 αὑ-

2123 1511 2141 1542 (
2185 1491 2277 1554 τὸς
2298 1487 2476 1558 ἑαυτῷ
2500 1487 2802 1558 κατήγορος
2833 1483 3044 1552 γέγονε.
3073 1480 3215 1532 Πολὺ
3247 1477 3356 1548 γάρ
3390 1475 3608 1546 βέλτιον
3641 1470 3713 1544 ἦν

2122 1602 2142 1635 ι
2184 1582 2247 1636 τὸ
2277 1580 2446 1645 πάθος
2475 1579 2571 1634 τοῦ
2601 1579 2868 1650 νοήματος
2894 1573 3174 1634 Εὑσεϐίου,
3197 1571 3272 1635 ὡς
3301 1569 3462 1633 αὐτὸς
3490 1569 3709 1639 γέγρα-

2125 1694 2142 1726 ι
2191 1691 2311 1742 φεν,
2349 1675 2407 1727 ὲν
2441 1669 2776 1743 βραχυλογίᾳ
2807 1668 3054 1738 κείμενον
3083 1663 3436 1728 ἀνεξέταστον
3477 1659 3715 1713 καταλι-

441 1768 460 1801 ι
504 1762 600 1802 vas
623 1759 678 1805 et
693 1755 1005 1822 corporales
1025 1758 1401 1824 generationes
1425 1760 1478 1815 in
1507 1758 1617 1815 Deo
1643 1775 1743 1830 per
1775 1761 2011 1817 emissio-

2122 1785 2142 1833 ι
2188 1769 2332 1830 πεῖν,
2366 1765 2400 1837 ἢ
2433 1763 2659 1836 τοιαύτῃ
2688 1760 2889 1832 θεωρίᾳ
2922 1759 3263 1839 χρησάμενον
3300 1755 3360 1808 τὸ
3389 1752 3712 1824 πανοῦργον

441 1857 460 1890 ι
509 1855 610 1898 nes
633 1845 1168 1902 comminiscuntur.»
1204 1848 1351 1917 Quas
1375 1865 1555 1917 voces,
1576 1853 1627 1906 in
1659 1854 2011 1923 sequentibus

446 1930 714 1988 latissime
741 1936 987 1991 confutat
1015 1954 1028 1991 :
1055 1939 1254 2009 quibus
1284 1942 1553 1998 subnectit
1580 1945 1634 1998 in
1659 1944 1774 2000 haec
1801 1945 1964 2001 verba
1995 1964 2008 2000 :

441 2042 460 2074 ι
514 2023 662 2080 Unde
701 2041 826 2082 cum
865 2029 1098 2085 Eusebio
1128 2033 1338 2087 errati
1368 2042 1732 2090 consentanea
1763 2050 1861 2105 per
1888 2051 2009 2092 om-

443 2135 461 2168 ι
511 2119 598 2172 nia
629 2119 874 2176 Asterius
901 2125 1166 2192 posuerit,
1199 2125 1392 2194 injecta
1427 2128 1703 2182 mentione
1731 2130 1797 2184 de
1818 2139 2010 2184 natura

439 2229 461 2260 ο
507 2208 707 2279 Patris,
743 2221 795 2266 et
821 2213 1043 2283 ingeniti
1074 2226 1295 2283 natura,
1331 2217 1446 2287 ipse
1476 2218 1676 2273 suimet
1727 2230 2012 2274 accusator

438 2319 458 2353 ι
507 2302 752 2360 exsistit:
773 2303 1036 2372 siquidem
1065 2308 1287 2363 omnino
1317 2309 1678 2380 praestitisset,
1696 2311 2012 2368 Eusebiana:

439 2409 460 2442 ο
505 2394 790 2448 sententiae
817 2396 1149 2463 passionem,
1182 2397 1258 2452 uti
1298 2398 1522 2468 scripsit
1550 2400 1688 2468 ipse,
1717 2400 2013 2471 inexplica-

437 2499 457 2532 ι
506 2491 614 2538 tam
642 2495 698 2540 et
720 2486 983 2542 brevitate
1029 2488 1340 2544 conclusam
1377 2491 1816 2560 praetermisisse,
1847 2507 2008 2562 quam

437 2592 456 2624 ι
505 2589 604 2644 per
635 2577 1010 2648 hujuscemodi
1069 2582 1582 2652 contemplationem
1639 2593 1913 2640 versutam
1945 2583 2012 2638 il-

2122 1877 2142 1911 ι
2188 1857 2282 1912 τοῦ
2309 1857 2634 1928 γράμματος
2668 1856 2746 1916 είς
2770 1853 2883 1921 φῶς
2907 1852 3152 1918 ἀγαγεῖν.
3194 1867 3213 1900 ι
3249 1846 3359 1901 Καὶ
3389 1844 3505 1916 μεθ’
3534 1845 3710 1916 ἕτερα

2115 1950 2386 2019 ἐπιλέγει⁸
2425 1967 2444 2000 ι
2475 1948 2612 2001 Νυνὶ
2639 1946 2696 1998 δὲ
2729 1944 3069 2013 ἐξετάσωμεν
3094 1942 3153 1994 ἓν
3178 1958 3232 1994 τι
3263 1939 3422 2010 ῥητόν
3450 1937 3565 1991 τῶν
3597 1937 3710 1990 ὑπὸ

2120 2062 2139 2094 ι
2198 2041 2472 2114 Ἀστερίου
2489 2038 2827 2110 γραφέντων.
2865 2036 3008 2106 Ἔφη
3041 2033 3149 2105 γὰρ
3172 2028 3344 2095 οὗτος·
3366 2030 3563 2093 ’Δλλος
3601 2029 3708 2099 μὲν

2119 2151 2137 2184 ι
2184 2133 2330 2186 ἔστιν
2364 2134 2393 2186 6
2420 2129 2635 2201 Πατὴρ,
2664 2128 2693 2179 6
2720 2126 2980 2196 γεννήσας
3014 2123 3072 2190 ἐξ
3105 2122 3269 2177 αὐτοῦ
3309 2122 3396 2175 τὸν
3433 2121 3710 2192 μονογενῆ

2117 2241 2138 2274 ι
2185 2223 2356 2291 Λόγον
2392 2220 2486 2274 καὶ
2517 2217 2857 2290 πρωτότοκον
2891 2218 3069 2287 πάσης
3094 2214 3343 2276 κτίσεως.
3384 2212 3711 2282 Ἀμφότερα

2116 2333 2135 2366 ι
2183 2313 2423 2382 συνάψας
2443 2311 2710 2380 γέγραφε,
2749 2307 3008 2380 μονογενῆ
3035 2305 3130 2359 καὶ
3158 2303 3498 2376 πρωτότοκον
3521 2319 3535 2332 ·
3563 2301 3704 2354 πολ-

2117 2427 2135 2460 ι
2179 2405 2278 2475 λῆς
2302 2405 2677 2474 ἐναντιότητος
2715 2403 2774 2455 ὲν
2799 2403 2912 2464 τοῖς
2951 2399 3210 2470 ὀνόμασιν
3255 2396 3419 2465 ούσης
3460 2396 3712 2459 τούτοις,

2115 2515 2133 2549 ι
2179 2495 2255 2560 ὡς
2279 2495 2397 2550 ἔστι
2425 2495 2607 2568 ῥᾴδιον
2626 2493 2720 2548 καὶ
2744 2495 2857 2556 τοῖς
2891 2490 3096 2562 σφόδρα
3133 2487 3434 2559 δυσμαθέσι
3463 2488 3696 2556 γνῶναι.

2116 2607 2134 2642 ι
2180 2589 2346 2660 Δῆλον
2367 2587 2477 2660 γὰρ
2496 2587 2578 2641 ὅτι
2593 2589 2622 2640 6
2643 2585 2972 2656 Μονογενὴς,
2999 2584 3047 2636 εί
3069 2581 3236 2644 ὅντως
3266 2580 3561 2651 μονογενὴς
3585 2581 3701 2651 εἴη,

439 2684 459 2718 ι
508 2667 614 2722 lam
646 2669 996 2740 scriptionem
1017 2672 1072 2728 in
1097 2671 1270 2728 lucem
1305 2674 1617 2744 protulisse.
1650 2693 1668 2726 ι
1700 2676 1820 2732 Post
1839 2691 2009 2746 pauca

2120 2696 2136 2731 ι
2176 2679 2276 2732 οὐκ
2313 2677 2394 2731 ἔτι
2423 2677 2766 2750 πρωτότοκος
2794 2669 2930 2728 εἶναι
2957 2672 3201 2736 δύναται,
3228 2673 3321 2724 καὶ
3353 2672 3382 2723 6
3416 2670 3705 2742 Πρωτότο-

433 2761 746 2819 subnectit:
783 2783 803 2816 ι
835 2764 892 2819 In
951 2770 1206 2836 praesenti
1277 2768 1712 2823 examinabimus
1765 2785 1931 2823 unum
1981 2784 2011 2824 e

2120 2789 2136 2824 t
2183 2787 2299 2834 κος,
2387 2769 2752 2840 πρωτότοκος,
2788 2767 2848 2821 ού
2891 2765 3113 2820 δύναται
3144 2763 3436 2836 μονογενὴς
3463 2759 3626 2818 εἶναι.
3678 2782 3694 2812 ι

439 2869 460 2903 σ
512 2853 698 2910 multis
721 2854 790 2910 ab
814 2856 1034 2912 Asterio
1062 2859 1382 2928 positorum.
1407 2859 1496 2914 Ait
1517 2860 1660 2916 enim
1692 2878 1707 2919 :
1734 2859 1882 2916 Alius
1904 2869 2009 2925 est,

2120 2863 2221 2916 Καὶ
2245 2863 2303 2916 ὲν
2326 2859 2535 2924 τούτοις
2565 2861 2623 2914 δὲ
2657 2860 2748 2914 τὸν
2785 2859 3061 2930 ’Δστέριον
3095 2855 3569 2926 αἰτιᾶταιομάτην.
3620 2854 3698 2907 Οὐ

440 2963 460 2996 ο
506 2946 781 3015 enim,_qui
807 2947 980 3018 gignit
1004 2948 1186 3016 Pater,
1211 2951 1278 3005 de
1302 2965 1380 3018 se,
1399 2952 1732 3021 unigenitum
1752 2951 2008 3016 Verbum,

2120 2955 2220 3028 γὰρ
2244 2953 2429 3019 αὑτοῦ,
2460 2953 2596 3008 ἀλλὰ
2621 2953 2720 3025 τῆς
2747 2952 2898 3016 Θείας
2929 2951 3151 3024 Γραφῆς
3198 2949 3494 3019 ἐτύγχανον
3555 2944 3696 3001 εἶναι

439 3054 460 3088 ι
505 3038 754 3094 etomnis
771 3049 1036 3094 creatura:
1050 3041 1492 3114 primogenitum.
1507 3042 1790 3113 Copulavit
1809 3053 2011 3098 utrum-

2120 3046 2206 3100 τδν
2229 3045 2354 3098 Υίὸν
2376 3044 2468 3098 τοῦ
2488 3044 2624 3098 Θεοῦ
2651 3061 2782 3098 ποτε
2813 3044 2910 3115 μὲν
2932 3043 3185 3112 λέγουσαι
3207 3039 3506 3112 μονογενῆ
3537 3039 3698 3105 Υίὸν,

438 3147 458 3180 ι
504 3145 612 3199 que
643 3131 975 3201 unigenitum
1016 3107 1070 3187 et
1099 3107 1517 3205 primogenitum
1551 3107 1605 3190 in
1632 3136 1845 3200 eodem,
1889 3151 2011 3192 cum

2121 3136 2250 3192 ποτὲ
2276 3136 2332 3190 δὲ
2360 3137 2741 3205 Πρωτότοκον
2773 3107 2977 3202 πάσης
3004 3107 3280 3199 ’κτίσεωᾳ
3301 3107 3503 3202 φωναί.
3530 3126 3696 3193 Αὖθις

438 3238 460 3273 ι
504 3232 746 3291 pugnent
771 3237 801 3278 e
829 3223 1098 3281 diametro
1123 3227 1237 3282 haec
1266 3227 1410 3283 inter
1439 3241 1581 3294 sese,
1615 3229 1756 3298 quod
1785 3229 2011 3298 quisque

2121 3229 2180 3289 ἃ
2229 3228 2485 3283 συνάπτει
2535 3225 2746 3290 τούτοις
2792 3226 2983 3294 λέγων·
3033 3244 3052 3276 ί
3113 3224 3252 3277 Ἀλλ’
3293 3223 3568 3293 ἀφέμενος
3600 3222 3697 3290 τῆς

439 3333 458 3364 ς
503 3313 704 3382 poterit
727 3317 941 3383 negotio
969 3317 1135 3382 nullo,
1159 3318 1245 3374 vel
1275 3320 1682 3376 indoctissimus
1702 3321 2011 3377 observare.

436 3424 459 3458 ι
505 3405 664 3462 Patet
688 3409 912 3472 eteiiim,
937 3409 1310 3480 Unigenitum,
1335 3413 1380 3467 si
1413 3427 1602 3468 revera
1637 3413 1798 3468 fuerit
1826 3413 2016 3485 unige-

439 3515 460 3548 ι
508 3499 676 3564 nitus,
714 3515 819 3554 non
852 3517 1009 3571 posse
1037 3513 1091 3558 et
1123 3503 1546 3574 primogenitum
1570 3502 2010 3568 esse,etPrimo—

440 3609 461 3642 ι
507 3592 745 3662 genitum
777 3609 1013 3664 quoque,
1041 3607 1308 3665 quatenus
1349 3596 1423 3650 sit
1457 3597 1868 3668 primogenitus,
1900 3613 2006 3652 non

439 3701 473 3737 ι.
508 3699 668 3754 posse
697 3687 1030 3756 unigenitum
1053 3702 1195 3742 esse.
1221 3706 1239 3741 ι
1270 3687 1374 3742 Sed
1403 3686 1602 3742 frustra
1627 3688 1714 3742 hic
1736 3688 2008 3742 Asterium

433 3785 678 3832 accusat.
724 3777 856 3832 Nam
905 3794 1009 3832 non
1049 3779 1137 3834 ille
1189 3795 1307 3845 sua,
1341 3781 1434 3835 sed
1485 3780 1788 3850 Scriptura:
1818 3779 2011 3834 divina:

435 3869 599 3924 verba
646 3871 964 3939 usurpabat.
1021 3869 1622 3944 Alﬁrmantﬁetenim
1670 3871 1764 3925 Dei
1816 3870 2010 3924 Filium

437 3976 601 4026 nunc,
643 3982 670 4012 ι
699 3963 1042 4030 unigenitum
1073 3982 1090 4014 ι
1125 3978 1246 4018 esse
1279 3981 1293 4016 :
1322 3963 1478 4024 alias,
1504 3980 1522 4012 ι
1548 3972 1812 4016 creaturae
1834 3963 2012 4016 omnis

435 4054 883 4125 primogenitum.
921 4075 948 4110 ι.
977 4058 1142 4111 Infert
1165 4057 1426 4125 deinceps
1444 4055 1536 4127 [Β.
1555 4054 1789 4128 LXXVI]
1817 4073 1830 4110 :
1863 4073 1882 4107 ι
1903 4054 2013 4111 Sed

439 4165 458 4196 σ
504 4145 726 4217 insuper
749 4148 861 4214 ille,
880 4151 1182 4218 posthabita
1201 4150 1503 4220 cognitione
1520 4163 1666 4213 vera.
1683 4149 2015 4217 speculatio-

437 4261 462 4299 ι
499 4251 621 4292 nem
652 4242 943 4308 quamdam
976 4241 1326 4297 artificiosam
1355 4239 1770 4296 demonstravit.
1791 4239 1856 4297 Et
1885 4255 2008 4294 cum

512 4472 583 4530 νῙιι
612 4465 708 4520 Ed.
741 4464 936 4532 Paris.,
958 4479 1078 4536 pag.
1106 4466 1196 4520 2L

507 4671 586 4734 (4)
636 4669 770 4724 Ἐπί
803 4669 918 4734 τὴν
936 4669 1199 4736 βουλήν.
1222 4669 1485 4740 Eusebius
1510 4683 1632 4723 cum
1649 4683 1748 4724 suo
1766 4668 1896 4724 Ario
1918 4668 2011 4726 hoc

2124 4687 2313 4740 τεχνον
2342 4668 2553 4740 rAs‘lerii
2601 4667 2826 4736 hujusce
2875 4684 2889 4720 :

441 4745 666 4798 dombat
696 4742 968 4794 Christum
1004 4755 1124 4793 esse
1156 4740 1248 4794 Dei
1279 4739 1494 4803 Filium,
1525 4754 1632 4793 non
1687 4749 1875 4796 natura
1922 4741 2015 4794 sed

442 4813 748 4872 voluntate;
780 4823 837 4862 at
871 4825 974 4862 non
1000 4809 1304 4871 Marcellus,
1329 4809 1421 4864 sed
1453 4824 1553 4862 nec
1575 4808 1737 4862 Arius
1763 4808 1936 4872 πάθος
1960 4809 2016 4864 in

445 4885 563 4936 Deo-
594 4881 972 4943 admittebant,
1021 4890 1075 4934 et
1111 4895 1255 4943 mox,
1279 4879 1554 4949 παθητικὴ
1602 4879 1913 4946 τεκνογονία
1960 4881 2016 4934 in

441 4953 550 5007 Deo
585 4951 654 5005 ab
703 4950 975 5020 haereticis
1012 4950 1328 5020 introducta
1378 4952 1692 5020 damnatur;
1740 4949 2013 5020 προϐολάς

435 5025 633 5088 opinor
659 5020 928 5143 igitelligit,
967 5019 1054 5073 illa
1077 5019 1388 5088 blasphema
1407 5018 1762 5074 deliramenta
1788 5018 2011 5075 'Gnosti-

435 5108 646 5143 COPIIII'I.
737 5130 750 5142 .

435 5108 646 5149 eorum.
678 5108 750 5143 Nl.

506 5163 585 5233 (5)
625 5161 813 5233 Ὅπερ
871 5159 1236 5229 σοφώτατος,
1286 5157 1593 5233 Legendum
1619 5198 1634 5223 ,
1667 5159 1716 5213 οί
1759 5157 2008 5233 σοφώτατ-

435 5228 541 5296 tot,
566 5228 632 5285 ἰιι
661 5232 713 5285 in
755 5228 1186 5299 praecedentibus
1215 5247 1231 5295 ;
1265 5228 1580 5299 ubi’eadem
1629 5240 1908 5299 usurpata,
1939 5231 2010 5287 ab

439 5301 672 5372 Eusebio
690 5297 1087 5372 Nicomediensi
1115 5299 1384 5372 dicuntur.
1409 5297 1700 5372 M.—lnfra
1724 5297 1884 5369 vulgo
1913 5317 2004 5372 γρ.

435 5371 625 5434 κακῶς
644 5383 702 5426 et
741 5373 772 5424 6
808 5371 954 5423 Ἀστ.
1007 5369 1176 5440 Porro
1229 5368 1298 5440 Β.
1345 5369 1602 5440 γεννητοῦ
1659 5371 1778 5426 loco
1821 5368 2004 5440 ἀγενν.

433 5455 489 5498 et
518 5442 696 5496 αὑτοῦ.
714 5441 832 5495 loco
859 5440 1040 5510 ἑαυτῷ
1068 5449 1122 5495 et
1147 5439 1310 5510 βάθος
1346 5441 1464 5495 loco
1497 5439 1674 5505 πάθος
1701 5457 1842 5496 corr.
1872 5439 2006 5496 Dein

433 5515 596 5583 vulgo
641 5511 968 5583 ἐξετάσομεν
1000 5520 1053 5566 et
1071 5510 1274 5583 μαθεῖν
1311 5511 1442 5583 loco;
1472 5511 1674 5579 γνῶναι
1713 5531 1726 5566 :
1777 5514 2011 5580 denique

433 5579 596 5654 yttlgo
625 5581 810 5651 ἐτύγχ.
858 5579 994 5654 εἶναι
1020 5579 1130 5650 γάρ
1165 5581 1291 5654 Υίὸν
1331 5597 1382 5634 τ.
1414 5581 1476 5634 Θ.
1508 5599 1570 5639 π.
1622 5601 1680 5654 μ.
1705 5579 2008 5652 μονογζπ.

431 5651 480 5708 δ.
512 5668 690 5720 aput.
717 5650 786 5703 π.
806 5669 896 5705 xz.
933 5651 1188 5719 λέγουσαι
1216 5650 1401 5719 φάναι.

507 5722 587 5792 (li)
636 5721 1002 5786 Ἁπεόείξατο
1020 5722 1284 5789 θεωρίαν.
1316 5721 1637 5793 Perstringit
1669 5725 1902 5796 Θεωρίαν.
1927 5726 2008 5780 ἔν-

2127 3342 2145 3375 ι
2186 3320 2420 3392 ἀληθοῦς
2447 3319 2724 3390 γνώσεως,
2750 3319 2850 3390 τὴν
2877 3317 3123 3387 ἔντεχνον
3147 3319 3281 3388 ἡμῖν
3334 3317 3430 3368 καὶ
3463 3313 3557 3367 νῦν
3589 3315 3696 3365 άπ-

2127 3433 2147 3465 ‹
2183 3412 2420 3478 εδείξατο
2450 3412 2683 3481 θεωρίαν
2723 3410 2822 3481 (6).
2861 3411 2974 3465 Ούκ
3002 3409 3141 3480 ἔχων
3168 3409 3276 3477 γάρ
3301 3409 3366 3460 ὲκ
3395 3407 3504 3460 τῶν
3538 3405 3698 3458 θείων

2115 3527 2133 3558 ι
2165 3505 2395 3578 Γραφῶν
2422 3506 2480 3559 τὸ
2506 3504 2698 3559 ἑαυτοῦ
2721 3503 3129 3558 κατασκευάσαι
3162 3501 3428 3573 βούλημα,
3451 3502 3542 3553 ἐπὶ
3570 3501 3698 3562 τοὺς

2115 3615 2134 3650 t
2172 3597 2531 3666 σοφωτάτους,
2574 3597 2649 3660 ὼς
2699 3596 2892 3660 οἴεται,
2937 3594 3224 3665 ἀνατρέχει
3273 3593 3546 3663 Πατέρας,
3589 3592 3697 3660 φά-

2119 3706 2138 3738 ι
2177 3703 2321 3742 σκων
2378 3687 2516 3758 ὅπερ
2547 3687 2596 3739 oi
2634 3685 2930 3755 σοφώτατοι
2960 3684 3066 3738 τῶν
3095 3683 3352 3754 Πατέρων
3383 3683 3440 3735 ὲν
3474 3684 3584 3743 τοῖς
3621 3682 3699 3732 οἱ-

2121 3798 2140 3828 (
2179 3780 2345 3844 κείοις
2399 3779 2769 3849 συντάγμασιν
2807 3779 3172 3848 ἀπεφήναντο.
3226 3775 3524 3844 Ἀπόφασιν
3557 3775 3697 3827 ἁπο-

2124 3893 2141 3924 ι
2185 3869 2456 3940 πεφάνθαι
2479 3872 2604 3934 τοὺς
2626 3870 2816 3924 ἑαυτοῦ
2844 3870 3093 3939 Πατέρας
3121 3868 3396 3939 ’Δστέριός
3417 3883 3570 3937 φησι,
3601 3867 3699 3918 καὶ

2124 3983 2142 4016 ι
2187 3965 2361 4036 δόγμα
2409 3967 2538 4036 περὶ
2589 3963 2725 4018 Θεοῦ
2781 3963 3114 4035 γεγραφέναι
3173 3961 3280 4016 ἀπὸ
3342 3961 3440 4032 τῆς
3494 3960 3702 4028 οἰκείας

2125 4074 2142 4106 ι
2181 4055 2387 4110 ἑαυτῶν
2421 4055 2814 4126 προαιρέσεως.
2849 4054 2935 4108 T6.
2956 4053 3064 4127 γὰρ
3091 4053 3192 4107 τοῦ.
3213 4053 3481 4123 δόγματος
3507 4051 3702 4120 ὄνομα.ι

2129 4166 2146 4198 ι
2185 4147 2285 4218 τῆς
2311 4145 2658 4218 ἀνθρωπίνης
2685 4147 2867 4217 ἔχεται
2891 4145 3083 4217 βουλῆς
3101 4163 3162 4198 τε
3187 4146 3278 4200 καὶ
3301 4145 3549 4215 γνώμης.
3578 4136 3698 4196 Ὅτι

2126 4258 2152 4293 ιΔ
2181 4239 2238 4292 δὲ
2269 4237 2414 4293 τοῦθ’
2466 4238 2638 4304 οὕτως
2670 4238 2803 4310 ἔχει,
2839 4243 3108 4311 μαρτυρεῖ
3148 4240 3245 4310 μὲν
3271 4240 3402 4310 ἡμῖν
3435 4237 3633 4302 ἱκανῶς
3665 4239 3698 4307 ἡ

2941 4665 3521 4738 υιροιεηεορὶιὶειῑςθηι
3569 4667 3693 4738 olim

2125 4737 2371 4808 professi.
2415 4738 2520 4793 Sed
2557 4740 2643 4793 hic
2677 4741 2826 4793 deest
2857 4754 2955 4808 vox
2996 4737 3160 4790 αὐτοῦ
3188 4754 3200 4765 ·
3229 4738 3411 4789 statim
3465 4737 3692 4804 corrige,

2124 4807 2398 4879 ἀπόφασιν
2433 4809 2836 4878 ἀποπειρᾶσθαι.
2868 4807 3118 4877 lntelligit
3160 4816 3369 4879 autem,
3398 4819 3458 4859 ιιι
3498 4816 3635 4879 patet
3665 4823 3694 4879 e

2124 4875 2821 4950 sequentibus,Qrigenem,
2845 4892 3003 4950 quem
3037 4875 3207 4950 videri
3236 4875 3487 4950 volebant
3511 4876 3692 4950 Ariani

2124 4945 2317 5014 secuti,
2354 4959 2413 5004 ut
2444 4960 2498 5003 et
2527 4945 2841 5018 Diettysium
2863 4945 3316 5018 Alexandrinum.
3353 4945 3484 5018 Post
3505 4945 3695 4998 καλού-

2121 5038 2278 5092 μενα,
2312 5020 2613 5092 addendum
2632 5016 2895 5092 δόγματα.
2927 5017 3058 5071 Vult
3079 5016 3358 5092 Marcellus
3409 5017 3690 5069 humanam

2118 5087 2484 5145 tantummodo
2541 5087 2822 5144 scientiam
2858 5090 3092 5142 humana
3142 5087 3567 5154 scita,dogmata
3605 5103 3692 5139 no-

2115 5161 2308 5215 minari
2349 5179 2362 5212 :
2410 5160 2485 5214 ita
2534 5158 2947 5227 λεπτολογοῦσιν
3010 5157 3264 5227 utrinque
3322 5153 3692 5227 ιιὶίὲξηὲναν-

2115 5231 2262 5294 τίας.
2287 5229 2396 5285 Cur
2425 5229 2602 5285 locum
2650 5225 2999 5300 ApoStoliex
3037 5244 3073 5282 ιι
3112 5225 3409 5300 ιιᾱἘριιεε.
3459 5225 3548 5291 15,
3578 5242 3692 5300 pro~

2116 5301 2356 5364 duxerit,
2383 5316 2490 5354 non
2525 5299 2718 5369 capio;
2755 5299 3076 5366 intelligam,
3109 5314 3228 5369 cum
3265 5299 3517 5369 defectus
3547 5299 3691 5350 codi-

2117 5373 2196 5427 cis
2223 5387 2289 5427 ex
2319 5370 2562 5440 Apostoli
2589 5367 2843 5425 contextu
2866 5369 3147 5440 suppletus
3169 5367 3353 5440 fuerit,
3363 5367 3485 5440 τὸν
3513 5369 3689 5436 νόμον

2117 5442 2234 5496 τῶν
2246 5437 2509 5496 ἐντολῶν
2523 5440 2647 5507 τοῖς
2662 5441 2914 5511 δόγμασι
2933 5437 3335 5511 καταργήσας.
3353 5437 3538 5511 Legem
3560 5455 3691 5490 man-

2118 5516 2363 5567 datorum
2398 5515 2452 5566 t'n
2485 5509 2819 5579 dogmatibus
2859 5526 3138 5564 evacuans.
3176 5510 3390 5580 Recital
3444 5509 3689 5580 ειιίιιι,ιιι
3741 5556 3758 5580 ,ἰ

2119 5584 2332 5645 doceat,
2377 5578 2711 5637 vocettteattt
2744 5597 2849 5636 ll0ll
2878 5595 2997 5634 esse
3050 5581 3295 5632 humana:
3347 5578 3684 5638 inventionis,
3747 5583 3754 5589 ‘

2120 5665 2212 5708 aut
2245 5655 2552 5710 scholarum
2592 5651 2964 5705 tantummodo
2989 5649 3352 5703 strenlarium.
3379 5647 3450 5701 Μ.
3481 5675 3548 5688 --
3572 5647 3683 5702 Mox

2115 5725 2269 5794 vulgo
2300 5721 2714 5795 ἀμνημονεύσας
2740 5730 2791 5777 et
2827 5722 2946 5778 dein
2973 5724 3080 5784 τοῖς
3110 5720 3394 5787 δόγμασιν.
