3836 6216
169 270 279 331 7ἰῖ

1293 277 1572 336 CONTRA
1612 281 2034 338 MARCELLUM
2070 281 2197 336 LIB.
2241 286 2278 336 Ι.

3305 279 3407 335 758

171 406 192 438 ι
235 385 542 458 δογματικὴ
574 385 682 440 τῶν
715 388 914 460 ἰατρῶν
945 387 1127 459 τέχνη·
1169 397 1436 463 μαρτυρεῖ
1461 395 1517 448 δὲ
1555 395 1648 448 καὶ
1674 394 1722 448 τέ

1848 413 1866 445 ι
1901 395 1966 450 de
1998 393 2312 462 Scripturis,
2338 392 2390 448 id
2413 391 2552 461 quod
2583 392 2761 456 vellet,
2799 404 3030 462 nequeat
3057 391 3403 457 conﬁrmare,

170 496 193 530 ι
227 481 340 533 τῶν
367 478 667 548 φιλοσόφων
706 481 1011 551 καλούμενα
1047 481 1351 554 (δόγματα).
1391 487 1510 540 Ὅτι
1560 488 1616 541 δὲ
1645 487 1737 542 καὶ

170 586 191 616 ‹
226 566 299 619 τὰ
332 567 616 638 συγκλήτῳ
637 567 880 635 δόξαντα,
907 570 987 623 ἐτι
1017 573 1111 625 καὶ
1132 573 1226 626 νῦν
1243 574 1487 646 δόγματα
1514 579 1740 650 συγκλή-

168 675 190 709 s
228 675 326 712 του
358 657 594 727 λέγεται,
628 660 817 714 οὐδένα
844 662 1056 729 ἀγνοεῖν
1083 659 1252 734 οἶμαι.
1297 685 1316 716 ι
1351 669 1461 720 Καὶ
1485 669 1655 723 ταῦτα
1680 670 1737 723 δὲ

158 752 192 804 ὁ
212 752 552 824 Μάρκελλος,
571 752 963 824 ἀμνημονήσας
997 755 1096 825 τῆς
1129 757 1493 829 ἀποπολικῆς
1530 761 1732 830 φωνῆς,

158 842 197 913 ἧ
233 860 370 914 φησι
397 843 526 914 περὶ
554 844 648 897 τοῦ
681 844 951 916 Σωτῆρος,
989 846 1096 900 τὸν
1117 848 1304 918 νόμον
1330 849 1448 904 τῶν
1473 851 1735 908 ἐντολῶν

157 931 290 1000 τοῖς
321 933 574 1004 δόγμασι
609 935 1010 1007 καταργήσας,
1063 941 1307 1014 προήχθη
1341 945 1532 998 εἰπεῖν.
1577 945 1736 999 Ἀλλά

157 1023 257 1076 καὶ
281 1025 552 1094 μέμφεται
572 1025 650 1096 τῷ
668 1025 774 1080 δεῖν
793 1027 1018 1082 ἕπεσθαι
1041 1031 1152 1092 τοῖς
1165 1031 1431 1101 Πατράσι,
1456 1031 1554 1102 τῆς
1583 1033 1733 1098 θείας

156 1113 479 1184 φασκούσης
507 1115 747 1186 Γραφῆς·
785 1115 1198 1185 Ἔπερώτησογ
1219 1118 1326 1172 τὸν
1344 1120 1569 1190 πατέρα
1591 1135 1729 1185 σου,

155 1202 260 1257 καὶ
284 1204 602 1274 ἀναγγελεῖ
630 1221 749 1261 σοι·
785 1207 927 1274 τοὺς
957 1210 1397 1278 πρεσϐυτέρους
1430 1227 1566 1276 σου,
1633 1213 1731 1268 καὶ

150 1293 371 1362 ἐροῦσι
404 1311 522 1349 σοι·
557 1297 672 1362 καὶ,
695 1297 791 1366 Μὴ
816 1299 1053 1368 μέταιρε
1073 1301 1203 1369 ὅρια
1221 1299 1443 1368 αἰώνια,
1465 1302 1504 1356 ἁ
1531 1302 1733 1358 ἕθεντο

150 1386 212 1438 οἱ
243 1385 509 1455 Πατέρες
540 1404 677 1444 σου.
707 1387 822 1444 Εἶτ’
847 1393 1174 1460 ἀγανακτῶν
1215 1394 1297 1447 ὅτι
1338 1395 1597 1450 Παυλῖνον
1631 1413 1733 1467 μα-

149 1479 350 1550 κάριον
380 1482 741 1550 ἀπεκάλεσεν,
791 1484 927 1556 ὁμοῦ
958 1501 1018 1540 τε
1049 1486 1233 1552 κακῶς
1276 1488 1536 1542 Εὑσεόίου
1570 1489 1732 1544 πάλιν

151 1573 536 1642 μνημονεύων,
571 1574 712 1629 οὕτω
739 1577 971 1648 γράφει·
1015 1597 1033 1630 ι
1069 1579 1437 1652 Συνηγορῆσαι
1465 1580 1575 1653 γὰρ
1604 1582 1730 1652 βου-

155 1677 175 1710 ι
205 1659 403 1731 ληθεὶς
446 1661 524 1734 τῷ
567 1663 666 1734 τὴν
709 1665 996 1736 ἐπιστολὴν
1041 1665 1226 1730 κακῶς
1253 1667 1523 1739 γράψαντι
1559 1668 1728 1722 Εὐσε-

1842 503 1860 534 ‹
1902 485 1967 538 ad
1996 483 2448 553 sapientissimos,
2468 485 2544 538 uti
2572 495 2740 550 retur,
2757 484 2943 540 Patres
2964 485 3224 552 confugit,
3253 495 3308 540 et
3334 485 3406 539 in-

1841 593 1860 626 c
1893 575 2011 645 quit
2038 576 2180 644 quod
2207 573 2590 645 sapientissimi
2618 587 2648 627 e
2679 573 2929 629 Patribus
2959 574 3011 627 in
3042 574 3260 644 scriptis
3292 575 3405 629 suis

1841 684 1859 716 ε
1896 665 2296 722 concluserunt.
2311 665 2650 721 Conclusisse
2666 679 2792 722 suos
2810 662 3000 720 Patres
3019 665 3264 720 Asterius
3285 681 3405 736 pro-

1839 776 1857 807 ι
1894 757 1993 824 dit,
2030 767 2086 813 et
2115 758 2442 814 sententiam
2475 759 2540 813 de
2570 758 2678 812 Deo
2709 757 2994 824 protulisse
3031 772 3094 812 ex
3128 773 3224 814 suo
3253 760 3401 826 ipso-

1839 872 1858 904 ι
1891 868 2008 911 rum
2024 855 2209 910 animo
2231 854 2550 910 derivatam.
2572 852 2845 923 Dogmatis
2861 852 3007 907 enim
3029 868 3156 916 vox,
3174 867 3279 921 qua
3305 853 3404 906 uti-

1839 963 1855 994 ‹
1891 953 1980 999 tur
2022 944 2132 1009 ille,
2159 945 2229 1002 ab
2250 945 2486 1000 humana
2508 943 2786 1008 voluntate
2819 951 2874 1000 et
2899 941 3150 1012 opinione
3181 943 3399 1012 pendet.

1837 1055 1855 1087 ‹
1884 1036 2037 1104 Quod
2051 1039 2186 1094 satis
2201 1037 2476 1101 docetars,
2490 1051 2611 1106 qua:
2623 1035 2822 1090 dicitur
2835 1034 3158 1106 dogmatica,
3173 1033 3402 1089 medico-

1838 1143 1856 1176 ι
1891 1140 2040 1191 rum;
2061 1125 2257 1182 docent
2273 1134 2454 1180 autem
2469 1133 2658 1194 etqure
2681 1124 2938 1179 dicuntur
2955 1122 3398 1193 philosophorum

1837 1235 1855 1267 ι
1893 1217 2165 1288 dogmata.
2211 1213 2396 1284 Neque
2425 1214 2577 1280 latet,
2609 1214 2823 1284 opinor,
2853 1213 3112 1283 aliquem,
3145 1228 3176 1266 a
3206 1221 3398 1268 senatu

1837 1329 1856 1362 ι
1895 1310 2061 1374 edita,
2079 1308 2374 1364 etiamnum
2397 1306 2648 1377 dogmata
2663 1315 2884 1361 senatus
2912 1304 3202 1360 nominari.
3231 1322 3250 1355 ι
3272 1303 3398 1359 Haec

1831 1401 2143 1468 Marcellus,
2178 1414 2369 1471 parum
2402 1413 2609 1454 memor
2635 1397 2913 1468 apostolici
2940 1397 3068 1452 dicti
3107 1397 3174 1451 de
3199 1395 3398 1450 Serva-

1833 1503 1973 1559 tore,
2002 1491 2188 1562 Legem
2215 1491 2585 1546 mandatorum
2608 1490 2831 1545 decretis
2855 1505 2972 1544 cum
3001 1502 3294 1543 evacuasset
3327 1486 3390 1541 “.

1829 1583 2011 1656 Pergit
2035 1593 2233 1650 autem,
2254 1594 2310 1638 et
2339 1581 2632 1652 Scriptura:
2653 1582 2825 1636 dicam
2861 1580 3130 1646 inscribit,
3155 1595 3272 1650 quae
3300 1581 3396 1635 do-

1831 1687 1918 1731 cet
1952 1674 2255 1746 sequendos
2284 1689 2406 1730 esse
2438 1674 2624 1729 Patres
2657 1693 2670 1727 :
2703 1671 2978 1742 Interroga
3001 1681 3199 1740 patrem
3221 1680 3390 1738 tuum,

153 1771 176 1804 ς
215 1753 343 1824 ϐίῳ,
391 1755 605 1825 πρῶτον
634 1755 710 1826 (7)
747 1756 867 1828 μὲν,
895 1756 956 1810 οὐ
988 1738 1380 1822 διδασκαλικῶς
1415 1759 1722 1828 ἀναπτύξας

1828 1777 1875 1821 et
1897 1738 2232 1821 annuntiabit
2259 1764 2392 1831 tibi;
2423 1767 2652 1821 seniores
2681 1773 2731 1820 et
2754 1738 3044 1819 narrabant
3078 1765 3170 1817 tibi
3202 1762 3279 1829 “;
3316 1771 3391 1828 et,

154 1861 175 1895 ι
215 1845 309 1914 ἐφ’
421 1847 482 1901 τὸ
522 1847 697 1918 δόγμα
726 1849 824 1920 τὴν
857 1849 1144 1923 ἐπιστολὴν
1176 1851 1492 1918 συνέταξεν·
1527 1854 1587 1906 οὐ
1618 1854 1726 1927 γὰρ

151 1953 173 1986 σ
210 1935 355 2007 πρὸς
390 1937 490 2008 τὴν
529 1939 876 2011 Ἐκκλησίαν,
903 1941 1026 1994 οὐδὲ
1064 1941 1200 2013 πρὸς
1239 1942 1364 2008 τοὺς
1401 1944 1726 2012 ἀγνοοῦντας

151 2043 170 2075 ι
209 2026 425 2094 ἐγίνετο
447 2027 508 2080 τὸ
534 2029 788 2100 γράμμα,
811 2030 946 2084 ἀλλὰ
978 2031 1114 2104 πρὸς
1140 2033 1232 2086 τὸν
1293 2034 1561 2105 μακάριον
1586 2036 1728 2090 Παυ-

147 2135 171 2168 e
214 2115 382 2170 λίνονο
420 2119 688 2190 μακάριον
737 2121 901 2176 αὐτὸν
943 2121 1032 2176 διὰ
1073 2123 1232 2177 τοῦτο
1271 2125 1460 2190 εἰπὼν,
1504 2127 1586 2181 ὅτι
1627 2128 1723 2200 τὴν

150 2227 171 2261 ι
206 2209 383 2281 αὐτὴν
401 2207 547 2282 εἶχεν
567 2212 828 2285 Ἀστερίφ
845 2213 1021 2280 δόξαν.
1044 2213 1254 2269 Οὐκοῦν
1278 2218 1576 2290 ἐπειδήπερ
1598 2223 1724 2284 τοὺς

149 2322 168 2354 ι
213 2304 562 2373 σοφωτάτους
589 2308 842 2378 Πατέρας
867 2309 1142 2379 Ἀστερίου
1163 2310 1582 2382 μεμαθήκαμεν,
1606 2315 1725 2368 ἀκό-

145 2413 168 2445 σ
210 2394 405 2450 λουθον
449 2395 710 2468 ἠγοῦμαι,
746 2397 930 2468 λέγειν
971 2400 1063 2453 καὶ
1093 2400 1182 2453 τὸν
1223 2401 1489 2457 Παυλίνου
1522 2421 1582 2457 τε
1629 2406 1722 2460 καὶ

144 2503 165 2536 ι
207 2484 324 2538 τῶν
352 2485 527 2541 ἀλλων
569 2489 861 2559 γενόμενον
902 2487 1242 2544 διδάσκαλον.
1300 2490 1432 2544 Ἀπὸ
1478 2475 1722 2564 γὰρ’τῆς

144 2593 164 2626 ι
204 2575 478 2630 Παυλίνου
513 2579 823 2650 ἐπιστολῆς,
864 2581 894 2633 ὁ
927 2580 1176 2636 κάκείνου
1209 2581 1525 2646 διδάσκαλος
1560 2601 1720 2653 γεγο-

144 2686 164 2718 ι
202 2665 315 2731 νὼς
353 2665 573 2740 εὖδηλος
606 2669 802 2738 γένοιτ’
845 2669 911 2725 ἃν
954 2673 1103 2742 ἡμῖν.
1140 2691 1159 2723 ι
1207 2674 1316 2726 Καὶ
1354 2673 1558 2744 μεταξύ
1600 2691 1720 2729 τινα

135 2757 339 2825 εἰπὼν,
366 2759 460 2812 τὸν
487 2760 647 2814 αὑτὸν
673 2757 829 2826 αὖθις
853 2761 1147 2827 διαὸἀλλει,
1169 2763 1247 2828 ὡς
1269 2765 1368 2818 οὐκ
1395 2765 1570 2836 ὀρθῶς
1593 2768 1722 2822 ἀπο-

134 2849 436 2921 δεξάμενον
463 2852 555 2906 τὸν
580 2854 854 2926 Ὠριγένη,
880 2855 1053 2925 λέγων
1088 2855 1260 2921 οὕτως
1284 2873 1298 2888 '
1334 2877 1352 2909 ι
1395 2858 1509 2912 Οὐκ
1543 2859 1721 2929 Εὐαγ-

139 2961 159 2992 ι
202 2942 435 3015 γελικῆς
472 2947 905 3019 ὑπομιμνήσκων
945 2949 1290 3015 διδασκαλίας
1325 2951 1476 3006 ταῦτ’
1515 2953 1718 3026 ἔγραψε

141 3053 160 3085 ι
204 3035 495 3125 Παυλῖνος,
517 3037 793 3108 ὁμολογῶν
817 3039 874 3093 δὲ
898 3041 1076 3104 ἐνίους
1106 3042 1206 3113 μὲν
1229 3043 1321 3113 ἀφ’
1345 3043 1554 3098 ἑαυτῶν
1576 3043 1719 3100 οὕτω
1744 3066 1786 3125 C

139 3142 158 3173 ι
203 3124 477 3178 κινεῖσθαι
502 3143 516 3156 ·
565 3127 741 3192 ἐνίους
780 3129 836 3182 δὲ
869 3131 934 3184 ἐκ
979 3131 1084 3184 τῶν
1127 3133 1570 3204 ἀναγνωσμάτων
1608 3134 1716 3191 τῶν

139 3233 158 3266 ι
204 3218 626 3288 προειρημένων
663 3220 870 3291 ἀνδρῶν
896 3221 1083 3277 τοῦτον
1119 3220 1285 3296 ἦχθαι
1317 3226 1410 3280 τὸν
1437 3228 1654 3298 τρόπον.
1688 3248 1710 3282 ι

133 3302 493 3373 Εἷταοτέλος,
535 3309 724 3383 ῶσπερ
764 3313 886 3367 τινὰ
939 3316 1204 3386 κορωνίδα
1241 3318 1340 3388 τῆς
1389 3318 1713 3386 ἀποδείξεως

131 3397 364 3465 ἐπάγων
401 3401 468 3453 ἐκ
506 3400 616 3455 τῶν
659 3404 965 3474 Ὠριγένους
1010 3406 1188 3478 ῥητῶν
1231 3407 1329 3479 (8),
1376 3409 1476 3480 τῆς
1517 3409 1712 3464 ἐαυτοῦ

131 3489 460 3560 ὑπέγραψεν
487 3493 796 3566 ἐπιστολῆς.
833 3496 908 3560 ὡς
942 3496 1140 3566 μᾶλλον
1173 3501 1358 3553 πεῖσαι
1389 3500 1706 3571 δυναμένου,

129 3581 290 3651 παρά
322 3582 449 3645 τοὺς
480 3584 870 3652 εὐαγγελιστάς
902 3588 993 3640 καὶ
1021 3590 1144 3652 τοὺς
1177 3589 1522 3654 ἀποστόλους.
1555 3593 1708 3646 Ἐστι

127 3668 187 3724 δι
218 3670 290 3724 τά
327 3671 468 3742 ρητά
498 3673 686 3728 ταῦτα’
729 3694 748 3726 ι
791 3677 932 3748 Ὦρα
977 3679 1382 3734 ἐπαναλαϐόντα
1424 3683 1551 3752 περὶ
1597 3684 1711 3737 Πα-

134 3778 158 3813 ι
201 3762 356 3832 τρδς,
392 3764 487 3817 καὶ
527 3765 679 3830 Υίοῦ,
715 3768 810 3821 καὶ
857 3769 1010 3838 ἁγίου
1045 3771 1381 3843 Πνεύματος,
1416 3773 1566 3842 ὀλίγα
1603 3774 1711 3828 τῶν

133 3869 155 3904 ι
200 3853 326 3906 τότε
371 3855 888 3929 παραλελειμμένων
940 3861 1246 3928 διεξελθεῖν.
1304 3865 1440 3936 Περὶ
1473 3864 1706 3936 Πατρὺς,

133 3960 154 3998 ι
193 3942 274 4008 ὡς
305 3943 610 4016 ἀδιαίρετος
639 3946 713 4001 ὣν
747 3949 841 4003 καὶ
868 3951 1160 4024 ἀμέριστος
1187 3952 1318 4006 Υίοῦ
1348 3953 1553 4023 γίνεται
1592 3955 1705 4010 Πα-

131 4054 152 4086 ι
192 4037 324 4108 τήρο
375 4037 438 4090 οὐ
477 4038 764 4109 προϐαλὼν
814 4042 998 4110 αὑτὸν,
1041 4045 1118 4108 ὡς
1166 4045 1367 4099 οἴονταί
1421 4063 1582 4110 τινες.
1645 4047 1708 4101 Εἰ

129 4144 152 4180 ι
189 4126 304 4200 γάρ
339 4129 630 4201 πρόϐλημά
667 4131 744 4204 (9)
795 4135 942 4188 ἐστιν
990 4138 1019 4190 ὁ
1064 4137 1190 4201 Υἱὸς
1225 4137 1319 4192 τοῦ
1361 4137 1573 4210 Πατρὸς
1613 4140 1708 4194 καὶ

204 4311 409 4384 yBjZd.
447 4311 642 4376 Paris.,
667 4328 790 4384 pag.
821 4312 912 4367 29.

1830 1854 2097 1912 Termino:
2125 1853 2368 1923 antiquos
2402 1871 2465 1909 ne
2492 1855 2894 1923 transgreditor,
2927 1869 3056 1922 quos
3103 1852 3282 1906 Patres
3313 1853 3394 1906 tui

1823 1961 2040 2014 posuere
2070 1944 2158 2000 ⁸³⁸.
2180 1944 2382 2000 Audito
2413 1944 2604 2000 deinde
2635 1943 2916 1998 Paulinum
2965 1945 3169 1998 beatum
3209 1943 3392 2014 appel-

1825 2036 1944 2107 lari,
1978 2037 2329 2109 indignatur:
2359 2047 2414 2092 et
2447 2037 2671 2092 Eusebii
2717 2037 2909 2091 iterum
2975 2036 3221 2091 meminit
3265 2051 3388 2090 cum

1823 2131 2148 2186 contumelia
2180 2131 2425 2186 scribens
2449 2129 2540 2202 [R.
2570 2128 2862 2202 LXXVII]:
2894 2147 2913 2180 ‹
2947 2127 3266 2184 Consentire
3294 2141 3390 2180 vo-

1831 2241 1848 2273 ο
1888 2221 2005 2277 lens
2035 2236 2161 2278 cum
2188 2221 2444 2288 Eusebio,
2479 2222 2573 2291 qui
2631 2221 2776 2275 illam
2825 2221 3042 2290 impiam
3089 2218 3390 2288 scripserat

1828 2330 1846 2364 ι
1885 2311 2169 2382 epistolam
2202 2333 2215 2368 :
2249 2311 2501 2382 inprimis
2554 2326 2742 2380 parum
2777 2309 3246 2382 magisterialiter,
3295 2316 3388 2363 aut

1827 2420 1846 2454 ι
1884 2402 1950 2456 ad
1978 2401 2283 2456 docendum
2331 2409 2458 2470 apte
2489 2399 2746 2470 loquitur,
2779 2401 2870 2470 qui
2905 2400 3098 2469 dogma
3133 2412 3238 2452 non
3286 2413 3385 2451 no-

1827 2511 1845 2543 ‹
1882 2492 2052 2546 minat
2081 2491 2234 2560 cujus
2264 2492 2436 2562 gratia
2468 2491 2614 2546 illam
2641 2490 2862 2560 scripsit
2900 2491 3183 2559 epistolam
3213 2506 3229 2544 :
3259 2503 3382 2543 cum

1825 2601 1843 2633 ι
1885 2596 1991 2636 non
2019 2581 2086 2637 ad
2113 2581 2408 2638 Ecclesiam
2443 2582 2577 2637 illud
2605 2581 2864 2652 scriptum
2885 2622 2899 2647 ,
2935 2594 3110 2652 neque
3134 2580 3200 2634 ad
3229 2581 3382 2647 igno-

1825 2691 1842 2722 ι
1881 2680 2066 2729 rantes
2117 2673 2460 2744 dirigeretur.
2517 2672 2612 2728 sed
2665 2673 2734 2726 ad
2789 2672 3007 2726 beatum
3062 2669 3378 2734 Paulinum,

1826 2783 1844 2815 ι
1885 2778 2045 2834 quem
2091 2763 2310 2819 beatum
2370 2765 2572 2820 dixisse
2618 2765 2737 2820 ideo
2764 2773 2930 2834 patet,
2962 2763 3104 2833 quod
3137 2763 3379 2816 eamdem

1825 2873 1844 2908 ι
1885 2869 2006 2911 cum
2037 2854 2253 2912 Asterie
2277 2857 2601 2912 sententiam
2643 2856 2846 2910 foveat.
2908 2854 3199 2923 Postquam
3251 2867 3381 2906 vero

1825 2965 1844 2998 ι
1876 2947 2306 3017 sapientissimos
2347 2947 2546 3003 Asterii
2585 2946 2772 3003 Patres
2796 2946 3163 3010 didicerimus,
3192 2958 3382 2998 conse-

1825 3057 1844 3089 ι
1873 3052 2046 3108 quens
2075 3052 2195 3093 esse
2216 3036 2476 3102 arbitror,
2500 3047 2558 3091 ut
2587 3052 2711 3093 cum
2749 3037 2986 3103 Paulini,
3017 3046 3126 3089 tum
3148 3034 3380 3088 aliorum

1824 3149 1843 3182 ι
1873 3132 2122 3186 doctores
2164 3130 2523 3184 nominemus.
2576 3129 2705 3183 Nam
2733 3144 2831 3200 per
2856 3129 3136 3198 epistolam
3172 3126 3378 3180 Paulini

1822 3242 1840 3274 ι
1875 3222 2046 3288 illam,
2075 3221 2282 3291 patebit
2317 3222 2442 3291 quis
2489 3231 2610 3276 erat
2662 3221 2806 3278 illius
2839 3220 3179 3275 informator.
3220 3239 3238 3270 ι
3276 3219 3376 3275 Ubi
3477 3241 3486 3250 -

1817 3313 2023 3368 interea
2052 3312 2158 3366 alia
2189 3314 2431 3383 quaedam
2456 3327 2577 3366 cum
2614 3312 3038 3376 interseruisset,
3075 3319 3226 3365 taxat
3255 3325 3377 3362 eum

1816 3408 2015 3475 denuo,
2042 3408 2195 3478 quasi
2219 3409 2356 3462 male
2379 3408 2877 3476 cepissetOrigenis
2908 3405 3382 3475 mentem.Loqui-

1815 3507 1906 3555 tur
1941 3509 2121 3555 autem
2151 3501 2228 3556 sic
2259 3501 2348 3574 [Β.
2383 3491 2598 3573 XXXII]
2634 3520 2648 3556 :
2687 3520 2706 3553 ι
2731 3502 2960 3571 Scripsit
2981 3501 3096 3556 haec
3127 3499 3379 3554 Paulinus

1819 3608 1838 3641 ι
1875 3589 2070 3660 injecta
2085 3591 2300 3659 quidem
2321 3591 2656 3661 Evangelicte
2686 3592 2944 3646 doctrinm
2967 3590 3256 3655 mentione,
3281 3589 3376 3643 sed

1817 3699 1836 3731 ι
1872 3681 2068 3735 fatetur
2097 3683 2355 3752 quosdam
2387 3693 2534 3737 motu
2587 3696 2688 3737 suo
2737 3681 2976 3751 proprio,
3017 3679 3276 3750 quosdam
3309 3679 3376 3732 de

1817 3791 1837 3824 ι
1877 3773 2106 3829 lectione
2145 3775 2525 3842 praedictorum
2579 3775 2856 3831 hominum
2881 3775 2946 3827 ad
2972 3775 3114 3828 hanc
3145 3771 3374 3827 formam

1820 3881 1840 3916 ι
1875 3865 2236 3921 descendisse.
2275 3885 2294 3918 ι
2325 3867 2407 3920 Ad
2433 3876 2735 3921 extremum
2759 3865 2904 3920 velut
2933 3865 3024 3935 qui
3059 3863 3371 3919 coronidem

1816 3969 2114 4030 apponeret
2157 3963 2626 4028 demonstrationi,
2682 3963 2747 4017 de
2783 3961 2941 4017 dictis
2986 3960 3326 4030 Origenianis
3355 3998 3370 4022 ,

1813 4050 2058 4119 quasdam
2091 4056 2150 4114 ᾖ
2203 4051 2522 4122 subscripsit
2563 4066 2672 4107 sua}
2721 4052 3000 4122 epistolae:
3052 4051 3204 4120 quasi
3253 4049 3374 4120 plus

1814 4139 1905 4195 illa
1941 4150 2185 4221 possent,
2214 4156 2374 4218 quam
2409 4143 2753 4213 evangelista:
2792 4151 2847 4198 et
2888 4141 3144 4212 apostoli.
3201 4137 3372 4194 Verba

199 4380 249 4416 ⁵³
271 4381 474 4453 pres.
503 4397 565 4448 ll,
597 4380 685 4439 I52
739 4380 977 4440 '“Deut.
999 4399 1171 4451 xxxu,
1191 4383 1244 4438 7.
1311 4383 1378 4417 δι’
1401 4383 1562 4443 Prov.
1596 4401 1736 4453 xm,
1767 4385 1856 4441 28.

197 4563 281 4635 (7)
319 4562 559 4635 Πρῶτον
603 4563 720 4634 μὲν
767 4565 838 4635 οὐ
888 4563 1348 4631 διδασκαλικῶς.
1399 4565 1527 4620 ΙΙωο
1573 4574 1700 4620 sunt

1827 4563 1870 4619 ιι)
1897 4562 2383 4635 οιίοτυηιγιοοιίοιιθ
2406 4570 2644 4635 mutuata
2669 4577 2679 4612 :
2707 4562 2886 4616 statim
2913 4559 3000 4635 ubi
3031 4560 3227 4635 iterum
3249 4563 3368 4635 ονε.

123 4629 397 4696 Marcelli,
431 4634 497 4689 de
525 4629 740 4690 Asteria
778 4634 1204 4689 Eusebianorum
1251 4629 1512 4692 advocato
1546 4635 1697 4689 illum
1800 4633 2188 4704 genisimentio
2205 4642 2258 4704 et
2290 4634 2576 4704 incusatio,
2609 4632 2886 4704 legendum
2927 4630 3000 4704 μὴ
3036 4629 3187 4704 παρὰ
3234 4631 3364 4704 τῶν,

121 4705 458 4770 incusantis,
487 4707 628 4772 quod
666 4705 957 4759 Eusebium
998 4721 1103 4760 non
1151 4707 1416 4760 laxaverit
1453 4708 1518 4762 de
1564 4719 1699 4760 voce

1827 4712 1930 4767 :tc.,
1953 4700 2068 4773 ἀλλ’
2093 4702 2270 4773 ἐαυτῷ
2303 4701 2560 4773 δεδωκὼς
2579 4701 2638 4754 τὸ
2671 4700 2923 4773 πλεῖστον
2931 4700 3366 4773 ρδευτέρανίὺπό-

119 4775 391 4844 dogmatis
429 4770 706 4844 usurpata,
734 4790 894 4844 quam
919 4791 949 4829 a
983 4776 1154 4831 sacris
1182 4774 1269 4829 ille
1299 4773 1529 4844 alienam
1561 4775 1696 4829 ima-

1827 4788 1986 4826 τασιν
2011 4770 2684 4844 διῃτήσασθαιλτοῦίΛόγου,
2719 4771 2792 4842 μὴ
2824 4770 3031 4841 μαθὼν,
3058 4770 3264 4841 τολμᾷ;
3293 4772 3363 4825 ita

119 4841 441 4913 ginabatur.
475 4841 804 4916 Legendum,
841 4843 946 4916 ἐφη
981 4845 1270 4916 sesama.
1298 4843 1390 4916 Illa
1417 4859 1699 4916 veroque
1795 4844 1940 4916 enim
1967 4841 2310 4916 scribendum
2350 4841 2435 4895 illa
2473 4841 2918 4916 insinuant,qua:
2947 4851 3362 4916 praecesserunt,

118 4910 462 4982 sequuntur,
509 4910 614 4968 non
663 4910 967 4997 .cobaare'i‘tt',
1009 4910 1222 4997 videtur
1265 4915 1465 4997 aliquis
1521 4910 1700 4997 hiatus
1798 4913 1864 4968 de
1887 4912 2138 4997 Origene,
2173 4928 2205 4967 e
2251 4927 2350 4966 suo
2377 4912 2623 4997 .ce'rebro
2661 4911 2990 4997 scripsisse”:
3023 4910 3193 4997 etlvix
3237 4911 3365 4964 edo-

119 4979 248 5039 esse
280 4999 294 5036 :
332 4997 455 5036 nam
501 4992 630 5038 sunt
663 4983 830 5050 ipsius
875 4985 1086 5038 Eusebii
1139 4985 1228 5040 illa
1274 4987 1342 5038 ad
1362 4979 1690 5039 Marcellum
1798 4991 1948 5052 ctum
1973 4979 2282 5052 Scripturas
2322 5002 2334 5035 :
2368 4982 2661 5034 ὑπόστασιν
2693 4979 2823 5033 vero
2856 4979 3360 5052 scribendunt,_non

121 5054 506 5122 respondentis
543 5053 645 5122 hoc
675 5048 790 5108 fere
821 5069 1016 5108 sensu:
1044 5053 1290 5115 Frustra,
1315 5055 1382 5109 de
1419 5069 1553 5108 voce
1590 5055 1688 5106 do-
1796 5050 2049 5122 ὑπόθεσιν
2097 5048 2292 5122 docent
2344 5052 2431 5105 illa
2467 5066 2585 5122 quae
2614 5065 2736 5104 mox
2783 5061 3112 5122 sequuntur,
3144 5048 3361 5122 μάλισθ“

156 5119 566 5195 matecavillari
598 5121 935 5195 Marcellum,
973 5139 1100 5195 cum
1145 5133 1377 5195 constet.
1415 5123 1561 5178 illum
1596 5123 1688 5195 qui

1827 5139 1874 5195 τι
1917 5121 2136 5195 τῷρϊὶᾠ
2176 5121 2406 5195 δέδωκεν
2456 5121 2770 5195 ι’)πόστασιν.
2805 5119 2927 5195 Ilazc
2968 5119 3362 5195 enim_'dicitur

149 5191 414 5265 πιστολὴν
433 5192 739 5265 συνέταξεν,
755 5194 816 5248 οὐ
835 5194 970 5265 πρὸς
979 5187 1078 5265 τὴν
1093 5194 1543 5265 Ἐκκλησίανριο.
1564 5187 1693 5265 scri-

1827 5187 2240 5265 uisse'_M:_u'jceIli
2269 5190 2762 5265 _|_ta:resis,_Fil_i_utn
2789 5190 2862 5265 μὴ
2897 5192 2962 5265 ἐν.
2992 5189 3096 5265 ἰδία
3121 5187 3354 5265 oriona-

116 5257 432 5331 pSisse,sed
463 5265 527 5316 ad
560 5257 1076 5326 Paulinumfvirufn
1109 5257 1398 5318 eruditum.
1420 5262 1690 5319 M.-—-Mox
1797 5278 1880 5314 σει
1915 5259 2422 5331 ευϋειὶιίεθοκυηᾱο
2453 5260 2510 5314 8.
2541 5259 2772 5331 Basilius
2793 5257 3104 5331 ’iu'_epi‘stol'a
3138 5257 3357 5331 52,_ait,

117 5327 286 5402 vulgo
303 5331 383 5402 τῷ
423 5334 733 5402 οιιιθξἈστ.
776 5334 899 5389 add.
941 5333 1085 5388 Loco
1129 5333 1286 5398 δόξαν
1321 5333 1425 5402 Μρ.
1465 5335 1526 5387 τὸ
1562 5334 1694 5386 αὐτὸ

1827 5331 1942 5384 ‘Ium
1973 5332 2053 5393 είς
2087 5329 2318 5400 ὓπαρξιν
2339 5330 2451 5402 τῆς
2475 5328 2566 5402 τοῦ
2590 5327 2941 5402 Μονογενοῦς-
2959 5327 3211 5402 Θεότητος
3233 5328 3359 5402 ἀσε-

113 5396 324 5474 δόγῖια.
351 5396 517 5458 Porro
543 5399 680 5458 εἶναι
711 5415 835 5457 ante
863 5403 1101 5474 ἡγοῦμαι
1132 5396 1302 5460 deIevi
1335 5422 1349 5464 ;
1375 5396 1508 5459 'deiu
1538 5404 1695 5474 vulgo

1831 5403 1938 5474 εῖνς
1964 5415 2134 5474 quam
2166 5396 2417 5474 ἣξει-θείης
2438 5401 2634 5474 ubique
2673 5396 2972 5474 ﬂli'objecit
2994 5396 3353 5452 Eusebiusm.

112 5466 432 5542 γενομένων
456 5483 510 5528 et
537 5474 630 5526 τοῦ
653 5483 780 5528 ante
809 5466 1094 5528 Παυλίνου.
1628 5466 1655 5474 ”

1827 5499 1864 5507 -
1887 5466 2013 5525 Dein
2033 5471 2099 5540 τῇ
2120 5499 2188 5510 ——-
2209 5468 2464 5540 ἐπιστολῇ
2492 5466 2635 5524 coni.
2673 5466 2720 5521 Β

190 5561 275 5636 (8)
318 5553 896 5636 Ὠριγένουςλρητῶν.
946 5563 1112 5636 Forte
1149 5564 1228 5620 sic
1269 5564 1523 5636 restitues
1571 5565 1692 5620 τινὰ

1865 5565 1942 5635 (9)
1987 5563 2154 5636 vulgo
2177 5563 2490 5636 προβολήοει
2517 5563 2640 5636 dein
2677 5561 3046 5636 προϐάλλοντα
3069 5569 3124 5615 et
3156 5560 3354 5636 γέγρα-

114 5634 184 5702 τῇ
205 5629 420 5706 ’ἐαυτοῦ
442 5629 750 5706 ἐπέγραψεν
769 5633 1048 5705 ἐπιστολῇ.
1077 5635 1142 5688 Ει
1159 5635 1316 5703 paulo
1337 5637 1483 5703 prius
1509 5653 1522 5690 :
1551 5635 1688 5698 ἔνια,

1827 5653 1882 5698 με,
1915 5629 2234 5706 παράξυὺῖ
2264 5635 2367 5706 Mp.
2401 5629 2518 5705 γρ.,
2548 5635 2620 5704 μή
2645 5629 2779 5698 πως,
2825 5641 2879 5706 et
2905 5629 3176 5706 δέδωκας.
3213 5629 3354 5688 Infra

116 5701 222 5772 pro
250 5701 431 5770 ἐνίοις,
450 5715 504 5760 et
519 5701 632 5759 ἔνια
657 5701 733 5758 δέ.
767 5701 1023 5772 Quaedam
1051 5701 1169 5761 asc
1186 5701 1688 5776 inventa,quacdum

1827 5709 1860 5762 ὶ.
1889 5701 2079 5794 μαθεῖν
2104 5705 2230 5774 del.,
2261 5701 2380 5761 dein
2417 5701 2571 5775 Vulgo
2609 5701 2758 5773 ὲπιφ.
2791 5702 2869 5775 τῷ
2903 5703 3170 5775 Ὠριγένη.
