3836 6216
420 277 526 333 759

1065 274 1334 331 EUSEBII
1376 274 1858 333 CIESARIENSIS
1894 275 2048 335 OPP.
2090 276 2271 333 PARS
2309 278 2394 335 IV.
2438 310 2507 320 --
2546 279 2961 336 DOGMATICA.

3566 278 3674 335 ’ἴαν

421 402 603 450 autem
628 409 687 449 se
712 399 790 451 ita
818 394 1052 449 habent:
1087 414 1105 446 ι
1135 393 1373 465 Tempus
1406 406 1583 451 autem
1617 406 1725 461 est,
1751 404 1809 451 ut
1826 411 1993 467 pauca

2108 416 2118 447 ι
2161 400 2324 469 γεννᾷ
2353 399 2451 469 μὲν
2472 398 2531 466 ἐξ
2551 398 2716 452 αὐτοῦ
2742 401 2900 453 ὁποῖα
2917 398 2986 452 τὰ
3015 415 3125 452 των
3156 397 3311 463 ζώων
3332 397 3677 467 γεννήματα,

428 507 446 538 ι
484 486 553 543 de
580 486 961 556 praetermissis
990 495 1320 551 attexamus,
1354 502 1474 556 qua:
1524 488 1591 540 ad
1624 486 1839 542 Patrem
1873 502 1993 554 spe-

427 602 447 629 ο
481 587 647 642 ctant,
663 587 719 632 et
735 577 950 641 Filium,
968 586 1023 632 et
1038 578 1295 646 Spiritum
1309 588 1578 633 sanctum.
1595 579 1669 634 De
1687 580 1841 633 Patre
1858 580 1991 644 haec,

429 691 447 718 ι
485 670 630 739 quod
682 670 1029 725 indivisibilis
1059 686 1180 724 cum
1212 672 1445 726 exsistat
1477 685 1578 726 nec
1633 671 1953 727 dividendus
1976 715 1993 739 ,

427 783 447 810 ι
490 761 621 817 Filii
672 771 850 817 tamen
886 762 1047 818 Pater
1104 763 1207 827 sit;
1263 778 1367 817 non
1415 765 1670 819 emittens
1727 764 1897 825 illum.
1936 774 1995 817 ut

426 875 445 904 ι
490 872 595 909 non
643 870 801 910 nemo
852 855 1041 910 voluit.
1095 855 1228 910 Nam
1266 857 1311 912 si
1358 855 1530 912 Filius
1561 855 1741 911 Patris
1793 856 1876 911 sui
1924 858 1996 911 sit

427 966 443 997 ι
482 948 725 1014 emissio,
757 958 810 1002 et
834 947 879 1003 si
912 947 1061 1003 illum
1097 951 1163 1003 de
1196 950 1373 1018 seipso
1405 948 1613 1017 genuit,
1637 948 1703 1002 ad
1729 964 1853 1003 eum
1880 963 1997 1003 mo-

427 1060 449 1091 ι
488 1042 613 1094 ilum
649 1054 756 1109 quo
810 1041 876 1095 de
909 1054 968 1095 se
1022 1041 1277 1095 animalia
1335 1042 1591 1111 gignunt,
1644 1055 1869 1096 necesse
1914 1051 1999 1096 est

427 1151 445 1181 ι
482 1141 540 1184 ιιι
596 1145 792 1201 corpus
849 1132 939 1187 ille
1005 1132 1076 1187 sit
1134 1133 1228 1201 qui
1280 1133 1500 1198 emittit,
1552 1142 1665 1187 tum
1726 1132 1893 1187 etiam
1940 1143 1997 1188 et

429 1246 447 1275 ι
488 1224 579 1279 ille
632 1226 723 1295 qui
780 1226 1064 1281 emittitur.
1122 1245 1142 1278 ι
1206 1224 1340 1279 Tum
1382 1235 1674 1295 postquam
1737 1226 1805 1280 de
1862 1224 1991 1282 Ori-

423 1316 667 1382 genianis
721 1318 823 1372 ista
895 1318 1137 1389 quaedam
1189 1317 1578 1374 interseruerat
1614 1359 1632 1385 ,
1694 1316 1860 1373 infert
1929 1318 1997 1372 ad

425 1410 570 1465 hunc
612 1410 829 1465 modum
879 1430 894 1465 :
946 1430 964 1463 ι
1008 1408 1239 1480 Scripsit
1276 1410 1541 1483 Origenes
1584 1428 1689 1468 non
1730 1428 1761 1469 a
1797 1414 1998 1468 sanctis

427 1521 448 1553 ι
493 1502 771 1572 prophetis
801 1513 854 1557 et
889 1503 1169 1573 apostolis,
1211 1505 1278 1561 de
1324 1504 1629 1561 aeternitate
1684 1503 1846 1561 Verbi
1897 1521 1997 1561 cu-

428 1610 453 1644 ι
481 1593 635 1661 piens
680 1592 931 1659 edoceri;
974 1594 1069 1649 sed
1112 1610 1234 1649 cum
1278 1595 1382 1650 sibi
1430 1596 1531 1665 ipsi
1564 1596 1683 1666 plus
1719 1596 1887 1653 nimio
1917 1596 1999 1651 in-

430 1703 453 1734 ι
484 1683 750 1754 dulgeret,
780 1699 948 1741 ausus
974 1694 1059 1741 est
1085 1687 1377 1741 secundam
1420 1688 1709 1757 quamdam
1744 1688 1999 1758 byposta-

430 1794 453 1827 ι
488 1776 574 1831 sin
603 1775 768 1833 Verbi
808 1780 1163 1837 constituere.
1191 1800 1211 1833 ι
1240 1781 1317 1836 Ita
1340 1780 1515 1837 illisce
1544 1794 1664 1850 quae
1694 1778 1998 1835 rectissime

427 1868 495 1922 ab
517 1865 751 1939 Origene
774 1870 919 1926 dicta
940 1882 1089 1939 sunt,
1108 1887 1216 1928 non
1246 1872 1415 1928 licere
1429 1871 1637 1928 scilicet
1658 1870 1995 1943 corporalem

425 1962 716 2029 quamdam
733 1970 791 2018 et
816 1963 1089 2032 passivam
1115 1966 1525 2034 generationem
1548 1963 1848 2019 divinitatis
1874 1961 1997 2017 Filii

426 2050 519 2107 Dei
548 2053 911 2121 comminisci,
960 2069 1058 2124 per
1104 2055 1209 2111 ista
1240 2054 1602 2121 contradicit,
1648 2066 1704 2109 et
1746 2055 1998 2122 inprimis

422 2145 567 2215 quod
608 2145 924 2218 hypostasin
949 2148 1281 2204 concesserit
1322 2148 1485 2203 Filio.
1514 2148 1680 2203 Addit
1708 2146 1995 2219 Origeuem

426 2235 728 2292 maledictis
758 2238 1043 2307 impetens,
1072 2250 1127 2293 et
1155 2249 1302 2295 recte
1327 2238 1397 2294 ab
1426 2239 1521 2295 illo
1550 2241 1743 2311 positis
1775 2249 1997 2293 contra-

424 2328 654 2385 dicens:
693 2348 712 2381 ι
747 2330 1031 2401 Origenes,
1062 2332 1258 2402 inquit,
1298 2333 1426 2388 dum
1462 2334 1578 2388 hare
1621 2331 1840 2401 scriptis
1883 2331 1997 2385 suis

430 2436 453 2470 ς
486 2421 729 2489 mandat,
755 2422 990 2492 prapriis
1016 2424 1131 2478 suis
1169 2424 1339 2478 utitur
1372 2423 1771 2479 assertionibus
1799 2440 1812 2475 :
1847 2423 1898 2476 id
1932 2420 1998 2476 li-

429 2529 448 2560 ι
488 2520 616 2579 quet
671 2522 879 2579 autem,
916 2518 1061 2583 quod
1096 2530 1202 2569 non
1256 2531 1359 2570 una
1406 2524 1615 2569 tantum
1671 2515 1829 2577 vice,
1867 2529 1997 2569 suas

427 2620 448 2655 ι
484 2604 653 2673 ipsius
669 2605 934 2663 subvertit
959 2611 1328 2674 assertiones;
1350 2620 1688 2678 consequens
1704 2617 1884 2662 autem
1912 2615 1999 2661 est

427 2718 446 2749 ι
484 2698 575 2752 illa
625 2698 715 2754 hic
765 2700 887 2756 ideo
944 2715 1397 2769 commemorare,
1440 2716 1561 2770 quas
1615 2701 1745 2756 alibi
1777 2701 1844 2756 de
1886 2701 1998 2757 Deo

427 2808 448 2841 ι
475 2791 626 2847 dicit.
658 2810 681 2845 ι
719 2792 799 2847 Ad
835 2793 950 2851 hac
979 2795 1147 2848 verba
1174 2804 1357 2848 autem
1386 2793 1618 2850 scribit:
1649 2812 1670 2845 ι
1704 2791 1821 2849 Non
1852 2794 1995 2849 enim

426 2902 452 2933 ι
483 2884 844 2955 incmpitesse
870 2885 1032 2943 Pater
1058 2886 1219 2953 Deus,
1237 2901 1302 2941 eo
1327 2886 1493 2956 quod,
1515 2896 1574 2941 ut
1593 2889 1735 2942 inter
1748 2887 1998 2943 homines

2103 509 2121 541 ι
2161 491 2372 562 ἀνάγκη
2404 491 2565 563 σῶμα
2606 488 2747 545 εἶναι
2783 492 2873 545 τὸν
2902 490 3244 563 προϐαλόντα
3276 490 3370 543 καὶ
3404 490 3498 543 τὸν
3543 505 3682 558 προ·

2102 604 2119 635 ι
2161 583 2511 655 ϐεϐλημένον.
2547 603 2566 636 ι
2598 580 2709 638 Εἶθ’
2737 585 2864 655 ἑξῆς
2893 584 3031 657 μετὰ
3048 584 3148 655 τὴν
3176 583 3288 637 τῶν
3332 581 3682 653 Ὢριγενειῶν

2098 676 2289 746 φωνῶν
2337 676 2654 749 παράθεσιν,
2694 679 2945 749 ἐπιφέρει
2986 676 3181 746 λέγων’
3240 694 3258 727 ι
3294 674 3480 728 Ταῦτα
3529 674 3680 743 Ὠρι-

2103 788 2121 821 ι
2156 770 2321 841 γένης
2350 770 2615 842 γέγραφε,
2649 770 2724 841 μὴ
2754 771 2904 843 παρὰ
2936 770 3043 824 τῶν
3082 768 3242 840 ἱερῶν
3279 768 3579 839 προφητῶν
3622 782 3683 819 τε

2104 880 2122 913 ι
2158 863 2253 915 καὶ
2285 862 2597 916 ἀποστόλων
2626 863 2756 934 περὶ
2780 864 2877 933 τῆς
2899 863 3201 934 άῖδιότητος
3225 861 3321 915 τοῦ
3359 862 3536 929 Λόγου
3577 876 3687 930 μα-

2104 974 2123 1005 ι
2164 954 2276 1009 θεῖν
2321 954 2635 1026 βουληθείς·
2664 955 2780 1009 ἀλλ’
2813 955 2991 1027 ἐαυτῷ
3026 953 3273 1019 δεδωκὼς
3312 953 3519 1016 πλεῖον,
3558 952 3687 1004 δευ-

2106 1063 2124 1095 ι
2161 1046 2325 1114 τέραν
2385 1046 2640 1100 ὑπόθεσιν
2709 1046 3075 1118 διηγήσασθαι
3103 1046 3202 1099 τοῦ
3253 1046 3429 1114 Λόγου
3483 1044 3689 1116 μαθεῖν

2104 1156 2123 1188 ι
2165 1139 2356 1209 τολμᾷ.
2391 1157 2411 1190 ι
2442 1139 2555 1192 Καὶ
2577 1139 2787 1203 τούτοις
2808 1139 2865 1192 δὲ
2890 1141 3004 1203 τοῖς
3028 1138 3134 1191 ὑπὸ
3172 1137 3482 1209 Ὤριγένους
3504 1135 3688 1209 ὀρθῶς

2098 1228 2430 1300 εἰρημένοις,
2480 1230 2612 1300 περὶ
2647 1227 2743 1283 τοῦ
2791 1229 2865 1300 μὴ
2894 1229 3007 1282 δεῖν
3051 1230 3372 1300 σωματικήν
3414 1244 3540 1280 τινα
3588 1228 3693 1280 καὶ

2099 1320 2408 1392 παθητικὴν
2438 1320 2843 1392 ὑπολαμϐάνειν
2874 1321 2975 1391 τῆς
3001 1312 3255 1392 θεότητος
3276 1321 3370 1374 τοῦ
3396 1320 3530 1373 Υἱοῦ
3557 1320 3690 1387 γέν-

2099 1430 2255 1482 νησιν
2319 1412 2624 1480 ἀντιλέγει,
2707 1411 2922 1482 μάλισθ’
2982 1412 3067 1467 δτι
3123 1412 3205 1483 τῷ
3280 1412 3397 1482 Υἱῷ
3446 1412 3693 1465 δέδωκεν

2098 1505 2416 1569 ὑπόστασιν,
2445 1505 2539 1558 καὶ
2564 1504 2837 1577 ἐπιφέρει,
2880 1505 2975 1558 τὸν
3024 1505 3277 1576 Ὦριγένη
3306 1504 3468 1557 πάλιν
3498 1503 3694 1565 κακῶς

2098 1596 2292 1666 λέγων,
2317 1597 2431 1661 τοῖς
2456 1614 2517 1650 τε
2543 1598 2635 1651 ὑπ’
2663 1595 2827 1650 αὐτοῦ
2850 1595 3027 1667 ὀρθῶς
3045 1600 3338 1669 γραφεῖσιν
3362 1596 3691 1664 ἀντιλέγων,

2101 1689 2160 1740 ἐν
2208 1687 2440 1753 τούτοιςο
2499 1705 2518 1739 ι
2561 1688 2684 1741 Ὀτι
2728 1688 2798 1742 τὰ
2846 1687 3071 1742 τοιαῦτα
3106 1690 3338 1759 γράφων
3401 1687 3695 1760 Ὠριγένης

2111 1798 2129 1830 ι
2171 1779 2323 1843 ίδίοις
2349 1780 2550 1851 ἐχρῆτο
2585 1778 2838 1850 δόγμασι,
2861 1778 3023 1850 δῆλον
3050 1780 3144 1848 ἀφ’
3171 1772 3247 1834 ὧν
3276 1781 3371 1834 καὶ
3392 1778 3461 1832 τὰ
3488 1778 3697 1833 ἑαυτοῦ

2110 1892 2128 1925 ι
2162 1873 2460 1945 ἀνατρέπει
2494 1872 2773 1936 πολλάκις
2808 1873 2868 1925 ἐν
2909 1872 3040 1941 γοῦν
3072 1872 3244 1945 ἑτέρῳ
3292 1872 3478 1944 χωρίῳ
3524 1872 3695 1925 ἅτινα

2110 1988 2129 2019 ι
2167 1969 2298 2038 περὶ
2338 1966 2474 2020 Θεοῦ
2518 1966 2685 2036 λέγει,
2738 1966 3030 2021 ἀκόλουθόν
3066 1967 3215 2019 ἐστιν
3263 1965 3601 2035 ὑπομνῆσαι.
3667 1983 3687 2013 ι

2104 2060 2310 2131 Γράφει
2338 2058 2395 2113 δέ
2426 2057 2619 2123 οὕτως·
2665 2076 2686 2110 ι
2721 2059 2797 2112 Οὐ
2830 2057 2939 2130 γὰρ
2962 2060 2992 2112 6
3032 2056 3169 2121 Θεὸς
3194 2054 3386 2127 Πατὴρ
3415 2050 3554 2107 εἶναι
3583 2056 3695 2125 ἠρ-

2110 2171 2128 2202 ι
2164 2151 2315 2218 ξατο,
2343 2151 2707 2222 κωλυόμενος,
2735 2150 2811 2214 ὡς
2838 2152 2888 2204 ol
2910 2134 3187 2222 γινόμενοι
3214 2148 3445 2218 πατέρες
3470 2146 3695 2218 ἀνθρωο

2109 2262 2127 2294 ι
2164 2260 2277 2309 ποι,
2296 2242 2403 2296 ὑπὸ
2423 2242 2518 2297 τοῦ
2552 2243 2626 2315 μὴ
2647 2242 2907 2298 δύνασθαί
2931 2260 3018 2296 πω
3041 2242 3151 2313 (10)
3177 2240 3415 2311 πατέρες
3432 2235 3595 2293 εἶναι.
3627 2240 3695 2292 EE

2110 2355 2128 2387 ι
2164 2335 2273 2408 γάρ
2294 2335 2383 2390 ἀεὶ
2408 2334 2614 2399 τέλειος
2634 2339 2664 2391 6
2690 2335 2843 2399 Θεδς,
2874 2335 2969 2389 καὶ
2996 2334 3258 2406 πάρεστιν
3284 2332 3432 2403 αὐτῷ
3454 2332 3698 2403 δύναμις

2109 2451 2127 2482 ι
2164 2430 2259 2484 τοῦ
2298 2429 2520 2501 Πατέρα
2552 2430 2717 2485 αὐτὸν
2764 2426 2926 2496 εἶναι,
2970 2431 3065 2485 καὶ
3110 2428 3275 2483 καλὸν
3327 2427 3492 2480 αὐτὸν
3546 2420 3697 2478 εἶναι

2109 2542 2128 2572 ι
2166 2522 2387 2592 Πατέρα
2411 2521 2653 2575 τοιούτου
2673 2520 2831 2584 Υίοῦ,
2852 2521 3234 2586 ἀναϐάλλεται,
3270 2520 3365 2574 καὶ
3394 2517 3491 2571 τοῦ
3518 2516 3704 2570 καλοῦ

2109 2634 2129 2665 ι
2166 2614 2357 2668 ἐαυτὸν
2390 2614 2695 2684 στηρίσκει,
2746 2615 2841 2668 καὶ
2867 2614 2944 2679 ὡς
2970 2613 3116 2667 ἐστιν
3158 2613 3354 2675 εἰπεῖν,
3401 2611 3461 2675 ἐξ
3493 2607 3554 2664 οὗ
3602 2609 3697 2664 δύ-

2109 2722 2129 2755 ι
2168 2720 2326 2759 ναται
2369 2702 2561 2775 Πατὴρ
2600 2700 2738 2758 εἶναι
2783 2701 2934 2759 Υίοῦ.
2998 2702 3074 2757 Τὸ
3114 2701 3249 2755 αὐτὸ
3294 2701 3545 2773 μέντοιγε
3594 2700 3699 2753 καὶ⁵

2108 2814 2127 2847 ι
2168 2796 2298 2869 περὶ
2344 2795 2440 2850 τοῦ
2472 2796 2631 2866 ἀγίθυ
2672 2794 2991 2867 Πνεύματος
3037 2792 3279 2848 λεκτέον.
3321 2811 3341 2845 ι
3393 2792 3521 2856 Πῶς
3569 2787 3695 2852 οὖν.

2116 2887 2424 2959 Ὠριγένους
2466 2889 2560 2942 καὶ
2600 2886 2759 2941 τοῦτο
2804 2886 3136 2959 γράψαντος,
3167 2889 3197 2941 6
3236 2886 3526 2958 μακάριος,
3563 2885 3695 2938 κατ’

427 2992 447 3024 ι
493 2974 611 3030 ﬁeri
645 2975 807 3039 solet,
848 2976 1009 3033 Pater
1047 2992 1169 3033 esse
1208 2978 1551 3048 nequiverat.
1598 2977 1735 3034 Nam
1781 2979 1825 3034 si
1858 2992 1994 3034 sem-

2108 2980 2286 3046 αὐτὸν,
2315 2978 2580 3044 Παυλῖνος
2606 2978 2766 3033 τοῦτο
2800 2978 2899 3050 μὲν
2939 2978 3360 3050 ἀποκρύψασθαι
3395 2979 3497 3032 οὐκ
3533 2978 3696 3031 ἀκίν-

427 3085 447 3119 ι
481 3083 576 3135 per
611 3068 895 3139 perfectus
940 3069 1216 3126 exstiterit
1266 3069 1430 3137 Deus,
1470 3080 1529 3126 et
1563 3081 1831 3142 potestate
1867 3087 1994 3141 prte-

2108 3069 2257 3124 δυνον
2285 3069 2527 3141 ἐνόμισε,
2580 3068 2888 3142 χρήσασθαι
2934 3069 2992 3123 δὲ
3039 3071 3121 3134 εἰς
3170 3068 3517 3140 κατασκευὴν
3578 3070 3699 3123 τῶν

427 3177 447 3209 ι
487 3160 655 3224 ditus,
692 3168 752 3215 ut
791 3160 1093 3226 ﬂatPater,
1132 3162 1267 3217 etsi
1323 3170 1546 3231 praestet
1599 3172 1657 3217 ut
1714 3165 1787 3219 sit
1835 3163 1994 3219 Pater

2108 3162 2281 3234 ἐαυτῷ
2312 3162 2614 3217 δοκούντων
2662 3164 2776 3227 τοῖς
2811 3162 3075 3226 ἐναντίοις
3110 3161 3243 3233 (ll),
3274 3162 3351 3225 ὼς
3379 3162 3502 3215 οὐδὲ
3522 3162 3697 3215 αὐτὸν

430 3269 450 3301 ι
479 3250 849 3317 hujuscemodi
878 3249 1022 3317 Filii,
1050 3255 1180 3306 dum
1214 3267 1330 3306 rem
1353 3250 1554 3318 dill‘ert,
1580 3267 1639 3308 se
1666 3262 1816 3309 tanto
1857 3255 1995 3310 bono

430 3360 450 3392 ι
486 3344 687 3410 privat,
712 3350 778 3396 ut
803 3355 908 3396 non
936 3342 1009 3397 sit
1046 3340 1172 3396 Filii
1220 3340 1401 3398 Pater.
1435 3344 1588 3410 Quod
1638 3344 1777 3399 idem
1829 3354 1886 3400 et
1929 3344 1997 3400 de

428 3452 449 3485 ι
491 3433 695 3503 Spiritu
721 3444 913 3490 sancto
940 3432 1434 3504 poteritaﬂirmari.
1462 3454 1481 3487 ›
1504 3433 1604 3502 Qui
1639 3434 1836 3490 factum
1856 3436 1994 3503 ideo,

424 3539 485 3583 ιιι
516 3543 639 3584 cum
664 3528 930 3599 Origenes
963 3529 1036 3582 ita
1068 3528 1377 3597 scripserit,
1402 3527 1615 3592 beatus,
1654 3528 1728 3582 illi
1752 3538 1812 3583 ut
1844 3529 1997 3584 vide-

426 3634 533 3686 tur,
560 3622 818 3678 Paulinus
848 3621 1246 3678 existimaverit
1273 3636 1381 3676 non
1405 3635 1528 3676 esse
1569 3621 1785 3691 quidem
1821 3622 1873 3675 in
1909 3631 1995 3677 tu—

424 3725 536 3769 tum
579 3714 684 3769 hoc
703 3714 978 3770 occultare
1009 3728 1024 3767 :
1054 3716 1122 3769 ad
1174 3729 1301 3770 suas
1331 3722 1511 3768 tamen
1550 3712 1834 3781 opiniones
1865 3728 1998 3769 con-

424 3808 721 3862 ﬁrmandas
756 3822 886 3862 usus
920 3806 1085 3862 fuerit
1114 3805 1439 3871 contrariis;
1460 3805 1526 3860 de
1556 3804 1754 3874 quibus
1787 3820 1854 3861 ne
1875 3803 1999 3860 Ori-

423 3913 587 3969 genes
615 3907 766 3954 certe
795 3898 915 3967 ipse
942 3898 1242 3953 reddiderit
1272 3897 1538 3953 rationem
1563 3896 1587 3950 τ
1619 3896 1878 3951 Mentitus
1912 3907 1998 3952 est

423 3996 604 4042 autem
631 3987 686 4043 in
726 3987 849 4044 istis
868 3986 1176 4055 Marcellus,
1204 3986 1516 4058 Origenem,
1536 3987 1696 4056 quasi
1728 3988 1831 4042 sibi
1867 4003 1998 4042 cou-

424 4079 590 4133 traria
621 4089 885 4145 tueretur,
912 4096 1036 4137 cum
1079 4096 1187 4136 non
1227 4079 1494 4149 intelligat
1548 4079 1698 4134 illum
1729 4080 1997 4150 per'prio-

424 4186 538 4225 rem
575 4186 728 4227 suam
778 4172 1207 4243 propositionem
1261 4173 1555 4238 docuisse,
1615 4171 1834 4228 Patrem
1877 4174 1997 4229 sine

421 4277 650 4334 corpore
676 4274 732 4319 et
754 4268 899 4319 omni
928 4266 1181 4335 passione
1207 4274 1461 4329 exstare;
1493 4280 1591 4335 per
1615 4268 1854 4321 secundo
1872 4266 1996 4323 loco

423 4358 675 4425 positam,
716 4357 912 4414 Filium
941 4375 1122 4425 suum,
1153 4374 1260 4415 non
1295 4360 1349 4415 in
1375 4369 1617 4430 tempore
1633 4360 1875 4430 quidem,
1900 4361 1994 4417 sed

2101 3256 2167 3310 ἂν
2204 3257 2476 3329 Ὠριγένη,
2505 3255 2560 3310 εῐ
2590 3273 2644 3310 τι
2679 3255 2772 3309 τὸν
2797 3255 2957 3326 λόγον
2984 3254 3278 3311 ἀποδοῦναι
3310 3255 3538 3309 δυνατὸν
3585 3252 3693 3327 iv;

2116 3350 2203 3402 ’Ev
2242 3348 2451 3413 τούτοις
2485 3350 2514 3401 6
2544 3346 2884 3419 Μάρκελλος,
2927 3345 3145 3400 ἐναντία
3193 3346 3358 3416 φάναι
3404 3346 3554 3416 αὐτῷ
3598 3345 3697 3398 τὸν

2115 3440 2364 3511 Ὠριγένη
2394 3438 2583 3503 εἰπὼν,
2615 3438 3005 3509 κατεψεύσατο,
3039 3437 3114 3511 μὴ
3140 3437 3389 3509 δυνηθεὶς
3425 3439 3691 3501 συνιέναι,

2101 3532 2177 3595 ὡς
2207 3532 2295 3587 διὰ
2330 3534 2429 3603 μὲν
2456 3536 2555 3603 τῆς
2586 3533 2858 3604 προτέρας
2907 3531 3265 3605 παραθέσεως
3297 3531 3361 3584 τὸ
3392 3530 3697 3601 ἀσώματον

2102 3625 2198 3679 καὶ
2225 3624 2433 3689 ἀπαθὲς
2464 3625 2558 3679 τοῦ
2588 3625 2802 3699 Πατρὺς
2841 3624 3054 3697 ἐδήλου,
3083 3623 3173 3678 διά
3203 3624 3261 3677 δέ
3291 3623 3394 3693 τῆς
3425 3624 3698 3696 δευτέρας

2102 3716 2163 3769 τὸ
2197 3718 2270 3789 μὴ
2322 3717 2518 3788 χρόνῳ,
2550 3717 2657 3790 πρὸ
2696 3717 2914 3771 πάντων
2956 3716 3016 3770 δὲ
3052 3715 3263 3770 αἰώνων
3292 3715 3382 3769 τὸν
3430 3716 3558 3768 Υἱδν
3592 3731 3695 3782 γε-

2102 3808 2443 3879 γεννηκέναι.
2471 3803 2637 3873 Αὖθις
2665 3807 2722 3862 δὲ
2753 3807 2872 3880 μεθ’
2901 3808 3063 3881 ἕτερα
3087 3808 3217 3879 περὶ
3245 3807 3339 3861 τοῦ
3378 3808 3699 3878 Ὦριγένους

2102 3904 2130 3955 6
2159 3900 2322 3964 αὐτὸς
2349 3899 2525 3954 ταῦτα
2549 3901 2753 3971 γράφει
2779 3919 2791 3931 ο
2823 3919 2840 3951 ι
2874 3899 3089 3963 Καίτοι,
3116 3902 3165 3953 εί
3189 3899 3271 3952 δεῖ
3292 3898 3525 3970 τάληθὲς
3558 3899 3697 3970 περὶ

2108 4012 2127 4044 ι
2175 3991 2481 4064 Ὠριγένους
2506 3992 2702 4057 εἰπεῖν,
2737 3991 2895 4044 τοῦτο
2928 3992 3194 4063 προσήκει
3221 3990 3429 4059 λέγειν,
3452 3991 3535 4044 ὃτι
3559 3991 3695 4063 ἄρτι

2108 4102 2127 4135 ι
2164 4084 2273 4137 τῶν
2302 4082 2443 4137 κατά
2471 4083 2790 4153 φιλοσοφίαν
2812 4083 3053 4146 ἀποστὰς
3085 4083 3443 4153 μαθημάτων,
3466 4082 3699 4146 καὶτοῖς

2108 4197 2126 4229 ι
2158 4176 2322 4241 θείοις
2333 4177 2592 4248 ὁμιλῆσαι
2603 4175 2961 4248 προελόμενος
2974 4175 3176 4243 λόγοις,
3194 4174 3300 4245 πρὸ
3312 4173 3412 4243 τῆς
3426 4174 3698 4246 ἀκριϐοῦς

2108 4290 2126 4321 ι
2166 4268 2273 4324 τῶν
2297 4268 2529 4341 Γραφῶν
2550 4268 2926 4340 καταλήψεως,
2950 4267 3037 4321 διὰ
3053 4268 3115 4321 τὸ
3137 4266 3270 4320 πολὺ
3292 4268 3389 4321 καὶ
3405 4267 3700 4336 φιλότιμον

2109 4382 2127 4413 ι
2166 4362 2265 4433 τῆς
2291 4360 2487 4427 ἔξωθεν
2510 4360 2868 4423 παιδεύσεως,
2883 4358 3077 4412 θᾶττον
3098 4358 3192 4411 τοῦ
3212 4358 3424 4422 δέοντος
3445 4356 3697 4429 ἀρξάμε-

423 4459 550 4503 ante
586 4450 784 4505 szecula
810 4452 993 4506 omnia
1025 4452 1404 4520 progenuisse.
1457 4452 1587 4509 Post
1619 4453 1876 4520 deinceps
1928 4454 1994 4508 de

2108 4474 2125 4506 ι
2166 4472 2253 4519 νος
2265 4454 2622 4525 ὑπογράφειν,
2640 4453 2745 4506 ὑπὸ
2755 4451 2862 4505 τῶν
2876 4451 2978 4522 τῆς
2998 4450 3312 4521 φιλοσοφίας
3332 4448 3595 4520 παρήχθη
3612 4449 3701 4501 λό-

425 4539 659 4611 Origene
697 4548 755 4606 ›Ῑ‹
804 4543 945 4598 idem
984 4544 1180 4598 iterum
1240 4544 1431 4599 scribit
1483 4543 1600 4617 [Π.
1641 4542 1899 4599 LXXVHI
1928 4544 1988 4616 ]:

426 4650 445 4682 ι
492 4631 645 4699 Quod
670 4634 715 4688 si
749 4649 936 4689 verum
979 4633 1137 4690 fateri
1163 4636 1229 4690 de
1252 4634 1487 4708 Origene
1518 4636 1829 4702 debeamus,
1861 4637 1989 4692 illud

496 4778 555 4835 Ψ
587 4772 687 4826 Ed.
716 4772 915 4837 Paris.,
948 4788 1072 4844 pag.
1111 4774 1203 4829 25.

492 4914 605 4985 (10)
644 4913 742 4986 Μὴ
788 4912 1086 4986 δύνασθαί
1118 4929 1208 4967 πω
1252 4917 1519 4985 πατέρες.
1557 4914 1654 4970 Vel
1688 4916 1877 4986 Πατὴρ
1908 4911 1986 4967 εῖ-

420 4983 509 5039 ναι
532 4995 589 5037 ιιι
615 4984 881 5054 ιιιΙοιὶειιιιι
925 4983 1215 5050 referatur,
1246 4996 1338 5038 aut
1358 4983 1795 5053 distinguendum
1845 4983 1987 5054 post,

420 5074 526 5122 πω,
561 5064 687 5108 ante
710 5053 1091 5119 ἀναϐάλλεται,
1119 5055 1268 5109 deest
1294 5058 1362 5108 εἰ·
1383 5056 1498 5111 dele
1520 5055 1613 5109 καί
1636 5065 1759 5111 ante
1775 5053 1986 5115 ἑαυτόν.

419 5138 474 5179 el.
509 5135 633 5180 ante
666 5126 739 5188 ὡς
784 5125 888 5179 M.—
908 5125 1049 5177 -Mux
1074 5125 1336 5192 νιιιςςιιτοῦ
1357 5145 1405 5181 τ.
1425 5125 1584 5193 Υἱοῦ;
1607 5127 1729 5180 dein
1755 5127 1806 5178 τί
1831 5126 1990 5181 ἀναϐ.

422 5199 511 5259 ιι.,
533 5196 658 5249 dein
681 5195 841 5261 vulgo
863 5195 1054 5249 ἑαυτὸν
1078 5195 1169 5248 τοῦ
1196 5214 1273 5261 κ.,
1308 5212 1467 5265 porro
1489 5196 1554 5250 R.
1579 5194 1718 5252 εἶναι
1749 5195 1903 5261 Υἱοῦ,
1928 5197 1991 5249 οὒ

421 5267 626 5334 γίνεται
664 5266 856 5338 Πατήρ
885 5283 899 5331 ;
931 5267 1163 5338 denique
1212 5266 1372 5336 vulgo
1420 5268 1655 5338 ἐνόμιζε.
1701 5267 1873 5322 Porro
1926 5268 1993 5321 ad

432 5338 604 5407 Ὠριγ.
630 5336 704 5390 cl‘.
729 5335 883 5405 Orig.
912 5350 1000 5403 0p.
1032 5336 1117 5390 ed.
1152 5341 1219 5391 de
1248 5337 1295 5390 la
1317 5335 1435 5391 Rue
1468 5335 1577 5402 t.'l,
1608 5355 1659 5407 p.
1686 5338 1776 5392 45.

514 5410 601 5478 ll)
645 5407 775 5473 Τοῖς
806 5407 1250 5473 ἐναντίοιςΝυιι
1279 5408 1559 5463 Paulinum
1582 5406 1645 5464 ea
1672 5412 1739 5463 ab
1760 5406 1992 5477 Origene

419 5488 743 5543 mutuatum,
785 5494 903 5546 qua:
948 5480 1051 5533 sibi
1101 5481 1561 5543 contradicerent,
1605 5491 1661 5533 et
1705 5482 1825 5533 aliis
1861 5479 1991 5533 alibi

422 5549 761 5618 dogmatibus
811 5548 1183 5618 Origeuianis,
1216 5550 1353 5603 adeo
1406 5562 1464 5603 ut
1512 5567 1580 5604 ne
1614 5552 1729 5619 ipse
1769 5550 1988 5618 quidem

418 5619 678 5689 Origenes
727 5632 788 5689 ea
844 5632 1057 5689 posset,
1088 5621 1358 5673 redivivus
1400 5622 1984 5687 reconciliaredegen-

417 5686 545 5761 dirui
574 5704 730 5761 ergo:
749 5686 850 5761 ’Ὧν
875 5689 994 5761 οὐδὲ
1017 5688 1092 5761 ᾖν
1121 5689 1283 5743 αὑτὸν
1316 5692 1566 5761 Ὠριγένη
1596 5692 1815 5745 ἐπὶιτὸν
1836 5686 1991 5758 λόγον

416 5755 729 5829 ἀποδοῦναι,
759 5759 979 5813 δυνατὸν
1014 5755 1101 5831 ἧν.
1129 5762 1274 5818 Sane
1302 5755 1515 5817 videtur
1556 5755 1609 5818 et
1662 5755 1995 5817 Athanasius

2105 4566 2123 4599 ι
2164 4564 2297 4616 γων,
2325 4547 2420 4602 καί
2445 4563 2567 4601 τινα
2589 4547 2657 4600 δι’
2681 4546 2877 4610 αὐτοὺς
2908 4544 2971 4597 οὐ
3008 4543 3186 4607 καλῶς
3216 4542 3483 4614 γέγραφε.
3520 4538 3697 4613 Δῆλον

2106 4658 2125 4690 ι
2162 4639 2219 4693 δέ
2254 4655 2269 4670 ο
2317 4638 2397 4691 έτι
2433 4637 2543 4709 γὰρ
2591 4636 2701 4691 τῶν
2752 4634 2844 4690 τοῦ
2906 4634 3194 4698 Πλάτωνος
3241 4633 3353 4705 (12)
3402 4631 3699 4705 μεμνημέ-

2090 4914 2158 4969 de
2189 4907 2645 4981 Origeneeadem
2699 4909 3003 4981 censuisse,
3034 4920 3174 4981 cum
3203 4906 3256 4959 in
3296 4902 3441 4981 libro
3479 4904 3557 4981 De
3602 4908 3699 4981 ας-

2090 4984 2243 5037 cretis
2271 4974 2482 5054 concilii
2512 4976 2723 5054 Njcwnﬁ
2755 4979 3000 5054 scribat:
3027 4978 3096 5054 ’ᾉ
3122 4976 3221 5054 μὲν
3248 4974 3357 5054 γάρ
3377 4975 3467 5054 ~th;
3510 4976 3695 5054 ζητῷν

2093 5055 2186 5107 καὶ
2210 5050 2502 5122 γυμνάζων
2540 5048 2746 5122 ἔγραψε
2765 5088 2781 5113 ,
2805 5049 3007 5122 ταῦτα,
3025 5047 3101 5122 μὴ
3125 5047 3200 5110 ὡς
3240 5047 3406 5122 ας)τοῦ
3435 5047 3699 5122 φρονοῦν.

2093 5142 2183 5188 τος
2216 5116 2458 5191 λεγέσθω
2484 5116 2755 5191 τις,ξάῺά
2783 5119 2890 5191 τῷν
2916 5116 3053 5191 πρὸς
3080 5116 3192 5191 έριν
3214 5116 3691 5191 φιλονεικούντων,

2098 5187 2265 5265 ἐντῷ
2292 5187 2482 5265 ’ζητεῖν
2519 5188 2711 5265 ᾁδέως,
2740 5190 2939 5265 όρίζων
2963 5187 3348 5265 deformitate}
3404 5187 3500 5265 sic
3542 5194 3691 5265 enini

2096 5252 2324 5335 legenda
2336 5252 2393 5335 ῥι
2415 5252 2801 5335 distinguenda
2823 5252 2969 5335 sum.
3002 5259 3072 5335 lu.
3101 5252 3171 5299 ὲ-
3202 5258 3264 5335 ιι.
3287 5252 3369 5335 ei!
3386 5257 3498 5309 οὐδ’
3526 5258 3692 5335 αὐτὸν

2093 5326 2263 5389 ain.
2289 5334 2497 5399 εἴποιμι
2517 5350 2569 5385 τ.
2595 5331 2645 5384 λ.
2672 5332 2827 5386 ἀποδ.
2855 5330 3141 5393 δύνασθαι,
3169 5333 3259 5399 qui
3286 5326 3428 5381 infra
3451 5329 3690 5399 γράφειν

2095 5407 2217 5461 loco
2246 5407 2610 5475 ὑπογράφειν.

2165 5477 2275 5547 (12)
2316 5467 2438 5530 Ἔτι
2469 5467 2581 5545 γὰρ
2611 5472 2732 5547 τῶξέ
2761 5472 2881 5547 ἰοῦ-
2908 5471 3249 5537 Πλάτωνος.
3284 5467 3689 5547 Ορῑηονῃδῆλον

2092 5549 2149 5602 δέ
2171 5538 2307 5602 ἐστι’
2347 5547 2455 5600 τῶν
2477 5538 2597 5616 ’γάρ
2617 5544 2731 5616 ,τοῦ
2774 5543 3061 5616 Πλάτωνος
3093 5539 3463 5616 μεμνημένος,
3486 5538 3686 5616 Verum

2092 5630 2177 5673 est
2205 5618 2347 5683 quod
2374 5612 2587 5672 cens-uit
2608 5615 2895 5671 Marcellus
2920 5615 2985 5667 de
3006 5612 3260 5684 Origene.
3278 5626 3402 5684 eum
3429 5612 3498 5684 de
3524 5613 3689 5684 scito-

2097 5690 2160 5743 lis
2210 5680 2526 5752 Platonicis,
2553 5702 2783 5758 quarum
2831 5684 3009 5758 sacris
3055 5680 3176 5737 erat
3204 5696 3312 5736 non
3353 5680 3551 5758 leviter
3583 5682 3688 5758 ini-

2099 5766 2280 5827 tiatus,
2297 5761 2394 5815 sed
2420 5770 2475 5814 ut
2500 5750 2551 5813 in
2571 5750 2827 5828 'uiargine
2849 5756 3098 5820 habetur,
3121 5750 3497 5824 μεμυημένος,
3515 5754 3688 5806 multa
