3836 6216
451 298 556 355 765

1120 298 1384 356 EUSEBil
1422 301 1896 358 CKESARIENSIS
1931 301 2080 360 OPP.
2121 301 2297 358 PARS
2334 301 2531 364 lV.,—
2569 299 2987 359 DOGMATICA.

3603 296 3719 356 766

457 434 476 471 ι
514 419 614 474 sibi
651 427 842 487 puteos
868 417 1191 476 ell'odernnt.
1238 439 1256 472 ι
1305 427 1363 485 >3
1399 422 1480 476 Ad
1536 423 1697 478 istum
1750 437 1876 477 vero
1908 437 1995 477 mo

2127 440 2144 472 ι
2179 439 2272 475 τον
2311 421 2403 474 τὸν
2453 421 2586 475 Θεὸν
2635 419 2726 474 τοῦ
2774 421 2947 490 Λόγου
2989 419 3268 491 διαφέρειν
3313 416 3521 488 διδάξῃ,
3577 415 3717 472 ὅσον

450 509 578 564 dum
609 509 987 576 calumniatus,
1010 521 1238 566 conatur
1261 514 1546 568 ostendere
1569 515 1621 568 in
1648 514 2014 585 sequentibus,

451 617 520 656 ne
545 603 760 671 quidem
802 622 821 655 ι
855 605 1145 671 imaginem
1199 607 1280 660 sui
1325 605 1504 661 Patris
1553 621 1675 661 esse
1732 606 1948 661 Filium.
1992 627 2010 659 ι

447 693 537 747 Ait
565 705 745 748 autem
777 694 866 768 [Β.
899 695 1114 768 LXXX]
1147 717 1160 752 :
1201 716 1220 749 ι
1251 698 1601 769 Consequens
1633 713 1754 754 esse
1781 700 2017 754 arbitror

452 802 471 835 ι
501 787 690 853 paucis
724 789 790 842 de
844 789 1078 859 imagine
1141 790 1493 859 disceptare:
1543 791 1764 860 scripsit
1823 791 2009 845 enim:

451 895 470 928 ι
500 878 656 934 Alius
688 881 905 948 quidem
943 891 1029 936 est
1049 881 1118 936 ab
1147 882 1261 952 ipso
1303 883 1537 952 genitus,
1569 883 1662 952 qui
1713 893 1799 938 est
1829 884 2014 954 imago

451 987 470 1019 ι
503 970 594 1024 Dei
625 972 933 1027 invisibilis.
976 973 1222 1028 Meminit
1265 984 1444 1028 autem
1474 973 1726 1044 imaginis
1752 975 1846 1029 Dei
1879 975 2015 1029 invi-

449 1079 469 1111 ι
511 1061 682 1116 sibili
737 1063 1002 1131 Asterius,
1055 1075 1115 1120 ut
1170 1065 1498 1122 conﬁrmare
1525 1067 1716 1136 possit,
1758 1067 1924 1122 Deum
1982 1082 2012 1121 a

451 1171 469 1204 ι
508 1152 684 1209 Verbo
732 1171 832 1211 suo
859 1157 912 1210 in
949 1166 1157 1212 tantum
1190 1157 1428 1224 dill'erre,
1467 1159 1518 1212 in
1555 1167 1815 1229 quantum
1851 1160 2014 1215 distet

449 1262 469 1292 ι
507 1245 574 1298 ab
601 1246 834 1317 imagine
860 1263 956 1302 sua
987 1249 1213 1318 quilibet
1239 1251 1419 1305 homo.
1455 1268 1474 1303 ›
1514 1251 1694 1317 Hisce,
1723 1263 2011 1320 postquam

445 1336 701 1390 nonnulla
731 1339 1162 1409 iuterposuisset,
1196 1342 1378 1396 addit:
1415 1362 1434 1394 σ
1475 1341 1706 1398 Omnino
1729 1343 1895 1413 igitur
1915 1359 2013 1413 pa-

2124 530 2144 562 ι
2183 513 2466 582 ἄνθρωπος
2512 512 2612 581 τῆς
2651 510 2846 564 ἑαυτοῦ
2897 510 3102 572 εἰκόνος
3140 509 3417 579 διαφέρειν
3453 509 3636 561 δοκεῖ.
3686 528 3707 559 ι

2118 604 2227 656 Καὶ
2258 602 2458 673 μεταξύ
2482 620 2605 656 τινα
2626 601 2818 667 εἰπὼν,
2841 602 3115 672 ἐπιφέρειο
3152 621 3171 653 ι
3198 600 3410 655 Οὐκοῦν
3432 600 3715 672 πρόδηλον

2122 713 2140 742 σ
2177 697 2257 748 ὅτι
2288 695 2394 767 πρὸ
2431 695 2532 766 ίτῆς
2562 694 2655 748 τοῦ
2685 693 2954 765 ἡμετέρου
3000 693 3252 763 σώματος
3286 691 3643 762 ἀναλήψεως,
3683 693 3717 744 6

2120 807 2139 840 ι
2179 788 2368 856 Λόγος,
2390 787 2511 842 καθ’
2529 787 2740 852 ἑαυτὸν,
2766 787 2866 840 οὐκ
2883 781 2953 858 ἦν
2976 785 3138 838 εἰκὼν
3164 783 3260 838 τοῦ
3279 784 3513 854 ἀοράτου
3532 783 3711 836 Θεοῦο

2119 898 2138 930 ι
2170 880 2267 952 τὴν
2320 879 2428 950 γὰρ
2472 880 2656 934 εἰκόνα
2701 878 2932 952 ὁρᾶσθαι
2981 878 3271 949 προσήκει,
3322 877 3409 928 ἵνα
3455 875 3546 929 διά
3603 876 3712 946 τῆς

2119 990 2138 1022 ι
2175 972 2380 1036 εἰκόνος
2427 972 2486 1025 τὸ
2528 972 2665 1036 τέως
2704 971 2778 1042 μὴ
2806 969 3082 1041 ὁρώμενον
3121 967 3350 1040 ὁρᾶσθαι
3381 967 3643 1038 δύνηται.
3689 985 3706 1016 ι

2112 1064 2223 1117 Καὶ
2254 1062 2518 1131 ἐπιλέγειο
2566 1080 2586 1114 ι
2618 1062 2743 1125 Πῶς
2779 1057 2873 1114 οὖν
2907 1061 3094 1113 εἰκόνα
3138 1057 3236 1112 τοῦ
3279 1056 3516 1127 ἀοράτου
3554 1053 3710 1107 Θεοῦ

2119 1175 2137 1207 t
2175 1156 2265 1210 τὸν
2295 1155 2388 1209 τοῦ
2415 1154 2552 1208 Θεοῦ
2585 1155 2758 1223 Λόγον
2801 1152 3081 1224 Ἀστέριος
3107 1145 3248 1206 εἶναι
3275 1149 3596 1220 γέγραφεν;
3637 1148 3708 1200 ΔΞ

2117 1265 2136 1298 ι
2173 1246 2281 1319 γὰρ
2308 1247 2514 1310 εἰκόνες
2546 1245 2749 1299 τούτων
2773 1238 2849 1299 ὧν
2877 1245 3017 1298 εἰσιν
3049 1243 3277 1305 εἰκόνες,
3315 1243 3408 1294 καὶ
3437 1240 3707 1294 ἀπόντων

2117 1361 2136 1393 ι
2174 1339 2437 1394 δεικτικαί
2479 1341 2647 1392 εἰσιν·
2693 1337 2834 1390 ὥστε
2883 1337 2977 1389 καὶ
3024 1335 3116 1387 τὸν
3159 1333 3364 1388 ἀπόντα
3402 1333 3470 1385 δι’
3509 1331 3706 1384 αὐτῶν

449 1448 466 1478 ι
509 1439 604 1493 tet,
632 1429 894 1498 Verbum,
916 1447 1038 1487 cum
1063 1433 1240 1489 adhuc
1263 1449 1484 1490 carnem
1507 1435 1609 1490 sibi
1638 1445 1879 1490 nostram
1904 1452 1995 1490 nor

2116 1453 2138 1487 ι
2174 1431 2457 1504 φαίνεσθαι
2476 1431 2673 1485 δοκεῖν.
2701 1430 2764 1483 Εἰ
2784 1428 2841 1482 δὲ
2866 1427 2958 1480 τοῦ
2981 1425 3117 1480 Θεοῦ
3143 1425 3236 1479 τοῦ
3260 1426 3492 1496 ἀοράτου
3517 1424 3702 1487 Mog,

448 1540 465 1569 ι
495 1521 851 1589 adunaverat,
880 1524 1026 1579 nullo
1057 1527 1238 1590 modo,
1272 1541 1368 1596 per
1392 1541 1472 1593 se,
1526 1527 1812 1598 imaginem
1839 1529 1995 1582 exsti-

2115 1545 2134 1578 ι
2168 1527 2396 1597 ἀόρατον
2429 1519 2566 1577 εῖναι
2597 1523 2692 1575 καὶ
2714 1521 2807 1574 τὸν
2837 1519 3009 1588 Λόγον
3040 1518 3348 1589 συμϐαίνει,
3377 1517 3497 1580 πῶς
3526 1515 3706 1570 εἰκὼν

447 1631 465 1658 ι
506 1611 637 1666 tisse
693 1613 983 1669 invisibilis
1015 1613 1129 1669 Dei.
1189 1615 1296 1670 Par
1320 1627 1405 1670 est
1431 1616 1655 1684 etenim,
1704 1617 1882 1688 imago
1931 1620 1995 1671 uti

2113 1633 2133 1667 ι
2170 1614 2264 1668 τοῦ
2303 1613 2534 1683 ἀοράτου
2561 1610 2696 1664 Θεοῦ
2724 1612 2752 1664 6
2780 1609 2951 1678 Λόγος
2979 1608 3101 1663 καθ’
3140 1607 3330 1661 ἑαυτὸν
3357 1601 3499 1659 εἶναι.
3525 1605 3706 1658 δύνα-

448 1720 466 1751 ι
507 1701 678 1756 oculis
698 1715 970 1772 cernatur,
987 1713 1047 1760 ut
1071 1720 1167 1774 per
1193 1707 1504 1778 imaginem,
1530 1709 1579 1762 id
1606 1709 1746 1776 quod
1770 1716 1882 1762 tum
1902 1723 1995 1762 nor

2115 1726 2134 1758 ι
2168 1724 2278 1770 ται,
2322 1707 2424 1759 καὶι
2453 1703 2616 1767 αὐτὸς
2657 1701 2887 1774 ἀόρατος
2927 1700 3030 1766 ὥν;
3079 1719 3098 1753 ι
3142 1700 3252 1754 Καὶ
3293 1699 3499 1771 προῖὼν
3531 1695 3702 1763 αὖθις

447 1810 466 1841 ι
503 1802 796 1862 usurpatur
815 1796 1006 1862 oculis,
1060 1765 1228 1852 videri
1264 1765 1440 1852 tavmen
1483 1765 1678 1867 possit.
1705 1818 1726 1852 ι
1751 1799 1995 1870 Adjungil

2109 1765 2354 1872 λοιδορεῖ,
2389 1799 2564 1868 λέγων
2597 1765 2764 1852 ὀιτώ-
2816 1815 2835 1848 ι
2880 1765 3131 1858 Πῶςοῦν
3175 1796 3226 1847 οἱ
3273 1765 3505 1865 πλήρεις
3530 1793 3698 1846 δόλου

439 1896 619 1938 autem
649 1883 737 1956 [Β.
768 1886 1025 1951 LXXXII,
1054 1889 1124 1944 cl‘.
1157 1904 1208 1958 p.
1239 1889 1308 1943 35
1341 1891 1400 1956 D,
1427 1891 1494 1943 47
1525 1889 1594 1962 Α]
1627 1910 1640 1945 :
1677 1909 1695 1942 ι
1731 1891 1995 1958 Quomodc

2115 1913 2135 1947 ι
2165 1895 2257 1948 καί.
2290 1892 2656 1966 ῥᾳδιουργίας,
2685 1889 3057 1954 ἀποστολικῶς
3085 1889 3196 1960 (14)
3216 1891 3411 1950 εἰπεῖν,
3448 1887 3700 1957 μεταφᾲ

444 1993 461 2024 ι
502 1969 665 2042 igitur
690 1978 936 2032 Asterius
973 1981 1250 2034 scribebat
1295 1979 1527 2036 Verbum
1581 1981 1674 2036 Dei
1725 1996 1847 2036 esse
1875 1981 1995 2036 ima-

2115 2008 2133 2040 ι
2173 2005 2324 2061 ρουσι
2357 1986 2416 2041 τὸ
2448 1985 2613 2058 ῥητὸν
2640 1987 2720 2050 εἰς
2743 1985 2844 2056 τὴν
2868 1987 3094 2056 πρώτην
3118 1981 3304 2045 αὐτοῦ,
3352 1981 3429 2044 ὼς
3455 1980 3693 2046 οἴονται,

443 2081 463 2113 ι
499 2065 677 2134 ginem
713 2068 1000 2124 invisibilis
1049 2068 1192 2124 Dei?
1247 2071 1447 2126 Eorum
1475 2073 1644 2137 enim,
1685 2082 1741 2126 et
1789 2072 1995 2142 quidem

2111 2099 2133 2134 ι
2170 2081 2347 2135 κτίσιν
2399 2078 2535 2151 (15),
2565 2079 2660 2133 καὶ
2702 2077 2876 2131 ταῦτα
2922 2076 3016 2130 τοῦ
3054 2073 3217 2128 Δαυῖδ
3269 2074 3380 2146 (16)
3407 2074 3541 2144 περὶ
3589 2073 3696 2143 τῆς

441 2173 460 2206 ι
500 2159 739 2212 omnium
765 2162 1082 2224 universim,
1105 2163 1366 2232 imagines
1385 2166 1673 2219 ostensivaa
1701 2174 1844 2230 sunt,
1876 2181 1995 2235 quo-

2110 2193 2131 2227 t
2167 2175 2308 2228 κατά
2335 2174 2512 2244 σάρκα
2543 2163 2708 2226 αὐτοῦ
2745 2171 3052 2240 γεννήσεως
3083 2167 3270 2237 σαφῶς
3295 2167 3586 2238 εἰρηκότος
3611 2182 3628 2231 ;
3666 2185 3686 2216 ι

442 2265 460 2296 ι
500 2263 618 2301 rum
647 2264 768 2304 esse
799 2251 1062 2322 imagines
1094 2253 1465 2323 intelliguntur
1493 2276 1505 2311 :
1563 2255 1697 2311 adeo
1728 2266 1787 2310 ut
1821 2271 1916 2326 per
1943 2256 1995 2310 il-

2106 2262 2216 2315 Καὶ
2257 2260 2459 2332 μεταξὺ
2503 2259 2710 2313 τούτων
2746 2258 2957 2329 μακρὸν
3004 2257 3328 2320 κατατείνας
3357 2256 3517 2324 λόγον
3557 2257 3691 2310 ἑπι-

400 2385 404 2390 ,
439 2337 597 2400 rlas,
635 2339 682 2393 is
712 2342 802 2409 qui
828 2352 912 2396 est
940 2345 1157 2411 absens,
1180 2348 1449 2400 videatur.
1475 2347 1630 2414 Quod
1651 2348 1694 2401 si
1724 2362 1854 2402 vero
1885 2347 1995 2414 Dei,

2106 2352 2293 2423 φέρει·
2341 2369 2360 2402 ι
2391 2350 2456 2404 Τί
2481 2345 2574 2404 οὖν
2599 2350 2738 2422 ’πρὸς
2767 2349 2940 2402 ταῦτα
2967 2349 3138 2415 λέξει;
3169 2349 3230 2402 οὐ
3263 2349 3373 2419 γὰρ
3401 2343 3557 2418 οἶμαι
3588 2349 3694 2401 αὐ-

440 2447 460 2479 (
497 2429 586 2498 qui
623 2429 782 2494 plane
816 2432 1103 2489 invisibilis
1132 2445 1235 2501 est,
1268 2434 1504 2492 Verbum
1529 2452 1746 2506 quoque
1769 2451 1889 2492 esse
1917 2438 1995 2492 in-

2110 2457 2131 2491 t
2166 2439 2258 2495 τὸν
2294 2439 2436 2510 ἔχειν
2461 2457 2514 2492 τι
2544 2439 2672 2510 περὶ
2700 2439 2892 2492 τούτου
2920 2439 3120 2508 λέγειν.
3146 2438 3312 2492 Οὐδὲν
3350 2439 3462 2511 γάρ
3494 2438 3692 2508 σαφῶς

437 2537 458 2570 α
497 2519 708 2574 visibile
746 2523 1030 2592 contingit,
1061 2540 1170 2594 quo
1216 2538 1374 2596 pacto
1403 2534 1582 2594 potest
1610 2541 1731 2583 esse
1768 2529 1995 2584 Verbum

2110 2550 2129 2584 ι
2162 2531 2326 2586 αὐτὸν
2353 2532 2447 2584 καὶ
2473 2530 2960 2602 ἀπαρακαλύπτως
2988 2528 3121 2600 ἡγοῦ
3131 2546 3249 2600 μαι,
3279 2530 3374 2583 καὶ
3398 2528 3537 2600 πρὸς
3566 2529 3691 2583 ἑτέ-

437 2628 456 2661 ι
503 2625 599 2678 per
627 2625 686 2665 se
737 2613 916 2682 imago
948 2615 1044 2670 Dei
1071 2617 1378 2686 invisibilis,
1403 2635 1527 2674 cum
1549 2629 1606 2676 et
1628 2621 1800 2690 ipsum
1819 2621 1890 2676 sit
1918 2621 2003 2676 in-

436 2717 458 2750 ι
494 2699 751 2756 visibile?
790 2722 808 2754 ι
847 2703 1032 2772 Pergit
1094 2707 1146 2760 in
1201 2708 1554 2777 sequentibus
1607 2710 1785 2764 denuo
1813 2711 2004 2764 convi-

429 2791 564 2856 ciari
603 2792 698 2863 [Β.
743 2792 975 2869 XXIV]:
1011 2815 1030 2849 ι
1068 2797 1221 2854 Unde
1254 2799 1419 2870 igitur
1448 2800 1569 2856 dolo
1605 2801 1790 2871 repleti
1825 2811 1882 2856 et
1909 2817 2001 2855 va-

434 2902 454 2934 ι
494 2882 662 2950 fritie,
699 2896 760 2941 ut
783 2903 904 2942 cum
939 2890 1200 2959 Apostolo
1221 2892 1267 2924 "
1298 2892 1511 2962 loquar,
1538 2893 1746 2947 dictum
1771 2891 2002 2947 transfe-

433 2991 452 3023 ι
494 2985 622 3028 runt
647 2978 714 3029 ad
741 2978 910 3047 ipsius
935 2979 1122 3044 Verbi,
1145 2991 1206 3036 ut
1230 2991 1441 3048 rentur,
1472 2982 1703 3051 primam
1733 2983 2001 3038 conditio-

2110 2643 2128 2675 ‹
2173 2641 2298 2695 ρους
2328 2624 2659 2694 ὁμολογῆσαι
2686 2623 2752 2678 ἂν
2783 2623 2921 2694 ὅπερ
2962 2621 3124 2686 αὐτὸς
3150 2625 3207 2676 ὲν
3224 2624 3293 2693 τῇ
3324 2622 3520 2680 ἑαυτοῦ
3545 2620 3690 2694 κρύ-

2109 2733 2128 2767 ι
2165 2733 2288 2769 πτει
2311 2715 2540 2788 διανοίᾳο
2566 2716 2646 2780 ὡς
2673 2715 2788 2770 ἔστι
2820 2715 3007 2785 σαφῶς
3035 2715 3125 2784 ἀφ’
3152 2708 3228 2768 ὧν
3253 2714 3525 2786 γέγραφε,
3555 2732 3691 2784 μαν-

2110 2826 2128 2858 ι
2164 2806 2364 2862 θάνειν.
2405 2807 2595 2871 Ἀλλος
2638 2808 2734 2878 μὲν
2775 2806 2904 2878 γὰρ,
2958 2808 3143 2878 φησὶν,
3177 2806 3324 2860 ἐστιν
3362 2807 3392 2859 6
3421 2806 3619 2878 Πατὴρ
3659 2808 3691 2860 6

2111 2918 2129 2951 ι
2163 2901 2427 2970 γεννήσας
2453 2900 2513 2965 ἐξ
2539 2899 2703 2953 αὐτοῦ
2737 2900 2828 2954 τὸν
2863 2900 3126 2971 μονογενῆ
3149 2899 3324 2968 Λόγον
3347 2899 3444 2953 καὶ
3469 2899 3689 2970 πρωτό-

2109 3008 2128 3041 ‹
2165 3006 2320 3042 τοκον
2362 2989 2580 3060 ἀπάσης
2622 2989 2872 3054 κτίσεως,
2923 2989 3082 3060 μόνος
3125 2989 3306 3060 μόνον,
3347 2988 3552 3051 τέλειος
3595 2989 3686 3041 τέ-

433 3083 454 3117 ι
493 3081 638 3132 nem,
667 3083 788 3123 cum
825 3071 891 3124 de
917 3073 1268 3140 generatione
1298 3073 1410 3139 illa,
1446 3088 1566 3142 quae
1587 3083 1670 3128 est
1701 3074 1995 3129 secundum

2113 3101 2131 3134 ι
2169 3081 2330 3146 λειον,
2359 3079 2610 3151 βασιλεὺς
2633 3079 2879 3150 βασιλέα.
2902 3080 3104 3151 Κύριος
3120 3078 3348 3150 Κύριον,
3371 3078 3506 3143 Θεὸς
3526 3078 3684 3139 Θεὸν,

435 3175 453 3208 ι
486 3173 728 3224 carnem,
756 3161 942 3229 David,
968 3163 1046 3218 uti
1068 3172 1301 3229 constat,
1326 3164 1455 3219 illud
1480 3166 1755 3234 usurparit
1780 3168 1803 3218 τ
1826 3166 1999 3221 »ιοιι-

427 3265 551 3319 gum
577 3252 830 3323 deinceps
851 3255 1183 3311 intertexens
1206 3273 1510 3314 sermonem
1535 3262 1611 3313 ait
1629 3258 1718 3331 [Β.
1746 3257 1994 3334 LXXV]:

438 3359 458 3394 ι
497 3341 636 3409 Quid
672 3345 739 3398 ad
765 3346 868 3400 ista
899 3348 1061 3417 igitur
1100 3350 1346 3406 dicturus
1374 3351 1502 3406 est?
1547 3351 1705 3406 Certe
1739 3351 1992 3420 arbitror,

434 3452 454 3484 ι
489 3436 623 3490 nihil
653 3437 853 3494 habere
875 3439 1026 3494 illum
1061 3442 1205 3510 quod
1233 3445 1576 3512 respondeat.
1625 3442 1809 3512 Neque
1831 3424 1995 3499 credo

433 3543 454 3576 ι
489 3526 542 3580 in
574 3537 760 3598 aperta
789 3531 1134 3588 confessione
1162 3547 1346 3588 coram
1365 3533 1487 3590 aliis
1512 3534 1664 3589 illum
1691 3535 1994 3604 positurum

431 3640 453 3676 ι
479 3638 600 3694 quae
622 3628 784 3681 tacita
813 3628 954 3697 apud
985 3644 1045 3684 se
1073 3629 1214 3684 celat
1243 3629 1576 3700 cogitatione
1609 3647 1621 3682 :
1661 3629 1716 3684 id
1746 3630 1890 3697 quod
1914 3633 1995 3682 vi-

430 3731 452 3766 ι
494 3717 624 3773 dere
651 3720 826 3775 cuivis
849 3721 976 3776 licet
1011 3738 1080 3776 ex
1107 3722 1175 3777 iis
1201 3738 1321 3791 qua:
1350 3722 1586 3792 scripsit.
1633 3721 1859 3790 Scripsit
1893 3736 1993 3775 au-

429 3825 452 3860 t
485 3817 590 3864 tem
622 3829 636 3867 :
692 3812 841 3868 Alius
885 3822 970 3869 est
1003 3813 1160 3869 Pater
1205 3816 1296 3884 qui
1333 3816 1500 3886 gignit
1550 3831 1617 3870 ex
1643 3831 1702 3870 se
1756 3813 1992 3870 Verbum

427 3918 449 3952 ι
483 3903 842 3973 unigenitum,
877 3916 930 3961 et
984 3907 1162 3961 omnis
1218 3917 1484 3962 creaturae
1534 3907 1950 3977 primogenitum
1975 3945 1991 3972 ,

427 4011 449 4045 ι
493 3995 646 4050 solus
699 3997 896 4063 solum,
933 3999 1208 4068 perlectus
1247 4000 1582 4070 perlectum,
1632 4014 1728 4054 rex
1775 4012 1991 4068 regem,

428 4100 449 4136 ι
493 4085 755 4142 Dominus
810 4087 1120 4155 Dominum,
1171 4093 1311 4146 Dens
1369 4092 1588 4145 Deum:
1649 4079 2005 4154 substantiae;

427 4191 448 4227 ι
489 4176 726 4243 consilii,
749 4180 956 4247 gloriae,
984 4183 1240 4250 potentia
1269 4182 1559 4252 imaginem
1594 4180 1988 4236 invariabilem.

429 4283 452 4319 ο
479 4265 610 4336 Qua:
639 4268 853 4336 quidem
901 4272 972 4326 ita
1019 4273 1088 4326 ab
1123 4273 1215 4328 illo
1255 4273 1454 4344 posita,
1506 4271 1796 4326 manifeste
1831 4284 1992 4324 coar-

496 4479 556 4538 »Β
591 4470 688 4528 Ed.
720 4471 918 4537 Paris.,
955 4487 1078 4543 pag.
1117 4473 1207 4530 Ἡ.
1498 4473 1544 4506 ⁸⁸
1577 4475 1736 4530 ltum.
1775 4490 1816 4540 ι,
1845 4472 1938 4529 29.

2109 3193 2130 3228 ¢
2165 3173 2352 3238 οὐσίας
2369 3191 2428 3226 τε
2438 3175 2530 3228 καὶ
2555 3173 2768 3245 βουλῆς,
2785 3173 2879 3228 καί
2898 3172 3077 3244 δόξης,
3092 3172 3187 3227 καὶ
3209 3171 3494 3243 δυνάμεως
3511 3173 3687 3242 ἀπαρ-

2109 3283 2128 3317 t
2165 3265 2427 3320 άλλακτον
2454 3265 2658 3320 εἰκόνα.
2678 3264 2866 3320 Ταῦτα
2879 3265 2948 3319 τά
2973 3264 3113 3335 ῥητά
3145 3266 3334 3335 σαφῶς
3353 3265 3453 3335 τὴν
3469 3263 3685 3334 φαύλην

2108 3375 2128 3410 ι
2163 3356 2328 3410 αὐτοῦ
2345 3357 2474 3428 περὶ
2499 3355 2752 3427 θεότητος
2778 3355 2995 3426 ἐλέγχει
3023 3354 3203 3421 δόξαν.
3228 3353 3353 3418 Πῶς
3389 3354 3502 3425 γὰρ
3523 3355 3552 3406 ὁ
3571 3353 3686 3407 Κύ-

2107 3463 2127 3496 ι
2167 3462 2280 3517 ριος
2298 3444 2579 3516 γεννηθεὶς
2614 3445 2710 3498 καὶ
2745 3444 2900 3508 Θεὸς,
2929 3443 3006 3508 ὡς
3037 3444 3202 3507 αὐτὸς
3233 3442 3523 3514 προλαϐὼν
3547 3443 3680 3512 ἐφη,

2106 3554 2124 3586 ι
2162 3534 2385 3589 δύναται
2410 3533 2574 3588 εἰκὼν
2597 3534 2731 3588 Θεοῦ
2752 3533 2924 3600 εἷναι;
2959 3535 3185 3606 Ἕτερον
3206 3533 3314 3605 γάρ
3335 3534 3500 3588 εἰκὼν
3522 3533 3683 3599 Θεοῦ,

2107 3642 2126 3676 ι
2160 3625 2257 3679 καὶ
2284 3625 2470 3696 ἓτερον
2493 3628 2522 3678 6
2542 3625 2696 3689 Θεός.
2729 3626 2891 3679 Ὥστε
2917 3627 2966 3678 εἰ
2995 3625 3094 3696 μὲν
3131 3623 3318 3689 εἰκὼν,
3357 3625 3418 3678 οὺ
3451 3624 3683 3696 Κύριος,

2103 3735 2122 3767 t
2157 3717 2278 3771 οὐδὲ
2303 3717 2456 3781 Θεὸς,
2477 3717 2591 3772 ἀλλ’
2617 3715 2783 3771 εἰκὼν
2813 3716 3020 3788 Κυρίου
3051 3717 3149 3771 καὶ
3171 3716 3331 3770 Θεοῦο
3374 3719 3424 3771 εἰ
3469 3717 3526 3770 δὲ
3568 3716 3684 3770 Κύ-

2105 3827 2124 3861 ι
2167 3826 2284 3883 ριος
2306 3809 2476 3873 ὅντως
2522 3810 2619 3863 καὶ
2660 3808 2822 3874 Θεὸς,
2849 3808 3032 3862 οὐκέτι
3055 3806 3106 3879 [6
3127 3807 3332 3879 Κύριος
3356 3807 3453 3861 καὶ
3474 3809 3503 3860 6
3523 3807 3682 3879 Θεὸς]

2105 3920 2126 3954 ι
2155 3901 2316 3955 εἰκὼν
2335 3903 2538 3973 Κυρίου
2555 3903 2650 3957 καὶ
2659 3901 2793 3955 Θεοῦ
2806 3896 3195 3956 εἷναιδύναται.
3210 3920 3228 3952 ι
3240 3901 3350 3955 Καὶ
3362 3899 3534 3954 ταῦτα
3551 3901 3683 3968 σφό-

2097 3993 2198 4066 δρα
2213 3993 2494 4048 ἀϐλεπτῶν
2511 3994 2622 4063 (t7)
2639 3994 2983 4065 εἴρηκεν,οὺκ
2998 3992 3151 4064 ὲννοή
3159 4009 3276 4056 σας,
3293 3992 3371 4054 ὼς
3386 3992 3485 4044 καὶ
3507 3993 3534 4044 6
3550 3991 3678 4055 Υἱὸς

2095 4087 2318 4141 δύναται
2351 4085 2594 4157 ἔμψυχός
2633 4103 2764 4140 ποτε
2811 4084 2974 4139 εἰκὼν
3011 4083 3105 4138 τοῦ
3154 4084 3285 4137 ἰδίου
3327 4083 3539 4154 Πατρὸς
3590 4082 3680 4135 λε-

2098 4179 2312 4250 χθῆναι,
2342 4178 2561 4233 ἐπειδὰν
2651 4178 2730 4250 τῷ
2767 4179 2944 4249 Ilath
2975 4177 3310 4250 ὁμοιότατος.
3347 4175 3521 4230 Τοῦτο
3547 4174 3680 4243 γοῦν

2098 4271 2193 4324 καὶ
2227 4272 2260 4341 ἡ
2290 4269 2480 4342 Γραφὴ
2517 4271 2760 4325 διδάσκει
2793 4271 2828 4341 ὴ
2856 4268 3090 4339 λέγουσα
3110 4285 3124 4300 ο
3160 4265 3373 4336 Ἕζησε
3400 4265 3468 4320 δὲ
3509 4265 3680 4336 Ἀδὰμ

490 4679 605 4750 (14)
659 4680 1090 4748 Ἀποστολικῶς
1130 4682 1339 4736 εἰπεῖν.
1390 4684 1465 4738 Ita
1506 4683 1648 4738 enim
1703 4682 1995 4750 alloquitur

2106 4689 2270 4749 pturre
2303 4659 2696 4750 non'anposnit
2731 4673 3117 4750 testimonium,
3152 4686 3251 4750 nec
3281 4669 3411 4750 _eju_s_
3437 4667 3673 4750 applica-

421 4747 634 4819 nxagnm
665 4752 910 4822 Elytnam
946 4747 1131 4808 beatus
1161 4755 1379 4822 Paulus,
1408 4755 1526 4809 Act.
1558 4770 1674 4819 xm,
1707 4753 1795 4820 10,
1815 4747 1899 4808 Η.
1921 4747 1993 4805 Μ.

491 4885 602 4954 (15)
644 4885 889 4954 Πρώτην
905 4887 1092 4941 αὐτοῦ
1120 4889 1339 4940 κτίσιν.
1376 4887 1823 4950 Deitatem;dieta
1853 4887 1997 4954 πρώο

416 4973 483 5029 τη
516 4958 692 5020 κτίσις
732 4969 995 5029 respectu
1049 4959 1462 5012 incarnationis.
1503 4956 1632 5029 Nam
1673 4958 1858 5029 Ariani
1898 4956 1988 5013 Fi-

418 5026 548 5080 lium
599 5026 963 5096 prwdieabant
993 5039 1322 5092 creaturam,
1358 5028 1652 5081 secundum
1696 5028 1986 5094 deitatem;

417 5097 483 5182 ad
519 5099 765 5222 etillitlleln
795 5100 1012 5152 modum
1040 5098 1176 5152 dixit
1203 5097 1560 5168 ἀναγὲννησιν
1582 5139 1596 5165 ,
1620 5111 1863 5168 respectu
1891 5100 1989 5169 τῆς

417 5185 585 5221 κατω.
682 5210 694 5222 .

417 5185 585 5221 κατω.
623 5185 673 5222 Μ
682 5210 694 5223 .

487 5307 599 5376 (16)
639 5306 747 5360 Καὶ
793 5306 972 5360 τοῦτο
1015 5307 1120 5361 τοῦ
1177 5307 1378 5362 Δαυΐδ.
1417 5307 1607 5376 Τοῦτο,
1663 5307 1992 5374 Quodnam?

417 5377 700 5431 Ubinam?
752 5377 893 5431 Nthl
930 5380 1073 5448 enim
1123 5377 1207 5430 hic
1239 5379 1461 5432 citatum
1506 5379 1731 5448 legimus
1762 5394 1791 5431 e
1831 5378 1982 5430 Psal-

417 5450 538 5501 tnis.
574 5449 702 5500 Illud
736 5451 903 5508 enim,
943 5447 1126 5516 Imago
1175 5449 1472 5513 invisibilis,
1502 5447 1576 5500 ab
1599 5449 1852 5516 Apostolo
1877 5461 1981 5510 est,

416 5519 554 5584 apttd
586 5535 705 5571 cum
727 5518 924 5585 legitur
943 5519 1203 5580 Coloss.t,
1227 5519 1311 5572 15.
1335 5520 1507 5572 Credo
1538 5521 1666 5572 illud
1697 5521 1980 5581 insinuari.

415 5606 445 5639 ιι
476 5587 609 5656 psal.
641 5605 750 5652 cur,
773 5589 848 5642 De
870 5600 1015 5642 utero
1038 5597 1157 5643 (ante
1175 5588 1472 5656 Luciferum
1497 5590 1647 5656 genui
1678 5601 1743 5642 lc.
1763 5590 1867 5643 Sed
1901 5589 1981 5642 vel

416 5657 536 5710 libri
563 5660 798 5726 corrupti
831 5669 976 5721 sunt,
1005 5659 1080 5712 vel
1105 5662 1389 5712 admodum
1413 5662 1760 5726 negligenter.
1793 5675 1981 5710 secure

414 5741 471 5781 et
517 5729 792 5794 dissolute,
830 5741 1072 5783 versatus
1119 5733 1204 5785 bit:
1243 5744 1320 5784 est
1357 5734 1615 5785 Luscinus
1647 5747 1658 5782 :
1693 5733 1783 5799 qni
1835 5732 1976 5784 Scri-

2106 4738 2328 4808 iionem.
2381 4749 2448 4801 ad
2497 4738 2637 4816 quod
2681 4744 2879 4816 referri
2925 4744 3117 4816 debeat
3164 4738 3340 4816 illud?
3368 4740 3499 4816 Καὶ-
3519 4738 3672 4792 τοῦτο

2017 4859 2022 4862 ε
2101 4818 2193 4872 τοῦ
2224 4817 2401 4882 Δαυῒδ,
2433 4810 2562 4889 περὶ
2600 4816 2699 4889 τῇς
2755 4813 2896 4889 κριτά
2938 4815 3114 4889 σάρκα
3143 4810 3307 4889 αὐτοῦ
3344 4811 3668 4889 γεννήσεως,

2104 4889 2289 4960 σαφῶς
2314 4881 2613 4960 εἰρηκότος.
2633 4881 3198 4960 M.—Sc_ripsiéa61_a;
3216 4884 3338 4936 dein
3359 4881 3668 4960 vulgatis-:5-

2101 4951 2445 5030 ριέαλύπτὶυξ
2481 4971 2535 5013 et
2562 4951 2968 5030 ίπρωτᾎπάσὴς
2996 4955 3290 5030 att.__l’_orro
3329 4953 3487 5030 vulgo
3521 4951 3548 5002 6
3579 4969 3670 5004 κυ-

2101 5023 2230 5100 ρίως
2263 5047 2401 5098 γεν.,
2433 5029 2572 5093 quod
2606 5023 2709 5080 i'atn
2753 5027 2818 5079 lt.
2853 5023 2968 5100 eor.
2995 5025 3048 5100 in
3070 5023 3298 5100 ⁸Κόριος
3329 5025 3458 5100 (τούΣ
3486 5035 3667 5100 aucto-

2099 5091 2252 5155 i‘it:tte
2274 5091 2550 5167 rescripsi.
2590 5100 2783 5152 Statim
2817 5095 2972 5166 vulgo
2998 5098 3026 5148 6
3062 5091 3195 5157 Θεὸς
3221 5104 3275 5148 et
3305 5092 3401 5144 καὶ
3421 5091 3550 5155 Θεὸς
3573 5093 3666 5145 οὐκ

2095 5170 2259 5224 εἰκὼν
2287 5189 2339 5223 κ.

2166 5242 2278 5313 (Π)
2320 5237 2637 5313 Κιιὶτιιῦτα
2655 5236 2889 5313 σφόδρα
2921 5231 3417 5313 ἀϐλείξτῶν...11ι⁷εο
3457 5231 3663 5313 Eusebii

2093 5303 2323 5374 Sutit,'et
2367 5312 2648 5363 continent
2699 5303 2950 5377 Superius
2993 5325 3020 5359 ιι
3073 5303 3324 5360 Marcello
3372 5304 3661 5377 positorum

2091 5373 2402 5443 censuram,
2446 5373 2800 5432 orthodoxam
2833 5387 2885 5432 et
2916 5392 3097 5429 veram
3130 5385 3399 5441 quatenus
3443 5373 3510 5443 ad
3541 5375 3662 5424 ima~

2093 5455 2292 5515 ginem,
2321 5441 2481 5502 etiam
2517 5452 2813 5502 secundum
2848 5449 3128 5508 deitatem,
3149 5443 3318 5497 Filius
3346 5444 3429 5496 sui
3467 5441 3658 5496 Patris.

2092 5521 2275 5590 Imago
2301 5523 2443 5574 enim
2477 5521 2692 5588 proprie
2737 5528 2839 5575 est.
2877 5528 2934 5569 ιιι
2979 5517 3306 5590 loquuntur,
3332 5527 3660 5590 qttmqtroce:

2090 5594 2167 5644 dit
2199 5584 2262 5644 5m
2300 5584 2708 5643 siutilit'udi'twm
2740 5590 2977 5643 al'erins.
3017 5586 3084 5638 Μ.
3119 5615 3188 5624 -
3217 5584 3346 5636 Dein
3385 5585 3542 5650 vulgo
3572 5584 3658 5635 τοῦ

2091 5671 2216 5714 ante
2247 5661 2373 5714 ἰδίου
2403 5663 2567 5714 deost.
2606 5659 2743 5712 Infra
2781 5661 2936 5729 vulgo
2961 5656 3057 5727 τὴν
3092 5654 3274 5708 εἰκόνα
3300 5653 3428 5709 Υἰὸν
3455 5653 3550 5710 καὶ
3573 5651 3655 5708 ὲνπ.

2089 5746 2138 5787 et
2168 5732 2504 5801 ἀπαύγασμα
2535 5729 2709 5800 δόξης.
