3836 6216
172 310 284 368 76ῐί

1319 318 1597 376 CONTRA
1637 318 2064 377 MARCELLUM
2101 320 2229 378 LIB.
2272 310 2323 377 Ι.

3323 324 3444 404 76s

169 427 492 496 τριάκοντα
529 430 628 484 καὶ
665 429 944 487 διακόσια
977 434 1104 500 ἐτη,
1137 433 1236 486 καὶ
1276 433 1570 503 ἐγέννησε
1609 451 1736 488 κατι

1868 452 1888 486 ι
1920 445 2093 505 guunt
2124 450 2288 506 quam
2319 435 2540 505 impiam
2573 442 2788 490 tueatur
2817 435 2864 491 is
2903 435 3195 492 de-deitate
3216 415 3445 506 οιιίιιίοιι⁸

167 519 290 588 τὴν
319 521 487 575 ἰδέαν
523 524 713 578 αὐτοῦ
745 524 842 578 καὶ
879 525 1029 579 κατὰ
1061 525 1175 592 τὴν
1193 527 1400 583 είκόνα
1425 527 1632 589 αὑτοῦ,
1657 525 1756 582 καὶ

164 611 524 682 ἐπωνόμασε
551 614 616 667 τὸ
633 614 820 686 ὄνομα
833 617 1018 671 αὐτοῦ
1033 618 1177 684 Σήθ.
1196 617 1304 670 Καὶ
1318 616 1446 689 περὶ
1463 618 1557 688 τῆς
1573 616 1758 686 θεότη-

166 719 268 766 τος
293 702 350 756 δὲ
378 702 471 756 τοῦ
507 703 638 757 Υἱοῦ
679 707 708 758 ό
753 705 1071 769 Ἀπόστολος
1105 705 1363 769 διδάσκει,
1399 705 1604 775 λέγων’
1651 707 1757 771 ’ος

164 794 242 847 ἐν
267 793 474 863 μορφῇ
509 795 658 849 Θεοῦ
682 795 968 866 ὑπάρχων
997 798 1112 866 οὐχ
1145 795 1460 867 ἁρπαγμὸν
1484 794 1756 866 ἡγήσατο

164 882 239 936 τὸ
266 880 419 937 εἶναι
447 885 555 938 ίσιι
586 885 728 952 Θεῷ,
763 888 902 942 ἀλλ’
941 886 1159 942 ἑαυτὸν
1181 886 1442 941 ἐκένωσε
1461 903 1474 916 ·
1522 887 1618 940 καὶ
1650 886 1754 940 πά-

110 1027 122 1056 ;
165 977 253 1030 λιν
275 995 290 1008 ο
329 971 434 1044 ’ος
461 974 548 1032 ὢν
577 979 942 1052 ἀπαύγασμα
973 978 1082 1048 τῆς
1113 979 1298 1048 δόξης
1323 981 1421 1035 καί
1451 980 1754 1050 χαρακτὴρ

116 1079 148 1140 έν
165 1069 280 1138 τῆς
302 1071 718 1140 ὑποστάσεως.
750 1075 862 1128 Καὶ
881 1075 939 1128 ὲν
962 1074 1050 1127 ἑτέ
1059 1091 1170 1146 ροις
1197 1074 1254 1128 δὲ
1275 1073 1512 1145 είρηται’
1549 1074 1754 1132 Ἄπαύ-

162 1179 371 1234 γιισμα
397 1164 509 1234 γάρ
531 1166 662 1219 ἐστι
682 1166 880 1235 φωτὸς
895 1166 1112 1230 ἀϊδίου,
1143 1167 1242 1221 καί
1261 1168 1584 1234 εἵσοπτρον
1607 1167 1752 1234 ἀκη-

109 1257 123 1306 .’
159 1254 422 1309 λίδωτον
460 1255 568 1326 τῆς
605 1257 710 1312 τοῦ
763 1257 910 1312 Θεοῦ
944 1258 1266 1328 ἐνεργείας,
1295 1258 1394 1312 καὶ
1421 1257 1597 1312 εἰκὼν
1643 1255 1753 1326 τῆς

161 1348 534 1416 ἀγαθότητος
565 1349 772 1403 αὐτοῦ·
815 1345 972 1413 αὖθις
1001 1349 1058 1402 δὲ
1097 1350 1127 1402 ὁ
1167 1349 1514 1414 Ἀπόστολος·
1562 1350 1752 1404 Ἀπεκ-

162 1438 494 1509 δυσάμενοι
521 1441 630 1495 τὸν
653 1441 914 1497 παλαιὸν
939 1440 1274 1509 ἄνθρωπον,
1303 1441 1402 1495 καί
1426 1440 1749 1511 ἐνδυσάμε-

163 1548 260 1583 νοι
281 1534 388 1584 τὸν
421 1531 583 1598 νέον,
615 1532 723 1588 τὸν
747 1533 1263 1604 ἀνακαινούμενον
1289 1536 1374 1598 είς
1399 1533 1746 1602 ἐπίγνωσιν,

162 1624 294 1676 κατ’
320 1621 526 1678 εἰκόνα
554 1625 659 1678 τοῦ
691 1626 1032 1693 κτίσαντος,
1067 1626 1262 1695 λέγων,
1295 1624 1453 1696 δῆλός
1486 1626 1652 1689 ἐστιν,
1686 1625 1746 1678 οὐ

1867 548 1885 580 ι
1924 544 2068 585 nem.
2093 529 2228 584 Nam
2260 529 2352 598 qui
2380 536 2559 600 potest
2597 527 2729 583 illud
2763 527 2905 596 ﬁeri,
2933 535 2993 582 ut
3023 527 3115 598 qui
3166 528 3429 584 Dominus

1862 639 1884 674 ι
1913 633 1970 678 ει
1999 622 2139 680 Deus
2162 631 2325 677 natus
2357 632 2463 686 est,
2493 622 2636 690 quod
2661 629 2778 676 erat
2803 621 2872 676 ab
2902 621 2996 676 illo
3025 621 3080 674 in
3112 621 3425 690 praeceden-

1863 735 1882 766 ι
1928 715 2070 770 tibus
2128 714 2388 784 positum,
2443 713 2536 769 Dei
2599 714 2780 783 imago
2823 713 3130 768 diceretur?
3154 708 3313 766 Aliud
3345 721 3430 766 est

1861 819 1881 854 ι
1922 802 2124 871 quippe
2153 804 2293 856 Deus
2326 821 2339 855 :
2371 811 2424 856 et
2452 802 2628 870 imago
2657 801 2752 854 Dei
2784 799 2950 855 aliud.
2969 800 3110 870 Ergo
3131 801 3220 869 qui
3251 801 3429 870 imago

1860 911 1879 945 ι
1909 903 2039 958 est,
2077 908 2182 947 non
2227 902 2309 948 est
2339 894 2384 948 is
2413 894 2598 962 utique
2650 892 2910 949 Dominus
2961 900 3056 946 aut
3101 892 3276 947 Deus:
3333 893 3428 947 sed

1860 1004 1881 1038 ι
1927 985 2138 1040 Domini
2167 985 2366 1053 imago,
2401 994 2565 1054 atque
2599 984 2716 1042 Dei.
2761 981 2916 1050 Quod
2971 983 3016 1038 si
3047 982 3309 1038 Dominus
3340 997 3429 1037 re»

1859 1097 1878 1130 ι
1918 1093 2045 1132 vera
2080 1078 2149 1133 sit
2176 1089 2231 1133 et
2257 1076 2423 1142 Deus,
2451 1093 2555 1134 non
2580 1085 2760 1148 potest
2779 1089 2904 1132 esse
2931 1077 3110 1146 imago
3138 1074 3228 1130 Dei
3261 1084 3426 1146 atque

1859 1187 1878 1220 ι
1908 1169 2139 1225 Domini.
2179 1187 2199 1222 ι
2233 1168 2358 1224 Ηαιε
2390 1169 2941 1225 inconsideratissime
2969 1167 3049 1224 sic
3090 1167 3158 1222 ab
3187 1166 3278 1222 illo
3307 1176 3423 1222 sta-

1853 1272 2108 1316 tuuntur:
2159 1263 2387 1318 minime
2429 1270 2610 1316 autem
2670 1259 2956 1326 intellexit,
3022 1272 3179 1329 posse
3227 1257 3423 1314 Filium

1855 1356 1914 1415 ιῐς
1945 1352 2071 1418 dici,
2101 1351 2277 1407 vivam
2324 1352 2617 1421 imaginem
2659 1349 2842 1406 Patris
2887 1350 2969 1406 sui
2999 1389 3016 1415 ,
3065 1364 3187 1404 cum
3219 1349 3293 1404 sit
3327 1365 3427 1404 suo

1853 1440 1999 1496 Patri
2033 1456 2195 1511 quam
2229 1442 2563 1497 simillimus.
2612 1441 2726 1497 Hoc
2763 1453 2818 1496 et
2862 1441 3144 1510 Scriptura
3197 1449 3427 1496 testatur

1852 1533 2100 1603 inquiens
2133 1553 2146 1588 :
2191 1531 2329 1588 Vixit
2375 1546 2551 1589 autem
2583 1535 2750 1588 Adam
2773 1534 3026 1588 ducentos
3053 1549 3221 1587 annos
3255 1543 3304 1587 et
3337 1534 3427 1586 tri-

1847 1627 2014 1696 ginta,
2043 1638 2090 1682 et
2127 1630 2304 1698 genuit
2328 1628 2614 1682 secundum
2646 1628 2926 1696 imaginem
2949 1637 2996 1680 et
3021 1626 3426 1681 similitudinem

163 1713 263 1784 τὴν
307 1713 486 1784 σάρκα
521 1714 772 1787 εἰρῆσθαι
809 1714 1076 1770 διδάσκων
1119 1717 1218 1786 τὴν
1253 1715 1436 1769 εἰκόνα
1483 1709 1621 1768 εἶναι
1653 1713 1736 1767 τοῦ

1848 1737 2000 1774 suam
2050 1721 2244 1788 ﬁlium,
2297 1736 2516 1792 eumque
2572 1722 2861 1774 nominauit
2911 1720 3036 1774 Selii
3075 1721 3142 1773 ⁸⁷.
3176 1721 3250 1774 De
3299 1719 3422 1774 Filii

161 1805 322 1860 Θεοῦ.
351 1806 609 1870 Μεταόάς
635 1786 695 1859 δὲ
724 1803 881 1871 αὖθις
903 1808 1220 1880 Μάρκελλος
1242 1809 1336 1862 ἐπὶ
1366 1809 1492 1871 τοὺς
1520 1807 1736 1860 ἐπισκό-

1849 1821 2026 1866 autem
2050 1786 2342 1868 divinitate
2368 1786 2658 1882 Apostolus
2693 1813 2873 1878 docet,
2914 1812 3138 1867 dicens:
3172 1812 3275 1876 Qui
3306 1827 3426 1865 cum

160 1913 320 1962 πους,
355 1891 459 1952 ὧδε
497 1897 730 1971 γράφει·
771 1919 789 1952 ι
860 1899 990 1956 Ἰδοὺ
1039 1901 1148 1973 γὰρ
1178 1901 1240 1954 τὸ
1283 1900 1427 1955 κατὰ
1471 1899 1745 1971 Ἀστέριον

166 2008 186 2041 ι
230 1991 378 2060 ἡμᾶς
411 1990 522 2063 (18)
562 1992 622 2044 οὐ
653 1991 906 2046 τοσοῦτον
944 1993 1124 2057 λυπεῖ,
1159 1993 1208 2045 εί
1236 1991 1461 2046 τοιαῦτα
1494 1989 1741 2063 προήχθη

165 2103 185 2133 ι
225 2081 484 2153 γράφειν,
509 2082 625 2136 ἀλλ’
649 2083 729 2137 ὅτι
755 2084 849 2137 καί
878 2101 1022 2148 τινες
1047 2083 1155 2137 τῶν
1182 2083 1510 2155 προεστάναι
1527 2083 1744 2137 δοκούν-

163 2192 183 2226 ι
225 2191 335 2228 των
351 2175 450 2246 τῆς
486 2174 836 2245 Ἐκκλησίας,
853 2176 952 2247 τῆς
979 2175 1078 2246 μὲν
1097 2173 1461 2245 ἀποπολικῆς
1488 2173 1742 2228 ἐπιλαθό-

163 2281 184 2314 ι
228 2279 380 2332 μενοι
400 2263 770 2335 παραδόσεως,
802 2263 870 2318 τὰ
891 2263 950 2317 δὲ
981 2263 1180 2330 ἔξωθεν
1211 2263 1319 2320 τῶν
1358 2265 1518 2319 Θείων
1549 2282 1739 2338 προτι-

164 2372 184 2405 ι
233 2355 306 2425 μή
315 2370 522 2419 σαντες,
549 2355 771 2411 τοιαῦτά
794 2374 914 2410 τινα
941 2357 1150 2429 γράψαι
1171 2374 1230 2411 τε
1251 2357 1346 2412 καὶ
1365 2357 1573 2425 διδάξαι
1593 2357 1741 2413 ἐτόλ-

162 2464 184 2498 ι
229 2462 432 2517 μησαν,
483 2446 520 2500 ἃ
569 2447 720 2501 οὐδὲν
761 2447 981 2502 ἔλαττον
1025 2448 1128 2520 τῆς
1169 2448 1280 2503 τῶν
1325 2451 1741 2523 προειρημένων

162 2558 184 2593 ι
223 2539 407 2612 ἔχεται
433 2537 662 2613 πλάνης.
704 2562 722 2595 ι
755 2545 866 2597 Καὶ
905 2544 1022 2616 μεθ’
1051 2544 1216 2616 ἔτερα
1241 2545 1506 2614 ἐπιλέγει·
1544 2563 1564 2599 ι
1625 2547 1740 2600 Ἐν-

159 2651 181 2684 (
221 2633 401 2704 τυχὼν
423 2633 534 2706 γὰρ
562 2635 876 2707 Ναρκίσσου
909 2635 1003 2691 τοῦ
1033 2637 1370 2706 Νερωνιάδος
1398 2639 1738 2711 προεστῶτος

160 2745 180 2778 ι
223 2727 501 2800 ἐπιστολῇ,
525 2729 591 2800 ὴν
613 2728 858 2801 γέγραφε
882 2730 1019 2801 πρὸς
1047 2730 1294 2802 Χρηστόν
1324 2731 1436 2804 (19)
1463 2749 1604 2799 τινα,
1645 2732 1738 2787 καὶ

157 2839 179 2871 ι
221 2820 540 2892 Εὐφρόνιον,
565 2821 658 2875 καὶ
686 2821 964 2887 Εὐσέϐιον,
990 2823 1066 2886 ὠς
1104 2823 1281 2878 Ὀσίου
1306 2823 1404 2878 τοῦ
1435 2823 1736 2879 ἐπισκόπου

157 2928 181 2962 ι
222 2911 596 2983 ἐρωτήσαντος
627 2913 811 2979 αὐτὸν,
838 2914 911 2978 εἰ,
939 2912 1127 2986 ὥσπερ
1155 2913 1413 2980 Εὐσέϐιος
1435 2916 1465 2969 ό
1491 2916 1591 2987 τῆς
1623 2916 1738 2972 lla-

157 3023 180 3055 ι
225 3004 504 3076 λαιστίνης
527 3004 620 3059 δύο
648 3005 838 3070 οὐσίας
871 3001 1011 3060 εἶναί
1057 3023 1241 3079 φησιν,
1273 3005 1415 3061 οὕτω
1455 3009 1549 3064 καὶ
1573 3008 1736 3074 αὐτὸς

1847 1907 1901 1958 in
1937 1903 2110 1973 forma
2145 1903 2240 1958 Dei
2276 1905 2688 1970 exsisteret,non
2722 1905 2899 1974 utique
2926 1905 3167 1972 rapinam
3198 1903 3427 1956 arbitra-

1847 2003 1930 2048 tus
1963 2004 2069 2061 est,
2093 2010 2201 2049 esse
2215 2011 2270 2050 se
2295 1994 2547 2064 aequalem
2577 1993 2726 2048 Deo:
2754 1993 2844 2048 sed
2878 1993 3211 2060 semetipsum
3245 1993 3428 2047 ezina~

1845 2086 1973 2140 uiuit
2008 2087 2089 2150 Μ’;
2121 2095 2176 2141 et
2212 2085 2405 2141 iterum
2441 2101 2454 2138 :
2481 2084 2614 2140 Cum
2634 2095 2762 2140 esset
2790 2085 2975 2156 glorite
2999 2086 3420 2154 resplendescen-

1845 2177 1922 2230 tia
1971 2187 2019 2232 et
2046 2179 2336 2244 emanatio,
2363 2189 2413 2233 et
2440 2179 2716 2232 character
2753 2179 3053 2248 hypostasis
3080 2179 3148 2231 δ’.
3195 2177 3263 2231 Et
3293 2177 3424 2230 alibi

1843 2269 2042 2324 dicitur
2075 2287 2090 2323 :
2123 2268 2279 2324 Lucis
2314 2269 2504 2326 etenim
2521 2280 2733 2326 internas
2763 2281 2837 2324 est
2861 2270 3147 2335 emanatio,
3167 2281 3214 2323 et
3241 2283 3425 2336 specu-

1841 2359 1952 2414 lum
1998 2359 2394 2415 immaculatum
2429 2360 2527 2416 Dei
2558 2362 2896 2430 operationis,
2938 2369 2990 2414 et
3033 2361 3208 2428 imago
3254 2359 3424 2428 ipsius

1840 2453 2203 2521 bonitatis”;
2244 2463 2298 2509 et
2333 2455 2627 2524 Apostolus
2657 2453 2832 2509 adhuc
2866 2471 2880 2507 :
2921 2452 3168 2508 Devestiti
3206 2460 3426 2506 ueterem

1839 2546 2120 2610 hominem,
2151 2555 2200 2602 et
2231 2562 2422 2600 nouum
2446 2546 2620 2600 induti
2648 2548 2740 2614 qui
2770 2556 3058 2600 renovatur
3087 2545 3142 2599 in
3165 2544 3426 2613 cognitio-

1838 2652 1976 2702 nem,
2022 2637 2309 2692 secundum
2341 2638 2622 2708 imaginem
2649 2636 2957 2692 Conditoris
2984 2639 3054 2689 ⁸³.
3117 2636 3248 2704 Qum
3297 2651 3422 2691 cum

1836 2727 2005 2796 dicat,
2072 2729 2205 2784 satis
2257 2737 2408 2799 patet
2468 2744 2573 2785 non
2638 2729 2872 2785 voluisse
2923 2730 3076 2784 illum
3123 2729 3426 2800 intelligere

1837 2835 2058 2876 carnem
2089 2833 2212 2876 esse
2244 2818 2540 2886 imaginem
2572 2820 2686 2878 Dei.
2719 2819 3015 2875 Transiens
3049 2820 3175 2875 hinc
3203 2819 3425 2876 Marcel-

1836 2910 1922 2966 lus
1943 2912 2010 2964 ad
2031 2910 2322 2981 episcopos
2347 2909 2422 2964 ita
2448 2909 2638 2966 scribit
2676 2909 2771 2982 [Β.
2805 2909 3120 2982 LXXXVII]
3157 2930 3170 2967 :
3214 2929 3233 2962 ι
3282 2911 3424 2966 Ecce

1842 3021 1862 3057 ι
1900 3019 2050 3070 vero,
2083 3019 2188 3060 non
2222 3015 2332 3059 tam
2377 3003 2578 3059 Asterii
2610 3019 2772 3060 causa
2817 3019 2918 3059 nos
2951 3018 3186 3060 maerore
3233 3002 3418 3066 allicit,

157 3117 178 3150 ι
221 3097 394 3188 λέγοι.
419 3099 631 3168 Ἔγνων
657 3099 819 3154 αὐτὸν
839 3099 950 3171 (20)
968 3099 1076 3155 ἀπὸ
1107 3099 1214 3154 τῶν
1229 3101 1567 3172 γραφέντων,
1588 3104 1736 3174 τρεῖς

1845 3116 1862 3150 ι
1901 3098 1948 3154 si
2001 3098 2130 3152 talia
2169 3097 2368 3153 litteris
2400 3097 2710 3163 mandavit,
2761 3112 2924 3168 quam
2979 3097 3121 3167 quod
3174 3093 3417 3150 nonnulli

155 3211 178 3245 ι
220 3187 360 3246 εἴναι
390 3192 664 3247 πιστεύειν
693 3193 881 3257 οὐσίας
922 3193 1367 3265 ἀποκρινόμενον.
1405 3213 1425 3246 ι
1459 3193 1624 3248 Ταῦτ’
1655 3197 1733 3250 εί-

153 3285 297 3349 πὼν,
324 3283 435 3340 άπὸ
470 3283 562 3339 τοῦ
597 3284 908 3358 Ναρκίσσου
936 3287 1028 3341 ἐπὶ
1063 3285 1155 3340 τὸν
1191 3285 1451 3340 Εὐσέϐιον
1481 3287 1736 3358 μεταδαί-

149 3395 253 3443 νει,
296 3376 639 3449 κατηγορῶν,
675 3377 757 3431 ὅτι
783 3376 875 3430 τὸν
903 3377 1075 3447 Λόγον
1105 3377 1200 3432 τοῦ
1234 3375 1370 3431 Θεοῦ
1387 3417 1402 3441 ,
1435 3377 1567 3432 Θεὸν
1595 3373 1734 3433 εἶναι

147 3469 425 3541 ὁμολογεῖ.
475 3469 682 3541 Γράφει
712 3469 770 3522 δὲ
803 3467 1053 3540 καὶπερὶ
1085 3468 1250 3522 αὐτοῦ
1299 3468 1474 3522 ταῦτα
1499 3486 1512 3500 ·
1563 3489 1584 3521 ι
1619 3471 1733 3523 Διε⁴

157 3583 176 3613 ι
218 3560 333 3614 λείν
359 3561 474 3632 γὰρ
493 3561 586 3614 τὸν
611 3561 782 3629 Λόγον
817 3559 912 3613 τοῦ
937 3558 1072 3613 Θεοῦ
1101 3559 1395 3632 τολμήσας,
1423 3559 1518 3615 καὶ
1547 3559 1736 3633 ἓτερον

156 3675 178 3708 ι
217 3655 354 3710 Θεὸν
388 3655 480 3708 τὸν
525 3653 696 3724 Λόγον
735 3653 1020 3724 ὀνομάσαι,
1070 3652 1228 3723 οὐσίᾳ
1269 3669 1328 3706 τε
1371 3653 1465 3707 καὶ
1508 3652 1733 3724 δυνάμει

157 3771 177 3802 ι
217 3747 486 3803 διεστῶτα
533 3747 628 3801 τοῦ
659 3747 904 3819 Πατρὸς,
938 3747 1016 3810 είς
1063 3747 1194 3818 ὅσην
1241 3745 1592 3818 βλασφημίαν
1639 3748 1733 3800 ἐκ·

158 3864 178 3895 ι
218 3842 529 3906 πέπτωκεν,
564 3841 737 3895 ἔνεστι
767 3841 952 3910 σαφῶς
981 3840 1075 3895 ἀπ’
1100 3840 1278 3894 αὐτῶν
1305 3839 1414 3894 τῶν
1441 3841 1530 3894 ὐπ’
1571 3840 1734 3894 αὐτοῦ

158 3951 178 3986 ι
218 3933 544 4005 γραφέντων
587 3931 765 4003 ῥητῶν
815 3932 1011 4004 ῥαδίως
1055 3930 1364 4003 μανθάνειν.
1422 3951 1440 3982 ι
1484 3931 1732 4004 Γέγραφε

149 4026 208 4080 δὲ
241 4026 434 4091 αὐταῖς
453 4025 661 4090 λέξεσιν
687 4023 863 4088 οὕτως
881 4042 894 4055 ο
929 4042 947 4074 ι
986 4024 1060 4076 Οὐ
1095 4023 1158 4093 δή
1185 4040 1286 4077 που
1310 4023 1368 4076 δὲ
1393 4024 1427 4094 ἡ
1455 4022 1618 4076 εἰκὼν
1639 4025 1733 4078 καὶ

155 4142 173 4172 ι
212 4121 276 4175 τὸ
310 4114 373 4174 οὖ
426 4121 574 4173 ἐστιν
623 4121 656 4190 ἠ
696 4117 880 4182 εἰκὼν,
915 4117 972 4171 ἓν
1022 4119 1114 4171 καὶ
1157 4116 1354 4172 ταύτὸν
1397 4119 1690 4171 ἐπινοεῖται
1715 4135 1727 4148 ’

155 4232 175 4265 ι
213 4211 352 4266 ἀλλὰ
379 4213 473 4266 δύο
504 4211 602 4282 μὲν
633 4211 832 4274 οὐσίαι,
871 4211 963 4265 xal.
1000 4209 1093 4263 δύο
1129 4209 1462 4282 πράγματα,
1504 4211 1597 4263 καὶ
1641 4210 1734 4264 δύο

153 4323 172 4354 ι
212 4302 508 4373 δυνάμεις,
550 4294 625 4355 ὧν
665 4302 759 4354 καὶ
820 4298 1074 4354 τοσαῦται
1121 4296 1502 4370 προσηγορίαι.
1553 4315 1571 4348 ι
1622 4298 1733 4350 Καὶ

147 4393 326 4447 ταῦτα
385 4392 461 4457 ὡς
522 4391 703 4456 καλῶς
766 4390 1067 4446 διαϐάλλων
1137 4389 1461 4461 προστίθησι
1518 4389 1726 4458 λέγων’

1846 3213 1866 3246 ι
1909 3194 2000 3265 qui
2020 3207 2253 3265 praeesse
2270 3192 2522 3248 videntur
2539 3191 2819 3258 Ecclesiae,
2843 3190 3152 3262 apostolicae
3178 3189 3424 3245 traditio-

1843 3303 1862 3336 ι
1907 3283 1998 3338 nis
2027 3283 2205 3348 obliti,
2237 3291 2294 3338 et
2325 3282 2605 3339 saecularia
2634 3282 2834 3338 divinis
2859 3281 3233 3353 praeferentes,
3268 3280 3420 3350 ejus-

1834 3394 1860 3449 _(
1901 3376 2108 3432 cemodi
2137 3375 2382 3446 quaedam
2415 3375 2660 3430 scribere
2689 3382 2744 3429 et
2771 3374 2969 3429 docere
3009 3373 3188 3442 palam
3220 3372 3422 3427 fuerint

1841 3485 1862 3519 ι
1908 3469 2048 3532 ausi,
2088 3483 2208 3537 qua:
2231 3482 2339 3522 non
2369 3467 2551 3521 minus
2583 3481 2746 3535 quam
2771 3464 3129 3534 praecedentia
3175 3477 3417 3519 errorem

1839 3579 1858 3610 ι
1907 3559 2203 3630 implicant.
2233 3578 2252 3612 ι
2275 3558 2479 3614 Deinde
2498 3559 2776 3629 subiungit
2811 3567 2933 3628 post
2957 3556 3211 3612 nonnulla
3238 3557 3418 3610 inter-

1826 3654 2010 3724 jecta:
2051 3653 2260 3708 «Incidi
2297 3651 2589 3720 aliquando
2636 3651 2692 3706 in
2748 3649 3032 3720 epistolam
3079 3665 3110 3704 a
3163 3647 3418 3702 Narcisso

1839 3768 1858 3801 ι
1905 3746 2163 3816 scriptam
2194 3745 2516 3802 Neroniadis
2541 3745 2816 3814 episcopo,
2843 3758 3005 3814 quam
3026 3743 3092 3797 ad
3122 3741 3414 3796 Cbrestum

1839 3861 1858 3893 ι
1903 3841 2192 3911 quemdam
2231 3839 2430 3896 direxit
2456 3849 2512 3895 et
2541 3837 2909 3908 Euphronium
2936 3876 2951 3901 ,
2986 3845 3042 3891 et
3089 3833 3418 3897 Eusebium,

1839 3953 1858 3986 ι
1906 3934 2060 4004 quasi
2088 3933 2367 4003 proposita
2401 3932 2502 4002 ipsi
2529 3931 2598 3986 ab
2622 3929 2786 3985 Hosio
2815 3928 3069 3999 episcopo
3097 3923 3418 3994 quastione,

1839 4044 1858 4078 ι
1906 4035 2088 4096 utrum
2134 4027 2287 4096 ipse,
2341 4024 2503 4080 veluti
2559 4022 2826 4078 Eusebius
2888 4011 3233 4084 Palaestinus,
3286 4019 3420 4073 duas

1840 4135 1858 4170 ι
1904 4118 2238 4173 substantias
2265 4116 2551 4172 fateretur.
2572 4115 2722 4170 Hanc
2747 4114 2838 4169 ubi
2869 4113 3128 4184 legeram,
3169 4113 3417 4166 animad-
3467 4143 3474 4152 ι

1839 4227 1858 4260 ι
1907 4209 2048 4265 verti
2117 4219 2172 4265 et
2207 4209 2382 4280 ipsum
2423 4209 2628 4278 scripto
2668 4207 2759 4262 illo
2791 4221 2892 4262 suo
2943 4216 3054 4261 tres
3082 4204 3420 4261 substantias

1838 4319 1858 4353 ι
1903 4301 2124 4357 omnino
2161 4301 2435 4356 conﬁteri.
2462 4319 2482 4352 ι
2524 4299 2648 4355 Haec
2677 4299 2768 4354 ubi
2805 4298 2960 4366 dixit,
2989 4313 3018 4351 a
3048 4297 3305 4352 Narcisso
3350 4295 3418 4349 ad

1835 4391 2123 4448 Eusebium
2178 4391 2529 4456 transcendit,
2575 4405 2808 4460 eumque
2859 4398 3082 4446 accusat
3129 4403 3197 4443 eo
3243 4387 3420 4442 nomi-

154 4503 174 4537 ι
214 4484 343 4549 Πῶς
379 4479 472 4538 οὖν
501 4485 560 4538 οὐ
593 4483 691 4555 τὴν
719 4483 890 4554 αὐτὴν
919 4477 1062 4537 οὗτοι
1103 4485 1216 4545 τοῖς
1242 4481 1439 4546 ἔξωθεν
1464 4481 1732 4552 κακίστην

1845 4500 1920 4551 ιε,
1981 4484 2122 4555 quod
2165 4483 2398 4540 Verbum
2453 4483 2546 4539 Dei
2607 4483 2928 4553 proﬁteatur
2970 4480 3162 4534 Deum.
3219 4477 3420 4532 Scribit

155 4593 173 4627 ι
211 4573 336 4628 ὁδὸν
382 4573 712 4646 τραπέντας,
749 4573 819 4627 τὰ
860 4572 997 4627 αὐτὰ
1037 4572 1243 4640 διδάξαι
1290 4591 1351 4627 τε
1386 4575 1478 4627 καὶ
1522 4573 1726 4646 γράψαι

1845 4584 2013 4632 autem
2047 4576 2112 4630 ad
2137 4566 2295 4631 hunc'
2316 4575 2533 4632 modum
2569 4593 2582 4629 :
2631 4572 2724 4646 [ιι.
2750 4569 2965 4643 LXXII]
3003 4587 3024 4623 ι
3047 4569 3285 4626 Verbum
3319 4562 3416 4621 Dei

217 4718 279 4776 >14
319 4712 419 4766 Ed.
449 4711 653 4778 Parim,
676 4728 797 4782 pag.
823 4713 915 4768 25.

220 4783 266 4817 ‘7
301 4782 440 4838 Gen.
492 4798 544 4847 ν,
594 4783 648 4838 ’5.
723 4783 768 4815 ⁸⁸
798 4783 990 4856 Philip.
1033 4799 1098 4852 ιι,
1135 4784 1188 4852 6,
1223 4785 1275 4840 7.
1352 4786 1396 4819 “
1426 4785 1594 4844 Hebr.
1619 4803 1656 4855 ι,
1700 4788 1756 4842 5.

221 4918 338 4994 (I8)
372 4921 464 4994 Oi)
493 4921 788 4976 τοσοῦτον
837 4920 994 4993 ἡμᾶς
1039 4920 1240 4978 λυπεῖ.
1296 4921 1556 4994 Scilicet,
1608 4923 1736 4994 quia

149 4991 271 5047 erat
310 4991 530 5063 laicus,
557 5007 697 5061 pene
731 4991 974 5063 paganus
1009 4993 1097 5046 hic
1144 4994 1412 5048 Asterius.
1463 4992 1597 5047 Nam
1631 4991 1738 5047 hic

149 5063 466 5133 manifeste,
501 5061 746 5128 docetur,
801 5061 906 5117 non
966 5063 1135 5118 fuisse
1185 5063 1336 5133 illum
1398 5064 1730 5133 episcopum.

148 5129 323 5188 Porro
353 5147 422 5186 ex
459 5132 542 5187 his
591 5149 711 5200 qua:
755 5145 1080 5203 sequuntur,
1115 5129 1518 5188 manifestarius
1568 5129 1735 5188 luere-

151 5203 292 5259 Iicus
318 5203 741 5270 deprehenditur
765 5203 1074 5273 Marcellus,
1103 5205 1146 5258 si
1174 5218 1298 5258 vere
1324 5204 1566 5258 retulerit
1591 5205 1736 5258 illius

148 5273 294 5346 dicta
333 5273 642 5346 scriptaque
672 5275 950 5329 Eusebius.
971 5273 1042 5328 M.
1061 5305 1132 5316 --
1155 5273 1287 5346 Dein
1312 5274 1470 5344 vulgo
1501 5275 1734 5346 γράφειν

149 5353 204 5396 ει
230 5343 335 5416 τῆς
365 5343 560 5416 ἀποστ.
582 5353 640 5416 et
665 5360 773 5400 om.
801 5345 910 5416 γάρ
945 5343 1352 5416 νόει-ἐντυχών.

224 5414 271 5482 (1
285 5413 342 5482 9)
383 5413 540 5492 ῌρὸς
565 5415 843 5492 Χρηστόν
873 5413 1026 5470 τινα.
1064 5413 1578 5492 Era_t_'Eup_l_i_ronius
1615 5415 1728 5492 epi:

152 5495 352 5554 scopas
396 5484 787 5548 Antioclienu's,
837 5499 1121 5541 successor
1159 5484 1395 5539 Flaccilli
1428 5506 1441 5540 :
1487 5485 1624 5552 ejus,
1654 5485 1722 5540 ad

152 5563 480 5626 guetnﬂtres
531 5554 694 5609 hosce
744 5557 1072 5626 posteriores
1124 5571 1254 5610 suos
1305 5555 1716 5626 Iibmsﬁfcontra

153 5621 499 5685 Marcellum,
556 5626 704 5679 misit
747 5621 1029 5681 Eusebius
1089 5626 1401 5691 dedicatos;
1454 5625 1716 5680 Chrestus

152 5705 284 5766 vero
309 5696 593 5764 episcopus
623 5697 896 5766 Nysscnus
928 5698 984 5750 in
1013 5697 1185 5751 locum
1218 5696 1548 5764 Theognidis
1577 5696 1712 5764 pulsi

156 5776 186 5817 a
214 5765 566 5823 Constantino
585 5808 600 5833 ,
626 5765 681 5823 et
706 5767 832 5822 oliui
863 5768 1092 5839 depositi
1116 5783 1143 5823 a
1177 5768 1409 5823 concilio
1437 5788 1446 5823 :
1478 5767 1570 5823 sed
1599 5781 1719 5822 cum

1830 4786 1874 4827 ιο
1909 4785 2038 4856 Sap.
2068 4801 2178 4852 vn,
2210 4785 2301 4842 26.
2377 4787 2419 4818 ⁸⁸
2451 4784 2566 4841 Col.
2606 4799 2687 4847 ιιι,
2713 4782 2767 4849 9,
2796 4781 2883 4838 I0.

1810 4921 2090 4978 .videatur
2139 4923 2226 4976 hic
2256 4921 2512 4983 Arianus,
2555 4929 2612 4974 et
2641 4920 2708 4973 de
2735 4933 2801 4972 eo
2845 4927 3104 4986 tanquam
3148 4929 3257 4986 per
3287 4928 3416 4970 con-

1839 5001 2104 5114 temptam
2141 4993 2391 5062 loquatur
2426 4989 2734 5053 Marcellus,
2771 4985 2987 5058 opinor,
3016 4986 3179 5040 alium
3213 4985 3280 5038 ab
3310 4986 3414 5041 isto

1839 5077 1904 5114 vu
1936 5073 1970 5114 t.
2006 5093 2021 5114 ι
2063 5102 2076 5114 .

1836 5073 1970 5116 VIIII.
2006 5073 2076 5115 Μ.

1907 5132 2022 5204 (20)
2065 5133 2293 5200 Ἐγννων
2324 5131 2527 5204 αὐτόν.
2579 5129 2841 5199 Loquitur
2876 5126 3174 5204 Marcellus
3193 5123 3417 5204 Eu-

1834 5195 2014 5268 sebio,
2032 5212 2086 5256 et
2123 5195 2309 5255 verum
2335 5212 2439 5267 εει,
2468 5195 2688 5255 fatetun
2701 5210 2808 5255 tres
2836 5198 3045 5262 οὐσίας,
3074 5197 3168 5252 sed
3193 5195 3412 5268 Filium,

1837 5283 1894 5343 et
1940 5265 2199 5343 spiritum
2250 5265 2498 5343 sanctum
2551 5281 2767 5326 creatas
2821 5269 3181 5343 substantias.
3219 5265 3413 5343 Filiutn

1837 5335 1999 5398 Patre
2037 5343 2326 5402 minorem.
2379 5341 2639 5410 Spiritum
2690 5350 2934 5410 sanctum
2965 5337 3119 5400 Filio,
3170 5339 3313 5389 hunc
3339 5335 3411 5410 Ain

1836 5423 2098 5484 tempore,
2147 5411 2292 5484 illum
2328 5405 2453 5484 ante
2491 5423 2761 5484 tempora,
2785 5409 3189 5484 sed_c_reat_um;
3224 5405 3410 5484 statim

1834 5474 2053 5537 accusat
2079 5474 2200 5536 eum
2231 5480 2514 5535 Marcellus
2534 5474 2724 5535 de‘lioc
2751 5478 3228 5549 ipsoiblasphemo,
3253 5474 3412 5549 οὐσίᾳ

1829 5554 1926 5607 καὶ
1944 5553 2168 5624 δυνάμει
2197 5551 2459 5605 διεστῶτα
2478 5549 2571 5604 τοῦ
2593 5547 2822 5624 ῌ-ατρός.
2843 5548 2950 5624 Nec
2975 5547 3224 5624 amolitur
3244 5547 3396 5624 Ense

1833 5625 1955 5678 bius
1987 5615 2122 5676 hanc
2151 5624 2572 5690 accusationem.
2603 5620 2673 5676 Μ.
2701 5615 2768 5662 5—-
2803 5622 2928 5673 Deiu
2965 5619 3126 5690 vulgo
3162 5617 3270 5672 ἁπὸ
3303 5615 3403 5670 τῶι

1832 5695 1923 5748 ὐπ’
1961 5693 2122 5748 αὐτοῦ
2150 5707 2200 5749 et
2221 5687 2292 5747 ὧν
2319 5693 2410 5746 καὶ
2437 5710 2549 5747 eos.
2571 5704 2622 5747 ct
2651 5691 2972 5762 τραπόντας.
