3836 6216
101 318 210 376 769

1224 319 1505 376 CONTRA
1544 317 1967 375 MARCELLUM
2009 315 2138 373 LIB.
2181 345 2221 371 ε.

3231 318 3353 389 ,πο

93 437 334 507 πικρῶς,
365 437 443 504 τῷ
470 435 635 504 μηδὲν
660 436 903 506 εἰρηκότι
933 434 1136 498 πλεῖον,
1166 435 1240 498 ὼς
1267 435 1429 497 αὐτὸς
1455 435 1678 506 γράφει,

1789 435 2061 499 transiret,
2106 435 2160 487 in
2187 433 2414 488 ecclesia
2439 433 2860 489 concionaretur
2888 450 2902 488 :
2931 435 3074 502 quod
3108 447 3168 490 se
3195 434 3356 492 fando

91 530 130 600 ἢ
166 527 228 582 τὸ
258 526 614 580 ἀποστολικὸν
649 529 834 597 ῥητόν.
867 527 977 580 Καὶ
1010 527 1106 580 νῦν
1149 527 1250 598 μὲν
1287 525 1380 579 δύο
1409 527 1564 592 θεοὺς
1595 527 1680 580 λέ-

92 637 220 688 γειν
247 619 337 673 τὸν
363 618 624 672 Εὐσέϐιον
657 618 929 689 ὁμολογεῖ,
959 619 1036 680 ὼς
1056 619 1123 672 ἂν
1143 619 1236 672 τὸν
1264 620 1390 673 Υἱὸν
1413 619 1507 672 τοῦ
1543 619 1678 672 Θεοῦ

93 709 454 778 θεολογοῦντα
489 710 584 762 σὺν
617 711 695 780 τῷ
730 711 937 782 Πατρίο
974 709 1178 780 προῖὼν
1208 712 1253 764 δ’
1290 713 1350 766 ἐν
1384 715 1496 775 τοῖς
1528 711 1678 781 ἑξῆς,

93 801 292 873 ὥσπερ
323 801 747 872 ἐπιλελησμένος
793 797 867 857 ὧν
911 804 1145 858 ἐνταῦθα
1176 805 1520 876 κατηγόρηκε
1541 844 1554 867 ,
1588 805 1680 858 τὸν

92 893 264 945 αὐτὸν
307 894 560 962 πειρᾶται
602 893 906 948 διαϐάλλειν
951 894 1027 958 ὡς
1063 893 1218 964 ψιλὸν
1260 895 1545 965 ἄνθρωπον
1591 895 1680 949 τὸν

93 985 334 1055 Χριστὸν
350 983 488 1038 εἶναι
514 985 759 1054 λέγοντα.
778 985 935 1056 Ἑξῆς
951 986 1007 1038 δὲ
1023 989 1134 1050 τοῖς
1154 986 1536 1058 προκειμένοις
1557 987 1680 1040 ἐπι-

96 1077 363 1129 συνάπτει
384 1077 581 1146 πολλὴν
600 1093 720 1129 τινα
743 1079 838 1130 καὶ
857 1077 1074 1148 μακρὰν
1091 1077 1379 1149 φλυαρίαν,
1395 1078 1464 1132 τά
1478 1095 1537 1130 τε
1551 1077 1680 1131 ὄντα

93 1168 167 1221 τά
181 1183 244 1220 τε
260 1167 334 1238 μὴ
349 1167 479 1220 ὄντα
491 1167 668 1238 ἐαυτῷ
683 1169 1084 1240 συνείρων(25)’
1108 1171 1390 1239 μονονουχὶ
1405 1169 1544 1222 κατὰ
1557 1171 1681 1234 τοὺς

95 1261 401 1330 φήσαντας.
436 1260 510 1313 Τὰ
530 1261 702 1329 χείλη
729 1259 898 1330 ἡμῶν
918 1260 1055 1328 παρ’
1077 1261 1222 1330 ἡμῖν
1235 1261 1386 1324 ἐστι,
1410 1261 1502 1326 τίς
1513 1259 1682 1330 ἡμῶν

94 1349 308 1416 κίῬιός
353 1348 518 1411 ἐστι;
572 1349 650 1400 Δι’
681 1343 756 1402 ὧν
795 1349 1100 1411 δείκνυται.
1149 1351 1331 1415 καθὼς
1383 1350 1681 1424 ἀρχόμενος

92 1441 237 1510 ἔφην
281 1440 373 1493 τοῦ
423 1440 872 1511 συγγράμματος,
920 1441 980 1506 ἐξ
1006 1442 1450 1514 ὑπερϐαλλούσης
1481 1442 1682 1515 ἔχθρας

92 1550 156 1584 τε
193 1533 288 1585 καὶ
322 1535 674 1604 μισαδελφίας
705 1536 1048 1605 ἐπιπηδήσας
1076 1537 1140 1605 τῇ
1174 1539 1380 1606 γραφῇ.
1422 1535 1680 1599 Μεταϐὰς

93 1626 142 1677 δ’
189 1627 255 1678 ὲκ
304 1625 528 1691 τούτων,
583 1628 854 1698 Ἀστέριον
911 1623 1066 1690 αὖθις
1115 1627 1401 1698 τραγῳδεῖ,
1465 1626 1680 1698 μακρὰν

95 1719 404 1772 ἀποτείνων
441 1721 536 1772 καὶ
580 1720 708 1790 περὶ
754 1719 918 1772 αὑτοῦ
949 1719 1221 1790 διήγησιν,
1269 1719 1416 1781 ὅπως
1448 1735 1508 1770 τε
1540 1719 1679 1771 ἀπο-

93 1810 265 1880 δημεῖ
295 1812 429 1881 (26),
463 1813 558 1866 καὶ⁹
591 1815 701 1874 ποῖ,
746 1812 840 1865 καὶ
862 1813 1022 1875 πότε,
1068 1811 1160 1865 καὶ
1193 1811 1332 1881 πρὸς
1359 1809 1529 1872 τίνας.
1571 1811 1681 1865 Καὶ
1714 1831 1755 1884 Β

94 1900 290 1953 τκὲτου
323 1901 378 1954 δὲ
414 1901 714 1972 ἀφέμενος,
745 1898 898 1965 αὖθις
945 1901 1038 1954 ἐπὶ
1076 1899 1167 1953 τὸν
1204 1900 1297 1953 τοῦ
1331 1899 1466 1953 Θεοῦ
1509 1899 1676 1971 ἄνδρα

99 1995 366 2046 Παυλῖνον
403 1994 689 2066 τρέπεται,
722 1994 896 2048 ταῦτα
929 1993 1157 2064 γράφων
1203 1994 1388 2056 αὐτοῖς
1433 1993 1673 2064 ῥήμασιο

103 2104 119 2133 ι
159 2083 382 2149 Τούτοις
407 2085 463 2138 δὲ
495 2088 609 2146 τοῖς
641 2087 824 2156 ῥητοῖς
855 2086 948 2139 καὶ
984 2087 1014 2137 ὁ
1041 2085 1233 2138 τούτου
1269 2083 1451 2155 πατὴρ
1497 2083 1677 2137 πειθό-

102 2191 120 2220 ι
166 2187 348 2241 μενος,
373 2172 654 2236 Παυλῖνος,
691 2171 862 2226 ταῦτα
898 2173 1076 2242 λέγειν
1108 2190 1167 2226 τε
1201 2174 1296 2227 καὶ
1325 2173 1558 2244 γράφειν
1579 2175 1679 2227 οὐκ

102 2279 124 2309 ι
163 2260 334 2323 ὀκνεῖ,
365 2263 495 2316 ποτὲ
535 2265 632 2335 μὲν
662 2263 913 2336 δεύτερον
938 2265 1070 2318 Θεὸν
1097 2265 1271 2334 λέγων
1301 2266 1393 2319 τὸν
1421 2267 1676 2337 Χριστὸν,

103 2369 122 2399 ι
167 2354 265 2405 καὶ
309 2352 495 2408 τοῦτον
549 2355 1040 2430 ἀνθρωπικώτερον
1101 2358 1459 2429 γεγεννῆσθαι
1511 2360 1673 2413 Θεόν·

101 2463 122 2492 ι
169 2445 300 2498 ποτὲ
329 2445 387 2497 δὲ
416 2446 508 2500 καὶ
541 2448 745 2518 κτίσμα
775 2450 936 2504 αὑτὸν
962 2445 1100 2504 εἶναι
1140 2450 1524 2522 διοριζόμενος.
1558 2453 1680 2505 ’ὐτι

101 2553 122 2585 ι
164 2537 226 2588 δὲ
263 2535 412 2592 τοῦθ’
440 2537 613 2601 οὕτως
656 2539 802 2609 ἔχει,
847 2542 943 2594 κα)⁸
995 2541 1132 2613 πρὸς
1175 2543 1324 2612 ἡμᾶς
1370 2560 1532 2608 ποτε,
1583 2543 1680 2613 τὴν

101 2646 122 2676 ι
161 2625 436 2697 Ἄγκυραν
463 2626 634 2690 διῐὼν,
659 2629 863 2699 κτίσμα
879 2630 1124 2684 εἶναιτὸν
1152 2629 1382 2701 Χριστὸν
1399 2630 1624 2701 ἔφασκε.
1655 2651 1676 2684 ο

97 2717 214 2770 Καὶ
251 2717 414 2772 πάλιν
456 2719 766 2790 μυθολογῶν
799 2721 1065 2792 διελέχθαι
1101 2722 1181 2793 τῷ
1214 2723 1466 2794 Παυλίνῳ
1494 2725 1678 2792 φησίν.

98 2812 340 2864 Ἔπειτα
377 2811 649 2866 διαϐάλλει
681 2814 771 2866 τὸν
817 2816 1105 2886 μακάριον,
1139 2815 1217 2878 ὡς
1262 2814 1416 2878 θεοὺς
1455 2814 1683 2878 πολλοὺς

90 2904 397 2975 εἰρηκότα,
433 2905 527 2959 καὶ
576 2905 887 2960 καταλιπὼν
920 2905 1014 2960 τὸν
1058 2905 1342 2972 Παυλῖνον,
1395 2905 1557 2961 πάλιν
1604 2905 1684 2976 τῷ

94 2998 351 3069 Εὑσεϐίῳ
383 2999 630 3070 σχολάζει
686 3000 942 3070 φάσκων·
980 3021 998 3053 ι
1034 3000 1192 3056 Οὕτω
1217 3000 1274 3055 δὲ
1306 3000 1402 3055 καὶ
1426 3000 1685 3064 Εὐσέϐιος

99 3110 118 3140 ι
161 3090 194 3144 ό
233 3089 335 3160 τῆς
373 3092 710 3164 Καισαρείας
736 3094 981 3166 γέγραφε
1023 3094 1116 3149 καὶ
1153 3093 1337 3158 αὐτὸς,
1381 3092 1482 3164 τὴν
1515 3093 1685 3165 αὐτὴν

1781 526 2054 580 audivisse
2087 523 2354 592 afﬁrmat,
2413 532 2577 593 atque
2620 539 2686 579 ex
2744 525 3112 594 indignatione
3167 528 3358 582 scribit

1787 616 1886 688 [Β.
1927 615 2171 688 LXXIII]
2204 635 2217 670 :
2257 634 2276 666 ι
2311 615 2600 687 Apesmlus
2636 616 2941 684 huiusmodi
2987 616 3354 672 testimonium

1791 725 1811 758 ι
1856 707 2169 762 Galatarum
2201 707 2324 762 ﬁdei
2355 707 2603 776 perhibet
2631 725 2646 760 :
2679 707 2942 762 Eusebius
2973 719 3154 762 autem
3179 748 3194 772 ,
3229 726 3354 780 per-

1785 813 1805 847 ι
1854 812 2010 851 verso
2030 811 2192 852 sensu
2222 797 2538 866 apostolico,
2565 811 2674 866 quo
2702 797 2923 867 scripsit
2958 815 2972 853 :
3003 798 3358 868 Filioli,quos

1787 905 1806 938 ι
1853 890 2046 941 iterum
2078 888 2346 956 parturio,
2393 888 2565 942 donec
2602 887 2917 942 eliormetur
2948 891 3000 940 in
3027 887 3177 943 vobis
3205 889 3359 943 Chri-

1787 996 1804 1028 ι
1853 989 1989 1045 stus,
2019 977 2228 1035 Galatis
2255 980 2588 1034 obtrectatus
2631 988 2757 1044 est,
2813 987 2869 1030 ut
2917 979 3094 1032 minus
3125 990 3266 1034 recte
3292 983 3359 1033 de

1787 1086 1806 1119 ι
1851 1069 1961 1122 Deo
2022 1069 2405 1124 sentientibus.
2449 1088 2469 1121 ι
2530 1068 2692 1124 Certe
2766 1069 3017 1139 inquiens
3074 1072 3360 1138 parturit-it

1782 1163 2037 1215 acerbum
2071 1163 2355 1231 quemdam
2392 1171 2449 1216 et
2493 1161 2934 1216 molestissimum
2983 1174 3199 1230 partum
3248 1175 3357 1217 tum

1782 1267 1903 1305 cum
1954 1252 2521 1319 resciveratGalatas,
2567 1269 2672 1308 non
2706 1255 2800 1314 ita,
2853 1266 2912 1308 ut
2957 1255 3090 1324 ipse,
3143 1256 3208 1310 de
3256 1255 3362 1310 ﬁde

1782 1344 2076 1398 statuisse:
2116 1349 2175 1408 >14
2221 1361 2329 1398 non
2391 1345 2529 1400 duas
2585 1346 2922 1401 substantias
2979 1347 3305 1403 conﬁtentes
3339 1387 3357 1414 ,

1782 1449 1996 1490 nonres
2032 1437 2164 1491 duas
2191 1446 2242 1491 et
2265 1437 2557 1506 potentias,
2598 1453 2704 1493 non
2740 1439 2874 1493 duos
2907 1438 3038 1493 deos
3064 1453 3361 1508 agnoscen-

1783 1536 1881 1581 tes.
1909 1526 2042 1582 Nota
2072 1529 2201 1582 mihi
2242 1540 2426 1584 autem
2456 1539 2660 1599 quanto
2686 1546 2810 1584 cum
2841 1531 2964 1586 felle
2989 1539 3043 1586 et
3065 1531 3362 1588 acerbitate

1781 1618 2114 1672 cunvicietur
2145 1620 2217 1686 ei,
2253 1621 2344 1688 qui
2390 1621 2528 1675 nihil
2572 1636 2797 1690 prorsus
2837 1622 2888 1675 in
2913 1624 3114 1692 scripta
3155 1623 3357 1688 retulit,

1783 1719 1978 1778 praeter
2044 1710 2186 1764 nuda
2251 1710 2632 1782 ipsissimaque
2675 1713 2918 1782 Apostoli
2971 1716 3155 1780 verba,
3201 1715 3360 1786 idque

1782 1800 1945 1855 etiam
1977 1804 2092 1870 ipso
2120 1801 2337 1858 favente
2363 1814 2702 1860 accusatore.
2729 1805 2796 1859 Et
2826 1805 3003 1860 adhuc
3032 1808 3125 1876 qui
3158 1806 3362 1864 fatetur

1782 1893 1885 1948 hoc
1914 1895 2117 1950 inloco
2153 1894 2448 1950 Eusebium
2497 1897 2634 1953 duos
2681 1898 2813 1952 deos
2865 1899 3126 1967 profiteri,
3168 1909 3358 1968 utputa

1777 1985 1870 2054 qui
1915 2001 2036 2040 cum
2066 1985 2230 2043 Patre
2274 2003 2393 2054 suo,
2448 2003 2552 2043 una
2611 1999 2667 2044 et
2694 1989 2891 2044 Filium
2941 2005 3156 2058 quoque
3188 1989 3356 2046 Deum

1779 2087 2037 2146 agnoscat
2063 2093 2208 2144 esse,
2236 2096 2468 2150 pergens
2500 2097 2663 2151 porro
2686 2083 2738 2136 in
2772 2084 3155 2153 sequentibus,
3191 2079 3358 2140 veluti

1779 2169 1861 2222 sui
1902 2168 2123 2235 oblitus,
2171 2181 2228 2226 et
2289 2173 2680 2238 accusationis,
2717 2185 2949 2232 conatur
2995 2175 3244 2230 eumdem
3304 2186 3362 2231 et

1779 2258 2122 2326 calumniari,
2147 2263 2292 2333 quod
2327 2264 2531 2318 nudum
2564 2276 2774 2320 tantum
2823 2267 3093 2322 hominem
3130 2267 3362 2323 aﬁlrmet

1778 2369 1900 2411 esse
1949 2355 2254 2412 Christum.
2293 2359 2601 2416 Antedictis
2642 2361 2885 2416 annectit
2921 2361 2974 2415 in
3007 2361 3362 2430 sequentibus

1782 2447 2134 2517 multiplicem
2173 2460 2230 2505 et
2269 2449 2484 2521 longam
2529 2453 2820 2521 quamdam
2874 2453 3359 2523 vaniloquentiam,

1781 2537 1925 2593 entia
1957 2547 2014 2595 et
2037 2554 2142 2594 non
2161 2541 2304 2595 entia
2331 2543 2695 2612 aggregando,
2725 2553 2932 2597 tantum
2952 2557 3056 2598 non
3087 2545 3155 2599 ad
3171 2559 3361 2600 eorum

1782 2644 1986 2685 morem
2013 2633 2105 2700 qui
2128 2632 2282 2686 aiunt
2308 2651 2321 2686 :
2344 2631 2510 2686 Labia
2530 2645 2708 2687 nostra
2734 2651 2888 2700 penes
2910 2650 3006 2688 nos
3027 2636 3167 2704 ipso:
3195 2645 3318 2691 sunt
3342 2650 3360 2687 :

1781 2727 1954 2794 ecquis
2000 2726 2168 2778 nostri
2209 2725 2518 2780 dominatur
2551 2726 2644 2780 5'?
2701 2726 2838 2783 lli-nc
2901 2737 3158 2798 apparet,
3219 2731 3362 2800 quod

1783 2819 2003 2872 memini
2031 2818 2324 2887 scripsisse
2375 2832 2461 2874 me
2494 2819 2564 2876 ab
2602 2818 2760 2874 initio
2802 2823 3013 2890 operis,
3069 2821 3139 2876 ah
3175 2821 3362 2877 hostili

1783 2909 2064 2964 inimicitia
2086 2921 2142 2965 et
2171 2909 2414 2966 fraterno
2434 2912 2558 2966 odio
2587 2913 2656 2966 ad
2674 2913 3019 2968 scribendum
3049 2915 3364 2984 prosiluisse

1782 2998 2117 3056 Marcellum.
2155 2998 2292 3056 Hinc
2324 3001 2603 3068 digressus
2633 3003 2686 3057 in
2723 3003 2999 3058 Asterium
3030 3006 3208 3062 denuo
3249 3017 3362 3062 tra-

1785 3093 1906 3163 gice
1953 3092 2305 3164 ampullatur,
2361 3095 2499 3150 bene
2531 3094 2748 3164 longam
2803 3095 2871 3150 de
2921 3095 3014 3151 illo
3073 3097 3365 3156 instituens

100 3200 120 3231 ι
161 3179 308 3250 ἔχων
337 3181 586 3254 Παυλίνῳ
606 3200 666 3236 τε
689 3183 783 3238 καὶ
810 3186 922 3248 τοῖς
950 3181 1148 3248 ἔξωθεν
1181 3183 1312 3254 περὶ
1339 3183 1474 3237 Θεοῦ
1507 3181 1682 3250 δόξαν.

1789 3183 2180 3238 narrationem.
2207 3181 2404 3237 Narrat
2425 3188 2696 3252 quomodo
2725 3186 2928 3253 passim
2963 3190 3364 3258 peregrinetur,

99 3291 120 3324 ι
163 3273 420 3344 Γέγραφε
450 3274 580 3346 γὰρ,
608 3275 707 3346 οὐχ
746 3275 821 3340 ὡς
852 3275 1004 3341 ὄντος
1037 3277 1199 3346 μόνου
1228 3275 1384 3342 Θεοῦ,
1417 3275 1532 3332 ἀλλ’
1567 3276 1685 3338 ἑνὸς

103 3382 121 3416 ι
162 3366 318 3430 ὄντος
346 3366 441 3420 τοῦ
477 3369 640 3440 μόνου
673 3368 928 3440 ἀληθινοῦ
973 3367 1132 3424 Θεοῦ.
1168 3368 1331 3424 Ὅθεν
1361 3369 1542 3424 τοίνυν
1577 3387 1685 3440 μα-

103 3476 123 3508 ι
165 3457 280 3512 θὼν
325 3460 420 3513 καὶ
453 3462 484 3514 ό
542 3461 819 3532 Ἀστερίου
865 3462 1048 3533 πατὴρ
1093 3461 1357 3526 Παυλῖνος
1393 3461 1688 3532 νεωτέρους

101 3569 119 3600 ι
165 3550 326 3616 θεοὺς
367 3549 506 3608 εἶναι
535 3553 691 3625 ᾤετο.
723 3574 744 3607 ι
773 3555 881 3609 Καὶ
913 3555 972 3609 ὲν
1003 3554 1214 3618 τούτοις
1241 3553 1298 3608 δὲ
1323 3556 1399 3618 ὡς
1428 3553 1565 3607 θεῶν
1603 3553 1690 3608 δό-

94 3640 199 3707 ξας
255 3643 578 3712 εἰσάγοντας
634 3646 898 3710 αἰτιᾶται,
957 3645 1288 3717 ἀρνούμενος
1356 3645 1518 3708 αὐτὸς
1589 3642 1688 3715 τὴν

95 3733 334 3805 θεότητα
376 3734 467 3789 τοῦ
519 3737 673 3791 Υἱοῦο
727 3739 823 3792 καὶ
861 3737 1237 3810 παραθέμενος
1277 3737 1380 3810 τὴν
1426 3737 1687 3792 Εὐσεϐίου

93 3825 267 3894 λέξιν,
302 3827 568 3898 συνίησιν,
602 3831 680 3894 ὡς
714 3831 815 3884 οὑκ
839 3847 906 3901 ην
935 3829 1100 3884 αὐτοῦ
1141 3831 1176 3901 ἡ
1207 3829 1301 3884 τὸν
1338 3829 1561 3902 Πατέρα
1593 3830 1690 3901 μό-

93 3935 190 3973 νον
222 3919 476 3990 ἀληθινὸν
505 3920 637 3974 Θεὸν
673 3921 1000 3976 διδάσκουσα
1029 3922 1204 3993 φωνὴ,
1231 3920 1326 3976 τοῦ
1352 3921 1410 3975 δὲ
1438 3922 1689 3993 Σωτῆρος

94 4007 261 4079 ἡμῶν
288 4009 594 4080 εἰρηκότος,
623 4011 725 4065 ἵνα
746 4011 1090 4081 γινώσκωσι
1111 4029 1186 4066 σε
1208 4013 1316 4066 τὸν
1334 4013 1529 4081 μόνον
1551 4012 1692 4080 ἀλη-

94 4101 274 4155 θινὸν
335 4103 512 4156 Θεόν⁶
565 4104 659 4156 καὶ
724 4104 844 4175 μεθ’
894 4106 1056 4178 ἔτερα
1114 4103 1438 4176 προστίθησι
1494 4103 1686 4171 λέγων·

101 4213 119 4242 ι
176 4193 337 4246 Ἐπεὶ
366 4194 530 4247 πόθεν
564 4198 695 4266 ἡμῖν
735 4197 800 4249 ὲκ
832 4195 942 4250 τῶν
977 4195 1137 4251 θείων
1167 4196 1489 4267 δυνήσονται
1519 4195 1690 4262 δεῖξαι

101 4306 119 4336 ι
167 4285 389 4357 ῥητῶν,
442 4287 524 4341 ὃτι
560 4283 640 4352 εἷς
688 4289 787 4360 μὲν
822 4289 1137 4360 ἀγέννητος,
1178 4282 1259 4352 εἷς
1305 4287 1364 4341 δὲ
1411 4287 1691 4358 γεννητὸς,

101 4397 118 4427 ι
162 4377 244 4440 ὡς
285 4378 439 4432 αὐτοὶ
476 4379 832 4451 γεγεννῆσθαι
875 4381 1038 4434 αὐτὸν
1072 4378 1531 4446 πεπιστεύκασιν;
1567 4377 1690 4432 οὔτε

100 4490 120 4519 ι
168 4470 486 4542 προφητῶν,
522 4471 644 4525 οὕτε
683 4472 1104 4542 εὐαγγελιστῶν,
1150 4471 1184 4542 ἢ
1218 4471 1531 4525 ἀποστόλων
1577 4470 1689 4542 (27)

101 4581 119 4613 ι
162 4561 315 4616 τοῦτ’
354 4564 670 4634 εἰρηκότων.
715 4583 734 4616 ι
772 4561 884 4618 Εἶθ’
913 4564 1102 4636 ὥσπερ
1133 4564 1190 4619 ὲν
1221 4562 1403 4626 ἄθλοις
1444 4565 1687 4634 ἀπογρα⁹

93 4656 368 4726 ψάμενος,
391 4657 525 4727 ὁμοῦ
559 4659 689 4728 πρὸς
712 4658 954 4720 ἅπαντας
980 4655 1489 4728 διαπληκτίσασθαι,
1523 4672 1686 4726 μετα-

96 4750 283 4802 ϐαίνει
318 4750 409 4803 ἐπὶ
440 4751 530 4803 τὸν
563 4752 892 4823 Νάρκισσον,
927 4751 1020 4804 καί
1068 4767 1234 4821 φησιν
1255 4766 1268 4779 ·
1314 4768 1333 4800 ι
1372 4749 1534 4801 Ὥστε
1587 4747 1688 4802 κᾶν

101 4862 121 4894 ‹
165 4845 354 4897 ἐκεῖνό
375 4861 458 4908 τις
488 4845 656 4912 λέγοι,
681 4844 1105 4908 κατασκευάζων
1135 4842 1349 4914 πρῶτον
1373 4837 1513 4894 εἶναι
1535 4839 1690 4905 Θεὸν,

102 4958 121 4989 ι
169 4940 269 4992 καὶ
311 4937 589 5008 δεύτερον,
641 4939 717 5002 ὼς
763 4939 1072 5008 Νάρκισσος
1125 4937 1312 5000 αὐταῖς
1366 4931 1544 4998 λέξεσι
1596 4932 1691 5000 γέ⁴

179 5131 244 5188 ὦ
282 5123 382 5178 Ed.
414 5121 616 5186 Paris.,
643 5137 762 5191 pag.
799 5120 889 5175 27.
988 5120 1032 5151 ⁸⁵
1052 5119 1193 5174 Psal.
1215 5135 1289 5182 xl,
1315 5119 1370 5172 5.

175 5282 552 5357 (25)-Ἔαυᾉτῷ
607 5282 923 5357 συνείρων.
972 5279 1135 5335 Forte
1190 5280 1270 5343 είς
1321 5277 1453 5332 αὐτὸ
1503 5278 1684 5331 συνεί-

101 5352 444 5431 gravabit:—
463 5355 579 5406 Mox
609 5352 962 5431 vnlgo‘éo'cat.

177 5428 299 5499 (9.6)
342 5426 534 5492 Ὅπως
558 5439 622 5476 τε
643 5418 954 5499 (inuoluat.
985 5421 1098 5474 Hoc
1119 5431 1201 5474 cst
1232 5419 1377 5499 quod
1404 5418 1540 5482 dixi,
1563 5435 1686 5499 cur-

98 5491 308 5553 sitasse
337 5491 605 5554 Asterium
634 5509 648 5566 ξ
684 5493 884 5566 ρεμϐόν
916 5491 1415 5566 ειῌπεριφοιτητήν,
1446 5492 1687 5566 quod_de

97 5571 198 5626 illo
244 5567 572 5620 Athanasius
604 5561 930 5617 obServavit.
973 5563 1308 5632 Περιήρχετο
1341 5561 1440 5622 τὰς
1492 5561 1548 5612 ἐν
1589 5561 1689 5632 Συς

100 5641 202 5712 pi;
228 5679 245 5699 ,
291 5635 512 5712 uulsi;
560 5633 722 5697 ἄλλας
751 5629 1086 5712 ἐκκλησίας,
1129 5629 1234 5686 etc.
1294 5629 1688 5712 lterurti,_@aoﬁ

97 5697 256 5780 ἆνῆρ
292 5707 543 5761 l’anlinus
562 5706 872 5780 est,_n._inus
911 5697 1270 5780 rufulus‘qnntn
1301 5700 1689 5780 material“...

99 5769 252 5836 Iulia
304 5779 461 5846 vulgo
508 5792 628 5844 γεγ.
670 5775 800 5828 Θεὸν
835 5793 893 5828 π.
922 5773 978 5826 δὲ
1024 5769 1137 5825 και
1162 5789 1248 5824 κτ.
1274 5783 1327 5826 et
1366 5769 1441 5833 ὡς
1480 5770 1610 5833 Θεός
1641 5783 1694 5825 et

1787 3273 1899 3338 ubi,
1924 3275 2160 3344 quando.
2209 3285 2262 3330 et
2302 3275 2372 3329 ed
2412 3290 2548 3343 quos
2595 3275 2710 3330 itet.
2752 3275 2985 3332 Dimisso
3017 3278 3086 3332 de
3115 3280 3365 3335 IllalIIIJIIS

1789 3365 1981 3420 iterum
2004 3365 2116 3429 illo,
2143 3368 2194 3420 in
2214 3366 2494 3420 Paulinum
2512 3367 2687 3421 denuo
2710 3369 3066 3431 convertitur,
3088 3370 3362 3425 hominem

1788 3453 1902 3520 Dei,
1937 3455 2122 3511 verbis
2162 3456 2383 3510 totidem
2414 3457 2660 3511 scribens
2682 3454 2772 3527 [Β.
2803 3456 3044 3530 XXXIII]
3083 3476 3098 3514 :
3138 3478 3157 3510 ι
3202 3460 3366 3516 Dictis

1793 3563 1813 3597 ι
1854 3546 2004 3602 hisce
2028 3549 2221 3602 ductus
2247 3548 2478 3618 ethujus
2501 3555 2674 3616 pater,
2705 3547 2983 3616 Paulinus,
3019 3565 3124 3605 non
3149 3561 3368 3605 veretur

1795 3656 1814 3689 ι
1859 3639 2018 3695 dictis
2031 3648 2086 3696 et
2105 3641 2320 3710 scriptis
2343 3640 2583 3710 proﬁteri
2613 3641 3172 3696 interdumChristum
3192 3641 3362 3698 Deum

1795 3747 1815 3783 ι
1859 3744 1983 3787 esse
2034 3730 2228 3786 ordine
2296 3732 2634 3796 secundum;
2705 3733 3067 3802 eumdemque
3126 3735 3365 3790 humano

1793 3839 1814 3874 ι
1860 3837 2008 3875 more
2037 3821 2203 3876 Deum
2227 3825 2464 3893 genitum
2494 3841 2509 3878 :
2540 3825 2810 3878 interdum
2855 3841 2984 3880 vero
3029 3827 3364 3881 determinat

1795 3931 1814 3966 ι
1861 3914 2008 3969 illum
2032 3930 2154 3971 csse
2181 3925 2503 3972 creaturam.
2538 3917 2705 3986 quue
2730 3919 2833 3972 'ita
2880 3929 2939 3973 ut
2966 3933 3090 3975 esse
3124 3930 3361 3981 constet.

1795 4022 1816 4058 ι
1867 4007 2145 4082 sciendum
2187 4017 2271 4062 est
2297 4007 2446 4062 illum
2479 4007 2709 4078 Ancyrae
2741 4009 3020 4064 nobiscum
3056 4022 3361 4066 versantem

1796 4114 1816 4148 ι
1856 4095 2186 4166 aliquando,
2237 4098 2513 4154 Christum
2568 4101 2896 4170 praedicasse
2941 4114 3255 4158 creaturam
3291 4123 3304 4159 :
3337 4102 3365 4158 ι’

1791 4205 1959 4261 seque
1993 4207 2115 4246 cum
2145 4205 2210 4246 eo
2241 4191 2429 4246 iniisse
2472 4192 2890 4260 disputationem
2927 4196 3208 4249 mentitur.
3261 4197 3366 4249 Ac-

1791 4293 1951 4339 cusat
1978 4283 2201 4352 insuper
2234 4282 2377 4347 hunc
2408 4281 2626 4339 beatum
2654 4285 2860 4350 virum,
2887 4287 3041 4355 quasi
3067 4289 3200 4342 deos
3230 4289 3365 4340 niqu

1795 4383 1880 4428 tos
1911 4376 2211 4430 statuisset.
2246 4374 2454 4430 Relicto
2479 4377 2694 4430 demum
2719 4376 2962 4447 Paulino,
2989 4378 3185 4433 iterum
3206 4389 3364 4434 vacat

1795 4466 2024 4522 Eusebio
2037 4467 2379 4538 exagitando,
2401 4467 2746 4541 inquiens[lt.
2770 4468 3010 4542 LXXle
3029 4489 3072 4524 ιι
3086 4471 3200 4526 Hoc
3223 4473 3361 4526 idem

1803 4577 1822 4610 ι
1864 4561 2084 4628 scripsit
2110 4571 2166 4614 et
2195 4562 2458 4616 Eusebius
2481 4561 2851 4626 Caesariensis,
2897 4565 3142 4617 eamdem
3177 4565 3364 4619 fovens

1799 4669 1818 4702 ι
1866 4668 1989 4705 cum
2024 4651 2248 4706 Paulino
2281 4664 2335 4707 et
2362 4667 2391 4706 a
2432 4654 2534 4707 lide
2575 4653 2769 4708 alienis
2797 4653 2996 4708 debeo
3029 4655 3360 4724 opinionem.

1800 4760 1819 4793 ι
1867 4742 2100 4812 Scripsit
2146 4744 2327 4810 enim,
2364 4761 2469 4800 non
2516 4747 2669 4814 quasi
2719 4754 2861 4799 esset
2888 4745 3037 4799 solus
3073 4749 3233 4812 Deus,
3267 4751 3361 4802 sed

1802 4853 1820 4886 ι
1869 4852 2008 4891 unus
2059 4846 2204 4892 esset
2249 4853 2412 4893 verus
2443 4839 2590 4893 solus
2627 4840 2785 4894 Deus.
2843 4838 2994 4895 Unde
3035 4839 3259 4893 edoctus
3309 4851 3364 4893 et

1800 4951 1819 4984 ι
1867 4931 2063 4988 Asterii
2103 4941 2252 5001 pater
2292 4931 2567 4998 Paulinus,
2617 4931 2862 4999 juniores
2912 4935 3178 5003 quosdam
3235 4934 3366 4986 deos

1792 5273 1963 5327 Παυλ.
1991 5287 2057 5341 τε
2077 5268 2214 5340 έχων
2239 5280 2290 5324 et
2319 5270 2468 5334 ὄντος
2500 5270 2658 5341 μόνου
2688 5272 2780 5324 τοῦ
2808 5281 2861 5324 et
2890 5272 3001 5341 mi
3020 5271 3164 5320 Ἀστ.

1864 5344 1975 5413 ('37)
2017 5336 2187 5414 Vtilng
2235 5336 2592 5414 ﬁ_dtr:oct.'et
2639 5340 3074 5414 ἀπληκτίσασθαι
3123 5349 3171 5414 et
3223 5336 3366 5414 ὥστε

1797 5409 1894 5484 μὲν
1928 5409 1972 5464 ὲζ
2000 5428 2049 5463 τ.
2077 5410 2222 5484 λέγοι
2253 5409 2402 5478 (ὥστ’
2429 5414 2529 5464 οὐκ
2565 5413 2631 5465 ἄν
2670 5409 2790 5482 IL),
2839 5428 3000 5482 porro
3055 5410 3209 5474 vulgo
3257 5411 3363 5484 εἰκζ

1793 5478 1888 5555 τὴν
1920 5481 2147 5555 ἡμετέρ.
2193 5494 2242 5555 et
2295 5484 2446 5555 uncis
2489 5485 2690 5555 inclusa
2721 5478 2873 5555 orni;
2913 5496 3035 5534 mox
3085 5487 3246 5554 ylvllgo
3270 5478 3366 5555 τοῦ

1794 5552 1924 5607 Eua.
1957 5552 2115 5604 πάλιν
2139 5563 2188 5603 et
2215 5553 2513 5621 ἀπικοῆσαι
2536 5553 2680 5623 βούλ.
2708 5567 2758 5606 et
2792 5553 3038 5636 ὲξῄχεενο
3067 5552 3188 5636 diem
3215 5554 3368 5619 vulgo

1796 5622 1916 5677 εἶτα
1953 5622 2048 5692 μὲν
2086 5639 2135 5674 τ.
2160 5622 2254 5675 ἕνα
2377 5620 2430 5673 et
2458 5620 2718 5695 κακεῖνος
2763 5637 2808 5674 el
2858 5620 3031 5692 ilhc-qv
3073 5620 3191 5673 ὲλπ.
3217 5661 3231 5684 ,
3277 5627 3368 5695 tif.-

1799 5713 1959 5763 nique
2019 5693 2170 5762 vulgo
2221 5693 2602 5762 ὁμολογοῦντι,
2660 5694 3010 5766 μεμψάμενός
3062 5707 3125 5760 γε
3171 5705 3223 5745 et
3275 5693 3371 5746 νυν

1798 5783 1896 5819 αυτ
1913 5783 1978 5816 -ν.
