3836 6216
414 325 512 382 ’ῖ71
1082 314 1350 373 EUSEBII
1389 307 1858 368 CESARIENSIS
1890 303 2040 361 OPP.
2082 302 2261 359 PARS
2300 299 2386 355 IV.
2429 329 2498 339 ——
2535 297 2955 354 DOGMATICA.

3556 297 3670 350 ’ἴτε

416 462 436 494 ι
482 441 781 496 arbitratus
817 446 1064 492 estesse.
1093 453 1112 486 ι
1143 434 1314 499 Quos,
1342 432 1503 484 veluti
1547 429 1614 484 de
1642 426 1746 482 diis
1777 422 1986 494 opinio-

2101 440 2112 473 ι
2155 436 2383 491 γραφεν.
2412 417 2577 470 οὐδὲν
2618 416 2725 486 γὰρ
2759 413 3274 486 συγχωρείόλέγων·
3311 413 3668 485 Ποιήσωμεν

411 551 509 590 nes
547 533 958 588 introducentes
988 537 1228 589 accusat,
1259 540 1380 578 cum
1408 522 1528 577 Filii
1555 523 1807 575 deitatem
1830 524 1986 586 neget

412 627 548 693 ipse.
591 623 692 689 Qui
723 623 766 675 si
800 618 963 674 verba
1021 617 1320 671 Eusebiana
1353 627 1654 684 proponere
1703 609 1982 671 voluisset,

413 713 768 769 intellexisset
799 708 985 778 procul
1017 707 1180 760 dubio
1213 717 1317 758 non
1349 703 1438 756 illa
1460 714 1739 767 esse,qu:e
1769 698 1982 751 Patrem

411 805 585 859 solum
611 818 799 856 verum
814 800 982 854 Deum
1003 798 1332 862 docuissent,
1355 810 1476 850 cum
1497 809 1524 846 a
1545 791 1834 847 Servatore
1859 804 1984 858 pro-

412 895 580 950 latum
599 895 668 950 sit
698 894 851 958 illud,
867 901 921 944 ut
946 906 995 945 te
1019 899 1330 960 cognoscant
1349 886 1519 940 solum
1543 899 1718 938 verum
1737 883 1900 934 Deum
1916 879 1983 932 ⁸⁸.

411 989 544 1043 Post
590 985 851 1041 nonnulla
905 982 1176 1037 subnectit
1241 979 1493 1048 inquiens
1553 975 1644 1048 [Β.
1704 971 1913 1044 XXVII]
1969 991 1980 1024 :

419 1100 438 1132 ι
485 1079 730 1147 Namque
775 1076 917 1131 unde
974 1074 1067 1129 ille
1108 1072 1267 1126 nobis
1301 1073 1674 1125 demonstrare
1721 1066 1920 1135 poterit
1955 1079 1986 1118 e

419 1191 438 1225 ι
487 1169 785 1240 Scripturis
819 1167 1026 1228 sacris,
1064 1179 1232 1216 unum
1287 1176 1408 1216 esse
1453 1161 1788 1230 ingenitum,
1821 1172 1984 1211 unum

420 1283 439 1315 ι
486 1265 612 1317 item
641 1259 880 1331 genitum
910 1262 967 1320 ᾖ
995 1255 1082 1326 (eo
1111 1254 1270 1308 modo
1301 1253 1556 1307 nimirum
1585 1265 1692 1320 quo
1719 1264 1841 1304 esse
1863 1263 1984 1303 eum

420 1378 438 1410 ι
485 1359 720 1429 genitum
749 1357 848 1426 ipsi
879 1355 1222 1421 autumant),
1246 1367 1367 1407 cum
1398 1351 1784 1420 prophetarum
1811 1347 1985 1401 nullus

421 1468 440 1502 ι
486 1461 580 1503 aut
614 1449 1094 1518 evangelistarum,
1124 1445 1304 1498 nullus
1334 1442 1700 1513 apostolorum
1747 1440 1799 1494 id
1843 1438 1988 1492 alﬁr-

421 1561 440 1595 ι
487 1542 658 1597 mel?»
693 1541 971 1608 Deinceps,
1016 1553 1122 1592 non
1147 1550 1308 1591 secus
1334 1550 1496 1604 quam
1525 1534 1614 1602 qui
1653 1533 1705 1585 in
1735 1531 1986 1585 certami-

414 1635 574 1690 nibus
603 1630 956 1695 describitur,
993 1629 1060 1684 ad
1097 1642 1314 1682 manum
1357 1641 1478 1680 cum
1517 1625 1768 1678 omnibus
1792 1635 1985 1676 conse—

415 1728 660 1788 rendam,
696 1723 905 1777 confert
931 1736 988 1776 se
1015 1721 1078 1774 ad
1123 1719 1432 1773 Narcissum
1459 1725 1513 1770 et
1545 1713 1741 1786 ait[l1.
1776 1710 1980 1783 LXX]:

420 1832 439 1865 ι
486 1813 620 1880 Quis
648 1785 828 1866 autem
879 1811 1012 1865 illud
1055 1809 1313 1873 alﬁrmat,
1355 1807 1548 1861 nedum
1583 1785 1892 1868 centendit,
1936 1811 1994 1856 ut
2024 1785 2066 1842 Β

421 1926 440 1960 ι
486 1905 773 1961 Narcissus
807 1904 1024 1959 disertis
1065 1901 1248 1957 verbis
1301 1901 1532 1965 asserit,
1591 1898 1826 1968 primum
1874 1911 1993 1950 esse

423 2017 442 2048 ι
492 1996 680 2060 Deum,
729 2003 784 2048 et
815 1995 1137 2049 secundum.
1186 1989 1302 2044 Non
1351 1998 1503 2044 certe
1544 1988 1832 2043 conﬁrmat
1888 1987 1994 2040 hoc

425 2107 446 2142 ι
491 2090 636 2157 quod
667 2087 890 2150 dicitur,
919 2086 1072 2149 illud,
1119 2081 1406 2136 Faciamus
1452 2083 1713 2135 hominem
1749 2080 1816 2132 ad
1855 2080 1993 2131 ima-

427 2199 445 2231 ι
491 2184 660 2249 ginem
715 2187 948 2230 nostram
1000 2185 1050 2229 et
1093 2175 1489 2229 similitudinem
1540 2172 1607 2204 “‘
1661 2171 1802 2241 (ipse
1843 2170 1988 2223 enim

421 2271 682 2326 Dominus
731 2278 982 2333 testatur,
1014 2276 1070 2321 et
1120 2268 1316 2337 partim
1361 2265 1663 2320 audivimus
1716 2279 1744 2316 a
1789 2264 1994 2318 sanctis

421 2363 736 2433 Scripturis,
763 2362 888 2432 quia
935 2362 1050 2431 ipse
1087 2360 1358 2430 ipsiusque
1398 2359 1560 2412 Pater
1601 2358 1708 2409 duo
1754 2365 1900 2412 sunt.
1937 2355 1993 2407 Si

421 2472 556 2527 ergo
582 2455 868 2509 Narcissus
892 2452 1096 2506 idcirco
1126 2451 1254 2506 velit
1279 2450 1472 2505 Filium
1502 2463 1531 2501 a
1571 2445 1731 2500 Patre
1756 2444 1994 2514 potentia

421 2547 698 2610 dividere,
749 2545 962 2599 noverit
1005 2544 1132 2611 quia
1189 2541 1277 2595 ille
1324 2539 1430 2609 qui'
1467 2537 1685 2605 scripsit
1739 2535 1995 2605 propheta

426 2641 581 2710 quasi
617 2640 755 2694 Deus
794 2637 992 2691 dixerit
1029 2652 1044 2689 :
1096 2633 1382 2687 Faciamus
1407 2633 1666 2686 hominem
1701 2631 1769 2681 ad
1812 2627 1999 2696 imagi-

428 2751 448 2784 ι
491 2747 606 2786 nem
655 2740 891 2785 nostram
941 2739 988 2783 et
1041 2725 1480 2793 similitudinem),
1546 2723 1661 2791 ipse
1691 2722 1814 2775 ait:
1859 2737 1878 2770 ι
1926 2717 1995 2772 Ει

433 2843 453 2878 ι
497 2824 618 2895 fecit
690 2824 956 2877 hominem
1016 2820 1174 2873 Deus.
1243 2837 1260 2869 ι
1319 2817 1528 2872 Relicto
1585 2813 1878 2878 Narcisso,
1943 2813 1996 2866 in

426 2917 696 2973 Asterium
731 2915 924 2970 scribit
956 2912 1048 2985 [IL
1087 2909 1272 2982 LXIII]
1315 2926 1330 2963 :
1362 2927 1380 2961 ι
1424 2909 1601 2964 Unum
1651 2918 1814 2975 atque
1856 2907 1996 2960 idem

428 3027 447 3060 ι
486 3021 604 3062 esse
621 3008 931 3076 pronuntiat
953 3005 1218 3066 Asterius,
1241 3003 1454 3056 Patrem
1477 3000 1814 3054 solummodo
1837 3009 1998 3067 atque

430 3114 448 3146 ι
492 3093 684 3148 Filium
741 3095 792 3148 in
845 3108 911 3148 eo
958 3091 1100 3162 quod
1158 3107 1252 3162 per
1300 3091 1480 3144 omnia
1544 3089 1890 3144 consentiant
1940 3097 2065 3183 etc

430 3203 448 3235 ι
494 3185 849 3253 conspirent;
919 3184 998 3238 ait
1035 3184 1181 3236 enim
1225 3201 1240 3236 :
1293 3181 1522 3251 PrOpter
1583 3181 1990 3235 exactissimam

431 3294 450 3326 ι
501 3275 646 3328 illam
713 3274 1126 3330 consonantiam
1186 3277 1239 3325 in
1301 3272 1552 3326 omnibus
1611 3271 1772 3325 dictis
1832 3279 1995 3337 atque

433 3385 452 3418 ι
497 3366 675 3432 factis,
729 3365 970 3420 dicitur:
999 3362 1108 3434 Ego
1141 3373 1187 3416 et
1232 3359 1393 3414 Pater
1437 3375 1600 3414 unum
1633 3375 1810 3413 sumus
1861 3359 1928 3413 ⁸⁷.
1970 3377 1988 3411 ι

425 3459 698 3515 Invehitur
737 3459 931 3514 deinde
982 3457 1034 3511 in
1088 3455 1378 3511 Eusebium
1429 3455 1501 3507 ita
1531 3452 1620 3524 [ιι.
1655 3449 1942 3522 LXXXIX]
1976 3467 1991 3504 :

432 3573 452 3607 ι
501 3553 847 3610 Servatorem
888 3552 1162 3606 hominem
1196 3550 1366 3604 fuisse
1400 3547 1598 3602 docet:
1634 3547 1793 3615 idque
1829 3545 1997 3614 liquet

430 3667 451 3701 ι
502 3647 554 3702 in
600 3662 666 3702 eo
712 3645 856 3714 quod
907 3645 1201 3700 vaferrime
1255 3642 1580 3696 sententiam
1643 3639 1994 3708 apostolicam

429 3759 449 3792 ι
497 3739 734 3795 traducit
763 3737 1033 3793 Eusebius
1067 3737 1135 3790 ad
1161 3749 1312 3790 suam
1344 3733 1679 3788 voluntatem
1714 3730 1993 3784 constabi-

429 3849 451 3886 ι
497 3831 754 3887 liendam.
791 3829 968 3884 Veluti
990 3829 1135 3883 enim
1159 3827 1252 3896 qui
1274 3826 1386 3895 jam
1416 3826 1618 3878 dudum
1641 3824 1993 3892 parturierat,

433 3941 454 3978 ι
501 3935 558 3977 ιιι
603 3924 655 3978 ἰη
699 3922 872 3976 lucem
915 3919 1310 3988 blasphemiam
1340 3916 1668 3970 horrendam
1701 3915 1995 3984 productu-

433 4037 451 4068 ι
501 4031 611 4078 rus,
636 4016 711 4068 ita
741 4015 807 4066 de
845 4028 944 4068 suo
974 4013 1192 4080 proprio
1221 4009 1474 4064 thesauro
1502 4005 1688 4060 ell'udit
1710 4005 1995 4071 malitiam,

433 4125 452 4158 ι
489 4107 642 4176 juxta
664 4106 866 4160 dictum
883 4103 1211 4159 Servatoris.
1233 4101 1474 4170 Namque
1491 4107 1808 4153 ostensurus
1825 4100 1998 4151 homi-

431 4216 451 4250 ι
503 4213 622 4251 nem
663 4197 835 4252 solum
898 4196 1246 4251 Servatorem
1303 4193 1611 4258 exstitisse,
1671 4206 1778 4246 non
1837 4193 1998 4246 aliter

433 4309 454 4345 ι
499 4305 659 4358 quam
687 4288 778 4358 qui
810 4287 1126 4358 mysterium
1149 4285 1528 4341 absconditum
1558 4283 1804 4354 Apostoli
1831 4284 2000 4337 mani-

432 4401 453 4434 ι
503 4382 796 4436 l‘estaturus
826 4391 966 4447 erat,
997 4384 1083 4450 lita
1134 4381 1312 4450 inquit
1341 4402 1353 4435 :
1385 4379 1725 4449 Quapropter
1771 4378 2000 4448 apertis-

2095 531 2112 563 ι
2154 512 2466 580 ἄνθρωπον
2493 511 2617 562 κατ’
2633 509 2834 562 εἰκόνα
2861 509 3156 576 ἡμετέραν
3177 506 3275 560 καὶ
3297 508 3426 561 καθ’
3456 512 3662 578 ὁμοίω

2093 622 2112 655 ι
2154 620 2259 656 σιν
2273 603 2374 671 (ὅτι
2395 602 2492 671 μὲν
2510 599 2672 662 αὐτὸς
2689 599 2822 653 καὶὸ
2838 598 3027 670 Πατὴρ
3038 599 3201 652 αὐτοῦ
3215 599 3309 652 δύο
3321 600 3476 661 εἰσὶν,
3497 601 3673 653 αὐτοῦ

2093 714 2111 746 ι
2153 694 2248 748 τοῦ
2297 693 2502 763 Κυρίου
2540 690 2940 762 μαρτυροῦντος
2993 691 3090 744 καὶ
3135 689 3244 742 τῶν
3302 690 3474 759 ἁγίων
3525 693 3563 743 Γ
3568 709 3672 762 pa-

2093 807 2112 840 ι
2153 787 2269 857 φῶν
2303 789 2367 840 ὲκ
2403 786 2599 858 μέρους
2637 784 2972 854 ἠκούσαμεν.
3022 785 3085 837 Εἰ
3125 784 3305 836 τοίνυν
3352 783 3674 855 Νάρκισσος

2093 901 2110 932 ι
2149 881 2237 934 διὰ
2276 879 2434 934 τοῦτο
2465 879 2692 949 διαιρεῖν
2729 876 2956 946 δυνάμει
2984 876 3076 928 τὸν
3106 876 3276 944 Λόγον
3307 876 3400 929 τοῦ
3449 877 3675 946 [ἰατρὸς

2093 995 2110 1026 ι
2150 974 2319 1029 ἐθέλοι
2337 1014 2350 1037 ,
2379 973 2569 1042 γνώτω
2597 973 2676 1025 ὅτι
2703 973 2731 1024 ό
2757 970 2968 1041 γράψας
2994 975 3277 1041 προφήτης
3301 971 3493 1034 ὠςτοῦ
3526 971 3674 1022 Θεοῦ

2092 1091 2110 1123 ι
2152 1071 2461 1142 εἰρηκότος·
2510 1068 2861 1137 Ποιήσωμεν
2913 1069 3226 1135 ἄνθρωπον
3274 1066 3399 1118 κατ’
3458 1066 3678 1117 εἰκόνα

2094 1185 2112 1215 ι
2152 1163 2443 1232 ἡμετέραν
2499 1161 2597 1214 καὶ
2649 1160 2778 1214 καθ’
2829 1160 3152 1228 ὁμοίωσιν),
3185 1158 3342 1220 αὐτὸς
3385 1158 3672 1229 γέγραφε·

2094 1276 2110 1305 ι
2149 1255 2260 1308 Kal
2286 1253 2575 1320 ἐποίησεν
2604 1255 2636 1306 ό
2659 1251 2802 1318 Θεὸς
2825 1250 2931 1304 τὸν
2963 1250 3291 1319 ἄνθρωπον.
3325 1269 3343 1301 ι
3363 1250 3473 1302 Kal.
3498 1267 3676 1320 μετα-

2088 1346 2189 1409 ϐὰς
2213 1345 2320 1398 ἀπὸ
2349 1345 2660 1416 Ναρκίσσου
2696 1345 2788 1396 ἐπὶ
2810 1345 2902 1396 τὸν
2935 1344 3226 1414 Ἀστέριον,
3249 1341 3418 1396 ταῦτα
3441 1344 3676 1413 γράφει·

2094 1456 2112 1488 ι
2159 1438 2255 1488 ’Ἑν
2305 1437 2413 1508 γὰρ
2452 1432 2592 1489 εἶναι
2631 1438 2724 1489 κα)⁵
2768 1437 2965 1489 ταύτὸν
3013 1436 3286 1508 ’Δστέριος
3327 1435 3469 1490 κατὰ
3509 1434 3677 1488 τοῦτο

2094 1547 2113 1580 ι
2155 1530 2472 1599 ἀπεφήνατο
2508 1528 2666 1598 μόνον
2704 1528 2792 1580 τὸν
2846 1527 3064 1598 Πατέρα
3101 1529 3196 1582 καὶ
3228 1528 3318 1581 τὸν
3357 1528 3502 1591 Υἱὺν,
3541 1527 3676 1580 καθ’

2095 1639 2112 1670 ι
2152 1620 2180 1672 ὃ
2211 1623 2268 1673 ὲν
2298 1621 2432 1673 πᾶσι
2463 1619 2864 1690 συμφωνοῦσιν.
2898 1620 3056 1673 Οὕτω
3100 1621 3208 1692 γὰρ
3253 1619 3386 1690 ἔφη·
3428 1621 3540 1674 Καὶ
3579 1621 3677 1674 διὰ

2095 1730 2113 1762 ι
2155 1711 2254 1782 τὴν
2290 1713 2348 1764 ὲν
2377 1714 2511 1765 πᾶσι
2534 1711 2709 1780 λόγοις
2753 1729 2810 1763 τε
2844 1713 2940 1764 καὶ
2985 1712 3166 1783 ἔργοις
3205 1711 3403 1784 ἀκριϐῆ
3439 1729 3676 1782 συμφω-

2100 1823 2119 1856 ι
2155 1805 2292 1868 νίαν,
2338 1805 2484 1873 Ἐγὼ
2511 1805 2605 1857 καὶ
2648 1807 2681 1858 ὀ
2709 1805 2911 1872 Πατὴρ
2954 1804 3025 1858 ἓν
3053 1806 3258 1874 ἐσμεν.
3302 1825 3320 1856 ι
3356 1807 3464 1858 Kal.
3498 1805 3675 1857 Εὐσε-

2095 1896 2210 1949 6ίου
2245 1896 2405 1949 πάλιν
2427 1894 2962 1965 καθάπτεται.λέγων
2986 1913 2998 1925 ·
3031 1914 3050 1946 ι
3088 1896 3404 1968 Ἄνθρωπον
3432 1895 3540 1965 γὰρ
3570 1894 3673 1947 τὸν

2101 2009 2118 2042 ι
2161 1991 2390 2062 Σωτῆρα
2427 1985 2564 2043 εἶναι
2600 1987 2864 2059 βούλεται.
2909 1989 3075 2060 Δῆλον
3106 1990 3162 2042 δὲ
3204 1990 3296 2058 ἀφ’
3325 1983 3398 2042 ὧν
3430 1989 3674 2060 πανούρ-

2100 2103 2118 2135 ι
2157 2101 2268 2153 γως
2319 2083 2387 2137 τὰ
2423 2083 2516 2136 τοῦ
2552 2084 2870 2137 Ἀποστόλου
2923 2083 3061 2155 ῥητὰ
3111 2083 3367 2146 Εὐσέϐιος
3416 2083 3552 2155 πρὸς
3610 2083 3676 2136 τὸ

2101 2195 2120 2226 ι
2159 2175 2350 2230 ἑαυτοῦ
2395 2177 2694 2247 μετήνεγκε
2738 2176 3001 2247 βούλημα.
3059 2177 3149 2240 Ὣς
3181 2176 3290 2247 γὰρ
3328 2178 3392 2228 ὲκ
3432 2176 3676 2239 παλαιᾶς

2102 2287 2120 2320 ι
2160 2285 2302 2331 τινος
2322 2268 2528 2332 ὠδῖνος,
2551 2269 2813 2339 μεγίστην
2836 2271 3145 2339 ἀποκυῆσαι
3169 2267 3484 2338 βουλόμενος
3507 2267 3677 2337 βλασ-

2102 2378 2120 2410 ι
2159 2359 2390 2431 φημίαν,
2427 2359 2640 2430 ἐξέχεεν
2688 2360 2797 2412 ἀπὸ
2833 2359 2926 2412 τοῦ
2999 2359 3126 2412 ἰδίου
3182 2359 3475 2431 θησαυροῦ,
3527 2359 3678 2412 κατὰ

2103 2474 2121 2505 ι
2160 2456 2258 2526 τὴν
2289 2455 2382 2510 τοῦ
2428 2455 2680 2524 Σωτῆρος
2732 2455 2908 2526 ῥῆσιν,
2942 2452 3003 2506 τὸ
3045 2451 3300 2524 πονηρόν.
3349 2451 3677 2522 Ἄνθρωπον

2102 2563 2120 2596 ι
2161 2544 2269 2617 γάρ
2314 2545 2471 2616 μόνον
2511 2545 2603 2598 τὸν
2633 2545 2858 2614 Σωτῆρα
2887 2542 3055 2607 δεῖξαι
3087 2542 3424 2612 βουλόμενος,
3469 2541 3547 2604 ὼς
3581 2542 3682 2610 μέ-

2103 2656 2122 2689 ι
2160 2655 2342 2706 γιστον
2383 2639 2516 2708 ἡμῖν
2564 2637 2870 2708 ἀπόρρητον
2901 2635 2995 2689 τοῦ
3039 2635 3358 2688 Ἀποστόλου
3401 2635 3679 2689 ἀνακαλύ-

2103 2749 2121 2780 ι
2164 2745 2312 2782 πτων
2358 2729 2676 2800 μυστήριον,
2702 2729 2874 2793 οὕτως
2901 2729 3026 2800 ἔφη·
3062 2730 3154 2782 Διὸ
3181 2729 3492 2798 σαφέστατα
3522 2729 3621 2782 καὶ
3648 2729 3678 2781 ό

2104 2843 2121 2875 ι
2161 2823 2303 2886 θεῖος
2346 2821 2694 2886 Ἀπόστολος,
2722 2823 2820 2894 τὴν
2845 2823 3150 2894 ἀπόρρητον
3182 2824 3311 2892 ἡμῖν
3351 2823 3443 2874 καὶ
3479 2839 3678 2893 μυστι-

2103 2932 2122 2965 ι
2162 2914 2262 2985 κῆν
2300 2914 2621 2986 παραδιδοὺς
2646 2914 2941 2983 θεολογίαν,
2985 2915 3083 2985 βοᾷ
3108 2915 3200 2967 καὶ
3226 2913 3530 2986 κέκραγεν·
3567 2908 3678 2976 Εἷς

2104 3025 2122 3058 ι
2169 3009 2202 3060 ὀ
2219 3007 2380 3073 Θεός.
2400 3001 2531 3061 Εἶτα
2559 3007 2696 3078 μετὰ
2714 3008 2806 3062 τὸν
2825 3007 2920 3061 ’ένα
2936 3006 3067 3060 Θεόν
3092 3023 3272 3076 φησιν·
3303 3003 3408 3070 Εἷς
3417 3007 3675 3075 μεσίτης

2104 3115 2124 3148 ι
2165 3096 2312 3151 Θεοῦ
2335 3098 2432 3150 καί
2454 3098 2794 3167 ἀνθρώπων,
2821 3097 3126 3165 ἄνθρωπος
3139 3097 3376 3165 Ἰησοῦς
3394 3096 3676 3165 Χριστός.

2107 3208 2124 3241 ι
2165 3191 2226 3242 Εἰ
2267 3191 2444 3243 τοίνυν
2489 3190 2772 3262 ἄνθρωπον
2819 3189 2980 3242 αὑτὸν
3031 3185 3168 3242 εἶναί
3195 3207 3359 3260 φησι,
3429 3191 3494 3260 τῇ
3534 3189 3677 3243 κατά

2107 3303 2124 3334 ι
2166 3283 2343 3355 σάρκα
2393 3282 2554 3336 αὑτοῦ
2615 3283 2750 3355 μόνῃ
2790 3282 3070 3353 προσέχων
3113 3281 3410 3352 οἰκονομίᾳ,
3456 3281 3677 3345 πάντως

2107 3395 2124 3427 ι
2164 3379 2381 3430 κάκεῖνο
2411 3377 2846 3447 συνομολογεῖτό
2877 3378 3009 3448 μηδὲ
3046 3377 3190 3447 ἔχειν
3222 3374 3412 3428 ἐλπίδα
3455 3375 3545 3426 ἐπ’
3583 3373 3681 3425 αὐ-

2106 3489 2123 3518 ι
2163 3469 2275 3522 τόν.
2313 3469 2772 3536 Ἐπικατάρατος
2797 3469 2904 3541 γὰρ
2924 3467 3250 3537 ἄνθρωπος,
3300 3470 3330 3520 ό
3389 3467 3681 3537 προφήτης

2107 3579 2125 3609 ι
2159 3560 2424 3630 Ἱερεμίας
2445 3560 2569 3632 ἔφη,
2599 3560 2669 3625 ὃς
2687 3559 3025 3628 τὴνὲλπίδα
3049 3561 3172 3628 ἔχει
3195 3560 3286 3612 ἐπ’
3303 3559 3674 3630 ἀνθρωπονοῑ

2113 3651 2274 3722 Ὁρᾷς
2304 3651 2452 3714 ὅπως
2491 3652 2525 3721 ἡ
2574 3651 2741 3704 κακία
2779 3649 3094 3719 τυφλώττει.
3130 3649 3314 3704 Ταῦτα
3340 3649 3472 3718 γοῦν
3515 3650 3682 3711 αὐτὸς

2105 3745 2456 3815 μαρτυρήσας
2485 3743 2616 3796 Θεὸν
2659 3736 3004 3813 ὁμολογοῦντι
3043 3743 3131 3796 τὸν
3153 3743 3300 3806 Υίὸν,
3330 3741 3683 3812 μεμφόμενός

2100 3850 2160 3886 τε
2198 3837 2290 3888 ἐπὶ
2317 3835 2511 3906 τούτῳ,
2546 3836 2622 3900 ὡς
2647 3836 2778 3889 Θεὸν
2802 3836 2958 3907 οὐσίᾳ
2997 3836 3085 3888 καὶ
3129 3835 3354 3905 δυνάμει
3391 3834 3682 3903 ὑφεστῶτα

2102 3931 2192 3984 τὸν
2219 3928 2314 3982 τοῦ
2360 3929 2496 3982 Θεοῦ
2535 3929 2704 3997 Λόγον
2737 3929 3026 3997 εἰσάγοντι,
3068 3926 3162 3980 νῦν
3209 3927 3298 3981 τὸν
3325 3926 3487 3980 αὐτὸν
3520 3942 3682 3977 συκο-

2104 4024 2312 4090 φαντεῖ,
2346 4021 2420 4084 ὡς
2459 4020 2612 4089 ψιλὸν
2655 4019 2939 4090 ἄνθρωπον
2980 4018 3204 4087 λέγοντα
3245 4013 3382 4070 εἶναι
3421 4019 3513 4070 τὸν
3550 4020 3683 4088 Χρι-

2105 4113 2246 4178 στὸν,
2280 4113 2566 4185 προφανῶς
2596 4113 3061 4182 καταψευδόμενος
3082 4153 3096 4176 ,
3135 4111 3190 4164 ἐν
3238 4127 3294 4164 τε
3339 4105 3422 4174 οἷς
3467 4110 3680 4182 εἴρηκε,

2104 4205 2197 4259 καὶ
2246 4205 2302 4257 ὲν
2343 4199 2423 4268 οἷς
2471 4203 2597 4275 ἑξῆς
2649 4204 2842 4273 ἐπάγει
2881 4200 3035 4266 αὖθις
3093 4202 3219 4273 περὶ
3260 4203 3423 4254 αὑτοῦ
3475 4201 3677 4270 λέγων·

2110 4314 2129 4348 ι
2182 4295 2320 4348 Ἀλλ’
2356 4297 2385 4349 ό
2416 4295 2828 4367 προειρημένος,
2869 4294 3074 4365 βραχέα
3105 4294 3212 4347 τῶν
3258 4293 3429 4360 άγίων
3469 4311 3686 4364 προφηο

2111 4406 2129 4438 ι
2167 4387 2275 4441 τῶν
2311 4387 2601 4456 φροντίσας
2620 4427 2634 4451 ,
2656 4386 2733 4450 ὡς
2772 4386 3079 4458 ἀπόρρητόν
3109 4402 3228 4438 τινα
3257 4385 3351 4436 καὶ
3383 4384 3682 4437 λανθάνουο

431 4493 452 4526 ι
499 4475 635 4530 sime
663 4474 877 4528 divinus
908 4473 1200 4543 Apostolus
1225 4473 1597 4528 absconditam
1631 4483 1684 4527 et
1715 4474 1992 4544 mysticam

2108 4497 2126 4532 ι
2168 4497 2269 4533 σαν
2295 4479 2389 4532 τοῦ
2436 4478 2757 4532 Ἀποστόλου
2801 4479 3078 4546 θεολογίαν
3117 4477 3508 4549 ἐξηγούμενος·
3581 4473 3683 4542 Εἷς

433 4585 454 4619 ι
502 4568 658 4622 nobis
691 4566 1018 4638 theologiam
1061 4566 1426 4632 revelaturus,
1471 4565 1672 4620 clamat
1712 4575 1768 4619 et
1805 4564 2002 4621 vocife-

433 4679 452 4711 ι
502 4671 680 4714 ratur:
702 4657 848 4713 Unus
888 4670 963 4714 est
999 4659 1140 4713 Deus
1161 4659 1230 4714 ⁸⁸.
1257 4658 1323 4712 Ει
1341 4665 1624 4728 postquam
1645 4656 1810 4711 Deum
1833 4672 1998 4711 unum

434 4772 452 4804 ι
499 4767 621 4807 esse
669 4753 1129 4818 conﬂrmaverat,
1190 4750 1540 4805 Mediatorem
1567 4764 1780 4820 quoque
1833 4766 1997 4803 unum

436 4861 456 4896 ι
505 4842 600 4897 Dei
621 4853 775 4914 atque
800 4845 1067 4898 hominum
1095 4843 1379 4898 constituit
1407 4843 1476 4907 ⁵⁸,
1507 4842 1780 4897 hominem
1813 4842 1996 4896 Iesum

435 4953 454 4987 ι
500 4935 796 4992 Christum.
861 4936 1015 5002 Quod
1076 4938 1124 4993 si
1175 4951 1304 5006 ergo
1359 4936 1632 4991 hominem
1680 4934 1800 4988 ideo
1851 4933 1997 4986 illum

435 5049 454 5082 ι
494 5029 747 5100 appellet,
782 5031 923 5099 quod
951 5031 1246 5100 respiceret
1265 5045 1410 5096 eam,
1448 5045 1565 5098 quae
1596 5037 1679 5083 est
1703 5029 1997 5083 secundum

435 5141 454 5176 ι
500 5138 746 5188 carnem,
779 5125 1164 5189 oeconomiam,
1191 5123 1297 5178 nOn
1325 5131 1501 5191 potest
1539 5120 1656 5175 ﬁeri
1684 5120 1812 5189 quin
1841 5119 2002 5174 simul

2115 4589 2134 4620 ι
2171 4569 2334 4635 Θεὸς,
2369 4569 2496 4640 ἔφη,
2516 4563 2605 4634 εἷς
2635 4569 2734 4622 καὶ
2757 4570 3010 4638 μεσίτης
3035 4569 3182 4622 Θεοῦ
3205 4567 3300 4620 καὶ
3332 4567 3682 4634 (tramam;

2113 4678 2131 4711 ι
2159 4659 2465 4728 ἅνθρωπος
2480 4661 2718 4727 Ἰησοῦς
2734 4662 3004 4729 Χριστός.
3031 4679 3050 4711 ι
3069 4660 3178 4712 Καὶ
3191 4663 3219 4712 ὁ
3234 4657 3406 4710 ταῦτα
3440 4660 3680 4728 γράψας,

2107 4751 2198 4804 καὶ
2231 4751 2436 4821 σφόδρα
2467 4753 2558 4804 ἐπὶ
2607 4751 2685 4822 τῷ
2742 4752 3044 4822 μεμνῆσθαι
3088 4750 3194 4803 τῶν
3229 4749 3457 4820 Γραφῶν
3516 4766 3685 4818 μεγα-

2105 4842 2338 4913 λαυχῶν,
2372 4845 2470 4910 οῦκ
2505 4844 2803 4914 ἐνενόησεν,
2833 4843 2914 4896 ὅτι
2947 4844 2974 4894 ὁ
3006 4841 3165 4895 τοῦτο
3195 4841 3411 4911 γράψας
3439 4840 3683 4907 άγιώταυ

2105 4952 2196 4999 τος
2236 4935 2552 4998 Ἀπόστολος
2600 4937 2693 4988 καὶ
2727 4938 2900 4988 έκεῖνο
2933 4935 3046 5005 (28)
3094 4935 3400 5005 γέγραφεν·
3464 4936 3562 4998 Ὃς
3615 4932 3685 4984 ἐν

2101 5026 2301 5096 μορφῇ
2330 5027 2477 5080 Θεοῦ
2503 5027 2805 5096 ὑπάρχων,
2836 5029 2948 5095 οὺχ
2978 5027 3291 5096 ἁρπαγμὸν
3313 5025 3587 5095 ἡγήσατο
3617 5027 3683 5077 τὸ

2105 5119 2256 5171 εἶναι
2304 5117 2409 5171 ἴσα
2456 5117 2598 5184 Θεῷ,
2643 5118 2777 5172 ἀλλ’
2818 5117 3117 5171 ἐκένωσεν
3146 5117 3364 5171 ἑαυτὸν
3383 5157 3396 5177 ,
3439 5115 3681 5185 μορφὴν

436 5232 454 5264 σ
501 5214 816 5283 proﬁteatur
843 5212 953 5280 ille,
983 5227 1132 5282 spem
1173 5226 1232 5268 se
1275 5210 1474 5265 nullam
1507 5211 1560 5264 in
1592 5223 1658 5264 eo
1691 5209 1979 5264 collocare.

2101 5208 2313 5263 δούλου
2356 5210 2577 5274 λαϐὼν,
2606 5211 2677 5263 ἐν
2716 5205 3030 5280 ὁμοιώματι
3077 5209 3391 5278 ἀνθρώπου
3435 5211 3675 5279 γενόμε-

504 5326 698 5396 ᾖγΕά.
731 5324 931 5389 Paris.,
952 5340 1098 5396 pag.,
1131 5325 1221 5396 28.
1404 5394 1417 5396 ᾼ
1444 5395 1455 5396 νγ
1555 5394 1595 5396 ὴ
1632 5393 1652 5396 _
1737 5357 1744 5364 -

498 5397 544 5427 "
572 5395 727 5450 Joan.
761 5410 893 5462 xvu,
930 5391 984 5450 3.
1008 5391 1125 5438 7'“
1162 5395 1294 5450 Gen.
1324 5411 1366 5459 ι,
1393 5394 1482 5450 26.
1551 5394 1596 5425 "
1624 5393 1780 5448 Joan.
1805 5407 1863 5457 x,
1895 5393 1982 5446 50.

2101 5395 2106 5421 ι
2134 5391 2151 5444 I
2185 5391 2324 5446 Tim.
2359 5409 2418 5458 ιι,
2445 5393 2498 5447 5.
2574 5394 2618 5426 ⁸⁹
2645 5393 2773 5448 ibid.

501 5509 615 5578 (28)
653 5509 824 5578 Vulgo
855 5512 1079 5577 ἐκεῖνος,
1125 5511 1212 5565 ed.
1251 5527 1306 5579 p.
1345 5512 1398 5565 in
1433 5527 1576 5566 corr.
1621 5515 1829 5574 ἐκεῖνος
1871 5527 1993 5564 mox

429 5580 862 5654 vnlgosbpqeeig'
883 5582 1054 5654 ;_dein
1099 5579 1206 5654 Mp.
1234 5598 1326 5654 γρ.
1360 5581 1547 5634 τούτου
1579 5582 1718 5654 (loco
1756 5582 1992 5654 τούτων,

430 5661 488 5721 et
520 5652 655 5721 inira
684 5651 851 5721 αὐτοῦ
880 5652 1020 5720 (loco
1056 5651 1288 5721 αὐτῶν),
1344 5668 1504 5720 porro
1540 5651 1695 5720 vulgo
1749 5651 1993 5721 βούλημα

430 5720 547 5776 loco
573 5719 897 5790 βουλόμενος
917 5732 974 5776 et
1001 5722 1066 5775 ἂν
1099 5719 1207 5777 εἷεν
1233 5719 1286 5778 ct
1313 5723 1394 5775 ὅτι
1414 5723 1477 5792 δὴ
1494 5722 1603 5775 οὐδ.
1634 5719 1682 5777 τ.
1701 5719 1786 5775 ἀλ.
1815 5719 2005 5794 ἔμελλε

2097 5522 2149 5564 et
2179 5506 2368 5583 εἷρμον
2395 5521 2443 5584 et
2473 5512 2579 5566 τῶν
2609 5513 2867 5584 ῥημάτων
2925 5515 3040 5566 loco
3070 5512 3458 5584 νρηματίωνει
3501 5507 3582 5576 εἷς
3624 5511 3680 5565 δὲ

2096 5583 2194 5655 καί
2222 5600 2279 5652 μ.
2310 5595 2362 5655 et
2393 5583 2458 5636 δι’
2490 5583 2738 5655 animiet
2787 5583 2883 5647 τὰς
2917 5586 2974 5637 ὲν
3021 5583 3157 5654 αὐτῇ
3212 5595 3264 5639 et
3307 5583 3681 5655 πεποιημένας

2097 5651 2132 5706 ἃ.
2155 5651 2379 5707 δὲκατὰ
2406 5673 2462 5708 π.
2492 5655 2690 5725 τρόπον
2719 5654 2764 5708 δ.
