3836 6216
55 5849 94 5890 ί

97 314 192 369 ιῖὸ

1197 309 1481 368 CONTRA
1523 309 1950 366 MARCELLUM
1988 311 2118 366 LIB.
2163 315 2203 369 Ι.

3227 324 3270 350 ἰ’
3287 324 3338 375 is

93 450 196 499 νος
241 431 339 485 καί
389 430 649 500 σχήματι
693 429 954 497 εὑρεθεὶς
1003 430 1082 494 ὡς
1127 429 1456 496 ἅνθρωπος.
1503 428 1661 498 Ὁρᾷς

1770 446 1788 477 ι
1837 428 2080 497 Namque
2145 429 2451 485 maledictus
2515 432 2706 498 homo,
2748 433 3013 490 Jeremias
3072 437 3332 506 propheta

94 527 256 587 ὅπως,
283 523 472 596 ὥσπερ
500 521 732 594 προϊδὼν
778 521 858 591 τῷ
900 520 1170 590 πνεύματι
1199 521 1297 590 τὴν
1323 537 1526 574 τουτων
1559 538 1658 572 κα-

93 615 352 688 κουργίαν
393 617 422 668 ὁ
456 614 598 685 ἱερὸς
638 612 977 674 Ἀπόστολος,
1007 610 1179 674 οὕτως
1200 614 1272 663 .tv
1301 609 1471 682 ἑτέρῳ
1507 611 1660 681 μέρει

91 709 170 773 τὸ,
190 708 270 772 ὡς
294 705 626 774 ἄνθρωπος,
653 704 877 776 ἔγραψε,
899 704 992 757 καὶ
1013 702 1084 754 ἐν
1107 701 1421 770 ὁμοιώματι
1442 702 1663 768 ἀνθρώ-

93 813 205 851 που
250 797 593 865 γενόμενος,
645 794 731 846 ἵνα
775 793 958 864 παύσῃ
1007 793 1186 846 αὐτῶν
1241 793 1341 862 τὴν
1393 793 1660 862 τοσαύτην

96 887 454 957 βλασφημίαν.
496 885 604 939 Καὶ
645 885 762 956 μεθ’
792 886 955 954 ’ἐτερα
986 885 1077 938 τὸν
1125 883 1288 937 αὑτὸν
1338 887 1662 952 συκοφαντεῖ

94 972 188 1031 ὧδέ
220 994 334 1039 πως
357 994 371 1006 ο
412 995 430 1027 ι
466 976 589 1038 Πῶς
615 972 708 1029 οὖν
740 976 951 1038 τούτοις
986 976 1059 1046 μὴ
1096 973 1348 1046 προσχὼν
1380 974 1658 1040 Εὐσέϐιος,

101 1087 118 1119 ι
159 1068 312 1138 μόνον
339 1067 624 1138 ἄνθρωπον
651 1067 742 1118 τὸν
780 1067 1004 1138 Σωτῆρα
1029 1061 1170 1119 εἶναι
1198 1065 1477 1136 βούλεται;
1513 1085 1532 1117 ι
1584 1068 1659 1119 Οὐ

95 1159 333 1230 φανερῶς
375 1159 473 1229 μὲν
504 1158 662 1211 τοῦτο
689 1158 868 1226 λέγειν
892 1157 1128 1228 τολμῶν,
1175 1156 1332 1210 τοῦτο
1377 1159 1433 1211 δὲ
1479 1157 1660 1229 βουλό-

97 1267 244 1319 μενος
274 1248 381 1302 ὑπὸ
408 1248 515 1300 τῶν
549 1247 691 1301 ἰδίων
717 1248 997 1318 ἐλέγχεται
1028 1247 1255 1317 ῥήσεων.
1293 1247 1404 1300 Καὶ
1431 1248 1458 1298 ὁ
1491 1246 1661 1300 ταῦτα

95 1339 250 1392 εἰπὼν
274 1341 365 1392 τὸν
397 1339 556 1392 αὑτὸν
579 1339 979 1409 κατεμέμφετο,
1010 1338 1085 1401 ὡς
1109 1337 1241 1391 Θεὸν
1260 1337 1660 1408 ἁναγορεύοντα

93 1435 178 1487 τὸν
202 1435 347 1498 Υἰὸν,
387 1433 612 1504 γράφων
665 1430 806 1484 οὓτω
825 1448 838 1460 ·
881 1431 1083 1484 Διελεῖν
1113 1430 1220 1502 γὰρ
1250 1431 1342 1484 τὸν
1367 1431 1536 1498 Λόγον
1564 1429 1658 1484 τοῦ

93 1525 218 1578 Θεοῦ
244 1525 544 1596 τολμήσας,
587 1524 678 1576 καὶ
717 1523 900 1594 ’έτερον
928 1522 1059 1575 Θεὸν
1095 1521 1189 1575 τὸν
1234 1521 1407 1590 Λόγον
1456 1521 1656 1591 ὀνομά-

96 1638 208 1686 σας,
242 1619 405 1691 οὐσίᾳ
434 1635 492 1671 τε
527 1619 620 1671 καὶ
651 1615 876 1686 δυνάμει
903 1613 1165 1668 διεστῶτα
1196 1613 1288 1666 τοῦ
1319 1613 1551 1685 Πατρὸς,
1577 1614 1673 1677 είςκ

94 1715 216 1784 ὅσην
244 1709 594 1783 βλασφημίαν
627 1708 978 1762 ἐκπέπτωκεν
1001 1722 1017 1773 ;

1771 541 1787 570 ι
1837 523 2003 585 ait”,
2053 525 2142 592 qui
2190 526 2243 578 in
2296 525 2503 580 homine
2551 527 2883 582 collocauerit
2920 545 3062 598 spem
3095 547 3265 586 suam.
3310 551 3330 584 ι

1773 611 1932 668 Vides
1959 623 2016 667 ut
2037 615 2277 669 obcaecat
2303 617 2544 671 homines
2567 618 2794 674 malitia.
2818 618 2950 673 Nam
2973 622 3062 690 qui
3094 625 3334 677 testimo-

1766 708 1914 756 nium
1949 703 2054 759 tale
2087 705 2436 774 perhibuerat
2461 706 2628 760 Deum
2666 706 2863 762 Filium
2891 712 3207 768 conﬁtenti:
3243 717 3333 780 qui

1767 795 2193 864 reprehenderat
2227 811 2349 850 eum
2399 812 2427 848 a
2475 812 2582 864 quo
2632 799 2722 852 Dei
2774 799 3008 854 Verbum
3049 804 3186 892 Deus
3217 817 3336 859 esse

1771 886 2051 941 dicebatur
2069 888 2375 941 substantia
2406 890 2706 944 subsistens
2733 901 2786 944 et
2805 892 3079 961 potentia;
3108 886 3171 954 is,
3195 894 3332 948 idem

1767 991 1937 1042 nunc,
1959 977 2211 1032 eumdem
2249 979 2370 1033 ideo
2400 990 2642 1048 accusat,
2671 981 2826 1050 quasi
2869 982 2958 1051 qui
2988 988 3184 1038 nudum
3214 1001 3336 1040 esse

1768 1067 2042 1122 hominem
2089 1068 2366 1124 Christum
2399 1071 2613 1125 dixerat
2641 1089 2655 1126 :
2685 1073 3027 1140 apertissime
3055 1078 3333 1140 mentitus,

1770 1167 1880 1211 tum
1913 1159 1967 1212 in
1999 1160 2118 1214 istis
2155 1161 2225 1214 ita
2259 1161 2471 1229 positis,
2507 1173 2618 1216 tum
2659 1164 2712 1217 in
2756 1164 2861 1218 illis
2909 1180 3029 1233 qua:
3081 1167 3337 1236 deinceps

1768 1249 2008 1304 annectit
2040 1251 2332 1323 dicens[l{.
2360 1252 2514 1325 XC]:
2547 1252 2778 1308 «Verum
2809 1269 2971 1325 supra
3005 1257 3334 1322 nominatus,

1771 1357 1790 1390 ι
1812 1354 1934 1395 cum
1957 1355 2060 1395 non
2077 1344 2256 1412 magni
2278 1342 2480 1399 faceret
2497 1347 2867 1401 sanctissimos
2884 1348 3196 1416 pr0phetas,
3221 1359 3337 1402 tan-

1771 1451 1790 1483 ι
1821 1447 1978 1502 quam
1997 1434 2086 1503 qui
2113 1435 2481 1490 absconditam
2512 1437 2656 1490 illam
2675 1447 2728 1492 et
2750 1427 3073 1494 ineffabilem
3093 1439 3335 1508 Apostoli

1771 1524 2146 1593 «theologiam
2176 1526 2648 1596 interpretaretur,
2667 1512 2838 1596 Unus,
2861 1531 3054 1600 inquit,
3079 1533 3218 1588 Deus
3235 1545 3332 1598 est,

1770 1632 1790 1666 ι
1824 1631 1960 1669 unus
1988 1615 2250 1686 Deiatque
2267 1618 2532 1673 hominum
2561 1623 2822 1675 mediator
2845 1625 2998 1677 homo
3017 1623 3175 1679 Jesus
3191 1625 3338 1678 Chri-

1687 1701 1731 1756 B
1764 1723 1781 1758 ι
1819 1709 2012 1762 stus“.
2037 1726 2056 1760 ι
2081 1709 2272 1774 allec
2291 1712 2380 1780 qui
2401 1713 2640 1782 scripsit,
2659 1724 2714 1768 et
2736 1713 3084 1770 vehementer
3099 1716 3200 1770 sibi
3228 1717 3335 1786 ipsi

96 1805 302 1873 placuit,
322 1803 478 1873 quasi
498 1801 811 1871 Scripturas
831 1812 1020 1852 omnes
1037 1797 1296 1853 memoria
1320 1805 1530 1864 tenens,
1556 1811 1894 1867 nequaquam
1929 1809 2107 1855 tamen
2131 1803 2409 1872 cogitavit,
2429 1805 2676 1860 eumdem
2700 1805 2793 1874 qui
2825 1807 2928 1862 hoc
2952 1807 3172 1876 scripsit
3196 1808 3335 1863 clivi-

97 1913 212 1950 uum
241 1895 585 1966 Apostolum,
614 1905 670 1948 et
703 1891 833 1946 illud
865 1891 918 1945 in
943 1890 1149 1959 scripta
1179 1890 1428 1946 retulisse
1458 1908 1472 1944 :
1503 1890 1606 1957 Qui
1633 1907 1749 1944 cum
1779 1892 1833 1945 in
1859 1892 2031 1961 {arma
2063 1893 2158 1946 Dei
2186 1895 2480 1962 exsisteret,
2510 1912 2612 1950 non
2639 1896 2929 1951 arbitratus
2968 1909 3041 1952 est
3074 1900 3332 1965 rapinam.

94 2009 193 2046 esse
213 1989 470 2060 aqualem
497 1989 624 2051 Deo,
641 1988 728 2040 sed
747 1986 963 2040 εαξηαηὶ
971 1985 1033 2040 vit
1057 1984 1387 2051 semetipsum
1406 1994 1675 2052 assumpta
1698 1986 1832 2038 servi
1852 1984 2112 2052 [Μηκιρη
2135 1987 2535 2042 similitudinem
2551 1990 2777 2043 hominis
2800 1991 3071 2055 exsistens,
3088 2003 3134 2044 et
3155 1991 3334 2061 ﬁgura

95 2092 312 2150 repertus
337 2090 592 2150 tanquam
621 2078 773 2132 homo
792 2077 860 2131 ".
890 2075 1053 2131 Vides
1081 2086 1139 2130 ut
1159 2083 1380 2131 sanctus
1401 2075 1489 2130 hic
1517 2075 1824 2145 Apostolus,
1857 2077 2020 2132 veluti
2049 2080 2138 2148 qui
2163 2080 2356 2148 spiritu
2388 2081 2618 2135 istorum
2645 2081 3050 2152 improbitatem
3082 2083 3332 2152 provide-

99 2172 354 2237 rct,alihi,
393 2179 555 2241 atque
582 2169 757 2223 aliain
788 2179 940 2239 parte
967 2169 1042 2222 ita
1073 2168 1334 2238 scriptum
1359 2167 1592 2237 reliquit,
1627 2178 1874 2239 tanquam
1895 2171 2072 2237 homo,
2092 2182 2146 2227 et
2167 2173 2220 2226 in
2253 2173 2651 2227 similitudinem
2669 2174 2897 2228 hominis
2923 2176 3202 2237 exsistam,
3223 2189 3330 2244 quo

99 2277 293 2322 tantam
321 2268 523 2323 horum
568 2265 960 2334 blasphemiam
999 2278 1348 2334 compescere
1397 2274 1598 2332 posset.
1646 2263 1776 2320 Post
1827 2266 1933 2320 alia
1971 2269 2221 2323 eumdem
2259 2269 2624 2323 calumniatur
2674 2269 2778 2324 iato
2823 2270 2982 2324 modo
3019 2267 3110 2340 [Ιί.
3143 2266 3279 2340 XCI]
3311 2285 3326 2322 :

101 2382 118 2414 ι
157 2363 439 2430 Quomodo
465 2362 628 2432 igitur
657 2359 883 2424 factum,
915 2367 974 2414 ut
1001 2360 1264 2416 Eusebius
1298 2375 1418 2415 cum
1452 2361 1519 2415 ad
1547 2362 1647 2416 ista
1681 2377 1786 2417 non
1826 2365 2150 2430 attenderet,
2193 2363 2541 2420 Servatorem
2570 2373 2817 2418 nostrum
2848 2363 3022 2418 solum
3054 2363 3326 2418 hominem

101 2477 118 2509 ι
160 2468 376 2514 exstare
408 2457 741 2514 contendat?
766 2475 784 2507 ι
819 2455 936 2510 Non
972 2456 1076 2510 hoc
1100 2456 1318 2523 quidem
1349 2469 1515 2510 ausus
1557 2467 1642 2510 est
1678 2468 1864 2525 aperte
1925 2457 2172 2527 profari:
2233 2469 2290 2512 at
2335 2460 2437 2514 hoc
2501 2458 2740 2514 voluisse
2784 2459 3065 2515 convictus
3117 2468 3330 2514 tenetur

97 2556 199 2610 suis
247 2555 422 2626 ipsius
479 2553 680 2608 verbis.
732 2550 796 2605 Et
842 2550 1218 2614 nihilominus,
1275 2551 1368 2618 qui
1403 2551 1484 2605 sic
1522 2566 1643 2604 eum
1684 2563 1927 2618 accusat,
1957 2553 2304 2622 reprehendit
2355 2552 2507 2612 illum
2533 2567 2770 2623 quoque,
2813 2555 2956 2624 quod
2983 2551 3179 2608 Filium
3206 2567 3330 2610 esse

98 2645 252 2700 Deum
275 2653 594 2700 asseverat:
623 2642 867 2697 dividere
897 2640 1112 2709 quidem
1143 2639 1237 2694 Dei
1269 2639 1508 2695 Verbum
1546 2655 1730 2706 ausus,
1789 2653 1845 2698 et
1883 2643 2119 2698 Verbum
2183 2644 2350 2698 Deum
2415 2644 2647 2700 alterum
2705 2644 3010 2712 nominans,
3076 2643 3328 2701 substan-

100 2742 162 2794 tia
189 2751 241 2795 et
267 2739 512 2808 potentia
545 2753 574 2790 a
613 2735 776 2790 Patre
814 2732 1177 2800 dili‘erentem,
1209 2726 1263 2787 in
1298 2744 1557 2804 quantam
1591 2736 1780 2791 incidit
1805 2737 2244 2806 blasphemiam?

160 2831 411 2885 Τοσαῦτα
453 2829 546 2882 καὶ
588 2826 791 2882 τούτων
821 2825 902 2879 ἔτι
937 2825 1132 2897 μακρῷ
1151 2825 1371 2880 πλείονα
1405 2828 1464 2880 οὐ
1517 2829 1658 2883 κατὰ

1828 2830 1999 2885 Totet
2018 2831 2166 2895 talia,
2186 2840 2240 2885 et
2264 2829 2420 2901 longe
2446 2830 2624 2884 adhuc
2647 2828 2800 2899 plura
2831 2845 2938 2886 non
2971 2829 3024 2884 in
3050 2831 3193 2887 solos
3210 2833 3326 2901 epi-

102 2926 265 2995 μόνων
310 2922 426 2976 τῶν
479 2919 812 2983 ἐπισκόπων,
855 2917 992 2972 ἀλλὰ
1025 2920 1120 2972 καὶ
1152 2917 1293 2972 κατὰ
1335 2919 1433 2989 τῆς
1478 2919 1661 2988 ὑγιοῦς

1765 2937 1957 2994 scapos
1991 2939 2115 2979 cum
2155 2924 2388 2978 eiiutivit
2429 2924 2738 2988 Marcellus,
2772 2924 2868 2980 sed
2901 2924 2955 2978 in
2995 2925 3166 2994 ipsam
3188 2940 3326 2994 quo-

98 3017 184 3069 καὶ
207 3015 663 3086 ὲκκλησιαστικῆς
691 3013 925 3076 πίστεως
977 3011 1273 3082 ἐκθέμενος
1322 3011 1659 3083 Μάρκελλος,

1765 3031 1866 3085 que
1881 3030 2066 3071 sanant
2093 3025 2147 3070 et
2172 3014 2598 3070 ecclesiasticam
2627 3013 2808 3079 ﬁdem,
2831 3013 3123 3069 manifeste
3147 3015 3324 3070 decla-

97 3108 239 3178 δῆλος
260 3107 327 3161 ἂν
357 3107 448 3177 εἴη
475 3106 665 3168 ὁποίας
688 3105 850 3168 αὐτὸς
875 3104 1084 3176 ὑπῆρχε
1114 3102 1501 3175 προαιρέσεως.
1540 3104 1661 3158 Ὅτι

1765 3117 1848 3163 rat
1875 3123 1984 3178 quo
2008 3107 2193 3161 animo
2225 3107 2480 3176 praeditus
2505 3114 2562 3160 et
2591 3105 2867 3161 voluntate
2888 3105 3086 3162 fuerat.
3113 3106 3326 3162 Nullam

97 3200 135 3252 δ’
167 3201 312 3256 οὐδὲν
339 3200 445 3270 τῆς
471 3198 727 3270 ἀληθείας
762 3197 922 3268 έμελε
943 3197 1021 3267 τῷ
1050 3197 1224 3268 ἀνδρὶ,
1258 3196 1446 3266 μάθοις
1477 3196 1542 3250 ἂν
1570 3199 1661 3250 αὐ-

97 3296 205 3357 ταῖς
233 3291 473 3364 ἐντυχὼν
505 3293 620 3354 ταῖς
654 3289 762 3343 τῶν
791 3289 1105 3343 ἐπισκόπων
1134 3287 1464 3354 ἐπιστολαῖς,
1495 3289 1552 3341 tv
1573 3283 1661 3351 αἷς

100 3389 336 3460 εὑρήσεις
366 3387 530 3440 αὑτὸν
554 3387 615 3438 τὸ
655 3384 753 3456 μὲν
793 3384 898 3437 πᾶν
940 3381 1100 3453 σῶμα
1133 3381 1234 3451 τῆς
1274 3380 1511 3443 διανοίας
1555 3381 1664 3435 τῶν

99 3478 281 3543 λέξεων
309 3474 795 3550 ακρωτηριάζοντα
815 3491 827 3504 ·
885 3474 978 3527 καὶ
1005 3473 1098 3527 τὸν
1129 3473 1239 3543 ’μὲν
1267 3473 1444 3526 πάντα
1475 3472 1664 3543 εἱρμὸν

100 3571 530 3643 ἀποκρύπτοντα,
580 3568 862 3641 ῥηματίων
890 3566 948 3620 δὲ
983 3564 1534 3637 ἀντιλαμϐανόμενον,
1568 3564 1663 3618 καὶ

100 3662 287 3717 τούτων
311 3661 635 3733 κακούργως
671 3659 989 3730 ποιούμενον
1024 3659 1122 3729 τὴν
1142 3656 1415 3727 διαϐολήν.
1456 3655 1665 3709 Αὐτίκα

101 3755 219 3823 γοῦν
248 3755 576 3824 συκοφαντεῖ
597 3751 688 3805 τὸν
723 3750 979 3804 Εὐσέϐιον
1009 3751 1073 3804 ὲκ
1106 3748 1199 3802 τοῦ
1229 3746 1558 3820 προφανοῦς,
1587 3746 1664 3810 ὼς

101 3846 240 3916 ψιλὸν
267 3845 556 3917 ἄνθρωπον
596 3843 688 3898 τὸν
715 3842 952 3915 Χριστὸν
985 3841 1270 3912 είρηκότα’
1324 3837 1512 3908 ἐπειδὴ
1566 3837 1664 3907 τῆς

103 3938 450 4008 ἀποστολικῆς
472 3930 654 4007 φωνῆς
683 3937 739 3988 tv
765 3937 832 4006 τῇ
863 3932 1054 3987 ἑαυτοῦ
1081 3930 1337 4000 ἐπιστολῇ
1367 3928 1462 4000 τὴν
1483 3927 1663 3998 παρά-

104 4030 236 4086 θεσιν
269 4030 581 4100 πεποίηται,
635 4029 703 4081 δι’
745 4022 811 4098 ἧς
855 4026 1017 4090 αὐτὸς
1066 4022 1217 4078 εἶπεν
1260 4025 1288 4076 ὁ
1313 4019 1659 4083 Ἀπόστολοςο

104 4119 198 4189 Εἷς
221 4122 328 4194 γὰρ
353 4127 388 4178 ό
424 4123 588 4186 Θεός·
622 4115 813 4186 εἶς’δέ
848 4116 947 4171 καὶ
976 4116 1230 4186 μεσίτης
1257 4114 1403 4168 Θεοῦ
1434 4111 1535 4166 καὶ
1559 4112 1664 4166 ἀν-

1764 3215 1892 3255 vcro
1923 3216 2111 3254 curam
2149 3200 2224 3254 illi
2269 3198 2514 3255 veritatis
2552 3197 2722 3254 fuisse
2763 3199 2974 3254 discere
3020 3201 3246 3269 poteris,
3279 3201 3326 3256 si

1763 3293 1816 3346 in
1842 3293 1989 3363 ipsas
2019 3292 2308 3361 aliquando
2335 3291 2716 3360 episcoporum
2739 3290 2996 3359 epistolas
3024 3291 3320 3347 incideris:

1763 3383 2008 3440 invenies
2036 3383 2238 3438 etenim
2281 3382 2454 3448 illum,
2499 3396 2698 3450 corpus
2751 3383 3085 3451 universum,
3133 3400 3326 3442 sensus

1762 3486 1816 3531 et
1843 3476 2127 3531 sententia:
2163 3488 2354 3528 earum
2400 3473 2742 3529 delumbasse
2791 3475 3011 3540 seriem,
3053 3476 3324 3532 dictorum

1763 3568 1870 3621 vim
1900 3566 2242 3622 occultasse:
2266 3566 2431 3620 verba
2465 3567 2787 3635 arripuisse,
2826 3577 2882 3621 et
2925 3577 3144 3636 arrepta
3189 3569 3326 3625 satis

1765 3659 2008 3728 improbe
2045 3658 2430 3714 calumniasse.
2472 3656 2765 3712 Eusebium
2805 3670 2992 3727 aperte
3037 3660 3324 3717 calumniis

1763 3745 1994 3814 impetit,
2021 3745 2176 3815 quasi
2201 3746 2405 3800 diceret
2436 3745 2711 3800 Christum
2755 3761 2876 3803 esse
2907 3751 3108 3804 nudum
3143 3752 3322 3806 homi-

1762 3853 1909 3901 nem,
1941 3838 2062 3893 ideo
2093 3838 2323 3906 quod'in
2359 3838 2590 3907 epistola
2622 3853 2718 3894 sua
2749 3841 3072 3894 sententiam
3105 3853 3323 3910 aposto-

1763 3930 1920 3986 licam
1950 3941 2258 3998 usurparat,
2297 3944 2458 4000 quam
2507 3931 2588 3985 sic
2618 3932 2795 4000 posuit
2820 3931 3111 4002 Apostolus
3135 3951 3149 3988 :
3172 3933 3323 3989 Unus

1761 4022 1946 4088 etenim
1973 4021 2113 4076 Deus
2135 4031 2251 4076 est:
2279 4039 2414 4076 unus
2442 4023 2700 4077 mediator
2724 4021 2823 4077 Dei
2853 4034 3007 4095 atque
3029 4025 3321 4095 hominum,

1763 4115 1914 4168 homo
1936 4114 2091 4169 Jesus
2115 4113 2356 4168 Christus
2382 4114 2448 4168 ⁸³.
2476 4113 2590 4170 Hoc
2619 4113 2841 4170 eﬁatum
2875 4117 3076 4173 idcirco
3108 4130 3324 4189 aposto-

104 4215 354 4281 θρὼπων,
372 4214 672 4282 ἄνθρωπος
693 4209 932 4279 Ἰησοῦς
947 4203 1436 4276 Χριστός.Ταύτην
1460 4205 1557 4274 μὲν
1571 4197 1661 4256 οὖν

1765 4205 1948 4271 licunt,
1985 4215 2236 4275 tanquam
2269 4205 2634 4262 Eusebianum
2662 4218 2924 4264 accusat:
2963 4225 3064 4266 nec
3092 4213 3326 4268 advertit

103 4306 192 4376 τὴν
229 4305 590 4376 ἁποστολικὴν
619 4301 784 4368 λέξιν,
817 4300 1019 4355 ὡσανεὶ
1038 4297 1299 4352 Εὐσεϐίου
1327 4291 1512 4361 οὖσαν,
1548 4295 1661 4348 δια-

105 4399 343 4470 ϐέϐληκεο
385 4399 458 4470 μὴ
488 4397 688 4460 συνιεὶς
715 4398 744 4450 ὁ
770 4393 1096 4465 σοφώτατος,
1126 4393 1206 4446 ὃτι
1237 4391 1328 4444 τὸν
1345 4389 1661 4443 Ἀπόστολον

106 4490 362 4555 διέϐαλλε,
388 4490 484 4554 τὰς
505 4489 563 4543 δὲ
594 4487 757 4542 αὐτοῦ
788 4485 991 4556 φωνὰς,
1022 4484 1120 4548 τὰς
1141 4487 1198 4538 tv
1231 4484 1298 4554 τῇ
1325 4482 1463 4552 αὐτῇ
1499 4497 1661 4550 φερο-

110 4581 264 4652 μένας
311 4581 590 4654 ἐπιστολῇ,
618 4580 716 4643 τάς
747 4595 805 4632 τε
841 4579 898 4632 ὲν
943 4579 1056 4640 τοῖς
1085 4576 1292 4639 λοιποῖς
1330 4573 1494 4628 αὐτοῦ
1538 4590 1665 4642 συγ-

107 4677 404 4747 γράμμασι,
428 4678 541 4738 τοῖς
561 4677 639 4737 εἰς
658 4673 756 4736 τὰς
785 4673 934 4736 θείας
957 4670 1177 4742 Γραφὰς
1210 4665 1606 4738 πεπονημένοις
1627 4665 1663 4720 ἃ

106 4764 164 4834 δὴ
183 4765 319 4818 κατὰ
347 4764 522 4818 πάντα
551 4763 712 4816 τόπον
729 4761 1044 4825 διαδέδοται,
1069 4760 1245 4829 σιωπῇ
1284 4755 1629 4828 παραδέδωκε
1646 4773 1660 4786 ·

109 4857 307 4927 κρύψας
335 4860 400 4929 τῇ
429 4859 603 4927 σιωπῇ
632 4855 669 4909 ὃ.
694 4855 768 4926 μὴ
805 4854 917 4926 (29)
965 4852 1340 4921 συκοφαντεῖν.
1374 4848 1458 4933 Τὸ⁹
1477 4848 1660 4918 ὅμοιον

107 4948 149 5002 δ’
185 4949 248 5002 ἂν
278 4948 425 5022 εὕροι
447 4965 529 5011 τις
553 4947 716 5002 αὐτὸν
763 4943 1099 5015 πεποιηκότα
1131 4944 1226 4997 καὶ
1277 4940 1502 4994 ἐπὶτῶν
1548 4938 1659 4991 λοι-

110 5038 238 5109 πῶν,
271 5033 345 5096 ὦν
371 5038 688 5108 διαϐέϐληκε
733 5037 1104 5108 γραμμάτων·
1155 5034 1191 5088 ἃ
1226 5033 1313 5103 δὴ,
1345 5031 1503 5100 λόγου
1527 5046 1662 5101 συμ-

114 5134 295 5205 μετρίᾳ
324 5132 645 5202 φειδόμενοι,
668 5132 780 5192 τοῖς
807 5128 1046 5181 ἐθέλουσι
1091 5125 1187 5197 τὴν
1220 5123 1423 5178 τούτων
1457 5121 1658 5193 ἀκριϐῆ

111 5223 368 5278 ποιεῖσθαι
432 5221 723 5290 διάγνωσιν
777 5216 1266 5289 παραχωρήσομεν,
1341 5211 1658 5273 σπεύδοντες

111 5315 251 5367 αὐτοὶ
272 5315 368 5386 τὴν
406 5315 575 5385 αὐτὴν
619 5311 933 5383 Μαρκέλλου
969 5306 1205 5380 περὶτοῦ
1229 5305 1356 5358 Υἱοῦ
1391 5303 1483 5356 τοῦ
1523 5301 1655 5355 Θεοῦ

112 5406 423 5476 ξενοφωνίαν
445 5407 548 5476 ἤδη
574 5405 757 5458 λοιπὸν
806 5399 1167 5468 ἀποκαλύψαι,
1199 5398 1276 5460 ὼς
1320 5395 1386 5449 ἂν
1431 5394 1660 5464 φανερῖν

1765 4300 1848 4352 vir
1876 4298 2130 4369 prudens,
2165 4298 2483 4368 Apostolum
2523 4300 2592 4354 ab
2623 4313 2689 4357 eo
2725 4311 3058 4366 accusatum,
3105 4314 3324 4373 propter

1766 4389 1866 4444 has
1895 4403 2058 4444 voces
2090 4390 2296 4459 positas
2331 4390 2386 4444 in
2421 4391 2646 4460 epistola
2674 4390 2784 4458 illa,
2814 4401 2869 4446 et
2904 4392 3034 4447 alibi
3065 4397 3118 4447 in
3153 4395 3326 4464 Operi-

1766 4479 1866 4533 bus
1897 4477 2133 4544 ejusdem
2165 4477 2304 4544 aliis,
2335 4493 2457 4548 qua:
2480 4481 2534 4533 in
2570 4494 2754 4535 sacras
2783 4479 3094 4550 Scripturas
3123 4496 3321 4536 exara-

1768 4569 1884 4633 vit;
1911 4584 2031 4639 qua:
2069 4570 2270 4640 ubique
2321 4585 2375 4627 et
2414 4574 2617 4641 passim
2666 4575 3114 4643 depraedicantur,
3151 4580 3211 4639 >14
3249 4578 3324 4631 si-

1757 4661 1927 4717 lentio
1977 4662 2234 4729 involvit;
2283 4663 2376 4718 illa
2426 4663 2663 4720 reticens
2685 4680 2804 4734 quae
2849 4665 3168 4720 calumniari
3216 4684 3322 4722 non

1758 4762 1990 4824 poterat.
2033 4755 2344 4810 Consimilia
2399 4767 2741 4826 perpetrasse
2791 4757 2937 4812 illum
2985 4758 3112 4814 licet
3135 4760 3324 4814 obser-

1759 4861 1890 4901 vare
1922 4846 1974 4900 itt
1999 4847 2210 4901 caeteris
2232 4863 2450 4917 quoque
2499 4849 2719 4918 scriptis
2750 4865 2871 4919 quae
2903 4861 3142 4908 accusat.
3169 4852 3319 4918 Quae,

1761 4952 1830 4991 ne
1854 4938 2030 4992 oratio
2050 4950 2332 4994 excrescat
2354 4939 2408 4994 in
2440 4940 2788 5003 immensum,
2823 4941 2928 4996 illis
2955 4943 3324 5009 permittimus

1761 5031 2157 5097 cog-noscenda,
2187 5031 2387 5099 quibus
2427 5033 2636 5086 libitum
2664 5042 2747 5087 est
2780 5032 3028 5087 exactius
3061 5047 3122 5087 ea
3175 5035 3325 5087 iuve-

1764 5119 1968 5188 SIigare
1995 5137 2008 5172 :
2035 5135 2101 5174 eo
2147 5122 2538 5176 contendentes
2581 5123 2716 5192 ipsi,
2749 5133 2809 5177 ut
2847 5122 3086 5177 Marcelli
3116 5122 3325 5175 novita-

1765 5220 1872 5264 tem
1905 5211 1972 5266 de
2016 5212 2110 5265 Dei
2149 5211 2290 5266 Filio
2328 5213 2636 5266 inusitatam
2681 5213 2732 5266 in
2780 5223 3027 5282 apertum
3083 5211 3323 5282 proferu-

1766 5318 1905 5366 mus,
1942 5303 2012 5356 ita
2055 5313 2111 5358 ut
2162 5304 2466 5375 intelligant
2512 5305 2754 5360 universi
2807 5310 3127 5376 perspicue,
3160 5319 3321 5376 quam

1768 5394 2091 5448 sententiam
2124 5393 2332 5450 fovebat
2363 5396 2410 5452 is
2437 5395 2503 5452 de
2530 5395 2665 5451 Filio
2701 5395 2817 5450 Dei.

111 5501 309 5568 γένοιτο
331 5506 440 5564 τοῖς
461 5502 642 5564 πᾶσιν,
667 5501 813 5561 ὅπως
839 5496 998 5558 αὐτὸς
1023 5493 1236 5564 ἐφρόνει
1257 5490 1382 5562 περὶ
1416 5487 1508 5540 τοῦ
1531 5484 1660 5539 Υἱοῦ
1692 5484 1786 5538 τοῦ
1811 5485 1966 5538 Θεοῦ.

180 5599 236 5654 iis
273 5593 368 5648 Ed.
399 5592 600 5655 Paris.,
633 5607 753 5661 pag.
793 5588 980 5661 29-30.

177 5644 226 5694 δ
255 5644 367 5718 ,ΙῙΞΞ
633 5644 652 5661 τ
681 5644 773 5713 ⁶ίἸ
809 5659 1016 5720 Τίηι.ιι,
1046 5656 1098 5710 5.
1174 5657 1218 5687 τ’
1255 5651 1484 5722 Philipp.
1516 5665 1575 5719 tt,
1610 5651 1661 5713 6,
1691 5648 1746 5702 '7.
1823 5646 1868 5677 ’³³
1901 5649 1914 5699 l
1946 5644 2086 5698 Tim.
2118 5661 2176 5712 It,

179 5752 288 5825 (29)
324 5755 417 5825 Μὴ
445 5751 544 5830 ἦν,
574 5762 666 5810 aut
695 5751 819 5824 ὲξῆν
854 5750 1220 5819 συκοφαντεῖν.
