3836 6216
187 308 299 369 ἸΤΙ

1320 312 1600 369 CONTRA
1639 308 2064 367 MARCELLUM
2106 310 2231 364 LIB.
2276 310 2338 366 ll.

3316 313 3437 371 778‘

185 424 498 496 ἅνθρωπος,
526 428 663 498 μήτε
686 424 847 493 εἶναι,
868 430 1002 501 μήτε
1020 431 1441 502 προῦφεστάναι,
1472 432 1609 503 μήτε
1632 430 1751 491 ὅλως

1869 425 1936 480 sti
1966 425 2215 482 Ecclesia:
2246 427 2492 496 praesedit
2518 443 2535 480 :
2566 443 2758 499 nempe
2799 430 2847 486 is
2895 432 2987 501 qui
3018 430 3190 499 palam
3221 442 3439 487 assere-‘

186 514 414 568 σαὶκποτε
444 516 570 569 Υίὺν
601 518 844 588 ὑπάρξαι
875 519 953 590 τῷ
979 519 1117 590 Θεῷ,
1152 520 1258 592 πρὸ
1281 521 1374 575 τοῦ
1399 520 1656 592 τεχθῆναι
1678 522 1766 575 διὰ

184 606 288 676 τῆς
315 607 615 678 Παρθένου.
643 609 881 674 δοξάζων
898 628 910 640 ·
960 612 1122 665 αὑτὸν
1151 612 1207 665 δὲ
1250 613 1409 684 μόνον
1430 610 1568 667 εἷναι
1594 613 1766 681 Λόγον

184 696 438 764 φάσκων,
473 701 697 768 συμφυᾶ
733 698 812 770 τῷ
840 699 979 771 Θεῷ,
1008 701 1192 765 ἀϊδίως
1236 702 1382 773 αὐτῷ
1420 702 1645 756 συνόντα
1672 704 1767 757 καὶ

183 787 489 857 ἡνωμένον,
537 783 648 853 οἷος
699 789 766 843 ἂν
818 790 902 862 εἴη
930 792 1091 845 καὶὸ
1150 793 1208 845 ὲν
1261 793 1532 866 ἀνθρώπῳ
1587 793 1762 861 λόγος.

184 877 377 949 Τούτῳ
416 879 524 951 γὰρ
557 882 716 945 αὐτὸς
759 882 956 954 χρῆται
1006 882 1085 953 τῷ
1130 885 1551 957 παραδείγματι,
1594 886 1765 954 Λόγον

184 962 330 1022 εἶναι
354 970 534 1041 φήσας
560 971 707 1026 ἔνδον
731 975 789 1027 ὲν
823 974 973 1045 αὐτῷ
997 975 1076 1045 τῷ
1110 975 1250 1047 Θεῷ,
1286 978 1417 1031 ποτε
1445 978 1543 1049 μὲν
1569 979 1767 1049 ⁴ήσυχά-

184 1058 373 1124 ζοντα,
395 1062 526 1115 ποτὲ
552 1062 609 1116 δὲ
639 1066 987 1134 σημαντικῶς
1003 1067 1345 1139 ἐνεργοῦντα,
1375 1069 1509 1141 μόνῃ
1533 1086 1592 1122 τε
1613 1070 1766 1141 ὲνερ-

185 1150 315 1221 γείᾳ
342 1153 596 1223 προϊόντα
623 1154 718 1207 τοῦ
748 1157 962 1228 Πατρός
983 1175 997 1188 ο
1017 1159 1093 1223 ὡς
1124 1158 1192 1214 ἂν
1213 1161 1307 1214 καὶ
1337 1162 1495 1231 ἡμεῖς
1521 1179 1574 1215 τι
1600 1178 1766 1234 προσ-

176 1242 492 1308 τάττοντες,
524 1248 582 1299 έν
616 1246 696 1318 τῷ
736 1248 914 1318 λέγειν
950 1268 1004 1303 τι
1059 1252 1152 1306 καὶ
1199 1251 1400 1317 λαλεῖν,
1447 1255 1765 1326 ὲνεργήσαι-

183 1351 311 1405 μεν.
348 1336 468 1389 Ὅτι
495 1337 542 1390 δ’
575 1338 676 1392 οὐκ
703 1339 769 1392 ἀν
793 1357 879 1403 τις
905 1340 1048 1395 οὕτω
1074 1359 1139 1412 γε
1164 1344 1307 1398 εῐποι
1330 1345 1457 1398 Υίδν
1488 1341 1626 1399 εἶναι
1673 1346 1763 1400 τὸν

180 1427 529 1495 σημαντικὸν
549 1429 643 1482 καὶ
664 1431 1016 1503 ἐνεργητικὸν
1035 1434 1230 1503 Λόγον,
1258 1436 1421 1490 παντί
1461 1455 1540 1509 τῳ
1580 1438 1758 1509 δῆλον.

192 1517 254 1570 Ὀ
278 1518 336 1571 δὲ
364 1518 522 1572 τοῦτο
545 1519 667 1584 δοὺς
697 1523 792 1575 ἐπὶ
815 1522 909 1576 τοῦ
938 1524 1096 1590 Θεοῦ,
1138 1527 1238 1580 οὐκ
1257 1523 1351 1582 οἶδ’
1377 1529 1523 1592 ὅπως
1547 1529 1638 1584 τὸν
1686 1531 1759 1603 μὴ

182 1607 475 1676 ὑφεστῶτα
532 1610 703 1679 Λόγον
722 1613 834 1684 (55)
866 1614 966 1684 τὴν
1017 1615 1194 1689 σάρκα
1243 1618 1609 1690 ἀνειληφέναι,
1667 1621 1760 1674 καὶ

178 1698 478 1769 ἐνεργῆσαι
510 1701 569 1755 ὲν
593 1702 729 1774 αὐτῇ
759 1721 925 1773 φησι·
962 1707 1054 1760 καὶ
1076 1707 1197 1760 τότε
1232 1706 1466 1779 Χριστὸν
1486 1709 1755 1779 γενέσθαι,

1866 515 1993 585 bat,
2014 516 2210 571 Filium
2252 534 2592 588 nequaquam
2626 522 2711 574 vel
2745 520 2913 578 fuisse
2962 524 3071 577 Deo
3102 522 3188 577 vel
3219 537 3430 592 praees-

1865 608 2093 673 stitisse,
2149 608 2461 679 priusquam
2529 609 2595 665 de
2639 610 2863 681 Virgine
2911 620 3243 667 nasceretur.
3291 612 3430 666 'l‘ano

1867 701 2144 756 tummodo
2192 711 2374 755 autem
2422 701 2657 757 Verbum
2710 718 2831 758 esse
2856 703 3006 758 illum
3049 704 3273 768 diceret,
3316 702 3429 758 Deo

1865 793 2237 860 congenitum,
2268 793 2335 848 ab
2392 802 2596 848 aeterno
2648 795 3005 859 coexsistens,
3050 803 3106 849 et
3149 793 3423 849 counitum

1866 879 1997 942 Deo,
2030 888 2089 935 ut
2116 890 2243 949 puta
2287 881 2339 934 in
2368 881 2586 936 homine
2610 883 2832 938 verbum
2861 882 3063 938 assolet
3092 883 3421 937 humanum:

1867 970 1968 1025 hoc
2003 970 2202 1024 etenim
2236 971 2409 1025 utitur
2437 971 2725 1041 exemplo:
2759 972 2996 1027 Verbum
3030 971 3303 1026 allirmans
3337 970 3427 1025 in-

1866 1070 1952 1116 tus
1977 1062 2028 1115 in
2062 1061 2171 1116 Deo
2212 1061 2334 1132 ipso
2363 1062 2664 1125 exstitisse,
2702 1062 2986 1132 quiescens
3022 1061 3314 1124 interdum,
3349 1060 3425 1114 si-

1862 1150 2164 1221 gniticative
2217 1166 2596 1221 nonnunquam
2664 1167 2922 1221 operans,
2962 1151 3275 1222 operatione
3332 1151 3422 1205 illa

1862 1256 1957 1297 Sua
1989 1242 2099 1297 sola
2127 1244 2192 1298 de
2224 1242 2384 1298 Patre
2409 1258 2505 1299 suo
2536 1244 2746 1310 exiens,
2767 1243 3217 1314 quemadmodum
3243 1251 3296 1298 et
3326 1259 3424 1297 nos

1864 1334 2081 1403 operari
2112 1338 2346 1388 solemus
2371 1334 2688 1399 scribendo,
2720 1336 2969 1401 dicendo,
3020 1334 3307 1405 loquendo.
3353 1336 3424 1388 At

1860 1429 2135 1482 enimvero
2164 1414 2287 1498 quis
2324 1445 2430 1486 non
2492 1431 2765 1500 intelligit,
2800 1447 2905 1485 non
2936 1445 3053 1485 esse
3077 1430 3417 1484 statuendum

1858 1518 1926 1573 de
1957 1517 2115 1584 Filio,
2153 1520 2305 1574 illum
2333 1522 2399 1575 ad
2436 1521 2596 1576 istum
2626 1522 2798 1576 solum
2849 1523 3065 1575 modum
3100 1521 3419 1591 signiﬁcati-

1856 1625 1983 1663 vum
2020 1609 2253 1665 Verbum
2297 1622 2352 1667 et
2383 1612 2717 1681 operativum
2759 1613 2914 1668 esse?
2962 1612 3174 1681 Quique
3213 1613 3313 1667 hoc
3350 1613 3420 1666 ad

1862 1701 2001 1754 hanc
2047 1700 2278 1756 formam
2329 1703 2383 1756 in
2436 1702 2542 1757 Deo
2596 1703 3048 1767 comminiscitur,
3096 1702 3279 1756 nescio
3312 1716 3422 1771 quo

178 1790 279 1843 καὶ
312 1791 537 1862 Ἰησοῦν,
571 1796 664 1849 καὶ
700 1794 943 1866 βασιλέα,
976 1798 1069 1852 καὶ
1116 1800 1300 1853 εἰκόνα
1341 1799 1434 1853 τοῦ
1474 1801 1632 1866 Θεοῦ,
1663 1803 1751 1857 καὶ

1863 1802 2018 1861 pacto
2050 1790 2283 1848 allirmet
2338 1792 2573 1848 Verbum
2613 1795 2835 1849 minime
2865 1795 3167 1849 subsistens
3206 1808 3419 1847 assum—

175 1883 484 1954 ἀγαπητὸν,
503 1887 598 1939 καὶ
613 1887 740 1940 mw
770 1887 1179 1961 δεδοξασμένον,
1212 1892 1304 1945 καὶ
1328 1892 1393 1964 δὴ
1419 1894 1511 1946 καὶ
1537 1895 1756 1966 Πρωτό-

171 1994 336 2029 τοκον
359 1978 540 2049 πάσης
563 1978 811 2044 κτίσεως,
846 1982 920 2053 μὴ
952 1982 1082 2038 ὄντα
1121 1984 1409 2056 πρότερον,
1447 1985 1569 2039 τότε
1611 1986 1759 2055 γενέ-

175 2066 329 2132 σθαι,
366 2069 567 2141 καίπερ
598 2072 695 2142 οὐχ
746 2073 1060 2141 ὑφεστῶτα·
1115 2075 1176 2127 τὸ
1215 2074 1274 2127 δὲ
1324 2074 1621 2147 παράδοξον
1661 2075 1755 2130 τοῦ

171 2158 375 2226 Λόγου,
403 2160 667 2231 ἄρξασθαί
693 2180 756 2232 γε
784 2162 891 2216 ἀπὸ
918 2165 1284 2236 τετρακοσίων
1308 2166 1429 2220 οὐδὲ
1460 2167 1596 2221 ὅλων
1619 2167 1756 2222 ὲτῶν

170 2249 384 2303 τούτων
411 2252 693 2306 ἁπάντων·
725 2255 817 2307 καὶ
876 2255 1037 2309 πάλιν
1084 2255 1270 2311 τοῦτον
1308 2258 1518 2329 ἁθρόως
1556 2259 1756 2331 παυθή-

175 2338 371 2392 σεσθαι
402 2340 538 2409 μετά
568 2341 658 2395 τὸν
683 2342 785 2412 τῆς
823 2344 1057 2415 κρίσεως
1102 2346 1292 2418 καιρὸν
1319 2345 1411 2399 τοῦ
1455 2347 1554 2417 μὲν
1579 2348 1751 2416 Λόγου

170 2430 456 2501 ἡνωμένου
487 2432 566 2503 τῷ
599 2433 739 2505 Θεῷ,
790 2434 866 2499 ὡς
897 2436 1061 2508 μηδὲν
1096 2437 1281 2509 ἕτερον
1313 2434 1450 2493 εἶναι
1494 2438 1630 2510 πλὴν
1656 2440 1751 2495 τοῦ

168 2519 333 2586 Θεοῦ,
360 2521 460 2592 τῆς
490 2523 548 2576 δὲ
576 2525 800 2597 σαρκὸς,
828 2519 898 2597 ἦς
921 2525 1229 2597 ἀνείληφεν,
1261 2528 1468 2600 ἐρήμου
1502 2529 1753 2584 καταλει-

169 2609 524 2682 φθησομένης
560 2613 664 2667 ὑπὸ
690 2614 788 2668 τοῦ
834 2616 1033 2684 Λόγου,
1057 2616 1134 2681 ῶς
1187 2618 1324 2688 μήτε
1370 2618 1463 2673 τὸν
1501 2618 1628 2673 Υἰὸν
1656 2618 1749 2674 τοῦ

165 2702 311 2756 Θεοῦ
356 2721 485 2758 ποτε
512 2706 829 2775 ὑφεστάναι,
865 2708 1002 2779 μήτε
1038 2707 1130 2761 τὸν
1156 2708 1284 2762 Υἰὸν
1310 2709 1404 2763 τοῦ
1440 2710 1748 2783 ἀνθρώπου,

168 2794 241 2847 ὃν
291 2795 570 2867 ἀνείληφε.
622 2798 732 2852 Καὶ
776 2798 832 2852 δὲ
883 2800 963 2863 είς
998 2798 1157 2853 τοῦτο
1207 2800 1358 2865 τέλος
1387 2786 1750 2873 καταστρέφει

164 2881 364 2955 ὥσπερ
395 2888 815 2958 κεκωφωμένος,
852 2889 947 2942 καὶ
976 2890 1115 2960 μήτε
1140 2889 1233 2943 τοῦ
1257 2891 1490 2960 ἀγγέλου
1514 2892 1751 2965 Γαϐριὴλ

164 2974 422 3039 ἀκούων,
476 2976 961 3049 εὐαγγελιζομένου
1012 2979 1112 3051 τὴν
1161 2980 1421 3037 Θεοτόκον
1469 2984 1655 3053 σαφῶς
1688 3002 1748 3038 τε

166 3067 266 3121 καὶ
296 3065 587 3143 διαρρήδην
615 3069 742 3139 περὶ
769 3070 865 3125 τοῦ
901 3073 960 3139 ἐξ
1001 3072 1173 3144 αὐτῆς
1197 3073 1618 3146 τεχθησομένου,
1651 3077 1744 3131 καὶ

163 3158 238 3209 ὲκ
282 3158 594 3229 σπέρματος
644 3162 807 3215 Δαόὶδ
855 3164 997 3219 κατά
1043 3166 1224 3238 σάρκα
1260 3166 1741 3239 προελευσομένου,

165 3245 501 3315 φάσκοντος·
540 3249 686 3303 Ἰδοὺ
726 3252 1025 3321 συλλήψῃ
1065 3253 1137 3307 ἐν
1181 3256 1415 3325 γαστρὶ,
1462 3257 1559 3309 καὶ
1602 3257 1744 3327 τέξῃ

165 3341 330 3403 υἱὸν,
388 3342 486 3395 καὶ
543 3346 825 3410 καλέσεις
866 3345 930 3398 τὸ
990 3345 1178 3416 ὄνομα
1236 3348 1423 3403 αὐτοῦ
1483 3350 1737 3418 Ἰησοῦν.

167 3428 368 3500 Οὗτος
387 3432 557 3488 ἔσται
580 3436 787 3506 μέγας,
829 3437 926 3491 καὶ
964 3438 1092 3505 υίὸς
1129 3439 1408 3509 Ὑψίστου
1442 3444 1744 3511 κληθήσε-

161 3541 293 3578 ται·
325 3526 424 3579 και
472 3525 650 3581 δώσει
696 3526 855 3593 αὐτῷ
885 3529 1100 3597 Κύριος
1138 3533 1171 3584 ό
1209 3529 1353 3598 Θεὸς
1392 3532 1500 3586 τὸν
1531 3536 1746 3603 θρόνον

160 3616 350 3670 Δαὸὶδ
382 3617 488 3671 τοῦ
514 3618 730 3687 πατρὸς
757 3621 964 3685 αὐτοῦ,
1017 3622 1115 3675 καὶ
1135 3624 1496 3687 ,βασιλεύσει
1524 3626 1623 3679 ἐπὶ
1640 3627 1746 3681 τόν

160 3701 339 3760 οἷκον
366 3705 567 3761 Ἰακὼϐ
598 3710 686 3774 εἰς
727 3708 870 3775 τοὺς
895 3709 1134 3777 αἰῶνας,
1158 3711 1256 3765 καὶ
1283 3709 1392 3780 τῆς
1421 3713 1744 3780 βασιλείας

158 3795 357 3851 αὐτοῦ
392 3799 504 3851 οὐκ
537 3784 924 3867 ἔσται’τέλος.
960 3802 1113 3873 Μήτε
1142 3801 1340 3874 Δανιὴλ
1379 3802 1472 3856 τοῦ
1508 3804 1742 3874 μεγάλου

161 3888 449 3960 προφήτου
472 3889 569 3953 τάς
598 3890 780 3959 φωνὰς
822 3892 1042 3956 συνιεὶς,
1069 3893 1208 3946 αὑτά
1254 3893 1422 3946 ταῦτα
1451 3895 1743 3966 σφραγιζο-

161 3979 358 4050 μένου,
386 3980 455 4033 δι’
485 3974 560 4033 ὧν
589 3982 648 4034 ὲν
674 3981 802 4052 θείῳ
831 3982 1109 4053 Πνεύματι
1134 3983 1382 4053 διεφώνει
1406 3986 1598 4055 λέγων·
1630 3988 1739 4041 Καὶ

160 4070 299 4124 ἰδοὺ
337 4072 490 4140 μετὰ
531 4072 648 4126 τῶν
681 4074 954 4144 νεφελῶν
982 4076 1093 4146 (54)
1129 4076 1232 4129 τοῦ
1263 4078 1522 4145 οὐρανοῦ
1549 4118 1564 4142 ,
1608 4079 1741 4144 Υἱὸς

156 4161 481 4230 ἀνθρώπου
496 4164 820 4234 ἐρχόμενος
849 4163 949 4236 ἦν,
970 4167 1067 4221 καί
1096 4165 1207 4232 ἕως
1223 4167 1329 4221 τοῦ
1344 4168 1607 4222 Παλαιοῦ
1622 4168 1740 4223 τῶν

154 4251 401 4321 ἡμερῶν
431 4254 689 4323 ἔφθασε,
717 4257 815 4310 καὶ
868 4257 1211 4328 ἔμπροσθεν
1259 4258 1447 4313 αὐτοῦ
1481 4274 1741 4328 προσην-

158 4343 337 4411 έχθη.
379 4345 488 4399 Καὶ
530 4345 689 4413 αὐτῷ
734 4348 912 4415 ἐδόθη
942 4348 1121 4418 ἀρχὴ,
1158 4348 1256 4402 καὶ
1286 4351 1325 4418 ἡ
1371 4349 1529 4419 τιμὴ,
1569 4351 1664 4403 καὶ
1695 4353 1734 4420 ἡ

1856 1887 2028 1951 psisse
2056 1898 2298 1952 carnem,
2327 1894 2382 1939 et
2414 1885 2466 1938 in
2507 1885 2596 1939 illa
2623 1895 2893 1954 assumpta
2927 1886 2998 1939 ita
3030 1893 3330 1953 operatum.
3355 1882 3423 1937 Et

1856 1981 1983 2029 tunc
2015 1976 2247 2042 primum
2285 1975 2556 2030 Christum
2604 1976 2881 2032 exstitisse
2907 2016 2922 2042 ,
2965 1975 3169 2039 Jesum,
3214 1988 3418 2044 regem,

1854 2065 2144 2135 imaginem
2202 2067 2317 2135 Dei,
2354 2069 2634 2134 dilectum,
2684 2068 2851 2122 lilium
2894 2066 3275 2138 gloriﬁcatum,
3315 2064 3421 2131 pri—
3462 2142 3469 2150 ι

1854 2160 2187 2227 mogenitum
2220 2161 2399 2216 omnis
2424 2169 2712 2225 creaturae,
2747 2174 2869 2214 cum
2915 2174 3020 2213 non
3055 2166 3201 2212 esset
3243 2158 3416 2226 prius,

1853 2262 1954 2302 nec
1983 2258 2139 2304 antea
2174 2251 2397 2306 omnino
2424 2251 2734 2307 exsisteret.
2767 2249 3039 2320 Imprimis
3081 2248 3418 2319 paradoxum

1852 2339 1982 2394 illud
2021 2351 2121 2403 est,
2155 2343 2442 2411 incozpisse
2464 2343 2568 2397 hoc
2596 2343 2847 2405 Verbum,
2881 2357 2986 2397 non
3011 2341 3079 2396 ab
3109 2340 3268 2394 annis
3292 2339 3419 2392 hinc

1854 2440 2001 2484 retro
2033 2432 2439 2502 quadringentis
2473 2432 2788 2502 completis:
2812 2440 2867 2487 et
2894 2430 3051 2486 simul
3080 2432 3131 2484 in
3153 2430 3415 2483 eamdem

1851 2538 1958 2577 non
2004 2525 2381 2580 exsistentiam
2424 2524 2835 2590 revolvendum,
2892 2536 3016 2595 post
3058 2520 3245 2592 iudicii
3274 2530 3412 2578 tem-

1850 2630 1971 2685 pus,
2008 2617 2186 2671 Verbo
2226 2618 2445 2686 quidem
2493 2617 2602 2673 Deo
2652 2619 2868 2673 demum
2922 2618 3169 2684 adunito,
3232 2617 3304 2671 ita
3355 2628 3415 2670 ut

1849 2715 2044 2774 praeter
2066 2705 2230 2760 Deum
2265 2705 2399 2759 nihil
2426 2705 2716 2775 quidquam
2747 2705 3006 2769 exsistat;
3040 2718 3224 2768 carne,
3247 2717 3411 2772 quam

1850 2798 2165 2866 assumpsit,
2194 2795 2435 2851 desolata
2476 2805 2533 2851 et
2565 2797 2819 2852 destituta
2850 2810 2881 2850 a
2908 2794 3107 2859 Verbo,
3130 2794 3202 2847 ita
3232 2801 3290 2847 ut
3316 2806 3412 2845 ne-

1849 2903 1954 2957 que
1980 2887 2152 2942 Filius
2182 2888 2376 2958 aliquis
2405 2887 2498 2943 Dei
2526 2889 2789 2944 subsistat
2812 2930 2829 2957 ,
2865 2903 2965 2944 nec
2985 2887 3153 2943 Filius
3178 2886 3413 2942 hominis

1848 2994 2007 3049 quem
2039 2981 2354 3048 assumpsit.
2379 2979 2455 3034 Eo
2478 2989 2657 3035 autem
2688 2979 2901 3034 tandem
2932 2980 3213 3035 descendit
3255 2980 3406 3049 alije-

1847 3069 2063 3136 ctionis,
2091 3070 2471 3125 utGabrielem
2499 3086 2603 3126 non
2631 3071 2817 3125 audiat
2847 3072 3260 3142 archangelum,
3290 3071 3414 3126 Dei-

1846 3176 1988 3231 para:
2019 3162 2302 3218 manifeste
2330 3173 2385 3216 et
2408 3164 2695 3233 perspicue
2719 3165 3150 3234 annuntiantem,
3183 3167 3249 3223 de
3274 3167 3411 3222 Filio

1845 3266 1911 3306 ex
1939 3252 2028 3306 illa
2056 3254 2383 3323 generando,
2408 3263 2462 3308 et
2492 3256 2559 3309 de
2595 3256 2801 3311 semine
2828 3255 3066 3320 Davidis,
3114 3261 3409 3313 secundum

1846 3360 2062 3398 carnem
2098 3346 2445 3412 descensum,
2472 3360 2595 3401 cum
2623 3348 2697 3400 ita
2728 3347 2968 3417 inquiat:
2997 3347 3131 3403 Ecce
3150 3350 3410 3418 concipies

1844 3434 1898 3486 in
1925 3442 2071 3486 utero
2102 3443 2213 3496 tuo,
2242 3444 2291 3487 et
2329 3452 2501 3501 partes
2527 3434 2721 3503 ﬁlium,
2765 3446 2810 3487 et
2848 3437 3052 3490 vocabis
3082 3453 3265 3491 nomen
3291 3439 3407 3508 ejus

1843 3524 2049 3579 Jesum.
2099 3524 2203 3578 Hic
2249 3527 2346 3580 erit
2375 3530 2615 3596 magnus,
2644 3536 2693 3580 et
2732 3527 2875 3596 filius
2906 3526 3164 3581 Altissimi
3200 3530 3410 3583 uocabi-

1844 3623 1968 3666 tur:
2011 3624 2060 3668 et
2114 3615 2257 3669 dabit
2304 3616 2384 3668 illi
2421 3615 2680 3670 Dominus
2722 3616 2862 3670 Deus
2909 3619 3150 3671 thronum
3192 3618 3406 3674 Davidis

1841 3707 2007 3775 patris
2038 3708 2143 3774 sui,
2183 3717 2230 3761 et
2283 3709 2515 3778 regnabit
2552 3726 2711 3777 super
2740 3709 2948 3761 domum
2982 3707 3146 3762 Jacob
3179 3710 3232 3763 in
3258 3719 3407 3765 teter-

1845 3815 1989 3862 num,
2020 3810 2065 3852 et
2097 3801 2241 3870 regni
2273 3800 2416 3854 illius
2458 3818 2559 3855 non
2596 3805 2693 3855 erit
2718 3799 2841 3868 ﬁnis
2869 3798 2935 3853 “.
2986 3801 3093 3855 Sed
3121 3817 3219 3856 nec
3244 3795 3430 3857 voces

1843 3889 2110 3944 intellexit
2142 3892 2319 3962 magni
2375 3892 2518 3946 illius
2571 3893 2710 3946 vatis
2768 3892 3025 3959 Danielis,
3072 3892 3165 3962 qui
3212 3894 3403 3949 eadem

1841 3983 1955 4052 ipsa
1988 3984 2349 4055 consignavit,
2374 3984 2498 4038 dum
2531 3984 2725 4053 spiritu
2754 3983 2845 4039 Dei
2873 3984 3087 4040 alllatus
3129 3984 3396 4056 profatur.

1840 4075 2132 4144 inquiens:
2166 4075 2237 4129 Et
2275 4092 2390 4130 ecce
2411 4092 2528 4129 cum
2560 4076 2780 4130 nubibus
2817 4077 2931 4130 caeli
2971 4075 3144 4131 Filius
3171 4080 3399 4133 hominis

1840 4166 2167 4230 adveniebat,
2201 4176 2248 4219 et
2287 4181 2448 4235 usque
2495 4167 2568 4220 ad
2582 4163 2874 4236 Antiquam
2916 4173 2973 4231 ᾖ
3005 4168 3208 4222 dierum
3228 4186 3403 4238 perve-

1839 4258 1935 4322 nit,
1970 4268 2018 4312 et
2044 4257 2248 4311 delatus
2288 4264 2364 4311 est
2395 4267 2517 4310 ante
2558 4269 2887 4326 conspectum
2918 4259 3053 4329 ejus.
3086 4257 3199 4329 Ipsi
3227 4273 3401 4314 autem

1837 4349 2065 4402 dabatur
2089 4348 2434 4416 principatus,
2465 4358 2514 4401 et
2545 4347 2727 4414 honor,
2753 4357 2802 4402 et
2825 4366 3037 4419 regnum
3055 4366 3076 4405 :
3100 4360 3151 4404 et
3175 4354 3400 4407 servient

155 4435 449 4498 βασιλεία
472 4452 485 4465 ·
536 4436 634 4489 καὶ
671 4435 896 4505 πάντες
942 4442 996 4493 ol
1033 4440 1192 4503 λαοὶ,
1224 4440 1431 4509 φυλαὶ,
1462 4440 1733 4511 γλῶσσαι

1852 4436 1917 4490 Γίίὶ
1940 4453 2118 4490 omnes
2158 4436 2360 4504 populi,
2401 4436 2591 4503 tribus,
2628 4435 2840 4506 linguae.
2888 4435 3129 4493 Potestas
3150 4441 3293 4495 illius
3322 4454 3397 4496 est

152 4525 322 4592 αὐτῷ
364 4526 830 4583 δουλεύσουσιν.
888 4531 959 4585 Ἠ
991 4530 1240 4596 ἐξουσία
1275 4531 1458 4585 αὐτοῦ
1480 4531 1731 4595 ἐξουσία

1835 4535 2063 4594 potestas
2112 4536 2329 4590 (eterna,
2369 4541 2486 4596 qua,
2516 4543 2620 4580 non
2663 4526 2992 4595 pertransibit
3031 4543 3052 4582 :
3104 4537 3153 4582 et
3183 4545 3397 4599 regnum

152 4619 427 4686 αἰώνιος,
472 4619 605 4687 ἣτις
636 4622 709 4673 οὐ
742 4622 1172 4689 παρελεύσεται
1192 4638 1206 4652 ·
1253 4622 1353 4676 καὶ
1384 4624 1422 4690 ἠ
1445 4623 1732 4686 ,βασιλεία

1852 4618 1981 4671 llius
2011 4634 2113 4672 non
2142 4618 2373 4671 interibit
2398 4617 2460 4670 ⁸³.
2496 4616 2602 4671 Sed
2651 4632 2750 4671 nec
2792 4616 2946 4671 illum
2972 4616 3143 4674 Isaias
3171 4620 3242 4675 de
3270 4634 3397 4675 sen-

150 4711 350 4765 αὑτοῦ
372 4713 443 4765 οὐ
463 4710 951 4780 διαφθαρήσεται.
986 4712 1125 4765 Ἀλλ’
1147 4712 1267 4766 οὐδὲ
1295 4712 1523 4776 Ἡσαΐας
1560 4713 1729 4767 αὑτὸν

1852 4713 2002 4766 .entia
2032 4712 2274 4778 deduxit,
2297 4711 2387 4781 qui
2414 4710 2482 4764 de
2510 4724 2676 4780 regno
2696 4708 2818 4764 Filii
2850 4709 2942 4764 Dei
2972 4711 3390 4775 interminabili,

150 4801 346 4855 ἔπεισε
372 4803 500 4873 περὶ
535 4803 633 4873 τῆς
656 4803 1012 4875 ἀτελευτήτου
1042 4802 1315 4874 βασιλείας
1341 4801 1434 4857 τοῦ
1466 4803 1596 4857 Υἱοῦ
1630 4804 1725 4857 τοῦ

1852 4805 1903 4860 Id
1934 4805 2096 4858 istum
2134 4805 2353 4857 modum
2383 4806 2573 4860 scribit
2599 4823 2612 4859 :
2646 4804 2788 4857 Puer
2808 4802 2953 4857 nobis
2979 4812 3135 4857 natus
3156 4814 3267 4857 est:
3298 4802 3396 4857 Fi-

150 4893 318 4958 Θεοῦ,
340 4887 441 4947 ὦδε
460 4896 555 4949 καὶ
574 4896 738 4959 αὐτὸς
759 4895 1049 4959 θεσπίζων,
1079 4897 1184 4958 ὅτι,
1204 4896 1446 4949 Παιδίον
1471 4895 1723 4965 ἐγενήθη

1852 4897 1935 4950 ius
1960 4911 2165 4965 quoque
2184 4896 2341 4949 datus
2363 4906 2439 4949 est
2484 4896 2654 4960 nobis,
2685 4893 2837 4965 cujus
2868 4894 3194 4965 principatus
3237 4912 3395 4964 super

150 4986 340 5057 ἡμῖν’
370 4987 501 5053 υἱὸς
540 4987 639 5041 καὶ
679 4987 857 5056 ἐδόθη
896 4987 1046 5058 ἡμῖν
1076 4983 1147 5043 οὗ
1182 4988 1221 5054 ἡ
1264 4987 1419 5057 ἀρχὴ
1464 4988 1576 5059 (35)
1623 4990 1723 5043 ἐπὶ

1852 5002 2073 5040 tumeros
2104 4986 2219 5056 ejus
2238 5000 2258 5039 :
2279 4986 2549 5041 vocabitur
2590 4986 2805 5056 insuper
2840 5001 3027 5041 nomen
3052 4984 3186 5058 ejus,
3211 4986 3392 5058 magni

233 5107 296 5167 »Β
339 5100 439 5155 Ed.
469 5099 669 5168 Psris.,
698 5117 821 5172 pag.
852 5102 943 5157 33.
1018 5102 1066 5135 “
1090 5101 1222 5157 Luc.
1257 5117 1297 5167 ι,
1324 5102 1511 5159 51-55.
1589 5104 1635 5135 ⁸⁸
1668 5102 1751 5158 Da;

1852 5118 1932 5166 ru,
1970 5103 2059 5168 15,
2092 5102 2179 5158 14.

230 5269 346 5343 (53)
391 5270 504 5343 Τὸν
527 5266 614 5343 ui;
661 5264 976 5343 ὑφεστῶτα
991 5266 1367 5343 ΛόγονκητιεεΔ
1391 5277 1474 5343 est
1508 5282 1719 5343 summa

1852 5267 2014 5343 λασαν
2038 5274 2094 5343 et
2127 5264 2221 5318 καὶ
2250 5264 2413 5318 αὐτὸν
2448 5264 2568 5336 μέν,
2605 5264 2834 5334 denique
2865 5264 3080 5335 ἐκείνην
3102 5265 3303 5334 ἑπαγγ.
3335 5277 3391 5321 et

145 5335 541 5417 accusatipnis'
576 5335 910 5402 Eusebianas,
944 5337 1007 5390 de
1051 5352 1179 5405 qua,
1211 5336 1264 5391 in
1300 5338 1404 5390 illis
1433 5338 1501 5391 de
1546 5337 1723 5393 Tlteo-
1817 5335 2146 5417 γὰρ-ῥιγίευχ.
2178 5407 2191 5417 _
2246 5404 2259 5417 .
2368 5402 2382 5417 ,
2720 5413 2731 5417 _
2765 5403 2781 5417 _
3027 5404 3054 5417 Α
3112 5407 3124 5417 υ

148 5413 322 5479 Ιοιῑίκ.
366 5410 437 5462 Μ.
613 5476 622 5479 Α
783 5476 791 5479 Α
1069 5400 1086 5405 -
1282 5475 1300 5479 _
1586 5476 1615 5479 _

1891 5400 2016 5479 (552'
2045 5400 2125 5479 0b
2158 5407 2198 5472 ἡ
2227 5402 2408 5479 ἀρχή.
2455 5403 2627 5479 Locus
2650 5413 2733 5479 est
2765 5403 2867 5479 lsa_.
2915 5419 2991 5479 Ix,
3023 5404 3077 5470 6,
3112 5403 3341 5479 inLer
3369 5424 3381 5457 :

221 5473 339 5553 (δὲ)
375 5480 485 5553 Καὶ
510 5473 955 5553 ἰδοὺ-μεῖξιῌτῶν
969 5474 1254 5553 νεφελῶν2
1281 5475 1454 5553 Locus
1476 5486 1556 5529 est
1574 5476 1717 5553 Dan.

1852 5473 1942 5553 lost
1973 5473 2125 5553 ἀρχῇ
2162 5476 2428 5553 sequitur,
2763 5475 2862 5553 sed
2877 5475 3089 5553 yariaut
3122 5476 3190 5553 ibi
3223 5478 3384 5553 etiam

145 5542 248 5627 γης,
275 5542 371 5615 Π;
398 5552 534 5627 lege,
567 5542 756 5627 καξιξιίζς
773 5542 1545 5627 Υἱρςιάνθρώπουθξρχόμενος.
1571 5544 1722 5627 μ.-

1852 5542 2057 5627 ;otlices.
2090 5544 2283 5627 §tatim
2318 5543 2370 5595 in
2413 5542 2795 5627 LX‘Xdegitur,
2825 5542 2952 5627 ego
2993 5543 3104 5627 γὰρ
3139 5542 3389 5627 εἰρήνην

148 5610 295 5675 Infra
336 5610 496 5687 v'ulgvu
610 5615 739 5670 Υἱοῦ
772 5615 865 5694 τοῦ
898 5610 1190 5694 ἀνθρὶρπου
1354 5610 1425 5694 et_
1440 5616 1531 5667 ἐπὶ
1562 5613 1713 5694 ῶμου

1852 5614 2072 5694 ῖςὶςτρὺς
2094 5613 2521 5694 ᾅρχοντας,
2549 5610 3107 5694 urimur-ademtam
3127 5612 3383 5694 μεγάλη.

142 5690 265 5744 τοῦ.
302 5683 471 5744 Porro
509 5688 614 5756 Μν.
659 5683 1177 5756 ἀντιλαμϐάνεσθαι,
1227 5689 1345 5740 dein
1403 5685 1553 5737 ἔσται
1595 5683 1712 5739 loco

1852 5688 1883 5739 ll
1906 5684 2021 5756 μὲν
2051 5683 2136 5753 μὴ
2171 5683 2456 5756 προεῖναι.
2499 5685 2573 5737 Ita
2606 5686 2751 5737 varie
2782 5683 2951 5737 illusit
2991 5685 3235 5756 humanae
3262 5686 3387 5756 “lira-

144 5758 391 5817 Ξσεσθαι.
431 5749 572 5812 ueni
612 5759 770 5827 vulgo
802 5749 867 5809 δέ
904 5749 964 5809 οὗ
1001 5757 1137 5826 ὁμοῦ
1179 5769 1232 5812 et
1267 5756 1619 5827 ὡμολόγησαν
1660 5763 1713 5811 et

1852 5749 2032 5823 iliiati,
2053 5749 2159 5826 per
2188 5749 2422 5809 nefarios
2447 5771 2574 5811 suos
2612 5756 2926 5810 etillSSdl'lOS
2947 5793 2963 5819 ,
3017 5754 3204 5808 Satau.
3258 5754 3390 5822 Ἔγ-

478 5853 747 5913 ΡΑτιιοι..
794 5852 910 5915 Gn.
960 5851 1191 5914 XXIV.

2995 5850 3075 5909 25
