3836 6216
428 277 535 334 759

1074 276 1343 332 EUSEBII
1384 277 1866 336 CESARIENSIS
1903 279 2056 338 OPP.
2098 280 2280 337 PARS
2318 282 2403 338 IV.
2446 315 2515 324 —
2554 283 2969 341 DOGMATICA.

3574 284 3689 341 760

430 403 611 451 autem
637 409 696 450 se
720 400 798 451 ita
826 394 1060 450 babent:
1096 416 1113 447 ι
1142 395 1381 467 Tempus
1414 408 1591 454 autem
1626 409 1733 464 est,
1759 407 1818 454 nt
1834 414 1997 470 pauca

2109 420 2126 451 ι
2169 403 2332 474 γεννᾷ
2362 402 2459 473 μὲν
2480 402 2539 470 ἐξ
2559 403 2724 457 αὑτοῦ
2750 406 2909 458 ὁποῖα
2926 403 2995 457 τὰ
3023 421 3134 458 των
3164 403 3319 468 ζώων
3340 403 3693 473 γεννήματα,

437 507 455 539 ι
492 487 561 543 de
589 486 969 557 praetermissis
998 497 1327 552 attexamus,
1362 504 1483 558 qua:
1532 490 1599 543 ad
1631 489 1847 545 Patrem
1881 505 2001 557 spe-

436 602 457 629 ι
489 587 655 642 ctant,
671 587 727 632 et
742 578 958 643 Filium,
976 588 1031 633 et
1046 579 1303 648 Spiritum
1317 590 1586 635 sanctum.
1603 581 1677 637 De
1695 582 1849 636 Patre
1866 582 1999 647 haec,

437 691 455 718 ο
493 671 637 740 quod
690 671 1037 727 indivisibilis
1067 687 1188 726 cum
1220 674 1452 727 exsistat
1484 687 1586 728 nec
1640 674 1960 730 dividendus
1984 718 2000 743 ,

435 783 454 810 ι
498 762 627 817 Filii
679 772 857 817 tamen
892 763 1054 819 Pater
1111 765 1215 829 sit;
1270 779 1374 819 non
1423 767 1677 821 emittens
1735 766 1905 828 illum.
1944 777 2002 821 nt

434 875 453 905 ι
498 872 602 910 uon
650 870 809 911 nemo
859 856 1049 911 voluit.
1101 856 1235 912 Nam
1273 858 1318 914 si
1365 857 1538 914 Filius
1568 857 1748 914 Patris
1801 860 1883 914 sui
1932 861 2003 915 sit

434 966 451 997 ι
489 948 733 1014 emissio,
764 958 817 1003 et
841 947 887 1003 si
919 949 1068 1003 illum
1104 952 1169 1005 de
1203 951 1380 1020 seipso
1412 950 1620 1020 genuit,
1645 951 1710 1005 ad
1737 967 1860 1007 eum
1888 966 2004 1007 mo-

434 1059 459 1091 ι
496 1042 621 1094 dum
656 1056 763 1109 quo
817 1042 884 1095 de
915 1054 975 1096 se
1030 1042 1283 1096 animalia
1342 1044 1599 1113 gignunt,
1652 1058 1875 1099 necesse
1921 1055 2006 1099 est

434 1141 547 1184 «ιιι
603 1145 799 1201 corpus
856 1132 947 1188 ille
1011 1133 1083 1189 sit
1141 1134 1235 1203 qui
1286 1135 1506 1201 emittit,
1560 1144 1672 1190 tum
1734 1135 1899 1190 etiam
1947 1146 2004 1192 et

436 1245 454 1275 ι
494 1224 586 1279 ille
639 1226 729 1295 qui
786 1227 1071 1283 emittitur.
1129 1246 1148 1279 ι
1213 1226 1347 1282 Tum
1388 1238 1681 1298 postquam
1744 1229 1812 1283 de
1870 1227 1998 1285 Ori-

430 1316 674 1382 genianis
727 1318 830 1373 ista
902 1319 1144 1390 quaedam
1196 1319 1585 1376 interseruerat
1621 1361 1639 1388 ,
1702 1318 1867 1376 infert
1936 1321 2004 1375 ad

432 1410 577 1465 hunc
618 1411 835 1466 modum
885 1432 902 1466 :
952 1432 971 1465 ι
1014 1409 1245 1481 Scripsit
1283 1411 1547 1485 Origenes
1590 1430 1695 1471 non
1736 1431 1767 1471 a
1804 1417 2004 1471 sanctis

434 1520 455 1553 ι
500 1503 777 1573 prophetis
808 1513 860 1558 et
895 1505 1176 1574 apostolis,
1217 1506 1285 1563 de
1330 1506 1635 1563 aeternitate
1691 1506 1853 1564 Verbi
1904 1524 2004 1564 cu-

434 1610 459 1644 ι
488 1593 641 1661 piens
687 1592 937 1661 edoceri;
980 1596 1075 1651 sed
1118 1611 1240 1651 cum
1284 1597 1389 1652 sibi
1436 1598 1538 1667 ipsi
1571 1598 1690 1669 plus
1725 1599 1892 1656 nimio
1923 1599 2005 1654 in-

437 1703 459 1734 σ-
491 1683 756 1754 dulgeret,
787 1699 954 1742 ausus
980 1694 1065 1742 est
1091 1689 1383 1743 secundam
1425 1691 1715 1759 quamdam
1750 1691 2006 1761 liyposta-

436 1794 461 1826 ι
495 1776 580 1831 sin
609 1776 774 1833 Verbi
815 1781 1168 1838 constituere.
1197 1802 1217 1835 ι
1247 1782 1323 1838 ita
1346 1782 1520 1839 illisce
1549 1796 1669 1852 qua:
1699 1782 2004 1838 rectissime

433 1868 501 1922 ab
524 1864 757 1940 Origene
780 1871 924 1927 dicta
946 1883 1095 1940 sunt,
1114 1888 1222 1929 non
1252 1874 1420 1930 licere
1434 1873 1642 1930 scilicet
1664 1873 2001 1946 corporalem

431 1962 721 2029 quamdam
740 1971 796 2018 et
822 1964 1095 2033 passivam
1121 1967 1529 2035 generationem
1553 1966 1854 2021 divinitatis
1880 1964 2003 2020 Filii

431 2050 525 2107 Dei
553 2054 916 2122 comminisci,
966 2070 1063 2125 per
1110 2056 1213 2112 ista
1246 2056 1607 2124 contradicit,
1654 2068 1709 2111 et
1752 2057 2003 2125 inprimis

427 2145 573 2216 quod
614 2146 929 2218 hypostasin
954 2150 1286 2206 concesserit
1327 2149 1490 2205 Filio.
1519 2151 1684 2206 Addit
1712 2149 2001 2222 Origeuem

431 2236 733 2292 maledictis
764 2238 1049 2308 impetens,
1076 2252 1132 2295 et
1160 2250 1307 2296 recte
1332 2240 1402 2296 ab
1431 2241 1526 2297 illo
1554 2244 1748 2313 positis
1780 2252 2001 2296 contra-

429 2328 659 2385 dicens:
698 2348 717 2381 ι
752 2330 1037 2401 Origenes,
1067 2332 1263 2403 inquit,
1303 2334 1431 2389 dum
1466 2335 1582 2389 haec
1626 2334 1845 2404 scriptis
1888 2334 2001 2388 suis

435 2436 459 2470 ι
490 2421 733 2489 mandat,
759 2423 994 2493 propriis
1021 2425 1135 2479 suis
1174 2425 1344 2479 utitur
1377 2425 1776 2481 assertionibus
1804 2443 1816 2478 :
1852 2426 1903 2479 id
1937 2424 2003 2479 li-

433 2529 452 2561 ι
492 2520 622 2579 quet
675 2523 884 2579 autem,
920 2519 1065 2584 quod
1100 2532 1206 2570 non
1260 2532 1364 2571 una
1411 2526 1620 2572 tantum
1676 2517 1833 2581 vice,
1871 2532 2001 2572 suas

432 2620 452 2655 ι
489 2605 657 2673 ipsius
673 2606 938 2663 subvertit
964 2612 1332 2676 assertioues;
1354 2623 1692 2680 consequens
1709 2619 1888 2664 autem
1917 2618 2003 2664 est

432 2718 451 2748 ι
489 2698 579 2752 illa
629 2698 719 2756 hic
769 2701 891 2757 ideo
948 2716 1400 2771 commemorare,
1444 2717 1565 2772 qua;
1620 2703 1749 2759 alibi
1781 2703 1848 2758 de
1890 2704 2001 2760 Deo

432 2808 452 2841 ι
479 2791 630 2847 dicit.
662 2810 685 2845 ι
723 2792 803 2848 Ad
838 2794 953 2853 hac
982 2796 1150 2850 verba
1178 2805 1361 2850 autem
1390 2795 1622 2852 scribit:
1654 2815 1673 2847 ι
1708 2794 1824 2851 Non
1856 2797 1999 2852 enim

430 2902 456 2933 ι
487 2885 709 2954 incepit
725 2900 847 2942 esse
874 2886 1035 2944 Pater
1060 2887 1221 2955 Deus,
1240 2902 1306 2942 eo
1330 2888 1497 2958 quod,
1518 2898 1578 2943 ut
1597 2891 1739 2944 inter
1752 2889 2001 2946 homines

431 2993 451 3024 ε
497 2975 615 3030 iieri
650 2976 811 3040 solet.
850 2977 1013 3034 Pater
1050 2993 1172 3035 esse
1212 2980 1555 3050 nequiverat.
1602 2979 1738 3035 Nam
1784 2982 1829 3037 si
1860 2995 2005 3037 sem-

431 3085 451 3119 ι
484 3083 580 3135 per
615 3069 897 3139 perfectus
943 3071 1219 3127 exstiterit
1269 3071 1433 3140 Deus,
1474 3082 1532 3127 et
1567 3082 1834 3143 potestate
1870 3090 2001 3143 prte-

430 3177 451 3210 c
491 3160 658 3224 ditus,
695 3168 755 3215 ut
794 3161 1096 3227 ﬂatPater,
1135 3174 1191 3218 et
1222 3163 1269 3217 si
1326 3171 1549 3232 praestet
1602 3174 1661 3220 ut
1717 3167 1790 3220 sit
1838 3165 2000 3223 Pater

432 3269 453 3301 ι
482 3250 852 3318 hujuscemodi
880 3250 1024 3318 Filii,
1053 3256 1182 3308 dum
1217 3268 1333 3308 rem
1357 3253 1557 3321 dili'ert,
1583 3269 1642 3310 se
1669 3264 1819 3311 tanto
1860 3258 1999 3313 bono

433 3359 453 3392 ι
490 3344 689 3410 privat,
716 3351 781 3397 ut
805 3356 910 3397 non
939 3344 1011 3398 sit
1048 3341 1176 3397 Filii
1222 3341 1403 3400 Pater.
1437 3345 1591 3413 Quod
1640 3346 1779 3401 idem
1832 3356 1889 3402 et
1932 3347 1999 3403 de

430 3452 451 3485 ι
494 3433 697 3503 Spiritu
723 3444 915 3490 sancto
942 3434 1436 3505 poteritaﬂirmari.
1464 3456 1483 3489 ›
1506 3435 1607 3504 Qui
1642 3437 1839 3492 factum
1859 3438 1997 3505 idco,

427 3539 488 3583 ut
519 3543 642 3584 cum
666 3528 932 3599 Origenes
965 3530 1038 3584 ita
1070 3529 1378 3599 scripserit,
1405 3529 1618 3594 beatus.
1656 3530 1814 3585 illiut
1847 3530 1999 3587 vide-

429 3633 535 3686 tur,
562 3621 821 3678 Paulinus
850 3622 1247 3678 existimaverit
1275 3638 1383 3677 non
1407 3637 1530 3679 esse
1571 3624 1787 3693 quidem
1822 3623 1875 3678 in
1912 3633 1998 3679 tu-

426 3724 539 3769 tum
582 3714 687 3769 hoc
705 3715 980 3770 occultare
1012 3729 1026 3768 :
1056 3718 1124 3770 ad
1175 3730 1302 3771 suas
1333 3723 1512 3770 tamen
1551 3715 1837 3783 opiniones
1867 3730 2000 3772 con-

425 3807 723 3863 iirmandas
759 3822 888 3862 usus
921 3806 1087 3862 fuerit
1115 3806 1527 3872 contrariis;de
1557 3807 1756 3877 quibus
1789 3822 1856 3863 ne
1876 3805 2002 3862 Ori-

424 3913 589 3969 genes
617 3908 767 3954 certe
798 3899 916 3968 ipse
944 3899 1243 3954 reddiderit
1273 3898 1539 3954 rationem
1564 3899 1589 3952 ἲ
1620 3898 1879 3953 Mentitus
1912 3910 2000 3955 est

425 3996 605 4042 autem
632 3987 688 4043 in
728 3988 850 4045 istis
869 3986 1177 4055 Marcellus,
1206 3976 1516 4060 Origencm,
1538 3989 1696 4058 quasi
1730 3990 1832 4044 sibi
1868 4004 1999 4044 cou-

426 4079 591 4133 traria
622 4088 887 4146 tueretur,
914 4096 1037 4137 cum
1080 4097 1187 4137 non
1228 4080 1495 4151 intelligat
1549 4081 1699 4135 illum
1730 4083 1999 4152 per‘prio-

425 4187 539 4225 rem
576 4187 729 4227 suam
780 4172 1207 4243 propositionem
1263 4175 1557 4239 docuisse,
1616 4173 1834 4230 Patrem
1877 4177 1998 4232 sine

422 4277 651 4334 corpore
676 4274 733 4319 et
756 4267 899 4319 omni
929 4266 1182 4335 passione
1208 4275 1461 4330 exstare;
1494 4282 1591 4336 per
1616 4270 1855 4323 secundo
1872 4269 1997 4325 loco

424 4357 675 4425 positam,
716 4357 913 4414 Filium
942 4375 1123 4425 suum,
1154 4374 1261 4415 non
1296 4361 1350 4415 in
1376 4370 1618 4431 tempore
1633 4362 1875 4431 quidem,
1900 4364 1994 4419 sed

2112 512 2129 544 ι
2170 495 2380 567 ἀνάγκη
2413 496 2572 567 σῶμα
2614 492 2754 549 εἶναι
2791 497 2881 550 τὸν
2910 496 3251 567 προϐαλόντα
3284 496 3377 549 καὶ
3412 496 3507 549 τὸν
3553 512 3697 564 προ·

2110 608 2127 639 ι
2169 586 2519 659 ϐεϐλημένον.
2554 607 2574 641 ι
2604 584 2716 642 Εἴθ’
2744 589 2872 661 ἑξῆς
2901 589 3039 661 μετὰ
3056 590 3156 660 τὴν
3185 589 3295 643 τῶν
3339 587 3697 659 Ὦριγενειῶν

2105 680 2297 749 φωνῶν
2345 680 2662 754 παράθεσιν,
2701 683 2953 754 ἐπιφέρει
2994 681 3189 751 λέγων’
3247 699 3266 733 t
3301 680 3489 733 Ταῦτα
3539 680 3696 749 Ὦρι-

2110 792 2129 825 ι
2164 774 2328 845 γένης
2357 774 2623 846 γέγραφε,
2657 774 2731 846 μὴ
2762 775 2912 848 παρὰ
2944 776 3050 829 τῶν
3089 774 3249 846 ἱερῶν
3286 774 3587 845 προφητῶν
3633 787 3699 825 τε

2112 884 2130 916 ι
2166 867 2260 919 καὶ
2292 867 2604 920 ἀποστόλων
2634 868 2763 939 περὶ
2787 869 2885 939 τῆς
2906 868 3208 939 άῖδιότητος
3233 866 3328 920 τοῦ
3366 868 3546 935 Λόγου
3586 882 3701 936 μα-

2112 977 2130 1008 ι
2172 957 2283 1012 θεῖν
2328 958 2609 1030 βουληθείς
2630 978 2642 991 ·
2671 960 2787 1013 ἀλλ’
2820 960 2997 1032 ἐαυτῷ
3034 958 3280 1024 δεδωκὼς
3319 959 3528 1022 πλεῖον,
3568 958 3703 1010 δευ-

2113 1067 2131 1099 σ
2169 1050 2331 1118 τέραν
2392 1050 2647 1104 ὑπόθεσιν
2716 1051 3082 1123 διηγήσασθαι
3111 1052 3208 1105 τοῦ
3260 1052 3437 1119 Λόγου
3491 1049 3703 1122 μαθεῖν

2111 1160 2129 1192 ι
2172 1142 2363 1213 τολμᾷ.
2397 1161 2417 1194 ι
2449 1143 2562 1196 Καὶ
2584 1143 2793 1208 τούτοις
2815 1144 2871 1197 δὲ
2897 1146 3010 1208 τοῖς
3036 1144 3141 1197 ὑπὸ
3178 1143 3489 1215 Ὠριγένους
3512 1142 3701 1215 ὀρθῶς

2105 1232 2437 1303 εἰρημένοις,
2486 1235 2618 1304 περὶ
2653 1232 2749 1287 τοῦ
2797 1234 2871 1305 μὴ
2901 1234 3013 1288 δεῖν
3057 1235 3378 1306 σωματικήν
3422 1250 3549 1287 τινα
3597 1233 3705 1286 καὶ

2106 1324 2415 1396 παθητικὴν
2445 1324 2850 1397 ὑπολαμϐάνειν
2880 1326 2981 1396 τῆς
3007 1318 3261 1397 θεότητος
3282 1326 3376 1379 τοῦ
3403 1326 3540 1379 Υἱοῦ
3568 1326 3701 1394 γέν-

2106 1433 2261 1487 νησιν
2326 1416 2630 1485 ἀντιλέγει,
2713 1417 2928 1486 μάλισθ’
2988 1418 3073 1473 ὅτι
3129 1418 3210 1489 τῷ
3287 1417 3403 1488 Υἱῷ
3453 1418 3703 1471 δέδωκεν

2105 1509 2422 1573 ὑπόστασιν,
2451 1510 2545 1562 καὶ
2570 1509 2843 1582 ἐπιφέρει,
2886 1510 2981 1564 τὸν
3030 1510 3281 1582 ὀριγένη
3311 1509 3475 1564 πάλιν
3506 1509 3703 1571 κακῶς

2105 1599 2298 1670 λέγων,
2323 1602 2437 1666 τοῖς
2462 1618 2523 1655 τε
2548 1603 2641 1655 ὑπ’
2669 1600 2832 1655 αὑτοῦ
2856 1600 3033 1673 ὀρθῶς
3050 1606 3343 1675 γραφεῖσιν
3368 1602 3700 1669 ἀντιλέγων,

2108 1692 2166 1744 ὲν
2214 1691 2446 1757 τούτοιςο
2505 1710 2524 1743 r
2567 1692 2690 1746 Ὀτι
2734 1693 2804 1747 τὰ
2851 1693 3076 1748 τοιαῦτα
3112 1695 3343 1765 γράφων
3407 1693 3702 1765 ὨριγΜς

2116 1802 2135 1834 ι
2177 1782 2329 1846 ἰδίοις
2354 1784 2555 1856 ἐχρῆτο
2590 1783 2843 1855 δόγμασι,
2867 1784 3027 1855 δῆλον
3055 1786 3148 1853 ἀφ’
3176 1778 3251 1839 ὧν
3280 1784 3466 1839 καὶτὰ
3494 1784 3709 1839 ἑαυτοῦ

2115 1896 2134 1929 ι
2168 1877 2465 1948 ἀνατρέπει
2498 1877 2779 1940 πολλάκις·
2814 1878 2873 1929 ὲν
2914 1877 3044 1946 γοῦν
3076 1877 3248 1950 ἑτέρῳ
3297 1877 3484 1949 χωρίῳ
3532 1878 3701 1931 ἅτινα

2116 1991 2134 2022 ι
2172 1973 2303 2042 περὶ
2342 1969 2479 2025 Θεοῦ
2524 1971 2691 2040 λέγει,
2743 1971 3035 2025 ἀκόλουθόν
3070 1972 3219 2025 ἐστιν
3267 1970 3607 2041 ὑπομνῆσαι.
3675 1988 3695 2020 ι

2109 2064 2314 2134 Γράφει
2343 2062 2399 2117 δὲ
2431 2061 2623 2127 οὕτως’
2670 2080 2691 2114 ι
2726 2063 2802 2117 Οὑ
2834 2062 2943 2135 γὰρ
2966 2065 2997 2116 ό
3037 2061 3173 2125 Θεὸς
3198 2059 3391 2131 Πατὴρ
3420 2055 3561 2113 εἶναι
3588 2060 3701 2131 ἦρ-

2115 2174 2133 2206 ι
2169 2154 2319 2222 ξατο,
2347 2155 2711 2226 κωλυόμενος,
2739 2155 2815 2218 ὡς
2842 2156 2892 2208 οἱ
2915 2139 3190 2226 γινόμενοι
3217 2153 3451 2224 πατέρες
3474 2152 3701 2223 ἄνθρω-

2114 2266 2132 2297 ι
2168 2264 2282 2312 ποι,
2302 2246 2407 2300 ὑπὸ
2428 2246 2522 2300 τοῦ
2556 2247 2631 2319 μὴ
2652 2246 2911 2302 δύνασθαί
2934 2264 3022 2300 πω
3044 2246 3155 2317 (l0)
3181 2246 3419 2316 πατέρες
3437 2241 3601 2299 εἶναι.
3633 2246 3701 2297 Εἰ

2114 2358 2133 2390 ι
2169 2339 2277 2412 γὰρ
2299 2339 2387 2394 ἀεὶ
2412 2338 2618 2403 τέλειος
2638 2343 2668 2395 ό
2693 2339 2846 2403 Θεὸς,
2877 2339 2972 2393 καὶ
2999 2339 3262 2411 πάρεστιν
3288 2338 3437 2409 αὑτῷ
3458 2337 3703 2408 δύναμις

2113 2454 2131 2485 ι
2168 2434 2263 2488 τοῦ
2302 2434 2524 2505 Πατέρα
2556 2434 2721 2488 αὑτὸν
2767 2429 2928 2500 εἶναι,
2973 2435 3069 2489 καὶ
3114 2432 3279 2488 καλὸν
3331 2432 3496 2485 αὑτὸν
3550 2426 3701 2485 εἶναι

2114 2544 2132 2575 ι
2170 2525 2391 2596 Πατέρα
2415 2524 2656 2579 τοιούτου
2677 2524 2833 2588 Υεοῦ,
2855 2525 3237 2591 ἀναϐάλλεται,
3272 2525 3367 2579 καὶ
3397 2522 3494 2577 τοῦ
3522 2522 3706 2575 καλοῦ

2113 2637 2133 2668 ι
2169 2618 2360 2671 ἑαυτὸν
2394 2617 2699 2688 στηρίσκει,
2748 2618 2844 2673 καὶ
2870 2618 2947 2683 ὼς
2972 2617 3119 2672 ἔστιν
3162 2618 3357 2679 εἰπεῖν,
3404 2616 3463 2680 ἐξ
3496 2612 3557 2669 οὗ
3607 2616 3700 2670 δύ-

2113 2726 2133 2758 ι
2172 2724 2329 2762 ναται
2373 2706 2563 2779 Πατὴρ
2603 2703 2740 2762 εἶναι
2786 2706 2937 2763 Υίοῦ.
3001 2706 3077 2760 Τὸ
3118 2705 3253 2760 αὑτὸ
3297 2707 3549 2778 μέντοιγε
3597 2706 3702 2759 καὶ⁵

2112 2817 2131 2850 α
2172 2800 2301 2873 περὶ
2347 2799 2443 2855 τοῦ
2475 2801 2633 2870 ἁγίου
2675 2798 2993 2872 Πνεύματος
3040 2797 3282 2853 λεκτέον.
3324 2816 3344 2850 ι
3396 2796 3524 2861 Πῶς
3572 2794 3699 2858 οὖν,

2120 2890 2428 2961 Ὠριγένους
2469 2893 2563 2946 καὶ
2603 2890 2761 2946 τοῦτο
2806 2891 3139 2964 γράψαντος,
3170 2894 3200 2946 ό
3239 2891 3529 2963 μακάριος,
3566 2891 3695 2944 κατ’

2104 2983 2289 3049 αὑτὸν,
2317 2982 2583 3048 Παυλῖνος
2608 2982 2767 3037 τοῦτο
2802 2982 2901 3054 μὲν
2940 2982 3363 3055 ἀποκρύψασθαι
3398 2985 3500 3037 οὐκ
3537 2984 3694 3037 ἀκίν-

2105 3072 2260 3127 δυνον
2288 3072 2529 3143 ἐνόμισε,
2582 3073 2890 3146 χρήσασθαι
2937 3074 2995 3128 δὲ
3042 3075 3124 3138 είς
3173 3074 3521 3145 κατασκευὴν
3581 3076 3697 3129 τῶν

2105 3165 2284 3237 ἑαυτῷ
2315 3166 2616 3221 δοκούντων
2664 3168 2777 3231 τοῖς
2813 3167 3077 3231 ἐναντίοις
3112 3167 3246 3239 (Η),
3277 3168 3354 3231 ὡς
3382 3167 3505 3221 οὑδὲ
3526 3167 3695 3222 αὑτὸν

2104 3260 2170 3313 ἂν
2206 3260 2479 3333 Ὠριγένη,
2507 3258 2562 3314 εἴ
2592 3277 2645 3313 τι
2681 3259 2773 3314 τὸν
2799 3259 2959 3331 λόγον
2987 3259 3281 3315 ἀποδοῦναι
3313 3260 3541 3315 δυνατὸν
3587 3258 3691 3333 ἦν;

2119 3352 2206 3405 Ἐν
2244 3351 2453 3416 τούτοις
2487 3354 2516 3405 ό
2545 3351 2885 3423 Μάρκελλος,
2928 3350 3148 3405 ἐναντία
3195 3352 3361 3421 φάναι
3407 3352 3557 3422 αὑτῷ
3600 3351 3695 3404 τὸν

2117 3443 2367 3515 Ὠριγένη
2397 3442 2585 3507 εἰπὼν,
2616 3442 3007 3513 κατεψεύσατο,
3041 3442 3116 3515 μὴ
3142 3442 3391 3515 δυνηθεὶς
3427 3446 3690 3509 συνιέναι,

2103 3535 2179 3599 ὡς
2209 3535 2296 3589 διὰ
2332 3537 2430 3607 μὲν
2458 3539 2557 3607 τῆς
2587 3537 2859 3608 προτέρας
2907 3536 3267 3609 παραθέσεως
3300 3537 3364 3590 τὸ
3395 3537 3695 3607 ἀσώματον

2104 3628 2200 3682 καὶ
2227 3627 2435 3692 ἀπαθὲς
2466 3629 2560 3683 τοῦ
2589 3629 2803 3703 Πατρὺς
2843 3629 3056 3701 ἐδήλου,
3085 3628 3174 3683 διὰ
3204 3629 3263 3683 δὲ
3293 3628 3398 3699 τῆς
3429 3629 3695 3702 δευτέρας

2104 3719 2165 3772 τὸ
2198 3720 2271 3792 μὴ
2323 3720 2519 3792 χρόνῳ,
2552 3720 2659 3793 πρὸ
2698 3721 2915 3775 πάντων
2958 3720 3017 3774 δὲ
3054 3720 3265 3775 αἰώνων
3295 3721 3385 3774 τὸν
3434 3721 3561 3774 Υἱδν
3594 3738 3691 3789 γε·-

2104 3811 2445 3881 γεννηκέναι.
2473 3807 2639 3877 Αὖθις
2666 3811 2723 3865 δὲ
2755 3811 2872 3884 μεθ’
2902 3812 3064 3885 ἕτερα
3088 3813 3219 3884 περὶ
3246 3812 3342 3866 τοῦ
3381 3813 3695 3884 Ὦριγένους

2103 3906 2131 3958 ὁ
2161 3904 2323 3967 αὐτὸς
2350 3902 2526 3957 ταῦτα
2550 3904 2754 3975 γράφει
2780 3922 2792 3935 ·
2824 3923 2841 3955 ι
2875 3904 3091 3968 Καίτοι,
3117 3907 3167 3957 εί
3191 3904 3273 3957 δεῖ
3294 3903 3528 3976 τάληθὲς
3561 3906 3692 3977 περὶ

2110 4015 2128 4047 ι
2176 3995 2482 4067 Ὠριγένους
2506 3995 2702 4060 εἰπεῖν,
2738 3996 2895 4049 τοῦτο
2928 3997 3195 4068 προσήκει
3222 3994 3432 4065 λέγειν,
3455 3997 3539 4051 ὅτι
3561 3997 3691 4069 ἄρτι

2109 4105 2128 4138 ι
2164 4086 2273 4140 τῶν
2303 4086 2445 4141 κατὰ
2472 4086 2791 4157 φιλοσοφίαν
2813 4088 3054 4151 ἀποστὰς
3086 4088 3445 4159 μαθημάτων,
3468 4087 3561 4140 καὶ
3577 4092 3694 4152 τοῖς

2109 4199 2127 4232 ι
2158 4178 2322 4244 θείοις
2334 4180 2592 4251 ὁμιλῆσαι
2604 4179 2962 4251 προελόμενος
2975 4180 3176 4249 λόγοις,
3195 4179 3301 4251 πρὸ
3314 4178 3413 4248 τῆς
3428 4179 3693 4252 datm-605;

2109 4292 2127 4323 ι
2167 4271 2273 4327 τῶν
2298 4272 2529 4344 Γραφῶν
2551 4271 2926 4343 καταλήψεως,
2950 4272 3038 4325 διὰ
3053 4273 3115 4325 τὸ
3138 4271 3271 4325 πολὺ
3293 4273 3391 4326 καὶ
3406 4272 3694 4341 φιλότιμον

2110 4384 2127 4416 ι
2166 4365 2265 4436 τῆς
2291 4363 2487 4430 ἔξωθεν
2510 4363 2868 4427 παιδεύσεως,
2883 4363 3077 4417 θᾶττον
3098 4362 3192 4416 τοῦ
3213 4362 3425 4427 δέοντος
3447 4361 3691 4435 ἀρξάμεο

423 4459 550 4503 ante
587 4450 785 4505 swcula
811 4452 994 4506 omnia
1026 4453 1405 4520 progenuisse.
1458 4453 1587 4509 Post
1619 4455 1877 4522 deinceps
1928 4456 1996 4511 de

2108 4477 2125 4509 ι
2166 4475 2254 4522 νος
2265 4457 2622 4529 ὑπογράφειν,
2640 4456 2745 4509 ὑπὸ
2755 4455 2862 4509 τῶν
2876 4455 2978 4527 τῆς
2998 4454 3314 4525 φιλοσοφίας
3332 4454 3593 4526 παρήχθη
3610 4454 3694 4507 λό-

425 4538 659 4611 Origene
697 4548 755 4606 is
804 4543 945 4598 idem
983 4544 1180 4598 iterum
1241 4544 1432 4599 scribit
1484 4544 1600 4618 [Β.
1641 4543 1900 4600 LXXVIII
1928 4546 1988 4619 ]:

426 4649 445 4681 ι
492 4631 646 4700 Quod
670 4634 715 4688 si
749 4649 936 4690 verum
979 4634 1138 4691 fateri
1163 4637 1229 4690 de
1252 4634 1488 4708 Origene
1519 4637 1829 4703 debeamus,
1861 4639 1989 4694 illud

497 4778 555 4834 ᾖ(
587 4772 686 4825 Ed.
716 4772 915 4837 Paris,
949 4788 1072 4844 pag.
1111 4774 1203 4829 25.

492 4914 605 4984 (ιο)
788 4912 1085 4988 semaan
1118 4930 1208 4967 πω
1252 4918 1519 4986 πατέρες.
1556 4915 1653 4971 Vel
1687 4916 1877 4988 Πατὴρ
1908 4913 1986 4970 εἴ·

419 4983 509 5038 ναι
531 4994 588 5037 ιιι
614 4984 895 5056 ad'lteutn
916 4983 1214 5056 referatur,
1246 4997 1338 5039 aut
1358 4983 1794 5054 distinguendum
1834 4983 1985 5056 post,

420 5073 525 5121 πω,
560 5063 686 5107 ante
708 5053 1090 5120 ἀναϐάλλεται,
1119 5056 1267 5109 deest
1294 5059 1362 5109 εἰσ
1382 5058 1497 5111 dele
1519 5053 1612 5111 ιὶαί
1636 5067 1758 5113 ante
1774 5053 1986 5117 ἑαυτόν.

418 5137 473 5178 et
508 5134 633 5179 ante
665 5125 739 5187 ὡς
784 5125 887 5179 M.—
909 5125 1049 5177 -Mox
1074 5126 1227 5192 vulgo
1242 5126 1334 5179 τοῦ
1356 5146 1405 5183 τ.
1424 5127 1583 5195 Υἱοῦ;
1606 5129 1729 5182 dein
1753 5129 1805 5180 τί
1830 5128 1988 5182 ἀναὸ.

420 5197 509 5258 Β..
532 5195 657 5248 dein
680 5195 840 5260 vulgo
862 5195 1053 5248 ἑαυτὸν
1077 5195 1169 5247 τοῦ
1195 5214 1272 5261 κη,
1307 5213 1465 5266 porro
1488 5198 1553 5251 Β.
1578 5196 1717 5253 εἶναι
1748 5198 1901 5263 Υἱοῦ,
1927 5200 1989 5251 οὑ

420 5267 625 5339 γίνεται
663 5266 855 5339 Πατήρ
884 5283 898 5331 ;
930 5267 1163 5339 denique
1211 5268 1371 5337 vulgo
1418 5270 1655 5339 ἐνόμιζε.
1700 5269 1871 5324 Porro
1924 5271 1992 5323 ad

431 5337 603 5410 Ὠριγ.
629 5335 703 5390 cf.
722 5335 882 5410 Orig.
911 5350 1009 5410 0p._
1032 5336 1220 5410 ed._«_ie
1246 5335 1433 5410 laRue
1467 5335 1575 5403 t.'l,
1606 5357 1657 5410 p.
1684 5340 1775 5410 43.

512 5409 601 5478 ll)
644 5406 774 5473 Τοῖς
805 5407 1249 5473 ἐναντίοιςΝυΙι
1279 5408 1558 5465 Paulinum
1581 5406 1643 5465 ea
1670 5414 1737 5465 ab
1758 5408 1991 5479 Origene

417 5488 741 5544 mutuatum,
783 5494 902 5546 quae
947 5480 1050 5534 sibi
1100 5482 1560 5544 contradicerent,
1603 5492 1659 5536 et
1703 5483 1823 5535 aliis
1859 5480 1990 5535 alibi

420 5549 760 5620 dogmatibus
811 5549 1182 5619 Origeniauis,
1215 5551 1351 5604 adeo
1405 5562 1463 5605 ut
1511 5568 1578 5605 ne
1612 5554 1727 5620 ipse
1767 5552 1986 5620 quidem

416 5618 677 5687 Origenes
725 5633 786 5689 ea
842 5632 1055 5686 posset,
1085 5622 1356 5675 redivivus
1398 5618 1749 5677 reconciliare
1768 5618 1983 5689 {legen-

416 5686 543 5762 άιιιιι
571 5686 848 5762 ετεοιῖαν
873 5689 993 5762 οὑδὲ
1016 5689 1090 5762 ᾂν
1120 5690 1281 5745 αὑτὸν
1314 5693 1563 5762 Ὠριγένη
1594 5693 1813 5746 ὲπὶιτὸν
1833 5686 1990 5759 λόγον

414 5756 727 5829 ἀποδοῦναι,
757 5759 978 5814 δυνατὸν
1013 5756 1099 5832 ἧν.
1127 5763 1271 5818 Sane
1300 5756 1512 5818 videtur
1553 5756 1607 5819 et
1660 5756 1993 5819 Athanasius

2105 4569 2123 4602 ι
2164 4567 2298 4619 γων,
2326 4550 2420 4605 καί
2445 4566 2566 4604 τινα
2588 4550 2657 4603 δι’
2680 4550 2877 4614 αὐτοὺς
2908 4548 2971 4601 οὑ
3007 4547 3186 4611 καλῶς
3215 4547 3484 4619 γέγραφε.
3520 4547 3689 4617 Δῆλον

2106 4660 2125 4692 ι
2163 4641 2219 4696 δέ
2254 4658 2270 4673 ο
2317 4641 2397 4695 ἐτι
2433 4640 2543 4713 γὰρ
2591 4639 2700 4694 τῶν
2752 4638 2844 4693 τοῦ
2905 4638 3193 4703 Πλάτωνος
3240 4638 3355 4710 (12)
3402 4637 3691 4710 μεμνημέ-

2089 4916 2158 4971 de
2189 4910 2645 4983 Origeneeadem
2698 4912 3002 4973 censuisse,
3033 4924 3172 4983 cum
3202 4910 3255 4963 in
3296 4907 3442 4983 libro
3477 4908 3555 4983 De
3597 4911 3689 4964 de-

2089 4987 2242 5040 cretis
2270 4978 2481 5037 concilii
2511 4980 2562 5034 Ν
2570 4983 2723 5036 ίοωηί
2754 4983 2959 5037 scribat
2985 5000 2999 5035 :
3026 4982 3094 5033 ’Ἀ
3121 4980 3219 5050 μὲν
3247 4978 3357 5050 γὰρ
3385 4980 3467 5050 ὡς
3508 4981 3684 5049 ζητῶν

2092 5057 2185 5109 καὶ
2209 5053 2501 5125 γυμνάζων
2540 5052 2779 5125 ἔγραψε,
2804 5052 3005 5125 ταῦτα,
3023 5051 3100 5125 μὴ
3123 5049 3199 5115 ὡς
3239 5049 3406 5125 αὑτοῦ
3436 5052 3686 5125 φρονοῦν-

2092 5145 2183 5191 τος
2215 5121 2456 5195 λεγέσθω
2483 5140 2587 5195 τις,
2599 5121 2754 5195 ςάλλὰ
2782 5123 2888 5195 τῷν
2914 5121 3051 5195 πρὸς
3078 5121 3191 5195 ἔριν
3212 5121 3680 5195 φιλονεικούντων,

2097 5200 2155 5251 ὲν
2187 5197 2264 5267 τῷ
2292 5192 2481 5266 ζητεῖν
2518 5192 2710 5261 ἁδέως,
2739 5193 2938 5267 ὁρίζων
2962 5192 3348 5267 ἀποφαίνοιτο.
3404 5192 3498 5267 διε
3540 5198 3680 5267 enim

2094 5256 2321 5337 legenda
2339 5256 2391 5319 ἐι
2413 5256 2798 5337 distinguenda
2822 5256 2968 5337 sunt.
3000 5262 3070 5337 Μ.
3099 5256 3169 5303 Ζ-
3199 5262 3263 5315 R.
3286 5256 3367 5337 ὧν
3384 5262 3496 5314 οὐδ’
3525 5263 3681 5337 αὑτὸν

2092 5331 2260 5391 am.
2288 5336 2495 5406 εἴποιμι
2515 5354 2567 5388 τ.
2593 5333 2643 5387 λ.
2670 5335 2826 5389 άποδ.
2853 5333 3139 5398 δύνασθαι,
3167 5338 3258 5403 qui
3285 5331 3427 5386 infra
3450 5334 3679 5404 γράφειν

2093 5409 2215 5463 loco
2245 5407 2609 5477 ὑπογράφειν.

2163 5479 2273 5550 (12)
2314 5472 2436 5550 Ἔτι
2468 5472 2579 5548 γὰρ
2610 5476 2730 5550 τῶν
2760 5476 2878 5550 τοῦΔ
2906 5475 3248 5542 Πλάτωνος.
3283 5472 3677 5550 Ορίηοιζ-δῆλον

2090 5551 2146 5604 δέ
2169 5544 2305 5604 ἐστι·
2344 5549 2452 5603 τῶν
2475 5544 2729 5620 γὰργτοῦ
2771 5547 3059 5620 Πλάτωνος
3091 5544 3463 5620 μεμνημένος,
3483 5544 3674 5620 Verum

2091 5632 2175 5675 est
2204 5621 2345 5685 quod
2371 5617 2585 5675 censuit
2607 5618 2893 5674 Marcellus
2918 5620 2983 5671 de
3005 5617 3259 5688 Origene.
3277 5630 3401 5688 eum
3428 5617 3496 5688 de
3522 5618 3676 5669 scho-

2094 5692 2158 5746 lis
2208 5690 2523 5757 Platonicis,
2551 5706 2781 5761 quarum
2828 5688 3006 5761 sacris
3053 5685 3174 5742 erat
3202 5702 3311 5741 non
3352 5685 3548 5761 leviter
3578 5688 3676 5761 ini-

2097 5767 2277 5829 tiatus,
2295 5764 2390 5819 sed
2417 5772 2473 5817 ut
2497 5755 2549 5817 in
2570 5755 2825 5833 ἰιιοτςίηθ
2847 5760 3095 5825 habetur,
3119 5755 3494 5829 μεμυημένος,
3512 5759 3674 5811 multa
