3836 6216
164 286 257 343 761
1278 289 1558 349 CONTRA
1598 289 2028 350 MARCELLUM
2068 297 2198 354 LIB.
2239 299 2279 356 l.

3305 309 3413 366 762

166 430 184 462 ι
220 426 309 472 νος
336 406 620 479 δογμάτων
652 410 747 463 καὶ
778 410 876 482 τῆς
902 409 1010 464 τῶν
1038 410 1222 483 ἀρχῶν
1250 411 1401 483 παρὰ
1433 411 1583 483 αὐτῷ
1619 412 1731 466 δια-

1846 433 1865 466 c.
1905 418 2196 471 tenendum
2226 435 2240 485 ;
2269 433 2393 473 cum
2423 428 2676 476 recenter
2701 421 2836 477 adeo
2868 433 2981 478 tum
3012 437 3044 479 a
3069 423 3268 481 scholis
3294 427 3416 496 phi-

164 521 182 553 ‹
217 500 410 573 φορᾶς,
442 500 584 569 Περὶ
620 500 824 571 ἀρχῶν
856 503 1104 575 γέγραφε
1135 503 1358 574 βιϐλίον,
1388 506 1483 557 κλὶ
1530 503 1736 575 ταύτην

168 614 184 645 ι
216 594 292 665 τῷ
325 594 719 665 συγγράμματι
759 594 854 666 τὴν
886 596 1200 668 ἐπιγραφὴν
1232 596 1403 650 ἔθετο.
1446 598 1655 668 Δεῖγμα
1681 599 1738 650 δὲ

163 707 179 738 ι
219 686 377 739 τοῦτο
407 687 665 756 μέγιστον
694 687 755 740 τὸ
787 688 919 758 μηδὲ
959 687 1177 744 ἄλλοθέν
1225 689 1391 743 ποθεν
1422 691 1596 763 ἀρχὴν
1628 690 1736 744 τῶν

161 798 179 829 ι
215 777 413 844 λέξεων
453 777 616 831 αὐτὸν
651 777 685 848 ἢ
723 777 823 849 τὴν
862 780 1176 850 ἐπιγραφὴν
1208 779 1303 834 τοῦ
1337 780 1543 851 βιϐλίου
1582 783 1738 853 ποιή-

162 890 179 921 ‹
220 870 437 939 σασθαι,
468 870 582 924 ἀλλ’
612 872 721 924 ἀπὸ
753 871 860 925 τῶν
882 872 1128 928 Πλάτωνι
1158 874 1431 946 ῥηθέντων
1450 876 1733 947 ῥημάτων.

163 980 180 1012 ι
215 961 468 1035 Γέγραφε
495 963 606 1034 γὰρ
651 964 950 1036 ἀρχόμενος
979 965 1169 1030 οὕτως·
1207 969 1271 1020 Οἱ
1314 969 1736 1033 πεπιστευκότες

164 1073 183 1106 ι
221 1056 315 1110 καὶ
338 1057 781 1128 πεπιστευμένοι.
800 1057 969 1111 Τοῦτο
986 1058 1049 1111 τὸ
1069 1058 1229 1130 ῥητὸν
1256 1057 1427 1123 οὕτως
1448 1061 1736 1132 εἰρημένον

162 1168 182 1201 t
214 1148 398 1221 εὕροις
423 1149 489 1203 ἂν
522 1151 581 1202 ὲν
608 1150 688 1221 τῷ
720 1151 941 1219 Γοργίᾳ
976 1150 1282 1214 Πλάτωνος.
1317 1170 1335 1201 ι
1375 1150 1502 1206 Οῦτ’
1530 1154 1579 1206 εί
1605 1152 1735 1221 ἐφέρ

159 1259 299 1314 ρετο,
324 1243 559 1313 ἤνεγκεν
587 1240 655 1296 ἂν
691 1241 944 1314 διαϐολὴν
983 1243 1251 1313 Ὠριγένει
1275 1244 1455 1312 φάντι,
1491 1246 1540 1297 oi.
1570 1261 1735 1297 πεπι-

159 1334 445 1396 στευκότες
477 1334 510 1404 ἢ
537 1334 631 1388 καὶ
658 1334 1100 1404 πεπιστευμένοι,
1135 1335 1230 1389 καὶ
1258 1335 1552 1405 συνάψαντι
1586 1334 1733 1407 ἑξῆς,

165 1443 183 1477 ι
220 1426 319 1497 τὴν
343 1426 505 1497 χάριν
536 1424 633 1479 καὶ⁵
656 1425 754 1495 τὴν
778 1423 1036 1496 ἀλήθειαν
1067 1424 1133 1478 δι’
1187 1425 1359 1495 Ἰησοῦ
1384 1424 1621 1496 Χριστοῦ
1647 1442 1736 1493 γε-

163 1536 181 1570 ι
215 1517 456 1586 γονέναι,
490 1535 510 1568 ι
561 1517 656 1569 καὶ
703 1516 938 1588 Χριστὸν
970 1510 1108 1570 εἶναι
1142 1516 1242 1587 τὴν
1276 1516 1553 1587 ἀλήθειαν,
1595 1516 1737 1570 κατὰ

156 1608 215 1663 τὸ
248 1607 539 1679 εἰρημένον
576 1606 666 1660 ὑπ’
704 1606 888 1661 αὐτοῦ·
928 1626 947 1660 ι
1008 1607 1147 1677 Ἐγώ
1188 1609 1305 1680 είμι
1336 1610 1370 1679 ἡ
1412 1608 1660 1680 ἀλήθεια.
1710 1628 1729 1659 ι

157 1700 290 1756 Ποία
320 1700 434 1773 γὰρ
463 1700 600 1772 πρὸς
623 1698 793 1754 ταῦτα
822 1702 1075 1755 κοινωνία
1103 1702 1299 1770 γένοιτ’
1333 1701 1399 1757 ἄν
1435 1719 1566 1756 ποτε
1591 1702 1737 1757 Πλά-

157 1758 530 1859 τωνι;ὐιὺδὲν
578 1758 866 1858 humo;
906 1793 1053 1863 Περὶ
1088 1758 1290 1863 ἀρχῶν
1337 1794 1734 1867 μνημονεύεται
1767 1758 1809 1819 Β

158 1885 381 1956 βιϐλίον.
424 1885 560 1940 Οὐδὲ
603 1885 883 1958 Ὠριγένης
911 1887 1112 1957 ὁμοίως
1145 1888 1273 1958 περὶ
1303 1887 1487 1958 ἀρχῶν
1517 1886 1733 1956 ὲδόξασε

156 1977 426 2042 Πλάτωνι,
462 1978 492 2030 6
542 1976 670 2049 μίαν
720 1978 889 2050 μόνην
916 1978 1018 2048 τὴν
1048 1980 1340 2050 ἀγέννητον
1380 1980 1473 2035 καὶ
1501 1981 1733 2052 ἄναρχον

155 2072 245 2124 καὶ
267 2070 532 2124 ἐπέκεινα
554 2069 665 2124 τῶν
687 2070 824 2125 ὅλων
857 2071 1013 2137 είδὼς
1040 2073 1239 2145 ἀρχὴν,
1271 2073 1474 2145 ταύτην
1501 2091 1562 2127 τε
1593 2070 1733 2128 εἶναι

155 2163 372 2236 Πατέρα
389 2163 507 2227 ένὸς
530 2165 849 2235 μονογενοῦς
860 2165 1014 2228 Υίοῦ,
1032 2166 1101 2220 δι’
1120 2161 1180 2221 οῦ
1207 2166 1276 2221 τὰ
1297 2167 1472 2222 πάντα
1488 2167 1727 2238 γέγονεν.

158 2256 299 2321 Ὄδε,
342 2258 443 2312 κα)⁸
491 2261 553 2312 ὲν
596 2258 806 2323 τούτοις
867 2258 1172 2330 Ὠριγένους
1227 2259 1730 2332 καταψευσάμενος,

158 2348 270 2419 μεθ’
314 2349 481 2422 ἕτερα
504 2351 827 2423 προστίθησι
853 2350 1049 2421 λέγων·
1083 2370 1104 2403 ι
1147 2352 1423 2423 Ἀστερίου
1450 2352 1560 2424 γὰρ
1583 2355 1733 2424 είρηο

160 2462 177 2497 ι
209 2444 389 2511 κότος,
408 2446 515 2518 πρὸ
534 2445 644 2500 τῶν
662 2443 874 2500 αἰώνων
892 2444 1251 2517 γεγεννῆσθαι
1272 2445 1365 2499 τὸν
1378 2445 1572 2514 Λόγον,
1601 2447 1734 2500 αὐτὸ

157 2554 176 2589 ι
212 2538 274 2593 τὸ
306 2538 476 2610 ῥητὸν
502 2537 668 2595 αὐτὸν
706 2538 922 2609 ἐλέγχει
949 2536 1298 2610 ψευδόμενον·
1337 2536 1478 2592 ὥστε
1510 2539 1585 2610 μὴ
1631 2539 1731 2611 μό-

159 2647 179 2681 ι
218 2648 306 2686 νον
339 2630 508 2695 αὐτὸν
542 2630 636 2686 τοῦ
676 2633 1022 2703 πράγματος,
1050 2631 1189 2686 ἀλλὰ
1217 2632 1314 2686 καὶ
1342 2630 1439 2686 τοῦ
1471 2630 1733 2703 γράμμα-

158 2739 178 2773 ι
214 2740 307 2787 τος
325 2723 676 2795 διαμαρτεῖν.
702 2723 770 2778 Ei
793 2722 924 2794 γὰρ,
937 2722 1052 2791 πρὸ
1071 2723 1179 2778 τοῦ
1199 2720 1413 2790 αἰῶνος
1426 2724 1732 2792 608ml“)-

158 2833 177 2867 ι
210 2814 329 2870 σέν
345 2832 449 2885 με,
476 2816 642 2887 φησὶν
661 2818 697 2887 ὴ
722 2815 1022 2887 Παροιμία,
1045 2814 1163 2877 πῶς
1189 2814 1352 2879 αὐτὸς
1375 2815 1731 2887 γεγεννῆσθαι

158 2923 178 2959 ι
210 2907 379 2963 αὐτὸν
414 2906 527 2979 πρὸ
552 2907 664 2963 τῶν
692 2906 905 2963 αἰώνων
949 2907 1088 2977 ἔφης
1132 2906 1320 2979 ἕτερον
1350 2907 1462 2978 γὰρ
1488 2908 1596 2980 πρὸ
1634 2907 1731 2962 τοῦ

156 3018 175 3054 ι
204 3000 409 3067 αἰῶνος
435 3001 865 3073 τεθεμελιῶσθαι
887 3002 1071 3066 αὑτὸν,
1103 3003 1197 3056 καὶ
1225 3001 1435 3074 ἕτερον,
1471 3003 1578 3075 πρὸ
1622 3000 1731 3057 τῶν

1845 526 1863 559 ι
1900 507 2192 579 losophicis
2220 510 2512 578 diverteris,
2553 512 2751 570 litteris
2799 530 2860 570 se
2891 516 3090 571 divinis
3122 517 3414 588 applicuis-

1843 619 1862 652 ε
1898 612 2004 667 set,
2063 601 2224 657 citius
2262 617 2424 672 quam
2476 620 2577 675 par
2632 606 2856 675 fuerat,
2915 610 3152 663 nondum
3190 610 3416 665 edoctus

1844 712 1862 744 ‹
1898 694 2313 765 Scripturarum
2355 702 2694 754 exactiorem
2746 700 3057 766 scientiam,
3097 711 3286 770 utpote
3323 705 3415 772 qui

1844 808 1862 840 ε
1903 796 1958 844 et
1975 789 2332 847 saecularibus
2357 791 2658 860 disciplinis
2678 801 2800 848 erat
2819 794 3250 849 cumulatissime
3272 810 3420 850 com-

1843 900 1861 932 ι
1898 890 2139 951 paratus,
2174 884 2499 939 accessitad
2538 884 2885 940 scribendum
2917 904 2933 940 :
2988 884 3133 939 unde
3157 900 3254 955 per
3291 886 3416 953 plii-

1843 994 1860 1026 ι
1891 975 2191 1046 losophiam
2222 976 2500 1044 seductus,
2543 978 2786 1046 quaedam
2809 979 2989 1032 minus
3013 986 3162 1032 recte
3184 978 3237 1031 in
3264 977 3417 1031 litte-

1843 1086 1862 1117 ‹
1903 1081 1994 1123 ras
2029 1066 2314 1123 referebat.
2347 1067 2596 1137 Exempli
2617 1068 2832 1137 gratia:
2866 1066 3273 1123 Platonicorum
3319 1068 3416 1120 do-

1842 1177 1860 1210 c
1897 1167 2136 1231 gmatum
2160 1174 2369 1214 memor
2394 1169 2447 1214 et
2471 1160 2863 1230 principiorum
2895 1174 3016 1231 qua:
3044 1159 3259 1215 diversa
3285 1170 3417 1215 sunt

1842 1270 1860 1302 ι
1892 1251 2032 1321 apud
2061 1251 2237 1317 illutn,
2274 1252 2474 1307 librum
2499 1253 2786 1323 quemdam
2818 1252 3121 1324 inscripsit,
3157 1251 3237 1305 De
3260 1252 3413 1320 prin-

1842 1362 1861 1396 ι
1892 1344 2064 1414 cipiis.
2090 1344 2220 1413 Quae
2248 1345 2468 1415 quidem
2502 1346 2787 1416 inscriptio
2812 1354 3134 1416 argumento
3161 1360 3280 1400 esse
3313 1359 3413 1413 po-

1842 1455 1860 1486 ι
1894 1436 2022 1492 terit
2060 1453 2167 1493 non
2201 1437 2434 1510 vulgari,
2466 1453 2572 1493 non
2603 1437 2822 1492 aliunde
2846 1452 2974 1492 eum
3011 1450 3174 1507 quam
3210 1452 3240 1489 a
3288 1435 3412 1490 Pla-

1842 1549 1861 1582 ι
1896 1539 2020 1586 tone
2050 1546 2113 1587 ea
2131 1530 2312 1587 omnia
2347 1536 2672 1584 mutuatum.
2698 1528 2990 1583 Exorditur
3017 1537 3195 1582 autem
3217 1527 3412 1582 librum

1842 1641 1861 1674 ι
1900 1623 1967 1678 ad
2003 1623 2149 1679 hunc
2177 1624 2426 1679 modum:
2459 1620 2809 1689 Quicredunt
2835 1630 2890 1675 et
2917 1620 3117 1691 quibus
3139 1619 3404 1674 creditur.

1842 1734 1860 1766 ι
1896 1715 2047 1782 Quod
2064 1716 2139 1772 ita
2156 1714 2358 1771 dictum
2382 1715 2436 1770 in
2451 1714 2646 1786 Gorgia
2666 1712 2992 1783 Pialonis(p.
3009 1711 3115 1767 454
3131 1711 3194 1783 Ε)
3211 1712 3417 1781 reperi-

1848 1828 1867 1862 ι
1902 1816 2009 1864 tur.
2046 1828 2067 1861 ι
2094 1807 2152 1865 ld
2174 1807 2315 1879 quod
2343 1817 2402 1863 ut
2427 1807 2501 1862 ita
2532 1820 2656 1863 esse
2683 1806 3033 1871 concedatur,
3087 1806 3413 1861 calumniam

1840 1899 2062 1973 Origeui
2088 1916 2193 1957 non
2225 1897 2474 1964 inferret,
2498 1913 2621 1953 cum
2641 1886 2826 1955 statim
2848 1897 3210 1968 subjunxerit,
3235 1916 3253 1949 ι
3278 1896 3415 1953 Gra-

1846 2013 1866 2047 ι
1900 1995 2029 2050 tiam
2059 2003 2116 2048 et
2139 1993 2419 2049 veritatem
2444 2006 2541 2062 per
2554 1990 2736 2047 Jesum
2760 1990 3034 2046 Christum
3059 1990 3126 2044 ad
3137 1976 3364 2056 venisse,
3388 2008 3409 2042 ι

1838 2095 1895 2143 et
1913 2099 2032 2141 esse
2045 2084 2320 2141 Christum
2347 2084 2491 2139 illam
2521 2084 2826 2147 veritatem,
2862 2083 3154 2137 secundum
3180 2082 3322 2152 quod
3348 2081 3417 2135 ab

1840 2180 1961 2252 ipso
1990 2179 2193 2235 dictum
2222 2186 2402 2233 exstat
2427 2196 2443 2233 :
2471 2196 2490 2230 ‹
2516 2177 2627 2248 Ego
2644 2192 2761 2232 sum
2789 2176 3075 2232 veritas“.
3102 2195 3122 2228 ι
3157 2176 3412 2243 Quanam

1839 2287 1969 2329 vero
1986 2272 2200 2327 tandem
2218 2270 2532 2327 communio
2548 2285 2669 2325 cum
2689 2270 2808 2325 istis
2824 2269 3036 2347 Platoni
3062 2268 3371 2324 intercessit
3391 2269 3419 2323 ἲ

1837 2364 2028 2421 Nullus
2050 2363 2193 2420 liber
2226 2378 2255 2418 a
2278 2363 2505 2419 Platone
2531 2364 2769 2432 scriptus
2803 2362 2907 2416 hoc
2946 2361 3127 2425 titulo,
3160 2359 3240 2415 De
3266 2362 3417 2428 prin-

1837 2458 2009 2526 cipiis,
2041 2464 2398 2513 memoratur.
2427 2453 2537 2511 Nec
2570 2465 2629 2509 ut
2680 2453 2834 2509 Plato
2866 2455 2931 2509 de
2962 2453 3247 2523 principiis
3269 2451 3418 2509 ’0τί-

1837 2563 2003 2621 genes
2034 2548 2325 2611 sentiebat,
2370 2546 2461 2617 qui
2496 2545 2825 2616 principium
2875 2545 3094 2599 unicum
3125 2544 3418 2614 ingenera-

1838 2651 1977 2711 tum,
2006 2641 2127 2697 sine
2153 2639 2443 2710 principio,
2495 2652 2661 2709 super
2687 2636 2892 2704 omnia,
2937 2651 3062 2693 cum
3108 2646 3366 2706 agnoscat
3397 2679 3413 2704 ,

1836 2747 1961 2787 eum
1992 2734 2167 2803 ipsum
2194 2731 2385 2787 statuit
2408 2745 2529 2788 esse
2557 2730 2772 2785 Patrem
2797 2730 2959 2785 unius
2983 2729 3243 2801 unigeniti
3269 2727 3417 2795 Filii,

1835 2839 1936 2895 per
1961 2838 2124 2894 quem
2149 2824 2332 2879 omnia
2357 2822 2502 2878 facta
2536 2831 2683 2877 sunt.
2710 2820 2766 2876 ln
2801 2821 2921 2876 istis
2956 2834 3078 2875 cum
3126 2819 3415 2888 Origenent

1837 2917 2149 2983 mentiatur,
2177 2914 2421 2986 adiungit
2443 2922 2565 2986 post
2585 2929 2756 2985 pauca
2791 2913 2882 2986 [R.
2915 2911 3036 2985 XV]
3067 2930 3082 2969 :
3110 2911 3411 2975 Asterium,

1844 3025 1865 3060 ι
1907 3009 2000 3079 qui
2033 3008 2273 3063 affirmat
2301 3013 2615 3079 generatum
2645 3005 2817 3061 fuisse
2843 3013 2970 3061 ante
3003 3004 3184 3061 omnia
3220 3006 3418 3059 saecula

156 3114 175 3146 ι
212 3091 433 3149 αἰώνων
464 3094 844 3165 γεγεννῆσθαι.
875 3112 894 3145 ι
926 3092 1110 3147 Ταῦτα
1138 3092 1329 3158 εἰπὼν,
1358 3094 1453 3148 καὶ
1473 3092 1731 3165 προσθεὶς

1845 3119 1864 3153 ι
1903 3100 2125 3166 Filium,
2164 3101 2248 3157 vel
2280 3101 2392 3170 ipsa
2416 3099 2636 3170 quidem
2660 3098 2843 3155 littera
2876 3097 3159 3153 mentitum
3194 3095 3418 3150 convin-

149 3181 311 3255 ιτερα
347 3185 433 3246 είς
476 3183 791 3255 ἀνατροπὴν
825 3181 919 3237 τοῦ
958 3183 1065 3256 πρὸ
1099 3183 1209 3238 τῶν
1231 3183 1441 3239 αἰώνων
1481 3184 1734 3255 γεγεννῆ-

152 3273 273 3329 σθαι
308 3274 407 3330 τὸν
434 3275 585 3341 Υιὸν,
620 3275 862 3345 ἐπιλέγει
891 3276 1074 3340 αὐτοῖς
1124 3276 1384 3348 ῥήμασιν·
1418 3296 1438 3330 ι
1483 3276 1646 3345 ’Δξιῶ
1673 3277 1731 3331 δὲ

156 3384 175 3419 ι
207 3368 338 3432 τοὺς
371 3367 802 3438 ἐντυγχάνοντας
831 3367 941 3423 τῶν
979 3369 1150 3437 ἁγίων
1173 3369 1415 3443 ὡσπερεὶ
1441 3371 1733 3443 σπέρματα

156 3480 173 3513 ι
212 3461 309 3515 καὶ
373 3459 551 3533 ἀρχάς
614 3461 776 3533 τῆσδε
844 3462 946 3533 τῆς
1012 3461 1326 3535 ἐξηγήσεως
1383 3462 1600 3535 ἀληθῶς
1657 3465 1733 3517 εί-

155 3571 174 3605 ι
208 3553 473 3625 ληφότας,
508 3552 762 3619 πλείονας
804 3554 1105 3623 ἀποδείξεις
1136 3555 1454 3628 προσθεῖναι
1495 3559 1612 3621 τοῖς
1652 3560 1731 3611 εί-

155 3663 175 3698 ι
211 3645 494 3719 ρημένοις·
549 3644 693 3701 ὥστε
741 3631 1080 3719 έτίμᾶλλον,
1123 3648 1224 3712 τὰς
1270 3647 1379 3702 τῶν
1416 3644 1590 3721 [περὶ]
1632 3647 1733 3720 τὴν

154 3755 174 3790 ι
205 3738 394 3791 πίστιν
414 3737 849 3809 διαστρεφόντων
870 3738 1189 3811 ἐλέγχεσθαι
1209 3739 1577 3811 προαιρέσεις.
1616 3742 1735 3794 ’Ὀν-

157 3846 175 3881 ι
204 3845 314 3894 τως
338 3828 451 3901 γὰρ
475 3828 607 3883 Θεὸν
630 3831 723 3883 τὸν
755 3832 1094 3902 γεννήσαντα
1131 3832 1329 3895 αὐτοὺς
1352 3832 1731 3900 ἐγκατέλιπον,

154 3940 175 3973 ε
205 3923 301 3976 καὶ
347 3920 564 3992 ὤρυξαν
598 3923 813 3986 ἑαυτοῖς
851 3922 1088 3988 λάκκους
1139 3925 1653 3997 συντετριμμένους.
1706 3945 1728 3978 ι

149 4011 390 4067 Τοιαῦτα
416 4013 512 4067 καὶ¹
532 4013 621 4068 διὰ
648 4014 857 4068 τούτων
879 4014 1359 4087 λοιδορησάμενος,
1391 4015 1517 4089 ἑξῆς
1542 4018 1736 4089 πειρᾶ-

147 4120 238 4159 ται
273 4105 585 4171 δεικνύναι,
619 4106 700 4160 ὅτι
751 4106 886 4178 μηδὲ
944 4125 963 4159 ι
1000 4106 1164 4161 εἰκὼν
1205 4106 1300 4161 τοῦ
1344 4108 1479 4163 Θεοῦ
1526 4111 1673 4165 ἐστιν
1705 4114 1734 4166 6

153 4214 173 4248 ι
210 4198 363 4263 Υἱὸς,
404 4215 424 4251 ι
468 4198 644 4268 λέγων
676 4198 869 4263 οὕτως’
906 4218 927 4253 ι
985 4200 1302 4256 Ἀκόλουθον
1331 4202 1572 4273 ἡγοῦμαι
1605 4204 1734 4276 βρα-

152 4306 173 4340 c
208 4290 309 4358 χέα
351 4290 447 4344 καὶ
489 4291 621 4363 περὶ
657 4290 759 4356 τῆς
804 4290 1014 4357 εἰκόνος
1060 4294 1258 4347 εἰπεῖν’
1306 4293 1554 4368 γέγραφε
1592 4297 1728 4369 γάρ·

153 4400 172 4433 ι
215 4382 412 4448 ’Δλλος
438 4383 495 4438 δέ
519 4386 668 4439 ὲστιν
699 4384 729 4437 6
773 4383 832 4451 ἐξ
859 4384 1021 4439 αὐτοῦ
1051 4386 1350 4457 γεννηθεὶς,
1389 4389 1449 4452 ὃς
1482 4390 1628 4443 ἐστιν
1654 4392 1734 4443 εί-

1844 3215 1864 3248 ι
1902 3195 1998 3263 cit,
2027 3194 2161 3249 adeo
2186 3203 2248 3249 ut
2272 3207 2378 3247 non
2409 3191 2583 3248 solum
2617 3192 2669 3247 in
2695 3191 2777 3247 rei
2825 3190 3081 3256 veritate,
3109 3189 3204 3243 sed
3242 3188 3294 3241 iu
3329 3202 3417 3242 vo-

1844 3307 1863 3341 ι
1905 3287 2061 3344 cibus
2092 3286 2225 3357 ipsis
2251 3284 2612 3341 aberraverit.
2643 3281 2777 3337 Nam
2800 3283 2868 3348 si,
2904 3281 3040 3336 Ante
3073 3280 3272 3335 satcula
3292 3321 3307 3343 ,
3339 3278 3435 3332 uti

1844 3399 1863 3433 ‹
1906 3379 2151 3450 loquitur
2181 3376 2603 3433 Proverbiorum
2640 3375 2813 3441 liber,
2846 3373 3095 3443 fundavit
3146 3389 3250 3437 me,
3290 3384 3417 3438 quo-

1842 3489 1863 3525 ι
1900 3470 2063 3526 modo
2093 3476 2219 3525 ante
2247 3468 2444 3523 szecula
2473 3466 2714 3537 genitum
2746 3466 2915 3521 fuisse
2944 3465 3093 3520 illum
3140 3462 3370 3517 afﬁrmat
3393 3462 3437 3519 ‘i.

1845 3582 1864 3615 ι
1896 3561 2057 3619 Aliud
2082 3569 2164 3616 est
2186 3560 2358 3628 enim,
2394 3569 2521 3614 ante
2541 3557 2796 3614 saeculum
2827 3555 3109 3611 fundatum
3142 3554 3328 3621 fuisse,
3361 3564 3435 3607 et.

1844 3673 1863 3706 ι
1892 3656 2035 3710 aliud
2062 3654 2297 3725 genitum
2326 3653 2491 3723 fuisse
2521 3660 2643 3705 ante
2669 3648 2885 3703 sarcula.
2918 3666 2937 3700 ι
2974 3646 3099 3703 Haac
3140 3647 3227 3701 ubi
3258 3646 3441 3705 dixit._

1838 3758 1893 3803 et
1912 3745 2108 3816 adjecit
2123 3743 2284 3800 simul
2305 3742 2409 3798 alia
2430 3744 2496 3797 ad
2516 3741 2644 3796 illud
2678 3739 3054 3804 refellendum,
3077 3740 3209 3824 Ante
3223 3736 3442 3791 swcula-

1839 3843 2002 3908 fuisse
2036 3848 2339 3910 generatum
2364 3835 2587 3902 Filium,
2634 3833 2910 3906 sulnjungit
2951 3831 3041 3906 [Β.
3072 3827 3360 3901 LXXXIX]
3397 3847 3435 3886 ε,

1845 3953 1863 3986 ι
1890 3930 2146 3987 Obtestor
2160 3931 2311 3986 viros
2341 3938 2580 3995 sanctos,
2610 3927 2661 3980 in
2686 3941 2915 3996 quorum
2951 3939 3144 3979 manus
3167 3922 3272 3977 ista
3296 3936 3436 3976 mea.

1846 4045 1865 4077 ‹
1902 4034 2028 4080 sunt
2051 4031 2400 4095 perventura,
2433 4030 2494 4075 ut
2520 4020 2688 4075 veluti
2716 4019 2807 4089 qui
2837 4016 3045 4074 semina
3074 4023 3129 4070 et
3153 4013 3435 4084 principia.

1846 4137 1864 4169 ‹
1900 4103 2057 4173 ἱειὶὐε
2093 4113 2557 4185 interpretationis
2577 4111 2851 4167 veraciter
2879 4125 2909 4164 a
2940 4125 3028 4164 me
3051 4116 3270 4175 accepta
3295 4120 3433 4174 per--

1845 4228 1864 4261 ι
1901 4209 2165 4277 ceperint,
2194 4207 2378 4278 plures
2407 4204 2584 4260 adhuc
2604 4202 3100 4258 demonstrationes
3126 4201 3422 4267 adiungere

1848 4323 1867 4356 ι
1910 4303 2078 4358 velint
2105 4302 2172 4356 ad
2199 4315 2264 4357 ea
2300 4314 2421 4371 quae.
2445 4298 2591 4354 dicta
2623 4305 2749 4351 sunt
2778 4310 2807 4349 a
2842 4311 2949 4359 me,
2975 4308 3082 4365 quo
3106 4293 3276 4362 magis
3306 4304 3420 4344 ma-

1848 4414 1866 4445 σ
1901 4395 2090 4465 gisque
2119 4391 2292 4446 refelli
2346 4390 2560 4461 possint
2609 4401 2798 4443 eorum
2849 4385 3129 4440 hominum
3163 4384 3365 4436 intenta
3401 4419 3417 4443 ,

154 4492 172 4524 ι
211 4474 326 4529 κὼν
362 4476 457 4531 τοῦ
496 4475 631 4530 Θεοῦ
656 4476 752 4531 τοῦ
785 4479 1037 4550 ἀοράτου.
1068 4480 1287 4544 Είκόνος
1317 4481 1406 4535 διὰ
1434 4481 1591 4535 τοῦτο
1638 4482 1731 4554 μέ-

1848 4505 1866 4537 (
1900 4485 2098 4553 quibus
2130 4482 2287 4537 [idem
2321 4490 2633 4551 pervertere
2660 4479 2900 4534 solemne
2925 4484 3028 4533 est.
3046 4474 3252 4529 Revera
3275 4472 3418 4526 enim

154 4585 172 4617 ι
216 4584 417 4639 μνηται
434 4567 546 4642 (15)
559 4569 695 4624 Θεοῦ
721 4572 815 4625 τοῦ
844 4574 1080 4645 ἀοράτου
1110 4573 1407 4645 Ἀστέριος,
1432 4573 1519 4627 ἴνα
1546 4574 1732 4628 τοσοῦ»

217 4747 263 4780 "
297 4747 463 4805 Joan.
494 4767 608 4819 xtv,
644 4752 699 4805 6.

148 4928 395 5006 intulisse
426 4931 480 5006 in
511 4934 998 4989 commentationes
1029 4948 1179 5000 suas,
1213 4935 1282 4989 de
1305 4933 1584 5006 religione.
1613 4935 1731 4992 Un-

148 4999 212 5053 de
233 5002 433 5070 saepius
460 5003 643 5072 lapsus
677 5015 781 5068 est,
810 5021 910 5059 nec
950 5006 1036 5059 illa
1059 4999 1332 5061 hominem
1363 4999 1465 5061 hac
1493 5006 1546 5060 in
1580 5018 1734 5075 parte

145 5080 410 5144 excusant
419 5113 433 5133 ,
448 5088 568 5144 quae
590 5075 642 5127 in
658 5077 1020 5144 responsione
1038 5076 1300 5131 Eusebius
1326 5076 1633 5132 cavillatur.
1654 5077 1725 5133 M.

145 5140 611 5230 :liedinert:log‘o
638 5140 775 5230 East.
809 5145 936 5230 Mox.
960 5146 1069 5230 Μρζ
1102 5164 1193 5219 γρ.
1230 5147 1579 5230 μεμυημένος
1598 5149 1729 5230 loco

149 5226 315 5334 μερν.
346 5211 529 5296 Porrq
553 5212 838 5296 R.~':06rou
873 5211 1177 5340 μέμ,μὼ
1210 5211 1368 5270 τοῦτο
1401 5211 1568 5288 ’μέγρ
1596 5218 1727 5274 Dein

147 5293 212 5360 xu
237 5283 435 5360 ςο-ἀπὺ
462 5301 571 5360 των
591 5301 670 5360 τῳ
701 5288 766 5360 Π.
803 5289 870 5360 ρη
908 5287 965 5339 ὲν
994 5304 1102 5360 των
1146 5289 1221 5360 ῤ.,
1257 5288 1402 5360 ιιΙιὶἢ
1435 5289 1542 5360 ἀπό
1569 5305 1726 5344 conc.

148 5347 210 5400 Β.
227 5352 387 5430 _Inf_ra
410 5355 569 5430 vulgo
590 5347 782 5430 ὁμοίαν
801 5347 917 5430 loco
941 5360 969 5411 6
1004 5359 1130 5430 μίαν
1146 5347 1218 5414 ’ρι’
1233 5347 1402 5430 αὐτοῦ
1431 5358 1526 5412 τοῦ
1551 5376 1646 5430 πρ.
1673 5370 1727 5416 et

274 5422 395 5499 τῷν
410 5422 1016 5499 αίώνωνέθεμελίωσενξ
1034 5429 1135 5499 ἐμέ
1157 5439 1211 5484 et
1244 5430 1343 5499 τῆς
1365 5429 1439 5483 δέ.

179 5560 191 5572 ο
216 5492 329 5572 ([33)
370 5492 1409 5572 Mammaeagqrépeqc.‘Verum'est
1451 5499 1611 5572 quod
1640 5500 1725 5555 hic

144 5560 217 5615 ait
253 5560 539 5639 Marcellus
565 5560 739 5639 tuideo
772 5560 964 5623 Filium
1000 5560 1176 5624 Patris
1207 5560 1496 5639 imaginem
1526 5570 1724 5637 ubique

144 5634 418 5709 urgebant
446 5636 705 5709 appellari
742 5641 811 5692 ab
834 5641 1186 5707 Apostolo,et
1213 5641 1292 5695 sic
1312 5634 1717 5709 appellandum,

144 5702 298 5781 quod.
333 5704 454 5758 inde
484 5702 715 5781 μείωσιν
743 5709 830 5781 illi
871 5702 1161 5766 credebant
1205 5702 1417 5775 astru'i';
1447 5719 1502 5763 et
1535 5702 1722 5775 οὐσίας

144 5770 456 5842 ἀλλοίωσιν,
483 5770 537 5832 et
562 5778 928 5848 άλλογένειαν,
964 5783 1315 5849 creationem,
1342 5770 1710 5852 posterior-ita;

1844 4592 1862 4624 ι
1903 4572 2070 4626 Deum
2097 4570 2189 4641 qui
2221 4570 2409 4639 genuit
2438 4570 2608 4639 ipsos,
2627 4566 3058 4636 dereliquerunt,
3086 4572 3144 4619 et
3172 4570 3420 4634 pertusas

1845 4944 1951 4991 tem
1984 4953 1997 4989 :
2026 4944 2081 4990 et
2103 4936 2370 4991 Eusebius
2402 4936 2516 4999 ipse
2548 4929 2830 4991 animitus,
2858 4925 3075 4999 etclam
3110 4924 3422 4999 Arianistno

1840 5007 2172 5079 denigratus,
2202 5007 2314 5061 άνω
2343 4998 2437 5059 καὶ
2468 5003 2621 5057 κάτω
2654 4998 3263 5079 στρέφει-ροηοὶνοοθςῐι
3291 5013 3304 5047 :
3334 4998 3419 5079 in:

1840 5066 2000 5131 terim
2035 5066 2198 5130 etiam
2227 5092 2416 5130 verum
2449 5082 2531 5131 est
2562 5071 2703 5141 quod
2726 5066 2839 5124 'hi‘c
2876 5066 3131 5122 Marcello
3174 5066 3421 5135 objectat

1839 5147 2129 5210 Eusebius,
2160 5145 2436 5201 Christum
2483 5142 2779 5197 secundum
2824 5141 3117 5210 humanam
3164 5146 3418 5191 naturam

1838 5216 2033 5280 solum,
2066 5208 2124 5272 et
2146 5228 2418 5284 quatenus
2464 5215 2662 5284 homo,
2709 5219 2766 5284 et
2802 5212 3021 5284 quando
3075 5208 3271 5284 homo,
3310 5222 3417 5261 non

1837 5289 1988 5355 prius
2019 5276 2312 5354 imaginem
2334 5290 2401 5340 ab
2426 5276 2683 5355 illodici:
2708 5281 2791 5355 ita
2810 5276 3055 5355 eludunt,
3074 5276 3417 5355 alacer-ant,

1834 5345 1890 5411 et
1922 5345 2244 5426 detorquent
2264 5355 2503 5411 haeretici
2526 5353 2703 5426 locum
2739 5351 2886 5404 illum
2915 5348 3173 5426 Apostoli,
3200 5345 3412 5426 Colqss.

1834 5443 1874 5486 ι.
1900 5428 2000 5493 15ς
2035 5417 2130 5480 se}!
2154 5437 2210 5480 ut
2235 5442 2362 5481 vere
2390 5423 2741 5493 Athanasius,
2768 5417 3171 5493 etporthodoxe,
3222 5417 3416 5493 ’ᾼῒδιός

1831 5487 1998 5551 ἐστιν⁷
2018 5498 2047 5548 6
2080 5497 2292 5568 Πατὴρ,
2315 5496 2615 5568 ἀθάνατος,
2660 5492 2919 5568 δυνατὸςη
2942 5489 3079 5558 φῶς,
3096 5560 3107 5568 _
3129 5487 3415 5568 βασιλευς,

1831 5559 2251 5639 παντοκράτωρ,
2279 5559 2447 5630 Θεὸς,
2493 5561 2972 5639 κῦρῇιοςηκτιστὴς
2991 5559 3137 5639 ’καί
3164 5559 3411 5639 ποιητῄς.

1829 5640 2016 5693 Ταῦτα
2042 5629 2288 5692 εἶναι’δεῖ
2319 5640 2376 5689 ἐν
2396 5629 2460 5707 τῇ
2496 5629 2685 5707 εἰκόνι,
2725 5629 3075 5707 ἵναῗὰλήθῶς-
3094 5631 3123 5682 6
3152 5630 3242 5707 τόν
3281 5629 3414 5707 Υίὸν

1832 5709 1975 5783 ίᾼδὼν,
2011 5709 2217 5783 ἴδῃνκαὶ
2242 5709 2332 5783 τὸν
2350 5700 2586 5779 Πατέρα.
2620 5704 2685 5759 Μ.
2720 5736 2786 5745 ——
2826 5700 2966 5760 lttlra
2993 5702 3148 5772 vulgo
3178 5700 3411 5772 ἀοράτου

1828 5781 1979 5845 ὄντος
2006 5779 2208 5837 omisso
2236 5779 2349 5834 rei.
