3836 6216
472 293 578 350 763

1141 293 1405 352 EUSEBII
1443 296 1917 354 CESARIENSIS
1953 297 2102 355 OPP.
2143 297 2319 353 PARS
2356 297 2444 355 IV.
2484 331 2552 341 —
2590 295 3008 355 DOGMATICA.

3618 293 3725 352 τοι

478 429 498 465 ι
535 413 636 469 sibi
673 422 863 482 puteos
889 412 1212 470 effoderunt.
1259 434 1277 467 ι
1326 423 1385 480 ›Ῑ‹
1421 417 1502 471 Ad
1557 418 1718 472 istum
1772 433 1898 473 vero
1929 433 2016 472 mo

2148 435 2166 468 ι
2200 435 2292 471 τον
2333 417 2425 471 τὸν
2475 417 2607 471 Θεὸν
2656 416 2748 470 τοῦ
2795 417 2968 485 Λόγου
3011 414 3290 486 διαφέρειν
3333 412 3541 484 διδάξῃ,
3595 412 3723 468 ὅσον

471 503 599 558 dum
630 504 1008 571 calumniatus,
1030 515 1259 561 conatur
1283 509 1568 564 ostendere
1591 511 1642 563 in
1669 509 2035 580 sequentibus,

473 611 541 650 ne
566 597 781 665 quidem
823 617 841 650 ι
877 599 1165 666 imaginem
1219 601 1300 654 sui
1347 600 1525 656 Patris
1574 616 1696 656 esse
1753 601 1969 656 Filium.
2013 623 2030 654 ι

469 687 558 742 Λίι
586 699 766 743 autem
798 688 887 762 [Β.
920 689 1135 764 LXXX]
1168 712 1181 747 :
1222 711 1240 744 ι
1272 692 1622 764 Consequens
1653 709 1774 750 esse
1803 695 2038 749 arbitror

473 797 492 828 ι
523 781 712 847 paucis
745 783 811 836 de
865 783 1099 854 imagine
1162 785 1514 854 disceptare:
1564 787 1785 855 scripsit
1845 787 2030 841 enim:

473 889 492 922 ι
523 872 677 927 Alius
709 875 926 942 quidem
963 886 1049 931 est
1070 876 1138 931 ab
1167 877 1282 947 ipso
1324 878 1558 948 genitus,
1589 879 1683 947 qui
1735 889 1820 933 est
1850 879 2035 950 imago

471 981 491 1014 ι
524 964 615 1018 Dei
647 966 954 1022 invisibilis.
997 967 1243 1024 Meminit
1286 979 1465 1024 autem
1495 969 1747 1040 imaginis
1773 970 1867 1024 Dei
1900 970 2036 1024 invi-

470 1072 490 1105 ι
532 1054 704 1111 sibilis
757 1057 1022 1126 Asterius,
1075 1071 1136 1115 ut
1191 1061 1519 1117 conﬁrmare
1545 1062 1737 1131 possit,
1779 1061 1945 1117 Deum
2002 1077 2033 1117 a

471 1165 490 1198 ι
529 1145 705 1204 Verbo
753 1166 852 1205 suo
881 1151 932 1205 in
971 1161 1178 1206 tantum
1211 1152 1450 1219 dill'erre,
1487 1154 1539 1208 in
1576 1163 1836 1224 quantum
1871 1155 2035 1210 distet

470 1257 489 1288 ε
527 1239 596 1292 ab
622 1240 855 1311 imagine
881 1257 976 1296 sua
1008 1244 1233 1312 quilibet
1260 1246 1440 1300 homo.
1476 1264 1495 1298 ι
1535 1245 1714 1312 Hisce,
1745 1258 2032 1316 postquam

467 1331 722 1385 nonnulla
752 1333 1183 1403 interposuisset,
1217 1337 1398 1391 addit:
1435 1357 1455 1389 ι
1495 1336 1726 1394 Omnino
1749 1339 1916 1408 igitur
1936 1354 2034 1408 pa-

469 1443 487 1473 ε
530 1433 624 1487 tet,
653 1423 914 1493 Verbum,
937 1442 1058 1481 cum
1083 1428 1261 1484 adhuc
1285 1444 1505 1486 carnem
1529 1430 1630 1486 sibi
1659 1440 1900 1486 nostram
1925 1447 2029 1486 non

469 1534 485 1563 ι
517 1515 872 1584 adunaverat,
901 1519 1046 1574 nullo
1077 1521 1258 1584 modo,
1292 1535 1389 1590 per
1413 1537 1493 1588 se,
1546 1523 1833 1593 imaginem
1860 1524 2030 1578 exsti-

467 1625 485 1654 ε
527 1605 658 1661 tisse
713 1608 1004 1664 invisibilis
1035 1608 1150 1664 Dei.
1210 1609 1316 1665 Par
1341 1622 1426 1665 est
1451 1611 1676 1679 etenim,
1725 1612 1903 1684 imago
1952 1613 2027 1667 uti

2146 525 2164 558 ι
2203 508 2488 578 ἄνθρωπος
2533 507 2633 576 τῆς
2672 506 2868 560 ἑαυτοῦ
2918 506 3124 569 εἰκόνος
3161 505 3438 576 διαφέρειν
3474 505 3647 558 δοκεῖ.
3692 524 3713 556 ε

2139 600 2248 652 Kal.
2279 597 2479 668 μεταξύ
2504 615 2626 652 τινα
2647 597 2838 664 εἰπὼν,
2862 598 3136 668 ὲπιφέρεγ
3173 617 3192 649 ι
3219 596 3431 651 Οὐκοῦν
3453 597 3720 669 πρόδηλον

2143 709 2161 738 σ
2198 692 2278 744 ὅτι
2309 691 2416 762 πρὸ
2452 691 2553 762 τῆς
2583 691 2676 744 τοῦ
2705 690 2975 762 ἡμετέρου
3021 688 3273 759 σώματος
3307 688 3651 758 ἀναλήψεως,
3687 689 3720 741 δ

2141 803 2160 835 ι
2200 784 2389 852 Λόγος,
2411 783 2533 837 καθ’
2550 783 2761 848 ἑαυτὸν,
2787 783 2887 836 οὐκ
2905 778 2974 854 ἦν
2997 781 3159 834 εἰκὼν
3185 779 3281 833 τοῦ
3299 781 3532 850 ἀοράτου
3551 778 3714 832 Θεοῦ⁸

2140 894 2159 926 ι
2191 876 2288 947 τὴν
2340 875 2449 945 γὰρ
2493 875 2678 930 εἰκόνα
2722 875 2954 947 ὁρᾶσθαι
3003 875 3292 946 προσήκει,
3343 873 3429 924 ἵνα
3476 872 3564 926 διὰ
3616 872 3715 942 τῆς

2140 985 2158 1018 ι
2195 968 2402 1031 εἰκόνος
2448 968 2508 1020 τὸ
2549 968 2684 1032 τέως
2725 967 2799 1038 μὴ
2827 965 3102 1037 ὁρώμενον
3141 963 3370 1037 ὁρᾶσθαι
3401 963 3649 1035 δύνηται.
3691 982 3712 1013 ι

2133 1059 2244 1113 Καὶ
2275 1059 2538 1126 ἐπιλέγειο
2587 1076 2606 1109 ι
2639 1057 2764 1121 Πῶς
2801 1052 2894 1111 οὖν
2928 1057 3115 1109 εἰκόνα
3159 1053 3256 1109 τοῦ
3300 1052 3535 1124 ἀοράτου
3574 1049 3714 1104 Θεοῦ

2139 1170 2157 1203 ι
2196 1151 2286 1205 τὸν
2316 1150 2408 1204 τοῦ
2436 1150 2573 1204 Θεοῦ
2606 1151 2779 1219 Λόγον
2823 1148 3101 1220 Ἀστέριος
3128 1142 3268 1202 εἶναι
3294 1146 3610 1216 γέγραφεν;
3645 1144 3714 1196 Αἱ

2138 1261 2157 1294 ι
2193 1242 2302 1314 γάρ
2329 1243 2535 1306 εἰκόνες
2567 1241 2770 1295 τούτων
2793 1234 2870 1295 ὧν
2898 1241 3038 1295 εἰσιν
3071 1239 3297 1302 εἰκόνες,
3334 1239 3428 1291 καὶ
3459 1236 3714 1290 ἀπόντων

2138 1357 2156 1388 ι
2195 1335 2457 1389 δεικτικαί
2499 1337 2668 1388 εἰσιν·
2713 1333 2854 1386 ὥστε
2903 1333 2998 1384 καὶ
3045 1331 3136 1384 τὸν
3179 1330 3385 1385 ἀπόντα
3422 1329 3490 1381 δι’
3529 1327 3714 1380 αὐτῶν

2137 1448 2157 1482 ι
2194 1427 2477 1499 φαίνεσθαι
2497 1427 2694 1481 δοκεῖν.
2722 1426 2785 1478 Εἰ
2805 1424 2862 1478 δὲ
2887 1423 2978 1477 τοῦ
3002 1421 3138 1477 Θεοῦ
3163 1422 3256 1476 τοῦ
3280 1422 3512 1492 ἀοράτου
3535 1421 3712 1484 ὸντος,

2136 1541 2154 1573 ι
2188 1522 2416 1593 ἀόρατον
2449 1515 2586 1572 εἶναι
2617 1517 2828 1571 καὶτὸν
2858 1515 3030 1584 Λόγον
3062 1514 3368 1586 συμϐαίνει,
3397 1513 3517 1577 πῶς
3544 1511 3716 1566 εἰκὼν

2133 1628 2154 1662 ι
2191 1609 2286 1664 τοῦ
2323 1608 2554 1679 ἀοράτου
2582 1606 2717 1660 Θεοῦ
2744 1608 2773 1659 6
2801 1605 2972 1674 Λόγος
3001 1605 3122 1659 καθ’
3161 1604 3350 1658 ἑαυτὸν
3378 1597 3518 1656 εἶναι
3543 1601 3717 1655 δύνα-

468 1714 487 1746 ι
527 1696 698 1751 oculis
718 1708 1066 1767 cernatur,ut
1091 1714 1188 1769 per
1213 1702 1524 1773 imaginem,
1550 1703 1600 1757 id
1626 1704 1767 1771 quod
1790 1712 1902 1758 tum
1923 1719 2017 1758 non

2136 1721 2154 1754 ι
2188 1720 2299 1766 ται,
2342 1703 2444 1755 καὶε
2474 1699 2637 1763 αὐτὸς
2678 1696 2909 1770 ἀόρατος
2947 1696 3051 1763 div;
3100 1715 3119 1748 ι
3163 1697 3272 1751 Καὶ
3313 1695 3519 1767 προῖὼν
3549 1691 3713 1758 αὖθις

467 1804 486 1836 ι
524 1797 816 1856 usurpatur
835 1791 1027 1857 oculis,
1081 1793 1249 1846 videri
1285 1761 1460 1848 tavmen
1503 1761 1698 1862 possit.
1726 1813 1746 1847 ι
1772 1795 2017 1866 Adjungit

2129 1761 2374 1868 λοιδορεῖ,
2409 1795 2584 1864 λέγων
2617 1761 2786 1848 οὕτω·
2836 1811 2855 1844 ι
2894 1761 3152 1854 (Πῶς-οῦν
3195 1792 3246 1843 οἱ
3294 1761 3524 1861 πλήρεις
3549 1789 3712 1842 δόλου

458 1890 638 1933 autem
668 1878 757 1951 [Β.
788 1881 1046 1946 LXXXII,
1074 1884 1144 1938 cf.
1178 1899 1229 1952 p.
1259 1885 1329 1938 55
1361 1886 1420 1950 1),
1447 1885 1514 1938 47
1545 1885 1614 1957 Α]
1648 1905 1660 1940 :
1697 1904 1716 1938 ι
1752 1887 2028 1952 Quomodo

464 1987 482 2018 ι
522 1961 685 2036 igitur
709 1973 956 2027 Asterius
993 1976 1271 2029 scribebat
1315 1975 1547 2031 Verbum
1601 1977 1694 2031 Dei
1745 1991 1867 2032 esse
1895 1977 2028 2032 ima-

463 2075 482 2108 ι
519 2059 698 2128 ginem
732 2063 1020 2119 invisibilis
1069 2063 1212 2120 Dei?
1267 2066 1468 2121 Eorum
1495 2068 1664 2132 enim,
1705 2077 1761 2121 et
1809 2068 2026 2137 quidem

462 2168 480 2200 ι
520 2153 760 2206 omnium
785 2157 1102 2219 universim,
1125 2157 1386 2226 imagines
1406 2161 1693 2214 ostensivae
1721 2170 1865 2226 sunt,
1896 2176 2029 2230 quo-

462 2260 480 2291 ι
521 2257 639 2296 rum
667 2257 788 2299 esse
819 2246 1082 2317 imagines
1114 2248 1486 2318 intelliguntur
1513 2271 1525 2306 :
1583 2250 1717 2306 adeo
1748 2261 1808 2305 ut
1841 2266 1937 2321 per
1963 2251 2026 2305 il-

421 2381 424 2385 .
459 2351 498 2390 ι,
517 2331 617 2395 las,
655 2334 702 2388 is
731 2337 822 2404 qui
849 2347 931 2390 est
960 2339 1177 2406 absens,
1200 2343 1469 2396 videatur.
1495 2342 1649 2409 Quod
1671 2343 1714 2396 si
1744 2357 1875 2398 vero
1905 2342 2021 2409 Dei,

460 2441 480 2474 ε
516 2423 606 2492 qui
643 2424 802 2488 plane
837 2427 1123 2484 invisibilis
1151 2440 1255 2495 est,
1286 2429 1523 2486 Verbum
1549 2447 1766 2502 quoque
1789 2447 1909 2487 esse
1937 2433 2024 2486 in-

457 2531 477 2564 c
517 2513 728 2569 visibile
766 2517 1050 2587 contingit,
1081 2535 1190 2589 quo
1235 2533 1394 2591 pacto
1423 2529 1601 2590 potest
1630 2537 1750 2578 esse
1787 2523 2023 2579 Verbum

457 2623 476 2656 ι
523 2620 618 2673 per
646 2620 706 2660 se
757 2608 936 2677 imago
968 2611 1064 2664 Dei
1091 2611 1398 2681 invisibilis,
1422 2630 1546 2668 cum
1569 2624 1626 2670 et
1647 2616 1820 2686 ipsum
1839 2617 1910 2671 sit
1937 2617 2022 2671 in-

456 2712 478 2744 ι
514 2695 771 2750 visibile?
809 2716 828 2748 ›
867 2697 1052 2766 Pergit
1114 2701 1166 2755 in
1220 2703 1573 2772 sequentibus
1626 2704 1804 2760 denuo
1833 2706 2023 2759 convi-

449 2785 583 2852 ciari
622 2786 718 2858 [[ἰ.
761 2787 994 2864 XXIV]:
1030 2810 1050 2844 ι
1088 2792 1240 2849 Unde
1273 2794 1438 2865 igitur
1467 2795 1589 2851 dolo
1625 2795 1809 2866 repleti
1845 2807 1901 2852 et
1927 2812 2020 2850 va-

454 2897 474 2929 ι
513 2877 681 2944 l'ritie,
718 2891 778 2935 ut
802 2897 924 2936 cum
959 2885 1220 2954 Apostolo
1241 2886 1286 2918 “
1317 2887 1530 2956 loquar,
1558 2887 1766 2942 dictum
1789 2887 2022 2942 transfe-

452 2985 472 3019 ι
514 2980 642 3023 runt
667 2972 733 3024 ad
760 2972 930 3042 ipsius
954 2974 1141 3039 Verbi,
1165 2985 1225 3030 ut
1249 2986 1461 3043 rentur,
1492 2977 1722 3046 primam
1752 2978 2020 3033 conditio—

453 3078 473 3112 ι
512 3076 658 3127 nem,
685 3078 807 3118 cum
844 3065 911 3120 de
936 3069 1288 3136 generatione
1318 3068 1430 3134 illa,
1465 3083 1586 3138 qua:
1606 3079 1689 3124 est
1721 3069 2016 3125 secundum

454 3169 472 3202 ι
505 3168 748 3218 carnem,
775 3155 961 3224 David,
987 3159 1064 3212 uti
1087 3167 1320 3224 constat,
1345 3160 1474 3214 illud
1499 3161 1775 3230 usurparit
1799 3163 1822 3214 τ
1845 3161 2018 3217 ιιοη-

447 3260 570 3314 gum
597 3247 850 3318 deinceps
870 3251 1202 3306 intertexens
1225 3268 1530 3308 sermonem
1555 3258 1630 3308 ait
1648 3254 1738 3327 [Β.
1765 3253 2013 3329 LXXV]:

457 3354 478 3388 ι
516 3336 655 3404 Quid
690 3340 758 3394 ad
785 3341 886 3396 ista
918 3343 1081 3412 igitur
1119 3345 1366 3402 dicturus
1393 3347 1522 3401 est?
1566 3346 1725 3402 Certe
1758 3346 2011 3416 arbitror,

453 3447 473 3480 ι
508 3431 642 3485 nihil
672 3432 872 3490 habere
895 3434 1045 3490 illum
1079 3437 1223 3506 quod
1252 3440 1596 3508 respondeat.
1644 3437 1828 3508 Neque
1850 3419 2014 3495 credo

451 3538 473 3572 ι
508 3521 561 3574 in
593 3532 779 3593 aperta
808 3526 1153 3584 confessione
1181 3543 1364 3583 coram
1384 3529 1507 3584 aliis
1531 3530 1683 3584 illum
1710 3531 2013 3600 positurum

449 3634 472 3670 ι
498 3633 619 3688 quae
641 3623 802 3676 tacita
832 3623 973 3692 apud
1004 3639 1064 3680 se
1092 3624 1232 3679 celat
1261 3624 1595 3694 cogitatione
1628 3643 1640 3678 :
1679 3624 1734 3680 id
1765 3627 1908 3692 quod
1933 3628 2014 3678 vi-

449 3726 471 3762 ε
514 3711 643 3768 dere
670 3716 844 3770 cuivis
869 3716 994 3771 licet
1030 3733 1098 3771 ex
1125 3718 1194 3772 iis
1218 3733 1339 3786 qua:
1369 3715 1604 3787 Scripsit.
1652 3717 1878 3786 Scripsit
1912 3732 2012 3770 au-

449 3820 470 3856 t
504 3812 655 3862 tem:
711 3807 860 3863 Alius
904 3817 989 3864 est
1022 3809 1179 3864 Pater
1223 3811 1314 3880 qui
1353 3811 1519 3882 gignit
1569 3826 1636 3866 ex
1661 3826 1721 3866 se
1776 3809 2010 3866 Verbum

446 3912 468 3946 ι
502 3897 861 3968 unigenitum,
895 3911 949 3956 et
1002 3903 1181 3956 omnis
1237 3913 1502 3957 creatura:
1553 3903 1968 3972 primogenitum
1993 3941 2009 3967 ,

447 4006 468 4039 ο
511 3989 664 4044 solus
719 3992 915 4058 solum,
951 3995 1227 4063 perfectus
1266 3995 1601 4066 perfectum,
1651 4009 1746 4050 rex
1795 4008 2010 4063 regem,

447 4095 468 4130 ι
512 4080 774 4137 Dominus
828 4083 1138 4150 Dominum,
1189 4088 1330 4141 Deus
1387 4087 1552 4140 Deum
1593 4103 1607 4140 :
1669 4075 2024 4150 substantiae;

445 4186 467 4222 ι
508 4171 744 4237 consilii,
768 4174 975 4242 gloriae,
1002 4179 1259 4246 potentia:
1288 4177 1578 4247 imaginem
1613 4175 2006 4232 invariabilem.

449 4278 470 4314 ι
498 4260 628 4330 Qua:
657 4263 872 4331 quidem
919 4267 991 4321 ita
1038 4269 1107 4321 ab
1142 4268 1234 4322 illo
1273 4268 1472 4339 posita,
1525 4267 1814 4322 manifeste
1849 4279 2010 4320 coar-

515 4473 574 4532 μχ4
609 4465 707 4523 Ed.
738 4466 936 4532 Paris.,
973 4483 1097 4538 pag.
1135 4469 1225 4525 Ἠ.
1517 4469 1562 4502 ⁸⁸
1595 4470 1755 4525 llom.
1793 4485 1834 4535 ι,
1863 4467 1958 4525 29.

2135 1909 2156 1942 ι
2186 1891 2277 1944 καὶ
2310 1889 2677 1961 ῥᾳδιουργίας,
2705 1885 3077 1949 ἀποστολικῶς
3105 1885 3217 1956 (14)
3236 1887 3430 1946 εἰπεῖν,
3469 1883 3712 1953 μεταφέ-

2135 2003 2154 2036 ι
2193 2001 2345 2056 ρουσι
2377 1982 2436 2036 τὸ
2468 1981 2633 2054 ῥητὸν
2660 1984 2740 2045 εἰς
2763 1981 2864 2052 τὴν
2889 1982 3115 2052 πρώτην
3139 1977 3325 2040 αὐτοῦ,
3373 1977 3448 2040 ὡς
3475 1977 3707 2042 οἴονται,

2131 2094 2153 2130 t
2189 2077 2367 2130 κτίσιν
2419 2074 2555 2146 (15),
2586 2074 2680 2129 καὶ
2722 2073 2896 2127 ταῦτα
2942 2072 3036 2126 τοῦ
3074 2069 3237 2124 Δαυῒδ
3289 2070 3401 2141 (16)
3427 2070 3559 2141 περὶ
3607 2069 3710 2140 τῆς

2130 2189 2151 2222 ι
2187 2170 2328 2224 κατά
2355 2169 2532 2239 σάρκα
2563 2159 2728 2222 αὐτοῦ
2765 2167 3073 2237 γεννήσεως
3103 2163 3290 2233 σαφῶς
3316 2163 3604 2233 εἰρηκότος
3629 2179 3645 2227 ;
3681 2181 3701 2212 ι

2124 2258 2236 2310 Καὶ
2277 2255 2479 2328 μεταξὺ
2523 2255 2729 2308 τούτων
2766 2253 2976 2325 μακρὸν
3024 2253 3348 2316 κατατείνας
3378 2252 3536 2320 λόγον
3579 2254 3706 2306 ἑπι-

2125 2347 2313 2418 φέρει·
2361 2365 2380 2397 ι
2411 2345 2476 2400 Τί
2501 2341 2594 2399 οὖν
2622 2345 2757 2417 πρὸς
2787 2344 2960 2398 ταῦτα
2987 2344 3159 2410 λέξεις
3189 2346 3250 2398 οὑ
3285 2345 3394 2416 γάρ
3423 2339 3578 2414 οἶμαι
3609 2345 3708 2397 αὗ-

2130 2451 2151 2486 (
2186 2435 2278 2490 τὸν
2314 2435 2456 2506 ἔχειν
2481 2451 2534 2488 τι
2564 2435 2692 2506 περὶ
2720 2434 2912 2487 τούτου
2941 2435 3140 2503 λέγειν.
3166 2434 3333 2488 Οὐδὲν
3370 2435 3483 2506 γὰρ
3514 2435 3709 2504 σαφῶς

2129 2545 2150 2580 ι
2182 2527 2346 2581 αὑτὸν
2373 2527 2467 2580 καὶ
2493 2526 2978 2598 ἀπαρακαλύπτως
3007 2524 3141 2596 ἡγοῦ
3151 2542 3268 2596 μαι,
3300 2526 3394 2579 καὶ
3419 2525 3558 2596 πρὸς
3589 2525 3708 2579 ἐτέ-

2129 2638 2148 2670 t
2193 2636 2318 2690 ρους
2348 2619 2678 2690 ὁμολογῆσαι
2705 2618 2772 2673 ἂν
2803 2619 2941 2689 ὅπερ
2982 2618 3144 2681 αὐτὸς
3169 2621 3227 2671 ὲν
3243 2620 3313 2689 τῇ
3344 2618 3540 2675 ἑαυτοῦ
3567 2616 3710 2690 κρύ-

2129 2729 2148 2762 ι
2184 2728 2308 2765 πτει
2331 2711 2559 2783 διανοίᾳ·
2586 2712 2665 2775 ὡς
2692 2711 2808 2765 ἐστι
2839 2710 3026 2780 σαφῶς
3054 2711 3145 2780 ἀφ’
3171 2703 3247 2764 ὧν
3273 2711 3544 2782 γέγραφε,
3578 2728 3710 2781 μαν-

2129 2821 2148 2854 ι
2183 2801 2384 2857 θάνειν.
2424 2803 2615 2867 ’Λλλος
2658 2803 2754 2874 μὲν
2794 2803 2924 2873 γὰρ,
2978 2805 3163 2874 φησὶν,
3196 2802 3344 2856 ἐστιν
3381 2804 3412 2855 ό
3441 2803 3640 2874 Πατὴρ
3681 2804 3711 2856 6

2130 2914 2148 2947 ι
2183 2897 2446 2965 γεννήσας
2473 2895 2532 2960 ἐξ
2558 2895 2723 2949 αὐτοῦ
2757 2896 2848 2949 τὸν
2882 2896 3146 2966 μονογενῆ
3169 2895 3343 2964 Λόγον
3367 2895 3464 2948 καὶ
3490 2895 3710 2966 πρωτό-

2129 3003 2148 3037 ι
2185 3002 2340 3038 τοκον
2381 2985 2599 3057 ἀπάσης
2641 2985 2892 3050 κτίσεως,
2943 2985 3102 3056 μόνος
3145 2985 3326 3055 μόνον,
3367 2984 3575 3048 τέλειος
3617 2985 3708 3038 τό·

2131 3097 2150 3130 ι
2189 3075 2350 3142 λειον,
2379 3075 2628 3146 βασιλεὺς
2652 3075 2898 3146 βασιλέα,
2922 3076 3124 3148 Κύριος
3140 3075 3367 3146 Κύριον,
3391 3075 3524 3140 Θεὸς
3545 3075 3707 3136 Θεὸν,

2128 3188 2150 3223 ε
2185 3169 2372 3234 οὐσίας
2388 3187 2447 3222 τε
2457 3170 2550 3224 καὶ
2574 3169 2787 3241 βουλῆς,
2804 3169 2898 3224 καὶ
2918 3169 3096 3240 δόξης,
3112 3169 3206 3223 καὶ
3228 3168 3514 3239 δυνάμεως
3530 3169 3709 3238 ἀπαρ-

2128 3278 2148 3313 ι
2185 3261 2447 3316 ἀλλακτον
2473 3261 2677 3316 εἰκόνα.
2697 3261 2885 3317 Ταῦτα
2899 3261 2968 3315 τὰ
2992 3261 3133 3331 ρητά
3163 3263 3352 3331 σαφῶς
3371 3261 3473 3331 τὴν
3488 3260 3707 3331 φαύλην

2127 3371 2147 3406 ι
2181 3351 2347 3406 αὐτοῦ
2365 3353 2492 3424 περὶ
2518 3351 2771 3423 Θεότητος
2797 3351 3015 3422 ἐλέγχει
3043 3351 3222 3418 δόξαν.
3247 3350 3372 3414 Πῶς
3407 3351 3520 3423 γὰρ
3541 3351 3575 3402 6
3595 3350 3708 3404 Κύ-

2125 3458 2145 3492 ι
2186 3458 2298 3512 ριος
2317 3439 2598 3512 γεννηθεὶς
2633 3442 2728 3495 καὶ
2765 3440 2919 3504 Θεὸς,
2949 3440 3026 3504 ὡς
3057 3440 3221 3504 αὐτὸς
3253 3439 3541 3511 προλαϐὼν
3571 3440 3705 3510 ἔφη,

2125 3549 2144 3582 ι
2181 3529 2404 3585 δύναται
2429 3529 2594 3584 εἰκὼν
2615 3530 2750 3584 Θεοῦ
2771 3529 2943 3597 εἷναις
2979 3531 3204 3602 Ἕτερον
3224 3529 3334 3601 γὰρ
3353 3531 3519 3584 εἰκὼν
3540 3530 3706 3595 Θεοῦ,

2125 3638 2144 3672 ι
2179 3621 2275 3675 καὶ
2303 3621 2490 3692 ἕτερον
2512 3624 2541 3675 6
2561 3622 2716 3686 Θεός.
2748 3623 2910 3676 Ὥστε
2936 3623 2986 3675 εί
3015 3622 3113 3692 μὲν
3150 3619 3336 3686 εἰκὼν,
3375 3622 3436 3675 οὺ
3470 3620 3707 3693 Κύριος,

2122 3731 2141 3764 ι
2175 3713 2296 3767 οὐδὲ
2322 3713 2475 3777 Θεὸς,
2496 3713 2610 3768 ἀλλ’
2637 3712 2802 3767 εἰκὼν
2831 3713 3038 3784 Κυρίου
3070 3715 3167 3768 καὶ
3189 3713 3348 3766 Θεοῦο
3393 3715 3443 3766 εἰ
3489 3713 3546 3767 δὲ
3595 3713 3707 3768 Κύ-

2124 3823 2143 3856 ι
2186 3822 2302 3879 ριος
2325 3805 2495 3869 ὅντως
2541 3806 2638 3859 καὶ
2679 3804 2840 3871 Θεὸς,
2867 3804 3051 3858 οὐκέτι
3074 3803 3125 3875 [6
3145 3803 3350 3875 Κύριος
3375 3804 3472 3858 καὶ
3493 3805 3522 3856 6
3543 3803 3706 3874 Θεὸς]

2124 3916 2144 3950 ι
2174 3897 2335 3951 εἰκὼν
2354 3899 2557 3969 Κυρίου
2573 3899 2668 3952 καὶ
2678 3897 2812 3951 Θεοῦ
2825 3893 3213 3952 εῐναιδύναται.
3228 3916 3246 3948 ι
3258 3897 3368 3951 Kal.
3381 3896 3557 3950 ταῦτα
3576 3897 3706 3966 σφό-

2115 3990 2218 4062 δρα
2232 3989 2514 4044 ἀϐλεπτῶν
2530 3991 2641 4060 (1'7)
2658 3991 3002 4061 εἴρηκεν,οὑκ
3017 3989 3294 4060 ἐννοήσας,
3311 3988 3389 4050 ὼς
3405 3989 3504 4041 καὶ
3525 3989 3557 4040 6
3575 3988 3702 4052 Υἱὸς

2114 4082 2337 4137 δύναται
2370 4081 2612 4153 ἔμψυχός
2652 4100 2782 4136 ποτε
2831 4080 2993 4136 εἰκὼν
3029 4079 3123 4134 τοῦ
3172 4080 3303 4133 ἰδίου
3344 4080 3562 4150 Πατρὸς
3616 4079 3703 4131 λε-

2117 4174 2330 4246 χθῆναι,
2361 4174 2580 4229 ἐπειδὰν
2669 4174 2748 4246 τῷ
2785 4175 2962 4245 Πατρί
2993 4174 3328 4246 ὁμοιότατος.
3365 4171 3540 4226 Τοῦτο
3571 4170 3702 4240 γοῦν

2117 4266 2212 4320 καὶ
2246 4268 2279 4337 ἡ
2308 4265 2498 4338 Γραψὴ
2535 4265 2778 4321 διδάσκει
2812 4268 2846 4337 ὴ
2875 4265 3109 4335 λέγουσα
3129 4282 3142 4296 ·
3178 4262 3391 4332 Ἕζησε
3417 4262 3487 4317 δὲ
3528 4262 3701 4332 Ἀδὰμ

507 4674 623 4744 (ll)
677 4675 1108 4743 Ἀποστολικῶς
1148 4677 1358 4732 εἰπεῖν.
1409 4679 1484 4734 Ita
1525 4679 1666 4733 enim
1721 4677 2014 4745 alloquitur

2127 4684 2288 4745 pturte
2321 4655 2714 4745 nonoanposuit
2748 4669 3135 4745 testimonium,
3170 4682 3268 4745 nec
3300 4665 3429 4745 ejus
3455 4664 3694 4745 applica-

440 4743 653 4814 tnagttm
684 4747 928 4816 Elyiuaut
964 4751 1149 4804 beatus
1179 4751 1397 4817 Paulus,
1426 4751 1544 4804 Act.
1577 4765 1692 4814 xm,
1725 4743 1918 4816 10,11.
1940 4743 2011 4801 Μ.

509 4880 621 4950 (15)
662 4880 907 4949 Πρώτην
923 4882 1110 4936 αὐτοῦ
1138 4884 1358 4935 κτίσιν.
1394 4882 1842 4945 Deitatem;dicta
1872 4883 2016 4950 πρώ-

509 4901 621 4950 (ιοι
662 4901 907 4949 ιιρωτην
923 4901 1110 4936 αυτου
1138 4901 1358 4935 κτισιν.
1395 4901 1842 4945 uenarem;meta
1872 4901 1912 4935 π
1949 4903 2006 4937 ω-

434 4968 501 5024 τη
535 4953 711 5014 κτίσις
750 4964 1012 5024 respectu
1067 4955 1480 5006 incarnationis.
1521 4952 1650 5004 Nam
1691 4953 1876 5024 Ariani
1916 4901 2006 5008 βί-

436 5021 566 5075 lium
617 5021 981 5092 prtedicztbant
1012 5034 1340 5086 creaturam,
1377 5024 1670 5076 secundum
1714 5023 2004 5089 deitatem;

435 5092 501 5178 ad
536 5093 783 5216 euugllem
814 5095 1030 5147 modum
1059 5093 1194 5148 dixit
1221 5091 1578 5163 ἀναγὲννησιν
1599 5134 1614 5160 ,
1639 5107 1881 5164 respectu
1909 5095 2007 5164 τῆς

435 5179 602 5216 κατω.
699 5205 713 5216 .

435 5179 602 5216 κατω.
641 5179 713 5218 Μ.

505 5302 616 5371 (16)
657 5301 765 5356 Kal
811 5301 989 5354 τοῦτο
1033 5301 1138 5356 τοῦ
1196 5302 1396 5356 Δαυΐδ.
1435 5303 1624 5370 Τοῦτο,
1681 5303 2010 5370 Quodnam?

435 5371 718 5426 Ubinam?
770 5371 911 5426 Nihil
948 5375 1090 5443 enim
1141 5372 1225 5426 ltic
1257 5375 1479 5427 citatum
1524 5374 1749 5443 legimus
1780 5391 1809 5427 e
1848 5374 1999 5426 Psal-

435 5445 556 5496 mis.
591 5443 720 5494 Illud
754 5445 921 5503 enim.
961 5442 1144 5511 Imago
1192 5444 1490 5508 iurisibil‘s,
1520 5442 1594 5495 ab
1617 5445 1870 5512 Apostolo
1895 5457 1999 5506 est,

435 5513 572 5578 apud
604 5529 723 5566 cum
745 5513 1221 5580 lcgiturColoss.t,
1246 5514 1328 5567 15.
1353 5515 1525 5567 Credo
1556 5516 1684 5567 illud
1715 5516 1998 5576 insinuari.

433 5599 464 5632 ιι
495 5581 628 5650 psal.
659 5599 768 5646 Ctx,
792 5583 866 5638 De
888 5595 1033 5637 utero
1056 5593 1175 5638 ante
1194 5584 1490 5651 Luciferum
1515 5585 1665 5651 genui
1696 5596 1760 5638 te.
1781 5585 1884 5638 Scd
1919 5585 1998 5637 vel

434 5651 554 5704 liltt'i
581 5655 816 5722 corrupti
849 5664 994 5717 sunt,
1023 5654 1098 5707 vel
1122 5657 1407 5708 admodum
1431 5657 1778 5719 negligenter.
1812 5671 1998 5705 sooure

433 5735 489 5775 et
535 5724 810 5789 dissolute,
848 5737 1090 5779 versutos
1137 5728 1222 5780 IIIC
1260 5739 1338 5780 est
1374 5730 1632 5780 [Luscinus
1665 5743 1674 5776 :
1710 5727 1801 5794 qui
1853 5727 1994 5779 Scri-

2123 4734 2346 4803 iionem.
2399 4745 2466 4797 ad
2514 4734 2655 4812 quod
2700 4740 2897 4812 referri
2943 4739 3135 4812 debeat
3182 4739 3323 4812 illud
3335 4734 3358 4789 '2
3388 4737 3518 4812 Kal
3538 4734 3691 4788 τοῦτο

2119 4815 2210 4868 τοῦ
2241 4813 2419 4877 Δαυῖδ,
2451 4806 2580 4885 περὶ
2618 4811 2716 4885 τῇς
2772 4808 2914 4885 κατά
2955 4811 3132 4885 σάρκα
3161 4806 3325 4885 αὐτοῦ
3362 4809 3688 4885 γεννήσεως,

2122 4886 2307 4956 σαφῶς
2332 4879 2630 4956 εἰρηκότος.
2651 4883 2698 4935 Μ
2708 4882 3001 4956 .—Sc_ripsi
3018 4879 3187 4956 ταῦτ-α
3202 4900 3216 4943 ;
3234 4880 3356 4932 dein
3378 4879 3688 4956 νιιιεζορπεο

2118 4947 2463 5026 ρικάλύπτὶος
2499 4968 2552 5009 et
2580 4947 2986 5026 ﬁguratam};
3014 4951 3308 5026 _xt:.__l‘_urro
3346 4949 3506 5026 vulgo
3540 4947 3570 4998 6
3601 4965 3689 5000 κυ-

2119 5020 2248 5096 ρίως
2281 5043 2418 5094 γεν.,
2451 5025 2589 5089 quod
2624 5020 2737 5096 iiuu
2771 5023 2835 5076 ll.
2871 5037 2986 5096 cor.
3014 5021 3066 5096 in
3089 5020 3315 5096 ⁸Κόριος
3347 5021 3476 5096 cod:
3505 5030 3687 5096 aucre-

2117 5089 2270 5150 ritate
2292 5089 2568 5162 rescripsi.
2607 5095 2800 5148 Statim
2835 5092 2990 5162 vulgo
3016 5093 3044 5144 6
3080 5089 3213 5154 Θεὸς
3239 5100 3293 5144 et
3323 5089 3418 5141 καὶ
3439 5089 3572 5152 Θεὸς
3595 5089 3686 5141 οὐκ

2113 5165 2276 5220 εἰκὼν
2305 5185 2356 5218 κ.

2183 5238 2295 5309 (l7)
2338 5235 2445 5290 Καὶ
2469 5233 2653 5309 ταῦτα
2672 5232 2906 5309 σφόδρα
2939 5227 3434 5309 ἀϐλεςιτῶνκίιωε
3477 5227 3682 5309 Eusebii

2111 5301 2340 5370 Sut‘tl,'et
2384 5308 2664 5358 continent
2715 5301 2968 5373 Superius
3011 5321 3038 5355 ιι
3091 5301 3342 5356 Marcello
3391 5301 3681 5373 positorum

2109 5393 2419 5438 censuram,
2463 5371 2817 5428 orthodoxam
2851 5384 2903 5428 et
2933 5389 3114 5425 veram
3148 5382 3417 5437 quatenus
3463 5371 3530 5422 ad
3561 5371 3681 5420 ima-

2111 5451 2309 5511 ginem,
2337 5451 2498 5498 etiam
2534 5448 2830 5498 secundum
2865 5445 3146 5504 deitatem,
3167 5441 3334 5494 Filius
3365 5441 3447 5493 sui
3486 5439 3677 5492 Patris.

2110 5517 2292 5586 Imago
2319 5519 2460 5569 enim
2494 5517 2709 5584 proprie
2754 5524 2856 5573 est,
2895 5525 2951 5566 ut
2998 5514 3323 5586 loquuntur,
3349 5523 3680 5586 qiueproce:

2107 5590 2185 5640 dit
2217 5580 2279 5639 {id
2316 5580 2725 5639 δίιιιὶΙὶιίιιΙιιμ-ιιι
2757 5587 2996 5639 alet-ius.
3035 5582 3101 5636 Μ.
3138 5611 3206 5621 ——
3235 5580 3364 5632 Dein
3402 5581 3561 5647 vulgo
3591 5580 3677 5630 τοῦ

2109 5667 2233 5709 ante
2264 5656 2390 5709 ἰδίου
2420 5658 2584 5710 deost.
2623 5655 2760 5708 Infra
2798 5657 2954 5725 vulgo
2980 5653 3074 5723 τὴν
3110 5651 3290 5704 εἰκόνα
3320 5651 3444 5705 Υἱὸν
3474 5650 3568 5707 καὶ
3591 5647 3674 5701 ὲ-π.

2106 5742 2154 5783 ct
2185 5728 2521 5797 ἀπαύγασμα
2552 5725 2726 5796 δόξης.
