3836 6216
161 313 267 372 76ῐί

1299 319 1577 376 CONTRA
1617 317 2044 376 MARCELLUM
2081 319 2210 377 LIB.
2252 308 2304 376 t.’

3303 322 3424 406 766'

157 430 472 500 τριάκοντα
509 432 608 486 καί
645 432 924 488 διακόσια
957 435 1084 501 ἐτη,
1117 435 1217 488 καὶ
1257 434 1550 504 ἐγέννησε
1589 435 1722 488 κατε

1849 451 1868 485 ι
1900 444 2074 504 guunt
2104 449 2268 504 quam
2300 434 2520 504 impiam
2553 441 2768 488 tueatur
2797 433 2844 490 is
2883 432 3175 490 de-deitale
3196 409 3425 504 opinio;

155 522 270 591 τὴν
299 524 468 577 ἰδέαν
504 526 693 580 αὐτοῦ
724 527 823 580 καὶ
859 527 1009 580 κατὰ
1041 526 1156 594 τὴν
1174 528 1381 583 εἰκόνα
1406 526 1612 589 αὐτοῦ,
1638 525 1736 582 καὶ

153 614 504 685 ἐπωνόμασε
531 616 597 670 τὸ
614 617 801 688 ὄνομα
815 619 998 672 αὐτοῦ
1013 620 1158 686 Σήθ.
1177 617 1285 671 Καὶ
1299 617 1426 690 περὶ
1443 619 1538 689 τῆς
1554 616 1739 687 θεότη-

155 722 247 768 τος
272 705 329 758 δὲ
359 705 452 758 τοῦ
488 704 618 760 Υίοῦ
660 709 689 760 ό
733 707 1052 770 Ἀπόστολος
1085 707 1344 770 διδάσκει,
1381 706 1585 776 λέγων⁸
1632 707 1738 770 Ὃς

154 796 221 850 ἐν
245 795 455 865 μορφῇ
490 797 640 851 Θεοῦ
663 796 948 868 ὑπάρχων
978 799 1092 867 οὐχ
1126 795 1441 867 ἁρπαγμὸν
1465 794 1736 866 ἡγήσατο

152 885 219 938 τὸ
245 882 400 940 εἶναι
427 887 536 940 ἴσα
567 886 710 954 Θεῷ,
744 889 883 944 ἀλλ’
923 888 1140 943 ἑαυτὸν
1162 887 1423 942 ἐκένωσε
1442 904 1454 917 °
1503 887 1599 940 καὶ
1631 887 1736 940 πά-

106 979 232 1060 ἕνλιν
253 997 269 1010 ο
307 973 416 1046 ’ος
443 976 530 1034 ὢν
557 981 924 1053 ἀπαύγασμα
953 979 1063 1050 τῆς
1094 981 1279 1049 δόξης
1304 981 1403 1036 καὶ
1432 980 1735 1050 χαρακτὴρ

111 1082 134 1142 ui
153 1072 258 1140 τῆς
280 1073 699 1141 ὑποστάσεως.
731 1076 843 1130 Καὶ
863 1076 920 1129 ὲν
943 1076 1031 1128 ἑτέ
1041 1093 1152 1148 ροις
1178 1075 1234 1128 δὲ
1257 1074 1492 1146 εἴρηταιο
1529 1075 1735 1132 Ἀπαύ-

107 1163 123 1232 ,’
151 1181 350 1236 γασμα
377 1166 490 1236 γάρ
513 1168 644 1221 ἐστι
664 1168 862 1237 φωτὸς
876 1168 1094 1232 ἀϊδίου,
1124 1168 1223 1222 καὶ
1243 1168 1565 1234 εἷσοπτρον
1588 1167 1733 1234 ἀκη-

104 1301 110 1308 .
147 1256 404 1311 ,ιε’δωτον
441 1257 549 1327 τῆς
586 1259 692 1314 τοῦ
745 1259 893 1314 Θεοῦ
926 1259 1248 1330 ἐνεργείας,
1276 1259 1376 1314 καί
1403 1258 1578 1313 εἰκὼν
1624 1256 1734 1326 τῆς

149 1350 516 1418 ἀγαθότητος
547 1351 754 1405 αὐτοῦ·
797 1346 954 1415 αὖθις
983 1351 1040 1403 δὲ
1079 1352 1109 1403 ὁ
1149 1350 1496 1414 Ἀπόστολος·
1543 1350 1734 1404 Ἀπεκ-

149 1441 476 1511 δυσάμενοι
503 1443 612 1497 τὸν
635 1442 897 1498 παλαιὸν
921 1441 1255 1511 ἄνθρωπον,
1285 1441 1383 1496 καί
1409 1441 1730 1511 ἐνδυσάμε-

149 1550 239 1586 νοι
260 1536 368 1586 τὸν
403 1533 566 1600 νέον,
597 1534 706 1590 τὸν
730 1535 1245 1605 ἀνακαινούμενον
1271 1537 1356 1599 εὶς
1381 1534 1728 1602 ἐπίγνωσιν,

1847 548 1866 580 ι
1904 544 2048 584 nem.
2073 529 2209 583 Nam
2241 528 2332 597 qui
2360 535 2539 598 potest
2578 525 2710 581 illud
2744 525 2884 593 ﬁeri,
2913 533 2973 580 ut
3003 525 3096 596 qui
3145 525 3410 582 Dominus

1843 639 1864 674 ι
1894 633 1950 677 et
1979 621 2120 679 Deus
2143 629 2306 676 natus
2338 631 2444 684 est,
2473 621 2617 689 quod
2641 628 2757 674 erat
2784 619 2852 674 ab
2883 618 2976 673 illo
3005 618 3060 672 in
3092 619 3407 687 praeceden-

1844 735 1862 766 ι
1909 715 2051 770 tibus
2108 714 2369 783 positum,
2423 712 2516 767 Dei
2579 712 2760 781 imago
2803 710 3110 766 diceretur?
3135 705 3294 763 Aliud
3325 717 3411 764 est

1843 819 1862 853 ι
1903 802 2104 871 quippe
2135 803 2274 856 Deus
2307 819 2320 854 :
2351 810 2405 855 et
2433 801 2609 868 imago
2637 799 2733 854 Dei
2765 798 3090 868 aliud.Ergo
3112 799 3201 866 qui
3231 798 3410 867 imago

1841 911 1860 945 ι
1890 902 2020 958 est,
2057 907 2163 946 non
2207 901 2290 948 est
2319 893 2365 947 is
2394 892 2580 961 utique
2631 890 2891 947 Dominus
2942 898 3038 944 aut
3083 890 3256 944 Deus:
3314 891 3408 944 sed

1841 1004 1862 1038 ι
1907 985 2119 1040 Domini
2148 985 2347 1052 imago,
2382 993 2546 1053 atque
2580 983 2697 1040 Dei.
2742 980 2898 1048 Quod
2952 981 2998 1037 si
3029 980 3290 1036 Dominus
3321 995 3410 1034 re»

1839 1097 1859 1130 ι
1900 1092 2026 1132 vera
2061 1077 2130 1132 sit
2157 1088 2212 1132 et
2239 1075 2404 1141 Deus,
2431 1091 2536 1132 non
2562 1083 2742 1146 potest
2761 1086 2886 1130 esse
2913 1074 3092 1144 imago
3118 1071 3210 1128 Dei
3243 1082 3406 1143 atque

1840 1187 1860 1220 ι
1889 1168 2120 1225 Domini.
2161 1187 2180 1220 ι
2215 1167 2339 1223 Haec
2370 1167 2922 1224 inconsideratissime
2950 1165 3030 1222 sic
3071 1165 3140 1220 ab
3168 1164 3259 1219 illo
3288 1173 3404 1220 sta-

1835 1271 2089 1316 tuuntur:
2141 1261 2367 1316 minime
2411 1270 2592 1315 autem
2651 1257 2938 1324 intellexit,
3003 1270 3161 1327 posse
3208 1255 3404 1311 Filium

1837 1356 1896 1414 υἷι
1927 1351 2052 1417 dici,
2082 1351 2259 1406 vivam
2306 1351 2599 1420 imaginem
2641 1348 2823 1404 Patris
2869 1348 2952 1404 sui
2981 1387 2998 1412 ,
3047 1362 3168 1402 cum
3199 1347 3274 1402 sit
3308 1363 3408 1402 suo

1835 1439 1980 1496 Patri
2014 1455 2176 1510 quam
2211 1441 2544 1496 simillimus.
2593 1440 2707 1496 Hoc
2745 1452 2800 1495 et
2843 1439 3126 1508 Scriptura
3179 1447 3409 1494 testatur

1834 1533 2082 1603 inquiens
2115 1552 2128 1588 :
2173 1531 2311 1587 Vixit
2357 1544 2533 1588 autem
2565 1534 2733 1587 Adam
2755 1532 3008 1586 ducentos
3035 1547 3203 1584 annos
3237 1541 3286 1584 et
3320 1532 3409 1584 tri-

149 1627 273 1678 xat‘
298 1623 508 1680 ε’ίκόνα
537 1626 642 1680 τοῦ
673 1627 1015 1694 κτίσαντος,
1049 1627 1244 1696 λέγων,
1277 1625 1435 1696 δῆλός
1468 1627 1634 1689 ἐστιν,
1667 1625 1722 1678 οὐ

1829 1626 1996 1696 ginta,
2024 1638 2071 1681 et
2110 1629 2285 1698 genuit
2309 1627 2595 1681 secundum
2628 1626 2908 1694 imaginem
2931 1635 2980 1678 et
3005 1624 3408 1679 similitudinem

151 1716 243 1785 τὴν
286 1715 468 1787 σάρκα
503 1715 755 1788 εἰρῆσθαι
792 1716 1058 1771 διδάσκων
1101 1717 1200 1787 τὴν
1235 1715 1418 1770 εἰκόνα
1465 1709 1604 1768 εἶναι
1635 1712 1722 1767 τοῦ

1831 1736 1981 1773 suam
2032 1720 2226 1789 ﬁlium,
2279 1735 2498 1791 eumque
2554 1720 2843 1773 nominauit
2893 1718 3018 1773 Setlt
3058 1719 3124 1770 υ.
3158 1719 3232 1772 De
3281 1716 3404 1771 Filii

149 1807 300 1862 Θεοῦ.
329 1785 592 1872 Μεταϐάς
614 1785 678 1860 *δὲ
707 1805 864 1872 αὖθις
886 1785 1203 1881 Μάρκελλος
1225 1809 1318 1862 ἐπὶ
1349 1809 1474 1871 τοὺς
1502 1806 1722 1860 ἐπισκό-

1831 1821 2009 1866 autem
2032 1785 2324 1867 divinitate
2350 1785 2640 1882 Apostolus
2676 1811 2856 1877 docet,
2897 1811 3120 1865 dicens:
3154 1809 3258 1874 Qui
3289 1825 3408 1862 cum

149 1915 298 1964 πους,
333 1893 442 1954 ὧδε
480 1899 712 1972 γράφει·
754 1920 772 1953 ι
843 1900 972 1956 Ἰδοὺ
1021 1901 1132 1974 γὰρ
1161 1901 1222 1955 τὸ
1266 1900 1410 1956 κατὰ
1454 1900 1722 1971 Ἀστέριον

1831 1907 1884 1958 in
1920 1903 2092 1972 [arma
2127 1902 2222 1958 Dei
2258 1905 2548 1968 exsisteret,
2568 1919 2671 1957 non
2705 1903 2882 1972 utique
2909 1903 3150 1970 rapinam
3181 1901 3410 1954 arbitra-

155 2009 173 2042 ι
210 1993 356 2063 ἡμᾶς
394 1991 505 2064 (18)
545 1993 605 2046 οὐ
636 1993 889 2047 τοσοῦτον
927 1994 1107 2058 λυπεῖ,
1141 1994 1192 2046 εί
1219 1991 1444 2047 τοιαῦτα
1477 1989 1722 2063 προήχθη

1830 2003 1914 2048 tus
1945 2003 2020 2048 est
2037 2035 2052 2060 ,
2075 2009 2253 2050 essese
2277 1993 2530 2063 aqualem
2559 1992 2674 2047 Deo~
2691 2006 2710 2044 :
2737 1992 2827 2046 sed
2861 1991 3194 2058 semetipsum
3227 1991 3410 2044 exina-

153 2103 171 2134 ι
207 2083 467 2154 γράφειν,
492 2084 608 2137 ἀλλ’
632 2085 712 2139 ὅτι
738 2085 832 2138 καί
861 2102 1005 2148 τινες
1029 2084 1138 2138 τῶν
1165 2083 1492 2155 προεστάναι
1511 2083 1726 2137 δοκούνε-

151 2195 170 2228 ι
206 2193 312 2230 των
329 2177 434 2247 τῆς
469 2176 819 2247 Ἐκκλησίας,
836 2177 936 2248 τῆς
962 2175 1060 2247 μὲν
1079 2174 1444 2245 ἀποπολικῆς
1471 2173 1725 2228 ἐπιλαθό-

153 2282 170 2315 ι
210 2280 359 2334 μενοι
383 2265 754 2337 παραδόσεως,
786 2265 853 2319 τὰ
875 2264 932 2318 δὲ
965 2263 1164 2332 ἔξωθεν
1195 2263 1303 2320 τῶν
1341 2264 1501 2319 θείων
1533 2281 1723 2338 προτι-

153 2374 171 2406 ι
213 2357 506 2428 μήσαντες,
531 2356 754 2412 τοιαῦτά
776 2375 897 2412 τινα
923 2358 1134 2430 γράψαι
1154 2375 1214 2412 τε
1235 2357 1330 2412 καὶ
1349 2357 1556 2425 διδάξαι
1577 2358 1725 2412 ἐτόλ-

152 2465 171 2499 ι
210 2464 416 2519 μησαν,
467 2447 504 2502 ἃ
553 2448 703 2503 οὐδὲν
745 2448 965 2504 ἔλαττον
1009 2449 1112 2520 τῆς
1152 2449 1263 2504 τῶν
1308 2451 1724 2523 προειρημένων

152 2559 172 2594 ι
206 2541 391 2614 ἔχεται
417 2539 645 2615 πλάνης.
687 2564 706 2597 ι
739 2546 849 2598 Καὶ
889 2545 1006 2617 μεθ’
1035 2545 1200 2618 ἔτερα
1225 2545 1490 2615 ὲπιλέγει’
1528 2563 1548 2600 ι
1608 2546 1724 2599 Ἐν-

151 2652 170 2686 t
205 2635 384 2706 τυχὼν
407 2635 518 2708 γὰρ
546 2637 860 2709 Ναρκίσσου
893 2636 986 2692 τοῦ
1017 2638 1354 2707 Νερωνιάδος
1382 2638 1723 2711 προεστῶτος

151 2747 169 2778 ι
206 2729 485 2801 ἐπιστολῇ,
509 2731 574 2802 ἠν
597 2730 841 2802 γέγραφε
865 2731 1002 2803 πρὸς
1031 2731 1278 2804 Χρηστόν
1308 2731 1421 2804 (19)
1447 2749 1588 2798 τινα,
1629 2732 1722 2786 καὶ

150 2840 170 2872 ι
205 2822 524 2894 Εὐφρόνιον,
549 2823 642 2877 καὶ
670 2823 948 2888 Εὐσέϐιον,
974 2823 1050 2887 ὡς
1088 2824 1266 2879 Ὀσίου
1290 2823 1388 2878 τοῦ
1420 2823 1720 2879 ἐπισκόπου

150 2929 172 2963 ι
206 2912 580 2985 ἐρωτήσαντος
611 2914 796 2980 αὐτὸν,
823 2915 896 2980 εί,
923 2913 1112 2987 ὥσπερ
1139 2914 1397 2981 Εὐσέϐιος
1420 2917 1450 2969 ό
1475 2916 1576 2987 τῆς
1607 2917 1722 2972 Παο

151 3023 170 3056 ι
209 3005 488 3077 λαιστίνης
512 3006 605 3061 δύο
632 3007 822 3072 οὐσίας
855 3002 995 3061 εἶναί
1042 3024 1226 3080 φησιν,
1257 3007 1400 3062 οὕτω
1440 3009 1534 3063 καὶ
1557 3008 1720 3073 αὐτὸς

1828 2085 1956 2139 nivit
1990 2086 2072 2150 “';
2103 2095 2159 2140 et
2194 2085 2388 2140 iterum
2423 2100 2437 2136 :
2463 2083 2596 2138 Cum
2617 2093 2746 2139 esset
2773 2084 2958 2154 gloria:
2981 2083 3402 2152 resplendescen-

1828 2177 1904 2230 tia
1954 2186 2002 2231 et
2029 2177 2318 2244 emanatio,
2347 2188 2396 2232 et
2423 2178 2698 2231 character
2737 2177 3036 2246 Itypostasis
3063 2177 3132 2228 δ’.
3178 2175 3246 2228 Ει
3276 2174 3408 2228 alibi

1827 2269 2024 2324 dicitur
2058 2286 2073 2322 :
2106 2267 2262 2324 Lucis
2297 2268 2486 2324 etenim
2504 2278 2716 2325 aeterna:
2747 2280 2820 2322 est
2844 2268 3131 2333 emanatio,
3149 2278 3198 2321 et
3225 2281 3408 2334 specu-

1825 2359 1935 2414 lum
1981 2359 2377 2414 immaculatum
2413 2359 2510 2414 Dei
2541 2359 2879 2429 operationis,
2921 2367 2974 2412 et
3016 2359 3192 2426 imago
3237 2357 3408 2426 ipsius

1823 2453 2186 2520 bonitatis“;
2227 2461 2281 2508 et
2316 2454 2610 2523 Apostolus
2640 2451 2816 2507 adhuc
2850 2469 2862 2505 :
2904 2450 3150 2505 Devestiti
3189 2457 3408 2503 veterem

1822 2545 2104 2609 hominem,
2136 2555 2184 2600 et
2214 2561 2405 2599 nouum
2429 2544 2603 2598 induti
2632 2546 2723 2613 qui
2753 2554 3042 2598 renovatur
3071 2543 3126 2596 in
3148 2541 3410 2611 cognitio-

1823 2652 1960 2702 nem,
2006 2636 2294 2691 secundum
2324 2636 2606 2706 imaginem
2633 2635 2940 2690 Conditoris
2968 2637 3037 2687 ιί.
3101 2633 3232 2701 Quae
3281 2648 3406 2688 cum

1821 2726 1989 2795 dicat,
2056 2728 2189 2784 satis
2242 2736 2392 2798 patet
2451 2743 2558 2783 non
2622 2728 2855 2784 voluisse
2906 2728 3059 2782 illum
3106 2727 3410 2798 intelligere

1822 2834 2042 2876 carnem
2074 2832 2196 2874 esse
2228 2817 2525 2885 imaginem
2556 2819 2670 2876 Dei.
2704 2817 2998 2874 Transiens
3032 2818 3159 2873 hinc
3187 2817 3409 2873 Marcel-

1820 2910 1906 2966 lus
1927 2911 1994 2964 ad
2016 2908 2306 2980 episcopos“
2332 2908 2406 2964 ita
2433 2909 2622 2964 scribit
2661 2907 2756 2980 [Β.
2790 2907 3104 2980 LXXXVII]
3141 2928 3155 2965 :
3198 2927 3217 2960 ι
3266 2908 3408 2964 Ecce

1826 3022 1847 3057 ι
1884 3018 2035 3070 vero,
2068 3018 2172 3059 non
2207 3015 2317 3058 tam
2362 3003 2562 3058 Asterii
2594 3017 2757 3058 causa
2801 3017 2902 3058 nos
2935 3016 3171 3058 mterore
3217 3000 3402 3062 allicit,

152 3117 170 3150 ι
206 3099 378 3169 λέγοι.
404 3101 616 3169 Ἐγνων
642 3101 804 3156 αὐτὸν
823 3100 934 3172 (20)
952 3100 1061 3156 ἀπὸ
1092 3099 1198 3154 τῶν
1214 3101 1552 3173 γραφέντων,
1572 3104 1720 3174 τρεῖς

1829 3115 1846 3150 ι
1886 3097 1932 3153 si
1985 3097 2114 3152 talia
2154 3095 2353 3152 litteris
2384 3097 2694 3162 mandavit,
2745 3110 2909 3166 quam
2963 3095 3105 3165 quod
3157 3091 3400 3148 nonnulli

151 3211 170 3244 ι
206 3189 340 3248 εἶναι
374 3193 649 3248 πιστεύειν
677 3194 865 3258 οὐσίας
907 3194 1352 3266 ἀποκρινόμενον.
1391 3213 1410 3246 ›
1444 3192 1608 3248 Ταῦτ’
1639 3196 1718 3249 εί-

149 3285 278 3351 πὼν,
304 3285 421 3341 άπὸ
455 3285 547 3340 τοῦ
583 3285 893 3360 Ναρκίσσου
921 3287 1014 3342 ἐπὶ
1048 3286 1140 3341 τὸν
1176 3285 1436 3340 Εὐσέδιον
1467 3286 1721 3358 μεταϐαί-

147 3396 239 3445 νει,
277 3377 625 3450 κατηγορῶν,
660 3379 742 3432 δτι
769 3377 860 3431 τόν
888 3379 1060 3448 Λόγον
1090 3377 1186 3432 τοῦ
1219 3375 1354 3431 Θεοῦ
1373 3417 1387 3442 ,
1421 3377 1552 3431 Θεὸν
1581 3373 1719 3432 εἶναι

145 3469 410 3541 ὁμολογεῖ.
461 3471 667 3542 Γράφει
698 3471 756 3524 δὲ
788 3471 882 3524 καὶ
908 3469 1038 3541 περὶ
1071 3469 1234 3522 αὐτοῦ
1284 3468 1460 3522 ταῦτα
1484 3485 1497 3499 ·
1549 3488 1568 3521 ι
1605 3471 1718 3524 Διε-

154 3583 170 3613 ι
206 3561 314 3615 λεῖν
341 3563 458 3634 γὰρ
478 3562 572 3616 τὸν
596 3562 768 3631 Λόγον
802 3560 898 3614 τοῦ
923 3559 1058 3614 Θεοῦ
1085 3560 1381 3633 τολμήσας,
1408 3559 1504 3614 καὶ
1533 3559 1721 3632 ἕτερον

153 3674 171 3708 ι
207 3657 336 3711 Θεὸν
373 3657 466 3710 τὸν
510 3655 683 3725 Λόγον
721 3654 1006 3725 ὀνομάσαι,
1055 3652 1214 3724 οὐσίᾳ
1253 3670 1314 3706 τε
1356 3653 1450 3707 καὶ
1493 3652 1719 3724 δυνάμει

154 3770 172 3801 ι
206 3749 472 3804 διεστῶτα
519 3749 614 3802 τοῦ
646 3748 890 3819 Πατρὸς,
924 3747 1002 3810 είς
1049 3747 1179 3818 ὅσην
1227 3745 1578 3818 βλασφημίαν
1625 3747 1720 3800 ὲκ-

155 3863 174 3894 ι
207 3844 515 3907 πέπτωκεν,
550 3842 723 3896 ἔνεστι
752 3841 938 3911 σαφῶς
966 3841 1060 3896 ἀπ’
1086 3840 1264 3894 αὐτῶν
1291 3839 1400 3894 τῶν
1427 3840 1516 3894 ὑπ’
1558 3839 1720 3894 αὐτοῦ

155 3951 173 3985 ι
209 3935 530 4006 γραφέντων
573 3933 751 4004 ῥητῶν
801 3933 997 4005 ῥᾳδίως
1041 3931 1351 4003 μανθάνειν.
1408 3951 1426 3982 ι
1471 3931 1719 4004 Γέγραφε

148 4025 200 4079 δὲ
231 4027 420 4092 αὐταῖς
440 4027 647 4091 λέξεσιν
674 4025 849 4088 οὕτως
868 4043 893 4057 ·ν
915 4043 933 4075 ι
972 4024 1048 4077 Οὐ
1081 4024 1144 4094 δή
1171 4041 1272 4077 που
1296 4023 1354 4076 δὲ
1379 4025 1413 4094 ἡ
1441 4023 1604 4077 εἰκὼν
1625 4025 1720 4078 καὶ

153 4141 169 4170 ι
205 4121 263 4176 τὸ
295 4116 358 4176 οὗ
413 4122 561 4174 ἐστιν
610 4121 643 4191 ἠ
683 4118 866 4182 εἰκὼν,
901 4118 959 4172 ἓν
1008 4119 1101 4172 καὶ
1143 4117 1340 4172 ταύτὸν
1384 4119 1676 4170 ἐπινοεῖται
1701 4134 1713 4147 ·

153 4232 171 4264 ι
206 4213 337 4267 ἀλλὰ
365 4214 460 4267 δύο
491 4212 590 4284 μὲν
620 4211 820 4275 οὐσίαι,
858 4211 950 4265 καὶ
987 4210 1080 4264 δύο
1115 4210 1449 4282 πράγματα,
1490 4211 1584 4263 καὶ
1628 4209 1720 4263 δύο

153 4322 170 4353 ι
205 4303 494 4376 δυνάμεις,
537 4295 612 4356 ὧν
651 4303 746 4354 καὶ
807 4298 1061 4354 τοσαῦται
1107 4296 1489 4370 προσηγορίαι.
1539 4315 1558 4348 ›
1608 4297 1720 4350 Καὶ

147 4393 312 4448 ταῦτα
372 4393 448 4458 ὡς
509 4392 690 4457 καλῶς
753 4391 1054 4446 διαϐάλλων
1123 4389 1448 4461 προστίθησι
1505 4389 1713 4457 λέγων’

1831 3213 1851 3247 ι
1895 3193 1985 3264 qui
2005 3207 2238 3264 praeesse
2255 3191 2507 3246 videntur
2523 3190 2804 3257 Ecclesiae,
2827 3188 3136 3260 apostolicae
3162 3187 3408 3242 traditio-

1827 3301 1848 3336 ι
1892 3283 1982 3337 nis
2012 3282 2190 3347 obliti,
2222 3290 2278 3336 et
2309 3281 2590 3338 saecularia
2619 3280 2818 3336 divinis
2844 3279 3218 3351 praeferentes,
3253 3277 3405 3348 ejus-

1819 3393 1846 3449 _¢
1886 3375 2094 3430 cemodi
2122 3375 2367 3445 quaedam
2400 3374 2644 3429 scribere
2673 3381 2729 3427 et
2757 3372 2954 3427 docere
2995 3370 3172 3441 palam
3205 3369 3407 3424 fuerint

1826 3484 1848 3518 ‹
1893 3467 2033 3531 ausi,
2074 3481 2194 3536 quae
2216 3481 2324 3521 non
2354 3465 2536 3520 minus
2569 3479 2731 3533 quam
2755 3462 3115 3532 praecedentia
3160 3475 3402 3516 errorem

1825 3578 1844 3610 ι
1892 3559 2189 3629 implicant.
2219 3577 2238 3611 ι
2260 3557 2464 3612 Deinde
2484 3556 2762 3627 subiungit
2796 3565 2919 3626 post
2942 3554 3197 3610 nonnulla
3223 3554 3403 3607 inter-

1812 3653 1996 3723 jecta:
2038 3652 2245 3706 «Incidi
2283 3650 2574 3719 aliquando
2621 3650 2677 3704 in
2733 3648 3018 3718 epistolam
3064 3663 3095 3702 a
3149 3645 3403 3700 Narcisso

1825 3767 1844 3800 ι
1891 3746 2148 3816 scriptam
2181 3745 2502 3800 Neroniadis
2527 3743 2802 3813 episcopo,
2829 3756 2991 3811 quam
3012 3740 3078 3795 ad
3108 3738 3399 3794 Cbrestum

1825 3859 1844 3892 ι
1889 3839 2178 3910 quemdam
2217 3838 2416 3894 direxit
2442 3847 2497 3893 et
2526 3835 2895 3905 Euphronium
2922 3873 2937 3899 ,
2972 3843 3028 3888 et
3074 3830 3404 3894 Eusebium,

1826 3952 1846 3985 ι
1893 3933 2046 4004 quasi
2074 3932 2353 4002 proposita
2386 3930 2488 4000 ipsi
2515 3929 2584 3984 ab
2608 3927 2772 3982 Hosio
2801 3925 3054 3996 episcopo
3083 3920 3402 3991 quaestione,

1826 4043 1844 4078 ι
1893 4034 2074 4096 utrum
2120 4026 2273 4094 ipse,
2327 4022 2490 4078 veluti
2545 4020 2812 4075 Eusebius
2874 4008 3220 4082 Palaestinos,
3272 4015 3405 4070 duas

1827 4135 1846 4169 ι
1891 4117 2224 4173 substantias
2252 4115 2538 4170 fateretur.
2558 4112 2709 4168 Hanc
2734 4111 2824 4167 ubi
2855 4111 3114 4181 legeram,
3155 4109 3403 4162 animad-
3453 4141 3460 4150 ι

1826 4227 1845 4260 ι
1894 4209 2036 4264 verti
2104 4218 2158 4264 et
2193 4208 2369 4278 ipsum
2409 4207 2614 4276 scripto
2654 4205 2746 4260 illo
2778 4219 2878 4260 suo
2929 4213 3040 4259 tres
3069 4201 3406 4258 substantias

1825 4319 1844 4353 ι
1889 4300 2111 4356 omnino
2147 4299 2421 4355 conﬁteri.
2449 4317 2468 4351 ι
2510 4297 2635 4353 Haec
2664 4298 2755 4352 ubi
2791 4296 2946 4364 dixit,
2976 4311 3004 4348 a
3035 4294 3291 4349 Narcisso
3336 4292 3404 4345 ad

1820 4391 2110 4447 Eusebium
2165 4391 2516 4455 transcendit,
2562 4403 2794 4457 eumque
2846 4395 3068 4442 accusat
3116 4400 3184 4440 eo
3229 4384 3406 4438 nomi-

155 4502 172 4536 ι
208 4486 329 4550 Πῶς
365 4481 459 4540 οὖν
488 4486 547 4539 οὐ
581 4484 678 4556 τὴν
707 4483 877 4555 αὐτὴν
907 4477 1049 4538 οὗτοι
1091 4485 1202 4545 τοῖς
1230 4481 1426 4546 ἔξωθεν
1451 4481 1719 4552 κακίστην

1829 4499 1907 4551 rte,
1968 4483 2110 4554 quod
2150 4482 2384 4540 Verbum
2440 4482 2534 4538 Dei
2593 4481 2916 4551 proﬁteatur
2957 4478 3148 4532 Deum.
3205 4473 3407 4528 Scribit

155 4593 172 4626 t
207 4573 321 4629 ὁδὸν
368 4575 700 4648 τραπέντας,
736 4574 807 4628 τὰ
847 4573 985 4628 αὐτὰ
1024 4573 1230 4640 διδάξαι
1278 4591 1338 4627 τε
1374 4575 1466 4628 καὶ
1509 4573 1714 4646 γράψαι

1829 4583 2000 4631 autem
2035 4575 2099 4630 ad
2124 4565 2282 4630 hunc'
2304 4573 2520 4630 modum
2556 4590 2569 4627 :
2618 4570 2712 4644 [[ἰ.
2737 4567 2952 4641 LXXII]
2989 4586 3011 4621 ι
3035 4566 3272 4622 Verbum
3305 4558 3402 4617 Dei

212 4718 269 4776 >14
307 4713 406 4768 Ed.
436 4712 640 4778 Parim,
663 4729 785 4784 pag.
811 4715 903 4768 25.

215 4783 257 4817 ⁸⁷
288 4783 427 4840 Gen.
479 4799 532 4848 ν,
581 4785 634 4839 5.
711 4783 756 4816 ⁸⁸
787 4784 978 4856 Philip.
1020 4800 1086 4853 ιι,
1123 4784 1176 4852 6,
1210 4785 1263 4841 7.
1339 4786 1383 4819 ‘°
1413 4785 1580 4843 Hebr.
1606 4803 1643 4855 ι,
1688 4787 1744 4842 3.

217 4920 326 4994 (18)
361 4923 452 4994 ,Οὐ
480 4921 776 4977 τοσοῦτον
825 4920 982 4993 ἡμᾶς
1027 4920 1228 4978 λυπεῖ.
1284 4921 1544 4994 Scilicet,
1595 4921 1723 4994 quia

149 4991 262 5046 erat
298 4991 515 5064 laicus,
545 5008 685 5062 pene
719 4991 962 5064 paganus
997 4994 1085 5064 ltic
1132 4994 1400 5064 Asterius.
1452 4991 1584 5064 Nam
1637 4993 1725 5047 hic

150 5064 434 5132 manifeste
489 5063 735 5129 docetur,
789 5078 894 5118 non
953 5063 1124 5118 fuisse
1174 5063 1324 5116 illum
1386 5063 1718 5132 episcopum.

150 5128 312 5204 Porro
341 5149 410 5188 ex
447 5134 531 5188 liis
579 5128 1068 5204 quw’sequuntur,
1103 5128 1506 5188 manifestarius
1556 5128 1723 5187 luere-

153 5202 282 5275 I_i_cns
307 5205 729 5275 deprehenditur
753 5202 1062 5275 Marcellus,
1091 5205 1286 5275 sivere
1313 5204 1555 5275 retulerit
1580 5204 1724 5275 illius

150 5272 284 5346 dicta
323 5274 630 5346 scriptaque
660 5272 939 5330 Eusebius.
960 5273 1030 5328 M.
1049 5306 1121 5316 ——
1143 5273 1276 5346 Dein
1300 5273 1458 5343 vulgo
1489 5274 1722 5346 γράφειν

150 5353 202 5395 et
225 5343 324 5416 τῆς
354 5342 558 5416 ἀποστξ
573 5353 628 5398 et
654 5360 762 5401 om.
790 5346 898 5416 γάρ
934 5342 1340 5416 ροειᾈεντυχῴν.

220 5381 331 5483 ar,
354 5381 1566 5492 agamagam?
1604 5414 1716 5492 ερετ

155 5495 342 5554 scapus
384 5484 776 5550 Antiocltenu's,
826 5500 1110 5542 successor
1147 5484 1384 5540 Flaccilli
1416 5505 1430 5540 :
1476 5485 1612 5552 ejus,
1643 5484 1711 5539 ad

153 5566 305 5626 quem
356 5564 468 5612 tres
519 5555 682 5610 bosce
733 5557 1060 5626 posteriores
1113 5571 1242 5610 suos
1293 5555 1706 5626 libruswcontra

154 5620 488 5687 Marcellum,
545 5627 693 5680 misit
736 5620 1018 5681 Eusebius
1078 5626 1390 5691 dedicatos;
1444 5625 1705 5679 Clirestus

154 5704 277 5767 Vero
301 5698 582 5764 episcopus
612 5697 884 5767 Nyssenus
916 5699 973 5750 in
1002 5697 1174 5751 locum
1207 5695 1537 5764 Theognitlis
1565 5695 1701 5763 pulsi

157 5776 185 5816 a
211 5765 554 5824 Constantino
573 5810 588 5834 ,
616 5765 672 5824 et
696 5768 822 5822 olim
853 5768 1082 5839 depositi
1104 5784 1132 5822 a
1167 5768 1398 5823 concilio
1426 5788 1435 5823 :
1467 5767 1558 5822 sed
1587 5780 1709 5821 cum

1818 4785 1862 4826 ιο
1897 4784 2026 4855 Sap.
2056 4799 2126 4840 vn
2150 4825 2165 4849 ,
2197 4783 2288 4840 26.
2365 4785 2407 4816 ⁸¹
2438 4783 2554 4839 Col.
2592 4797 2674 4845 in.
2701 4780 2755 4846 9,
2783 4779 2871 4834 10.

1797 4921 2078 4979 .videatur
2127 4921 2214 4974 hic
2244 4919 2500 4981 Arianus,
2541 4927 2600 4971 et
2629 4917 2695 4970 de
2722 4930 2788 4970 eo
2832 4924 3091 4983 tanquam
3135 4926 3244 4983 per
3274 4925 3403 4966 con-

1826 5000 2091 5061 temptum
2129 4991 2379 5060 loquatur
2413 4987 2721 5050 Marcellus,
2759 4981 2974 5055 opinor,
3003 4981 3166 5037 alium
3201 4981 3268 5036 ab
3297 4983 3402 5037 isto

1824 5061 1958 5115 vult.
1994 5061 2063 5113 Μ.

1895 5130 2009 5203 (20)
2053 5131 2281 5199 ’Ἐγ-νων
2313 5129 2514 5203 αὐτόν.
2567 5127 2829 5196 Loquitur
2863 5123 3162 5203 illarcellus
3181 5120 3404 5203 Eu-

1823 5191 2004 5268 sebio,’
2020 5211 2075 5255 et
2111 5191 2297 5254 verum
2323 5210 2427 5264 est,
2455 5191 2796 5252 fatetur-tres
2824 5194 3032 5268 οὐσίας,
3062 5193 3155 5268 sed
3181 5191 3400 5268 F_il_i_um,

1825 5281 1882 5342 et
1928 5261 2186 5342 spiritum
2237 5261 2510 5342 sanctum
2539 5278 2754 5323 creatas
2808 5265 3169 5342 substantias.
3207 5261 3400 5342 Filium

1825 5331 1987 5396 Patre
2026 5341 2314 5400 minorem,
2367 5339 2627 5408 Spiritum
2678 5347 2921 5408 sanctum
2952 5333 3106 5397 Filio,
3158 5336 3302 5385 hunc
3327 5331 3399 5408 _in

1825 5421 2086 5483 tempore,
2135 5409 2280 5483 illum
2317 5401 2442 5483 ante
2479 5421 2749 5483 tempora,
2773 5406 3177 5483 sed_creatunt;
3212 5401 3398 5483 statim

1823 5471 2042 5536 accusat
2067 5471 2189 5534 eum
2220 5478 2503 5533 Marcellus
2523 5471 2713 5532 de'lioc
2740 5475 3217 5546 ipsogblaspliemo,
3241 5471 3400 5546 οὐσίᾳ

1819 5552 1914 5606 καὶ
1933 5551 2157 5622 δυνάμει
2185 5549 2447 5604 διεστῶτα
2467 5547 2559 5602 τοῦ
2582 5544 2810 5622 ῌ-ατρός,
2831 5544 2939 5622 Nec
2963 5545 3213 5622 amolitur
3232 5544 3384 5622 tinge

1822 5624 1944 5677 lllllS
1975 5612 2111 5675 hanc
2139 5622 2560 5687 accusationem.
2592 5617 2662 5674 M.
2690 5612 2757 5660 ὲ-
2791 5619 2917 5671 l)ein
2952 5615 3114 5687 vulgo
3151 5613 3259 5669 ἀπὸ
3291 5612 3392 5667 τῶι

1821 5694 1912 5748 ὐπ’
1950 5691 2110 5749 αὐ,τοῦ
2138 5705 2189 5748 et
2209 5685 2281 5745 ὦν
2307 5692 2399 5744 καὶ
2427 5708 2538 5745 τοσ.
2560 5701 2611 5744 et
2639 5689 2960 5760 τραπόντας.
