3836 6216
93 321 191 378 769
1201 322 1483 378 CONTRA
1521 320 1944 378 MARCELLUM
1987 319 2114 376 LIB.
2158 348 2198 374 ε.

3208 323 3331 392 ,πο

89 438 312 509 πικρῶς,
345 439 422 507 τῷ
448 437 613 507 μηδὲν
638 439 881 509 εἰρηκότι
911 437 1114 501 πλεῖον,
1144 437 1217 500 ὡς
1245 438 1406 500 αὐτὸς
1433 439 1655 509 γράφει,

1765 437 2038 502 transiret,
2083 438 2138 490 in
2165 436 2392 492 ecclesia
2417 436 2837 492 conciouaretur
2866 454 2879 492 :
2907 439 3052 507 quod
3086 452 3146 494 se
3173 438 3333 496 fando

87 532 118 602 ἢ
149 529 207 583 τὸ
235 528 592 582 ἀποστολικὸν
627 531 812 599 ῥητόν.
845 530 954 582 Καὶ
988 530 1083 583 νῦν
1127 529 1228 600 μὲν
1265 527 1358 582 δύο
1386 530 1541 595 θεοὺς
1571 531 1658 583 λέ-

88 639 198 690 γειν
223 621 314 675 τὸν
343 620 601 674 Εὑσέϐιον
634 620 906 691 ὁμολογεῖ,
937 621 1013 682 ὼς
1033 621 1100 675 ἂν
1120 622 1213 675 τὸν
1241 623 1368 676 Υἱὸν
1391 622 1484 675 τοῦ
1521 622 1655 675 Θεοῦ

88 711 432 779 θεολογοῦντα
466 712 562 764 σὺν
594 712 672 783 τῷ
707 713 914 784 Πατρί·
951 712 1155 783 προῖὼν
1185 714 1230 767 δ’
1267 715 1326 768 ὲν
1362 717 1473 778 τοῖς
1505 715 1654 784 ἑξῆς,

89 803 267 874 ὥσπερ
298 803 725 874 ἐπιλελησμένος
769 800 844 859 ὧν
889 807 1122 860 ἐνταῦθα
1153 807 1498 879 κατηγόρηκε
1517 847 1532 870 ,
1565 808 1657 860 τὸν

88 895 239 947 αὑτὸν
282 896 538 964 πειρᾶται
579 895 884 949 διαϐάλλειν
929 897 1004 960 ὡς
1040 896 1195 966 ψιλὸν
1237 897 1523 968 ἄνθρωπον
1568 899 1658 951 τὸν

89 986 309 1056 Χριστὸν
325 985 466 1040 εἶναι
491 987 737 1055 λέγοντα.
756 987 912 1058 Ἑξῆς
928 989 984 1041 δὲ
1000 992 1112 1053 τοῖς
1132 989 1514 1061 προκειμένοις
1534 991 1656 1043 ὲπι-

92 1078 339 1130 συνάπτει
360 1079 558 1148 πολλήν
577 1095 697 1131 τινα
721 1082 816 1133 καὶ
834 1079 1051 1151 μακρὰν
1067 1080 1356 1152 φλυαρίαν,
1373 1080 1441 1135 τά
1455 1097 1513 1133 τε
1529 1081 1657 1134 ὄντα

89 1169 150 1222 τά
163 1186 219 1222 τε
235 1169 308 1240 μὴ
323 1169 456 1222 ὅντα
469 1169 645 1240 ἑαυιῷ
661 1171 1060 1242 συνείρων(25)·
1085 1173 1368 1242 μονονουχὶ
1382 1171 1520 1225 κατά
1534 1174 1658 1236 τοὺς

91 1263 377 1331 φήσαντας.
413 1261 487 1314 Τὰ
507 1263 679 1330 χείλη
707 1261 875 1331 ἡμῶν
895 1263 1032 1330 παρ’
1054 1264 1198 1332 ἡμῖν
1211 1263 1363 1327 ἐστι,
1386 1263 1478 1328 τίς
1490 1262 1659 1332 ἡμῶν

89 1351 282 1417 κύριός
328 1350 460 1402 ἐστι
476 1366 495 1414 ;
549 1350 627 1402 Δι’
659 1345 733 1404 ὧν
773 1351 1076 1413 δείκνυται,
1126 1353 1307 1418 καθὼς
1361 1353 1658 1426 ἀρχόμενος

88 1440 212 1511 ἔφην
255 1441 348 1494 τοῦ
398 1442 850 1513 συγγράμματος,
897 1443 957 1507 ἐξ
983 1445 1426 1516 ὑπερϐαλλούσης
1458 1445 1659 1518 ἔχθρας

88 1551 140 1586 τε
173 1535 262 1587 καὶ
295 1537 651 1607 μισαδελφίας
682 1538 1025 1607 ἐπιπηδήσας
1053 1539 1117 1608 τῇ
1151 1541 1356 1609 γραφῇ.
1398 1538 1657 1602 Μεταϐάς

88 1627 127 1678 δ’
169 1629 230 1680 ὲκ
277 1627 504 1693 τούτων,
559 1630 832 1700 Ἀστέριον
887 1626 1043 1692 αὖθις
1092 1629 1378 1700 τραγῳδεῖ,
1442 1629 1657 1701 μακρὰν

90 1721 378 1774 ἀποτείνων
416 1723 513 1775 καὶ
556 1722 685 1793 περὶ
731 1721 896 1774 αὐτοῦ
925 1721 1198 1792 διήγησιν,
1245 1721 1392 1784 ὃπως
1425 1738 1485 1773 τε
1517 1723 1656 1774 ἀπο-

89 1811 239 1881 δημεῖ
269 1814 404 1882 (‘26),
438 1815 535 1868 καὶ
568 1817 678 1877 ποῖ,
722 1815 816 1867 καὶ
838 1815 998 1877 πότε,
1045 1813 1138 1868 καὶ
1170 1813 1308 1884 πρὸς
1336 1811 1506 1875 τίνας.
1547 1814 1658 1868 Καὶ
1691 1833 1732 1887 Β

90 1901 263 1954 τιύτου
295 1903 352 1956 δὲ
388 1903 691 1974 ἀφέμενος,
722 1900 874 1967 αὖθις
921 1903 1014 1956 ἐπὶ
1053 1902 1144 1955 τὸν
1181 1903 1274 1955 τοῦ
1307 1902 1442 1956 Θεοῦ
1485 1902 1652 1973 ἄνδρα

93 1995 338 2047 Παυλῖνον
377 1996 666 2068 τρέπεται,
699 1996 872 2050 ταῦτα
906 1995 1134 2066 γράφων
1179 1996 1365 2058 αὐτοῖς
1409 1997 1649 2066 ῥήμασιο

97 2105 110 2133 ι
143 2085 355 2151 Τούτοις
380 2087 439 2141 δὲ
472 2089 585 2149 τοῖς
617 2089 801 2158 ῥητοῖς
831 2088 925 2142 καὶ
961 2089 990 2140 ὁ
1017 2087 1210 2140 τούτου
1246 2086 1428 2157 πατὴρ
1474 2085 1654 2139 πειθό-

97 2191 111 2220 ι
149 2189 318 2242 μενος,
346 2174 631 2238 Παυλῖνος,
668 2174 838 2229 ταῦτα
874 2175 1052 2244 λέγειν
1085 2192 1143 2228 τε
1178 2176 1273 2229 καὶ
1301 2176 1534 2246 γράφειν
1555 2177 1655 2230 οὐκ

97 2279 114 2309 ι
147 2261 306 2326 ὀκνεῖ,
336 2265 472 2318 ποτὲ
511 2267 608 2337 μὲν
639 2265 889 2338 δεύτερον
913 2268 1046 2320 Θεὸν
1073 2267 1247 2336 λέγων
1277 2268 1369 2321 τὸν
1397 2269 1652 2340 Χριστὸν,

98 2370 113 2400 ι
151 2355 238 2406 καὶ
281 2355 471 2410 τοῦτον
525 2357 1016 2432 ἀνθρωπικώτερον
1077 2361 1435 2432 γεγεννῆσθαι
1487 2363 1650 2416 Θεόν·

97 2463 112 2492 ι
154 2447 272 2498 ποτὲ
300 2446 359 2500 δὲ
389 2448 485 2502 καὶ
517 2450 720 2520 κτίσμα
749 2452 912 2506 αὑτὸν
938 2448 1076 2506 εἶναι
1116 2452 1500 2525 διοριζόμενος.
1534 2455 1656 2508 ’Ότι

98 2553 113 2585 ι
150 2538 202 2590 δὲ
237 2537 384 2594 τοῦθ’
414 2539 588 2603 οὓτως
631 2541 778 2611 ἔχει,
823 2544 918 2596 καὶ
971 2544 1109 2615 πρὸς
1151 2546 1300 2615 ἡμᾶς
1346 2563 1508 2610 ποτε,
1559 2547 1656 2616 τὴν

97 2645 114 2676 ι
148 2627 410 2699 Ἀγκύραν
437 2628 610 2692 διῖὼν,
635 2631 838 2702 κτίσμα
855 2632 1100 2686 εἶναιτὸν
1128 2632 1358 2704 Χριστὸν
1375 2633 1600 2704 ἔφασκε.
1631 2654 1652 2687 ι

94 2717 192 2770 Καὶ
225 2719 386 2774 πάλιν
430 2721 742 2792 μυθολογῶν
774 2723 1041 2794 διελέχθαι
1077 2725 1157 2796 τιῖι
1191 2726 1442 2797 Παυλίνῳ
1469 2728 1655 2796 φησίν.

95 2812 310 2866 Ἔπειτα
349 2813 625 2868 διαϐάλλει
657 2816 746 2868 τὸν
793 2818 1081 2888 μακάριον,
1116 2817 1193 2880 ὼς
1238 2817 1392 2882 θεοὺς
1430 2817 1659 2881 πολλοὺς

89 2905 333 2975 εἰρηκότα
352 2945 369 2971 ,
406 2907 502 2961 καὶ
552 2907 863 2962 καταλιπὼν
896 2907 990 2962 τὸν
1033 2909 1318 2975 Παυλῖνον,
1371 2909 1533 2964 πάλιν
1581 2907 1660 2979 τῷ

93 2998 322 3071 Εύσεσίῳ
354 3000 606 3072 σχολάζει
661 3002 917 3072 φάσκων·
956 3024 974 3055 ι
1010 3003 1166 3058 Οῦτω
1193 3003 1250 3058 δὲ
1282 3002 1378 3058 καὶ
1401 3003 1661 3067 Εὐσέϐιος

96 3109 112 3138 ι
148 3090 174 3143 ό
207 3091 306 3161 τῆς
344 3094 685 3166 Καισαρείας
712 3096 957 3169 γέγραφε
998 3097 1092 3151 καὶ
1129 3096 1312 3161 αὐτὸς,
1357 3095 1458 3167 τὴν
1491 3095 1660 3168 αὐτὴν

1759 530 2032 584 audivisse
2065 527 2331 595 atﬁrmat,
2390 536 2555 597 atque
2597 543 2664 583 ex
2722 529 3090 597 indignatione
3145 533 3335 588 scribit

1764 619 1863 692 [Β.
1905 618 2148 691 LXXIII]
2181 638 2194 673 :
2234 637 2254 670 ι
2289 619 2578 691 Apostolus
2613 619 2919 687 huiusmodi
2964 621 3331 677 testimonium

1769 729 1788 760 ι
1832 710 2146 766 Galatarum
2178 711 2300 766 ﬁdei
2331 711 2580 780 perhibet
2609 728 2623 764 :
2657 711 2920 766 Eusebius
2951 723 3131 766 autem
3156 753 3172 776 ,
3207 730 3332 784 per-

1762 816 1782 850 ι
1831 815 1988 854 verso
2007 815 2170 856 sensu
2199 801 2515 869 apostolico,
2542 815 2652 870 quo
2679 801 2900 870 scripsit
2935 819 2949 857 :
2979 802 3335 872 Filioli,quos

1763 908 1783 941 ι
1830 893 2024 944 iterum
2055 892 2323 960 parturio,
2370 892 2543 946 donec
2579 890 2894 946 eﬂ‘ormetur
2925 895 2977 944 in
3005 891 3154 948 vobis
3183 894 3336 948 Chri-

1764 999 1782 1032 ι
1830 993 1966 1048 slus,
1996 981 2205 1038 Galatis
2232 984 2566 1038 obtrectatus
2609 992 2693 1036 est
2717 1022 2735 1049 ,
2790 990 2846 1035 ut
2895 982 3072 1037 minus
3102 994 3244 1038 recte
3269 987 3335 1038 tle

1763 1090 1782 1122 ι
1829 1072 1938 1126 Deo
1999 1073 2382 1128 sentientibus.
2426 1091 2446 1124 ι
2507 1073 2669 1128 Certe
2743 1073 2994 1142 inquiens
3051 1076 3336 1143 parturivit

1759 1167 2014 1218 acerbum
2047 1167 2332 1234 quemdam
2369 1175 2426 1220 et
2471 1165 2911 1220 molestissimum
2959 1178 3176 1234 partum
3224 1179 3334 1221 tum

1759 1270 1880 1308 cum
1931 1256 2224 1312 resciverat
2251 1256 2498 1322 Galatas,
2543 1273 2649 1312 non
2683 1258 2776 1319 ita,
2830 1270 2889 1312 ut
2934 1259 3066 1328 ipse,
3120 1261 3185 1314 de
3232 1260 3338 1316 title

1759 1347 2052 1401 statuisse:
2093 1353 2152 1411 ιι(
2198 1365 2306 1402 non
2368 1349 2506 1404 duas
2562 1350 2899 1406 substantias
2957 1352 3282 1408 conﬁtentes
3316 1392 3333 1418 ,

1759 1451 1863 1490 non
1888 1453 1972 1493 res
2009 1440 2141 1494 duas
2168 1449 2219 1494 et
2241 1441 2534 1510 potentias,
2575 1457 2680 1497 non
2717 1443 2851 1497 duos
2884 1443 3015 1498 deos
3040 1458 3338 1512 agnoscen-

1759 1539 1858 1584 tes.
1886 1529 2019 1585 Nota
2049 1533 2178 1586 utihi
2219 1544 2403 1589 autem
2433 1543 2636 1603 quanto
2663 1551 2786 1588 cum
2819 1535 2942 1590 felle
2965 1544 3020 1590 et
3041 1535 3338 1592 acerbitate

1758 1621 2091 1676 cunvicietur
2122 1623 2194 1689 ei,
2230 1625 2321 1692 qui
2367 1625 2505 1679 nihil
2549 1640 2774 1693 prorsus
2814 1627 2865 1680 in
2889 1629 3090 1696 scripta
3132 1627 3334 1693 retulit,

1759 1723 1955 1781 prater
2021 1714 2163 1768 nuda
2227 1715 2610 1786 ipsissimaque
2652 1718 2895 1786 Apostoli
2947 1720 3132 1784 verba,
3178 1720 3336 1790 idque

1759 1803 1922 1858 etiam
1954 1807 2069 1874 ipso
2097 1804 2314 1861 favente
2339 1818 2679 1864 accusatore.
2705 1809 2773 1863 Et
2802 1809 2980 1865 adhuc
3008 1813 3102 1880 qui
3135 1810 3338 1868 fatetur

1759 1896 1862 1951 hoc
1890 1898 1944 1950 in
1972 1899 2094 1952 loco
2130 1897 2424 1954 Eusebium
2473 1900 2610 1956 duos
2657 1902 2789 1955 deos
2841 1903 3103 1971 proﬁteri,
3144 1913 3334 1973 utputa

1754 1987 1846 2056 qui
1891 2004 2012 2044 cum
2043 1989 2207 2046 Patre
2251 2007 2370 2058 suo,
2425 2007 2528 2046 una
2587 2002 2644 2048 et
2671 1992 2867 2048 Filium
2917 2009 3132 2063 quoque
3164 1993 3333 2050 Deum

1756 2090 2014 2149 agnoscat
2040 2095 2184 2148 esse,
2212 2099 2444 2154 pergens
2476 2101 2638 2155 porro
2663 2087 2715 2140 in
2749 2088 3132 2156 sequentibus,
3167 2081 3334 2144 veluti

1756 2171 1838 2224 sui
1879 2171 2100 2238 oblitus,
2147 2185 2205 2229 et
2265 2176 2656 2242 accusationis,
2693 2189 2925 2234 conatur
2971 2179 3220 2234 eumdem
3280 2190 3338 2235 et

1756 2261 2099 2329 calumniari,
2124 2267 2269 2336 quod
2304 2267 2507 2321 nudum
2541 2279 2750 2324 tantum
2799 2271 3070 2326 hominem
3106 2271 3338 2327 aﬁirmet

1755 2372 1876 2414 esse
1925 2358 2230 2416 Christum.
2269 2362 2578 2420 Antedictis
2619 2364 2861 2419 annectit
2897 2365 2950 2419 in
2983 2366 3338 2434 sequentibus

1758 2450 2110 2520 multiplicem
2150 2463 2206 2508 et
2245 2452 2461 2524 longam
2505 2457 2796 2524 quamdam
2849 2457 3335 2526 vaniloquentiam,

1757 2540 1902 2596 entia
1933 2550 1990 2598 et
2013 2557 2118 2598 non
2137 2544 2281 2598 entia
2307 2545 2672 2616 aggregando,
2701 2556 2908 2600 tantum
2928 2561 3032 2601 non
3063 2548 3131 2602 ad
3147 2563 3337 2604 eorum

1757 2647 1962 2688 morem
1989 2636 2081 2703 qui
2104 2635 2258 2689 aiunt
2284 2655 2298 2689 :
2320 2634 2486 2690 Labia
2507 2648 2684 2690 nostra
2710 2654 2864 2703 penes
2886 2654 2982 2692 nos
3003 2639 3142 2707 ipso:
3171 2649 3294 2694 sunt
3317 2654 3336 2692 :

1757 2729 1930 2797 ecquis
1977 2729 2144 2782 nostri
2186 2729 2494 2782 dominatur
2527 2729 2620 2783 ιιι
2677 2729 2814 2786 Hinc
2877 2741 3134 2802 apparet,
3194 2735 3339 2804 quod

1759 2821 1980 2875 memini
2007 2821 2300 2890 scripsisse
2351 2835 2436 2878 me
2471 2822 2540 2878 ab
2578 2822 2736 2878 initio
2777 2826 2988 2894 operis,
3045 2825 3115 2880 ab
3150 2825 3338 2881 hostili

1759 2911 2040 2968 inimicitia
2062 2923 2117 2968 et
2147 2913 2390 2970 fraterno
2410 2915 2534 2969 odio
2563 2917 2631 2970 ad
2650 2916 2994 2972 scribendum
3025 2919 3340 2988 prosiluisse

1759 3001 2092 3059 Marcellum.
2131 3002 2268 3059 Hinc
2300 3005 2579 3072 digressus
2609 3006 2663 3060 in
2699 3007 2975 3061 Asterium
3006 3010 3183 3065 denuo
3224 3021 3338 3066 tra-

1760 3096 1882 3166 gice
1928 3096 2280 3167 ampullatur,
2336 3099 2474 3153 bene
2507 3097 2724 3168 longam
2779 3099 2846 3154 de
2897 3099 2990 3154 illo
3049 3102 3341 3160 instituens

97 3199 114 3230 ι
148 3179 279 3250 ἔχων
307 3183 562 3256 Παυλίνῳ
582 3202 641 3238 τε
663 3185 758 3240 καλ⁵
786 3188 898 3250 τοῖς
925 3183 1124 3251 ἔξωθεν
1157 3185 1287 3257 περὶ
1315 3185 1450 3240 Θεοῦ
1482 3185 1658 3252 δόξαν.

1765 3186 2157 3242 narrationem.
2182 3185 2379 3241 Narrat
2401 3191 2672 3256 quomodo
2701 3189 2903 3257 passim
2938 3193 3340 3262 peregrinetur,

97 3289 114 3322 ι
150 3274 392 3346 Γέγραφε
423 3276 555 3349 γὰρ,
584 3277 682 3348 οὑχ
721 3278 797 3342 ὡς
827 3278 980 3343 ὄντος
1013 3279 1175 3348 μόνου
1203 3277 1360 3344 Θεοῦ,
1393 3278 1507 3334 ἀλλ’
1542 3279 1661 3342 ἐνὸς

101 3381 115 3414 t
150 3366 289 3432 ὄντος
317 3368 415 3422 τοῦ
453 3371 615 3441 μόνου
647 3369 904 3442 ἀληθινοῦ
949 3369 1108 3426 Θεοῦ.
1143 3370 1306 3426 Ὅθεν
1336 3371 1518 3427 τοίνυν
1553 3390 1660 3443 μα-

101 3475 118 3506 ι
152 3457 254 3511 θὼν
297 3462 393 3514 καὶ
428 3464 459 3516 ὁ
517 3463 795 3535 Ἀστερίου
841 3465 1023 3535 πατὴρ
1069 3464 1332 3528 Παυλῖνος
1368 3463 1663 3536 νεωτέρους

100 3567 114 3598 ι
151 3550 298 3618 θεοὺς
339 3552 482 3610 εἶναι
511 3554 666 3627 ᾠετο.
699 3576 719 3609 ι
749 3558 856 3611 Καὶ
888 3557 948 3611 ὲν
979 3556 1190 3621 τούτοις
1216 3556 1273 3611 δὲ
1298 3559 1375 3622 ὡς
1403 3555 1540 3610 θεῶν
1579 3556 1665 3612 δό-

94 3637 181 3705 ξαις
232 3645 554 3714 εἰσάγοντας
610 3649 874 3712 αίτιᾶται,
931 3647 1264 3719 ἀρνούμενος
1331 3647 1494 3710 αὐτὸς
1564 3645 1664 3718 τὴν

95 3731 306 3806 θεότητα
347 3736 442 3791 τοῦ
495 3738 648 3792 Υίοῦ’
703 3741 799 3794 καὶ
836 3741 1213 3812 παραθέμενος
1253 3741 1355 3812 τὴν
1402 3740 1663 3794 Εὐσεϐίου

94 3822 244 3895 λέξιν,
275 3829 543 3901 συνίησιν,
579 3831 655 3895 ὡς
690 3833 791 3886 οὐκ
813 3850 882 3904 ην
910 3832 1076 3887 αὑτοῦ
1117 3834 1151 3904 ἡ
1183 3832 1276 3887 τὸν
1314 3833 1536 3904 Πατέρα
1568 3833 1666 3904 μό-

94 3932 174 3971 νον
201 3919 452 3992 ἀληθινὸν
479 3921 613 3976 Θεὸν
649 3923 974 3978 διδάσκουσα
1005 3924 1179 3995 φωνὴ,
1207 3923 1302 3978 τοῦ
1328 3923 1385 3978 δὲ
1414 3925 1665 3996 Σωτῆρος

96 4006 237 4077 ἡμῶν
262 4011 570 4082 εἰρηκότος,
599 4013 701 4067 ἵνα
723 4013 1066 4084 γινώσκωσι
1087 4031 1161 4068 σε
1182 4016 1291 4068 τὸν
1309 4017 1504 4084 μόνον
1526 4015 1667 4084 ἁλη-

95 4101 249 4154 θινὸν
306 4105 486 4158 Θεόν·
540 4106 635 4158 καὶ
700 4106 820 4177 μεθ’
869 4108 1032 4180 ’ἐτερα
1089 4106 1413 4178 προστίθησι
1469 4105 1662 4174 λέγων·

102 4210 116 4239 ι
163 4193 308 4248 Ἐπεὶ
339 4197 505 4249 πόθεν
540 4200 670 4268 ἡμῖν
711 4200 776 4251 ὲκ
807 4197 917 4252 τῶν
952 4198 1112 4254 θείων
1141 4199 1464 4270 δυνήσονται
1495 4198 1666 4266 δεῖξαι

102 4303 117 4333 ι
157 4287 361 4356 ῥητῶν,
415 4290 500 4343 ὃτι
535 4285 615 4354 εἷς
663 4291 762 4362 μὲν
797 4291 1112 4363 ἀγέννητὸς,
1153 4285 1234 4354 εἷς
1280 4290 1339 4344 δὲ
1387 4289 1666 4360 γεννητὸς,

102 4394 117 4424 ι
151 4375 221 4440 ὡς
259 4380 413 4434 αὐτοὶ
450 4381 807 4453 γεγεννῆσθαι
850 4383 1013 4437 αὑτὸν
1047 4381 1506 4449 πεπιστεύκασινς
1542 4380 1666 4435 οὔτε

103 4487 118 4515 ι
157 4472 461 4542 προφητῶν,
497 4473 620 4527 οὒτε
659 4474 1079 4544 εύαγγελιστῶν,
1125 4473 1159 4544 ἢ
1193 4474 1506 4528 ἀποστόλων
1553 4473 1664 4545 (27)

103 4578 118 4609 ι
153 4561 288 4616 τοῦτ’
326 4565 646 4636 είρηκότων.
690 4585 708 4618 ι
747 4563 859 4620 Εἶθ’
888 4566 1076 4638 ὥσπερ
1107 4566 1166 4620 ὲν
1195 4565 1378 4628 ἄθλοις
1419 4567 1662 4637 ἀπογρα-

97 4653 341 4725 ψάμενος,
364 4659 499 4729 ὁμοῦ
533 4661 664 4730 πρὸς
687 4660 928 4722 ἅπαντας
955 4658 1464 4730 διαπληκτίσασθαι,
1499 4675 1661 4729 μετα-

99 4746 258 4802 ϐαίνει
291 4753 382 4804 ἐπὶ
413 4753 504 4804 τὸν
537 4753 866 4825 Νάρκισσον,
902 4753 994 4806 καί
1043 4769 1243 4824 φησιν’
1289 4771 1307 4803 ι
1347 4752 1509 4804 Ὥστε
1562 4749 1663 4804 κᾶν

103 4857 119 4889 t
157 4843 326 4897 ἐκεῖνό
349 4863 432 4910 τις
463 4847 631 4914 λέγοι,
655 4847 1080 4910 κατασκευάζων
1110 4844 1324 4916 πρῶτον
1348 4839 1488 4897 εἷναι
1509 4842 1664 4907 Θεὸν,

103 4953 120 4985 t
159 4940 245 4992 καὶ
283 4939 563 5010 δεύτερον,
615 4940 691 5003 ὼς
738 4941 1046 5010 Νάρκισσος
1100 4939 1288 5002 αὑταῖς
1341 4935 1518 5001 λέξεσι
1571 4934 1666 5003 γέ⁴

168 5130 223 5186 >Ι<
258 5124 357 5178 Ed.
389 5123 589 5187 Paris.,
616 5139 736 5193 pag.
773 5122 864 5177 Ἦ.

963 5123 1006 5154 ⁵⁵
1025 5122 1168 5176 Psal.
1190 5137 1263 5185 χι,
1290 5121 1344 5174 5.

165 5285 273 5353 (25)
307 5284 524 5350 Ἑαυτῷ
581 5285 898 5351 συνείρων.
947 5281 1110 5337 Forte
1164 5283 1244 5346 εἰς
1295 5281 1427 5336 αὐτὸ
1477 5281 1659 5335 συνεί-

105 5370 221 5424 ρων.
253 5355 317 5411 Π.
346 5385 418 5397 --
437 5357 552 5408 Mox
584 5356 741 5422 vulgo
765 5355 937 5406 ἔσται.

168 5427 274 5498 (‘26)
316 5427 506 5494 Ὅπως
531 5441 595 5479 τε
617 5421 928 5498 ἀποδημεῖ.
959 5424 1072 5476 Hoc
1094 5433 1176 5476 est
1207 5421 1352 5498 quod
1379 5421 1515 5484 dixi,
1538 5437 1660 5498 cur-

103 5494 282 5574 _s_itasse
311 5499 578 5574 Asterium
608 5511 624 5574 ξ
658 5495 857 5568 ρεμϐόν
890 5494 1390 5574 ειῆπεριφοιτητήν,
1420 5495 1661 5574 (ιιιυιΙ-ἰίθ

102 5565 186 5620 illo
223 5569 545 5620 Athanasius
578 5563 903 5620 obiervavit.
947 5563 1282 5634 Περιήρχετο
1316 5563 1415 5624 τὰς
1466 5563 1522 5614 ἐν
1565 5563 1664 5634 Συς

105 5636 224 5705 pia,
267 5640 361 5690 καὶ
392 5637 486 5698 τὰς
534 5636 696 5700 ἄλλας
740 5632 1060 5704 ἐκκλησίας,
1103 5632 1209 5688 etc.
1268 5632 1662 5705 lterutn,_§-)soﬁ

102 5702 233 5778 ἀνῆρ
267 5709 516 5760 Paulinus
536 5719 638 5770 est,
660 5708 846 5778 titinius
885 5702 1244 5778 malusquntu
1275 5702 1571 5778 (πυροί-ΠΜ.
1593 5732 1662 5742 --

103 5771 232 5830 Infia
279 5779 435 5847 vulgo
481 5793 602 5845 γεγ.
644 5777 774 5829 Θεὸν
808 5795 866 5829 π.
896 5775 951 5828 δὲ
998 5775 1089 5827 καὶ
1135 5790 1222 5825 κτ.
1247 5785 1300 5828 et
1340 5771 1416 5834 ὡς
1454 5772 1585 5835 Θεός
1615 5785 1668 5827 et

1763 3277 1874 3342 ubi,
1899 3278 2136 3348 quando.
2185 3288 2238 3332 et
2277 3279 2347 3333 ad
2388 3294 2524 3347 quos
2571 3278 2685 3334 itet.
2728 3279 2961 3336 Dimisso
2993 3282 3061 3336 de
3091 3284 3340 3339 nianibus

1764 3367 1956 3422 iterum
1979 3369 2092 3432 illo,
2118 3371 2170 3423 in
2189 3369 2470 3424 Paulinum
2487 3371 2663 3425 denuo
2686 3373 3042 3436 convertitur,
3064 3374 3338 3428 hominem

1764 3456 1878 3524 Dei,
1911 3459 2098 3514 verbis
2137 3459 2358 3514 totidem
2389 3461 2636 3515 scribens
2658 3459 2747 3531 [Β.
2779 3460 3019 3533 XXXIII]
3059 3480 3073 3518 :
3113 3482 3132 3514 ι
3177 3463 3342 3519 Dictis

1769 3566 1789 3600 ι
1829 3549 1980 3606 hisce
2003 3552 2196 3606 ductus
2222 3551 2452 3622 ethujus
2476 3560 2649 3620 pater,
2680 3551 2958 3620 Paulinus,
2993 3569 3100 3609 non
3125 3565 3342 3609 veretur

1770 3659 1790 3692 t
1835 3642 2062 3698 dictiset
2080 3644 2296 3714 scriptis
2318 3645 2559 3713 proﬁteri
2589 3645 3148 3700 ittterdumeristum
3167 3645 3337 3702 Deum

1771 3750 1790 3786 ι
1835 3748 1958 3790 esse
2010 3734 2204 3790 ordine
2272 3736 2609 3799 secundum;
2681 3737 3042 3806 enuidemque
3101 3739 3341 3794 humano

1769 3841 1790 3877 ι
1835 3840 1983 3879 more
2012 3824 2178 3880 Deum
2201 3829 2438 3897 genitum
2470 3845 2484 3881 :
2517 3829 2786 3882 interdum
2831 3844 2959 3884 vero
3003 3831 3339 3885 determinat

1770 3934 1789 3969 ι
1836 3917 1983 3972 illum
2007 3933 2128 3974 esse
2157 3929 2479 3976 creaturam.
2513 3920 2679 3991 quue
2705 3923 2808 3975 'ita
2855 3933 3065 3979 utesse
3099 3935 3336 3986 constet.

1770 4025 1790 4061 ι
1843 4010 2120 4085 sciendum
2161 4020 2246 4065 est
2272 4010 2421 4065 illum
2453 4011 2684 4082 Ancyrae
2716 4013 2994 4068 nobiscum
3031 4025 3336 4070 versantem

1771 4117 1792 4152 t
1831 4098 2161 4169 aliquando,
2212 4101 2488 4158 Christum
2543 4104 2871 4173 praedicasse
2916 4118 3230 4162 creaturam
3266 4128 3279 4164 :
3312 4106 3340 4162 ι’

1766 4209 1934 4264 seque
1969 4210 2090 4249 cum
2120 4209 2185 4250 eo
2215 4195 2404 4250 iniisse
2447 4195 2865 4264 disputationem
2902 4201 3183 4253 mentitur.
3237 4202 3341 4252 Ac-

1767 4295 1926 4341 cusat
1953 4286 2176 4356 insuper
2208 4285 2352 4350 hunc
2383 4285 2600 4343 beatmn
2629 4289 2834 4354 virum,
2861 4291 3016 4359 quasi
3041 4292 3175 4346 deos
3206 4293 3340 4344 mul-

1769 4386 1856 4431 tos
1885 4379 2186 4434 statuisset.
2220 4377 2429 4434 Relicto
2454 4380 2668 4434 demum
2693 4379 2936 4445 Paulino,
2963 4382 3160 4437 iterum
3181 4393 3340 4438 vacat

1769 4469 1999 4525 Eusebio
2012 4471 2354 4542 exagitaudo,
2375 4471 2721 4544 inquiens[R.
2745 4472 2985 4545 LXXIV]
3003 4492 3046 4528 τι
3061 4476 3174 4530 Hoc
3197 4476 3336 4529 idem

1779 4579 1797 4613 t
1839 4565 2058 4631 scripsit
2085 4575 2141 4617 et
2170 4565 2434 4620 Eusebius
2456 4565 2826 4630 Caesariensis,
2871 4569 3116 4621 eamdem
3152 4568 3339 4622 fovens

1774 4672 1793 4705 ι
1841 4670 1964 4708 cum
1999 4653 2223 4710 Paulino
2255 4667 2310 4711 et
2336 4671 2366 4710 a
2407 4658 2509 4711 ﬁde
2549 4657 2743 4711 alienis
2771 4658 2838 4711 de
2865 4658 2970 4712 Deo
3003 4659 3334 4728 Opinionem.

1775 4763 1794 4796 t
1842 4745 2074 4815 Scripsit
2121 4748 2301 4813 enim,
2339 4765 2443 4803 non
2491 4750 2643 4817 quasi
2693 4758 2835 4802 esset
2863 4749 3012 4803 solus
3048 4752 3208 4816 Deus,
3242 4755 3336 4806 sed

1777 4856 1795 4889 ι
1845 4855 1983 4894 unus
2033 4849 2179 4895 esset
2224 4857 2386 4896 verus
2417 4843 2565 4897 solus
2603 4844 2759 4898 Deus.
2817 4842 2969 4899 Unde
3010 4843 3234 4897 edoctus
3284 4855 3339 4898 et

1775 4953 1794 4986 ι
1842 4934 2038 4990 Asterii
2078 4943 2228 5004 pater
2267 4934 2541 5001 Paulinus,
2591 4933 2836 5002 juniores
2886 4939 3152 5007 quosdam
3209 4939 3340 4991 deos

1766 5275 1938 5330 Παυλ.
1965 5272 2189 5345 1'55va
2214 5284 2265 5345 et
2293 5273 2443 5338 ὄντος
2475 5274 2632 5345 μόνου
2662 5275 2754 5328 τοῦ
2781 5285 2835 5328 et
2864 5276 2976 5345 xuii
2994 5275 3138 5324 Ἀστ.

1839 5347 1950 5418 (27)
1991 5341 2162 5418 vulgo
2209 5341 2486 5418 'FLdﬁOG'C;
2513 5360 2567 5418 et
2613 5344 3049 5418 ἀπληκτίσασθαι
3097 5354 3146 5418 et
3197 5341 3340 5418 ὥστε

1771 5412 1868 5487 μὲν
1903 5412 1946 5467 ὲ.
1974 5431 2023 5466 τ.
2052 5413 2196 5487 λέγοι
2227 5412 2376 5481 (ὥστ’
2404 5418 2503 5468 οὐκ
2541 5416 2606 5468 ἄν
2813 5432 2975 5485 porro
3030 5413 3183 5481 vulgo
3231 5415 3337 5487 six:

1767 5482 1862 5557 τὴν
1894 5485 2121 5557 ἡμετέρ.
2167 5497 2218 5557 et
2269 5487 2420 5538 unc-is
2464 5488 2664 5540 inclusa
2695 5482 2838 5548 omf;
2887 5501 3009 5538 mox
3059 5491 3221 5551 yulgo
3245 5482 3340 5535 τοῦ

1768 5555 1898 5610 Εὗσ.
1931 5555 2090 5606 πάλιν
2114 5567 2163 5627 ct
2190 5556 2488 5624 dmxoﬁaat
2511 5557 2654 5627 βούλ.
2683 5571 2732 5610 et
2766 5557 3012 5627 ἑξήχεεν·
3041 5557 3162 5627 ιιιξὶιι
3190 5557 3343 5622 vulgo

1770 5601 1898 5610 ..-ν
2192 5601 2377 5607 mw--.
2408 5601 2488 5608 η.
2551 5601 2654 5611 η-..
2684 5601 2732 5610 ..-
2766 5601 2839 5619 -,.
2882 5601 2977 5626 ἱ---

1770 5625 1889 5679 εἶτα
1927 5625 2023 5695 μὲν
2061 5641 2110 5678 τ.
2135 5624 2229 5678 ἕνα
2263 5627 2322 5676 Θ.
2351 5601 2405 5676 ei
2445 5601 2692 5689 κὰζιεῖνος
2737 5641 2783 5677 el
2833 5601 2883 5678 Ei,
2909 5626 3006 5697 τὴν
3047 5624 3165 5677 ἐλπ.
3191 5665 3205 5688 9
3251 5632 3343 5699 ιίξ”

1773 5704 1933 5765 nique
1993 5696 2145 5766 vulgo
2196 5697 2577 5765 ὁμολογοῦντι,
2634 5696 2984 5770 μεμψάμενὸς
3037 5712 3100 5764 γε
3145 5709 3197 5749 et
3249 5696 3346 5750 νῦν

1772 5785 1870 5822 αυτ
1887 5786 1954 5820 ,νο
