3836 6216
3563 299 3674 352 772

415 325 513 380 ’ΠΙ
1082 314 1350 372 EUSEBII
1389 307 1858 368 CAESARIENSIS
1890 303 2041 362 OPP.
2082 303 2261 360 PARS
2300 301 2387 356 IV.
2429 330 2497 340 ——
2535 298 2955 355 DOGMATICA.

417 462 436 494 ι
483 441 782 495 arbitratus
817 446 900 492 est
923 449 1064 490 esse.
1093 453 1112 486 ι
1144 433 1314 499 Quos,
1343 433 1503 484 veluti
1548 430 1614 484 de
1642 427 1746 482 diis
1778 423 1986 494 Opinio-

2100 441 2112 474 ι
2155 437 2383 492 γραφεν.
2412 417 2577 471 Οὐδὲν
2618 416 2725 487 γὰρ
2758 415 3274 487 ωγχωρείόλέγων·
3311 414 3672 486 Ποιήσωμεν

413 550 510 590 nes
548 533 958 588 introducentes
989 537 1228 590 accusat,
1259 540 1381 579 cum
1408 523 1528 577 Filii
1556 523 1807 576 deitatem
1830 525 1986 586 neget

2100 533 2112 564 ι
2154 513 2466 580 ἄνθρωπον
2493 510 2834 563 κατέίκόνα
2861 510 3155 578 ἡμετέραν
3177 507 3275 561 καὶ
3297 509 3424 562 καθ’
3456 513 3665 579 ὁμοίω-

413 627 548 693 ipse.
592 623 692 689 Qui
723 622 766 675 si
800 619 964 674 verba
1021 617 1320 671 Eusebiana
1353 627 1654 684 proponere
1704 609 1983 672 voluisset,

2100 623 2111 656 I
2154 621 2259 656 σιν
2273 604 2374 672 (ὅτι
2395 603 2491 672 μὲν
2509 600 2672 663 αὐτὸς
2689 601 2820 654 καὶὸ
2837 599 3026 671 Πατὴρ
3038 600 3201 653 αὑτοῦ
3215 601 3308 654 δύο
3320 602 3478 663 εἰσὶν,
3498 602 3677 654 αὑτοῦ

414 691 769 768 intellexisset
798 708 985 778 procul
1018 707 1181 760 dubio
1214 717 1317 758 non
1349 703 1439 756 illa
1461 714 1600 764 esse,
1619 714 1740 768 qua:
1769 699 1982 752 Patrem

2100 715 2111 747 I
2153 695 2247 748 τοῦ
2297 694 2502 764 Κυρίου
2540 691 2939 762 μαρτυροῦντος
2993 692 3089 745 καὶ
3135 691 3244 744 τῶν
3302 691 3475 760 ἁγίων
3525 694 3569 744 Γ
3577 711 3676 764 ρας

411 805 585 858 solum
611 817 799 856 verutn
814 799 982 854 Deum
1003 798 1332 862 docuissent,
1355 810 1476 850 cum
1497 810 1524 847 a
1545 792 1835 847 Servatnre
1859 805 1984 859 pro—

413 895 580 950 latum
599 894 668 950 sit
698 893 851 958 illud,
868 901 921 944 ut
946 905 994 944 te
1019 899 1330 960 cognoscant
1349 886 1518 940 solum
1543 899 1718 938 verum
1737 883 1899 935 Deum
1916 879 1983 933 ⁵⁸.

411 988 544 1042 Post
591 984 852 1040 nonnulla
905 981 1176 1037 subnectit
1241 979 1492 1048 inquiens
1553 975 1645 1048 [IL
1704 971 1913 1044 XXVII]
1969 991 1980 1023 :

419 1100 438 1132 ι
486 1078 730 1147 Namque
776 1076 917 1130 unde
975 1074 1066 1129 ille
1109 1072 1267 1126 nobis
1301 1072 1674 1126 demonstrare
1721 1066 1920 1136 poterit
1955 1079 1986 1118 e

419 1191 438 1224 ι
487 1169 785 1239 Scripturis
819 1168 1026 1228 sacris,
1064 1179 1232 1216 unum
1287 1177 1407 1216 esse
1452 1161 1788 1230 ingenitum,
1821 1172 1984 1211 unum

420 1282 439 1315 ι
486 1264 613 1317 item
641 1259 879 1331 genitum
909 1262 967 1320 ᾗ
996 1256 1082 1326 (eo
1111 1254 1270 1308 modo
1301 1254 1556 1306 nimirum
1584 1265 1692 1320 quo
1719 1263 1840 1304 esse
1863 1264 1984 1303 eum

421 1377 438 1410 ι
485 1359 720 1428 genitum
749 1357 848 1426 ipsi
878 1355 1222 1420 autumant),
1246 1367 1367 1407 cum
1398 1351 1783 1420 prophetarum
1811 1347 1984 1401 nullus

421 1467 440 1501 ι
485 1461 580 1502 aut
614 1448 1093 1518 evangelistarum,
1124 1445 1304 1498 nullus
1334 1442 1700 1513 apostolorum
1747 1441 1799 1493 id
1843 1439 1988 1492 aﬂir-

420 1560 440 1594 ι
487 1541 658 1596 met?»
693 1541 970 1608 Deinceps,
1016 1553 1122 1592 non
1147 1551 1308 1591 secus
1333 1549 1495 1604 quam
1524 1535 1614 1602 qui
1653 1533 1705 1585 in
1735 1531 1986 1586 certami-

414 1633 574 1689 nibus
603 1631 956 1695 describitur,
993 1629 1060 1684 ad
1097 1642 1314 1682 manum
1357 1641 1478 1680 cum
1517 1625 1768 1678 omnibus
1791 1636 1985 1676 conse-

415 1727 660 1786 rendam,
695 1722 905 1777 confert
930 1735 988 1776 se
1014 1721 1078 1774 ad
1123 1719 1432 1773 Narcissum
1459 1726 1512 1770 et
1545 1713 1741 1786 ait[ll.
1775 1711 1979 1782 LXX]:

420 1831 438 1864 ι
486 1813 619 1879 Quis
650 1822 828 1866 autem
879 1810 1012 1864 illud
1054 1808 1313 1873 afﬁrmat,
1355 1807 1548 1861 nedum
1582 1805 1993 1869 contendit,.ut
2022 1786 2065 1842 Β

420 1925 440 1958 ι
486 1905 773 1960 Narcissus
807 1904 1025 1958 disertis
1065 1901 1248 1956 verbis
1301 1900 1532 1965 asserit,
1591 1898 1825 1968 primum
1873 1911 1993 1950 esse

423 2016 442 2048 ι
492 1995 680 2060 Deum,
728 2002 783 2047 et
813 1994 1137 2048 secundum.
1186 1989 1302 2044 Non
1351 1998 1502 2043 certe
1543 1988 1832 2043 confirmat
1887 1987 1993 2041 hoc

424 2106 446 2140 ι
491 2089 635 2156 quod
666 2086 889 2150 dicitur,
919 2085 1072 2148 illud,
1119 2081 1406 2137 Faciamus
1452 2083 1712 2135 hominem
1749 2080 1816 2133 ad
1855 2081 1993 2132 ima-

426 2198 444 2230 ι
491 2195 660 2248 ginem
715 2186 947 2230 nostram
1000 2185 1051 2229 et
1093 2175 1488 2228 similitudinem
1539 2172 1607 2204 “'
1660 2171 1801 2241 (ipse
1842 2171 1988 2223 enim

421 2270 681 2325 Dominus
731 2278 982 2332 testatur,
1014 2275 1070 2321 et
1120 2267 1314 2337 partim
1360 2265 1662 2320 audivimus
1715 2279 1744 2317 a
1789 2265 1994 2318 sanctis

421 2363 736 2433 Scripturis,
762 2361 888 2432 quia
934 2363 1050 2431 ipse
1085 2361 1357 2430 ipsiusque
1396 2359 1559 2412 Pater
1600 2358 1707 2409 duo
1754 2365 1898 2412 sunt.
1937 2355 1992 2407 Si

421 2471 555 2526 ergo
582 2454 868 2509 Narcissus
891 2453 1096 2506 idcirco
1125 2451 1253 2506 velit
1278 2449 1470 2505 Filium
1501 2463 1530 2502 a
1570 2446 1730 2500 Patre
1755 2445 1994 2514 potentia

421 2546 697 2611 dividere,
748 2545 962 2598 noverit
1005 2544 1132 2610 quia
1189 2541 1276 2595 ille
1323 2539 1430 2609 qui'
1466 2537 1684 2604 scripsit
1739 2535 1994 2605 propheta

425 2640 580 2710 quasi
616 2639 754 2693 Deus
793 2637 991 2690 dixerit
1029 2652 1043 2689 :
1095 2633 1382 2687 Faciamus
1407 2633 1664 2686 hominem
1700 2631 1769 2682 ad
1812 2627 1998 2696 imagi-

427 2750 447 2783 ι
489 2746 604 2786 nem
654 2739 890 2784 nostram
940 2739 988 2783 et
1040 2725 1480 2794 similitudinem),
1545 2724 1660 2791 ipse
1689 2723 1812 2776 ait:
1858 2737 1878 2770 ι
1925 2718 1994 2772 Et

433 2843 452 2878 ι
496 2823 616 2895 fecit
689 2824 954 2877 hominem
1015 2820 1172 2873 Deus.
1242 2838 1259 2870 ι
1319 2817 1526 2872 Relicto
1585 2814 1877 2878 Narcisso,
1941 2814 1996 2867 in

425 2917 695 2972 Asterium
730 2914 922 2970 scribit
955 2912 1047 2985 [Β.
1087 2909 1271 2982 LXIII]
1315 2926 1328 2963 :
1361 2928 1379 2961 ι
1423 2909 1600 2964 Unum
1649 2918 1813 2976 atque
1855 2907 1994 2960 idem

427 3025 446 3059 ι
485 3021 603 3061 esse
620 3008 930 3076 pronuntiat
952 3004 1218 3067 Asterius,
1239 3003 1453 3056 Patrem
1477 3000 1813 3054 solummodo
1837 3010 1997 3067 atque

429 3113 447 3145 ι
491 3093 682 3148 Filium
740 3094 792 3147 in
844 3108 910 3148 eo
957 3091 1099 3163 quod
1156 3107 1251 3162 per
1298 3090 1479 3144 omnia
1542 3089 1889 3144 consentiant
1939 3097 2064 3183 etC

429 3203 447 3235 ι
493 3185 848 3254 eonspirent;
918 3183 996 3237 ait
1034 3185 1180 3237 enim
1224 3201 1238 3236 :
1292 3181 1521 3251 Propter
1581 3181 1990 3235 exactissimam

430 3293 449 3326 ι
500 3275 644 3328 illam
712 3274 1125 3330 consonantiam
1185 3277 1238 3326 in
1300 3272 1552 3326 omnibus
1610 3272 1770 3325 dictis
1831 3279 1994 3337 atque

431 3385 451 3417 ι
496 3367 674 3431 Iactis,
728 3365 926 3420 dicitur
953 3381 969 3419 :
999 3362 1107 3434 Ego
1141 3373 1186 3417 et
1230 3359 1392 3414 Pater
1437 3376 1598 3414 unum
1631 3375 1810 3413 sumus
1860 3360 1926 3414 ⁵⁷.
1969 3378 1987 3412 ι

423 3459 697 3515 lnvehitur
737 3459 930 3514 deinde
980 3457 1032 3512 in
1087 3454 1377 3511 Eusebium
1427 3455 1500 3507 ita
1529 3453 1618 3525 [[ὶ.
1653 3450 1941 3523 LXXXIX]
1975 3468 1990 3505 ι

430 3573 450 3606 ι
499 3553 846 3610 Servatorem
886 3552 1160 3606 hominem
1195 3550 1364 3604 fuisse
1399 3548 1553 3603 docet
1581 3565 1597 3602 :
1632 3547 1792 3616 idque
1828 3546 1996 3614 liquet

429 3667 450 3700 ι
501 3648 553 3702 in
598 3661 665 3702 eo
711 3645 854 3714 quod
905 3645 1200 3699 vaferrime
1254 3643 1578 3697 sententiam
1641 3639 1992 3709 apostolicam

427 3758 448 3792 ι
495 3739 732 3794 traducit
761 3737 1032 3792 Eusebius
1065 3737 1134 3790 ad
1159 3749 1311 3790 suam
1343 3734 1678 3788 voluntatem
1713 3730 1992 3785 constabi-

428 3849 450 3885 ι
495 3832 753 3886 liendam.
790 3830 966 3885 Veluti
989 3828 1134 3883 enim
1159 3827 1250 3896 qui
1273 3827 1384 3896 jam
1415 3827 1616 3879 dudum
1640 3824 1992 3893 parturierat,

431 3941 452 3977 ι
500 3934 558 3976 ιιι
601 3923 654 3976 in
698 3922 870 3976 lucem
913 3919 1309 3988 blasphemiam
1339 3917 1666 3971 horrendam
1700 3915 1994 3985 productu-

431 4036 450 4068 ι
501 4031 610 4078 rus,
636 4015 708 4068 ita
739 4014 805 4066 de
843 4028 942 4068 suo
973 4012 1191 4081 proprio
1219 4009 1473 4064 thesauro
1500 4005 1686 4061 eIIudit
1709 4006 1994 4071 malitiam,

431 4125 451 4158 ι
488 4107 640 4176 juxta
663 4106 864 4160 dictum
881 4104 1210 4159 Servatoris.
1230 4102 1473 4170 Namque
1490 4109 1806 4155 ostensurus
1824 4101 1996 4152 homi-

429 4216 450 4250 ι
501 4212 621 4252 nem
661 4197 834 4252 solum
897 4196 1244 4252 Servatorem
1302 4195 1610 4260 exstitisse,
1669 4207 1776 4248 non
1835 4194 1997 4248 aliter

431 4309 453 4346 ι
497 4305 657 4359 quam
685 4289 777 4359 qui
809 4289 1124 4358 mysterium
1148 4286 1526 4342 absconditum
1557 4285 1802 4356 Apostoli
1829 4285 1999 4340 mani-

430 4401 451 4434 ι
501 4383 795 4437 festaturus
825 4391 964 4448 erat,
996 4385 1081 4451 ,ita
1132 4381 1310 4452 inquit
1341 4403 1352 4436 :
1384 4381 1724 4450 Quapropter
1769 4379 1998 4449 apertis-

2092 807 2112 840 ι
2153 788 2269 858 φῶν
2303 790 2367 841 ὲκ
2402 787 2598 858 μέρους
2637 785 2972 855 ἠκούσαμεν.
3021 785 3084 838 Ei
3125 785 3304 837 τοίνυν
3352 783 3679 856 Νάρκισσος

2093 902 2109 933 ι
2150 881 2237 934 διὰ
2275 880 2434 934 τοῦτο
2464 879 2692 950 διαιρεῖν
2729 877 2955 948 δυνάμει
2984 878 3075 930 τὸν
3105 877 3275 946 Λόγον
3305 877 3400 930 τοῦ
3449 879 3679 948 Πατρὸς

2092 995 2110 1027 ι
2151 975 2319 1030 ἐθέλοι
2337 1015 2350 1038 ,
2378 973 2568 1044 γνώτω
2596 975 2676 1026 ὅτι
2702 974 2730 1025 6
2756 971 2967 1043 γράψας
2993 977 3276 1042 προφήτης
3301 972 3495 1035 ὼςτοῦ
3527 972 3679 1024 Θεοῦ

2092 1091 2110 1124 ι
2151 1071 2460 1142 είρηκάτοςο
2510 1069 2860 1137 Ποιήσωμεν
2912 1070 3226 1136 ἄνθρωπον
3274 1067 3398 1119 κατ’
3459 1067 3682 1119 εἰκόνα

2093 1185 2111 1216 ι
2153 1164 2443 1233 ἡμετέραν
2498 1162 2597 1214 καὶ
2649 1161 2778 1215 καθ’
2829 1161 3152 1229 ὁμοίωσιν),
3184 1160 3342 1222 αὐτὸς
3385 1159 3676 1230 γέγραφε

2093 1277 2110 1306 ι
2150 1255 2260 1309 Καὶ
2286 1254 2574 1321 ἐποίησεν
2603 1257 2635 1307 ό
2659 1253 2801 1319 Θεὸς
2825 1251 2930 1305 τὸν
2962 1251 3291 1320 ἄνθρωπον.
3325 1271 3344 1302 ι
3363 1252 3475 1304 Καὶ⁷
3499 1268 3679 1322 μετα-

2088 1347 2189 1410 ϐὰς
2213 1346 2319 1399 ἀπὸ
2348 1345 2660 1417 Ναρκίσσου
2696 1345 2787 1397 ἐπὶ
2809 1345 2902 1398 τὸν
2933 1345 3226 1415 Ἀστέριον,
3247 1342 3417 1397 ταῦτα
3441 1345 3679 1414 γράφει·

2094 1456 2112 1488 ι
2159 1438 2254 1490 ’Ἐν
2304 1437 2412 1508 γάρ
2451 1433 2591 1490 εἶναι
2630 1439 2723 1489 καὶ
2768 1438 2964 1490 ταύτὸν
3012 1437 3285 1508 Ἀστέριος
3327 1436 3471 1490 κατὰ
3509 1436 3679 1490 τοῦτο

2094 1547 2112 1580 ι
2154 1530 2471 1600 ἀπεφήνατο
2507 1529 2666 1599 μόνον
2703 1529 2791 1581 τὸν
2845 1528 3063 1598 Πατέρα
3099 1530 3195 1582 καὶ
3227 1529 3316 1582 τὸν
3357 1529 3504 1592 Υἱὸν,
3543 1529 3679 1581 καθ’

2094 1639 2112 1671 ι
2152 1621 2180 1673 ὃ
2210 1623 2268 1674 έν
2298 1622 2431 1673 πᾶσι
2463 1621 2863 1690 συμφωνοῦσιν.
2898 1621 3054 1674 Οὕτω
3099 1622 3206 1693 γὰρ
3252 1621 3386 1691 ἔφη·
3427 1623 3541 1675 Καὶ
3585 1622 3680 1675 διὰ

2095 1731 2112 1762 ι
2155 1712 2254 1783 τὴν
2289 1714 2347 1765 ὲν
2377 1714 2510 1766 πᾶσι
2533 1712 2708 1781 λόγοις
2752 1729 2810 1764 τε
2843 1713 2938 1765 καὶ
2984 1713 3165 1784 ἔργοις
3204 1713 3402 1785 ἀκριϐῆ
3439 1730 3680 1783 συμφω-

2100 1823 2118 1856 ι
2155 1805 2292 1869 νίαν,
2337 1805 2482 1874 Ἐγὼ
2510 1807 2604 1858 καὶ
2648 1808 2680 1859 ό
2708 1805 2910 1873 Πατὴρ
2953 1805 3024 1859 ἓν
3052 1807 3256 1874 ἐσμεν.
3301 1826 3319 1856 ι
3355 1808 3465 1859 Καὶ
3498 1807 3679 1858 Εὐσε-

2094 1897 2210 1950 6ίου
2244 1897 2403 1950 πάλιν
2427 1895 2961 1965 καθάπτεται.λέγων
2985 1914 2998 1926 ·
3031 1915 3049 1947 ι
3087 1897 3404 1969 ’Ἄνθρωπον
3431 1896 3542 1966 γὰρ
3576 1895 3676 1949 τὸν

2100 2009 2118 2042 ι
2161 1991 2389 2062 Σωτῆρα
2427 1985 2563 2044 εἶναι
2599 1989 2862 2060 βούλεται.
2909 1990 3075 2062 Δῆλον
3106 1990 3161 2044 δὲ
3203 1991 3296 2060 ἀφ’
3323 1985 3398 2044 ὧν
3429 1991 3678 2062 πανούρο

2099 2103 2117 2135 ι
2157 2102 2266 2153 γως
2318 2084 2386 2137 τὰ
2421 2085 2515 2136 τοῦ
2550 2085 2868 2138 Ἀποστόλου
2923 2084 3061 2156 ῥητὰ
3111 2084 3366 2148 Εὐσέϐιος
3415 2085 3556 2157 πρὸς
3614 2084 3678 2138 τὸ

2100 2195 2119 2227 ι
2158 2175 2350 2231 ἑαυτοῦ
2394 2178 2692 2248 μετήνεγκε
2737 2177 3000 2248 βούλημα.
3058 2177 3146 2241 Ὠς
3180 2178 3286 2249 γὰρ
3326 2179 3391 2230 ὲκ
3430 2177 3678 2240 παλαιᾶς

2101 2287 2118 2320 ι
2159 2285 2300 2332 τινος
2321 2268 2528 2332 ὠδῖνος,
2550 2269 2812 2340 μεγίστην
2835 2271 3144 2341 ἀποκυῆσαι
3168 2268 3485 2340 βουλόμενος
3507 2269 3678 2338 βλασ-

2101 2378 2119 2410 ι
2159 2360 2389 2432 φημίαν,
2425 2359 2640 2430 ἐξέχεεν
2687 2361 2796 2413 άπὸ
2832 2360 2925 2414 τοῦ
2998 2360 3126 2413 ίδίου
3181 2360 3475 2432 θησαυροῦ,
3527 2360 3680 2414 κατὰ

2102 2474 2120 2506 ι
2159 2457 2256 2527 τὴν
2287 2456 2381 2510 τοῦ
2427 2456 2679 2524 Σωτῆρος
2731 2456 2906 2526 ῥῆσιν,
2941 2453 3003 2508 τὺ
3044 2453 3299 2525 πονηρόν.
3348 2453 3680 2523 ’Ἄνθρωπον

2101 2564 2119 2596 ι
2160 2545 2268 2618 γὰρ
2313 2546 2470 2618 μόνον
2510 2546 2602 2598 τὸν
2633 2545 2858 2615 Σωτῆρα
2886 2543 3055 2608 δεῖξαι
3085 2543 3422 2614 βουλόμενος,
3470 2543 3548 2605 ὡς
3583 2543 3684 2612 μέ-

2102 2657 2121 2690 (
2159 2655 2342 2707 γιστον
2381 2640 2515 2709 ἡμῖν
2563 2638 2869 2709 ἀπόρρητον
2900 2637 2994 2690 τοῦ
3039 2637 3358 2689 Ἀποστόλου
3400 2635 3680 2690 ἀνακαλύ-

2103 2749 2120 2781 i
2163 2745 2312 2782 πτων
2357 2730 2675 2801 μυστήριον,
2701 2730 2874 2794 οὕτως
2900 2730 3025 2801 ἔφη·
3061 2731 3153 2784 Διὸ
3179 2731 3491 2799 σαφέστατα
3521 2731 3622 2783 καὶ
3649 2731 3679 2782 6

2103 2843 2121 2875 ι
2161 2823 2302 2887 θεῖος
2345 2822 2692 2887 Ἀπόστολος,
2721 2824 2820 2894 τὴν
2843 2823 3148 2894 ἀπόρρητον
3181 2825 3310 2892 ἡμῖν
3349 2824 3442 2875 καὶ
3479 2841 3679 2894 μυστι-

2103 2933 2121 2966 ι
2161 2915 2262 2986 κὴν
2299 2915 2620 2987 παραδιδοὺς
2645 2915 2940 2984 θεολογίαν,
2984 2915 3082 2985 βοᾷ
3107 2915 3199 2967 καὶ
3225 2914 3529 2987 κέκραγεν·
3569 2910 3678 2978 Εἷς

2103 3025 2122 3058 ι
2167 3010 2201 3061 ό
2219 3007 2379 3074 Θεός.
2400 3002 2530 3062 Εἶτα
2557 3008 2696 3079 μετὰ
2713 3009 2804 3062 τὸν
2823 3007 2919 3061 ’ἐνα
2935 3007 3066 3060 Θεόν
3090 3023 3271 3077 φησιν·
3303 3003 3406 3071 Εἷς
3415 3009 3676 3075 μεσίτης

2102 3115 2122 3149 ι
2163 3097 2311 3152 Θεοῦ
2334 3099 2430 3151 καὶ
2453 3099 2792 3168 ἀνθρώπων,
2819 3098 3125 3166 ἄνθρωπος
3138 3098 3374 3166 Ἰησοῦς
3392 3097 3676 3166 Χριστός.

2105 3209 2124 3242 ι
2164 3191 2226 3243 Εί
2266 3192 2442 3244 τοίνυν
2487 3190 2770 3263 ἄνθρωπον
2817 3190 2980 3243 αὐτὸν
3030 3187 3167 3242 εἷναί
3195 3207 3359 3260 φησι,
3426 3193 3495 3261 τῇ
3533 3191 3676 3244 κατά

2106 3303 2123 3334 ι
2165 3284 2342 3356 σάρκα
2392 3282 2552 3336 αὐτοῦ
2613 3283 2748 3355 μόνῃ
2788 3283 3068 3353 προσέχων
3111 3282 3409 3354 οἰκονομίᾳ,
3455 3282 3677 3346 πάντως

2106 3396 2124 3428 ι
2163 3381 2380 3431 κάκεῖνο
2409 3377 2844 3448 συνομολογεῖτὸ
2875 3378 3009 3449 μηδὲ
3046 3377 3189 3447 ἔχειν
3222 3375 3411 3429 ἐλπίδα
3456 3377 3545 3428 ἐπ’
3584 3375 3681 3427 αὖ·

2105 3490 2122 3519 ι
2162 3470 2274 3522 τόν.
2311 3469 2770 3538 Ἐπικατάρατος
2794 3469 2902 3542 γάρ
2923 3467 3249 3538 ἅνθρωπος,
3299 3471 3328 3521 6
3388 3469 3682 3539 προφήτης

2106 3580 2124 3610 ι
2159 3561 2422 3631 Ἱερεμίας
2443 3561 2567 3633 ἔφη,
2596 3561 2666 3625 ὃς
2685 3561 3024 3629 τὴνέλπίδα
3048 3562 3172 3629 ἔχει
3193 3561 3286 3613 ἐπ’
3302 3559 3675 3631 ἇνθρωπον.ι

2111 3651 2272 3722 ὐρᾷς
2303 3652 2450 3714 ὅπως
2489 3653 2522 3720 ἡ
2571 3651 2738 3705 κακία
2777 3651 3092 3720 τυφλώττει.
3129 3650 3313 3705 Ταῦτα
3340 3650 3472 3719 γοῦν
3514 3652 3682 3712 αὐτὸς

2103 3745 2454 3816 μαρτυρήσας
2482 3743 2614 3797 Θεὸν
2657 3736 3002 3814 ὁμολογοῦντι
3041 3744 3130 3797 τὸν
3152 3744 3299 3808 Υίὸν,
3329 3743 3682 3814 μεμφόμενός

2098 3851 2158 3886 τε
2197 3837 2289 3890 ἐπὶ
2316 3836 2509 3906 τούτῳ,
2545 3837 2619 3900 ὡς
2645 3837 2775 3890 Θεὸν
2799 3837 2956 3908 οὐσίᾳ
2996 3837 3084 3890 καὶ
3127 3837 3354 3906 δυνάμει
3390 3835 3682 3904 ὑφεστῶτα

2100 3931 2190 3984 τὸν
2217 3929 2312 3983 τοῦ
2359 3929 2494 3982 Θεοῦ
2533 3930 2702 3998 Λόγον
2735 3930 3025 3998 εἰσάγοντι,
3066 3927 3161 3982 νῦν
3207 3929 3297 3982 τὸν
3323 3928 3487 3981 αὑτὸν
3519 3943 3683 3979 συκο-

2103 4025 2310 4092 φαντεῖ,
2345 4022 2418 4086 ὡς
2458 4020 2611 4090 ψιλὸν
2653 4020 2938 4091 ἄνθρωπον
2978 4019 3202 4088 λέγοντα
3243 4014 3381 4071 εἶναι
3420 4019 3511 4071 τὸν
3548 4021 3682 4089 Χρι-

2104 4115 2245 4180 στὸν,
2277 4114 2564 4186 προφανῶς
2593 4114 3094 4184 καταψευδόμενος,
3133 4112 3189 4165 ἐν
3237 4129 3293 4165 τε
3338 4106 3420 4175 οἷς
3467 4112 3678 4183 εἴρηκε,

2103 4207 2195 4260 καὶ
2243 4207 2300 4258 ὲν
2341 4201 2421 4270 οἷς
2469 4205 2595 4276 ἑξῆς
2646 4205 2840 4274 ἐπάγει
2879 4202 3032 4267 αὖθις
3091 4203 3218 4274 περὶ
3259 4204 3422 4256 αὐτοῦ
3475 4203 3676 4271 λέγων·

2108 4315 2127 4348 ι
2181 4296 2318 4348 Ἀλλ’
2354 4299 2382 4350 6
2414 4297 2825 4368 προειρημένος,
2867 4295 3072 4366 βραχέα
3103 4295 3211 4348 τῶν
3257 4295 3428 4360 άγίων
3469 4312 3683 4365 προφη-

2109 4407 2127 4439 ι
2165 4389 2273 4442 τῶν
2309 4388 2599 4457 φροντίσας
2618 4428 2632 4452 ,
2654 4388 2731 4451 ὡς
2769 4388 3076 4459 ἀπόρρητόν
3107 4403 3226 4439 τινα
3255 4386 3350 4436 καὶ
3383 4385 3680 4437 λανθάνου-

430 4493 450 4527 ‹
497 4475 634 4530 sime
662 4475 876 4529 divinus
907 4474 1198 4544 Apostolus
1223 4475 1596 4530 absconditam
1630 4484 1682 4528 et
1713 4475 1991 4546 mysticam

2107 4499 2124 4532 ι
2167 4497 2267 4534 σαν
2293 4480 2387 4533 τοῦ
2434 4479 2755 4534 Ἀποστόλου
2799 4481 3076 4547 θεολογίαν
3115 4478 3508 4549 ἐξηγούμενος-⁸
3580 4474 3682 4543 ΕῘς

432 4585 452 4619 s
501 4568 656 4622 nobis
689 4567 1016 4638 theologiam
1059 4567 1425 4634 revelaturus,
1470 4566 1670 4622 clamat
1711 4576 1766 4621 et
1803 4565 2000 4622 vocife-

431 4678 450 4712 ι
501 4671 679 4714 ratur:
701 4657 847 4714 Unus
886 4671 961 4714 est
998 4660 1138 4714 Deus
1159 4660 1228 4715 ⁸⁸.
1255 4659 1322 4713 Et
1339 4667 1622 4729 postquam
1644 4657 1808 4712 Deum
1831 4673 1996 4712 unum

432 4772 450 4804 ι
498 4767 620 4808 esse
667 4753 1126 4818 conﬂrmaverat,
1188 4751 1538 4806 Mediatorem
1565 4765 1779 4820 quoque
1832 4767 1995 4804 unum

435 4861 454 4896 ι
504 4843 598 4898 Dei
621 4853 774 4915 atque
799 4845 1065 4898 hominum
1094 4844 1377 4898 constituit
1405 4844 1474 4908 ⁵⁸,
1505 4843 1778 4897 hominem
1812 4842 1994 4896 Iesum

433 4954 452 4988 ι
499 4936 794 4993 Christum.
859 4937 1013 5003 Quod
1074 4938 1122 4994 si
1173 4952 1302 5007 ergo
1357 4936 1630 4992 hominem
1679 4935 1798 4988 ideo
1849 4933 1996 4986 illum

433 5049 453 5084 ι
493 5030 744 5100 appellet,
780 5031 922 5100 quod
949 5033 1245 5100 respiceret
1264 5046 1407 5097 eam,
1445 5045 1563 5099 quae
1594 5037 1676 5084 est
1701 5029 1996 5084 secundum

434 5143 452 5176 ι
498 5139 744 5189 carnem,
776 5125 1162 5190 oeconomiam,
1189 5139 1295 5178 non
1323 5132 1499 5192 potest
1537 5121 1653 5176 ﬁeri
1682 5121 1810 5190 quin
1839 5119 2000 5174 simul

2113 4589 2131 4621 ι
2169 4569 2332 4635 Θεὸς,
2367 4569 2494 4641 ἔφη,
2514 4565 2602 4635 εἷς
2633 4571 2731 4623 καί
2754 4571 3008 4640 μεσίτης
3032 4569 3180 4622 Θεοῦ
3203 4569 3299 4621 καὶ
3331 4568 3680 4635 ἀνθρώπων,

2110 4679 2128 4712 ι
2156 4659 2463 4729 ἅνθρωπος
2478 4661 2715 4728 Ἰησοῦς
2731 4663 3002 4730 Χριστός.
3028 4680 3047 4712 ι
3066 4660 3174 4714 Καὶ
3188 4663 3216 4714 6
3231 4658 3404 4712 ταῦτα
3439 4661 3678 4730 γράψας.

2104 4752 2196 4805 καὶ
2229 4751 2433 4822 σφόδρα
2464 4753 2556 4804 ἐπὶ
2605 4751 2683 4822 τῷ
2739 4753 3040 4824 μεμνῆσθαι
3085 4751 3191 4805 τῶν
3227 4751 3456 4821 Γραφῶν
3516 4767 3683 4819 μεγα-

2102 4843 2335 4914 λαυχῶν,
2369 4845 2468 4910 οῦκ
2503 4845 2800 4915 ἐνενόησεν,
2829 4845 2912 4897 ὅτι
2945 4846 2972 4895 6
3003 4842 3162 4896 τοῦτο
3193 4842 3410 4912 γράψας
3437 4841 3681 4908 ἁγιώτα-

2103 4953 2194 4999 τος
2233 4936 2551 4999 Ἀπόστολος
2598 4938 2692 4989 καὶ
2725 4939 2898 4989 έκεῖνο
2931 4937 3042 5006 (‘28)
3090 4937 3398 5006 γέγραφεν·
3463 4938 3560 4999 Ὃς
3613 4934 3683 4985 ἐν

2099 5027 2298 5096 μορφῇ
2327 5027 2475 5081 Θεοῦ
2501 5028 2803 5097 ὑπάρχων,
2833 5030 2946 5096 οὐχ
2975 5028 3288 5096 ἁρπαγμὸν
3309 5026 3585 5096 ἡγήσατο
3615 5028 3680 5078 τὸ

2103 5119 2254 5172 εἶναι
2301 5118 2407 5172 ἴσα
2454 5119 2596 5184 Θεῷ,
2641 5119 2774 5173 ἀλλ’
2815 5118 3113 5172 ἐκένωσεν
3142 5119 3362 5172 ἑαυτὸν
3380 5159 3394 5179 ,
3435 5117 3677 5187 μορφὴν

433 5232 452 5264 ι
499 5215 813 5283 proﬁteatur
840 5213 952 5281 ille,
980 5227 1131 5283 spem
1171 5227 1230 5269 se
1273 5211 1472 5266 nullam
1506 5212 1558 5264 in
1590 5224 1656 5265 eo
1688 5209 1978 5266 collocare.

2100 5209 2310 5264 δούλου
2354 5211 2575 5276 λαϐὼν,
2604 5212 2674 5264 ἐν
2714 5207 3026 5281 ὁμοιώματι
3073 5211 3388 5280 ἀνθρώπου
3433 5214 3671 5281 γενόμε-

503 5326 697 5397 >14_Ed.
729 5324 929 5389 Paris.,
951 5341 1096 5397 pag.,
1129 5325 1218 5397 28.

497 5397 543 5427 "
571 5395 726 5451 Joan.
759 5410 890 5462 xvn,
929 5398 982 5451 5.
1007 5395 1122 5438 ῗ³⁶⁶
1159 5395 1292 5451 Gen.
1321 5411 1364 5459 ι,
1391 5395 1481 5450 26.

501 5509 614 5579 (28)
652 5509 822 5578 Vulgo
853 5512 1077 5576 ἐκεῖνος,
1123 5512 1209 5566 ed.
1249 5528 1303 5580 p.
1342 5513 1394 5566 in
1431 5527 1574 5567 corr.
1618 5516 1826 5576 ἐκεῖνος
1869 5528 1990 5565 mox

427 5581 586 5651 vulgo
613 5581 860 5654 εὑρηθείς
881 5583 1052 5654 χάείη
1098 5580 1204 5654 Mp.
1232 5599 1323 5652 γρ.
1357 5583 1544 5636 τούτου
1577 5583 1716 5654 (loco
1754 5582 1989 5654 τούτων,

428 5661 486 5722 et
517 5653 654 5722 intra
682 5651 849 5722 αὑτοῦ
877 5653 1018 5720 (loco
1053 5651 1286 5722 αὐτῶν)ξ
1341 5668 1501 5720 porro
1538 5651 1692 5720 vulgo
1746 5653 1991 5721 βούλημα

429 5721 545 5777 loco
571 5719 895 5791 βουλόμενος
915 5733 972 5777 et
999 5723 1064 5776 ἂν
1097 5719 1205 5778 εἶεν
1231 5719 1283 5779 et
1311 5719 1391 5776 ὅτι
1411 5723 1474 5792 δὴ
1491 5723 1601 5774 οὐδ.
1632 5719 1680 5776 τ.
1699 5719 1783 5775 άλ.
1813 5719 2002 5793 ἔμελλε

1549 5357 1981 5457 ⁸⁷Ιοοιι.ι,50.
2060 5391 2321 5447 “lTim.
2356 5409 2415 5458 ιι,
2442 5394 2496 5448 5.
2573 5395 2616 5427 ιο
2643 5394 2771 5448 ibid.

2093 5523 2145 5564 et
2176 5506 2366 5584 εἷρμον
2393 5522 2441 5565 et
2471 5513 2577 5566 τῶν
2606 5513 2863 5584 ῥημάτων
2923 5516 3037 5568 loro
3084 5514 3455 5584 ῥηματίωνοι
3499 5509 3578 5578 εἷς
3620 5514 3674 5568 δὲ

2094 5585 2194 5657 καὶ.
2219 5583 2277 5653 μ.
2307 5597 2360 5657 et
2391 5585 2456 5637 δι’
2488 5583 2735 5657 αὑτοῦει
2783 5583 2880 5648 τὰς
2915 5586 2972 5638 ὲν
3018 5585 3155 5655 αὐτῇ
3209 5597 3262 5640 et
3304 5587 3675 5657 πεποιημένας

2095 5652 2130 5706 ἃ
2153 5654 2208 5708 δὲ
2224 5652 2376 5708 κατὰ
2403 5674 2460 5708 π.
2489 5656 2687 5725 τρόπον
2716 5655 2761 5708 δ.
