3836 6216
39 5858 71 5900 ί

84 313 197 368 773

1207 308 1490 367 CONTRA
1533 308 1958 370 MARCELLUM
1997 311 2127 365 LIB.
2171 314 2212 368 l.

3235 323 3268 349 ἰ
3295 323 3346 373 ιι

80 448 202 498 νος
249 431 347 484 καὶ
397 429 658 500 σχήματι
702 429 963 496 εὑρεθεὶς
1011 430 1092 493 ὡς
1137 428 1465 496 ἅνθρωπος·
1512 427 1669 496 Ὁρᾷς

1780 445 1796 475 ι
1846 426 2088 496 Namque
2153 428 2460 483 maledictus
2523 431 2714 496 homo,
2756 431 3022 488 Jeremias
3081 435 3341 505 praphcta

81 526 266 586 ὅπως,
293 522 483 595 ὥσπερ
510 521 742 593 προϊδὼν
787 520 867 591 τῷ
910 520 1180 590 πνεύματι
1208 521 1306 588 τὴν
1332 536 1534 572 τουτων
1568 537 1667 571 κα-

79 614 362 687 κουργίαν
403 616 431 666 ὁ
467 613 607 684 ἱερὸς
648 611 986 674 Ἀπόστολος,
1016 609 1188 673 οὕτως
1223 613 1282 663 ἐν
1309 609 1480 680 ἐτέρῳ
1516 610 1669 680 μέρει

77 707 173 772 τὸ,
197 707 281 772 ὡς
305 705 636 773 ἅνθρωπος,
663 703 886 774 ἔγραψε,
909 703 1002 756 καὶ
1023 701 1093 754 ἐν
1116 699 1430 770 ὁμοιώματι
1451 701 1672 766 ἀνθρώ-

80 813 214 850 που
262 797 602 864 γενόμενος,
654 794 740 846 ἵνα
785 793 966 863 παύσῃ
1017 792 1195 844 αὐτῶν
1249 792 1350 861 τὴν
1402 791 1669 861 τοσαύτην

81 885 465 956 βλασφημίαν.
505 884 614 938 Καὶ
654 884 771 954 μεθ’
801 885 964 954 ’ἐτερα
995 883 1086 938 τὸν
1135 882 1297 936 αὐτὸν
1347 886 1671 952 συκοφαντεῖ

79 971 195 1030 ὧδέ
231 993 347 1039 πως
369 993 381 1005 ·
423 995 441 1026 ι
476 975 598 1038 ΙΙῶς
625 971 718 1028 οὖν
749 975 960 1038 τούτοις
996 975 1069 1045 μὴ
1105 972 1356 1045 προσχὼν
1390 973 1667 1038 Εὐσέϐιος,

88 1086 110 1118 ε
159 1068 325 1138 μόνον
351 1066 634 1137 ἄνθρωπον
662 1065 751 1118 τὸν
790 1067 1014 1137 Σωτῆρα
1039 1060 1178 1118 εἶναι
1207 1065 1486 1134 βούλεται;
1522 1085 1541 1116 ι
1593 1067 1669 1118 Οὐ

81 1158 345 1230 φανερῶς
387 1158 484 1228 μέν
513 1157 672 1210 τοῦτο
699 1157 877 1225 λέγειν
901 1156 1136 1226 τολμῶν,
1183 1155 1341 1209 τοῦτο
1385 1158 1442 1210 δέ
1489 1156 1670 1228 βουλό-

83 1266 256 1318 μενος
287 1247 392 1301 ὑπὸ
418 1247 524 1300 τῶν
558 1247 701 1300 ἰδίων
727 1247 1006 1316 ἐλέγχεται
1037 1247 1264 1316 ῥήσεων.
1302 1245 1414 1299 Καὶ
1439 1247 1467 1297 ὁ
1501 1245 1670 1299 ταῦτα

1779 540 1796 569 ι
1845 522 1920 574 ait
1945 522 2012 584 ⁸ο,
2062 523 2150 591 qui
2199 525 2252 576 in
2305 523 2512 578 homine
2559 525 2891 580 collocaverit
2929 544 3070 597 spem
3104 546 3274 586 suam.
3318 549 3338 584 ι

1782 610 1940 668 Vides
1967 621 2026 666 ιιι
2046 615 2286 668 obcaecat
2311 615 2553 670 homines
2576 617 2802 672 malitia.
2827 617 2959 672 Nam
2982 621 3070 689 qui
3103 624 3343 676 testimo-

1775 707 1924 755 nium
1959 702 2062 758 tale
2095 704 2444 772 perhibuerat
2469 705 2637 759 Deum
2675 705 2872 761 Filium
2901 711 3176 764 conﬁtenti
3203 730 3216 766 :
3251 716 3342 779 qui

1777 794 2202 862 reprehenderat
2237 809 2358 848 eum
2407 811 2436 848 a
2483 811 2591 864 quo
2641 798 2731 852 Dei
2784 799 3016 854 Verbum
3057 802 3194 890 Deus
3226 816 3345 858 esse

1780 885 2060 940 dicebatur
2078 887 2384 940 substantia
2415 890 2714 943 subsistens
2742 900 2795 944 et
2814 891 3088 960 potentia;
3117 885 3180 953 is,
3203 893 3341 947 idem

1776 990 1946 1040 nunc,
1969 976 2220 1030 eumdem
2259 977 2379 1032 ideo
2409 989 2652 1046 accusat,
2679 981 2834 1048 quasi
2877 981 2966 1050 qui
2997 987 3193 1036 nudum
3223 1000 3344 1039 esse

1776 1065 2051 1121 hominem
2098 1067 2376 1123 Christum
2407 1071 2621 1124 dixerat
2650 1087 2664 1124 :
2695 1071 3036 1139 apertissime
3063 1077 3342 1139 mentitus,

1779 1166 1890 1210 tum
1923 1158 1976 1212 in
2009 1159 2126 1213 istis
2163 1159 2234 1214 ita
2267 1161 2480 1228 positis,
2516 1173 2628 1216 tum
2668 1163 2720 1216 in
2764 1163 2870 1218 illis
2918 1179 3038 1232 qua:
3090 1166 3346 1236 deinceps

1777 1248 2018 1304 annectit
2049 1249 2341 1322 dicens[l{.
2369 1251 2523 1324 XC]:
2555 1251 2786 1306 «Verum
2818 1269 2980 1324 supra
3015 1256 3343 1321 nominatus,

80 1338 262 1392 εἰπὼν
287 1340 377 1392 τὸν
406 1338 565 1391 αὑτὸν
588 1338 988 1408 κατεμέμφετο,
1019 1337 1094 1400 ὡς
1119 1336 1250 1390 Θεὸν
1269 1336 1669 1407 ἁναγορεύοντα

77 1435 182 1486 τὸν
211 1433 360 1497 Υίὺν,
397 1432 622 1502 γράφων
675 1429 816 1484 οὕτω
834 1447 847 1460 ·
891 1430 1092 1483 Διελεῖν
1122 1429 1229 1501 γὰρ
1259 1431 1351 1483 τὸν
1376 1430 1546 1498 Λόγον
1573 1429 1667 1482 τοῦ

78 1524 228 1578 θεοῦ
255 1525 554 1595 τολμήσας,
596 1523 688 1575 καὶ
727 1522 910 1593 ἕτερον
937 1521 1068 1574 Θεὸν
1105 1521 1198 1574 τὸν
1243 1520 1416 1589 Λόγον
1465 1520 1665 1590 ὀνομά-

81 1638 216 1685 σας,
253 1618 415 1690 ούσίᾳ
444 1635 502 1670 τε
537 1618 630 1670 καὶ
661 1615 886 1686 δυνάμει
913 1613 1174 1667 διεστῶτα
1205 1613 1298 1666 τοῦ
1328 1613 1560 1684 Πατρὸς,
1586 1613 1669 1676 είς

1779 1631 1799 1664 ι
1833 1630 1969 1668 unus
1998 1613 2259 1685 Deiatque
2276 1617 2542 1672 hominum
2570 1621 2830 1674 mediator
2854 1625 3007 1676 homo
3025 1622 3184 1677 Jesus
3200 1623 3346 1677 Chri-

79 1715 224 1784 ὅσην
255 1708 605 1783 βλασφημίαν
636 1707 1026 1772 ἐκπέπτωκεν;

1774 1722 1791 1756 ι
1828 1707 2022 1760 stus“.
2046 1725 2066 1759 ι
2091 1708 2282 1772 >1<Hmc
2300 1711 2390 1779 qui
2411 1711 2650 1781 scripsit,
2668 1723 2723 1766 et
2745 1712 3094 1769 vehementer
3108 1715 3209 1769 sibi
3237 1715 3344 1784 ipsi

80 1804 318 1873 placuit,
337 1803 488 1872 quasi
508 1800 821 1870 Scripturas
841 1811 1030 1852 omnes
1046 1797 1304 1852 memoria
1329 1805 1538 1863 tenens,
1565 1811 1904 1866 nequaquam
1939 1808 2116 1854 tamen
2140 1801 2419 1870 cogitavit,
2439 1805 2686 1858 eumdem
2709 1804 2801 1873 qui
2834 1805 2937 1860 hoc
2961 1805 3181 1874 scripsit
3205 1807 3344 1862 divi-

82 1913 220 1950 num
251 1894 595 1965 Apostolum,
624 1903 679 1948 et
713 1890 844 1946 illud
875 1890 927 1944 in
952 1889 1158 1958 scripta
1189 1889 1437 1944 retulisse
1467 1907 1480 1943 :
1512 1890 1615 1956 Qui
1642 1906 1758 1943 cum
1787 1891 1842 1944 in
1867 1891 2040 1960 [arma
2073 1891 2168 1946 Dei
2195 1893 2489 1961 exsisteret,
2520 1911 2622 1949 non
2649 1895 2938 1950 arbitratus
2977 1908 3051 1950 est
3083 1898 3342 1963 rapinam.

78 2008 198 2047 esse
222 1989 480 2059 aequalem
507 1988 634 2050 Deo,
651 1987 739 2040 sed
757 1985 973 2039 exinani
981 1985 1042 2038 vit
1067 1983 1396 2050 semetipsum
1415 1993 1684 2052 assumpta
1707 1985 1842 2037 servi
1861 1983 2121 2050 forma,in
2145 1985 2544 2040 similitudinem
2560 1988 2787 2042 hominis
2809 1989 3080 2054 exsistens,
3097 2001 3144 2042 et
3163 1990 3342 2059 ﬁgura

79 2091 328 2151 repertus
352 2088 601 2149 tanquam
631 2077 783 2130 homo
801 2077 870 2130 ⁸³.
900 2073 1063 2130 Vides
1091 2084 1148 2130 ut
1169 2083 1390 2130 sanctus
1410 2074 1498 2128 hic
1525 2075 1832 2144 Apostolus,
1865 2076 2029 2130 veluti
2059 2078 2147 2147 qui
2172 2079 2366 2147 spiritu
2398 2080 2626 2133 istorum
2653 2079 3058 2150 improbitatem
3091 2081 3342 2151 provide-

83 2183 194 2236 ret,
215 2171 370 2236 alibi,
403 2178 565 2240 atque
591 2168 697 2222 alia
716 2171 767 2222 in
797 2177 950 2237 parte
976 2167 1052 2220 ita
1083 2167 1343 2237 scriptum
1368 2166 1601 2235 reliquit,
1635 2177 1884 2238 tanquam
1905 2169 2082 2236 homo,
2101 2181 2155 2226 et
2176 2172 2229 2225 in
2262 2171 2660 2226 similitudinem
2679 2173 2906 2226 hominis
2931 2175 3211 2236 exsistens,
3231 2187 3340 2242 quo

83 2277 310 2322 tantam
337 2267 533 2322 horum
579 2264 970 2332 blasphemiam
1009 2277 1358 2333 compescere
1407 2273 1608 2330 posset.
1655 2261 1786 2318 Post
1836 2265 1942 2319 alia
1981 2268 2230 2322 eumdem
2268 2267 2633 2322 calumniatur
2683 2267 2788 2322 isto
2832 2268 2991 2322 modo
3028 2266 3119 2339 [IL
3153 2265 3288 2338 XCI]
3321 2283 3336 2321 :

86 2382 106 2414 ι
155 2363 449 2430 Quomodo
475 2361 637 2431 igitur
667 2358 892 2423 factum,
925 2366 983 2413 ut
1011 2359 1273 2414 Eusebius
1307 2373 1426 2414 cum
1462 2360 1528 2414 ad
1557 2361 1656 2414 ista
1691 2376 1796 2416 non
1835 2364 2160 2430 attenderet,
2202 2362 2550 2418 Servatorem
2580 2371 2826 2416 nostrum
2857 2361 3030 2417 solum
3063 2362 3336 2416 hominem

85 2478 104 2511 ι
157 2468 388 2514 exstare
419 2455 794 2512 contendat?»
829 2454 946 2509 Non
982 2455 1085 2509 hoc
1110 2454 1328 2522 quidem
1358 2469 1524 2508 ausus
1566 2465 1651 2509 est
1687 2467 1874 2524 aperte
1935 2455 2181 2526 profari:
2242 2467 2299 2511 at
2344 2458 2446 2512 hoc
2510 2457 2749 2513 voluisse
2793 2459 3074 2513 convictus
3127 2467 3339 2512 tenetur

79 2556 204 2610 suis
258 2554 432 2624 ipsius
489 2552 690 2607 verbis.
742 2549 806 2604 Et
851 2549 1227 2613 nihilominus,
1285 2549 1377 2617 qui
1413 2549 1493 2604 sic
1531 2565 1653 2603 eum
1693 2562 1936 2617 accusat,
1966 2551 2313 2621 reprehendit
2365 2551 2516 2610 illum
2543 2565 2780 2621 quoque,
2823 2553 2964 2622 quod
2993 2549 3188 2606 Filium
3215 2566 3340 2608 esse

80 2647 264 2701 Deum
290 2651 604 2698 asseveret:
633 2641 876 2696 dividere
906 2638 1122 2708 quidem
1152 2638 1247 2692 Dei
1280 2639 1518 2694 Verbum
1555 2654 1740 2706 ausus,
1798 2652 1854 2696 et
1892 2642 2128 2697 Verbum
2193 2643 2359 2696 Deum
2425 2643 2656 2698 alterum
2713 2642 3019 2709 nominans,
3085 2642 3338 2699 substan-

82 2743 159 2796 tia
193 2750 251 2795 et
281 2737 522 2806 potentia
555 2752 584 2790 a
623 2733 786 2789 Patre
824 2731 1186 2798 dill'erentem,
1219 2733 1273 2786 in
1307 2743 1566 2803 quantam
1600 2735 1790 2790 incidit
1815 2736 2254 2806 blasphemiam?

155 2830 421 2886 Τοσαῦτα
463 2828 556 2882 καὶ
598 2825 801 2880 τούτων
830 2825 911 2878 ἐτι
947 2823 1142 2896 μακρῷ
1161 2824 1380 2878 πλείονα
1413 2826 1474 2878 ού
1526 2827 1668 2882 κατὰ

1837 2829 2009 2884 Totet
2027 2829 2175 2894 talia,
2195 2838 2250 2884 et
2274 2828 2430 2900 longe
2456 2828 2633 2883 adhuc
2657 2827 2808 2898 plura
2841 2843 2947 2884 non
2981 2828 3034 2883 in
3059 2829 3202 2885 solos
3219 2831 3336 2899 epi-

84 2927 278 2998 μόνων
326 2921 436 2975 τῶν
488 2919 821 2981 ἐπισκόπων,
865 2915 1001 2970 ἀλλά
1034 2919 1128 2971 καὶ
1161 2916 1303 2970 κατά
1345 2917 1442 2988 τῆς
1487 2918 1669 2987 ὑγιοῦς

1774 2936 1967 2992 secpos
2000 2937 2125 2978 cum
2164 2923 2397 2977 ellutivit
2439 2923 2746 2986 Marcellus,
2781 2923 2876 2978 sed
2911 2923 2964 2977 in
3005 2923 3176 2993 ipsam
3197 2939 3336 2993 quo-

79 3019 185 3071 καὶ
213 3013 673 3085 ἐκκλησιαπικῆς
701 3011 935 3076 πίστεως
987 3011 1282 3080 ἐκθέμενος
1331 3010 1668 3082 Μάρκελλος,

1774 3030 1876 3083 que
1891 3029 2076 3070 sanam
2102 3024 2156 3068 et
2182 3013 2608 3068 ecclesiasticam
2636 3011 2818 3078 ﬁdem,
2840 3012 3132 3068 manifeste
3156 3013 3334 3069 decla-

1780 1355 1798 1388 ι
1821 1353 1943 1393 cum
1965 1354 2069 1394 non
2087 1344 2265 1412 magni
2287 1341 2490 1398 faceret
2506 1346 2876 1400 sanctissimos
2892 1347 3206 1416 prophetas,
3229 1358 3346 1401 tan-

1781 1449 1799 1482 ι
1830 1446 1987 1501 quam
2005 1433 2096 1502 qui
2122 1433 2490 1489 absconditam
2522 1436 2665 1490 illam
2684 1446 2736 1516 et
2759 1426 3082 1493 inellabilem
3101 1439 3344 1507 Apostoli

1780 1541 1816 1582 ι,
1836 1523 2155 1591 theologiam
2185 1525 2656 1594 interpretaretur,
2676 1526 2847 1595 Unus,
2869 1530 3062 1599 inquit,
3088 1531 3227 1586 Deus
3244 1544 3341 1596 est,

79 3109 248 3180 δῆλος
271 3106 342 3160 ἂν
370 3105 458 3176 εἴη
485 3105 675 3168 ὁποίας
697 3103 859 3167 αὐτὸς
885 3103 1095 3174 ὑπῆρχε
1124 3102 1511 3174 προαιρέσεως.
1550 3102 1672 3157 Ὅτι

79 3202 124 3254 δ’
163 3201 328 3255 οὐδὲν
355 3199 454 3270 τῆς
482 3197 737 3269 ἀληθείας
771 3196 931 3267 ἔμελε
953 3195 1030 3266 τῷ
1061 3196 1234 3266 ἀνδρὶ,
1268 3195 1456 3266 μάθοις
1487 3195 1552 3249 ἂν
1580 3197 1671 3249 αὐο

78 3297 208 3358 ταῖς
240 3290 482 3362 ἐντυχὼν
515 3292 629 3353 ταῖς
664 3288 772 3342 τῶν
800 3287 1115 3342 ἐπισκόπων
1144 3286 1474 3354 ἐπιστολαῖς,
1505 3289 1562 3341 ἐν
1582 3282 1670 3350 αἷς

82 3390 351 3460 εὑρήσεις
378 3386 539 3439 αὑτὸν
564 3386 624 3436 τδ
665 3383 762 3454 μὲν
802 3383 907 3436 πᾶν
950 3380 1110 3452 σῶμα
1143 3380 1244 3450 τῆς
1283 3379 1521 3442 διανοίας
1565 3380 1673 3434 τῶν

80 3480 294 3545 λέξεων
325 3473 804 3548 ἀκρωτηριάζοντα
824 3490 837 3502 ·
894 3473 988 3527 καὶ
1015 3473 1108 3526 τὸν
1138 3472 1249 3542 ’μὲν
1277 3471 1453 3524 πάντα
1485 3471 1673 3542 εἱρμὸν

81 3569 540 3642 ἀποκρύπτοντα,
589 3567 872 3640 ῥηματίων
900 3565 957 3619 δέ
992 3563 1544 3636 ἀντιλαμϐανόμενον,
1577 3563 1673 3616 καὶ

82 3665 301 3718 τούτων
325 3660 646 3732 κακούργως
681 3659 998 3729 ποιούμενον
1034 3658 1132 3728 τὴν
1152 3655 1425 3725 διαϐολήν.
1466 3654 1674 3708 Αὐτίκα

83 3756 222 3826 γοῦν
255 3755 586 3823 συκοφαντεῖ
606 3750 698 3804 τὸν
733 3749 989 3804 Εὐσέϐιον
1018 3750 1082 3802 ἐκ
1115 3746 1209 3801 τοῦ
1239 3744 1568 3820 προφανοῦς,
1597 3745 1673 3809 ὡς

81 3848 247 3919 ψιλὸν
278 3844 565 3916 ἄνθρωπον
605 3842 698 3896 τὸν
727 3841 961 3913 Χριστὸν
994 3839 1280 3911 είρηκότα’
1333 3836 1521 3908 ἐπειδὴ
1575 3836 1674 3906 τῆς

83 3937 459 4007 ἀποπολικῆς
481 3929 664 4006 φωνῆς
693 3935 749 3987 ἐν
775 3936 842 4005 τῇ
873 3931 1063 3986 ἐαυτοῦ
1091 3929 1346 4000 ἐπιστολῇ
1377 3927 1472 3998 τὴν
1493 3925 1672 3997 παρά-

85 4034 242 4088 θεσιν
280 4029 591 4098 πεποίηται,
645 4028 714 4081 δι’
755 4021 822 4097 ἧς
865 4025 1026 4090 αὐτὸς
1077 4021 1227 4076 εἶπεν
1269 4023 1298 4075 ὁ
1322 4018 1669 4082 Ἀπόστολος⁸

86 4122 198 4191 Εἷς
225 4122 341 4195 τὰρ
363 4126 398 4177 ό
434 4123 598 4186 Θεός’
632 4113 823 4184 εἶς’δὲ
857 4115 956 4171 καὶ
986 4115 1239 4186 μεσίτης
1267 4113 1413 4167 Θεοῦ
1444 4110 1545 4165 καὶ
1569 4110 1673 4165 ἀν-

1771 3115 1858 3162 rat
1884 3121 1993 3176 quo
2017 3105 2202 3160 animo
2234 3105 2489 3175 praeditus
2514 3112 2571 3159 et
2599 3103 2876 3159 voluntate
2898 3103 3095 3160 fuerat.
3123 3105 3336 3161 Nullam

1773 3214 1902 3254 vero
1933 3214 2121 3253 curam
2159 3199 2234 3253 illi
2278 3196 2524 3254 veritatis
2561 3196 2731 3253 fuisse
2772 3197 2984 3253 discere
3029 3199 3256 3268 poteris,
3289 3200 3335 3254 si

1773 3293 1826 3345 in
1851 3292 1998 3362 ipsas
2029 3291 2317 3360 aliquando
2345 3290 2725 3359 episcoporum
2749 3289 3005 3358 epistolas
3033 3291 3330 3346 incideris:

1772 3383 2017 3439 invenies
2045 3381 2247 3437 etenim
2290 3381 2464 3446 illum,
2508 3395 2707 3449 corpus
2760 3382 3094 3450 universum,
3143 3399 3336 3440 sensus

1772 3485 1826 3530 et
1852 3474 2136 3530 sententia:
2173 3487 2364 3527 earum
2409 3471 2751 3528 delumbasse
2801 3473 3020 3538 seriem,
3062 3475 3334 3531 dictorum

1773 3567 1879 3620 vim
1909 3565 2212 3621 occultasse
2235 3578 2252 3618 :
2275 3564 2440 3619 verba
2474 3565 2797 3634 arripuisse.
2836 3576 2891 3620 et
2934 3576 3154 3635 arrepta
3199 3568 3336 3624 satis

1774 3658 2017 3726 improbe
2055 3657 2440 3712 calumniasse.
2482 3655 2775 3710 Eusebium
2814 3670 3001 3727 aperte
3047 3659 3334 3716 calumniis

1771 3744 2003 3813 impetit,
2031 3744 2185 3814 quasi
2210 3744 2414 3799 diceret
2445 3744 2720 3799 Christum
2765 3759 2886 3802 esse
2917 3751 3118 3803 nudum
3152 3751 3332 3805 homi-

1771 3852 1918 3900 nem,
1950 3836 2072 3891 ideo
2103 3837 2332 3906 quod'in
2369 3837 2600 3906 epistola
2632 3852 2728 3893 sua
2759 3839 3082 3893 sententiam
3115 3851 3333 3909 aposto-

1772 3929 1930 3984 licam
1959 3939 2267 3997 usurparat,
2307 3942 2468 3998 quam
2517 3929 2598 3984 sic
2627 3931 2805 3998 posuit
2830 3931 3158 4000 Apostolus:
3181 3931 3333 3988 Unus

1771 4021 1956 4086 etenim
1982 4019 2123 4075 Deus
2144 4030 2260 4074 est:
2289 4037 2424 4074 unus
2451 4021 2710 4075 mediator
2735 4021 2833 4076 Dei
2863 4032 3018 4094 atque
3039 4025 3331 4094 hominum,

1773 4113 1924 4166 homo
1945 4112 2100 4167 Iesus
2125 4113 2365 4167 Christus
2392 4112 2457 4166 ⁸³.
2486 4111 2600 4169 Hoc
2629 4112 2850 4169 eﬂatum
2884 4115 3086 4172 idcirco
3118 4129 3334 4187 aposto-

85 4217 366 4285 θρώπων,
382 4213 681 4281 ἄνθρωπος
703 4208 942 4278 Ἰησοῦς
957 4202 1446 4275 Χριστός.Ταύτην
1469 4203 1566 4272 μὲν
1581 4196 1669 4255 οὖν

1774 4203 1958 4270 licunt,
1995 4213 2246 4274 tanquam
2279 4204 2643 4260 Eusebianum
2672 4217 2934 4263 accusat:
2973 4223 3073 4264 nec
3101 4211 3335 4266 advertit

84 4310 191 4379 τὴν
233 4304 600 4375 ἀποστολικὴν
629 4300 794 4366 λέξιν,
827 4299 1029 4354 ὡσανεὶ
1049 4295 1308 4351 Εὐσεϐίου
1337 4290 1522 4360 οὖσαν,
1557 4293 1669 4347 δια-

1774 4298 1857 4350 vir
1886 4297 2140 4367 prudens,
2175 4297 2492 4366 Apostolum
2533 4299 2602 4354 ab
2633 4313 2699 4355 eo
2734 4309 3068 4364 accusatum,
3115 4313 3334 4372 propter

86 4402 354 4471 ϐέϐληκα·
394 4398 468 4468 μὴ
497 4396 698 4459 συνιεὶς
725 4397 754 4449 ὁ
780 4391 1106 4464 σοφώτατος,
1136 4391 1216 4444 ὅτι
1247 4390 1338 4443 τὸν
1354 4387 1669 4442 Ἀπόστολον

1775 4387 1876 4442 has
1905 4402 2067 4443 voces
2099 4389 2305 4458 positas
2341 4389 2395 4443 in
2431 4389 2655 4459 epistola
2684 4389 2794 4456 illa,
2825 4400 2878 4444 et
2913 4391 3042 4446 alibi
3074 4395 3129 4446 in
3162 4393 3336 4462 Operi-

87 4491 372 4554 διέϐαλλε,
397 4489 494 4553 τάς
515 4488 572 4542 δὲ
603 4485 767 4541 αὐτοῦ
798 4485 1000 4555 φωνὰς,
1032 4482 1130 4547 τὰς
1150 4485 1207 4536 ἐν
1241 4483 1307 4553 τῇ
1335 4481 1472 4552 αὐτῇ
1508 4495 1669 4549 φερο-

1776 4477 1877 4532 bus
1907 4475 2143 4544 ejusdem
2175 4476 2314 4543 aliis,
2344 4492 2466 4546 qua:
2490 4479 2543 4531 in
2580 4493 2764 4534 sacras
2793 4479 3104 4548 Scripturas
3133 4495 3331 4535 exara-

92 4585 272 4656 μένας
322 4580 600 4652 ἐπιστολῇ,
628 4579 727 4642 τάς
757 4595 815 4631 τε
851 4579 908 4631 ἐν
953 4578 1066 4639 τοῖς
1096 4575 1302 4638 λοιποῖς
1340 4571 1503 4626 αὑτοῦ
1547 4588 1669 4640 συγ-

1778 4568 1893 4632 vit;
1921 4583 2040 4638 qua:
2077 4569 2280 4639 ubique
2330 4583 2385 4625 et
2424 4573 2626 4640 passim
2676 4574 3124 4642 deprmdicantur,
3161 4579 3220 4638 ὦ
3259 4577 3333 4630 si-

87 4678 414 4750 γράμμασι,
437 4677 550 4738 τοῖς
571 4675 649 4736 εἰς
668 4673 766 4736 τὰς
795 4671 944 4735 Θείας
967 4668 1188 4741 Γραφάς
1220 4664 1616 4736 πεπονημένοις
1637 4663 1669 4718 ἃ

1774 4660 1937 4716 lentio
1986 4661 2244 4728 involvit;
2293 4661 2385 4717 illa
2435 4663 2673 4718 reticens
2695 4679 2813 4732 qua:
2859 4664 3178 4719 caluumiari
3227 4682 3332 4721 non

86 4769 155 4838 δὴ
178 4764 330 4820 κατά
357 4764 532 4817 πάντα
561 4763 722 4816 τόπον
740 4761 1054 4824 διαδέδοται,
1079 4759 1255 4828 σιωπῇ
1293 4754 1639 4826 παραδέδωκε
1656 4771 1670 4785 ο

89 4859 317 4931 κρύψας
345 4859 411 4928 τῇ
438 4858 613 4926 σιωπῇ
643 4854 678 4908 ἃ
704 4855 778 4926 μὴ
815 4853 926 4925 (29)
975 4851 1349 4920 συκοφαντεῖν.
1384 4847 1468 4931 Τὸ.
1487 4847 1669 4917 ὅμοιον

88 4953 137 5007 δ’
180 4951 252 5005 ἂν
287 4948 435 5021 εὖροι
456 4965 539 5010 τις
563 4947 726 5001 αὐτὸν
773 4942 1109 5014 πεποιηκότα
1140 4943 1236 4996 καὶ
1286 4938 1512 4993 ἐπὶτῶν
1558 4937 1669 4990 λοι-

90 5042 242 5110 πῶν,
279 5033 356 5096 ὧν
382 5038 698 5108 διαϐέϐληκε
742 5035 1113 5108 γραμμάτων·
1164 5033 1201 5086 ἃ.
1236 5031 1322 5102 δὴ,
1355 5029 1513 5098 λόγου
1536 5045 1672 5099 συμ-

95 5136 305 5207 μετρίᾳ
334 5131 654 5202 φειδόμενοι,
677 5132 790 5192 τοῖς
817 5127 1056 5180 ἐθέλουσι
1101 5124 1197 5195 τὴν
1230 5121 1433 5176 τούτων
1466 5120 1668 5191 ἀκριϐῆ

91 5223 378 5280 ποιεῖσθαι
443 5220 732 5288 διάγνωσιν
787 5215 1276 5288 παραχωρήσομεν,
1351 5209 1668 5271 σπεύδοντες

91 5317 255 5373 αὐτοὶ
279 5315 380 5386 τὴν
417 5314 584 5384 αὐτὴν
627 5310 942 5383 Μαρκέλλου
979 5305 1215 5378 περὶτοῦ
1237 5303 1366 5357 Υἱοῦ
1401 5302 1493 5355 τοῦ
1533 5299 1665 5354 θεοῦ

93 5407 434 5477 ξενοφωνίαν
456 5406 557 5476 ἥδη
584 5405 766 5458 λοιπὸν
817 5398 1176 5468 ἀποκαλύψαι,
1210 5397 1285 5459 ὡς
1330 5394 1396 5448 ἂν
1441 5392 1670 5462 φανερῖν

1768 4761 2000 4822 poterat.
2043 4753 2354 4809 Consimilia
2408 4765 2751 4824 perpetrasse
2800 4756 2946 4810 illum
2995 4756 3122 4811 licet
3145 4759 3334 4812 obser-

1768 4860 1900 4900 vare
1932 4845 1984 4898 in
2009 4847 2219 4900 caeteris
2241 4861 2459 4916 quoque
2509 4847 2730 4917 scriptis
2760 4863 2880 4918 quae
2914 4860 3152 4906 accusat.
3178 4851 3329 4916 Quae,

1771 4951 1840 4990 ne
1865 4937 2039 4990 oratio
2060 4949 2342 4992 excrescat
2364 4937 2418 4992 in
2450 4939 2798 5003 immensum,
2834 4939 2938 4994 illis
2966 4941 3334 5008 permittimus

1771 5029 2167 5096 cog-noscenda,
2196 5030 2397 5098 quibus
2437 5031 2646 5084 libitum
2673 5041 2758 5086 est
2790 5031 3038 5086 exactius
3071 5045 3132 5086 ea
3184 5033 3335 5086 inve-

1774 5118 1978 5187 stigare
2005 5137 2018 5172 :
2045 5133 2111 5173 eo
2157 5121 2548 5174 contendentes
2591 5122 2726 5190 ipsi,
2760 5132 2820 5175 ut
2857 5120 3096 5176 Marcelli
3126 5121 3335 5174 novita-

1774 5219 1882 5263 tem
1914 5210 1982 5264 de
2026 5211 2119 5264 Dei
2159 5209 2300 5265 Filio
2338 5211 2646 5265 inusitatam
2691 5212 2742 5265 in
2790 5221 3037 5281 apertum
3094 5211 3333 5280 profera-

1776 5317 1915 5364 mus,
1952 5302 2022 5355 ita
2065 5311 2120 5356 ut
2172 5303 2476 5373 intelligant
2522 5304 2764 5359 universi
2817 5309 3138 5374 perspicue,
3171 5318 3332 5374 quam

1778 5393 2101 5447 sententiam
2133 5392 2342 5449 fovebat
2373 5395 2420 5451 is
2447 5395 2514 5451 de
2540 5394 2675 5449 Filio
2711 5394 2827 5449 Dei.

91 5505 318 5575 γένοιτο
339 5505 450 5563 τοῖς
471 5501 652 5562 πᾶσιν,
677 5501 823 5560 ὅπως
849 5495 1007 5557 αὐτὸς
1032 5492 1246 5563 ἐφρόνει
1267 5488 1393 5562 περὶ
1426 5486 1518 5538 τοῦ
1542 5483 1670 5537 Υίοῦ
1702 5483 1796 5536 τοῦ
1821 5483 1976 5537 Θεοῦ.

173 5603 237 5659 :14
280 5593 379 5648 Ed.
410 5591 609 5655 Paris,
643 5606 778 5661 pag.
804 5587 989 5661 29-30.

169 5643 377 5718 3717:}.
400 5643 616 5729 ἱήιὶζεί
643 5643 663 5661 ‘
690 5643 784 5712 6it
819 5659 1025 5719 'l‘im.u,
1056 5655 1108 5709 5.
1184 5656 1228 5685 τι
1265 5650 1494 5720 Philipp.
1527 5663 1586 5717 ιι,
1620 5649 1669 5712 6,

1833 5645 1878 5676 θ’
1911 5647 1924 5698 l
1956 5643 2096 5698 Tim.
2128 5660 2186 5710 tt,

171 5755 295 5828 (29)
331 5755 428 5824 Μὴ
456 5751 553 5830 ἦν,
584 5762 676 5810 aut
705 5751 830 5823 ἐξῆν
864 5748 1229 5818 συκοφαντεῖν.
