3836 6216
189 309 293 370 ῚΤΙ

1313 309 1594 367 CONTRA
1633 304 2057 363 MARCELLUM
2098 305 2225 359 LIB.
2269 305 2331 361 ll.

3309 305 3430 363 778‘

183 425 492 497 ἄνθρωπος,
521 428 657 498 μήτε
680 423 841 492 εἶναι,
862 429 996 501 μήτε
1015 430 1435 500 προῦφεστάναι,
1465 429 1602 501 μήτε
1626 427 1748 487 ὅλως

1862 421 1929 476 sti
1959 421 2209 478 Ecclesiae
2239 421 2485 491 praesedit
2512 437 2529 474 :
2560 437 2751 493 nempe
2793 424 2841 479 is
2888 424 2980 493 qui
3012 422 3184 491 palam
3215 432 3433 478 assere-‘

182 514 408 569 πώποτε
437 516 565 569 Υἱὺν
596 517 839 587 ὑπάρξαι
870 518 948 589 τῷ
973 518 1112 589 Θεῷ,
1146 518 1252 590 πρὸ
1276 519 1369 572 τοῦ
1393 518 1649 590 τεχθῆναι
1673 518 1761 571 διὰ

180 607 283 678 τῆς
310 607 611 678 Παρθένου,
638 609 876 673 δοξάζων
893 627 905 639 ·
954 611 1116 664 αὐτὸν
1145 610 1201 664 δὲ
1244 611 1403 682 μόνον
1424 607 1562 663 εἶναι
1589 610 1760 678 Λόγον

180 696 432 766 φάσκων,
469 699 692 769 συμφυᾶ
727 697 807 769 τῷ
834 698 975 770 Θεῷ,
1003 699 1187 763 ἀῖδίως
1230 700 1376 770 αὑτῷ
1414 699 1640 753 συνόντα
1667 701 1761 753 καὶ

180 787 484 857 ἡνωμένον,
532 783 643 852 οἷος
694 788 761 843 ἂν
812 789 897 860 εἴη
925 791 1022 844 καὶ
1058 793 1086 843 ὁ
1145 791 1203 842 ὲν
1256 790 1527 863 ἀνθρώπῳ
1582 790 1756 858 λόγος.

181 877 373 949 Τούτῳ
412 879 519 951 γάρ
552 881 712 944 αὐτὸς
754 881 952 953 χρῆται
1002 880 1080 952 τῷ
1126 883 1547 954 παραδείγματι,
1589 883 1760 951 Λόγον

179 963 327 1023 εἶναι
351 971 530 1041 φήσας
556 970 703 1025 ἔνδον
727 974 784 1026 ὲν
819 972 969 1043 αὐτῷ
992 973 1071 1043 τῷ
1105 973 1245 1045 Θεῷ,
1282 975 1412 1028 ποτε
1441 975 1537 1046 μὲν
1564 975 1762 1046 ἡσυχά-

180 1059 369 1124 ζοντα,
392 1062 522 1114 ποτὲ
548 1062 605 1115 δὲ
636 1065 984 1133 σημαντικῶς
999 1065 1340 1137 ἐνεργοῦντα,
1371 1066 1504 1138 μόνῃ
1529 1083 1588 1119 τε
1609 1067 1762 1137 ἐνερ-

181 1151 312 1221 γείᾳ
338 1153 592 1223 προϊόντα
619 1153 714 1207 τοῦ
744 1155 959 1226 Πατρός
980 1173 993 1186 ·
1014 1157 1090 1220 ὡς
1120 1156 1188 1212 ἂν
1209 1159 1303 1212 καὶ
1333 1159 1491 1229 ἡμεῖς
1517 1176 1569 1212 τι
1596 1175 1762 1230 προσ-

174 1244 489 1308 τάττοντες,
522 1248 579 1299 ὲν
613 1246 692 1317 τῷ
732 1247 911 1316 λέγειν
946 1266 1001 1302 τι
1054 1250 1149 1303 καὶ
1195 1249 1396 1315 λαλεῖν,
1443 1252 1761 1322 ὲνεργήσαι-

181 1352 309 1406 μεν.
345 1336 465 1389 Ὅτι
492 1337 539 1390 δ’
572 1338 672 1391 οὐκ
700 1338 765 1392 ἀν
790 1355 875 1402 τις
902 1338 1045 1393 οὕτω
1070 1357 1135 1409 γε
1160 1342 1303 1395 εῐποι
1326 1342 1453 1395 Υἱὸν
1484 1338 1623 1396 εἶναι
1670 1343 1758 1397 τὸν

178 1427 527 1496 σημαντικὸν.
547 1428 640 1481 καὶ
662 1431 1013 1501 ἐνεργητικὸν
1033 1432 1226 1502 Λόγον,
1254 1434 1418 1487 παντί
1458 1452 1536 1505 τῳ
1576 1435 1754 1506 δῆλον.

191 1518 251 1571 '0
276 1519 334 1571 δὲ
362 1518 520 1572 τοῦτο
542 1519 664 1583 δοὺς
694 1521 789 1574 ἐπὶ
812 1521 906 1575 τοῦ
936 1522 1093 1588 Θεοῦ,
1135 1525 1235 1578 οὐκ
1254 1520 1348 1579 οἶδ’
1374 1526 1520 1589 ὅπως
1543 1526 1635 1581 τὸν
1682 1527 1756 1599 μὴ

180 1608 473 1677 ὑφεστῶτα
530 1610 700 1679 Λόγον
719 1611 832 1682 (55)
863 1613 964 1683 τὴν
1014 1613 1191 1687 σάρκα
1240 1615 1606 1687 ἀνειληφέναι,
1665 1617 1757 1671 καὶ

177 1699 475 1769 ἐνεργῆσαι
508 1701 566 1754 ὲν
591 1702 726 1773 αὐτῇ
757 1720 889 1772 φησι
909 1721 922 1733 ·
959 1706 1052 1758 καὶ
1074 1705 1194 1758 τότε
1229 1704 1463 1776 Χριστὸν
1484 1706 1752 1776 γενέσθαι,

1859 512 1976 575 bat,
2008 512 2202 567 Filium
2247 528 2586 582 nequaquam
2620 515 2705 568 vel
2740 514 2906 571 fuisse
2956 516 3064 570 Deo
3097 513 3182 569 vel
3213 528 3424 583 praees-

1859 604 2086 668 stitisse,
2142 603 2455 674 priusquam
2523 604 2589 659 de
2634 604 2857 675 Virgine
2905 613 3237 660 nasceretur.
3285 604 3424 657 'l‘an-

1862 696 2138 751 tummodo
2186 706 2367 750 autem
2415 695 2652 752 Verbum
2704 711 2826 752 esse
2851 696 3000 752 illum
3043 697 3267 760 diceret,
3311 694 3424 750 Deo

1860 788 2232 856 congenitum,
2262 788 2330 843 ab
2386 797 2591 842 aeterno
2643 788 3000 852 coexsistens,
3045 795 3100 842 et
3144 785 3418 841 counitum

1861 875 1992 938 Deo,
2024 884 2084 931 ut
2111 885 2238 945 puta
2282 876 2334 929 in
2363 876 2582 931 homine
2605 876 2828 932 verbum
2856 874 3058 931 assolet
3088 875 3416 929 humanum:

1862 966 1963 1021 hoc
1997 965 2197 1020 etenim
2231 966 2404 1019 utitur
2432 964 2720 1035 exemplo:
2755 965 2991 1020 Verbum
3026 963 3298 1018 allirmans
3332 962 3421 1017 in-

1862 1066 1948 1111 tus
1972 1057 2024 1112 in
2058 1057 2166 1112 Deo
2208 1057 2329 1127 ipso
2359 1056 2660 1120 exstitisse,
2698 1056 2982 1126 quiescens
3017 1053 3310 1116 interdum,
3345 1051 3421 1106 si-

1858 1144 2160 1217 gniticative
2213 1160 2591 1216 nonnunquam
2659 1160 2918 1215 operans,
2957 1144 3271 1214 operatione
3328 1143 3418 1197 illa

1858 1252 1953 1293 Sua
1985 1238 2095 1293 sola
2123 1239 2188 1293 de
2220 1237 2380 1293 Patre
2405 1253 2501 1293 suo
2532 1238 2742 1303 exiens,
2763 1236 3214 1308 quemadmodum
3239 1243 3292 1290 et
3321 1250 3420 1289 nos

1860 1329 2077 1399 operari
2108 1333 2343 1383 solemus
2367 1329 2685 1393 scribendo,
2716 1329 2966 1394 dicendo,
3016 1327 3302 1398 loquendo.
3350 1328 3420 1379 At

1856 1425 2131 1478 enimvero
2161 1408 2284 1493 quis
2321 1439 2427 1480 non
2488 1425 2761 1494 intelligit,
2796 1440 2901 1479 non
2932 1438 3050 1478 esse
3073 1422 3413 1477 statuendum

1855 1513 1922 1569 de
1954 1514 2112 1580 Filio,
2149 1515 2302 1569 illum
2330 1516 2395 1570 ad
2433 1515 2593 1570 istum
2622 1516 2795 1570 solum
2846 1516 3062 1569 modum
3097 1514 3415 1583 signiﬁcati-

1854 1621 1980 1660 vum
2017 1606 2250 1660 Verbum
2293 1616 2349 1662 et
2380 1607 2713 1676 Operativum
2756 1606 2911 1661 esse?
2959 1605 3171 1674 Quique
3209 1605 3310 1659 hoc
3347 1605 3416 1657 ad

1859 1697 1999 1750 hanc
2044 1695 2275 1751 formam
2327 1697 2380 1750 in
2433 1696 2538 1751 Deo
2594 1696 3045 1760 comminiscitur,
3093 1694 3275 1749 nescio
3310 1708 3419 1763 quo

178 1791 278 1844 καὶ
311 1791 534 1862 Ἰησοῦν,
568 1795 662 1848 καὶ
698 1794 941 1866 βασιλέα,
974 1797 1067 1849 καὶ¹
1114 1798 1298 1851 εἰκόνα
1339 1796 1432 1851 τοῦ
1472 1798 1629 1863 Θεοῦ,
1660 1800 1748 1853 καὶ

1861 1798 2015 1857 pacto
2048 1786 2280 1843 aﬂirmet
2336 1787 2571 1843 Verbum
2611 1788 2833 1842 minime
2863 1788 3165 1842 subsistens
3204 1800 3417 1839 assum-

176 1884 481 1954 ἀγαπητὸν,
501 1886 596 1939 καὶ
611 1886 738 1939 Υἱὸν
769 1887 1177 1960 δεδοξασμένον,
1209 1889 1302 1943 καὶ
1327 1889 1391 1961 δὴ
1417 1890 1509 1943 καὶ
1535 1891 1754 1963 Πρωτό-

172 1994 335 2030 τοκον
358 1978 539 2048 πάσης
561 1978 809 2044 κτίσεως,
845 1981 918 2052 μὴ
950 1980 1080 2036 ὄντα
1120 1982 1407 2053 πρότερον,
1445 1982 1567 2035 τότε
1609 1983 1758 2052 γενέ-

175 2067 327 2132 σθαι,
365 2069 565 2141 καίπερ
596 2071 694 2142 οὐχ
744 2071 1058 2140 ὑφεστῶτα·
1114 2073 1175 2125 τὸ
1213 2072 1273 2125 δὲ
1322 2071 1619 2144 παράδοξον
1660 2071 1753 2126 τοῦ

170 2159 373 2227 Λόγου,
401 2160 666 2231 ἄρξασθαί
692 2179 755 2231 γε
782 2162 890 2215 ἀπὸ
917 2163 1283 2234 τετρακοσίων
1307 2163 1428 2217 οὐδὲ
1459 2164 1595 2218 ὅλων
1618 2163 1755 2218 ἐτῶν

171 2249 384 2303 τούτων
410 2252 691 2306 ἀπάντων·
724 2254 816 2307 καὶ
875 2254 1035 2308 πάλιν
1083 2254 1269 2309 τοῦτον
1307 2254 1518 2326 ἀθρόως
1555 2255 1756 2327 παυθή-

175 2338 371 2392 σεσθαι
401 2340 538 2409 μετά
567 2341 658 2394 τὸν
682 2341 784 2412 τῆς
821 2343 1056 2414 κρίσεως
1101 2344 1291 2416 καιρὸν
1318 2343 1410 2396 τοῦ
1455 2344 1553 2415 μὲν
1579 2345 1751 2412 Λόγου

170 2431 456 2502 ήνωμένου
487 2432 565 2503 τῷ
600 2432 739 2504 Θεῷ,
789 2434 865 2498 ὡς
896 2435 1060 2507 μηδὲν
1096 2436 1280 2507 ἓτερον
1312 2432 1450 2490 εἶναι
1493 2436 1629 2507 πλὴν
1656 2437 1750 2492 τοῦ

168 2520 333 2587 Θεοῦ,
360 2522 461 2593 τῆς
490 2522 548 2576 δὲ
577 2524 800 2596 σαρκὸς,
828 2518 897 2596 ἦς
921 2524 1229 2595 ἀνείληφεν,
1261 2527 1468 2597 ἐρήμου
1502 2526 1753 2580 καταλει-

169 2610 525 2683 φθησομένης
560 2613 664 2666 ὑπὸ
691 2612 788 2667 τοῦ
834 2615 1033 2683 Λόγου,
1058 2614 1134 2679 ὡς
1187 2616 1324 2686 μήτε
1370 2615 1463 2670 τὸν
1501 2616 1628 2670 Υἰὸν
1656 2614 1749 2671 τοῦ

164 2702 312 2756 Θεοῦ
355 2721 485 2758 ποτε
513 2706 829 2774 ὑφεστάναι,
865 2707 1003 2778 μήτε
1038 2706 1130 2759 τὸν
1156 2706 1284 2760 Υἰὸν
1310 2706 1404 2760 τοῦ
1441 2707 1748 2779 ἀνθρώπου,

168 2794 242 2848 ὃν
293 2795 570 2867 ἀνείληφε.
623 2798 732 2852 Καὶ
776 2797 833 2851 δὲ
884 2799 964 2861 εἰς
999 2796 1157 2851 τοῦτο
1208 2798 1358 2862 τέλος
1388 2784 1751 2870 καταστρέφει

164 2881 366 2955 ὥσπερ
395 2887 815 2957 κεκωφωμένος,
853 2888 948 2940 καὶ¹
977 2889 1116 2959 μήτε
1141 2887 1234 2942 τοῦ
1258 2888 1491 2957 ἀγγέλου
1516 2889 1753 2962 Γαϐριὴλ

164 2974 424 3039 ἀκούων,
478 2975 962 3048 εὐαγγελιζομένου
1013 2977 1112 3049 τὴν
1162 2978 1423 3034 Θεοτόκον
1471 2981 1656 3050 σαφῶς
1689 2998 1750 3035 τε

164 3068 268 3121 καὶ
299 3066 589 3140 διαρρήδην
617 3068 743 3139 περὶ
770 3069 866 3124 τοῦ
902 3072 962 3138 ἐξ
1002 3071 1174 3142 αὐτῆς
1198 3071 1620 3143 τεχθησομένου,
1653 3073 1745 3127 καὶ

162 3158 239 3209 ὲκ
285 3157 596 3229 σπέρματος
646 3161 809 3214 Δαϐὶδ
857 3163 998 3217 κατά
1045 3163 1225 3236 σάρκα
1261 3163 1742 3236 προελευσομένου,

164 3245 503 3315 φάσκοντος·
543 3249 688 3303 Ἰδοὺ
728 3251 1028 3321 aeuum;
1068 3252 1138 3305 ἐν
1182 3254 1417 3323 γαστρὶ,
1464 3253 1561 3306 καὶ
1604 3254 1746 3324 τέξῃ

165 3341 333 3402 υἱὸν,
391 3342 488 3395 καὶ
546 3344 827 3408 καλέσεις
868 3344 932 3397 τὸ
993 3344 1180 3415 ὄνομα
1237 3346 1425 3400 αὑτοῦ
1485 3347 1739 3415 Ἰησοῦν.

168 3428 370 3500 Οὗτος
390 3432 561 3487 ἔσται
583 3435 790 3504 μέγας,
832 3435 929 3490 καὶ
966 3436 1095 3503 υἱὸς
1132 3437 1411 3506 Ὑψίστου
1445 3440 1747 3509 κληθήσε-

163 3542 297 3579 ταιο
328 3526 428 3579 καὶ
476 3524 653 3580 δώσει
698 3525 858 3592 αὐτῷ
888 3529 1102 3596 Κύριος
1141 3531 1174 3582 ό
1212 3528 1356 3595 Θεὸς
1394 3530 1502 3583 τὸν
1533 3533 1748 3600 θρόνον

162 3616 354 3670 Δαϐὶδ
385 3617 491 3671 τοῦ
517 3618 734 3686 πατρὸς
760 3620 966 3683 αὑτοῦ,
1020 3620 1117 3673 καὶ
1138 3622 1498 3685 βασιλεύσει
1527 3623 1626 3676 ἐπὶ
1642 3623 1749 3678 τὸν

161 3702 343 3760 οἷκον
371 3705 571 3760 Ἰακὼϐ
602 3709 690 3773 εὶς
731 3707 873 3774 τοὺς
898 3708 1137 3775 αἰῶνας,
1161 3709 1260 3762 καὶ
1286 3707 1395 3777 τῆς
1425 3711 1747 3776 βασιλείας

160 3795 361 3851 αὐτοῦ
396 3798 507 3851 οὐκ
540 3784 928 3864 ἔσται’τέλος.
963 3801 1116 3872 Μήτε
1146 3799 1344 3871 Δανιὴλ
1382 3799 1476 3853 τοῦ
1511 3800 1745 3870 μεγάλου

164 3888 453 3960 προφήτου
475 3888 573 3953 τὰς
602 3888 784 3957 φωνὰς
825 3890 1046 3954 συνιεὶς,
1073 3890 1212 3944 αὐτά
1258 3891 1425 3944 ταῦτα
1455 3891 1746 3962 σφραγιζο-

163 3979 363 4050 μένου,
390 3979 460 4032 δι’
489 3974 564 4033 ὧν
594 3982 652 4033 ὲν
679 3980 806 4052 θείῳ
835 3981 1113 4052 Πνεύματι
1138 3981 1385 4052 διεφώνει
1410 3982 1601 4051 λέγων·
1634 3984 1743 4037 Καὶ

162 4070 304 4124 ἰδοὺ
342 4072 494 4140 μετὰ
536 4071 653 4125 τῶν
687 4073 958 4143 νεφελῶν
986 4074 1097 4144 (54)
1132 4074 1236 4127 τοῦ
1267 4075 1526 4142 οὐρανοῦ
1554 4115 1568 4138 ,
1612 4076 1745 4140 Υἱὸς

160 4160 486 4231 ἀνθρώπου
501 4163 825 4233 ἐρχόμενος
854 4161 954 4235 ἦν,
974 4165 1071 4219 καὶ
1101 4164 1212 4231 ἕως
1227 4165 1333 4219 τοῦ
1348 4165 1611 4219 Παλαιοῦ
1627 4164 1744 4219 τῶν

158 4251 405 4321 ἡμερῶν
436 4254 664 4322 ἔφθασε
681 4295 695 4318 ,
723 4255 821 4309 καὶ
874 4255 1215 4327 ἔμπροσθεν
1263 4255 1452 4310 αὐτοῦ
1485 4272 1745 4324 προσην-

162 4344 343 4412 έχθη.
384 4344 494 4398 Καὶ
535 4345 695 4411 αὐτῷ
739 4346 918 4414 ἐδόθη
947 4347 1126 4416 ἁρχὴ,
1163 4346 1261 4401 καὶ
1291 4349 1330 4415 ἡ
1376 4346 1534 4416 τιμὴ,
1574 4348 1669 4400 καὶ
1699 4349 1739 4417 ἠ

1855 1883 2026 1947 psisse
2054 1894 2296 1947 carnem,
2325 1888 2380 1933 et
2412 1880 2464 1933 in
2505 1879 2593 1932 illa
2621 1889 2891 1947 assumpta
2925 1879 2996 1931 ita
3028 1885 3327 1945 operatum.
3351 1874 3421 1929 Et

1855 1977 1981 2025 tunc
2013 1972 2245 2038 primum
2283 1970 2554 2026 Christum
2602 1969 2879 2025 exstitisse
2904 2009 2920 2035 ,
2963 1968 3167 2032 Jesum,
3211 1981 3415 2036 regem,

1853 2061 2143 2131 imaginem
2200 2063 2315 2130 Dei,
2352 2063 2632 2127 dilectum,
2683 2061 2849 2116 lilium
2893 2059 3273 2131 gloriﬁcalum.
3313 2055 3419 2123 ΡΓῘ·
3460 2132 3469 2143 ς

1853 2156 2185 2222 ntogenitum
2218 2155 2397 2210 omnis
2423 2163 2711 2218 creaturae,
2745 2168 2868 2208 cum
2913 2167 3019 2205 non
3053 2158 3200 2205 esset
3242 2150 3414 2218 prius,

1852 2258 1953 2298 nec
1983 2254 2137 2299 antea
2172 2246 2395 2301 omnino
2423 2245 2733 2301 exsisteret.
2766 2242 3037 2313 Imprimis
3080 2241 3417 2312 paradoxum

1852 2336 1982 2390 illud
2020 2346 2120 2398 est,
2154 2337 2442 2407 incoepisse
2463 2338 2567 2392 hoc
2594 2337 2846 2398 Verbum,
2880 2351 2984 2390 non
3011 2334 3079 2388 ab
3108 2332 3267 2386 annis
3292 2331 3418 2384 hinc

1854 2436 2001 2480 retro
2033 2428 2439 2497 quadringentis
2472 2426 2787 2496 completis:
2811 2434 2866 2481 et
2893 2423 3050 2479 simul
3079 2424 3130 2477 in
3152 2422 3414 2476 eamdem

1852 2533 1957 2573 non
2004 2520 2381 2575 exsistenliam
2423 2518 2834 2584 revolvendnm,
2891 2529 3015 2588 post
3057 2513 3244 2586 iudicii
3274 2522 3411 2570 tem-

1849 2626 1972 2681 pus,
2009 2612 2185 2666 Verbo
2226 2612 2445 2681 quidem
2493 2612 2602 2668 Deo
2652 2613 2867 2667 demum
2922 2611 3169 2677 adunito,
3232 2609 3303 2663 ita
3355 2621 3416 2663 ut

1850 2711 2044 2770 praeter
2066 2700 2230 2755 Deum
2266 2700 2399 2754 nihil
2427 2700 2716 2770 quidquam
2747 2699 3006 2763 exsistat;
3040 2711 3224 2760 carne,
3247 2709 3411 2764 quam

1850 2793 2166 2861 assumpsit,
2194 2790 2435 2846 desolata
2477 2799 2533 2846 et
2566 2791 2819 2846 destituta
2850 2804 2881 2844 a
2908 2787 3106 2853 Verbo,
3130 2786 3202 2840 ita
3232 2794 3291 2839 ut
3316 2798 3412 2837 ne-

1850 2898 1955 2954 que
1981 2883 2153 2938 Filius
2182 2883 2377 2953 aliquis
2406 2882 2499 2938 Dei
2527 2883 2830 2951 subsistat,
2865 2896 2965 2937 nec
2986 2880 3154 2936 Filius
3178 2873 3414 2934 hominis

1849 2989 2008 3044 quem
2040 2976 2355 3044 assumpsit.
2382 2974 2457 3028 Eo
2480 2983 2658 3029 autem
2688 2973 2901 3028 tandem
2933 2973 3214 3029 descendit
3256 2972 3406 3041 abje-

1849 3064 2064 3132 ctionis,
2093 3065 2472 3120 utGabrielem
2501 3080 2604 3120 non
2632 3065 2818 3120 audiat
2848 3064 3261 3135 archangelum,
3291 3063 3415 3118 Dei-

1848 3172 1989 3227 para:
2020 3158 2304 3213 manifeste
2332 3167 2386 3212 et
2410 3158 2697 3228 perspicue
2721 3158 3151 3227 annuntiantem,
3184 3160 3251 3214 de
3275 3159 3412 3214 Filio

1847 3262 1913 3302 ex
1940 3248 2030 3302 illa
2058 3249 2385 3319 generando,
2410 3257 2464 3302 et
2493 3250 2561 3304 de
2597 3249 2803 3304 semine
2830 3248 3068 3313 Doridis,
3116 3254 3411 3305 secundum

1848 3355 2064 3394 carnem
2100 3341 2447 3406 descensum,
2474 3355 2596 3395 cum
2626 3342 2699 3394 ita
2730 3340 2970 3411 inquiat:
2998 3340 3133 3396 Ecce
3152 3342 3412 3410 concipies

1846 3430 1901 3482 in
1926 3437 2074 3482 utero
2105 3439 2216 3491 tuo,
2244 3438 2293 3482 et
2331 3446 2504 3496 partes
2529 3427 2723 3497 ﬁlium,
2766 3439 2812 3481 et
2850 3431 3054 3483 vocabis
3084 3445 3267 3483 nomen
3293 3431 3409 3499 ejus

1846 3520 2051 3574 Iesum.
2102 3519 2206 3573 Hic
2252 3522 2349 3574 erit
2377 3522 2618 3590 magnus,
2647 3528 2695 3573 et
2734 3520 2877 3589 ﬁlius
2907 3520 3167 3574 Altissimi
3203 3522 3411 3574 vocabi-

1847 3619 1970 3662 tur:
2014 3620 2064 3663 et
2117 3610 2261 3663 dabit
2307 3611 2386 3663 illi
2424 3610 2683 3663 Dominus
2726 3610 2865 3663 Deus
2912 3613 3153 3664 thronum
3194 3611 3409 3665 Davidis

1844 3703 2010 3771 patris
2042 3703 2146 3769 sui,
2186 3712 2233 3756 et
2286 3703 2517 3772 regnabit
2556 3719 2713 3770 super
2743 3702 2951 3754 domum
2984 3700 3150 3754 Iacob
3181 3702 3235 3754 in
3261 3712 3410 3756 mter-

1848 3811 1993 3857 num,
2023 3805 2069 3848 et
2100 3796 2244 3865 regni
2276 3794 2419 3848 illius
2461 3812 2562 3849 non
2600 3799 2696 3848 erit
2722 3792 2844 3862 ﬁnis
2872 3792 2938 3846 “.
2989 3793 3096 3848 Sed
3125 3809 3221 3847 nec
3248 3788 3433 3848 voces

1846 3885 2113 3940 intellexit
2145 3886 2323 3956 magni
2379 3887 2521 3940 illius
2574 3887 2713 3939 vatis
2771 3885 3028 3952 Danielis,
3076 3884 3169 3954 qui
3215 3886 3406 3941 eadem

1845 3979 1958 4048 ipsa
1992 3979 2353 4050 consignavit,
2378 3978 2501 4032 dum
2536 3978 2730 4047 spiritu
2758 3977 2850 4032 Dei
2877 3977 3091 4032 amatus
3133 3977 3400 4048 profatur,

1844 4071 2136 4139 inquiens:
2171 4070 2241 4123 Et
2279 4086 2394 4124 ecce
2415 4086 2532 4123 cum
2564 4070 2784 4124 nubibus
2821 4070 2934 4123 coeli
2975 4068 3148 4124 Filius
3175 4073 3403 4125 hominis

1844 4161 2171 4225 adveniebat,
2206 4171 2253 4214 et
2291 4175 2453 4229 usque
2499 4161 2572 4214 ad
2586 4156 2878 4229 Antiquam
2920 4165 2977 4224 >3
3009 4160 3211 4214 dierum
3233 4179 3408 4230 perve-

1844 4253 1939 4317 nit,
1975 4263 2022 4307 et
2048 4252 2253 4307 delatus
2292 4259 2369 4306 est
2400 4260 2522 4304 ante
2563 4261 2891 4319 conspectum
2922 4251 3058 4321 ejus.
3090 4250 3204 4323 Ipsi
3232 4264 3406 4306 autem

1842 4345 2070 4398 dabatur
2093 4343 2439 4412 principatus,
2470 4352 2519 4395 et
2550 4341 2733 4407 honor,
2758 4350 2808 4394 et
2830 4358 3042 4411 regnum
3060 4359 3080 4398 :
3105 4353 3156 4397 et
3180 4346 3404 4399 servient

160 4435 455 4498 βασιλεία
478 4452 491 4464 ’
542 4435 641 4489 καὶ
677 4434 902 4504 πάντες
948 4441 1001 4491 οὶ
1039 4438 1198 4501 λαοὶ,
1230 4437 1436 4507 φυλαὶ,
1467 4437 1738 4508 γλῶσσαι

1851 4432 1923 4486 illi
1945 4448 2122 4486 omnes
2162 4431 2365 4499 populi,
2406 4430 2595 4496 tribus,
2633 4428 2846 4499 linguae.
2893 4427 3134 4485 Potestas
3156 4433 3299 4487 illius
3327 4445 3402 4489 est

156 4526 327 4592 αὑτῷ
370 4526 837 4582 δουλεύσουσιν.
894 4529 965 4583 Ἠ
997 4528 1245 4594 ἐξουσία
1281 4528 1463 4582 αὐτοῦ
1486 4528 1737 4592 ἐξουσία

156 4619 433 4686 αἰώνιος,
478 4618 611 4687 ἥτις
642 4622 715 4673 οὐ
749 4620 1178 4687 παρελεύσεται
1198 4636 1211 4650 ·
1259 4620 1358 4674 καὶ
1390 4620 1428 4687 ἡ
1451 4619 1738 4682 ,βασιλεία

156 4711 356 4766 αὑτοῦ
378 4712 449 4765 οὐ
469 4708 958 4780 διαφθαρήσεται.
992 4710 1131 4763 Ἀλλ’
1153 4710 1273 4763 οὐδὲ
1301 4709 1528 4772 Ἡσαΐας
1566 4709 1735 4763 αὑτὸν

156 4802 352 4856 ἔπεισε
379 4802 506 4873 περὶ
541 4802 639 4872 τῆς
662 4802 1019 4873 ἀτελευτήτου
1048 4800 1321 4871 βασιλείας
1347 4799 1441 4853 τοῦ
1472 4800 1603 4854 Υἱοῦ
1636 4800 1731 4853 τοῦ

156 4894 323 4959 Θεοῦ,
346 4887 448 4947 ὧδε
467 4896 561 4948 καὶ
580 4895 744 4958 αὐτὸς
765 4893 1056 4957 θεσπίζων,
1086 4894 1190 4956 ὅτι,
1210 4893 1453 4946 Παιδίον
1479 4891 1730 4961 ἐγενήθη

155 4987 346 5058 ἡμῖν·
376 4986 507 5053 υἱὸς
546 4987 646 5041 καὶ
686 4986 864 5053 ἐδόθη
903 4986 1053 5056 ἡμῖν
1082 4980 1154 5041 οὗ
1188 4985 1227 5051 ή
1270 4984 1426 5054 ἀρχὴ
1471 4984 1583 5056 (35)
1629 4985 1730 5038 ἐπὶ

1840 4530 2067 4591 potestas
2117 4530 2334 4584 (eterna,
2374 4535 2491 4590 qua’
2521 4536 2625 4574 non
2668 4519 2999 4588 pertransibit
3038 4536 3058 4575 :
3111 4530 3159 4574 et
3189 4537 3402 4591 regnum

1841 4613 1987 4667 illius
2016 4630 2119 4667 non
2148 4612 2378 4666 interibit
2403 4611 2465 4664 ⁸⁸.
2501 4609 2607 4664 Sed
2656 4625 2756 4664 nec
2798 4609 2952 4664 illum
2979 4609 3149 4666 Isaias
3177 4612 3248 4667 de
3276 4626 3402 4666 sen-

1841 4709 2008 4762 tentia
2038 4707 2279 4772 deduxit,
2302 4706 2393 4775 qui
2420 4705 2488 4759 dc
2515 4718 2682 4774 regno
2702 4701 2823 4757 Filii
2856 4702 2949 4758 Dei
2978 4703 3396 4767 interminabili,

1839 4801 1909 4856 ad
1941 4800 2101 4854 istum
2140 4800 2358 4852 modum
2389 4799 2579 4855 scribit
2604 4816 2618 4852 :
2652 4798 2795 4851 Puer
2815 4794 2960 4849 nobis
2986 4804 3141 4849 natus
3162 4806 3273 4850 est:
3304 4794 3403 4849 Fi-

1837 4891 1942 4946 lius
1966 4907 2171 4961 quoque
2189 4890 2347 4943 datus
2369 4900 2445 4943 est
2489 4890 2660 4953 nobis,
2691 4886 2843 4958 cujus
2873 4888 3200 4957 principatus
3244 4903 3401 4956 super

1837 4986 2079 5035 humeros
2111 4980 2263 5050 ejus:
2285 4980 2555 5035 vocabitur
2597 4979 2811 5049 insuper
2847 4994 3035 5034 nomen
3060 4978 3192 5050 ejus,
3218 4977 3398 5049 magni

238 5107 301 5167 >14
345 5100 446 5155 Ed.
476 5099 676 5168 Paris.,
705 5116 828 5172 pag.
860 5101 950 5156 55.
1025 5099 1073 5133 “
1097 5099 1229 5155 Luc.
1265 5114 1305 5165 ι,
1331 5099 1518 5156 51-55.
1596 5100 1642 5132 ⁸⁸
1674 5098 1811 5154 Dan.
1841 5114 1939 5162 vn,
1976 5099 2066 5163 15,
2098 5096 2185 5152 M.

236 5270 354 5343 (33)
390 5224 511 5349 ,Τόν
534 5266 622 5349 pi!
668 5262 984 5349 ὑφεστῶτα
997 5263 1375 5349 Λόγον..Ηῃς
1399 5274 1482 5349 est
1515 5278 1727 5349 summa

1851 5262 2021 5349 λασαν
2046 5268 2101 5343 et
2135 5259 2229 5313 καὶ
2257 5258 2420 5312 αὐτὸν
2455 5258 2574 5329 μέν,
2610 5258 2842 5326 denique
2872 5257 3087 5327 ἐκείνην
3109 5257 3310 5325 ὲπαγγ.
3343 5267 3399 5312 et

152 5334 549 5398 accusationis
584 5334 918 5400 Eusebianze,
951 5336 1015 5388 de
1059 5351 1187 5403 qua,
1219 5334 1272 5388 in
1308 5335 1411 5387 illis
1441 5335 1509 5387 de
1553 5334 1730 5389 Theo-

155 5413 329 5479 logia.
374 5410 444 5462 Μ.

382 5480 493 5553 Kal
519 5471 964 5553 (dab-perarate
977 5472 1262 5553 νεφελῶν,
1288 5472 1462 5553 Locus
1484 5482 1565 5525 est
1582 5472 1725 5553 Dan.

1831 5468 1950 5539 P09!
1981 5468 2133 5537 ἀρχή

1824 5333 1933 5403 γὰρ
1964 5330 2155 5403 47in-

1900 5394 2025 5470 (55)’
2053 5395 2133 5470 Οὗ
2167 5401 2206 5467 ἡ
2236 5397 2414 5466 ἀρχή.
2461 5397 2634 5470 Locus
2664 5406 2740 5450 est
2773 5396 2875 5470 Isa.
2922 5411 2998 5470 rx,
3030 5396 3083 5462 6,
3119 5394 3349 5470 in_LXX
3377 5415 3389 5449 :

2170 5471 2431 5535 sequitur,
2458 5467 2742 5536 ἐγενήθη;
2770 5468 3096 5536 εοάννοτίοιιι
3130 5468 3197 5519 ibi
3230 5470 3392 5536 etiam

153 5535 257 5610 th‘,
282 5535 379 5615 17;
406 5552 543 5618 lege,
576 5535 764 5618 καξιῖἱζς
782 5535 1553 5618 Υἱρςμάνθρώπουηξρχόμενος.
1579 5540 1730 5618 μ.-

1851 5535 2291 5618 ξοόὶεερζξιειίιη
2327 5537 2378 5589 in
2421 5536 2802 5618 Lxgidegitur,
2832 5535 2960 5618 ego
3001 5536 3111 5618 γὰρ
3146 5535 3397 5618 εἰρήνην

155 5604 302 5675 Infra
344 5604 505 5687 v'nlg‘i’
530 5604 586 5672 τ.
620 5604 757 5668 Υἱοῦ
781 5614 874 5687 τοῦ
891 5604 1198 5687 ⁷ἀνθρὶὶρτεου
1227 5604 1343 5666 ὧδέ
1363 5604 1540 5687 ἑιῄὲπὶ
1570 5609 1721 5687 ῷμου
1821 5608 2080 5687 έαὶςτοὺς
2103 5608 2529 5687 ᾷρχοντςιςααζ
2555 5604 3115 5687 ὑγίειαν-,αὐτῷηκαὶ
3136 5604 3391 5687 μεγάλη.

149 5690 275 5744 τοῦ.
309 5677 479 5743 Porri)
518 5688 624 5754 Mp.
668 5677 1187 5754 ἀντιλαμϐάνεσθαι,
1235 5687 1354 5737 dein
1398 5682 1561 5754 ἔσται
1604 5677 1721 5735 loco

1851 5677 2030 5754 una;
2060 5678 2146 5748 μὴ
2179 5677 2464 5754 προεῖναι.
2507 5678 2580 5730 Ita
2613 5680 2759 5754 varie
2790 5677 2958 5754 illusit
2999 5678 3243 5754 humanae
3266 5678 3395 5754 ira-

150 5758 399 5815 Ξσεσθαι.
439 5746 583 5811 υυὴῖ
622 5758 779 5827 vulgo
812 5746 877 5808 δέ
914 5746 973 5807 οῦ
1010 5754 1146 5824 ὁμοῦ
1188 5766 1241 5809 et
1276 5752 1628 5824 ὡμολόγησαν
1668 5760 1721 5807 et

1851 5746 2041 5818 :ilitati,
2064 5746 2168 5821 per
2197 5748 2430 5803 nefarios
2455 5764 2581 5805 suos
2619 5749 2934 5803 eluisslrius
2956 5786 2971 5812 ,
3025 5747 3213 5801 Snlatt.
3266 5746 3399 5814 Ἔγ-

488 5852 757 5912 Ρλτιιοι.
804 5851 919 5913 Gn.
967 5849 1201 5912 XXIV.

3003 5841 3083 5902 25
