3836 6216
427 320 530 377 770
1058 315 1326 372 EUSEBII
1363 311 1850 372 CESARIENSIS
1886 311 2041 368 OPP.
2081 310 2261 366 PARS
2300 309 2390 364 IV.
2430 342 2498 352 —
2537 306 2958 366 DOGMATICA.
3569 300 3680 354 780

427 433 636 488 consilii
686 429 917 501 Angelus
958 442 976 481 :
1033 431 1364 486 admirabilis
1399 432 1737 486 consiliarius
1786 447 1806 487 :
1853 431 1942 485 Det

2165 431 2202 484 ὗ
2233 429 2395 499 ὤμου
2425 427 2634 494 αὐτοῦ,
2677 425 2777 480 καὶ
2824 422 3094 478 καλεῖται
3134 421 3202 474 τὸ
3243 419 3431 488 ὄνομα
3461 415 3680 480 αὑτοῦ,

425 527 619 594 fortis:
648 531 900 591 potestate
958 524 1251 591 prwditus;
1294 525 1530 593 princeps
1577 525 1722 593 pacis
1765 539 1784 578 :
1837 523 1940 577 Pati

2164 520 2364 590 γάλης
2373 516 2619 587 ,ϐουλῆς
2634 519 2932 588 Ἄγγελος,
2955 511 3299 584 θαυμαστὸς
3313 512 3679 580 σύμϐουλος,

426 613 594 682 futuri
636 612 839 666 siccati.
877 611 1151 665 Adducam
1210 615 1348 666 enim
1402 615 1679 667 sanitatem
1726 627 1772 668 et
1815 630 1940 681 pace

2168 612 2243 679 τὸς
2264 612 2534 681 ἰσχυρὸς,
2554 606 2977 676 ὲξουσιαστὴς,
2991 606 3190 675 ἄρχων
3199 603 3462 672 εἰρήνης,
3479 601 3683 668 Πατὴρ

427 721 544 757 cum
576 705 691 758 illo.
724 703 952 774 Magnus
987 705 1080 756 erit
1117 705 1442 772 principatus
1472 705 1606 774 ejus,
1634 717 1682 758 et
1713 705 1856 774 pacis
1879 705 1942 775 cjt

2171 704 2202 758 ῦ
2213 704 2550 773 μέλλοντος
2558 699 2960 767 ἀίῶνοςβΑξω
2971 699 3082 768 τὰρ
3099 696 3349 766 είρήνην
3361 694 3459 748 καὶ
3473 693 3686 762 ὑγείαν

429 817 533 852 non
555 803 652 852 erit
680 797 818 867 ﬁnis.
845 796 1012 864 Super
1032 800 1222 852 solium
1271 799 1462 862 David,
1499 808 1547 851 et
1578 815 1736 863 super
1781 815 1939 869 regnu

2171 797 2277 863 ιτῷ.
2333 795 2586 866 Μεγάλη
2633 796 2672 862 η
2719 791 2875 863 ἀρχὴ
2918 789 3126 848 αὐτοῦ·
3172 786 3413 857 καὶτῆς
3437 785 3686 855 ειρήνης

428 891 566 958 ejus,
617 900 672 942 ut
716 892 942 960 corrigat
991 891 1145 952 illud,
1185 899 1232 943 et
1282 888 1574 943 auxilietur
1611 890 1666 943 in
1701 890 1901 959 judicio

2168 887 2283 941 irai;
2309 890 2420 941 οὐκ
2451 887 2623 941 ἔσται
2659 885 2856 951 τέλος.
2915 883 3050 938 Ἐπὶ
3083 882 3191 936 τὸν
3235 882 3453 951 θρόνον
3479 877 3683 941 Δαϐὶδ,

417 982 658 1051 justitia,
694 998 760 1035 ea:
781 983 877 1035 hoc
910 998 1044 1035 nunc
1079 990 1128 1035 et
1161 997 1322 1051 usque
1348 982 1402 1035 in
1429 981 1679 1036 swculum
1708 983 1774 1037 ".
1823 985 1926 1051 Atq

2171 977 2199 1030 tl
2233 977 2332 1030 ἐπὶ
2361 977 2477 1045 τὴν
2509 977 2841 1042 ,Βασιλείαν
2881 973 3092 1039 αὐτοῦ,
3144 971 3254 1026 τοῦ
3307 969 3686 1038 κατορθῶσαι

428 1074 548 1127 istis
579 1089 676 1143 per
701 1075 882 1128 omnia
913 1089 1148 1128 consona
1183 1073 1426 1138 fuerunt,
1460 1091 1580 1144 qua:
1614 1073 1823 1144 Virgini
1873 1076 1943 1130 De

2172 1069 2315 1139 τὴν,
2352 1068 2451 1124 καί
2479 1068 2912 1124 ἀντιλαϐέσθαι
2941 1067 3013 1120 ἐν
3048 1067 3281 1136 κρίματι
3333 1064 3435 1118 καί
3479 1063 3552 1116 ἐν
3597 1061 3687 1116 δι-

427 1182 570 1234 parte
595 1165 955 1219 annuntiabat
984 1165 1227 1233 Gabriel,
1271 1165 1358 1219 ubi
1411 1165 1512 1232 ait,
1566 1175 1912 1236 regnaturum

2167 1161 2424 1230 ιιοσύνῃ,
2480 1160 2601 1215 ἀπὸ
2651 1159 2757 1214 τοῦ
2807 1158 2926 1214 νῦν
2970 1157 3073 1213 καὶ
3111 1160 3198 1223 εὶς
3251 1155 3393 1222 τσὺς
3439 1155 3682 1220 αἰῶνας.

425 1267 688 1310 aeternum
726 1256 816 1324 qui
873 1267 991 1311 erat
1040 1272 1104 1311 ex
1144 1257 1230 1310 illa
1266 1257 1618 1326 nasciturus;
1668 1257 1838 1328 Regni
1884 1258 1940 1329 ej

2175 1252 2321 1315 ύτοις
2351 1250 2483 1320 γοῦν
2531 1249 2798 1321 σύμφωνα
2828 1245 2897 1320 ἦν
2939 1250 3036 1304 καὶ
3069 1249 3211 1320 άπερ
3234 1250 3262 1302 6
3287 1246 3530 1319 Γαϐριὴλ
3579 1245 3689 1317 τὴν

428 1365 532 1402 ηοη
561 1351 662 1401 erit
690 1348 836 1417 ﬁnis.
892 1347 1100 1415 Quanta
1138 1359 1316 1403 autem
1354 1365 1476 1403 cum
1519 1348 1740 1404 audacia
1772 1349 1943 1406 Marce

2178 1343 2374 1416 ιρθένον
2397 1343 2804 1416 εὐηγγελίζετο,
2839 1344 2922 1408 είς
2944 1344 3069 1405 τοὺς
3092 1342 3313 1405 αίῶνας
3346 1339 3693 1412 βασιλεύσειν

428 1441 512 1494 lns
547 1441 696 1495 hisce
731 1441 1057 1495 testimoniis
1115 1441 1390 1495 contraria
1433 1442 1710 1512 scripserit
1755 1452 1809 1496 et
1839 1457 1943 1511 rep:

2176 1437 2275 1506 ιὲξ
2308 1439 2498 1510 αὐτῆς,
2555 1438 2749 1507 λέγων,
2793 1439 2888 1492 καὶ
2925 1438 3026 1508 τῆς
3056 1437 3331 1508 βασιλείας
3381 1436 3548 1490 αὐτοῦ
3612 1437 3691 1507 μὴ

429 1533 675 1602 gnanlia,
719 1531 788 1584 ab
819 1531 988 1600 ipsius
1031 1531 1247 1600 scriptis
1280 1531 1561 1587 edocearis
1607 1531 1754 1597 licet,
1789 1531 1840 1584 in
1878 1546 1944 1601 qu

2174 1531 2320 1585 εσθαι
2370 1531 2542 1596 τέλος,
2574 1529 2894 1602 Μάρκελλος
2931 1529 2988 1584 δὲ
3031 1531 3180 1593 ὅπως
3215 1528 3425 1592 τούτοις
3471 1529 3689 1582 άπασιι

429 1623 531 1677 bus
564 1621 682 1675 Filii
729 1635 850 1674 cum
906 1621 1183 1686 deitatem,
1235 1633 1346 1673 tum
1404 1620 1564 1674 etiam
1605 1619 1941 1674 humanitate

2177 1621 2319 1674 ιντία
2339 1621 2572 1692 γράφειν
2601 1622 2824 1694 ἐτόλμα,
2857 1619 3049 1693 μάθοις
3076 1620 3143 1675 ἂν
3163 1622 3227 1675 ἐκ
3253 1620 3362 1674 τῶν
3388 1619 3553 1674 αὐτοῦ
3570 1637 3692 1688 φω-

429 1713 766 1785 pernegavit,
797 1711 934 1766 ultra
962 1712 1201 1765 omnium
1233 1711 1518 1766 limresium
1563 1712 1877 1765 novitatem.
1915 1707 1944 1761 ll

2179 1731 2228 1779 ν,
2258 1713 2326 1766 δι’
2373 1707 2448 1768 ὧν
2494 1713 2627 1784 ὁμοῦ
2657 1715 2756 1786 τὴν
2785 1714 3013 1786 θεότητα
3047 1714 3142 1767 καὶ
3167 1713 3267 1782 τὴν
3285 1712 3692 1785 ἀνθρωπότητα

432 1815 515 1857 ter
561 1803 705 1866 enim
763 1816 1053 1870 pravarum
1104 1801 1418 1871 opinionum
1477 1811 1747 1866 auctores,
1809 1798 1947 1868 aliqu

2175 1777 2362 1858 ῦΘεοῦ
2381 1803 2475 1857 τοῦ
2495 1777 2626 1858 Ῠὶοῦ
2656 1777 2872 1879 ἠρνεῖτο
2888 1846 2904 1872 ,
2928 1777 3240 1877 λιαινότερον
3269 1805 3302 1876 ῆ
3333 1777 3474 1858 χοὶτά
3501 1777 3690 1858 πᾶσαν

428 1910 550 1949 cum
581 1891 775 1946 Filium
817 1891 909 1946 Dei
963 1892 1397 1960 supposuissent,
1457 1904 1630 1960 neque
1678 1891 1804 1944 olim
1833 1899 1943 1945 exst

2176 1912 2260 1949 εον
2284 1897 2514 1967 αἵρεσιν.
2544 1897 2666 1950 Τῶν
2695 1897 2804 1969 γὰρ
2831 1896 3154 1968 ἑτεροδόξων
3177 1897 3227 1949 oi
3265 1897 3361 1968 μὲν
3391 1895 3466 1967 μὴ
3503 1897 3691 1968 προεῖ-

432 1988 582 2052 tisse,
617 2000 715 2040 nec
745 1997 869 2039 ante
901 1984 1226 2046 substitisse,
1257 1984 1529 2037 hominem
1555 1998 1677 2036 eum
1731 1997 1896 2036 unum
1938 2001 1947 2034 ι

2177 2005 2194 2040 ι
2231 1988 2366 2060 μηδὲ
2382 1989 2756 2062 προῦπάρχειν
2780 1990 2870 2043 τὸν
2896 1990 3022 2042 Υίὸν
3050 1988 3143 2042 τοῦ
3167 1988 3304 2041 Θεοῦ
3334 1989 3564 2057 φάντες,
3590 1988 3689 2041 άν-

431 2077 616 2132 multis
643 2085 950 2132 statuerunt
997 2075 1211 2130 caeteris
1251 2073 1507 2140 similem,
1547 2075 1837 2145 adoptione
1880 2083 1946 2128 tat

2178 2096 2325 2132 ωπον
2345 2079 2443 2133 ἕνα
2467 2079 2650 2148 αὑτὸν,
2677 2084 2790 2142 τοῖς
2815 2081 3022 2144 λοιποῖς
3047 2081 3253 2152 ὅμοιον,
3279 2079 3608 2149 ὑποθέμενοι
3631 2079 3693 2144 ἐξ

433 2180 571 2236 tum,
603 2169 742 2224 natis
774 2169 842 2223 de
871 2167 1209 2234 mulieribus,
1244 2166 1562 2237 praelatum:
1613 2175 1668 2221 et
1709 2167 1882 2220 eidem
1915 2174 1948 2219 t:

2177 2168 2416 2241 θρώπου,
2451 2171 2696 2243 υἱοθεσία
2729 2171 3052 2243 τετιμῆσθαι
3095 2171 3257 2224 αὐτὸν
3307 2170 3552 2239 ἔφασαν·
3593 2171 3692 2223 καὶ

433 2277 558 2318 men
613 2259 972 2315 nihilominus
1017 2259 1326 2312 attribuunt
1391 2257 1653 2312 honorem
1728 2269 1944 2324 nunqua

2173 2259 2260 2315 ῦτο
2287 2262 2467 2327 δόντες
2495 2263 2760 2318 ἀθάνατον
2802 2265 2896 2318 καὶ
2939 2262 3293 2333 ἀτελεύτητον
3327 2259 3476 2331 αὐτῷ
3517 2261 3688 2330 τιμὴν

433 2352 858 2418 terminandum,
893 2360 949 2404 et
999 2363 1226 2418 regnum
1270 2350 1323 2403 in
1371 2359 1634 2404 aeternum
1663 2348 1948 2402 duraturur

2177 2354 2202 2406 l.
2230 2353 2386 2418 δόξαν
2409 2354 2505 2409 καὶ
2532 2354 2808 2426 βασιλείαν
2827 2354 3044 2409 αἰώνιον
3082 2354 3502 2426 ὡμολογήκασιν
3522 2371 3535 2383 ·
3567 2355 3620 2407 οἱ
3635 2353 3692 2406 δὲ

432 2443 642 2500 Rursus
673 2443 764 2514 qui
813 2455 1046 2498 renuunt
1081 2442 1476 2496 humanitatem
1519 2441 1656 2512 ejus,
1699 2455 1942 2512 supponu

2178 2459 2196 2498 ν
2244 2445 2529 2516 ἄνθρωπον
2575 2447 2968 2520 ἀρνησάμενοι,
3019 2445 3135 2508 υίδν
3162 2441 3305 2500 εῖναι
3341 2444 3502 2508 Θεοῦ,
3547 2445 3693 2498 Θεὸν

431 2547 650 2594 exstare
673 2551 795 2593 eum
822 2535 915 2591 Dei
943 2535 1162 2599 Filium,
1197 2535 1365 2590 Deum
1397 2549 1610 2605 quoque
1627 2534 1942 2605 prasexsiste

2180 2536 2364 2602 »οόντα,
2406 2539 2803 2612 ὑπεστήσαντο.
2847 2538 2986 2592 Ἀλλ’
3003 2540 3054 2592 oi
3096 2540 3194 2611 μὲν
3220 2541 3319 2611 τῆς
3358 2538 3695 2610 Ἐκκλησίας

435 2642 567 2696 tem,
603 2629 698 2687 sed
732 2630 1000 2684 hactenus
1021 2627 1292 2697 progressi
1328 2635 1456 2682 sunt
1485 2626 1798 2690 errabundi,
1841 2634 1898 2680 et
1937 2639 1950 2678 ι

2180 2627 2398 2698 λὸτριοι,
2435 2627 2595 2700 μέχρι
2623 2629 2878 2683 τοσούτου
2905 2629 3114 2700 πλάνης
3142 2629 3351 2701 ῆλασαν
3375 2645 3390 2660 ⁸
3422 2631 3451 2683 6
3482 2629 3541 2682 δὲ
3590 2628 3695 2698 τῆς

433 2722 673 2779 Ecclesia
697 2722 881 2776 alieni.
911 2719 1018 2776 lste
1046 2735 1195 2787 vero,
1231 2719 1322 2788 qui
1357 2717 1451 2774 Dei
1480 2718 1735 2776 Ecclesiae
1760 2727 1948 2786 tempe:

2188 2718 2447 2789 κκλησίας
2483 2719 2576 2772 τοῦ
2615 2718 2752 2773 Θεοῦ
2774 2717 3048 2784 τοσούτοις
3085 2720 3542 2791 καθηγησάμενος
3569 2718 3703 2789 χρό-

433 2814 690 2886 praesedit
719 2823 828 2869 tam
863 2812 1144 2876 diuturno,
1172 2809 1582 2867 subsistenttam
1623 2808 1748 2863 Filii
1777 2808 1872 2863 Dei
1907 2817 1948 2863 ιι

2178 2809 2354 2882 ις,τὴν
2387 2809 2620 2882 ὓπαρξιν
2652 2813 2867 2882 ἀναιρεῖ
2882 2811 2978 2865 τοῦ
3014 2811 3146 2865 Υίοῦ
3167 2811 3260 2865 τοῦ
3299 2810 3462 2874 Θεοῦ,
3493 2809 3576 2880 τῷ
3599 2811 3693 2863 αύ-

434 2907 514 2972 lit,
545 2917 656 2960 tum
705 2919 831 2959 cum
881 2904 1015 2974 ipsis
1069 2903 1189 2972 ejus
1237 2903 1446 2957 serviat
1483 2900 1769 2955 altaribus.
1829 2898 1949 2966 Seqt

2182 2900 2201 2954 5
2229 2901 2623 2975 λειτουργήσας
2656 2903 3061 2976 θυσιαστηρίῳ·
3092 2905 3188 2958 κα)⁸
3208 2904 3399 2958 ἑαυτὸν
3428 2904 3529 2974 μὲν
3560 2907 3697 2956 alui-

434 2999 619 3052 l'orsan
662 3004 850 3064 sperat
901 2995 1068 3048 vitam
1120 3003 1378 3048 aeternam
1433 3002 1596 3062 atque
1643 2990 1949 3046 immortale

2178 3011 2220 3046 tu
2241 2993 2336 3048 καὶ
2359 2994 2628 3048 ἀθανάτου
2645 2991 2793 3066 ζωῆς
2820 2993 3103 3060 τεύξεσθαι
3125 2995 3266 3066 τάχα
3286 3012 3390 3049 που
3419 2995 3693 3059 πιστεύει,

435 3097 875 3153 consecuturum,
939 3085 1259 3141 Pontiﬁcem
1314 3099 1444 3139 vero
1499 3083 1766 3154 ejusdem,
1817 3083 1948 3136 eade

2184 3105 2196 3138 ι
2253 3087 2298 3141 δ’
2346 3087 2606 3160 ἀρχιερέα
2666 3089 2872 3160 ταύτης
2925 3090 3232 3162 ἀποστερεῖ.
3287 3091 3551 3158 Ἔχομεν
3626 3088 3699 3140 δὲ

435 3181 544 3232 vita
594 3178 792 3248 privat.
847 3174 1116 3229 Habemus
1166 3176 1377 3241 etenim,
1419 3174 1712 3229 secundum
1761 3172 1950 3241 Apostt

2180 3178 2388 3248 ιχιερέα
2419 3179 2614 3250 μέγαν
2633 3220 2647 3244 ,
2681 3180 2822 3235 κατά
2862 3181 2956 3235 τὸν
2998 3180 3317 3234 Ἀπόστολον
3340 3221 3356 3245 ,
3403 3179 3695 3246 διεληλυ-

435 3267 678 3331 ellatum,
709 3267 1012 3336 Pontiﬁcem
1054 3282 1326 3335 magnum,
1365 3265 1455 3337 qui
1501 3265 1656 3320 caelos
1695 3266 1950 3332 penetravi

2179 3273 2257 3325 ῖτα
2301 3271 2443 3338 τοὺς
2469 3273 2784 3340 οὐρανοὺς,
2827 3273 3061 3341 Ἰησοῦν
3090 3273 3197 3327 τὸν
3224 3272 3360 3326 Υίὸν
3385 3271 3494 3326 τοῦ
3518 3271 3694 3334 Θεοῦ,

436 3360 619 3416 Iesum
670 3357 875 3412 Filium
911 3356 1010 3411 Dei
1056 3357 1122 3414 "'.
1158 3357 1327 3424 Quem
1380 3369 1557 3426 neque
1607 3353 1950 3424 praeexsister

2203 3361 2324 3415 οὔτε
2359 3364 2627 3433 προεῖναι,
2673 3362 2799 3416 οὔτε
2836 3364 3240 3434 προϋφεστάναι
3276 3361 3450 3432 τολμᾷ
3489 3360 3697 3429 λέγειν,

439 3467 538 3508 nec
589 3451 999 3521 praesubsistere
1045 3448 1212 3503 audet
1237 3449 1340 3502 iste
1380 3445 1671 3528 aﬂirmare,
1711 3460 1869 3514 quem
1904 3461 1954 3497 nt

2186 3454 2249 3506 λὰ
2279 3453 2412 3524 μηδὲ
2444 3453 2684 3519 ἔσεσθαι,
2724 3454 2859 3525 μηδὲ
2907 3457 3020 3518 τοῖς
3049 3453 3225 3523 ἁγίοις
3261 3453 3356 3506 τοῦ
3387 3451 3527 3507 Θεοῦ
3561 3469 3701 3505 συν-

438 3545 816 3608 substiturum,
859 3557 959 3596 nec
1005 3556 1128 3595 cum
1169 3541 1380 3596 sanctis
1421 3539 1513 3594 Dei
1556 3546 1946 3594 conversaturu

2186 3546 2354 3610 εσθαι,
2383 3545 2504 3600 κατ’
2521 3545 2691 3617 αὐτὴν
2708 3545 2922 3617 ἐκείνην
2942 3545 3042 3616 τὴν
3070 3545 3426 3614 ἐπαγγελίαν,
3455 3545 3556 3615 τῆς
3584 3543 3701 3597 τῶν

436 3639 618 3702 docet,
651 3635 944 3692 secundum
968 3633 1387 3704 promissionem
1419 3630 1618 3685 iactam
1649 3631 1715 3685 de
1747 3629 1948 3685 (δαείω-ιι

2189 3637 2356 3706 ρανῶν
2385 3637 2676 3708 βασιλείας.
2711 3637 3023 3708 Τηνικαῦτα
3042 3636 3151 3708 γὰρ
3174 3636 3284 3712 τῶν
3320 3635 3492 3704 ἁγίων
3521 3636 3704 3688 ἀπάν-

439 3744 626 3798 regno.
691 3727 849 3782 Certe
898 3740 1020 3780 cum
1066 3723 1242 3778 sancti
1270 3722 1342 3776 illi
1371 3735 1563 3777 omnes
1600 3721 1652 3774 in
1686 3719 1954 3788 corporibt

2185 3748 2222 3785 »ν
2252 3730 2582 3802 μεθεξόντων
2602 3731 2703 3802 τῆς
2725 3731 2820 3784 τοῦ
2845 3730 2980 3783 Θεοῦ
3005 3729 3282 3800 βασιλείας
3301 3730 3360 3783 ὲν
3390 3729 3700 3801 ἀφθάρτοις

439 3820 936 3885 immortalitate,et
961 3816 1478 3886 incorruptibilitate
1503 3812 1746 3883 praeditis
1776 3827 1948 3882 regnu

2190 3823 2210 3875 l.
2239 3821 2530 3886 ἀθανάτοις
2576 3821 2814 3893 σώμασι,
2863 3822 3019 3893 μόνον
3047 3821 3140 3876 τὸν
3177 3820 3432 3893 Χριστὸν,
3467 3821 3563 3874 καὶ
3595 3819 3705 3891 τὴν

439 3914 533 3969 Dei
559 3911 784 3967 creleste
821 3909 1195 3978 possidebunt,
1223 3913 1282 3970 ᾖ
1324 3906 1662 3962 solummodo
1705 3903 1954 3958 Christun

2191 3931 2297 3986 ρκα
2319 3914 2386 3984 ἢν
2418 3913 2726 3986 ἀνείληφεν,
2763 3915 3055 3986 ἀποστερεῖ
3077 3914 3266 3985 αὐτῆς.
3302 3913 3412 3967 Καὶ
3444 3913 3508 3966 οὐ
3534 3913 3704 3984 φρίτ-

440 4014 499 4058 et
542 4003 796 4057 Christus
834 4015 999 4070 quam
1049 4001 1365 4067 assumpsit,
1414 4012 1635 4052 carnem
1674 3997 1768 4051 ille
1807 3998 1955 4066 priva

2188 4005 2316 4058 ιτὸν
2349 4005 2592 4076 ἀρχηγὸν
2631 4006 2730 4075 τῆς
2763 4006 3133 4070 ἀναστάσεως,
3179 4006 3273 4059 τὸν
3315 4005 3416 4075 τῆς
3469 4006 3703 4060 αἰωνίου

441 4096 628 4165 Neque
675 4092 1046 4148 eontremiscit
1095 4089 1517 4144 resurrectionis
1567 4097 1768 4143 nostra:
1817 4089 1952 4144 duce

2187 4095 2264 4165 »ῆς
2297 4097 2409 4160 τοῖς
2439 4098 2603 4150 πᾶσιν
2651 4098 2828 4150 αἴτιον
2866 4097 3218 4150 ἐκπεσεῖσθαι
3260 4086 3360 4167 τῆς
3411 4096 3702 4166 βασιλείας

440 4208 498 4253 et
520 4195 806 4265 originem,
838 4193 962 4245 vita:
991 4190 1334 4259 sempiternae
1383 4198 1794 4258 procuratorem
1831 4201 1955 4241 omn

2207 4186 2385 4257 μόνον,
2411 4186 2547 4240 ἀλλὰ
2581 4187 2676 4241 καὶ
2703 4187 2874 4259 αὐτῆς
2912 4189 3012 4259 τῆς
3037 4189 3182 4258 ζωῆς
3217 4189 3657 4259 ἀποφαινόμενος
3678 4206 3699 4221 ο

439 4291 563 4355 bus,
592 4297 647 4342 et
679 4299 897 4340 causam
935 4297 1101 4352 regno
1135 4296 1236 4334 suo
1271 4280 1598 4334 deturbare:
1634 4294 1733 4333 nec
1780 4279 1882 4332 hoc
1913 4294 1954 4332 St

2186 4277 2380 4349 τπερᾶν
2401 4277 2456 4330 εί
2477 4295 2560 4341 τις
2581 4276 2893 4348 ὀφθαλμοὺς
2911 4278 3010 4348 μὲν
3036 4277 3130 4349 δῷ,
3151 4278 3265 4347 φῶς
3294 4278 3352 4332 δὲ
3367 4279 3430 4332 τὸ
3449 4280 3552 4349 τῆς
3570 4280 3701 4332 τού-

443 4377 740 4440 lummodo,
772 4374 865 4429 sed
898 4383 952 4429 et
980 4373 1089 4426 vita
1115 4371 1431 4426 omnimodo
1460 4369 1732 4437 dejectum
1767 4370 1958 4438 privari

2190 4385 2224 4422 ιν
2241 4367 2475 4440 χορηγὸν
2502 4369 2848 4440 ὲκλάμψεως,
2874 4368 3069 4424 ἀνέλοι.
3099 4371 3208 4423 Καὶ
3232 4369 3358 4424 οὔτε
3391 4373 3419 4424 6
3438 4371 3705 4436 τοσοῦτος

443 4469 558 4524 Non
589 4469 747 4522 aliter
779 4480 942 4535 quam
985 4465 1030 4518 si
1079 4463 1204 4532 quis
1245 4461 1437 4516 oculos
1482 4459 1783 4531 largiatur,
1833 4459 1958 4514 lucet

2188 4460 2217 4513 ῦ
2254 4459 2389 4513 Θεοῦ
2416 4461 2646 4530 ἄγγελος
2677 4461 2938 4534 Γαϐριὴλ,
2973 4460 3096 4516 οὔτε
3132 4465 3160 4516 6
3191 4463 3368 4534 μέγας
3404 4466 3702 4534 προφήτης

440 4578 570 4618 vero
611 4561 826 4632 penitus
853 4557 1165 4619 amoliatur,
1198 4569 1316 4624 quae
1344 4563 1428 4608 est
1460 4553 1746 4607 oculorum
1783 4551 1955 4606 vision

2188 4551 2336 4622 .νιὴλ,
2377 4553 2507 4623 περὶ
2538 4547 2599 4607 οὗ
2651 4553 2873 4624 ἐλέχθη,
2905 4554 3000 4623 Μὴ
3028 4554 3109 4609 σὺ
3135 4555 3476 4625 σοφώτερος
3501 4551 3564 4609 εἴ
3587 4557 3703 4609 τοῦ

440 4672 539 4727 per
566 4653 967 4709 etuanationetn
1008 4649 1184 4718 origo.
1234 4647 1298 4701 Et
1343 4660 1515 4715 neque
1549 4653 1734 4699 tantus
1782 4643 1870 4697 ille.
1912 4643 1955 4697 D

2187 4643 2375 4710 timid;
2407 4644 2528 4698 οὔτε
2557 4645 2585 4698 6
2623 4644 2875 4710 τοσοῦτος
2890 4647 3137 4711 Ἡσαΐας,
3166 4647 3278 4701 οὔθ’
3302 4650 3330 4701 6
3359 4649 3546 4713 λοιπὸς
3586 4649 3702 4702 τῶν

443 4745 667 4817 angelus
689 4741 942 4798 Gabriel:
970 4755 1074 4793 non
1105 4751 1330 4806 magnus
1363 4733 1453 4788 ille
1497 4733 1758 4802 propheta
1795 4730 1958 4785 Danie

2188 4736 2410 4805 οφητῶν
2443 4737 2602 4807 χορὸς
2629 4736 2854 4790 τοιαῦτα
2904 4737 2978 4809 μὴ
3003 4738 3252 4809 γράφειν,
3281 4739 3416 4809 μηδὲ
3475 4742 3703 4811 φρονεῖν

442 4839 510 4894 de
535 4852 643 4908 quo
677 4837 880 4890 dictum
899 4841 1002 4895 est,
1033 4829 1081 4884 Ν
1092 4847 1175 4883 um
1200 4840 1256 4881 tu
1283 4825 1502 4880 Daniele
1531 4826 1820 4895 sapientior
1847 4840 1899 4878 es
1923 4823 1957 4854 ‘“

2189 4842 2205 4878 ι
2239 4825 2411 4880 ἀνδοα
2450 4826 2695 4893 ἔπεισαν,
2739 4828 2846 4882 οὐδ’
2874 4829 3030 4882 αὐτοὶ
3075 4829 3337 4895 Ἰουδαῖοι,
3383 4833 3516 4904 παρ’
3555 4826 3639 4895 οἷς
3671 4835 3704 4885 6

448 5006 506 5064 ea
545 4998 643 5063 Ed.
680 4998 879 5061 Paris.,
913 5011 1035 5066 pag.
1064 4994 1152 5048 54.
1231 4993 1278 5024 ⁸⁸
1308 4990 1412 5046 lsa.
1445 5007 1524 5059 ιι,
1553 4990 1680 5055 6,7.
1756 4991 1800 5022 ⁸⁷
1828 4987 2077 5056 Hebmv,
2127 4991 2229 5059 i4;
2261 5006 2380 5058 vut,
2416 4992 2466 5045 l.
2545 4991 2592 5023 °‘
2621 4993 2816 5048 Ezech.
2849 5009 3042 5058 xxvut,
3071 4993 3124 5047 5.

445 5294 587 5348 νων,
617 5277 707 5329 ὅτι
755 5275 914 5348 τινές
945 5271 1064 5328 τῶν
1092 5274 1199 5348 τοῦ
1227 5271 1462 5348 Σατανᾷ
1495 5271 1960 5348 ὑπηρετῶν-ἒϐη

2188 5274 2459 5348 vinitatem
2495 5273 2814 5348 detrahebat
2858 5291 3116 5348 concessa
3159 5275 3518 5348 humanitate.
3567 5279 3703 5348 Quae

444 5347 726 5416 .MB'nO’ar
768 5344 941 5416 191tch
979 5344 1325 5416 ταράσσειν.
1373 5347 1437 5396 Οἱ
1487 5341 1736 5416 ,ιιὲνὸτι
1783 5341 1959 5416 ῘΙησσὶ

2182 5345 2510 5416 Imanitatem
2558 5347 2797 5416 negabat
2840 5345 2967 5416 data
3012 5345 3320 5400 divinitate.
3367 5341 3697 5416 Carpocras,

446 5412 692 5490 dominae
730 5412 1188 5490 ἐγεννήθηςήκαὶ
1241 5414 1489 5490 ῥοῖιήσει
1537 5412 1899 5490 ἐσζαυρῴίξη.
1939 5424 1961 5490 Α

2183 5415 2396 5490 ιῳίηεφ
2425 5412 2896 5490 merum—docebat.
2916 5414 3330 5490 Samosatenus,
3351 5412 3546 5490 Filium
3581 5412 3698 5486 Det,

446 5485 536 5547 es,
560 5486 649 5540 ὅτι
681 5482 791 5540 οὑπὶ
818 5487 988 5540 ἐστιν
1010 5485 1140 5550 υἱὸς
1169 5482 1272 5538 τοῦ
1300 5483 1679 5553 δημιουργοῦ.
1716 5487 1779 5537 Οἱ
1928 5482 1961 5535 ὅ

2179 5486 2215 5537 τά
2246 5483 2388 5537 κατὰ
2415 5485 2735 5555 προκοπήν;
2786 5485 3060 5555 hominem
3111 5486 3384 5555 negabant
3429 5482 3694 5551 Marcion,

445 5557 628 5620 αὐτός
667 5557 839 5610 ἐστιν
879 5559 912 5610 ό
954 5555 1054 5608 ἐπὶ
1100 5555 1340 5608 πάντων
1376 5552 1541 5619 Θεός.
1580 5556 1780 5607 Ἄλλοι
1815 5552 1882 5604 δὲ
1919 5556 1960 5620 ψ

2188 5555 2436 5620 anichaai;
2465 5552 2864 5620 phantasticum
2891 5552 3272 5609 Gnosticorum
3307 5555 3532 5613 Docitte.
3564 5560 3703 5613 Mar-

445 5623 558 5687 λὸς
604 5624 944 5700 ἄνθρωαπ.-
969 5627 1192 5700 Ἕτεροι
1242 5625 1330 5700 δὲ,
1365 5623 1483 5700 ᾄτι-
1499 5623 1821 5700 σὰρξ
1856 5623 1960 5700 erat

2180 5623 2281 5677 llus
2315 5622 2547 5700 ὕπαρξιν
2581 5636 2865 5700 accusatur
2893 5628 3181 5680 sustulisse
3218 5625 3517 5700 FiliiDei:
3552 5632 3695 5700 quod

447 5708 638 5776 ρεται,
665 5705 768 5774 etc.
809 5696 882 5776 ita
925 5695 1162 5776 lgnatius
1199 5695 1421 5763 epistula
1454 5694 1506 5758 5,
1543 5694 2008 5776 eLaliliisinti’lia;
2117 5708 2298 5776 nemo_
2325 5694 2476 5776 prius
2523 5703 2671 5776 erat“
2694 5695 3021 5776 inliciattts;_
3056 5711 3182 5750 nam
3235 5707 3303 5776 e_t_
3337 5694 3700 5776 Δοκῖταίτήν

449 5762 785 5817 adversaries
811 5765 898 5819 hic
923 5765 1154 5820 haereses
1177 5762 1564 5820 commemorat
1586 5764 1865 5819 Eusebius.
1887 5763 2016 5831 Quae
2118 5762 2374 5836 ὓπαρξιν,
2399 5764 2590 5822 saltem
2621 5764 2859 5822 divinam
2893 5763 3224 5823 fatebantur.
3254 5765 3323 5822 Μ.
