3836 6216
224 311 320 365 781
1350 313 1629 369 CONTRA
1671 312 1791 368 MAI

1893 312 2095 368 ILLUM
2136 311 2264 366 LIB.
2306 311 2369 366 11.

3362 310 3477 369 78?.

218 428 668 498 προσδοκώμενος
694 427 862 481 εἰσέτι
903 427 999 481 νῦν
1022 429 1274 501 Χριστὸς,
1308 429 1367 482 ὃν
1412 429 1791 497 ’Πλειμμένον

1900 444 2003 481 non
2040 429 2163 483 talis
2200 439 2492 498 tantusque
2544 438 2698 484 vates
2748 428 2956 485 Isaias:
3004 442 3112 483 non
3167 430 3471 500 propheta—

217 517 410 571 καλεῖν
443 517 716 582 εἰώθασιν,
760 520 955 591 ἀγήρω
1010 520 1109 591 τὴν
1164 520 1443 589 βασιλείαν
1489 522 1583 574 καὶ
1634 520 1797 573 Θάνα-

216 625 310 662 τον
333 609 477 674 ἕξειν
506 610 620 680 (56)
654 610 954 673 ὲλπίζεται.
1023 611 1182 664 Ἀλλὰ
1231 612 1325 665 καὶ
1352 611 1558 665 τούτων
1604 613 1794 680 γέγονε

216 699 419 771 χείρων
438 702 467 753 6
490 702 586 756 καὶ
611 703 690 765 εἰς
711 702 810 772 τὴν
850 701 1024 773 ἀρχὴν
1050 702 1185 773 ὁμοῦ
1220 703 1314 756 καὶ
1334 704 1413 767 εἰς
1433 703 1494 756 τὸ
1520 703 1673 765 τέλος
1700 701 1794 756 τοῦ

216 792 351 845 Υῑσῦ
364 792 498 846 Θεοῦ
511 793 681 864 ἀσεϐῆ
688 810 777 846 σαι
788 794 879 847 τολ
885 796 958 865 μή
965 794 1146 858 σας,δν
1158 795 1430 859 οὑδάῦτὺς
1444 796 1473 847 ὁ
1489 795 1630 858 θεῖος
1646 795 1796 847 Ἀπόο

217 881 405 946 στολος
446 882 868 953 κατεδυσώπησε
910 883 985 956 μὴ
1016 884 1240 939 τοιαῦτα
1269 885 1502 949 ἀσεϐεῖν,
1539 886 1796 954 ἄντικρυς

214 971 413 1039 λέγων,
434 972 656 1037 Πιστὸς
673 974 706 1025 ὀ
730 972 933 1041 λόγος·
952 974 1005 1025 εί
1023 972 1134 1041 γὰρ
1162 972 1673 1040 συναπεθάνομεν,
1695 970 1794 1023 καὶ

213 1061 584 1132 συζήσομεν,
605 1065 657 1116 εί
672 1061 1067 1132 ὑπομένομεν,
1088 1063 1181 1115 καὶ
1204 1064 1793 1132 συμϐασιλεύσομεν,

213 1155 315 1210 καὶ
354 1155 720 1226 κληρονόμους
750 1155 850 1226 μὲν
884 1156 1031 1225 ἡμᾶς
1057 1154 1274 1208 ἔσεσθαι
1296 1155 1388 1208 τοῦ
1411 1154 1568 1220 Θεοῦ,
1594 1156 1655 1208 οὐ
1691 1154 1794 1225 μὴν

212 1247 341 1318 δίχα
375 1247 469 1302 τοῦ
512 1248 771 1317 Χριστοῦ.
814 1248 1184 1316 Κληρονόμοι
1220 1248 1363 1320 γὰρ,
1404 1250 1565 1319 φησι,
1615 1246 1792 1308 Θεοῦ,

214 1338 705 1407 συγκληρονόμοι
725 1336 793 1390 δὲ
824 1338 928 1391 τοῦ
946 1336 1223 1404 Χριστοῦ·
1252 1339 1417 1405 εἴπερ
1440 1335 1795 1406 συμπάσχο-

210 1445 352 1499 μεν,
380 1429 483 1481 ἵνα
533 1429 632 1482 καὶ
676 1427 1203 1497 συνδοξασθῶμεν.
1258 1429 1368 1482 Καὶ
1398 1428 1587 1482 πάλιν·
1619 1431 1687 1482 Et
1729 1428 1797 1481 δὲ

214 1518 614 1587 ἀπεθάνομεν,
648 1519 802 1590 φησὶ,
834 1517 957 1572 σὺν
985 1516 1238 1586 Χριστῷ,
1271 1519 1664 1587 πιστεύομεν.
1707 1516 1795 1570 ὅτι

214 1610 318 1665 καὶ
348 1608 691 1680 συζήσομεν
715 1608 902 1676 αὐτῷ,
932 1610 1158 1675 ειδότες
1194 1610 1282 1664 ὅτι
1310 1611 1564 1679 Χριστὸς
1587 1649 1601 1673 ,
1634 1610 1796 1679 ἐγερ-

214 1701 342 1767 θεὶς
392 1702 462 1755 ἐκ
492 1699 743 1768 νεκρῶν,
792 1702 904 1755 οὐκ
960 1701 1047 1754 ἐτι
1095 1701 1467 1760 ἀποθνήσκει
1488 1719 1502 1732 ο
1540 1700 1794 1767 θάνατος

212 1792 405 1847 αὑτοῦ
427 1796 539 1847 οὐκ
569 1795 656 1847 ἐτι
686 1793 1007 1861 κυριεύσει·
1036 1795 1131 1846 καὶ
1149 1790 1321 1857 αὖθις·
1345 1794 1415 1847 Τὸ
1438 1792 1505 1846 δὲ
1534 1792 1794 1863 χάρισμα

213 1884 325 1938 τοῦ
356 1884 503 1938 Θεοῦ
528 1882 639 1953 ζωὴ
667 1885 902 1951 αἰώνιος
918 1886 989 1939 ἐν
1010 1885 1241 1954 Χριστῷ
1275 1885 1469 1952 Ἰησοῦ
1501 1885 1580 1950 τῷ
1598 1887 1795 1953 Κυρίῳ

216 1976 410 2042 ἡμῶν.
444 1976 651 2030 Οὐκοῦν
685 1979 717 2048 ἠ
758 1976 975 2041 αἰώνιος
1008 1978 1120 2049 ζωὴ
1146 1978 1247 2031 οὐκ
1277 1977 1452 2041 ἄλλως
1484 1979 1613 2049 ἡμῖν
1639 1995 1795 2050 πορι-

217 2067 481 2139 σθήσεται
508 2068 541 2138 ἢ
570 2072 627 2121 ὲν
664 2067 886 2140 Χριστῷ
931 2068 1107 2139 Ἰησοῦ
1146 2069 1223 2139 τῷ
1257 2070 1444 2142 Κυρίῳ
1473 2069 1630 2141 ἡμῶν
1654 2087 1666 2099 ³
1698 2070 1794 2123 καὶ

214 2162 251 2231 ἡ
285 2161 441 2225 ἐλπὶς
465 2161 623 2232 ἡμῶν
638 2162 737 2232 οὐχ
766 2161 952 2225 ἁπλῶς
968 2161 1152 2233 ζῆσαι,
1176 2161 1313 2217 ἀλλὰ
1334 2164 1431 2216 σὺν
1461 2161 1609 2232 αὐτῷ
1636 2162 1793 2228 δοξα-

214 2253 433 2323 σοῆναι,
468 2254 563 2309 καὶ
617 2255 713 2308 σὺν
737 2254 885 2325 αὐτῷ
918 2254 1344 2328 κληρονομῆσαι,
1380 2256 1476 2308 καὶ
1522 2257 1619 2308 σὺν
1645 2254 1793 2325 αὐτῷ

216 2344 541 2415 βασιλεῦσαι
563 2362 577 2376 ο
608 2348 786 2400 πάντα.
818 2348 927 2418 γὰρ
951 2350 1080 2419 ἡμῖν
1101 2349 1165 2400 ἐκ
1194 2348 1294 2418 τῆς
1317 2346 1481 2401 αὐτοῦ
1511 2346 1793 2410 κοινωνίας

214 2436 490 2508 ὑπάρξει·
535 2437 564 2490 ὃ
601 2437 839 2493 διδάσκει
907 2442 937 2493 6
1005 2439 1167 2503 αὐτὸς
1222 2440 1434 2510 φήσας’
1489 2437 1710 2503 Πιστὸς
1759 2440 1793 2492 ὁ

215 2528 389 2595 Θεὸς,
403 2529 476 2583 δι’
495 2526 566 2587 οὗ
579 2530 874 2598 ἐκλήθητε
888 2532 976 2598 εις
992 2532 1307 2584 κοινωνίαν
1326 2530 1431 2584 τοῦ
1457 2531 1591 2583 Υίοῦ
1608 2529 1792 2583 αὐτοῦ

224 2619 437 2686 Ἰησοῦ
451 2622 706 2688 Χριστοῦ
722 2620 828 2675 τοῦ
845 2622 1061 2689 Κυρίου
1077 2619 1264 2688 ἡμῶν.
1282 2620 1378 2684 Τίς
1396 2619 1452 2672 δὲ
1468 2621 1500 2687 ἡ
1518 2619 1788 2683 κοινωνία,

213 2710 538 2782 παρίστησι,
565 2713 661 2766 καὶ
691 2713 999 2783 συνήγειρε,
1021 2711 1221 2781 λέγων·
1247 2712 1354 2765 Καὶ
1389 2710 1792 2764 συνεκάθισεν

211 2809 288 2855 ἐν
317 2802 443 2869 τοῖς
481 2803 880 2873 ἐπουρανίοις,
926 2805 996 2858 ὲν
1020 2803 1253 2872 Χριστῷ
1305 2803 1527 2872 Ἰησοῦ,
1558 2803 1659 2857 ἵνα
1696 2803 1791 2856 ὲν-

212 2895 487 2963 6είξηται
527 2896 598 2949 ἐν
646 2895 772 2963 τοῖς
818 2895 991 2950 αὶῶσι
1042 2896 1168 2962 τοῖς
1233 2894 1654 2965 ἐπερχομένοις
1724 2893 1791 2948 τὸ

210 2991 600 3059 ὑπερϐάλλον
637 2991 897 3057 πλοῦτος
925 2989 1035 3058 τῆς
1065 2989 1303 3059 χάριτος
1336 2990 1405 3042 ἐν
1433 2991 1791 3061 χρηστότητι

210 3083 574 3153 ἐρ’ἠμᾶςὲν
602 3082 831 3150 Χριστῷ
862 3084 1085 3151 Ἰησοῦ.
1128 3082 1184 3135 '0
1215 3082 1262 3135 δ’
1291 3080 1451 3144 αὐτὸς
1486 3080 1580 3133 κού⁸
1620 3079 1790 3133 ταῦτα

1903 536 2020 574 rum
2073 534 2362 575 consessus
2410 522 2740 590 persuadere
2779 524 2907 579 huic
2956 522 3161 579 homini
3224 535 3472 594 potuere,

1899 623 2008 679 quo
2060 610 2240 664 minus
2287 610 2402 664 haec
2445 611 2737 677 scriberet,
2787 620 2843 665 et
2878 613 3213 682 Opinaretur.
3264 612 3374 667 lmo
3402 627 3471 668 ne

1898 702 2114 772 quidem
2144 701 2313 758 Judaei
2345 703 2472 774 ipsi,
2508 705 2649 774 apud
2699 720 2858 775 quos,
2895 706 2987 772 qui
3030 706 3207 761 adhuc
3247 707 3468 777 quidem

1896 804 2245 864 exspectatur
2265 794 2536 861 Christus,
2563 810 2723 864 quem
2745 797 2818 850 illi
2840 794 3173 851 Elimmenon
3190 798 3472 867 appellare

1898 888 2096 954 solent,
2129 888 2368 942 creditur
2411 888 2701 943 habiturus
2737 901 2960 958 regnum
3004 904 3109 943 non
3142 890 3463 954 desiturum,

1897 988 1998 1033 aut
2015 991 2242 1032 mortem
2276 979 2391 1048 ipse
2426 979 2699 1033 obiturus.
2751 978 2935 1050 Longe
2960 980 3176 1049 quidem
3210 981 3330 1036 istis
3364 980 3463 1035 de-

1900 1070 2068 1125 terior
2098 1079 2182 1125 est
2211 1070 2301 1140 qui
2346 1086 2451 1125 non
2487 1082 2704 1127 veretur
2732 1072 3068 1141 impietatem
3100 1070 3305 1133 fovere.
3341 1088 3462 1126 cum

1896 1160 1965 1215 de
1994 1161 2148 1215 initio
2178 1160 2268 1215 Dei
2297 1160 2439 1224 Filii,
2459 1171 2571 1215 tum
2602 1162 2668 1216 de
2697 1161 2822 1217 line.
2852 1161 3021 1229 Quem
3052 1178 3156 1218 non
3181 1164 3353 1232 potuit
3381 1163 3467 1216 di-

1896 1252 2054 1306 vinus
2083 1251 2374 1331 Apostolus
2400 1249 2697 1316 inﬂectere,
2733 1266 2801 1305 ne
2826 1267 2891 1306 eo
2922 1267 3097 1322 usque
3138 1267 3465 1322 prorumpe-

1898 1352 1982 1396 ret
2009 1343 2339 1411 impietatis,
2382 1344 2506 1397 dum
2543 1344 2615 1397 ita
2649 1342 3154 1413 loquitur:Fidelis
3188 1345 3269 1397 hic
3295 1360 3466 1397 sermo

1895 1443 1992 1496 est,
2026 1434 2072 1487 si
2103 1450 2219 1486 cum
2276 1433 2371 1487 illo
2418 1434 2623 1487 mortui
2666 1436 2854 1501 simus,
2898 1452 3004 1489 una
3037 1452 3156 1488 cum
3194 1436 3289 1489 illo
3326 1436 3465 1489 vive-

1896 1543 2010 1579 mus
2040 1542 2058 1580 :
2083 1527 2130 1579 si
2145 1525 2461 1594 su/feramus
2487 1538 2533 1581 et
2562 1528 3014 1598 conregnabimus,
3042 1528 3108 1582 ".
3134 1528 3197 1582 Et
3222 1528 3465 1584 haeredes

1894 1618 2109 1684 quidem
2168 1634 2267 1673 nos
2320 1618 2529 1674 futuros
2584 1619 2675 1674 Dei
2726 1621 2905 1686 docet,
2961 1635 3068 1674 non
3118 1630 3299 1675 tamen
3344 1621 3463 1674 sine

1894 1707 2131 1764 Christo.
2169 1708 2440 1778 Hazredes,
2494 1710 2689 1780 inquit,
2755 1710 2894 1765 Dei:
2947 1711 3244 1766 cohwredes
3286 1722 3463 1765 autem

1824 1800 2119 1877 BChristi,
2178 1803 2223 1855 si
2280 1803 2685 1871 compatiuntur,
2732 1814 2788 1856 ut
2844 1819 3046 1873 quoque
3102 1803 3463 1874 co‘nglorifice-

1896 1907 2016 1943 mur
2034 1891 2101 1943 '°.
2130 1889 2196 1945 Et
2232 1906 2457 1946 rurSns:
2498 1890 2562 1947 Si
2612 1894 2807 1946 mortui
2853 1909 3060 1957 sumus,
3098 1894 3295 1962 inquit,
3344 1912 3463 1948 cum

1895 1980 2126 2048 Christo,
2186 1983 2448 2037 credimus
2499 1982 2639 2052 quod
2694 1985 2916 2038 vivemus
2973 2002 3081 2039 una
3139 2002 3256 2039 cum
3312 1986 3461 2052 illo;

1894 2072 2115 2126 scientes
2141 2074 2283 2143 quod
2322 2073 2567 2128 Christus
2624 2075 2690 2129 de
2734 2076 2957 2130 mortuis
2994 2078 3305 2143 suscitatus,
3355 2095 3462 2132 non

1894 2164 2116 2217 ulterius
2149 2166 2390 2229 moritur,
2449 2183 2592 2219 mors
2653 2167 2824 2220 adhuc
2871 2168 2951 2221 illi
3002 2185 3107 2223 non
3163 2171 3463 2224 dominabi-

1894 2262 1983 2306 tur
2015 2255 2057 2286 τί
2081 2272 2095 2308 :
2123 2266 2178 2309 et
2211 2256 2407 2310 iterum
2436 2276 2448 2310 :
2478 2256 2684 2310 Donum
2732 2274 2847 2311 vero
2878 2257 2975 2312 Dei
3004 2270 3080 2313 est
3110 2260 3216 2313 vita
3240 2270 3457 2318 teterna.

1892 2347 1948 2399 in
2004 2345 2135 2399 Jesu
2180 2345 2390 2401 Christo
2440 2347 2667 2401 Domino
2723 2358 2903 2402 nostra
2948 2350 3016 2403 ⁷³.
3067 2348 3237 2405 Vitam
3296 2351 3461 2421 igitur

1892 2448 2151 2493 aeternam
2181 2455 2286 2493 non
2320 2439 2537 2493 aliunde
2561 2454 2977 2510 consequemur,
2997 2455 3156 2510 quam
3181 2457 3276 2512 per
3298 2440 3461 2498 Chri-

1891 2537 2031 2582 stum
2070 2528 2253 2583 Jesum
2285 2529 2563 2584 Dominum
2599 2540 2860 2583 nostrum.
2889 2530 2955 2584 Et
2988 2546 3111 2601 spes
3136 2532 3225 2586 illa
3255 2548 3353 2588 nos
3377 2532 3462 2590 τος

1890 2625 1999 2683 vet,
2037 2632 2141 2671 non
2186 2619 2357 2671 solum
2383 2619 2522 2686 quod
2554 2618 2815 2683 vivemus,
2846 2619 2940 2675 sed
2976 2623 3116 2689 quod
3137 2622 3299 2676 etiam
3333 2639 3458 2677 cum

1893 2707 1982 2761 illo
2011 2722 2114 2760 una
2141 2706 2582 2775 glorificabimur,
2623 2718 2680 2761 et
2721 2708 3097 2763 haereditatem
3124 2725 3228 2765 una
3261 2726 3457 2767 conse-

1891 2812 2138 2867 qucmur,
2173 2805 2228 2850 et
2272 2813 2392 2850 cum
2425 2812 2490 2852 eo
2537 2798 2694 2851 simul
2745 2800 3223 2870 conregnahimus.
3263 2802 3458 2859 Omnia

1891 2890 2033 2944 enim
2058 2898 2243 2945 nostra
2290 2889 2445 2943 nobis
2489 2889 2809 2956 proveniunt
2850 2891 2919 2945 ah
2960 2891 3071 2957 illa,
3105 2906 3264 2961 quam
3291 2894 3458 2949 habe-

1892 2998 2011 3037 mus
2034 2998 2156 3038 cum
2186 2999 2271 3048 eo,
2302 2983 2714 3038 communione:
2740 2986 2881 3052 quod
2914 2985 3070 3040 docet
3097 2988 3214 3056 ipse
3257 2987 3457 3043 Paulus

1892 3078 1982 3133 ubi
2013 3079 2117 3133 ait:
2154 3077 2354 3133 Fidelis
2407 3078 2542 3133 Deus
2591 3090 2689 3143 est,
2718 3096 2811 3149 per
2838 3097 2988 3150 quem
3026 3084 3194 3136 vocati
3232 3085 3357 3137 estis
3386 3084 3458 3138 ad

213 3173 471 3243 περὶτοῦ
510 3174 758 3244 Σωτῆρος
794 3173 1039 3226 ἐδίδασκε
1074 3171 1328 3240 φάσκων·
1375 3172 1439 3224 '0
1469 3170 1558 3234 δὲ,
1597 3170 1696 3224 διὰ
1720 3170 1786 3223 τὸ

1893 3171 2304 3225 communionem
2355 3167 2487 3224 Filii
2523 3172 2627 3233 sui,
2678 3169 2807 3224 Jesu
2856 3172 3053 3226 Christi
3108 3172 3318 3228 Domini
3360 3192 3457 3229 no-

202 3266 420 3336 μένειν
445 3266 632 3320 αὐτὸν
655 3268 742 3332 είς
768 3265 873 3319 τὸν
889 3262 1095 3328 αἰῶνα,
1121 3263 1502 3331 ἀπαράϐατον
1519 3263 1643 3331 ἔχει
1671 3261 1784 3330 τὴν

206 3360 549 3428 ἱερωσύνην
566 3376 579 3389 ·
622 3358 761 3413 ὅθεν
788 3357 887 3410 καὶ
928 3354 1134 3416 σώζειν
1157 3358 1243 3420 είς
1267 3353 1334 3407 τὸ
1363 3353 1657 3419 παντελὲς
1682 3353 1785 3408 δύο

205 3468 390 3506 ναται
411 3451 554 3516 τοὺς
567 3450 927 3518 προσιόντας
952 3448 1025 3501 δι’
1042 3447 1228 3501 αὑτοῦ
1257 3444 1337 3512 τῷ
1369 3444 1511 3510 Θεῷ,
1531 3444 1787 3498 πάντοτε

206 3542 351 3607 ζῶν,
384 3546 471 3609 είς
491 3542 558 3596 τὸ
579 3540 968 3611 ἐντυγχάνειν
994 3539 1147 3608 ὑπὲρ
1176 3537 1392 3593 αὐτῶν.
1419 3538 1494 3591 Οὐ
1519 3536 1623 3608 μὴν
1652 3535 1787 3590 ἀλλὰ

208 3635 315 3688 καὶ
368 3634 461 3687 τὸν
502 3632 834 3704 Μελχισεδὲκ
890 3633 970 3695 είς
1022 3631 1084 3684 τὸ
1116 3629 1362 3700 διηνεκὲς
1404 3627 1555 3699 ἱερέα
1607 3627 1786 3698 μένειν

206 3724 390 3791 ἔλεγε,
440 3722 529 3775 διὰ
585 3722 648 3775 τὸ
719 3720 1153 3792 ἁφομοιούμενον
1196 3713 1337 3773 εἶναι
1382 3717 1460 3787 τῷ
1505 3716 1621 3787 Υίῷ
1682 3715 1779 3768 τοῦ

206 3814 372 3868 Θεοῦ.
414 3814 556 3867 Ἀλλ’
593 3814 676 3867 ὃτι
735 3813 834 3885 μὲν
873 3812 1084 3875 τούτοις
1131 3810 1337 3865 ἅπασιν
1381 3810 1411 3861 6
1464 3806 1783 3879 Μάρκελλος

204 3907 475 3963 τάναντία.
517 3907 746 3978 γράφειν
770 3906 973 3976 ἐτόλμα
1004 3902 1194 3975 μικρὸν
1226 3903 1449 3974 ὕστερον
1473 3898 1785 3971 παρατεθή-

208 4017 392 4065 σεται,
418 4000 533 4053 νυνὶ
558 3999 614 4052 δὲ
636 4000 784 4061 ὅπως
809 3998 1022 4067 ἐφρόνει
1048 3993 1289 4064 περὶτοῦ
1323 3993 1457 4065 μηδὲ
1481 3994 1580 4065 τὴν
1607 3992 1781 4063 ἀρχὴν

204 4086 375 4144 εἶναι·
418 4089 540 4161 μηδ’
571 4088 866 4160 ὑφεστάναι
903 4087 991 4140 τὸν
1014 4085 1105 4140 τοῦ
1130 4085 1264 4139 Θεοῦ
1293 4084 1442 4151 Υἰὺν,
1465 4082 1783 4155 θεασώμεθα

205 4198 251 4233 π
257 4180 378 4252 ρότε
388 4196 493 4251 ρον.

1890 3263 1987 3316 stri
2011 3262 2077 3316 ⁷³.
2112 3262 2371 3329 Quaenam
2402 3277 2531 3316 vero
2562 3263 2651 3317 illa
2690 3263 2760 3317 sit
2791 3264 3104 3318 communio
3160 3265 3337 3320 docet.
3387 3263 3455 3317 Et

1889 3355 2179 3417 suscitavit,
2233 3354 2326 3418 ait,
2359 3363 2407 3407 et
2443 3354 2623 3407 sedere
2674 3354 2796 3422 fecit
2846 3353 2996 3407 illum
3026 3372 3057 3407 a
3093 3356 3315 3421 dextris,
3346 3372 3457 3410 una

1889 3462 2062 3499 secum
2085 3446 2143 3498 in
2186 3445 2477 3498 caelestibus
2512 3445 2565 3498 in
2593 3442 2801 3498 Christo
2835 3443 2988 3508 Jesu,
3026 3456 3083 3497 ut
3130 3446 3369 3499 ostendat
3397 3447 3454 3500 in

1888 3534 2118 3587 venturis
2149 3533 2272 3586 olim
2297 3534 2508 3586 steculis
2538 3530 3018 3600 superdbundantes
3063 3533 3278 3587 divitias
3322 3550 3451 3603 gra-

1889 3628 2000 3686 tite,
2031 3624 2085 3675 in
2125 3623 2351 3676 bonitate
2378 3637 2504 3689 erga
2530 3637 2624 3674 nos
2656 3622 2709 3674 in
2741 3621 2950 3674 Christo
2976 3619 3106 3674 Jesu
3134 3620 3200 3675 ".
3226 3621 3368 3677 Idem
3395 3634 3454 3677 et.

1891 3716 1956 3769 de
1988 3714 2277 3769 Servatore
2302 3712 2491 3765 eadem
2528 3712 2712 3766 docuit
2758 3712 2845 3766 ubi
2893 3712 3065 3781 inquit
3094 3730 3107 3766 :
3142 3712 3264 3778 Qui,
3312 3718 3453 3785 quod

1889 3815 2096 3860 maneat
2123 3807 2177 3859 in
2212 3814 2493 3870 wtsrnum,
2522 3804 2847 3858 immutabile
2877 3804 3028 3857 habet
3062 3807 3411 3860 sacerdotium
3431 3822 3455 3861 :

1888 3903 2024 3955 unde
2046 3912 2093 3955 et
2118 3918 2325 3955 servare
2348 3918 2524 3955 omnes
2567 3909 2734 3968 potest
2757 3902 2846 3968 qui
2887 3903 3142 3955 accedunt
3174 3917 3265 3969 per
3299 3901 3450 3956 illum

1887 3998 1958 4045 ad
1984 3994 2169 4059 Deum,
2207 4011 2412 4063 semper
2440 3997 2633 4056 vivens,
2656 3997 2711 4047 in
2732 4010 2849 4047 eum
2874 3993 3052 4061 ﬁnem,
3086 4003 3159 4045 ut~
3170 4008 3266 4057 pro
3298 3993 3452 4047 nobis

1886 4085 2173 4136 intercedat
2208 4084 2276 4136 ⁷⁵.
2326 4090 2384 4147 ᾧ
2427 4082 2565 4149 Quin
2615 4091 2670 4137 et
2728 4082 3090 4137 Melchisedec
3137 4096 3447 4136 mansurum

1889 4173 2229 4227 sacerdotem
2256 4173 2307 4227 in
2333 4182 2591 4227 aeternum
2623 4172 2929 4236 conﬁrmat,
2965 4186 3030 4226 eo
3060 4173 3203 4241 quod
3238 4172 3450 4227 assimi-

204 4271 356 4326 letur
385 4272 523 4326 Filio
554 4270 670 4326 Dei.
706 4269 865 4325 Hisce
899 4278 1075 4324 tamen
1111 4268 1362 4321 omnibus
1384 4280 1571 4320 ausum
1614 4266 1778 4319 fuisse
1816 4262 2125 4317 Marcellum
2184 4266 2456 4318 contraria
2519 4264 2675 4332 plane
2724 4264 2983 4318 mandare
3030 4262 3246 4324 litteris,
3290 4261 3449 4331 paulo

201 4375 335 4434 post
362 4374 692 4433 proponetur
715 4364 1018 4430 cuicunque
1063 4360 1398 4414 intuendum.
1435 4358 1489 4411 In
1526 4356 1775 4427 praesenti
1813 4367 1993 4409 autem
2025 4356 2433 4425 despiciendum
2494 4356 2652 4410 nobis
2703 4356 2857 4423 prius
2888 4364 2992 4420 est,
3039 4367 3200 4422 quam
3234 4352 3450 4407 fovebat

205 4457 303 4513 ille
328 4456 675 4522 sententiam,
707 4456 775 4511 de
804 4454 940 4509 Filio
974 4452 1067 4508 Dei
1105 4470 1207 4506 non
1243 4450 1541 4506 exsistente
1581 4450 1650 4504 ab
1681 4449 1834 4505 initio
1874 4464 1975 4503 nec
2014 4450 2207 4502 sortito
2249 4450 2681 4503 subsistentiam.

325 4663 382 4722 ᾗ
428 4657 524 4713 Ed.
552 4657 887 4722 Paris..pag.
925 4655 1013 4710 55.
1079 4655 1124 4685 θ’
1163 4655 1199 4707 ll
1242 4653 1382 4725 Tim,
1419 4670 1479 4714 II.
1518 4654 1716 4715 11,12.
1795 4658 1840 4689 ⁷ο
1874 4656 2029 4711 Rom.
2060 4673 2174 4724 νιιι,
2219 4658 2303 4714 l7.
2412 4660 2453 4691 '“
2483 4658 2639 4712 Rotn.
2680 4657 2833 4723 VI,8,
2857 4658 2909 4713 9.
2986 4658 3030 4686 ⁷¹
3062 4655 3256 4725 Ephes.
3289 4671 3351 4722 II,
3384 4653 3439 4710 8.

200 4729 253 4761 ⁷³
277 4726 297 4779 l
320 4730 444 4783 Cor.
480 4742 517 4792 I,
543 4729 596 4782 9.
669 4727 715 4758 "
741 4730 933 4796 pres.
968 4726 1100 4791 ",6,
1138 4726 1190 4777 7.
1269 4726 1313 4756 ⁷⁵
1343 4723 1506 4778 Hebr.
1537 4740 1626 4783 VII.
1663 4726 1755 4786 ει,
1779 4728 1872 4782 25.

2412 4660 2453 4691 '“
2483 4658 2639 4712 Rotn.
2680 4674 2755 4723 Vl,
2778 4657 2833 4719 8,
2857 4658 2909 4713 9.

278 5062 394 5133 (56)
432 5060 541 5116 Kal
576 5059 833 5139 θάνατον
868 5058 1217 5139 ἓξειν.ᾐ1ιιξο
1244 5057 1547 5139 αθάνατον,
1584 5074 1774 5128 nempe

1893 5060 2109 5131 (ρίσεως
2161 5059 2385 5130 μέτοχον
2418 5056 2801 5139 ..ἀποκαλοῦσα
2850 5056 2917 5111 Et
2962 5057 3042 5139 sit:
3085 5058 3185 5139 hoc
3231 5056 3350 5111 loco
3387 5057 3439 5114 i1

203 5127 458 5203 regnum,
491 5132 1047 5211 ul_requiritsen_sus._
1066 5130 1132 5184 Et
1156 5128 1321 5184 Judaei
1354 5146 1452 5211 suo
1477 5127 1770 5211 etiamnum
1804 5127 1846 5139 ”
1878 5127 2028 5211 ξέχιυ
2064 5127 2701 5211 quoqut_3_"scrihendum;
2751 5136 2818 5211 ett.
2846 5127 3067 5211 pro-illo
3104 5127 3441 5211 lilimmenon

198 5196 525 5271 exspectato
552 5196 759 5271 Mes-sim
798 5200 1182 5264 attrihuehant,
1207 5214 1364 5271 quem
1401 5200 1671 5271 hominem
1705 5199 1772 5252 de
1878 5201 1930 5271 in
1959 5196 2207 5271 versione
2233 5196 2482 5271 lenctum
2516 5212 2732 5271 repone.
2780 5196 3001 5251 Erudite
3049 5207 3229 5271 autem
3260 5206 3314 5249 et
3356 5198 3444 5271 pie

199 5267 432 5327 homine
462 5270 811 5337 temporalem
851 5271 1168 5339 principem,
1202 5268 1339 5338 μετὰ
1374 5268 1615 5339 μεγάλης
1643 5285 1773 5337 φαν-
1876 5269 2114 5336 disputat
2141 5268 2205 5321 ad
2226 5269 2383 5322 linem
2404 5267 2767 5339 _c_apitis,_de
2810 5277 3008 5339 aeterna
3049 5267 3440 5339 subsistentia,

192 5341 401 5403 τασίας
429 5354 481 5395 et
512 5335 790 5410 δυνάμεως
821 5335 1413 5410 regnaturum,'nbl‘llia
1436 5335 1767 5406 tingendum,
1876 5353 2045 5410 regno
2088 5346 2349 5410 perpetuo
2399 5336 2527 5410 Filii
2555 5336 2645 5391 Dei
2677 5335 2958 5410 Eusebius,
2986 5336 3442 5410 quadﬁargellus

194 5412 287 5466 sui
324 5404 660 5477 ignorantem
695 5421 823 5463 ante
870 5404 1175 5463 unctionem
1206 5426 1219 5460 :
1262 5408 1383 5477 aliis
1433 5404 1765 5477 incognitum
1870 5404 2213 5468 velsustnlit',
2237 5406 2320 5477 νει
2338 5406 2624 5460 sustulisse
2644 5408 2710 5459 ab
2736 5420 2800 5458 eo
2815 5406 3078 5477 signetur.
3107 5404 3250 5458 M.—
3268 5407 3442 5477 supra

195 5475 568 5534 deblaterant.
601 5480 732 5534 Vide
758 5477 956 5532 Justiti.
987 5479 1276 5546 Martyretn
1305 5476 1499 5531 Contra
1521 5476 1763 5547 Judwum

1893 5479 2029 5547 Vulgo
2055 5475 2373 5547 ἡλιμμένον.
2417 5477 2542 5547 dein
2587 5477 2742 5543 vulgo
2767 5475 2860 5547 atati
2891 5477 3059 5547 signa
3084 5477 3138 5531 ὰ.
3164 5476 3300 5546 ὁμοῦ
3327 5494 3438 5547 orn.

196 5550 558 5619 Tryphonem.
583 5550 857 5614 Nusquam
884 5563 1010 5601 vero
1035 5544 1252 5601 Ineinini
1280 5548 1491 5613 legisse,
1520 5562 1548 5619 ιι
1573 5544 1768 5619 iudicis

1893 5544 2037 5619 ὀξυ-ο
2062 5544 2219 5619 vulgo
2246 5544 2656 5619 συμπάσχωμεν
2679 5556 2740 5597 et-
2768 5544 2953 5608 ἁπλῶς
2978 5544 3134 5619 ζήσει
3168 5544 3220 5598 et
3242 5564 3301 5619 π.
3327 5545 3397 5614 γὰ

195 5615 459 5674 Ηὲεείειηι
496 5636 651 5674 suum
690 5618 1022 5672 Elimtnenon
1072 5619 1431 5685 appellatum,
1481 5616 1583 5669 nisi
1629 5616 1766 5683 apud

1893 5618 2064 5688 ιμῶν;
2109 5618 2252 5688 deitr
2290 5633 2430 5688 κοιν.
2472 5615 2749 5688 σννίστησι
2797 5626 2853 5668 et
2904 5615 3090 5688 συνήγ.
3132 5617 3294 5688 φησὶν

196 5691 382 5758 ipsum
419 5691 561 5743 hunc
596 5700 838 5743 nostrum
874 5688 1066 5741 Euseb.
1098 5689 1188 5739 lib.
1217 5703 1268 5739 Iv
1305 5689 1656 5758 Demonstrat.
1689 5702 1767 5758 ev.

1893 5684 2051 5741 invsx.
2079 5685 2370 5758 ὲκᾚεξιῶν.
2406 5714 2473 5727 ——
2505 5684 2687 5740 Paulo
2696 5694 2818 5755 post
2847 5684 3137 5753 vulgo'cbv
3169 5684 3415 5758 ὑπερὸἀλ

189 5756 328 5833 pag.
357 5759 477 5829 HO,
504 5760 702 5829 Διόπερ
725 5758 953 5830 Χριστὸν
979 5759 1070 5812 καὶ
1103 5756 1455 5828 Ἡλειμμένον
1482 5757 1573 5810 τὸν
1601 5756 1767 5826 αὐτῆς
1867 5758 2027 5813 λοντα
2065 5756 2311 5811 πλοῦτον.
