3836 6216
404 304 510 358 ⁸735
1088 298 1355 354 EUSEBII
1393 299 1871 356 CJESARIENSIS
1909 302 1973 356 Ol

2100 300 2279 357 PARS
2318 301 2407 359 IV.
2448 330 2519 342 --
2551 299 2971 357 DOGMATICA.
3553 298 3671 356 78i

1065 418 1217 474 CAP.
1260 419 1318 474 ll.

2737 422 2893 475 ΚΕΦ.
2936 420 3010 473 B'.

480 510 612 578 Qua:
636 511 809 577 fuerat
845 509 1088 564 Marcelli
1120 512 1381 590 sententia
1414 513 1480 567 de
1514 510 1681 567 Verbo
1712 513 1769 565 in
1792 512 1901 566 Deo

1039 590 1341 634 exatstente.

2082 513 2280 597 Ὂσξως
2309 511 2663 581 Μάρκελλος
2696 512 2935 636 efferet
2979 512 3112 581 περὶ
3155 512 3263 565 τοῦ
3305 512 3373 565 ἐν
3408 510 3488 576 τῷ
3535 510 3670 577 Θεῷ

2792 599 2955 650 ογου.

474 673 531 727 1η
586 688 682 728 eos
730 680 1014 742 postquam
1064 672 1425 727 insultaverat
1484 673 1581 741 qui
1635 672 1728 727 Dei
1775 671 1971 727 Filium

402 779 532 821 vere
574 764 745 819 ﬁlium
803 763 1080 819 exstitisse
1105 764 1286 819 vivum
1339 763 1770 832 arbitrabantur,
1821 780 1972 819 suam

332 845 336 849 ’
403 858 574 927 ipsius
609 856 917 926 opinionem
978 853 1181 923 profert
1208 856 1429 910 totidem
1479 855 1700 927 syllabis
1746 857 1797 910 in
1830 857 1973 910 hunc

403 948 623 1003 modum
657 947 1099 1015 comprehensam
1136 961 1153 999 :
1189 944 1280 1019 [Β.
1313 945 1474 1011 XLII,
1501 946 1627 1001 coll.
1660 961 1714 1016 p.
1754 945 1877 1010 H6,
1907 944 1972 1015 D]

410 1064 429 1096 ι
476 1044 841 1111 Quamobrem
876 1044 1193 1113 priusquam
1240 1044 1618 1111 descenderet,
1657 1053 1713 1099 et
1756 1044 1822 1099 de
1848 1044 1975 1099 Vir-

410 1155 428 1183 σ
475 1135 598 1205 gine
629 1142 965 1201 nasceretur,
993 1134 1231 1189 Verbum
1262 1144 1382 1189 erat
1426 1133 1786 1191 solummodo.
1837 1132 1972 1190 Nam

408 1244 426 1275 ι
474 1225 606 1295 quid
630 1223 775 1279 aliud
809 1233 929 1278 erat
961 1223 1277 1294 priusquam
1310 1232 1555 1278 nostram
1583 1238 1799 1279 carnem
1824 1238 1976 1279 assu-

408 1336 426 1367 ι
471 1325 642 1372 meret
664 1316 975 1380 humanam,
1000 1314 1052 1369 id
1078 1313 1218 1383 quod
1249 1313 1532 1370 descendit
1561 1316 1615 1369 in
1644 1314 1974 1385 temporibus

408 1426 426 1457 ι
476 1406 804 1471 novissimis,
854 1402 1308 1474 quemadmodum
1366 1405 1479 1474 ipse
1527 1404 1770 1470 scribit;
1814 1412 1869 1458 et
1920 1402 1975 1458 id

409 1519 428 1550 ι
474 1499 621 1569 quod
649 1499 715 1554 de
749 1498 967 1567 Virgine
998 1495 1323 1553 nascebatur
1352 1498 1486 1552 nihil
1515 1498 1658 1552 aliud
1687 1506 1805 1553 erat
1832 1512 1972 1568 prte-

408 1612 426 1643 ι
475 1601 558 1646 ιει·
578 1605 739 1659 quam
770 1589 1049 1646 Verbum?
1081 1609 1100 1642 ι
1133 1589 1379 1659 Pergens
1408 1590 1663 1660 deinceps
1689 1590 1786 1655 ait,
1813 1600 1974 1644 aeter-

2159 672 2499 744 Ἐπισκήψας
2516 670 2626 744 (57)
2636 675 2749 734 τοῖς
2759 671 3004 745 είρηκόσι
3018 671 3110 725 τὸν
3125 671 3253 724 Υίὸν
3267 670 3361 723 τοῦ
3377 670 3512 724 Θεοῦ
3531 671 3669 743 ἀλη-

2077 766 2186 831 θῶς
2217 767 2330 820 υἱὸν
2362 762 2502 819 εἶναι
2524 764 2701 831 ζῶντα
2725 764 2818 818 καὶ
2835 762 3259 834 ὑφεστῶταιτὴν
3289 762 3479 815 ἐαυτοῦ
3498 762 3664 826 δόξαν

2076 859 2317 931 φανερὰν
2330 860 2649 932 καθίστησιν
2665 858 2856 920 αὐταῖς
2882 854 3171 918 συλλαϐαῖς
3191 854 3419 926 γράφων
3457 854 3661 918 οὕτως·

2080 971 2099 1003 ι
2120 950 2328 1006 Οὐκοῦν
2344 951 2449 1022 πρὸ
2466 950 2563 1022 μὲν
2578 948 2672 1003 τοῦ
2691 947 2992 1013 κατελθεῖν,
3011 948 3105 1001 καὶ
3136 946 3222 1001 διὰ
3250 948 3350 1018 τῆς
3370 946 3662 1018 Παρθένου

2082 1065 2099 1098 ι
2139 1044 2418 1115 τεχθῆναι,
2470 1043 2642 1112 Λόγος
2688 1037 2757 1113 ἦν
2805 1040 3178 1112 μόνον.“Ἑπεὶ
3222 1037 3276 1092 τί
3327 1038 3513 1109 ἕτερον
3560 1034 3660 1107 ἦν,

2080 1158 2099 1190 ι
2142 1137 2249 1210 πρὸ
2268 1135 2360 1189 τοῦ
2380 1136 2479 1206 τὴν
2495 1135 2841 1206 ἀνθρωπίνην
2861 1131 3145 1186 ἀναλαϐεῖν
3164 1131 3362 1203 σάρκα,
3384 1130 3443 1182 τὸ
3457 1129 3660 1183 κατελ-

2081 1245 2099 1278 t
2141 1225 2233 1280 θὸν
2251 1224 2337 1278 ἐπ’
2360 1225 2602 1296 ἐσχάτων
2619 1223 2727 1277 τῶν
2742 1223 2985 1295 ἡμερῶν.
3001 1224 3077 1285 ὼς
3093 1222 3189 1275 καὶ
3209 1221 3662 1292 αὐτὸςγέγραφε,

2081 1338 2099 1371 ι
2137 1316 2249 1390 (38)
2272 1317 2364 1371 καὶ
2393 1316 2454 1370 τὸ
2479 1316 2735 1387 γεννηθὲν
2766 1317 2832 1367 ἐκ
2861 1316 2961 1386 τῆς
2981 1313 3258 1386 Παρθένου
3287 1312 3438 1365 οὐδὲν
3465 1311 3663 1383 ἕτερον

2081 1429 2100 1461 ι
2139 1410 2173 1480 ἢ
2203 1411 2232 1462 ό
2250 1408 2442 1476 Λόγος.
2478 1426 2496 1458 ι
2525 1402 2658 1460 Εἶτα
2690 1404 3068 1477 προῖὼνιέξῆς,
3092 1405 3260 1457 ἀΐδιον
3289 1402 3449 1457 αὑτὸν
3479 1402 3661 1471 λέγει,

2074 1501 2370 1571 ἀγέννητον
2399 1497 2561 1553 αὐτὸν
2579 1497 2751 1561 οὕτως
2769 1496 3101 1568 ὁριζόμενος.
3133 1496 3338 1568 Γράφει
3370 1496 3427 1548 δὲ
3442 1493 3623 1558 οὕτως
3640 1512 3660 1527 ο

2081 1614 2099 1647 ι
2142 1594 2382 1657 Ἀκούεις
2413 1593 2592 1646 τοίνυν
2617 1592 2716 1664 τῆς
2740 1590 3057 1662 συμφωνίας
3095 1590 3190 1643 τοῦ
3212 1590 3368 1658 ἁγίου
3394 1588 3660 1659 Πνεύμα-

402 1699 532 1737 num
584 1682 754 1736 fuisse
798 1690 852 1734 et
900 1680 1201 1751 ingenitum
1255 1694 1472 1749 quoque
1515 1680 1726 1736 deﬁnit.
1776 1678 1973 1735 Scribit

2082 1703 2100 1737 ι
2143 1702 2234 1749 τος
2272 1684 2360 1739 διὰ
2408 1682 2618 1737 πολλῶν
2654 1684 2750 1737 καὶ⁵
2780 1682 3054 1754 διαφόρων
3101 1680 3432 1753 προσώπων,
3455 1683 3523 1751 τῇ
3556 1678 3663 1733 τοῦ

403 1785 585 1830 autem
647 1772 737 1847 [Β.
778 1771 1007 1836 XLVIII,
1055 1772 1177 1828 coll.
1237 1787 1294 1842 p.
1336 1770 1462 1836 H6,
1504 1770 1608 1845 D]:
1647 1791 1667 1824 α
1710 1772 1973 1840 Quocirca

2085 1797 2103 1831 ι
2144 1776 2319 1846 Λόγου
2346 1774 2729 1849 μαρτυρούσης
2746 1775 2877 1847 (58')
2895 1774 3175 1846 ἀῖδιότητι.
3200 1792 3220 1824 ι
3252 1774 3362 1827 Kal
3387 1772 3474 1827 διὰ
3497 1771 3666 1826 τοῦτο

409 1888 427 1919 ι
474 1882 797 1923 consensum
828 1868 985 1923 audis
1013 1864 1251 1936 Spiritus
1277 1866 1471 1929 sancti,
1504 1880 1611 1935 quo
1644 1879 1741 1935 per
1779 1863 1974 1918 multas

409 1980 426 2010 ι
471 1970 526 2015 et
551 1958 874 2015 differentes
890 1973 1173 2030 personas,
1211 1959 1501 2014 aeternitati
1534 1957 1686 2013 verbi
1727 1957 1974 2012 testimo-

408 2071 429 2104 ι
474 2053 622 2106 nium
661 2052 998 2121 perhibetur.
1034 2070 1054 2103 ι
1100 2050 1168 2105 Ει
1219 2065 1319 2120 per
1371 2051 1474 2105 hoc
1530 2050 1726 2118 ipsum,
1784 2048 1975 2117 incipit

401 2147 622 2217 quidem
651 2147 718 2199 ab
739 2146 1048 2200 aeternitate
1070 2145 1243 2210 verbi,
1268 2144 1372 2199 hoc
1401 2143 1595 2197 modo:
1621 2140 1690 2195 In
1718 2141 1973 2212 principio

401 2247 515 2292 erat
561 2236 782 2291 Verbum
816 2251 835 2290 :
881 2245 927 2290 et
970 2233 1196 2290 Verbum
1225 2245 1337 2290 erat
1367 2235 1507 2304 apud
1536 2233 1741 2288 Deum:
1763 2243 1810 2287 et
1833 2233 1973 2287 Deus

401 2338 514 2384 erat
541 2328 675 2381 illud
716 2326 939 2381 Verbum
963 2327 1033 2380 ⁷⁸.
1070 2326 1145 2381 lta
1176 2325 1346 2381 tribus
1383 2324 1710 2383 testimoniis
1739 2339 1798 2379 se
1831 2323 1972 2379 invi-

401 2437 520 2477 cem
549 2419 1009 2490 consequentibus
1042 2418 1204 2473 Verbi
1229 2418 1343 2472 vult
1365 2419 1560 2473 docere
1584 2416 1972 2473 aeternitatem.

399 2513 530 2569 Pust
574 2520 767 2567 etetera
826 2510 1101 2581 subiungit
1149 2509 1239 2583 [Β.
1295 2510 1475 2575 XLIII,
1505 2510 1630 2566 coll.
1659 2524 1714 2579 p.
1745 2510 1839 2576 8i,
1870 2506 1972 2580 D]:

408 2626 425 2656 ι
474 2600 635 2659 Prius
671 2613 820 2660 certe
857 2605 1099 2674 quidem,
1157 2612 1216 2658 ut
1268 2618 1643 2675 saepenumero
1668 2602 1805 2669 dixi,
1839 2600 1976 2656 nihil

405 2716 424 2748 ε
470 2697 617 2752 aliud
653 2705 773 2751 erat
811 2695 1069 2751 Verbum.
1096 2714 1115 2749 ι
1144 2696 1212 2750 Ει
1236 2694 1483 2766 adjungit
1504 2697 1646 2765 quod
1678 2696 1975 2763 necimago

401 2790 504 2843 fuit
561 2788 655 2845 Dei
722 2788 1045 2854 invisibilis,
1092 2788 1384 2858 inquiens:
1414 2787 1508 2860 [Β.
1549 2786 1813 2851 LXXXII,
1846 2788 1972 2843 coll.

399 2897 456 2951 p.
483 2881 575 2947 24,
629 2879 692 2934 Β.
749 2881 841 2945 47,
881 2880 973 2951 Α]
1014 2898 1033 2933 ι
1073 2879 1341 2949 Quocirca
1377 2880 1724 2936 manifestum
1759 2880 1973 2951 quidem

406 2993 425 3024 ι
474 2983 580 3038 est,
615 2973 761 3043 quod
795 2971 1033 3028 Verbum
1084 2983 1214 3028 ante
1254 2973 1430 3028 nostri
1479 2973 1725 3042 corporis
1781 2986 1967 3028 susce-

2072 1870 2299 1941 ἄρχεται
2323 1869 2422 1940 μὲν
2448 1869 2555 1923 ἀπὸ
2575 1868 2676 1939 τῆς
2697 1867 2994 1939 ἀῐδιότητος
3021 1865 3114 1920 τοῦ
3140 1866 3334 1934 Λόγουο
3365 1866 3461 1917 Ἐν
3492 1865 3662 1933 ἀρχῇ

2072 1956 2150 2031 ἦν
2171 1963 2204 2014 ό
2234 1962 2426 2028 Λόγος
2446 2000 2462 2024 ,
2488 1958 2684 2028 λέγων,
2714 1958 2812 2012 καὶ
2831 1961 2863 2012 o'
2885 1954 3164 2029 Λόγοςῆν
3189 1957 3337 2026 πρὸς
3353 1956 3461 2010 τὸν
3483 1958 3660 2019 Θεὸν,

2072 2048 2171 2104 καὶ
2191 2049 2333 2116 Θεὸς
2359 2044 2438 2120 ἦν
2465 2052 2498 2103 ὁ
2525 2050 2736 2118 Λόγος.
2761 2049 2948 2120 Τρισὶν
2973 2047 3295 2121 ἐπαλλήλοις
3324 2048 3660 2120 μαρτυρίαις

2071 2142 2369 2215 χρώμενος,
2403 2142 2501 2212 τὴν
2527 2140 2803 2212 ἀῖδιότητα
2830 2139 2924 2193 τοῦ
2959 2141 3133 2210 Λόγου
3157 2140 3428 2195 δεικνύναι
3466 2139 3658 2210 βούλε-

2072 2251 2181 2288 ται.
2217 2232 2325 2286 Καὶ
2358 2230 2474 2302 μεθ’
2504 2231 2666 2302 ἕτερα
2686 2229 2948 2298 ἐπιλέγει·
2983 2247 3001 2280 ι
3025 2228 3293 2300 Πρότερον
3322 2226 3431 2300 γὰρ
3462 2226 3661 2297 ὥσπερ

2080 2345 2099 2377 ι
2142 2325 2400 2389 πολλάκις
2450 2323 2608 2395 ἐφην,
2661 2323 2817 2377 οὐδὲν
2848 2323 3035 2394 ἕτερον
3075 2323 3104 2374 ό
3149 2322 3321 2391 Λόγος
3358 2314 3446 2393 ἦν.
3483 2340 3502 2371 ι
3538 2322 3662 2373 Kal

2073 2419 2447 2492 προστίθησιν,
2475 2420 2556 2475 ὅτι
2581 2418 2700 2470 ούδέ
2719 2416 2882 2470 εἰκὼν
2901 2412 2969 2488 ἧν
2996 2414 3090 2468 τοῦ
3110 2414 3243 2468 Θεοῦ
3260 2413 3353 2468 τοῦ
3380 2413 3654 2485 ἀοράτου,

2075 2514 2299 2583 φάσκων
2321 2529 2333 2541 ·
2372 2530 2391 2562 t
2423 2508 2631 2563 Οὐκοῦν
2656 2508 2944 2580 πρόδηλον,
2976 2509 3059 2561 ὅτι
3085 2507 3191 2579 πρὸ
3210 2507 3311 2577 τῆς
3330 2506 3424 2559 τοῦ
3452 2506 3662 2577 ἡμετέ-

2081 2625 2099 2658 ι
2146 2621 2238 2677 ρου
2276 2602 2527 2674 σώματος
2555 2600 2873 2671 ἀναλήψεως
2893 2603 2922 2654 ὁ
2942 2599 3115 2669 Λόγος
3143 2598 3266 2653 καθ’
3301 2598 3525 2662 ἐαυτὸν,
3550 2597 3662 2651 οὐκ

2079 2715 2097 2749 t
2134 2692 2200 2767 ἦν
2227 2693 2391 2748 εἰκὼν
2415 2693 2508 2747 τοῦ
2533 2692 2769 2764 ἀοράτου
2803 2690 2993 2745 Θεοῦ.»
3021 2691 3131 2745 Kal
3162 2686 3317 2753 αὖθις
3340 2689 3461 2762 μεθ’
3485 2689 3662 2760 ἕτερα

2074 2787 2354 2858 ἐπιφέρει·
2390 2805 2408 2837 ι
2445 2787 2510 2839 Τί
2538 2784 2717 2839 τοίνυν
2752 2780 2820 2856 ἦν
2850 2784 2911 2837 τὸ
2940 2783 3197 2837 κατελθὸν
3224 2781 3403 2847 τοῦτο,
3426 2782 3534 2852 πρὸ
3555 2781 3662 2835 τοῦ

2079 2900 2097 2931 ‹
2139 2879 2585 2951 ἐνανθρωπῆσαι;
2617 2880 2841 2941 Πάντως
2904 2893 3028 2941 που,
3082 2875 3249 2946 φησὶ,
3302 2874 3552 2945 Πνεῦμα.
3590 2874 3662 2926 Εἰ

2080 2990 2099 3023 ι
2138 2971 2245 3043 γάρ
2290 2988 2344 3025 τι
2371 2969 2522 3042 παρά
2569 2969 2726 3024 τοῦτο
2777 2967 2949 3021 ἐθέλοι
2986 2967 3186 3036 λέγειν,
3216 2967 3276 3019 οὑ
3304 2967 3661 3036 συγχωρήσει

404 3083 427 3116 ‹
476 3064 823 3133 ptionem,ne
840 3062 1056 3133 quidem
1085 3062 1263 3133 imago
1294 3062 1389 3118 Dei
1418 3062 1597 3118 fuerat
1620 3062 1926 3119 invisibilis.
1948 3082 1968 3116 ι

2081 3084 2099 3118 t
2139 3063 2306 3135 αὐτῷ,
2356 3066 2385 3118 ό
2431 3063 2566 3136 πρὸς
2606 3062 2703 3134 τὴν
2758 3060 3031 3133 Παρθένον
3076 3058 3312 3132 εἰρηκὼς
3378 3057 3657 3127 ἄγγελος*

401 3155 471 3211 Ει
492 3170 679 3210 rursus
709 3162 833 3223 post
860 3154 965 3209 alia
995 3153 1265 3210 subinfert
1292 3155 1465 3210 idem:
1496 3153 1585 3227 [R.
1604 3154 1790 3218 XLIX,
1819 3156 1969 3225 lcoll.

2080 3176 2099 3209 ι
2138 3156 2381 3226 Πνεῦμα
2402 3154 2571 3226 ἅγιον
2592 3154 2981 3207 ἐπελεύσεται
2999 3151 3094 3205 ἐπὶ
3134 3150 3228 3204 σέ.
3257 3150 3319 3203 El
3341 3150 3400 3203 δὲ
3423 3148 3662 3219 Πνεῦμα

397 3263 456 3318 p.
491 3247 618 3311 104,
647 3245 716 3319 Α]
777 3264 797 3298 ‹
837 3245 976 3313 Quid
1006 3256 1127 3302 erat
1158 3245 1323 3316 igitur
1354 3246 1458 3302 hoc
1498 3248 1643 3317 quod
1696 3248 1973 3302 descendit

2084 3268 2102 3301 ι
2143 3244 2280 3302 εἶναι
2301 3248 2484 3319 φήσει,
2510 3244 2673 3299 ἄκουε
2709 3243 2802 3297 τοῦ
2834 3243 3082 3313 Σωτῆρος
3106 3240 3377 3309 λέγοντος,
3405 3239 3662 3309 Πνεῦμα

408 3361 426 3391 α
471 3349 598 3396 ante
632 3337 1103 3395 incarnationem?
1131 3335 1364 3395 Omnino
1399 3350 1547 3395 certe
1579 3339 1816 3409 Spiritus
1850 3340 1973 3405 fuit,

2083 3361 2102 3393 ι
2138 3345 2170 3396 ὁ
2203 3341 2366 3406 Θεός.
2408 3337 2600 3408 Σαφῶς
2651 3336 2899 3391 ἐντεῦθεν
2943 3325 3037 3388 τοῦ
3086 3334 3341 3407 Σωτῆρος
3393 3332 3523 3403 περὶ
3559 3331 3662 3385 τοῦ

400 3450 445 3512 Δ.
473 3432 522 3486 si
545 3430 675 3501 quid
700 3430 845 3486 enim
883 3429 1028 3484 aliud
1052 3430 1295 3487 dicturus
1344 3439 1430 3486 est
1474 3431 1691 3503 aliquis,
1733 3446 1841 3487 non
1871 3431 1973 3486 hoc

2082 3454 2102 3487 ι
2139 3435 2351 3507 Πατρὸς
2398 3432 2710 3504 εἰρηκότος·
2752 3450 2771 3483 ι
2823 3430 3066 3500 Πνεῦμα
3096 3432 3129 3484 ὀ
3163 3430 3336 3494 Θεὸς,
3372 3427 3662 3498 ἐλέγχεται

407 3540 427 3571 ι
475 3519 625 3575 dabit
650 3519 744 3590 qui
774 3520 842 3574 ad
876 3517 1155 3590 Virginem
1183 3518 1396 3576 locutus
1438 3530 1521 3575 est
1566 3521 1634 3577 ad
1677 3521 1822 3577 hunc
1860 3535 1973 3574 mo-

2080 3526 2389 3599 Μάρκελλος
2420 3525 2581 3580 αὐτὸν
2622 3524 2715 3577 τὸν
2749 3523 2967 3596 Πατέρα
2988 3521 3467 3594 ἐνηνθρωπηκέναι
3488 3521 3663 3592 (38“)

406 3630 429 3663 ι
473 3611 601 3666 dum
626 3611 852 3683 angelus
874 3628 889 3666 :
909 3609 1144 3681 Spiritus
1174 3621 1386 3667 sanctus
1410 3614 1737 3681 superveniet
1760 3616 1819 3669 in
1837 3625 1885 3667 te
1901 3613 1973 3667 7":

407 3722 426 3754 ι
472 3704 517 3759 si
552 3713 736 3759 autem
770 3702 1036 3773 Spiritum
1066 3703 1237 3760 fuisse
1270 3713 1503 3769 asserat,
1547 3705 1673 3760 audi
1701 3706 1973 3761 dicentem

408 3816 426 3848 ε
467 3798 816 3853 Servatorem
846 3815 860 3851 :
915 3795 1151 3868 Spiritus
1188 3797 1333 3853 Deus
1372 3808 1449 3852 est
1485 3798 1576 3863 7°;
1625 3799 1717 3854 ubi
1747 3814 1869 3855 cum
1903 3800 1974 3854 li-

409 3910 427 3943 c
473 3891 797 3960 quidissimo
827 3900 1041 3946 constet
1072 3890 1416 3947 Servatorem
1452 3897 1511 3956 >14
1541 3891 1609 3948 de
1635 3892 1797 3948 Patre
1822 3893 1975 3949 locu-

408 4002 429 4034 ι
479 3992 590 4038 tum
627 3982 816 4046 fuisse,
865 3983 1009 4039 Deus
1048 3993 1132 4038 est
1178 3985 1421 4054 spiritus,
1453 4003 1473 4037 ι
1508 3986 1789 4040 convictus
1822 3996 1975 4041 tene-

2075 3615 2264 3671 είπών.
2308 3618 2365 3670 Ὁ
2397 3616 2439 3669 δ’
2477 3615 2558 3669 ἐτι
2592 3616 2792 3687 μᾶλλον
2820 3616 3202 3686 φιλοτιμεῖται,
3245 3614 3475 3685 γράφων
3504 3606 3619 3668 ὧδε
3643 3631 3662 3646 -

2082 3727 2101 3760 ι
2139 3706 2248 3762 Kal
2283 3706 2599 3778 μανθανέτω
2625 3708 2804 3760 τοίνυν
2836 3704 2971 3759 Θεοῦ
2998 3705 3167 3773 Λόγον
3212 3703 3553 3774 ἐληλυθέναι,
3594 3704 3662 3758 οὐ

2083 3819 2103 3854 t
2138 3800 2308 3869 Λόγον
2334 3798 2786 3871 καταχρηστικῶς
2817 3796 3213 3868 ὀνομασθέντα,
3261 3796 3337 3859 ὡς
3368 3795 3520 3848 αὐτοί
3550 3812 3664 3865 φα-

2082 3910 2100 3943 (
2142 3909 2247 3957 σιν,
2293 3892 2408 3945 ἀλλ’
2427 3890 2602 3961 ἀληθῆ
2651 3890 2780 3944 ὄντα
2807 3890 2999 3959 Λόγον.
3034 3907 3052 3939 ι
3092 3889 3201 3941 Kal
3231 3884 3387 3950 αὖθις
3427 3888 3664 3959 προστί-

2078 3983 2203 4055 θησι
2226 3984 2399 4039 ταῦτα
2428 3986 2540 4047 τοῖς
2562 3982 2896 4055 εἰρημένοιςο
2930 4003 2949 4035 ι
2971 3984 3034 4035 Εἰ
3055 3982 3152 4052 μὲν
3180 3981 3287 4052 γὰρ
3314 3980 3459 4051 ήτοῦ
3490 3981 3664 4035 πνεύ-

402 4083 493 4129 tur
550 4073 840 4129 Marcellus
891 4073 1258 4140 existimasse,
1301 4075 1477 4144 ipsum
1531 4075 1748 4130 Patrem
1808 4075 1973 4132 fuisse

2084 4098 2103 4130 ι
2129 4095 2297 4149 ματος
2313 4077 2559 4142 ἐξέτασις
2585 4076 2825 4145 γίγνοιτο
2854 4076 3012 4146 μόνη,
3036 4074 3094 4127 ἒν
3109 4074 3204 4128 καὶ
3218 4073 3411 4127 ταύτὸν
3426 4074 3667 4138 εἰκότως

403 4168 769 4224 incarnatum.
797 4165 931 4220 Cum
960 4167 1285 4221 sententiam
1321 4166 1498 4221 adhuc
1526 4168 1766 4236 apertius
1793 4167 1972 4233 elfert,

2082 4189 2101 4221 ι
2124 4165 2262 4223 εἶναι
2277 4168 2356 4239 τῷ
2370 4167 2489 4239 Θεῷ
2517 4167 2778 4236 φαίνοιτο’
2807 4166 2927 4220 εἰδὲ
2951 4169 2984 4236 ἡ
3008 4166 3149 4220 κατά
3162 4167 3339 4237 σάρκα
3360 4164 3660 4238 προσθήκη

404 4258 473 4312 ad
506 4259 650 4313 hunc
674 4258 890 4314 modum
914 4256 1193 4312 scribens:
1224 4256 1576 4328 “LXXXIX,
1610 4260 1736 4316 coll.
1777 4261 1973 4330 p.116,

2083 4282 2101 4313 ι
2125 4262 2217 4315 ἐπὶ
2246 4259 2340 4314 τοῦ
2359 4260 2608 4331 Σωτῆρος
2622 4259 2947 4325 ἐξετάζοιτο,
2964 4258 3214 4330 ἐνεργείᾳ
3234 4262 3267 4329 ἡ
3291 4258 3482 4328 θεότης
3514 4259 3660 4330 μόνη

403 4349 484 4423 1)]
521 4368 541 4403 ι
584 4350 769 4405 Discat
797 4350 984 4419 igitur,
1021 4351 1252 4405 Verbum
1280 4351 1372 4404 Dei
1411 4352 1730 4407 advenisse:
1759 4368 1890 4417 non,
1918 4364 1973 4408 ut

2083 4374 2102 4405 ι
2128 4352 2493 4408 πλατύνεσθαι
2514 4353 2690 4407 δοκεῖ·
2711 4352 2853 4406 ὥστε
2877 4352 3101 4415 εἰκότως
3120 4350 3286 4423 μονὰς
3301 4351 3475 4415 ὅντως
3504 4354 3664 4405 ἐστὶν

409 4463 439 4525 «-
477 4444 552 4499 illi
578 4442 783 4510 volunt,
812 4442 1044 4499 Verbum
1073 4443 1470 4498 catachrestice
1502 4443 1854 4511 appellatum,
1880 4445 1973 4500 sed

2085 4462 2103 4493 ι
2126 4442 2450 4515 ἀδιαίρετος.
2477 4460 2496 4493 ι
2517 4443 2627 4495 Kal
2653 4440 2733 4494 ἐτι
2760 4441 2957 4512 μᾶλλον
2980 4441 3140 4495 τοῦτο
3154 4438 3560 4503 κατασκευάζει
3590 4440 3664 4494 δι’

409 4524 437 4587 ι
478 4548 667 4590 revera
703 4534 794 4603 qui
817 4533 1115 4590 exsistebat
1139 4534 1395 4589 Verbum.
1430 4551 1449 4583 ι
1476 4534 1637 4586 Addit
1677 4534 1872 4587 iterum
1915 4543 1970 4588 et

2080 4528 2153 4588 ὧν
2177 4535 2235 4587 ἐν
2260 4537 2372 4598 τοῖς
2396 4534 2522 4604 ἑξῆς
2544 4532 2686 4587 οὕτω
2709 4533 2929 4607 γράφει·
2964 4553 2983 4585 ‹
3032 4534 3105 4587 Τὸ
3151 4534 3249 4604 μὲν
3273 4524 3368 4586 οῦν
3401 4532 3509 4603 πρὸ
3548 4534 3667 4586 τῶν

404 4627 508 4682 ista
535 4626 842 4681 antedictis:
869 4645 888 4678 ι
911 4626 1063 4692 Quod
1094 4627 1138 4682 si
1169 4626 1236 4680 de
1277 4624 1471 4695 spiritu
1488 4625 1792 4694 disquisitio
1813 4625 1971 4680 iusti—

2084 4645 2103 4677 ι
2139 4624 2350 4681 αἰώνων
2370 4625 2532 4679 αὐτὸν
2552 4625 2910 4696 γεγεννῆσθαι
2926 4626 3095 4696 φῆσαι
3111 4624 3420 4688 ἀκολούθως
3442 4625 3667 4696 εἰρηκέ-

407 4737 428 4769 ‹
457 4725 641 4772 tuatur
670 4716 807 4777 sola.
842 4732 1008 4771 unum
1055 4725 1219 4786 atque
1254 4716 1418 4781 idem,
1456 4728 1554 4769 nec
1593 4712 1810 4783 injuria,
1850 4730 1973 4770 cum

2087 4736 2106 4768 ι
2140 4735 2226 4770 ναι
2256 4717 2434 4771 δοκεῖ·
2462 4718 2711 4788 γέννημα
2731 4717 2840 4790 γάρ
2864 4717 2927 4771 τὸ
2951 4716 3209 4790 προελθὸν
3230 4715 3324 4770 τοῦ
3348 4717 3666 4789 προεμένου

477 4881 537 4939 ›Ῑ‹
571 4871 667 4926 Ed.
701 4869 902 4934 Paris.,
934 4886 1058 4941 pag.
1091 4872 1176 4926 56.
1246 4869 1293 4901 ⁷⁸
1312 4871 1608 4942 Joan.l,l.
1660 4871 1704 4903 ""
1742 4871 1873 4927 Luc.
1906 4889 1944 4937 ι,

2173 4873 2221 4905 ⁷⁸
2243 4871 2401 4929 Joau.
2432 4889 2509 4938 Iv,
2537 4872 2631 4930 24.

476 5080 590 5148 (57)
630 5077 819 5148 Vulgo,
851 5079 1171 5150 ἐπισκέψας.

478 5150 587 5221 (58)
625 5149 735 5203 Kal
765 5150 950 5221 αὐτὸς
978 5149 1250 5221 γέγραφε.
1290 5151 1423 5220 Quis
1451 5159 1629 5205 autem
1664 5151 1799 5205 iste?
1827 5161 1976 5206 certe

406 5218 727 5294 Marcellus,
747 5218 928 5294 cujus,
949 5218 1170 5289 opinor,
1189 5218 1417 5277 diversae
1452 5222 1639 5294 ῥήσεις
1676 5223 1762 5274 hic
1791 5238 1977 5294 recen-

405 5300 614 5363 sentur,
637 5291 729 5363 sed
762 5290 976 5363 interim
1012 5302 1192 5363 tamen
1222 5295 1335 5347 haec
1356 5289 1483 5346 sunt
1502 5289 1803 5363 ἀσύστατα.
1829 5292 1970 5363 Δ(Αύυ

402 5360 784 5434 τός-Λςιετὶυε
817 5358 1025 5434 R.,_qui
1062 5360 1200 5434 intra
1251 5363 1467 5434 τρόπων
1514 5361 1630 5434 loco
1666 5358 1972 5434 προσώπων

405 5430 575 5502 cuni.)
612 5430 804 5502 Statim
852 5443 869 5482 :
919 5431 1058 5502 forte
1102 5430 1490 5501 ἀϊδιονλέγει,
1542 5430 1638 5484 καὶ
1681 5430 1972 5502 ἀγέννητον

404 5498 588 5569 αὐτόν.
626 5501 778 5566 Quod
815 5500 1044 5569 negabat
1080 5502 1343 5557 Eusebius
1374 5498 1627 5565 Arianus,
1663 5498 1786 5557 mox
1821 5498 1974 5556 ούδέν

405 5568 641 5645 ἕτερονῆ
659 5570 832 5645 Λόγος
856 5566 943 5641 ἦν,
976 5580 1030 5624 et
1058 5574 1120 5626 οὐ
1159 5574 1527 5645 συγχωρήσει.

481 5584 589 5690 egw
608 5584 641 5639 η
662 5584 832 5647 Λογος
856 5584 943 5641 ην,
976 5584 1030 5624 et
1058 5584 1120 5626 ου
1159 5584 1518 5645 συγχωρήσει.
1555 5584 1624 5626 Μ.

481 5642 514 5713 (_
540 5638 613 5706 δ’)
659 5639 822 5713 Vulgo
872 5648 1224 5713 μαρτυρήσας
1260 5662 1315 5698 et
1360 5645 1481 5697 (lein
1516 5643 1601 5694 ἐπ’
1626 5641 1881 5713 ἀλλήλαις
1925 5653 1980 5696 et

411 5708 672 5778 πρότερον
705 5709 804 5778 μὲν
820 5725 874 5777 γ.
900 5708 1160 5782 θίὲτερον
1188 5717 1218 5767 ὁ
1242 5715 1443 5782 Λόγος;
1475 5727 1634 5783 porro
1664 5708 1819 5782 vulgo
1851 5730 1977 5781 συγ-

2082 5084 2328 5156 χωρῆσαι
2360 5092 2416 5139 et
2461 5084 2625 5154 φησίν
2663 5094 2721 5140 et
2748 5083 3033 5156 εἰρηκότος
3082 5100 3172 5139 πν.
3209 5095 3265 5139 et
3288 5083 3525 5155 ’Πατρὸς
3575 5085 3668 5140 λέ-

2118 5171 2286 5217 οντος.

2079 5171 2312 5296 γοῖἵῖἓξί)
2343 5222 2912 5296 ζΕνγηθρωπηκέναι.
2935 5223 3047 5280 Hoc
3066 5233 3216 5279 cerle
3246 5224 3318 5276 illi
3339 5226 3665 5289 ascribitur,

2079 5305 2138 5365 ut
2160 5294 2323 5349 fuerit
2342 5294 2581 5360 Praxeae,
2604 5307 2658 5348 et
2675 5295 3217 5365 PatrOpassianorum
3237 5297 3523 5364 ἀποφυάς,
3551 5312 3666 5352 sct—

2079 5364 2201 5419 licet
2227 5366 2353 5433 quia
2382 5365 2551 5433 Λόγον
2592 5363 2852 5419 aeternum
2898 5366 3090 5421 asserit
3135 5382 3149 5417 :
3194 5363 3459 5432 Spiritum
3491 5370 3666 5423 fuisse

2078 5435 2255 5498 docet,
2288 5435 2390 5488 hoc
2415 5447 2497 5488 est
2521 5438 2703 5490 Demn.
2737 5434 2900 5500 Quasi
2931 5437 3080 5492 solus
3114 5436 3275 5489 Pater
3315 5436 3456 5488 foret
3483 5435 3665 5504 Spiri-

2078 5512 2184 5573 tus,
2218 5506 2318 5557 hoc
2345 5506 2596 5558 est-Deus
2615 5544 2630 5567 ,
2658 5520 2779 5573 qua:
2812 5517 2930 5560 erat
2954 5522 3104 5559 mens
3128 5505 3455 5560 Eusebiana.
3488 5506 3567 5559 Μ.
3590 5537 3665 5549 ——

2078 5572 2199 5626 Mox
2233 5574 2390 5648 vulgo
2415 5574 2528 5648 ἀλλ’
2568 5572 2860 5648 ἀληθῶς-ει
2907 5577 3134 5648 εἰκότως
3190 5576 3358 5648 μόνας
3406 5576 3667 5648 παρήλη-

2080 5660 2230 5717 πται.
2265 5640 2394 5717 Πόίιι
2415 5646 2601 5717 τοῦτον
2639 5640 2885 5717 μὴεῖναι
2914 5659 2968 5704 et
2992 5646 3149 5717 ἀνθρ.
3181 5640 3399 5716 φύσεως
3413 5640 3562 5703 coni:
3591 5640 3662 5706 li.

2081 5723 2135 5768 et
2157 5714 2249 5767 τὸν
2280 5714 2412 5767 Θεὸν
2445 5715 2580 5768 Θεοῦ
2615 5714 2677 5769 Λ.
2703 5714 2818 5786 Μν.
