3836 6216
236 347 346 403 785

1343 344 1621 401 CONTRA
1659 343 2086 400 MARCELLUM
2124 342 2253 399 LIB.
2293 342 2360 397 Ii.

3368 338 3475 399 786

243 483 262 514 ι
304 460 548 530 γίγνεται
582 458 816 531 Πατρός.
854 457 1096 530 Θάτερον
1116 458 1159 511 δ’
1180 459 1282 512 οὐκ
1310 458 1390 512 ἔτι
1413 458 1584 528 ὑγιῶς
1599 458 1704 512 οὐδ’
1730 458 1811 511 εὐ·

1925 477 1945 510 ι
1966 458 2079 513 Deo
2110 456 2376 511 videbitur
2400 470 2540 512 esse.
2569 457 2722 525 Quod
2750 457 2794 512 si
2824 454 2914 510 illa
2938 452 3160 520 additiu,
3179 457 3475 510 secundum

242 572 260 600 ι
311 548 484 612 σεὸὦς
510 548 660 618 αὐτῷ
684 548 1074 620 παρείληπται.
1115 547 1190 601 Τὸ
1227 547 1336 619 γὰρ
1367 548 1441 618 μὴ
1472 548 1645 617 Λόγον
1670 543 1809 602 εἶναι

243 660 261 691 ι
290 643 458 712 φῆσαι
488 640 580 693 τὸν
609 638 669 705 ἐξ
696 639 859 694 αὐτοῦ
883 639 1234 712 προελθόντα,
1253 640 1347 693 καὶ
1358 639 1545 693 τοῦτον
1562 633 1701 708 εἶναι
1719 640 1811 693 τὸν

241 752 261 783 ι
286 733 388 803 τῆς
404 733 710 802 γεννήσεως
726 732 904 803 ἀληθῆ
919 731 1135 803 τρόπον,
1153 731 1265 784 ἀλλ’
1281 731 1467 795 ἁπλῶς
1482 731 1611 785 Υἱὸν
1630 732 1810 802 μόνον,

238 843 261 876 ε
302 824 538 894 ἕμφασίν
556 842 677 878 τινα
697 827 808 888 τοῖς
827 823 1118 877 ἀκούουσιν
1134 823 1477 897 ἀνθρωπίνης
1490 824 1664 896 ὅψεως
1677 841 1816 894 παρ-

242 936 262 968 s
300 917 445 988 ἐχειν
476 916 655 973 εἴωθε.
693 935 712 969 ι
744 918 856 971 Kal
879 918 936 971 ἐν
970 916 1182 980 τούτοις
1206 918 1301 988 μὲν
1321 920 1499 989 γυμνῇ
1519 920 1585 988 τῇ
1603 915 1812 987 κεφαλῇ

233 1007 329 1060 τὸν
361 1007 460 1078 μὲν
491 1007 620 1060 Υἱὸν
652 1007 949 1080 ἠρνήσατο,
977 1007 1132 1077 ψιλὸν
1159 1007 1216 1060 δέ
1244 1008 1443 1077 Λόγον,
1469 1006 1658 1080 ὥσπερ
1692 1007 1816 1060 τινὰ

237 1099 637 1170 προστακτικὸν
653 1099 764 1153 τῶν
781 1099 1050 1170 ποιητέων
1067 1098 1484 1170 είσάγων,δῆλός
1499 1101 1646 1154 ἐστιν
1664 1098 1725 1165 ἐξ
1737 1091 1814 1153 ὧν

235 1191 491 1263 ἐπιφέρει
510 1191 713 1260 λέγων·
744 1211 763 1244 ι
796 1190 1052 1246 Ὀνοῦτω
1067 1194 1234 1245 πᾶσαι
1261 1193 1317 1246 αἱ
1333 1192 1472 1247 θεῖαι
1488 1192 1814 1263 κηρύττουσι

235 1283 471 1355 Γραφαί.
504 1283 665 1337 Δαδὶδ
694 1283 792 1353 μὲν
820 1281 927 1355 γὰρ
949 1283 1079 1354 περὶ
1110 1283 1276 1338 αὐτοῦ
1309 1284 1459 1351 λέγει
1487 1301 1501 1315 ·
1532 1283 1616 1351 Τῷ
1648 1287 1816 1354 Λόγῳ

234 1376 460 1444 Κυρίου
481 1378 534 1430 oi
554 1375 795 1444 οὐρανοὶ
811 1374 1265 1443 ἐστερεώθησαν
1286 1392 1300 1405 ·
1327 1371 1482 1439 αὖθις
1510 1375 1588 1440 δὲ,
1622 1375 1815 1443 Αὐτὸς

233 1466 636 1530 ἐξαποστελεῖ
653 1466 760 1520 τὸν
778 1468 972 1536 Λόγον
989 1465 1177 1520 αὐτοῦ
1200 1466 1297 1521 καί
1321 1467 1549 1522 ίάσεται
1569 1469 1809 1534 αὐτούς·

235 1556 488 1629 Σολομὼν
504 1558 580 1612 δέ·
610 1558 1040 1629 Ζητήσουσίμε
1064 1559 1257 1624 κακοί,
1276 1561 1375 1614 καὶ
1396 1562 1508 1630 οὐχ
1531 1554 1817 1630 εὑρήσου-

233 1668 365 1707 σιν.
396 1653 733 1723 Ἐμίοησαν
753 1654 861 1724 γὰρ
882 1654 1124 1722 σοφίαν·
1159 1652 1267 1707 τὸν
1286 1653 1354 1707 δὲ
1378 1656 1573 1725 Λόγον
1593 1655 1814 1724 Κυρίου

235 1746 311 1797 οὺ
337 1745 708 1812 προείλοντο.
743 1745 970 1809 Ἡσαΐας
998 1763 1079 1809 τε,
1115 1746 1210 1797 Ἐκ
1240 1745 1349 1814 γὰρ
1378 1745 1530 1800 Σιὼν
1570 1746 1813 1811 ἐξελεύ-

234 1850 428 1903 σεται,
461 1835 586 1907 ἔφη,
617 1836 803 1904 νόμος
842 1836 938 1888 καὶ
960 1837 1151 1905 Λόγος
1179 1836 1399 1904 Κυρίου
1420 1837 1490 1902 ἐξ
1519 1838 1817 1906 Ἰερουσα-

232 1925 384 1995 λήμ.
436 1927 544 1979 Kal
591 1922 747 1991 αὖθις
790 1927 1085 1999 Ἱερεμίας·
1135 1929 1562 1999 ’ῌσχύνθησαν
1602 1931 1809 2000 σοφοί,

1927 570 1947 601 ι
1976 564 2195 604 carnem
2226 548 2548 617 disquisitio,
2566 551 2630 605 de
2648 551 2933 605 Servatore
2953 546 3256 616 adjiciatur,
3283 562 3481 616 opera-

1923 660 1943 693 ι
1969 642 2114 696 tione
2132 640 2384 696 divinitas
2427 640 2542 696 sola
2584 640 2856 696 videbitur
2891 638 3127 703 dilatari,
3178 647 3239 691 ut
3277 639 3480 693 merito

1922 754 1940 785 ι
1965 733 2177 802 quidem
2204 732 2382 787 unitas
2404 733 2473 786 sit
2489 727 3277 787 indivisibilis.»Vehementius
3298 726 3478 782 adhuc

1912 826 2017 881 hoc
2051 825 2189 880 idem
2221 832 2446 878 conatur
2472 834 2716 879 astruere
2774 822 2827 877 in
2859 821 2925 876 iis
2960 822 3085 890 quae
3121 819 3377 887 deinceps
3400 818 3477 874 ita

1914 917 2106 971 scribit
2131 934 2144 970 :
2172 914 2193 988 [
2222 914 2286 969 R.
2318 914 2511 981 XXXI,
2531 914 2655 969 coll.
2684 929 2738 984 p.
2773 912 2898 977 112,
2937 912 2981 966 Λ
3003 910 3024 982 Ἰ
3047 910 3228 964 Dicere
3256 910 3475 972 idcirco,

1914 1008 2064 1061 illum
2088 1017 2208 1061 ante
2224 1005 2421 1062 stecula
2442 1015 2744 1076 generatum
2776 1005 2961 1075 fuisse,
2987 1004 3188 1058 videtur
3216 1004 3280 1058 de
3302 1020 3478 1058 neces-

1913 1100 2057 1154 saria
2099 1098 2205 1152 dici
2254 1099 2643 1169 consequentia.
2674 1095 2814 1150 Nam
2860 1097 2999 1165 quod
3043 1095 3296 1164 procedit,
3333 1095 3479 1165 geni-

1914 1199 2026 1244 tum
2062 1198 2159 1255 est,
2201 1189 2368 1256 patris
2417 1206 2448 1241 a
2490 1204 2593 1257 quo
2645 1188 2773 1244 exit.
2830 1186 3161 1240 Alterutrum
3205 1200 3309 1240 non
3346 1201 3477 1239 sano

1912 1281 2090 1347 modo,
2151 1296 2244 1334 nec
2292 1282 2572 1349 conjuncta
2617 1295 2736 1333 cum
2773 1279 2962 1348 pietate
2989 1275 3179 1330 abillo
3230 1275 3475 1332 sumitur.

1917 1368 2043 1424 Non
2067 1370 2203 1423 enim
2226 1371 2438 1423 verbum
2468 1386 2580 1424 esse
2607 1369 2764 1434 illud,
2786 1370 2979 1435 dicere,
3010 1371 3150 1439 quod
3176 1368 3240 1422 ab
3266 1383 3325 1422 eo
3354 1382 3479 1437 pro-

1915 1459 2088 1513 cedit:
2116 1460 2324 1513 ethunc
2357 1476 2467 1515 esse
2490 1461 2836 1530 generationis
2878 1475 3054 1513 verum
3106 1460 3318 1513 modum
3339 1474 3359 1513 :
3388 1456 3480 1513 sed

1914 1550 2222 1620 simpliciter
2246 1548 2449 1604 Filium
2476 1549 2671 1614 solum,
2707 1549 2838 1603 solet
2870 1550 3081 1619 quidem
3126 1550 3193 1603 iis
3222 1549 3311 1619 qui
3345 1547 3478 1602 illud

1916 1645 2139 1698 audiunt
2167 1643 2439 1711 emphasin
2467 1644 2751 1706 quamdam
2778 1653 2825 1696 et
2850 1642 3213 1710 apparentiam
3238 1642 3479 1695 exhibere
3522 1674 3525 1675 ν

1915 1736 2161 1789 humana:
2192 1734 2431 1788 visionis.
2475 1733 2532 1788 In
2588 1734 2728 1799 istis,
2774 1734 2892 1789 sine
2921 1734 3069 1789 omni
3113 1734 3482 1804 integumento

1916 1824 2130 1894 negavit
2160 1823 2352 1891 ﬁlium,
2382 1825 2630 1880 eumdem
2659 1838 2787 1879 vero
2821 1833 3038 1879 constat
3064 1824 3214 1879 illum
3239 1824 3484 1902 introdu-

1914 1930 2040 1971 cere
2077 1915 2276 1969 nudum
2327 1924 2537 1971 tantum
2586 1915 2842 1980 Verbum,
2889 1914 3254 1971 faciendarum
3299 1931 3478 1971 rerum

234 2014 916 2084 φησὶ,καὶέπτοήθησαν,
933 2016 1030 2071 καὶ
1062 2016 1360 2080 ἑάλωσαν,
1389 2017 1479 2071 ὅτι
1497 2019 1605 2073 τὸν
1619 2022 1811 2092 Λόγον

1916 2006 2309 2062 mandatorium
2330 2026 2344 2063 :
2364 2008 2416 2062 id
2444 2008 2585 2077 quod
2614 2007 2783 2078 liquet
2807 2024 2876 2063 ex
2895 2008 3158 2079 adjectis:
3182 2028 3199 2059 ι
3223 2006 3393 2074 Quem
3413 2009 3480 2063 ad

234 2107 347 2161 τοῦ
376 2107 596 2175 Κυρίου
650 2107 1124 2177 ἀπεδοκίμασαν·
1190 2108 1285 2162 καὶ
1340 2110 1498 2182 Ὠσηὲ
1539 2114 1567 2165 6
1600 2115 1813 2185 προφή-

230 2216 338 2269 της
361 2217 376 2231 ·
423 2201 758 2270 Ἐμίσησαν
774 2201 845 2254 ἐν
871 2202 1093 2266 πύλαις
1121 2201 1467 2273 ἐλέγχοντα,
1492 2203 1591 2257 καὶ
1623 2206 1816 2274 Λόγον

231 2291 411 2344 ὅσιον
444 2290 860 2355 ἐϐδελύξαντο.
894 2293 1135 2363 Μιχαίας
1187 2310 1245 2346 τε
1272 2294 1474 2364 ὁμοίως
1509 2295 1604 2348 καὶ
1651 2295 1814 2361 αὐτὸς

232 2400 306 2434 πε
314 2383 366 2454 pl
379 2382 472 2436 τοῦ
484 2384 659 2453 Λόγου
687 2402 790 2457 μνη
799 2385 1039 2456 μονεύων
1058 2385 1184 2457 ἔφη·
1202 2386 1616 2452 Ἐξελεύσεται
1632 2388 1814 2458 νόμος

229 2476 335 2529 καὶ
350 2477 539 2544 Λόγος
559 2478 780 2545 Κυρίου
815 2478 886 2542 ἐξ
918 2478 1333 2549 Ἰερουσαλήμ.
1363 2498 1381 2531 ι
1414 2479 1662 2534 Τοσαῦτα
1689 2497 1814 2534 συν-

230 2567 386 2635 άγων
407 2584 474 2618 πε
483 2567 535 2638 pl
558 2566 659 2620 τοῦ
681 2567 1085 2639 προστακτικοῦ
1102 2570 1273 2639 Λόγου
1299 2569 1437 2641 ῥητὰ
1470 2565 1815 2643 Μάρκελλος,

228 2657 474 2713 τοιοῦτόν
494 2675 616 2713 τινα
638 2654 777 2713 εἷναί
805 2676 937 2730 φησι
960 2659 1052 2714 καὶ
1076 2658 1166 2712 τὸν
1183 2660 1240 2712 ἐν
1263 2659 1402 2730 ἀρχῇ
1428 2659 1564 2729 πρὸς
1576 2658 1667 2712 τὸν
1682 2658 1812 2712 Θεὸν

228 2750 368 2803 Θεὸν
400 2750 592 2819 Λόγον.
624 2750 715 2803 Διὸ
746 2751 939 2819 ἐπάγει
991 2750 1247 2821 φάσκων·
1283 2772 1301 2802 ι
1346 2751 1405 2804 Ὀ
1439 2750 1484 2804 δ’
1517 2750 1659 2822 ἱερὸς
1680 2750 1815 2804 ἀπό-

238 2862 257 2893 ι
305 2841 488 2904 στολός
518 2858 579 2894 τε
611 2842 705 2894 καὶ
738 2841 983 2912 μαθητὴς
1013 2841 1109 2895 τοῦ
1141 2841 1345 2913 Κυρίου
1384 2839 1637 2912 Ἰωάννης
1659 2879 1675 2904 ,
1719 2857 1813 2892 σα-

236 2952 257 2984 (
299 2933 416 3002 φῶς
444 2934 539 2987 καὶ
565 2932 859 3005 διαρρήδην
891 2935 948 2986 ἐν
974 2935 1117 3005 ἀρχῇ
1157 2932 1252 2986 τοῦ
1295 2931 1627 3001 Εὐαγγελίου
1678 2930 1815 2985 διδά-

236 3044 257 3077 s
293 3042 461 3092 σκων,
522 3025 598 3089 ὠς
652 3024 1013 3096 ἀγνοούμενον
1067 3027 1125 3078 ἐν
1186 3022 1490 3096 ἀνθρώποις
1551 3021 1812 3094 πρότερον

236 3138 257 3171 ι
303 3118 475 3187 Λόγον
504 3118 666 3171 αὐτὸν
695 3116 789 3171 τοῦ
820 3117 1260 3187 παντοκράτορος
1298 3113 1600 3187 ὀνομάζων,
1639 3113 1813 3176 οὕτως

233 3230 256 3263 s
287 3210 434 3281 ἔφη·
484 3211 580 3264 Ἐν
635 3208 794 3280 ἀρχῇ
840 3206 921 3280 ἦν
959 3213 990 3263 ό
1027 3210 1236 3278 Λόγος,
1288 3206 1388 3260 καὶ
1437 3209 1471 3261 ό
1523 3207 1712 3276 Λόγος
1734 3202 1816 3275 ἦν

1920 2116 1939 2149 ι
1965 2098 2107 2153 hunc
2137 2099 2352 2154 modum
2401 2114 2587 2155 omnes
2632 2098 2925 2169 Scripturae
2962 2101 3286 2171 praedicant:
3311 2098 3480 2153 David

1921 2210 1939 2243 ι
1961 2190 2224 2259 siquidem
2264 2191 2331 2245 de
2354 2190 2445 2246 illo
2474 2192 2646 2262 inquit
2670 2194 2739 2259 ⁷⁸,
2793 2191 2955 2247 Verbo
2987 2192 3227 2257 Domini,
3257 2191 3483 2245 stabiliti

1921 2304 1940 2336 ι
1962 2296 2085 2340 sunt
2118 2284 2271 2340 caeli:
2293 2294 2348 2339 et
2386 2285 2642 2350 secundo,
2672 2283 2792 2354 Ipse
2820 2287 3013 2338 emittet
3047 2283 3271 2347 uerbum,
3309 2293 3357 2337 et
3390 2299 3479 2336 sa-

1922 2396 1940 2427 (
1968 2377 2109 2431 nabit
2146 2393 2234 2432 eos
2256 2376 2323 2433 ⁸⁸.
2350 2376 2604 2431 Salomon
2641 2387 2857 2431 autem:
2904 2374 3149 2441 (laterent
3186 2390 3268 2429 me
3313 2375 3481 2452 impii,

1890 2482 1893 2483 '
1921 2487 1939 2520 ι
1965 2484 2054 2521 nec
2092 2468 2373 2522 invenient.
2410 2466 2545 2521 Odia
2569 2467 2757 2521 etenim
2792 2467 3084 2521 habuerunt
3127 2465 3442 2535 sapientiam
3462 2479 3482 2519 ε

1924 2577 1942 2610 ι
1980 2555 2199 2612 Verbum
2238 2574 2356 2612 vero
2387 2557 2602 2612 Domini
2635 2573 2739 2611 non
2763 2555 3027 2627 elegerunt
3057 2556 3129 2623 In;
3170 2564 3226 2611 et
3259 2555 3426 2612 Isaias
3465 2574 3480 2611 :

1920 2668 1938 2700 ι
1966 2646 2107 2702 Nam
2137 2649 2200 2703 de
2230 2647 2360 2704 Sion
2383 2649 2676 2718 egredietur
2704 2647 2789 2702 lea:
2807 2661 2826 2699 :
2857 2659 2904 2701 et
2940 2647 3161 2701 Ve'rbum
3187 2646 3399 2702 Domini
3418 2648 3481 2701 de

1919 2759 1943 2793 ι
1960 2738 2256 2794 Jerusalem
2289 2739 2368 2807 ⁸¹;
2391 2748 2446 2795 et
2469 2738 2733 2795 Jeremias
2758 2757 2772 2794 :
2794 2738 3080 2807 Pudefacti
3102 2747 3247 2803 sunt,
3284 2738 3481 2810 inquit,

1921 2850 1941 2882 ι
1964 2831 2243 2899 sapientes,
2267 2830 2447 2885 timore
2469 2832 2728 2897 concussi,
2760 2832 2898 2901 capti
2934 2841 3077 2894 sunt,
3103 2830 3225 2901 quia
3258 2828 3482 2884 Verbum

1914 2923 2132 2977 Domini
2161 2923 2461 2993 abjecerunt
2506 2923 2576 2980 ⁸³.
2618 2924 2688 2978 Ει
2733 2923 2994 2993 propheta
3028 2921 3201 2978 Osce:
3241 2921 3483 2977 Oderunt

1915 3016 1971 3068 in
2004 3015 2172 3084 portis
2198 3015 2661 3085 reprehendentem
2692 3028 2710 3067 :
2748 3025 2797 3069 et
2839 3013 3060 3068 Verbum
3096 3023 3342 3068 sanctum
3387 3015 3480 3092 ab-

1916 3107 2133 3161 ominati
2185 3115 2309 3161 sunt
2347 3106 2416 3161 9‘.
2453 3107 2714 3161 Similiter
2751 3116 2807 3162 et
2837 3106 3092 3162 Micbaaas
3151 3106 3480 3161 mentionem

1916 3199 2079 3255 Verbi
2109 3198 2337 3264 faciens,
2370 3200 2486 3254 ait:
2529 3198 2847 3270 Egredietur
2869 3199 2976 3265 lex,
3012 3209 3062 3253 et
3111 3197 3339 3255 Verbum
3367 3197 3482 3251 Do-

233 3323 254 3355 ι
293 3302 445 3372 πρὸς
474 3302 584 3356 τὸν
620 3302 788 3367 Θεὸν,
810 3303 911 3356 καὶ
964 3301 1107 3367 Θεὸς
1157 3295 1237 3370 ἦν
1268 3301 1301 3353 ό
1334 3299 1542 3368 Λόγος.
1584 3298 1658 3351 Οὐ
1712 3299 1811 3370 μιᾷ

1916 3293 2045 3346 mini
2071 3308 2136 3357 ea:
2167 3291 2465 3348 Jerusalem
2489 3294 2589 3347 ⁸⁸.»
2626 3294 2727 3349 Tot
2756 3304 2811 3348 et
2844 3303 2991 3348 tanta
3027 3292 3115 3347 ubi
3143 3290 3485 3347 coacervavit

233 3413 255 3447 ι
299 3394 575 3467 μαρτυρίᾳ
607 3394 887 3466 χρώμενος
918 3393 1015 3465 τὴν
1056 3394 1333 3464 ἀϊδιότητα
1357 3391 1450 3445 τοῦ
1492 3391 1665 3459 Λόγου
1716 3407 1808 3461 ση-

232 3503 253 3537 (
296 3484 498 3554 μαίνει.
541 3503 561 3538 s
602 3485 710 3539 Kal
740 3485 1063 3558 προστίθησι
1116 3484 1325 3547 τούτοις
1374 3482 1640 3551 ἐπιλέγων
1693 3481 1806 3555 ('59)

225 3577 377 3647 ἑξῆς,
415 3596 435 3629 ι
477 3576 543 3630 ἵν’
568 3578 626 3630 ὲν
654 3578 753 3648 μὲν
777 3576 855 3647 τῷ
878 3579 1068 3648 φῆσαι,
1095 3576 1190 3629 Ἐν
1228 3574 1386 3646 ἀρχῇ
1408 3572 1487 3646 ἦν
1530 3578 1563 3628 ό
1594 3574 1804 3644 Λόγος,

232 3689 253 3720 s
294 3667 466 3742 δείξῃ,
497 3668 721 3740 δυνάμει
744 3670 801 3722 ἐν
832 3667 911 3740 τῷ
937 3668 1109 3739 Πατρὶ
1144 3663 1282 3721 εἶναι
1314 3667 1404 3721 τὸν
1453 3667 1625 3734 Λόγον
1656 3682 1671 3696 ·
1718 3666 1807 3718 Ἐν

230 3777 255 3811 s
287 3760 431 3830 ἀρχῇ
464 3750 573 3830 γὰρ
603 3759 856 3812 ἀπάντων
881 3757 989 3811 τῶν
1016 3757 1316 3827 γεγονότων
1338 3756 1531 3820 όΘεὸς,
1560 3755 1618 3823 ἐξ
1640 3749 1718 3810 οὗ.
1736 3754 1807 3808 τὰ

129 3901 139 3907 .
232 3869 253 3900 ι
288 3849 488 3904 πάντα·
522 3852 579 3903 ἐν
597 3850 655 3903 δὲ
683 3849 763 3920 τῷ
787 3867 801 3881 ·
838 3850 978 3903 «Καὶ
996 3852 1025 3904 6
1046 3850 1218 3917 Λόγος
1241 3844 1311 3920 ἦν
1333 3848 1470 3919 πρὸς
1489 3847 1581 3901 τὸν
1613 3846 1765 3911 Θεὸν,
1780 3866 1799 3899 ι

232 3962 253 3994 ι
285 3942 536 4014 ἐνεργείᾳ
560 3942 696 4013 πρὸς
714 3942 806 3995 τὸν
826 3940 959 3995 Θεὸν
991 3937 1130 3995 εἶναι
1150 3941 1242 3994 τὸν
1260 3940 1429 4009 Λόγον
1447 3956 1464 3972 ·
1496 3939 1672 3993 πάντα
1696 3939 1805 4010 γὰρ

231 4054 251 4087 s
289 4035 357 4088 δι’
374 4032 541 4088 αὐτοῦ
569 4033 806 4102 ἐγένετο,
837 4032 931 4086 καὶ
953 4033 1120 4103 χωρὶς
1147 4030 1311 4084 αὐτοῦ
1335 4031 1549 4099 ἐγένετο
1572 4031 1693 4084 οὐδὲ
1723 4030 1803 4085 ἓν.

232 4144 254 4177 ι
300 4124 393 4179 Ἐν
422 4124 480 4177 δέ
506 4122 600 4193 ’τῷ
634 4122 784 4176 Θεὸν
817 4117 969 4175 εἶναι
1008 4119 1119 4174 τὸν
1175 4119 1371 4187 Λόγον
1397 4117 1698 4190 εἰρηκέναι,
1731 4116 1806 4189 μὴ

232 4234 252 4267 ι
294 4215 523 4288 διαιρεῖν
550 4214 651 4286 τὴν
674 4213 945 4283 Θεότητα·
974 4210 1161 4282 ἐπειδὴ
1182 4213 1212 4264 6
1254 4209 1425 4278 Λόγος
1454 4209 1516 4262 τὸ
1540 4211 1598 4261 ἐν
1635 4206 1805 4279 αὐτῷ,

229 4327 250 4354 σ
286 4307 383 4361 καὶ
411 4300 566 4370 οὗτος
598 4306 656 4360 ἐν
715 4304 794 4376 τῷ
819 4306 1004 4375 Λόγῳ·
1046 4304 1143 4357 Ἐν
1179 4301 1309 4372 ἐμοὶ
1353 4300 1483 4373 γὰρ,
1542 4300 1727 4372 φησὶν,
1771 4301 1806 4353 ό

224 4399 452 4468 Πατὴρ,
473 4396 635 4468 κάγὼ
662 4398 729 4452 ἐν
754 4396 836 4463 τῷ
861 4397 1064 4465 Πατρί.
1103 4414 1122 4447 s
1155 4395 1263 4448 Kal
1293 4393 1373 4447 ἐτι
1402 4392 1610 4456 τούτοις
1639 4407 1807 4464 προσ-

220 4489 458 4563 τίθησιν,
520 4489 854 4562 ἀπογυμνῶν
914 4490 1006 4543 τὸν
1069 4488 1197 4542 ἴδιον
1253 4485 1398 4551 νοῦν,
1432 4486 1497 4539 δι’
1554 4478 1630 4539 ὧν
1659 4484 1807 4555 ιἐξῆς

225 4582 423 4651 ὲπάγει
450 4581 641 4651 λέγων.
682 4600 701 4633 ι
723 4582 782 4635 '0
806 4581 984 4636 τοίνυν
1009 4580 1150 4651 ἱερὸς
1179 4577 1469 4641 ἀπόστολός
1486 4594 1547 4630 τε
1579 4577 1674 4635 καὶ
1702 4593 1805 4647 μα-

1916 3382 1984 3437 de
2010 3380 2189 3438 Verbo
2214 3385 2553 3439 mandatorio
2584 3384 2873 3440 Marcellus
2901 3384 3236 3447 testimonia,
3270 3381 3481 3451 eiusce-

1915 3474 2057 3529 modi
2086 3489 2298 3544 quoque
2324 3476 2519 3532 asserit
2546 3477 2824 3532 exstitisse
2848 3486 2904 3531 et
2920 3476 3155 3532 Verbum
3181 3475 3307 3530 illud
3339 3472 3483 3556 quod

1908 3567 2048 3636 apud
2101 3566 2289 3629 Deum,
2348 3567 2491 3622 Deus
2520 3569 2773 3624 exstabat
2823 3571 2890 3624 ab
2948 3570 3126 3623 initio.
3161 3568 3252 3639 [Β.
3291 3566 3481 3629 XLVI,

1908 3657 2034 3712 coll.
2052 3672 2104 3727 p.
2122 3657 2244 3721 118,
2269 3657 2330 3724 C,
2356 3659 2481 3724 141,
2509 3658 2601 3731 Α.]
2621 3660 2885 3726 Quocirca
2912 3660 3480 3728 subinfertinquiens:

1914 3768 1932 3800 σ
1958 3749 2343 3806 Sanctissimus
2357 3751 2630 3820 apostolus
2642 3763 2696 3807 et
2713 3753 3009 3823 discipulus
3021 3753 3231 3808 Domini
3248 3751 3486 3807 Joannes

1917 3865 1935 3897 ‹
1961 3843 2221 3900 exsertim
2249 3843 2447 3900 docens
2480 3845 2819 3914 apertissime
2847 3846 2900 3899 in
2921 3845 3186 3915 principio
3208 3845 3291 3900 sui
3311 3847 3484 3905 Evau.

1918 3955 1935 3985 ‹
1961 3935 2084 4004 gelii
2113 3932 2368 4001 Verbum,
2395 3935 2541 3989 velut
2561 3936 2711 4003 prius
2729 3935 2871 3991 inter
2887 3935 3132 3990 homines
3150 3935 3481 4007 ignoratum,

1919 4049 1936 4080 ι
1966 4028 2057 4084 Dei
2104 4027 2489 4099 omnipotentis
2517 4027 2841 4083 nominatim
2871 4028 3175 4099 compellat,
3208 4029 3481 4099 inquiens,

1917 4126 1975 4184 ιχ(
2016 4141 2034 4173 ι
2082 4120 2147 4176 In
2172 4120 2427 4190 principio
2449 4129 2560 4173 erat
2595 4118 2846 4185 Verbum,
2870 4129 2916 4172 et
2946 4118 3172 4173 Verbum
3206 4129 3319 4173 erat
3343 4120 3483 4189 apud

1918 4231 1937 4263 ι
1965 4212 2148 4278 Deum,
2202 4222 2249 4266 et
2286 4211 2427 4265 Deus
2456 4221 2568 4264 erat
2609 4210 2742 4265 illud
2797 4210 3019 4265 Verbum
3054 4213 3122 4265 ⁸⁸.
3176 4211 3293 4266 Non
3326 4215 3484 4266 unico

1919 4325 1937 4355 ι
1959 4314 2247 4359 contentus
2266 4303 2763 4367 testimonio,Verbi
2781 4303 3048 4373 signiﬁcat
3067 4306 3443 4359 aeternitatem.
3459 4324 3476 4355 ι

1910 4396 2018 4469 [Β.
2052 4412 2195 4452 XLVII
2227 4395 2350 4450 coll.
2378 4411 2433 4466 p.
2469 4396 2573 4450 118
2601 4394 2705 4468 1).]
2738 4396 2946 4462 Quibus
2978 4395 3247 4450 subiul‘ert
3277 4397 3481 4456 statim,

1919 4507 1937 4541 ι
1969 4497 2026 4541 ut
2057 4488 2108 4541 in
2136 4502 2202 4543 eo
2242 4487 2383 4556 quod
2414 4486 2669 4553 allirmat,
2705 4485 2773 4539 In
2807 4488 3066 4555 principio
3089 4494 3201 4539 erat
3232 4485 3480 4552 Verbum,

1919 4601 1936 4632 ι
1965 4581 2251 4635 ostendere
2290 4589 2492 4649 posset,
2527 4579 2766 4649 potentia
2801 4592 2920 4633 esse
2956 4577 3007 4630 in
3037 4576 3212 4632 Patre-
3231 4592 3329 4631 suo
3347 4575 3483 4631 Ver-

232 4696 253 4729 s
293 4675 462 4747 θητής
484 4675 599 4731 τοῦ.
623 4676 829 4747 Κὺρίου
863 4673 1133 4744 Ἰωάννης,
1185 4672 1284 4743 τῆς
1313 4669 1611 4740 ἀῖδιότητος
1641 4667 1804 4722 αὐτοῦ

1918 4693 1935 4725 ι
1966 4672 2108 4726 bum.
2141 4671 2271 4725 Erat
2291 4671 2433 4726 enim
2464 4672 2516 4725 in
2550 4669 2811 4740 principio
2841 4684 3019 4722 rerum
3043 4668 3282 4722 omnium
3321 4668 3483 4732 Deus,

232 4786 251 4817 ι
298 4765 670 4837 μνημονεύων⁶
696 4765 901 4835 ἀληθὴς
954 4764 1197 4833 ἐγίγνετο
1245 4761 1340 4816 τοῦ
1372 4764 1545 4830 Λόγου
1576 4762 1805 4833 μάρτυς,

1916 4786 1930 4817 ι
1961 4767 2026 4819 de
2042 4781 2147 4833 quo
2174 4765 2378 4821 omnia.
2404 4764 2460 4819 In
2492 4779 2557 4818 eo
2581 4763 2724 4833 quod
2754 4763 2851 4828 ait,
2871 4761 2937 4814 Et
2973 4759 3190 4814 Verbum
3215 4761 3349 4815 illud
3371 4771 3484 4815 erat

230 4878 250 4910 ι
301 4859 397 4911 Ἐν
419 4856 579 4927 ἀρχῇ
635 4853 714 4928 ἦν
754 4861 787 4912 ό
834 4857 1043 4927 Λόγος,
1083 4855 1278 4924 λέγων,
1308 4854 1405 4908 καὶ
1456 4856 1488 4907 ό
1512 4853 1701 4924 Λόγος
1731 4848 1810 4922 ἦν

1916 4877 1931 4909 ι
1960 4858 2099 4926 apud
2129 4855 2318 4923 Deum,
2349 4854 2584 4910 Verbum
2635 4855 2908 4909 exstitisse
2949 4854 3106 4907 docet
3132 4854 3271 4920 apud
3316 4853 3480 4907 Deum

232 4968 251 4999 ι
296 4948 450 5016 πρὸς
469 4949 578 5005 τὸν
633 4948 801 5012 Θεὸν,
837 4947 939 5002 καὶ
976 4946 1121 5012 Θεὸς
1157 4942 1237 5015 ἦν
1285 4949 1318 5002 ό
1365 4947 1555 5016 Λόγος
1588 4961 1603 4977 ·
1659 4944 1808 4999 οὐδὲν

1916 4969 1931 4999 ι
1963 4958 2104 5003 actu.
2146 4947 2279 5001 Nam
2316 4962 2410 5018 per
2453 4946 2599 5003 illum
2649 4947 2829 5000 omnia
2880 4946 3112 5013 ﬁebant,
3140 4956 3195 5000 et
3224 4945 3341 4999 sine
3391 4944 3480 5000 illo

232 5061 251 5091 ι
297 5040 572 5110 γενέσεως
629 5039 864 5095 ἐνταῦθα
918 5039 1269 5111 μνημονεύων
1309 5037 1403 5092 τοῦ
1458 5037 1659 5102 Λόγου,
1693 5036 1807 5090 ἀλλ’

1916 5061 1933 5092 ι
1963 5040 2126 5094 liebat
2169 5040 2300 5094 nibil
2334 5039 2474 5107 quod
2514 5038 2712 5092 factum
2736 5031 2875 5103 fuit;
2918 5038 2969 5091 in
3006 5053 3069 5092 eo
3111 5036 3256 5107 quod
3283 5036 3482 5090 dicitur

238 5151 259 5183 ι
300 5130 626 5202 ἐπαλλήλοις
655 5132 802 5203 τρισὶ
854 5130 1177 5203 μαρτυρίαις
1228 5128 1529 5202 χρώμενος,
1554 5127 1805 5182 ἐϐεϐαίου

1920 5149 1938 5182 ι
1970 5132 2135 5185 Deum
2162 5145 2286 5185 esse
2326 5130 2455 5184 illud
2488 5128 2717 5184 Verbum
2740 5168 2756 5195 ,
2785 5129 3119 5183 divinitatem
3162 5144 3266 5182 non
3293 5128 3484 5181 dividit

230 5245 248 5276 ι
284 5227 342 5278 ἐν
370 5225 514 5296 ἀρχῇ
550 5224 643 5277 τὸν
665 5223 839 5292 Λόγον
867 5220 1025 5277 εἶναι.
1051 5243 1069 5275 ι
1103 5223 1213 5276 Kal
1246 5220 1568 5294 προστίθησι
1592 5219 1801 5283 τούτοις

1916 5238 1933 5266 ι
1968 5221 2110 5289 quod
2138 5220 2370 5274 Verbum
2403 5229 2565 5286 esset,
2600 5220 2652 5273 id
2675 5221 2816 5289 quod
2851 5221 2903 5274 in
2932 5219 3019 5272 illo
3043 5228 3196 5284 erat,
3225 5229 3275 5272 et
3307 5217 3399 5271 ille
3433 5219 3484 5271 in

225 5316 400 5384 λέγων
417 5332 437 5347 ’λ
476 5332 495 5365 ι
525 5315 637 5387 Τὴν
673 5315 771 5386 μὲν
821 5313 961 5369 κατά
992 5314 1171 5387 σάρκα
1219 5312 1528 5384 οἰκονομίαν
1573 5311 1652 5383 τῷ
1705 5311 1799 5365 ἀν-

1916 5332 1929 5362 ι
1958 5313 2155 5367 Verbo.
2172 5311 2243 5367 In
2258 5330 2337 5366 me
2352 5313 2516 5379 enim,
2541 5312 2733 5381 inquit,
2750 5311 2925 5379 Pater,
2945 5322 2993 5367 et
3010 5328 3101 5382 ego
3125 5314 3179 5364 in
3202 5310 3363 5366 Patre
3380 5311 3445 5367 ".
3461 5328 3479 5362 ι

295 5486 353 5544 >14
384 5480 483 5534 Ed.
521 5479 724 5550 Paris.,
755 5495 876 5550 pag.
914 5480 1002 5534 3‘7.
1107 5480 1154 5550 7’
1180 5479 1319 5550 Psal.
1356 5478 1605 5538 xxxu.6.
1642 5548 1651 5550 _
1692 5477 1744 5550 f°
1770 5476 1811 5528 Pi

1947 5475 2054 5541 cvi,
2083 5478 2177 5550 90:
2260 5478 2302 5510 ⁸⁸
2335 5478 2614 5550 Sanan",
2645 5474 2701 5542 6,
2721 5475 2773 5530 7.
2871 5476 2917 5509 ⁸³
2942 5474 3109 5541 lsa.t;,
3134 5475 3188 5529 5.
3295 5474 3343 5509 ⁸⁸
3367 5471 3480 5532 .lcr.

223 5565 348 5615 vni,
382 5551 438 5605 9.
510 5546 771 5605 In“Amos:
814 5546 870 5619 ἦ,
952 5550 1040 5605 10.
1112 5548 1529 5613 “Mich.lv,2.
1610 5546 1811 5605 “Joan

1916 5593 1921 5608 ν
1958 5552 2003 5606 l.
2078 5551 2122 5581 ⁸⁷
2147 5547 2304 5602 Joau.
2341 5565 2395 5611 κ,
2424 5547 2511 5603 '58.

293 5807 407 5871 ('59)
432 5807 601 5877 Vulgo
619 5808 815 5875 οὕτως
855 5806 995 5862 infra
1014 5807 1171 5876 vulgo
1201 5807 1263 5859 δι’
1293 5799 1366 5861 ὧν
1398 5806 1519 5876 ἑξῆς
1554 5806 1811 5874 ὲπαγγέλ)

1916 5805 2105 5872 λέγων·
2140 5803 2313 5874 ἱερός·
2344 5810 2392 5854 (‘l
2431 5800 2732 5872 γεννήσεως
2767 5808 2821 5854 el.
2849 5797 3200 5866 ἐπαλλήλως.
