3836 6216
329 319 436 375 787

1001 317 1263 374 EUSEBII
1302 313 1778 372 CAESARIENSIS
1815 314 1963 370 ()PP.
2007 313 2191 369 PARS
2229 312 2320 370 ιν.
2359 345 2429 354 -
2468 312 2882 370 DOGMATICA.

3481 314 3599 368 788

329 432 490 485 Addit
515 430 580 485 ad
609 430 712 487 ista
743 431 994 487 revelans
1040 447 1194 487 suam
1242 432 1411 501 ipsius
1453 441 1726 496 mentem,
1775 433 1900 486 dum

2063 428 2094 482 θ
2101 426 2271 503 ρώπῳ
2292 428 2566 500 διαφέρειν
2587 428 2983 500 γιγνώσκομεν·
3005 429 3105 500 τὴν
3125 430 3182 484 δὲ
3204 447 3346 484 κατα
3371 430 3600 503 πνεῦμα

329 523 710 592 prosequitur:
759 521 867 594 [Β.
898 522 1146 596 XXVIII]
1191 543 1209 576 ι
1237 523 1471 579 Sanctus
1525 522 1802 594 apostolus
1851 535 1906 577 et

335 631 354 664 s
397 612 688 684 discipulus
733 612 946 671 Domini
1003 613 1281 679 Joannes,
1355 613 1679 670 aeternitatis
1734 614 1906 684 ipsius

337 719 356 752 ι
407 703 736 760 mentionem
793 704 1002 761 faciens
1027 745 1042 772 ,
1077 706 1396 761 verissimus
1457 707 1611 760 adest
1650 705 1801 760 testis
1841 705 1908 760 de

337 813 356 844 ι
399 793 599 863 Verbo,
655 797 723 851 In
766 799 1048 868 principio,
1087 799 1373 869 inquiens,
1415 809 1528 852 erat
1567 797 1903 852 Verbum:et

342 909 358 937 ι
421 886 646 942 Verbum
678 899 794 944 erat
820 892 960 958 apud
1015 890 1174 945 Deum
1207 907 1226 945 :
1257 900 1307 945 et
1341 889 1483 944 Deus
1511 900 1622 944 erat
1665 887 1905 943 Verbum.

338 998 356 1029 ι
403 979 784 1036 Generationis
843 981 1007 1038 Verbi
1066 983 1210 1037 nulla
1265 984 1356 1038 hic
1421 983 1670 1038 mentio:
1703 991 1906 1036 tantum

339 1090 358 1119 ι
405 1071 579 1126 tribus
604 1075 862 1128 continuo
901 1089 958 1127 se
1000 1073 1352 1142 sequentibus
1401 1073 1730 1128 testimoniis
1756 1088 1907 1136 usus,

339 1181 357 1210 ι
401 1161 688 1218 confirmat
724 1165 876 1230 illud,
907 1165 1142 1220 Verbum
1173 1167 1224 1218 in
1253 1167 1523 1236 principio
1549 1165 1845 1220 exstitisse.
1885 1184 1904 1216 ι

332 1254 588 1323 Adjungit
645 1257 765 1311 istis
807 1273 968 1326 porro
999 1273 1014 1311 :
1044 1256 1149 1330 [R.
1187 1257 1328 1330 LXI]
1391 1275 1412 1310 ι
1444 1256 1907 1328 Dispensationem

341 1365 361 1394 ι
409 1347 705 1401 secundum
749 1363 994 1415 carnem,
1051 1351 1253 1404 homini
1311 1352 1521 1406 scimus
1565 1353 1906 1406 convenire:

342 1455 362 1488 ι
409 1441 768 1496 aeternitatem
807 1457 936 1496 vero
979 1443 1564 1512 secundum'spiritum
1597 1443 1745 1497 Patri
1785 1457 1910 1497 cre-

341 1550 358 1578 ι
403 1530 580 1584 dimus
617 1533 948 1589 adunitam.»
984 1533 1261 1588 Accedunt
1287 1535 1487 1589 eisdem
1519 1535 1571 1588 in
1605 1547 1858 1604 processu
1890 1550 1906 1588 ε

340 1621 432 1694 [Β.
467 1621 628 1677 LXIV
667 1625 788 1678 coll.
839 1641 890 1696 p.
926 1624 1026 1679 107
1074 1624 1154 1698 Β]
1191 1644 1210 1676 ι
1239 1625 1391 1692 Quod
1436 1627 1480 1681 si
1529 1627 1757 1696 ipsemet
1807 1626 1911 1680 hoc

346 1735 366 1764 ο
409 1715 661 1782 afﬁrmet,
691 1717 961 1786 inquiens,
992 1717 1103 1789 Ego
1134 1720 1198 1773 de
1230 1717 1390 1772 Patre
1416 1717 1573 1781 exivi,
1597 1729 1644 1772 et
1673 1718 1820 1771 neuio
1841 1716 1908 1781 ⁸⁸,

346 1828 366 1860 s
413 1817 470 1863 et
505 1823 712 1874 rursus,
765 1806 987 1864 Verbum
1027 1811 1164 1880 quod
1212 1811 1409 1864 auditis
1444 1826 1547 1863 non
1592 1819 1667 1864 est
1719 1824 1913 1874 meum,

343 1919 362 1948 ι
408 1901 498 1954 sed
529 1899 707 1954 Patris
734 1902 823 1972 qui
855 1902 995 1956 misit
1033 1919 1111 1956 me
1137 1902 1221 1969 ";
1253 1913 1327 1965 et,
1375 1901 1568 1956 Omnia
1602 1918 1718 1973 quia
1758 1902 1920 1955 Pater

345 2010 365 2041 ι
409 1993 561 2045 habet
619 2008 734 2046 mea
783 2005 904 2048 sunt
959 1996 1030 2060 ’°;
1085 1994 1438 2049 manifestum
1505 2004 1593 2050 est
1644 1993 1774 2048 illud
1811 2007 1916 2047 non

345 2103 366 2135 ι
413 2083 606 2154 injuria
625 2085 752 2149 dici,
783 2083 846 2139 In
885 2101 966 2140 me
991 2085 1155 2139 Pater
1176 2095 1281 2148 est,
1300 2096 1347 2140 et
1375 2101 1466 2156 ego
1488 2086 1545 2140 in
1563 2085 1724 2140 Patre
1747 2084 1790 2119 ⁹¹
1814 2099 1832 2138 :
1862 2091 1922 2138 ut

346 2194 366 2225 ι
415 2175 468 2229 in
515 2174 626 2230 Deo
671 2177 933 2232 subsistat
988 2177 1226 2234 Verbum
1258 2177 1424 2242 illud],
1459 2192 1488 2230 a
1530 2193 1637 2245 quo
1669 2177 1770 2230 hoc
1798 2190 1922 2244 pro-

349 2289 367 2320 ι
409 2269 601 2325 fertur.
634 2270 690 2325 ln
722 2268 900 2325 Verbo
929 2279 1110 2325 autem
1139 2270 1229 2324 illo
1261 2270 1442 2334 Pater,
1468 2270 1724 2340 quoniam
1746 2269 1924 2324 Patris

349 2381 368 2412 ι
409 2363 672 2433 potentia,
711 2363 948 2418 Verbum
998 2373 1103 2418 est.
1159 2363 1340 2418 Testis
1384 2363 1529 2418 enim
1575 2362 1678 2416 ﬁde
1706 2362 1920 2430 dignus,

352 2473 370 2504 ι
411 2466 536 2507 eum
583 2453 675 2506 Dei
717 2453 1012 2520 potentiam
1041 2492 1056 2516 ,
1102 2463 1157 2508 et
1187 2451 1517 2520 sapientiam
1554 2452 1642 2506 Dei
1677 2450 1922 2505 nomina-

353 2564 372 2595 ε
425 2544 519 2601 vlt.
563 2543 678 2600 Non
720 2556 941 2615 propter
975 2545 1120 2600 illam
1179 2544 1584 2600 exactissimam
1623 2556 1927 2597 consonam

353 2655 372 2686 ι
417 2639 569 2700 tiam,
598 2635 651 2691 in
687 2637 940 2692 omnibus
970 2637 1146 2692 verbis
1180 2646 1236 2690 et
1260 2635 1514 2704 operibus
1537 2675 1551 2697 ,
1605 2643 1667 2688 ut
1713 2632 1928 2686 Asteria

354 2751 372 2778 ε
421 2729 636 2794 visum,
707 2729 967 2784 Servatur
1029 2729 1204 2793 dixit,
1277 2726 1390 2797 Ego
1442 2735 1492 2782 et
1543 2726 1709 2781 Pater
1763 2741 1924 2779 unum

355 2841 375 2874 s
417 2838 598 2876 sumus
647 2821 717 2889 ",
775 2837 962 2876 verum
1014 2821 1136 2876 ideo
1169 2822 1310 2890 quod
1340 2821 1410 2874 sit
1454 2818 1792 2888 impossibile
1844 2817 1928 2872 vel

353 2933 374 2967 ι
427 2912 658 2970 Verbum
693 2913 937 2968 dividere
967 2929 998 2966 ει
1026 2913 1168 2977 Deo",
1199 2913 1283 2966 vel
1311 2913 1476 2966 Deum
1508 2927 1536 2964 a
1571 2909 1749 2964 Verbo
1771 2925 1928 2976 scpa-

360 3027 376 3058 ι
421 3023 566 3064 rare.
598 3007 731 3062 Cum
763 3021 894 3061 vero
930 3014 1146 3075 propter
1173 3004 1316 3059 illam
1348 3003 1712 3060 omnimodam
1737 3016 1929 3058 conso-

2014 543 2032 574 ι
2072 522 2352 591 ἁῖδιότητα
2392 522 2633 592 ἡνῶσθαι
2681 523 2760 593 τῷ
2804 523 2979 594 Πατρὶ
3036 525 3500 594 πεπιστεύκαμεν.
3575 548 3595 578 ι

2006 615 2230 678 Τούτοις
2263 615 2466 687 προῖὼν
2497 615 2620 686 ἑξῆς
2674 616 2916 685 ἐπιλέγει
2961 617 3136 671 ταῦτα
3158 635 3172 648 ·
3210 638 3228 670 ι
3257 619 3320 672 Εἰ
3359 616 3601 674 οὗνάὐ-

2013 726 2031 758 ι
2074 707 2167 769 τὸς
2199 705 2346 774 λέγει
2369 705 2562 771 ταῦτα,
2593 705 2706 775 (40)
2753 704 2892 773 Ἐγὼ
2920 705 2988 759 ἐκ
3013 706 3120 761 τοῦ
3153 707 3386 776 Πατρός
3409 707 3604 777 ἐξῆλ-

2015 820 2033 852 ι
2067 803 2197 863 θον,
2251 798 2352 852 καὶ
2408 798 2573 867 ἥκω·
2619 798 2712 853 καὶ
2779 793 2974 862 αὖθις·
3022 798 3084 852 Ὅ
3120 799 3331 868 Λόγος,
3391 797 3468 853 ὃν
3521 801 3604 854 ἀ-

2013 911 2032 943 ι
2072 891 2301 954 κούετε,
2339 892 2450 944 οὐκ
2489 889 2662 944 ἔστιν
2692 891 2852 960 ἐμὸς,
2893 889 3054 945 ἀλλὰ
3086 891 3192 944 τοῦ
3243 891 3606 960 πέμψαντός

2015 997 2033 1028 ι
2065 996 2143 1047 με
2170 980 2401 1045 Πατρός
2421 994 2434 1008 ο
2469 978 2582 1038 καὶ.
2627 977 2829 1032 Πάντα
2856 978 2974 1031 ὅσα
3010 977 3135 1048 ἔχει
3165 983 3199 1034 ό
3230 979 3434 1050 Πατὴρ
3481 981 3604 1050 ἐμά

2017 1091 2034 1122 ι
2073 1071 2226 1134 ἐστι,
2282 1070 2438 1141 δῆλον
2464 1110 2480 1133 ,
2537 1070 2622 1123 ὅτι
2662 1070 2888 1134 εἰκότως
2945 1071 3164 1124 κάκεῖνο
3221 1072 3438 1141 ἔλεγεν·
3497 1075 3606 1127 Ἑν

2015 1184 2034 1216 ι
2071 1164 2201 1232 ἐμοὶ
2233 1166 2266 1217 ό
2288 1162 2518 1232 Πατὴρ,
2557 1161 2718 1232 κάγὼ
2747 1163 2817 1217 ἐν
2848 1162 2929 1228 τῷ
2978 1164 3190 1232 Πατρι,
3247 1166 3333 1218 ἵνα
3377 1167 3434 1218 ὲν
3475 1165 3606 1236 Θεῷ

2013 1258 2112 1328 μὲν
2204 1259 2232 1310 ό
2270 1257 2464 1324 Λόγος,
2497 1257 2526 1308 ό
2549 1256 2708 1309 τοῦτο
2738 1255 2933 1323 λέγων,
2958 1258 3015 1310 ἐν
3042 1257 3100 1309 δὲ
3138 1255 3216 1328 τῷ
3241 1257 3398 1328 Λόγῳ
3425 1259 3454 1311 ό
3486 1258 3605 1310 Πα-

2009 1352 2148 1422 τήρ·
2201 1351 2284 1402 ὅτι
2313 1349 2542 1421 δύναμις
2579 1348 2674 1402 τοῦ
2712 1349 2923 1420 Πατρὸς
2969 1350 2998 1402 ό
3043 1351 3231 1420 Λόγος.
3309 1350 3445 1404 Θεοῦ
3486 1352 3606 1421 γὰρ

2017 1461 2033 1492 ι
2071 1443 2232 1495 αὐτὸν
2264 1442 2516 1510 δύναμιν,
2543 1441 2637 1494 καὶ
2665 1439 2800 1494 Θεοῦ
2829 1442 3021 1510 σοφίαν
3064 1440 3375 1506 ἀξιόπιστος
3404 1442 3604 1514 εἴρηκε

2017 1553 2034 1582 s
2088 1535 2316 1605 μάρτυς.
2351 1535 2424 1587 Οὐ
2457 1533 2546 1588 διὰ
2571 1535 2670 1605 τὴν
2710 1535 2768 1587 ὲν
2815 1535 3017 1589 ἅπασιν
3058 1531 3152 1590 οὗν
3183 1534 3361 1604 λόγοις
3388 1552 3450 1588 τε
3499 1537 3607 1588 καὶ

2018 1644 2035 1676 ι
2073 1625 2254 1695 έργοις
2296 1625 2499 1697 ἀκριϐῆ
2563 1627 2902 1697 συμφωνίαν,
2943 1626 3019 1689 ὡς
3073 1625 3348 1696 Ἀστέριος
3397 1625 3543 1696 ἔφη,
3575 1627 3608 1678 ὁ

2020 1739 2038 1769 ι
2075 1719 2264 1791 Σωτὴρ
2290 1719 2459 1788 λέγει,
2507 1718 2655 1788 Ἐγὼ
2691 1719 2792 1774 καὶ
2821 1723 2853 1774 ό
2884 1718 3086 1787 Πατὴρ
3108 1719 3178 1773 ἓν
3203 1720 3408 1788 ἐσμεν.
3462 1717 3608 1771 ἀλλά

2023 1828 2041 1860 ι
2086 1809 2219 1863 διότι
2244 1809 2503 1864 ἀδύνατόν
2532 1811 2698 1874 ἐστιν,
2729 1809 2762 1882 ἢ
2787 1809 2958 1878 Λόγον
2985 1808 3170 1880 Θεοῦῆ
3193 1809 3324 1862 Θεὸν
3348 1809 3442 1862 τοῦ
3473 1811 3608 1862 ἐαυ-

2026 1918 2043 1949 ι
2081 1899 2176 1953 τοῦ
2215 1897 2533 1970 μερίζεσθαι
2571 1900 2767 1966 Λόγου.
2810 1899 2964 1951 Ἐπεὶ
3003 1899 3052 1952 εἰ
3098 1898 3184 1952 διὰ
3239 1898 3350 1970 (il)
3389 1898 3487 1970 τὴν
3543 1901 3607 1952 ἐν

2026 2009 2044 2040 ι
2085 1989 2256 2044 ἆπασι
2303 1989 2621 2060 συμφωνίαν
2666 1990 2822 2043 τοῦτο
2875 1989 2970 2043 τὸν
3033 1990 3259 2061 Σωτῆρα
3318 1990 3606 2062 εἰρηκέναι

2027 2099 2044 2130 ι
2092 2080 2367 2152 Ἀστέριος
2410 2081 2601 2143 οἴεται,
2638 2081 2730 2134 καὶ
2773 2081 2846 2152 μὴ
2902 2083 2968 2153 τῇ
3033 2081 3261 2153 δευτέρα
3315 2082 3606 2154 οἰκονομίᾳ⁵

2027 2193 2045 2225 ι
2083 2173 2383 2244 προσέχων,
2433 2174 2666 2244 τάληθὲς
2729 2173 3019 2244 μανθάνειν
3052 2173 3244 2240 ἐθέλει,
3302 2174 3608 2243 ἀναγκαῖόν

2028 2283 2045 2314 ι
2089 2267 2234 2318 ἐστιν
2263 2265 2572 2336 ὑπομνῆσαι
2606 2265 2790 2331 αὑτὸν,
2822 2265 2940 2330 πῶς
2985 2266 3179 2329 ὲνίοτε,
3215 2265 3277 2319 τὸ
3321 2266 3462 2320 κατὰ
3501 2266 3608 2336 τὴν

2029 2377 2044 2406 ι
2081 2359 2179 2427 σὴν
2206 2357 2528 2428 φαινόμενον
2549 2358 2906 2428 ἀσυμφωνίαν
2936 2359 3083 2412 ἐστὶν
3117 2357 3264 2412 ἰδεῖν.
3300 2357 3457 2411 Οὕτω
3491 2359 3610 2428 γὰρ

2031 2468 2047 2498 ι
2085 2449 2233 2518 ἡμᾶς
2259 2447 2328 2501 τά
2370 2447 2511 2520 ῥητὰ
2547 2447 2806 2503 διδάσκει.
2846 2447 2983 2500 Ποία
3024 2447 3133 2520 γὰρ
3183 2449 3241 2501 ὲν
3285 2448 3461 2518 καιρῷ
3508 2444 3611 2501 τοῦ

2007 2537 2048 2588 ἰ
2089 2537 2293 2602 πάθους
2329 2539 2617 2608 συμφωνία
2649 2538 2809 2592 τοῦτο
2850 2538 3134 2608 λέγοντος·
3175 2538 3386 2607 Πάτερ,
3409 2541 3463 2592 εὶ
3501 2539 3616 2592 δυ-

2032 2649 2049 2678 ι
2081 2627 2286 2696 νατόιν,
2310 2628 2650 2697 παρελθέτω
2680 2629 2748 2683 τό
2775 2629 3062 2698 ποτήριον
3098 2629 3295 2693 τοῦτο,
3322 2629 3619 2701 ἐπιφέρον-

2035 2738 2052 2769 ι
2083 2737 2174 2782 τος
2202 2719 2258 2774 δὲ
2305 2719 2546 2782 κάκεῖνο,
2578 2718 2754 2788 Πλὴν
2794 2719 2880 2789 μὴ
2923 2720 3002 2785 ὡς
3023 2719 3138 2789 ἐγὼ
3162 2718 3332 2786 θέλω,
3361 2720 3498 2773 ἀλλ’
3531 2720 3619 2786 ὠς

2033 2833 2051 2865 ι
2085 2814 2203 2876 σύί
2237 2811 2312 2865 Οὐ
2353 2812 2768 2882 συμφωνοῦντος
2793 2813 2902 2884 γὰρ
2931 2809 3001 2885 ἦν
3030 2812 3246 2883 πρῶτον
3291 2813 3389 2882 μὲν
3431 2812 3492 2864 τὸ
3525 2812 3620 2866 λέ-

2035 2925 2053 2955 ι
2087 2922 2223 2973 γειν,
2242 2901 2588 2972 Παρελθέτω
2602 2903 2671 2958 τό
2701 2903 2986 2972 ποτήριον
3009 2905 3204 2970 τοῦτο,
3234 2904 3382 2958 οὐδὲν
3406 2903 3464 2956 δὲ
3493 2904 3612 2972 ἑχό-

2037 3014 2054 3045 ι
2093 3011 2252 3065 μενον
2281 2993 2600 3064 συμφωνίας
2629 2993 2724 3046 καὶ
2749 2993 2809 3046 τὸ
2833 2994 3225 3064 ἐπιφερόμενον
3277 2990 3416 3046 εἶναι
3444 2993 3618 3047 δοκεῖ.

358 3122 376 3150 ι
423 3098 665 3154 nantiam
708 3096 962 3152 Asterius
1009 3104 1158 3166 putet
1204 3094 1545 3150 Servatorem
1593 3093 1827 3148 locutum
1861 3095 1927 3146 ad

2037 3105 2054 3136 ι
2087 3085 2249 3154 Λέγει
2295 3084 2434 3156 γὰρ,
2488 3083 2580 3156 Μὴ
2634 3085 2696 3139 τὸ
2732 3084 2886 3156 ἐμὸν,
2930 3085 3066 3139 ἀλλὰ
3118 3085 3180 3138 τὸ
3212 3084 3303 3138 σὺν
3345 3085 3620 3154 γενέσθω,

358 3211 378 3242 ι
423 3193 589 3247 istum
615 3191 860 3256 modum,
889 3203 990 3245 nec
1029 3189 1270 3243 animum
1303 3187 1369 3241 ad
1397 3185 1692 3241 secundam
1720 3199 1934 3240 (necno-

357 3303 374 3332 ε
425 3282 586 3337 miam
629 3282 938 3348 advertens,
970 3281 1257 3336 veritatem
1306 3276 1476 3332 voluit
1513 3277 1777 3339 ediscere,
1837 3288 1932 3330 ne-

360 3396 378 3430 ι
425 3389 578 3431 cosse
605 3383 774 3430 estut
811 3372 959 3427 illum
992 3368 1512 3435 commonefaciam,
1547 3370 1743 3422 docere
1785 3364 1934 3418 Scri-

358 3488 376 3521 ι
425 3476 634 3539 pturam
665 3466 1096 3537 espressisslme.
1118 3463 1287 3520 videri
1315 3461 1506 3518 saltem
1541 3459 1829 3529 aliquando
1855 3457 1936 3511 in-

357 3583 375 3611 .
421 3560 832 3617 consonantiam
869 3571 1009 3612 esse.
1049 3555 1311 3624 Quasnam
1345 3563 1464 3609 erat
1499 3553 1643 3608 enim
1669 3551 1772 3606 sub
1809 3564 1937 3620 pas-

361 3676 378 3704 ι
427 3653 597 3708 sionis
627 3661 872 3716 tempore
900 3646 1280 3710 consonantia,
1311 3660 1432 3700 cum
1463 3645 1670 3699 diceret
1705 3658 1720 3696 :
1751 3640 1931 3707 Pater,

361 3766 381 3798 ι
435 3748 480 3801 si
511 3745 759 3812 possibile
806 3754 904 3810 est,
957 3751 1188 3796 transeat
1228 3742 1326 3794 iste
1353 3739 1540 3794 calix?
1569 3747 1624 3791 et
1669 3734 1933 3790 inferret:

362 3857 382 3889 s
428 3848 808 3899 uerumtamen,
844 3852 949 3890 non
988 3845 1044 3888 ut
1074 3850 1168 3904 ego
1209 3833 1346 3898 rolo,
1377 3830 1466 3884 sed
1494 3837 1552 3882 ut
1577 3840 1634 3882 tu
1663 3828 1730 3883 ”.
1777 3826 1938 3896 Equi-

363 3949 383 3982 ε
431 3932 554 3984 dem
625 3943 730 3982 non
787 3935 907 3981 erat
961 3921 1310 3979 consonantis
1359 3919 1580 3982 dicere,
1629 3914 1937 3984 imprimis,

365 4043 384 4075 ι
435 4022 690 4077 Transeat
718 4023 816 4077 iste
843 4019 1004 4072 calix.
1063 4015 1174 4070 Nec
1222 4029 1346 4068 cum
1391 4008 1748 4066 consonantia
1782 4007 1940 4078 quid-

366 4135 387 4174 ι
434 4129 594 4184 quam
642 4113 844 4166 habere
877 4121 1163 4164 commune
1203 4105 1434 4168 videtur,
1480 4101 1622 4171 quod
1652 4101 1937 4168 sequitur:

369 4228 388 4258 ι
435 4213 494 4271 >3
538 4204 663 4258 Non
695 4219 809 4258 mea
838 4199 1098 4262 voluntas,
1130 4197 1220 4252 sed
1263 4205 1352 4248 tua
1391 4194 1509 4264 ﬁat,
1553 4191 1735 4246 Pater.
1769 4190 1940 4245 Audis

371 4319 391 4352 ι
435 4307 638 4364 autem,
667 4294 810 4366 quod
846 4293 1017 4364 prima
1051 4289 1268 4358 quidem
1309 4285 1449 4340 facie
1499 4284 1679 4338 littera
1721 4282 1942 4337 denotet

369 4412 388 4445 ι
431 4387 904 4446 inconsonantiam
939 4398 953 4436 :
986 4382 1082 4438 lllo
1112 4380 1328 4434 volente
1350 4419 1364 4442 ,
1403 4378 1505 4431 hoc
1540 4390 1647 4429 non
1681 4374 1894 4428 volente
1923 4389 1937 4426 :

2039 3198 2058 3230 ι
2089 3179 2292 3250 Πάτερ,
2318 3177 2552 3249 θέλημα.
2596 3177 2838 3241 Ἀκούεις
2883 3179 3033 3240 ὅπως
3074 3177 3434 3248 ἀσυμφωνίαν
3472 3174 3625 3229 κατὰ

2039 3289 2057 3321 ι
2098 3270 2164 3322 τὸ
2181 3268 2502 3340 φαινόμενον
2529 3267 2680 3338 δηλοῖ
2703 3268 2764 3321 τὸ
2794 3269 3050 3338 γράμμα,
3085 3266 3178 3320 τοῦ
3215 3267 3312 3334 μὲν
3347 3264 3622 3328 θέλοντος,

2041 3381 2058 3412 ι
2105 3359 2197 3414 τοῦ
2223 3360 2280 3414 δὲ
2315 3358 2390 3431 μὴ
2426 3359 2692 3422 θέλοντος.
2720 3359 2843 3412 Ὀτι
2880 3359 2978 3428 μὲν
3022 3357 3131 3428 γὰρ
3157 3355 3406 3409 ἐϐούλετο
3454 3354 3626 3408 όΠα-

2041 3470 2060 3502 ι
2100 3451 2224 3522 τὴρ,
2259 3451 2416 3522 δῆλον
2460 3451 2553 3518 ἀφ’
2591 3443 2665 3504 ὧν
2689 3450 2717 3503 ὃ
2753 3449 3002 3502 ἐϐούλετο
3031 3448 3283 3516 γέγονεν’
3317 3449 3400 3501 ὅτι
3439 3446 3629 3500 δὲοῦκ

2043 3564 2061 3596 ι
2108 3544 2357 3598 ἐϐούλετο
2401 3547 2430 3597 ό
2468 3544 2616 3608 Υἱὸς,
2671 3543 2828 3614 δῆλον
2887 3543 2954 3596 δι’
2991 3535 3066 3595 ὧν
3095 3543 3464 3612 παραιτεῖται.
3503 3539 3628 3592 Καὶ

2043 3655 2060 3688 ι
2097 3632 2269 3700 αὖθις,
2308 3637 2389 3690 Οὐ
2413 3633 2582 3703 ζητῶ,
2619 3635 2770 3704 φησὶ,
2802 3633 2870 3688 τό
2901 3632 3129 3702 θέλημα
3155 3631 3222 3685 τό
3251 3630 3427 3700 ἐμόν,
3456 3628 3630 3684 ἀλλὰ

2043 3746 2061 3776 ι
2096 3725 2163 3778 τὸ
2215 3725 2442 3794 θέλημα
2489 3725 2596 3779 τοῦ
2641 3723 2992 3794 πέμψαντός
3056 3738 3133 3792 με
3171 3721 3422 3788 Πατρός.
3492 3719 3630 3782 Πῶς

2044 3841 2063 3874 ι
2105 3815 2196 3874 οὖν
2213 3819 2300 3874 διὰ
2326 3819 2426 3891 τὴν
2450 3821 2507 3872 ὲν
2539 3818 2711 3873 ἅπασι
2750 3816 3066 3888 συμφωνίαν
3093 3814 3185 3868 τὸν
3209 3814 3439 3884 Σωτῆρα
3464 3813 3629 3883 εἰρη-

2043 3931 2062 3962 ι
2100 3912 2255 3966 κέναι
2305 3910 2502 3983 φησὶν,
2549 3908 2690 3979 Ἐγὼ
2735 3908 2834 3962 καὶ
2875 3911 2908 3962 ό
2963 3906 3167 3974 Πατὴρ
3210 3905 3281 3959 ἐν
3341 3906 3570 3974 eam;
3603 3925 3622 3954 ν

2038 4004 2148 4059 Καὶ
2207 4004 2345 4074 μετὰ
2420 4002 2626 4074 βραχέα
2692 4000 2966 4069 ἐπιλέγει·
3033 4017 3052 4050 ι
3096 3998 3221 4062 Πῶς
3301 3996 3631 4068 συμφωνίαν

2046 4115 2064 4151 ι
2107 4095 2251 4166 ἔχειν
2275 4093 2412 4165 πρὸς
2443 4093 2535 4148 τὸν
2562 4093 2783 4163 Πατέρα
2806 4094 2834 4145 ό
2863 4090 2990 4154 Υἱὸς
3017 4089 3261 4153 δύναται,
3297 4087 3330 4159 ἦ
3366 4091 3394 4141 ό
3427 4088 3631 4157 Πατὴρ

2046 4208 2064 4239 ι
2108 4188 2244 4258 πρὸς
2267 4187 2357 4239 τὸν
2393 4185 2540 4250 Υίὸν,
2567 4184 2661 4238 τοῦ
2692 4184 2820 4237 Υίοῦ
2852 4183 3055 4237 Πάντα
3086 4182 3204 4236 ὅσα
3244 4184 3371 4251 ἔχει
3399 4185 3440 4236 ,ὁ
3497 4184 3630 4234 Ila-

2047 4297 2065 4330 ι
2100 4277 2230 4345 τὴρ,
2257 4275 2371 4346 ἐμά
2400 4275 2552 4338 ἐστι,
2607 4274 2878 4343 λέγοντος;
2901 4275 3194 4345 Ἀντικρυς
3236 4271 3346 4343 γὰρ
3398 4270 3630 4324 πλεονε-

2048 4389 2065 4420 s
2104 4367 2357 4431 κτοῦντος
2392 4362 2460 4438 ἦν
2488 4365 2584 4419 τοῦ
2613 4365 2745 4419 Υίοῦ
2789 4366 2881 4419 τὸν
2925 4365 3165 4436 Πατέρα,
3211 4363 3305 4417 τοῦ
3351 4364 3631 4432 λέγοντος,

369 4503 392 4542 ι
441 4482 688 4541 Voluisse
711 4491 948 4548 namque
973 4483 1178 4545 patrem
1207 4512 1220 4534 ,
1261 4479 1413 4539 patet
1441 4483 1508 4522 ex
1533 4481 1619 4531 eo,
1647 4464 1792 4534 quod
1825 4463 1927 4516 fac-

2049 4482 2065 4515 ι
2108 4461 2309 4516 Πάντα
2355 4460 2474 4514 ὅσα
2514 4458 2640 4530 ἔχει
2681 4461 2715 4513 ό
2767 4458 2972 4527 Πατὴρ
3011 4457 3124 4528 ἐμά
3167 4458 3321 4511 ἐστι.
3363 4477 3381 4508 ι
3418 4456 3632 4509 Τούτου

369 4595 390 4634 ι
439 4586 549 4630 tum
581 4574 681 4628 fuit
705 4571 832 4627 illud
872 4566 1016 4638 quod
1051 4563 1301 4620 volebat:
1330 4560 1446 4615 Non
1487 4557 1720 4612 voluisse
1749 4555 1940 4620 lilium,

481 4718 540 4776 »Β
577 4710 675 4765 Erl.
701 4709 904 4772 Parim,
934 4722 1056 4777 pag.
1087 4707 1175 4762 38.

367 4787 414 4819 “
449 4774 606 4841 Joau.
661 4799 719 4846 Χ,
769 4779 860 4835 50.
934 4774 982 4810 δ’
1011 4774 1225 4832 Matth.
1280 4789 1427 4838 xxvi,
1471 4774 1562 4828 59.

442 4975 558 5049 (40)
593 4973 750 5049 -Ἑτῖὼ
789 4974 859 5028 ἐκ
907 4971 1015 5049 τοῦ
1049 4969 1278 5049 Πατρός
1318 4967 1604 5047 ἐξῆλθον,
1640 4961 1739 5049 vitai
1793 4960 1938 5049 ﬁscos.

371 5032 485 5110 Hoc
518 5032 606 5101 ubi
655 5032 856 5100 dictum
889 5044 960 5098 sit
988 5057 1016 5095 a
1052 5032 1374 5110 Seriatore,
1397 5032 1606 5110 nescio;
1641 5032 1943 5110 Joanqsvlt,

371 5101 481 5187 ἐξ,
499 5117 716 5188 legitur,
757 5113 1022 5188 ἐξῆλθον
1054 5110 1214 5188 παρα
1242 5101 1762 5188 τοῦ-Πατρόςικαί
1798 5101 1941 5166 ἐλή-

375 5176 530 5244 λυὉα
554 5176 664 5254 “sic
703 5176 820 5240 'm’
854 5176 1108 5254 ’κόσμοιπ
1132 5176 1250 5254 :llle
1293 5178 1523 5254 μᾴρτυς
1574 5176 1949 5254 ᾀξιόπιστος,

381 5241 578 5328 Paulus
601 5241 706 5322 est,
732 5257 753 5311 l
786 5255 914 5328 Cor.
943 5241 1103 5328 πίει.
1131 5251 1200 5305 M.
1229 5241 1311 5328 τ’
1338 5241 1507 5328 Porro
1536 5246 1671 5326 μένῃ
1716 5259 1811 5312 pro
1849 5241 1948 5312 μὲν

376 5325 414 5404 ᾗ
448 5328 556 5404 Mp.
578 5345 594 5393 ;
617 5319 938 5404 ile-invulgo
1033 5323 1203 5404 Λόγον
1236 5319 1372 5404 Θεοῦ
1401 5319 1606 5404 ἑαυτοῇ
1628 5331 1751 5404 esp;

453 5382 593 5468 (4'1),
617 5397 772 5468 Ἐπεὶ
812 5382 1096 5468 ιδίας-Ῑηιο
1120 5382 1416 5468 legendum
1435 5429 1450 5451 ,
1492 5382 1818 5468 gestasset
1849 5382 1948 5453 τήν

383 5455 607 5540 [ὲτὶεὶέἰ
632 5467 718 5522 διά
747 5483 812 5520 ex
851 5465 1008 5519 codd.
1041 5455 1299 5584 reposuit:
1325 5467 1448 5511 nota
1474 5466 1555 5510 est
1592 5457 1704 5537 haec
1727 5455 1949 5506 Ariano-

388 5553 505 5584 rttm
547 5537 925 5584 internrelalio
968 5533 1217 5584 unitatis.
1304 5530 1436 5582 atris
1483 5538 1537 5580 et
1575 5526 1720 5584 Ftltl,
1760 5524 1825 5576 de
1855 5537 1949 5573 vo-

388 5524 505 5595 i-um
547 5537 925 5604 interpretatio
968 5524 1217 5595 unitatis,
1261 5524 1436 5606 Patris
1476 5538 1543 5606 et
1575 5526 1720 5606 Filii,
1760 5524 1949 5606 ἀεῖ-νιξ-

389 5591 595 5661 luntate
626 5591 731 5661 uois
767 5615 957 5660 natura
986 5613 1076 5656 aut
1101 5591 1338 5656 esséntia
1375 5596 1754 5661 accipientium
1796 5591 1946 5644 illud.

391 5675 505 5744 Ego
529 5686 576 5728 et
610 5674 771 5730 Pater
796 5689 956 5728 unum
982 5669 1368 5744 su_mus_(.loan.
1396 5683 1452 5744 Χ,
1486 5666 1598 5744 ζιθ),
1626 5667 1692 5744 τῇ
1723 5661 1950 5744 δευτέρᾳ

391 5734 688 5819 οίίςονομίᾳ,
718 5755 801 5803 est
836 5747 902 5815 τῇ
942 5745 999 5796 ὲν
1033 5734 1322 5813 δευτέροις,
1357 5739 1448 5794 sed
1484 5739 1621 5796 forte
1669 5734 1948 5803 legendum

1286 4705 1332 4736 ⁸⁸
1360 4703 1518 4759 Joan.
1545 4717 1656 4766 xvt,
1685 4700 1779 4765 27,
1813 4699 1904 4754 28.
1979 4697 2022 4730 ⁸³
2050 4697 2204 4758 Joau.
2237 4712 2348 4766 xw,
2383 4696 2475 4751 24.

2057 4573 2074 4604 ι
2107 4552 2218 4625 γὰρ
2243 4552 2402 4624 χάριν
2425 4553 2624 4624 παρεὶς
2656 4549 2740 4610 τό.
2769 4551 2998 4615 Πάντα,
3041 4551 3160 4604 ὅσα
3188 4550 3314 4618 ἔχει
3348 4551 3382 4602 ό
3421 4547 3634 4615 Πατὴρ

2579 4695 2626 4728 ⁸ο
2651 4693 2808 4755 Joan.
2848 4711 2961 4762 xvt,
3005 4695 3091 4751 l5.
3191 4695 3235 4726 ⁹¹
3275 4693 3499 4760 Joan.x,
3531 4693 3632 4748 38.

2045 4959 2150 5013 κᾶν
2185 4956 2258 5028 μὴ
2309 4959 2375 5026 τῇ
2405 4955 2662 5025 δευτέρᾳ,
2707 4962 2838 5014 etc.,
2877 4947 2996 5012 πῶς
3046 4946 3218 4999 ἐνίοτε
3271 4943 3393 4996 κατ’
3432 4942 3632 5025 αὐτὴν,

2047 5027 2375 5068 Μηιυηηέψην
2403 5023 2760 5068 ἀσυιιωωνίαν
2786 5021 2930 5068 ἔστιν
2963 5018 3112 5068 ἰδεῖνέ
3145 5015 3259 5068 νυιι
3294 5015 3545 5067 Asterius
3579 5030 3632 5065 Ill

2047 5018 2375 5098 φαινόμένην
2403 5018 2760 5096 ἀσυμφωνίαν
2786 5021 2930 5074 ἔστιν
2963 5018 3112 5081 ἱδεῖν;
3145 5018 3259 5096 vult
3294 5018 3545 5067 Asterius
3579 5018 3632 5065 in

2047 5098 2301 5152 omnibus
2325 5097 2524 5164 ubique
2554 5089 3197 5164 cupepwvtavvoluntatts
3220 5098 3494 5164 summam
3521 5098 3637 5164 _ap-

2050 5168 2340 5239 paruisse.‘
2362 5154 2473 5239 luto
2509 5181 2618 5239 non
2627 5154 2826 5239 'inqttit
2849 5159 3194 5239 “Marcellus.
3220 5154 3631 5239 Eratquzedam

2051 5224 2380 5308 ἓισυμφωνία
2399 5236 2452 5290 in
2480 5224 3086 5306 passione'ileclinanda,
3110 5224 3402 5280 voluntatis
3437 5237 3636 5291 nempe

2057 5312 2302 5348 humanm
2327 5346 2336 5348 _
2394 5321 2422 5348 9
2483 5304 2695 5348 divina-
2750 5301 3174 5348 conditionum.
3229 5297 3298 5348 ab
3353 5293 3632 5347 absoluta.

2057 5303 2340 5367 humanae,
2394 5321 2423 5358 a
2480 5303 2695 5366 divina,
2750 5303 3174 5359 conditionatze,
3229 5303 3298 5348 ab
3353 5303 3632 5347 absoluta.

2054 5377 2228 5434 Locus
2261 5385 2345 5431 est
2389 5373 2547 5429 Joan.
2579 5390 2636 5436 χ,
2666 5375 2758 5435 5η,
2801 5369 3260 5442 celebratissimus
3309 5378 3408 5431 per
3451 5374 3633 5442 certa-

2058 5430 2201 5500 mina
2231 5430 2636 5500 catholicorum
2666 5430 2910 5497 veterum
2960 5449 3015 5492 et
3063 5435 3452 5490 recentiorum.
3492 5430 3635 5485 Vide

2055 5518 2437 5571 doctissimum
2457 5514 2844 5568 Maldonatum.
2872 5507 3149 5563 M.——Deir.
3179 5505 3338 5572 vulgo
3361 5503 3458 5554 τὸν
3488 5501 3632 5553 Σωτ.

2054 5588 2157 5655 εξρ.
2189 5596 2242 5639 et
2287 5585 2488 5648 ὲθέλοι;
2539 5599 2702 5655 porro
2745 5580 2986 5655 Inss._i'g.
3033 5575 3170 5633 κατὰ
3204 5574 3266 5629 τὸ
3307 5573 3634 5646 φαινόμενον

2055 5651 2262 5728 ἀσυμφ.
2290 5673 2304 5722 ;
2337 5656 2494 5725 vulgo
2530 5651 2653 5711 dein
2680 5652 2826 5706 ἔστιν
2859 5651 3007 5705 ἰδεῖν.
