3836 6216
210 311 318 366 789

1323 315 1601 372 CONTRA
1640 315 2064 373 MARCELLUM
2105 316 2235 376 LIB.
2276 317 2340 373 ll.

3349 316 3450 372 ’79η

215 447 234 477 ς
268 426 441 480 κοινά
495 426 668 478 ἐστιν
730 424 926 488 εἰπεῖν,
991 425 1176 480 Πάντα
1227 426 1329 481 ὅσα
1375 427 1488 498 ἔχει
1523 431 1553 482 ὁ
1600 429 1790 501 Πατὴρ

1896 445 1916 479 ι
1960 429 2154 484 exinde
2179 429 2370 500 liquet.
2401 443 2465 484 ex
2496 443 2562 483 eo
2585 427 2728 497 quod
2757 423 3010 490 declinat,
3040 432 3095 480 et
3112 423 3453 495 deprecatur.

215 538 236 568 ‹
274 516 387 588 ὲμά
425 517 572 568 ἐστιν
625 513 750 584 ἔφη.
784 514 979 569 Καίτοι
1021 517 1123 570 οὑκ
1150 513 1220 588 ἦν
1264 518 1394 571 ἴδιον
1421 518 1514 572 τοῦ
1563 537 1788 590 συμφω-

215 627 235 656 ‹
267 604 487 667 νοῦντος
533 601 675 657 οὑτω
713 603 913 672 λέγειν,
949 605 1104 672 ἀλλά,
1140 624 1161 658 ι
1198 608 1403 660 Πάντα
1434 608 1552 662 ὅσα
1586 609 1711 676 ἔχει
1756 610 1790 662 ό

213 713 234 744 ι
272 691 496 761 Πατὴρ,
529 691 702 746 κοινά
722 691 908 748 ἐστιν.
933 713 952 748 s
979 695 1045 747 Ei
1069 695 1178 767 γάρ
1225 699 1282 750 al
1311 696 1420 752 τῶν
1458 698 1790 754 Ἀποστόλων

216 805 236 836 ί
275 786 535 858 Πράξεις,
560 786 660 855 τὴν
685 786 794 840 τῶν
829 786 1129 857 τηνικαῦτα
1154 789 1489 860 προσιόντων
1511 793 1576 862 τῇ
1612 792 1790 845 πίστει

216 895 235 926 ι
277 875 598 945 συμφωνίαν
620 873 960 939 ἑπαινοῦσᾶι,
1000 893 1020 926 ι
1058 876 1260 930 Πάντα
1288 873 1368 947 ἦν
1392 878 1596 944 αὐτοῖς
1620 879 1792 933 κοινὰ

216 985 236 1016 ι
278 966 508 1036 ἔφασαν,
543 968 639 1020 καὶ
668 966 1096 1035 ἐπ’ἀνθρώπων,
1132 968 1238 1021 τῶν
1268 971 1578 1039 συμφωνεῖν
1633 968 1791 1022 δυνα-

215 1078 235 1111 ι
281 1058 480 1129 μένων,
528 1059 684 1113 κοινά
738 1055 877 1114 εἶναι
924 1060 1102 1114 πάντα
1152 1060 1392 1132 νομίζειν
1448 1061 1788 1130 ὀφειλόντων,

215 1170 238 1202 ι
283 1150 395 1222 (42)
448 1152 599 1222 πόσῳ
633 1152 831 1222 μᾶλλον
857 1150 963 1206 ἔδει
995 1151 1086 1204 τὸν
1119 1151 1338 1222 Πατέρα
1368 1153 1461 1206 καὶ
1512 1151 1603 1206 τὸν
1664 1151 1790 1204 Υίὸν

215 1256 236 1289 ι
279 1239 564 1302 κοινωνίας
594 1239 862 1311 μετέχειν,
898 1239 977 1300 είς
1023 1237 1117 1290 δύο
1148 1239 1472 1303 ὑποστάσεις
1527 1237 1793 1311 διῃρημέ-

214 1346 236 1380 ι
278 1346 436 1395 νους;
463 1330 601 1382 Νυνὶ
620 1330 676 1382 δὲ
703 1331 762 1384 ὲν
790 1329 890 1400 μὲν
923 1328 1002 1401 τῷ
1027 1329 1224 1398 λέγειν,
1253 1329 1456 1384 Πάντα
1518 1329 1634 1385 ὅσα
1665 1329 1792 1398 ἔχει

215 1439 236 1471 ι
277 1423 314 1474 ὁ
341 1420 562 1490 Πατὴρ,
593 1420 707 1490 ἐμά
719 1421 874 1485 ἐστι,
900 1419 1236 1475 πλεονεκτῶν
1258 1422 1286 1473 6
1311 1421 1436 1484 Υἱὸς
1461 1420 1550 1476 τὸν
1576 1421 1792 1494 Πατέρα

215 1532 235 1561 ι
280 1512 558 1580 φαίνεται·
592 1514 651 1567 ὲν
679 1512 737 1565 δὲ
751 1510 830 1582 τῷ
862 1512 1111 1582 φάσκειν,
1143 1512 1278 1584 μηδὲ
1325 1510 1422 1566 τοῦ
1457 1512 1647 1567 ἑαυτοῦ
1691 1513 1793 1566 Λό-

215 1623 236 1654 ‹
271 1619 373 1671 γου
424 1603 629 1674 Κύριον
685 1599 850 1672 εἶναι,
881 1603 1018 1658 ἀλλά
1061 1605 1155 1658 καὶ
1186 1603 1378 1658 τούτου
1417 1605 1506 1658 τὸν
1550 1604 1789 1676 Πατέρα,

213 1713 235 1746 ι
281 1696 370 1767 (Ὁ
407 1697 515 1767 γὰρ
545 1697 736 1768 Λόγος
768 1697 841 1751 ὃν
885 1699 1152 1761 ἀκούετε,
1209 1699 1408 1769 φησὶν,
1450 1701 1563 1754 οὐκ
1623 1698 1793 1752 ἔστιν

1894 540 1914 572 ι
1961 521 2138 590 Atque
2168 522 2272 575 alia
2299 522 2436 586 vice,
2471 519 2594 574 Non
2616 535 2818 590 quaero,
2851 517 3050 586 inquit,
3073 532 3242 572 meam
3271 517 3454 571 uolun-

1895 629 1914 662 s
1961 622 2141 676 tatem,
2177 611 2269 668 sed
2331 609 2646 665 voluntatem
2701 607 2884 662 Patris
2938 607 3028 678 qui
3078 607 3222 661 misit
3273 622 3354 660 me
3382 605 3452 660 ⁹⁴.

1898 718 1917 751 ι
1959 700 2242 767 Quomodo
2300 700 2462 771 igitur
2516 709 2737 768 propter
2783 697 2927 754 illam
2994 696 3193 765 ubique
3245 703 3297 751 et
3358 709 3456 765 per

1896 809 1915 842 ι
1961 792 2143 846 omnia
2179 790 2589 846 consonantiam
2615 828 2630 854 ,
2682 787 3026 844 Servatorem
3057 785 3287 840 allirmat
3323 800 3454 855 pro-

1896 902 1914 935 ι
1971 883 2268 945 nuntiasse,
2304 881 2416 952 Ego
2449 890 2502 936 et
2531 880 2690 936 Pater
2717 894 2869 935 meus
2902 893 3065 940 unum
3097 878 3321 933 sumus?
3342 895 3360 928 ι
3393 875 3457 930 Et

1891 975 2076 1045 paucis
2115 973 2409 1042 interjeclis
2443 973 2520 1030 ait
2559 990 2572 1027 :
2627 971 2717 1044 [Β.
2747 967 2909 1042 LXV]
2947 987 2966 1023 ι
3002 968 3281 1036 Quomodo
3327 982 3454 1038 erga

1898 1084 1918 1118 ‹
1967 1065 2158 1120 Filium
2192 1064 2602 1120 consonantiam
2649 1062 2845 1118 habere
2892 1061 3053 1117 Pater
3105 1058 3323 1128 poterit,
3369 1060 3455 1116 vel

1897 1175 1918 1209 ‹
1965 1155 2133 1212 Filius
2163 1171 2288 1225 erga
2326 1155 2566 1218 Patrem,
2616 1169 2740 1210 cum
2788 1152 2986 1208 dixerit
3026 1151 3219 1218 Filius,
3263 1150 3456 1204 Omnia

1899 1268 1918 1301 ι
1964 1250 2059 1302 illa
2096 1264 2215 1319 quae
2249 1246 2413 1301 Pater
2448 1247 2623 1311 habet,
2646 1261 2759 1299 mea
2790 1244 2952 1298 sunt?
2977 1243 3072 1298 Est
3096 1243 3238 1298 enim
3263 1240 3453 1304 Filius,

1897 1363 1916 1395 ι
1962 1341 2050 1411 qui
2080 1341 2183 1396 hoc
2208 1341 2367 1395 modo
2414 1339 2677 1410 loquitur,
2721 1336 3081 1392 abundantior
3123 1350 3223 1390 suo
3270 1332 3453 1388 Patre.

1899 1455 1917 1486 ι
1965 1433 2159 1489 Omnia
2193 1448 2311 1502 qua:
2351 1431 2514 1485 Pater
2536 1430 2710 1496 habet,
2750 1443 2866 1482 mea
2899 1437 3042 1489 sunt,
3083 1425 3279 1496 inquit,
3335 1425 3458 1479 ideo

1898 1547 1917 1578 ι
1964 1541 2069 1581 non
2097 1531 2299 1588 autem,
2338 1522 2531 1579 Omnia
2561 1536 2680 1591 quae
2721 1518 2884 1575 Pater
2914 1518 3109 1583 habet,
3147 1516 3455 1572 communia

1898 1638 1916 1672 ι
1963 1626 2126 1682 sunt;
2155 1631 2278 1670 cum
2310 1615 2596 1670 dicendum
2622 1612 2697 1667 ita
2727 1620 2872 1666 esset
2905 1610 3003 1676 illi,
3033 1611 3125 1680 qui
3153 1624 3252 1678 per
3273 1608 3455 1664 omnia

1897 1730 1914 1762 ι
1959 1709 2180 1766 haberet
2205 1722 2327 1762 cum
2353 1721 2452 1762 suo
2488 1706 2648 1761 Patre
2708 1702 3114 1760 consonantiam
3145 1718 3161 1758 :
3191 1701 3457 1771 siquidem

215 1807 234 1838 ι
277 1786 440 1857 ἐμὸς,
473 1788 634 1842 ἀλλὰ
663 1788 772 1843 τοῦ
820 1789 1169 1858 πέμψαντός
1199 1806 1276 1860 με
1325 1790 1581 1858 Πατρός)
1630 1788 1790 1857 ἀφαι-

1898 1821 1916 1853 ε
1966 1803 2019 1856 in
2048 1800 2273 1856 Actibus
2301 1797 2642 1869 apostolicis,
2694 1795 2784 1850 ubi
2813 1810 2998 1851 eorum
3032 1793 3123 1863 qui
3175 1793 3243 1848 ad
3296 1792 3457 1848 ﬁdem

211 1895 235 1929 ι
280 1878 494 1949 ρεῖσθαι
520 1877 610 1930 τὸν
643 1876 863 1948 Πατέρα
889 1878 958 1932 τά
987 1877 1092 1931 ίδια
1126 1876 1219 1931 τοῦ
1254 1877 1439 1942 παιδὸς
1492 1878 1788 1944 δείκνυσιν.

213 1988 234 2020 ι
299 1969 566 2040 Ἐκάτερα
586 1969 643 2022 δὲ
682 1968 826 2023 κατὰ
861 1968 960 2041 τὴν
997 1969 1273 2040 Ἀστερίου
1301 1971 1474 2041 οἴησιν
1520 1971 1621 2023 οὐκ
1661 1970 1791 2023 ἀκο-

211 2076 234 2112 s
270 2058 477 2123 λοὺθως
506 2059 774 2131 εἰρημένα
798 2060 1065 2129 φαίνεται.
1107 2060 1253 2113 Ἔδει
1284 2059 1394 2131 γάρ
1446 2061 1537 2113 τὸν
1571 2077 1793 2130 συμφω-

212 2168 234 2201 s
275 2148 470 2204 νοῦντα
503 2152 577 2222 μὴ
607 2150 676 2204 τά
728 2150 900 2222 ἑτέρῳ
931 2150 1202 2222 προσόντα
1262 2151 1653 2222 παρασπᾶσθαι
1711 2151 1790 2205 δί-

214 2259 234 2292 s
281 2257 436 2302 καια,
466 2240 848 2295 πλεονεκτικὸν
879 2241 988 2312 γὰρ
1009 2240 1167 2295 τοῦτό
1195 2259 1281 2311 γε,
1313 2241 1450 2296 ἀλλά
1480 2241 1549 2296 τὰ
1598 2243 1789 2296 ἑκατέ-

211 2351 234 2384 ‹
281 2349 360 2404 ρῳ
381 2332 651 2402 προσόντα
673 2333 825 2386 κοινά
853 2330 990 2386 εἶναι
1024 2335 1282 2404 νομίζειν.
1315 2336 1498 2399 Ὥστε,
1534 2336 1660 2389 ὅταν
1691 2337 1790 2406 μὲν

213 2443 233 2476 ι
271 2427 356 2488 είς
409 2425 508 2498 τὴν
571 2425 920 2497 ἀνθρωπίνην
967 2425 1365 2498 ἀποδλέπωμεν
1424 2427 1644 2500 σάρκα,
1691 2429 1789 2499 οὑχ

211 2535 232 2568 ι
276 2516 467 2590 ὥσπερ
503 2518 778 2589 Ἀστέριος
809 2519 1105 2590 γέγραφεν,
1136 2517 1308 2584 οὕτως
1362 2520 1666 2593 εὑρήσομεν
1713 2523 1789 2575 εί-

211 2630 232 2663 s
266 2613 472 2683 ρηκότα
499 2611 593 2666 τὸν
629 2613 857 2682 Σωτῆρα
877 2629 892 2642 ·
949 2612 1090 2682 Ἐγὼ
1133 2613 1232 2666 καί
1261 2615 1295 2666 ό
1355 2613 1556 2682 Πατὴρ
1590 2613 1660 2668 ἐν
1684 2613 1788 2668 ἐσ-

211 2723 230 2754 ι
255 2722 376 2772 μεν
409 2722 424 2735 ·
468 2706 518 2757 εί
561 2705 672 2776 γὰρ
714 2705 862 2757 τοῦτ’
894 2699 982 2776 ἦν.
1019 2705 1237 2768 πάντως
1256 2706 1322 2761 ἂν
1348 2705 1450 2779 ἔφη
1470 2724 1483 2737 ·
1527 2705 1667 2775 Ἐγὼ
1693 2710 1786 2762 καὶ

214 2811 236 2845 s
270 2795 302 2847 6
333 2793 520 2866 Πατὴρ
575 2797 633 2847 ὲν
677 2795 849 2849 ἀπασι
909 2795 1044 2866 πρὸς
1072 2795 1330 2867 ἀλλήλους
1366 2797 1781 2869 συμφωνοῦμεν.

1897 1911 1917 1945 ι
1959 1901 2088 1948 tunc
2113 1892 2478 1956 accedebant,
2518 1890 2769 1944 laudatur
2815 1885 3208 1951 consonantia,
3265 1883 3457 1941 Omnia

1898 2007 1916 2040 ‹
1965 1986 2137 2042 fuisse
2161 1986 2292 2056 ipsis
2316 1983 2656 2048 communia,
2685 1982 2884 2037 dicitur
2909 1979 2956 2012 ’⁸
2990 1997 3005 2032 :
3038 1986 3093 2034 et
3125 1977 3306 2034 omnia
3335 1985 3461 2030 sunt

1896 2097 1914 2130 ι
1961 2077 2267 2133 communia
2317 2075 2674 2132 existimanda
2717 2073 2858 2128 inter
2885 2086 2978 2128 eos
3024 2070 3118 2142 qui
3155 2082 3456 2126 consonan-

1897 2189 1916 2222 ε
1965 2169 2093 2225 tiam
2131 2168 2272 2223 inter
2308 2167 2558 2223 homines
2592 2164 2990 2237 amplectuntur
3020 2181 3034 2219 :
3061 2169 3260 2232 quanto
3289 2160 3460 2228 magis

1895 2278 1913 2311 ι
1960 2274 2059 2330 par
2103 2258 2236 2327 fuit,
2290 2261 2507 2315 Patrem
2570 2269 2733 2328 atque
2781 2257 2972 2312 Filium
3019 2253 3456 2312 communionem

1895 2375 1914 2408 ι
1956 2354 2234 2424 amplecti,
2285 2355 2374 2423 qui
2408 2355 2459 2409 in
2490 2353 2628 2408 duas
2659 2354 2978 2424 hypostases
3031 2343 3456 2402 dividebantur?

1893 2466 1912 2500 ι
1963 2457 2015 2501 at
2051 2461 2192 2500 nunc
2227 2443 2400 2500 Filius
2440 2458 2600 2513 quam
2649 2441 2813 2496 Pater
2855 2441 2974 2511 plus
3001 2439 3203 2494 habere
3225 2436 3456 2498 videtur,

1894 2560 1912 2591 ι
1961 2554 2082 2594 cum
2112 2537 2363 2603 afﬁrmet,
2417 2535 2612 2592 Omnia
2645 2551 2761 2605 quis
2791 2533 2954 2588 Pater
2989 2533 3140 2586 habet
3172 2546 3285 2585 mea
3313 2538 3454 2583 sunt.

1892 2652 1910 2685 ‹
1961 2633 2014 2686 In
2047 2646 2113 2688 eo
2149 2641 2327 2686 autem
2358 2630 2501 2699 quod
2555 2629 2724 2690 dicit.
2769 2627 3003 2682 Verbum
3053 2639 3157 2679 non
3213 2636 3332 2678 esse
3374 2623 3457 2676 sui

1891 2746 1909 2776 ι
1960 2724 2270 2788 Dominum,
2308 2723 2401 2777 sed
2434 2721 2604 2791 ipsius
2632 2719 2872 2783 Patrem,
2905 2719 3110 2787 (sermo
3139 2715 3272 2770 enim
3308 2729 3459 2783 quem

1891 2837 1908 2867 ι
1955 2816 2176 2882 auditis,
2207 2815 2401 2886 inquit,
2438 2831 2541 2868 non
2568 2823 2643 2868 est
2675 2828 2840 2876 meus,
2871 2809 2959 2864 sed
2999 2809 3172 2864 Patris
3203 2809 3290 2878 qui
3317 2808 3462 2860 misi:

211 2904 232 2936 ι
273 2886 413 2940 Νυνὶ
437 2885 518 2952 δὲ,
555 2887 696 2957 Ἐγὼ
726 2889 823 2941 καὶ
877 2890 909 2941 ό
938 2887 1141 2958 Πατὴρ
1164 2888 1234 2942 ἓν
1273 2889 1480 2958 ἐσμεν,
1530 2889 1656 2960 ἔφη.
1709 2891 1782 2944 οὐ

1896 2928 1908 2959 ι
1954 2926 2035 2962 me
2061 2908 2117 2979 :)
2148 2885 2455 2964 ostenditur
2482 2906 2694 2961 Patrem
2721 2921 2748 2958 a
2785 2903 2920 2958 Filio
2945 2901 3159 2957 auferre
3181 2901 3345 2956 etiam
3373 2899 3461 2952 illa

212 2997 232 3030 ι
276 2980 390 3051 γὰρ
409 2980 498 3034 διά
525 2980 624 3052 τὴν
651 2983 707 3034 ὲν
732 2981 933 3034 ἅπασιν
958 2981 1132 3050 λόγοις
1160 2999 1221 3034 τε
1281 2984 1376 3037 καὶ
1406 2983 1586 3054 ἔργοις
1627 2985 1785 3056 ἀκρι-

213 3093 231 3123 ‹
277 3073 346 3145 ϐῆ
373 3073 714 3145 συμφωνίαν,
751 3073 827 3137 ὠς
854 3075 1015 3138 αὐτὸς
1039 3074 1334 3146 γέγραφεν,
1362 3078 1390 3129 ό
1420 3077 1611 3148 Σωτὴρ
1639 3076 1784 3148 εἴρη-

1891 3013 1909 3045 σ
1955 3010 2077 3064 qua:
2108 2994 2324 3065 propria
2359 3004 2504 3048 sunt.
2564 2993 2822 3048 Neutrum
2867 2994 3128 3056 istorum,
3160 3005 3226 3044 ex
3262 2980 3460 3045 Asterii

1893 3105 1912 3137 ι
1959 3086 2251 3150 sententia,
2310 3095 2457 3140 recte
2503 3086 2719 3139 dicitur.
2789 3083 2895 3138 Par
2940 3091 2997 3138 et
3051 3097 3264 3152 aequum
3313 3082 3460 3136 enim

211 3184 232 3215 s
277 3182 396 3228 κεν,
427 3163 539 3234 ἐγὼ
567 3165 659 3218 καὶ
702 3168 731 3219 6
776 3166 967 3238 Πατὴρ
1007 3166 1066 3222 ἓν
1103 3169 1290 3238 ἔσμεν.
1370 3167 1577 3222 Οὐκοῦν
1622 3170 1672 3222 εἰ
1726 3171 1786 3222 ὲν

1896 3199 1914 3229 ι
1962 3179 2139 3232 fuerat
2179 3187 2568 3231 consonantem
2603 3177 2838 3244 aliquem
2861 3215 2879 3240 ,
2921 3174 3067 3230 nullo
3101 3174 3260 3229 modo
3289 3173 3354 3227 ad
3401 3187 3462 3228 se

213 3275 234 3306 ε
278 3255 507 3320 ἐκείνοις
530 3258 857 3329 ἀσυμφωνία
885 3276 968 3322 τις
993 3254 1083 3330 ἦν,
1119 3259 1328 3330 ἀνάγκη
1370 3260 1426 3313 δὲ
1453 3260 1544 3315 τὸν
1593 3261 1788 3315 δεσπό-

213 3368 235 3400 ‹
283 3367 385 3421 την
409 3350 712 3421 ἀληθεύειν,
757 3351 848 3405 τὸν
877 3352 1108 3424 Σωτῆρα
1133 3352 1375 3424 ἀκριϐῶς
1397 3352 1593 3406 εἰδέναι
1619 3370 1788 3426 προσ-

216 3457 236 3491 s
273 3441 422 3509 ήκει,
454 3442 555 3506 ὅτι,
604 3441 767 3511 ἡνίκα
792 3441 859 3496 ἂν
899 3440 1040 3512 Ἐγὼ
1067 3441 1163 3496 καὶ
1196 3445 1228 3496 ό
1263 3443 1465 3511 Πατὴρ
1492 3443 1789 3513 ἕνέσμεν,

215 3551 235 3584 ι
276 3533 433 3606 λέγῃ,
467 3533 768 3605 τηνικαῦτα
800 3534 902 3588 οὑκ
934 3536 1014 3593 εἰς
1038 3533 1128 3588 τὸν
1154 3533 1437 3604 ἄνθρωπον
1475 3535 1532 3588 ὃν
1578 3535 1792 3608 ἀνείλη-

1895 3287 1914 3320 ι
1961 3270 2198 3335 trahere,
2239 3283 2360 3337 quae
2383 3269 2450 3323 de
2476 3268 2598 3338 jure
2629 3267 2790 3322 alteri
2833 3266 3233 3338 competebant,
3282 3263 3460 3319 avari-

1895 3381 1912 3414 ι
1967 3362 2094 3416 tiam
2126 3362 2326 3433 quippe
2363 3361 2463 3415 hoc
2485 3360 2725 3424 denotat,
2761 3360 2851 3414 sed
2889 3374 3006 3427 qua;
3037 3357 3229 3413 utrivis
3265 3373 3460 3427 suppe-

1895 3473 1913 3506 ι
1963 3453 2168 3517 tebant,
2197 3452 2285 3507 illa
2312 3467 2430 3508 esse
2444 3451 2753 3506 communia
2777 3450 3052 3505 arbitrari.
3079 3451 3228 3505 Adeo
3258 3458 3316 3504 ut
3337 3465 3462 3505 cum

1895 3563 1915 3595 ι
1963 3527 2250 3599 humanam
2283 3557 2498 3598 carnem
2525 3542 2987 3606 intueamur,.non
3010 3541 3460 3610 quemadmodum

213 3643 236 3677 ι
279 3641 379 3710 φεν
431 3626 759 3680 ἀποϐλέπων
809 3625 971 3680 τοῦτό
1000 3643 1185 3698 φησιν,
1215 3627 1331 3680 ἀλλ’
1358 3629 1438 3691 είς
1461 3628 1552 3682 τὸν
1586 3629 1650 3681 ὲκ
1695 3627 1790 3681 τοῦ

1897 3651 1916 3683 ι
1963 3634 2206 3688 Asterius
2240 3632 2480 3703 scripsit,
2523 3633 2800 3688 Dominum
2825 3633 3060 3686 locutum
3102 3632 3461 3694 inveniamus,

215 3735 235 3767 ι
280 3717 494 3789 Πατρὸς
517 3717 848 3789 προελθόντα
876 3717 1067 3786 Λόγον.
1102 3719 1164 3771 Εί
1197 3719 1304 3790 γάρ
1335 3737 1419 3783 τις
1468 3719 1790 3791 ἀσυμφωνία

1899 3743 1917 3774 ι
1969 3724 2078 3794 Ego
2101 3732 2152 3778 et
2180 3722 2345 3777 Pater
2377 3741 2520 3777 meus
2560 3740 2717 3777 unum
2740 3739 2919 3776 sumus
2943 3738 2963 3787 ;
2989 3723 3034 3776 si
3061 3722 3207 3778 enim
3234 3722 3284 3777 id
3312 3723 3461 3778 vole-

217 3828 236 3860 ι
280 3804 423 3862 εἶναι
449 3809 654 3880 δοκοίη,
681 3808 819 3881 αὕτη
855 3809 1224 3882 ἀναφέρεσθαι
1257 3813 1337 3874 εἰς
1383 3809 1480 3882 τὴν
1527 3811 1626 3882 τῆς
1669 3828 1795 3880 σαρ-

217 3918 236 3948 ‹
282 3897 378 3963 κδς
402 3899 688 3954 ἀσθένειαν
719 3901 942 3970 ὀφείλει,
975 3902 1040 3974 ἣν
1065 3903 1140 3975 μὴ
1171 3902 1432 3974 πρότερον
1487 3901 1624 3973 ἔχων
1654 3902 1795 3956 ἀνεί-

219 4009 241 4040 ι
280 3990 449 4062 ληφεν
480 3991 510 4044 6
542 3993 812 4061 Λόγος.Εί
833 3992 889 4045 δὲ
918 3992 1106 4064 ἑνότης
1137 3994 1346 4062 λέγοιτο
1367 3993 1530 4066 αὕτη,
1565 3993 1645 4064 τῷ
1690 3994 1794 4048 Λό-

218 4104 236 4133 σ
272 4099 354 4154 γῳ
394 4083 724 4156 διαφέρουσα
749 4085 1019 4155 φαίνεται.
1051 4085 1292 4140 Ὅθενοὺ
1331 4087 1490 4156 μόνον
1525 4087 1608 4151 τὸ,
1648 4085 1795 4156 Ἐγὼ

217 4193 238 4226 ι
275 4174 376 4228 καὶ
403 4177 436 4229 ό
464 4175 667 4245 Πατὴρ
702 4177 772 4231 ἐν
789 4177 994 4247 ἐσμεν,
1034 4177 1260 4241 εἰκότως
1284 4178 1411 4249 ἔφη,
1439 4178 1573 4232 ἀλλά
1607 4180 1796 4232 κάκεῖ-

218 4284 238 4316 s
283 4283 365 4328 vo,
398 4268 670 4335 Τοσούτῳ
688 4270 884 4337 χρόνῳ
897 4269 1025 4338 μεθ’
1045 4268 1212 4339 ὑμῶν
1235 4272 1370 4338 ειμι,
1395 4272 1672 4334 Φίλιππε,
1697 4269 1795 4323 καὶ

218 4373 238 4405 ι
280 4356 497 4426 λέγεις,
513 4357 723 4422 Δεῐξόν
737 4377 840 4428 μοι
869 4361 976 4414 τὸν
997 4360 1247 4430 Πατέρα.
1273 4361 1462 4431 Δῆλον,
1485 4364 1567 4416 ὅτι
1588 4363 1649 4416 οὑ
1674 4359 1796 4414 τού-

221 4465 238 4496 ι
273 4463 389 4510 τοις
419 4451 531 4512 τοῖς
558 4449 884 4520 ὀφθαλμοῖς,
917 4450 1052 4505 ἀλλά
1092 4455 1204 4516 τοῖς
1242 4455 1454 4524 νοητοῖς
1505 4452 1574 4508 τὰ
1628 4459 1794 4526 ναητά

1898 3836 1916 3868 ‹
1964 3816 2076 3882 bal,
2109 3816 2333 3870 omnino
2358 3817 2586 3879 diceret,
2635 3815 2745 3886 Ego
2789 3823 2843 3870 et
2889 3813 3052 3870 Pater
3100 3814 3155 3869 in
3211 3815 3464 3869 omnibus

1897 3929 1916 3961 ι
1968 3910 2112 3964 inter
2145 3924 2242 3964 nos
2291 3908 2664 3979 conspiramus
2694 3923 2708 3962 :
2741 3917 2796 3963 at
2844 3924 2986 3963 nunc
3027 3908 3200 3975 dixit,
3252 3907 3365 3979 Ego
3412 3918 3461 3960 et

1899 4021 1916 4052 ι
1972 3999 2136 4055 Pater
2176 4017 2339 4055 unum
2383 4017 2580 4055 sumus.
2635 4000 2801 4070 Igitur
2847 4000 2893 4056 si
2959 3999 3138 4069 aliqua
3178 4001 3320 4054 inter
3371 4014 3465 4055 eos

1898 4113 1916 4145 ι
1964 4095 2260 4150 exstitisset
2300 4093 2749 4156 inconsonantia,
2801 4102 2857 4147 et
2907 4091 3022 4148 ﬁeri
3089 4100 3348 4162 nequeat,
3405 4101 3466 4145 ut

1900 4207 1918 4238 ι
1969 4187 2228 4241 Dominus
2271 4187 2616 4253 mentiretur,
2647 4197 2800 4240 certe
2826 4193 2910 4240 est
2941 4199 3162 4240 necesse
3192 4185 3465 4254 intelliga-

1900 4296 1918 4328 ι
1972 4293 2092 4332 mus
2120 4277 2487 4341 Servatorem,
2541 4293 2663 4331 cum
2712 4279 2934 4344 diceret,
2976 4283 3036 4341 ᾗ
3077 4276 3190 4348 Ego
3218 4288 3265 4331 et
3308 4275 3468 4330 Palu

1901 4389 1919 4420 ι
1966 4387 2128 4424 unum
2156 4387 2359 4434 sumus,
2388 4370 2491 4424 hoc
2522 4386 2628 4425 non
2653 4370 2852 4424 dixisse
2879 4384 2947 4422 ex
2991 4369 3182 4423 intuitu
3205 4368 3462 4430 hominis,

1827 4495 1870 4550 ο
1905 4478 1924 4512 ι
1971 4477 2130 4529 quem
2158 4461 2484 4530 assumpsit,
2521 4462 2612 4516 sed
2642 4460 2803 4516 Verbi
2847 4476 2877 4515 e
2923 4459 3084 4514 Patre
3127 4459 3460 4528 prodeuntis.

222 4561 240 4593 ι
278 4544 414 4614 όρᾷν
437 4543 773 4616 δυναμένοις.
814 4547 1068 4617 ’Λόρατος
1127 4546 1235 4618 γάρ
1287 4550 1399 4610 τοῖς
1445 4547 1545 4619 τῆς
1593 4551 1790 4623 σαρκὸς

1904 4573 1922 4605 ι
1970 4553 2104 4608 Nam
2132 4553 2176 4608 si
2210 4554 2388 4624 aliqua
2435 4552 2760 4623 deprehendi
2809 4551 3217 4606 inconsonantia
3261 4559 3462 4619 posset,

220 4653 238 4683 ο
277 4634 520 4703 ὄμμασιν
548 4636 576 4688 ὃ
594 4653 656 4689 τε
686 4637 875 4709 Πατὴρ
904 4639 1156 4712 ὑπάρχει,
1191 4641 1283 4693 καὶ
1307 4645 1336 4694 6
1377 4641 1570 4694 τούτου
1597 4642 1788 4711 Λόγος.

1903 4665 1922 4698 ι
1973 4646 2130 4700 debet
2165 4646 2253 4700 illa
2288 4646 2478 4700 referri
2507 4647 2722 4715 quidem
2748 4645 2813 4698 ad
2857 4644 3041 4700 carnis
3067 4644 3463 4710 inﬁrmitatem,

220 4743 238 4773 ι
274 4724 350 4777 Οὑ
373 4724 466 4778 διὰ
492 4725 591 4798 τὴν
618 4729 677 4781 ὲν
711 4728 914 4782 ἅπασιν
965 4726 1058 4783 οὖν
1107 4731 1425 4801 συμφωνίαν
1482 4732 1636 4786 τοῦτ’
1685 4733 1789 4804 ἔφη

1903 4754 1922 4786 ι
1967 4750 2128 4801 quam
2167 4750 2288 4789 cum
2325 4735 2473 4804 prius
2505 4749 2606 4788 non
2636 4733 2903 4800 haberet,
2937 4733 3176 4802 suscepit
3203 4731 3462 4786 Verbum.

221 4837 239 4866 ι
276 4815 412 4886 πρὸς
443 4816 726 4872 Φίλιππον.
769 4838 788 4871 s
820 4819 1068 4875 Τοσαῦτα
1116 4820 1306 4886 εἰπὼν,
1338 4823 1692 4876 ὲπαναλαὸὼν
1731 4823 1790 4889 ἐξ

1903 4845 1921 4878 ι
1968 4826 2120 4894 Quod
2164 4828 2209 4882 si
2257 4828 2437 4881 unitas
2492 4827 2606 4881 haec
2637 4825 2870 4890 dicatur,
2935 4836 3082 4879 certe
3121 4827 3338 4879 videtur
3397 4826 3465 4881 ad

216 4907 474 4978 ὑπαρχῆς
516 4908 610 4961 τὸν
651 4908 810 4978 λόγον
836 4952 851 4973 ,
905 4911 1092 4966 τοῦτον
1144 4913 1458 4984 δογματίζει
1524 4915 1616 4969 τὸν
1669 4917 1790 4986 τρό-

1901 4932 1918 4963 σ
1984 4913 2214 4968 Verbum
2243 4929 2365 4968 esse
2389 4914 2692 4968 referenda.
2723 4913 2874 4969 Unde
2907 4929 3012 4968 non
3058 4917 3199 4970 istud
3231 4924 3463 4979 tantum,

216 5015 318 5050 πον
338 5015 352 5027 ·
384 5017 404 5049 ι
437 4999 550 5070 Πρὸ
570 5000 678 5071 γὰρ
704 5001 806 5071 τῆς
839 5001 1197 5076 δημιουργίας
1231 5005 1450 5077 ἀπάσης
1479 5007 1676 5078 ἡσυχία
1709 5024 1790 5073 τις

1900 5024 1920 5056 ο
1973 5004 2082 5075 Ego
2109 5015 2160 5059 et
2187 5003 2354 5060 Pater
2380 5022 2540 5058 unum
2565 5021 2746 5059 sumus
2765 5047 2780 5069 ,
2826 5007 3022 5061 merito
3049 5007 3254 5061 dictum
3285 5017 3370 5061 est
3396 5008 3465 5061 ab

221 5108 240 5138 ι
279 5085 369 5158 ἦν,
401 5091 477 5154 ὡς
501 5091 668 5156 εἰκὸς,
695 5092 847 5156 ὄντος
877 5093 988 5164 (45)
1029 5097 1086 5148 ὲν
1123 5095 1201 5166 τῷ
1241 5095 1359 5167 Θεῴ
1388 5096 1481 5149 τοῦ
1510 5098 1703 5168 Λόγου.
1730 5100 1790 5152 Ei

1901 5115 1921 5148 ι
1976 5097 2087 5163 ἰΙΙο,
2115 5099 2209 5151 sed
2237 5097 2380 5152 aliud
2413 5098 2633 5168 insuper
2669 5115 2682 5150 :
2713 5097 2880 5151 Tanto
2928 5110 3153 5168 tempore
3189 5098 3266 5168 [ui
3297 5099 3466 5152 vobis-

221 5199 242 5231 ι
275 5181 386 5251 γὰρ
443 5183 674 5256 ποιητὴν
701 5184 958 5238 ἁπάντων
985 5185 1076 5239 τὸν
1108 5185 1240 5240 Θεὸν
1267 5189 1296 5241 6
1325 5188 1597 5259 Ἀστέριος
1628 5189 1790 5242 πεπί-

1902 5207 1921 5239 ‹
1971 5203 2112 5255 cum,
2159 5186 2422 5258 Philippe,
2443 5199 2490 5243 et
2512 5200 2568 5242 tu
2595 5190 2756 5243 dicis:
2783 5190 3011 5247 Ostende
3032 5192 3159 5246 mihi
3177 5193 3464 5252 Patrem".
3491 5263 3493 5265 ι

297 5349 356 5406 »Β
402 5342 499 5398 Ed.
530 5343 729 5412 Paris.,
765 5363 890 5419 pag.
916 5348 1008 5404 39.
1088 5350 1134 5382 ’δ
1157 5349 1316 5406 Joan.
1340 5366 1395 5413 ν.
1427 5352 1514 5406 50.
1591 5354 1640 5386 "
1658 5355 1778 5409 Act.

1903 5355 2104 5422 hiziv,
2145 5353 2234 5407 52.
2313 5354 2359 5386 ⁸⁸
2393 5353 2548 5409 Joan.
2589 5354 2757 5416 xnv,9.

254 5525 405 5610 JH)
445 5526 712 5608 Πομίζειν
737 5533 1119 5610 όφειλόντοξν.
1145 5535 1406 5610 ζοφείλει.
1429 5537 1636 5610 statim,
1657 5538 1790 5610 forte

1906 5538 2242 5610 intermediis
2268 5553 2386 5610 quae
2412 5539 2566 5592 codd.
2595 5541 2742 5610 dant.

216 5597 319 5680 τῆς
346 5597 518 5680 αὐτῇς
561 5597 1108 5680 κοινωνίαςηοιιιρτῆς
1145 5597 1266 5680 ἴσης
1297 5623 1352 5660 κ.
1379 5606 1566 5680 μκκᾶν
1593 5597 1673 5680 είς
1702 5609 1790 5680 δύο

1977 5609 2088 5680 (4⁸5)
2107 5597 2298 5680 Vulgo.
2312 5608 2461 5680 ὄντος
2494 5621 2613 5676 post
2642 5609 2824 5680 ΛόγουΔ
2843 5619 2896 5662 et
2929 5609 3049 5662 dein
3084 5603 3221 5680 εἶναι
3256 5609 3337 5680 δτι
3372 5612 3468 5666 καὶ

351 5665 400 5745 δε
419 5665 490 5750 Μ)
515 5699 581 5750 τ-
598 5669 768 5750 supra
804 5672 960 5741 vulgo
984 5665 1281 5750 ἐπαινοῦσα
1301 5665 1522 5750 etini'ra
1546 5665 1680 5750 vovi,
1693 5679 1790 5748 μὲν

1904 5665 2152 5750 συνομολ.
2182 5665 2245 5748 ἡῖν
2269 5665 2510 5742 αὐτός’ρί
2541 5680 2716 5733 πάντα
2732 5665 3010 5743 ’ἐνἀὐτοῖς
3035 5678 3138 5734 ὑπὸ
3167 5679 3322 5734 θεοῦ.

223 5735 288 5788 ὲν
327 5735 404 5805 τῷ
429 5747 484 5792 et
519 5735 984 5812 anoﬂémpev'et
1013 5744 1072 5796 ἓν
1103 5745 1268 5814 ἐσμεν
1291 5760 1302 5772 ·
1333 5747 1381 5797 εἰ
1432 5748 1540 5818 γάρ
1578 5735 1804 5804 omissis

1657 5967 1687 6005 τ
