3836 6216
429 282 524 342 791

1128 289 1396 344 EUSEBII
1434 289 1907 346 CAESARIENSIS
1944 290 2092 346 OPP.
2134 289 2316 346 PARS
2354 289 2444 345 IV.
2484 290 2983 347 —DOGMATICA.

3568 291 3679 345 79‘}.

433 421 452 452 ι
500 402 762 458 Nimirum
799 418 903 457 non
933 403 1048 458 istis
1083 414 1290 458 tantum
1317 405 1509 469 oculis,
1536 407 1627 459 sed
1661 406 1984 461 intellectua-

2099 421 2117 452 ι
2160 421 2384 458 στευκεν
2419 401 2556 458 εἶναι
2576 447 2591 471 ,
2629 404 2785 475 δῆλον
2814 403 2895 456 ὅτι
2925 403 3342 476 συνομολογήσει
3373 403 3505 474 ἡμῖν
3583 403 3681 453 καὶ

432 516 451 546 ι
511 497 669 561 libus,
701 497 1053 566 i-ntelligibilia
1110 498 1200 564 qui
1266 512 1493 550 cernere
1550 506 1797 566 possunt.
1851 498 1984 553 Nam

434 607 452 636 ι
497 590 772 655 corporeis
797 588 968 642 oculis
997 587 1286 642 invisibilis
1331 599 1421 641 est
1459 596 1514 641 et
1551 588 1708 642 I’ater
1736 599 1790 643 et
1816 589 1988 644 Patris

433 700 450 727 ι
501 680 753 736 Verbum.
795 678 909 733 Non
959 681 1125 749 igitur
1165 682 1230 734 ad
1268 681 1410 735 hunc
1458 683 1674 734 modum
1723 680 1988 734 allocutus

429 791 445 820 ι
491 780 574 823 est
601 770 923 840 Philippum,
973 781 1194 841 propter
1245 771 1390 825 illam
1445 771 1496 824 in
1531 772 1758 841 singulis
1793 787 1987 825 conso-

429 885 445 913 ι
497 865 756 918 nantiam.
797 883 814 915 ι
875 865 1166 934 Postquam
1215 873 1322 917 tam
1369 863 1550 918 multis
1602 865 1718 919 haec
1756 865 1986 927 dixerat,

423 943 816 1026 resumpto-ab
864 957 1016 1010 initio
1077 971 1323 1012 sermone
1357 995 1372 1021 ,
1427 956 1493 1012 ad
1558 957 1701 1011 hunc
1771 956 1985 1010 modum

425 1049 796 1114 dugmatizat:
837 1047 926 1120 [Β.
971 1047 1107 1103 XCII
1139 1048 1265 1104 coll.
1331 1063 1386 1118 p.
1462 1047 1567 1102 104
1601 1046 1685 1114 Ι),
1737 1047 1838 1102 106
1883 1047 1984 1119 8.]

429 1139 612 1193 «Ante
682 1154 894 1193 omnem
970 1155 1152 1194 rerum
1215 1139 1626 1208 productionem
1689 1151 1844 1203 erat,
1929 1149 1990 1193 ut

430 1246 448 1275 σ
494 1243 592 1295 par
618 1239 698 1282 est
729 1230 972 1293 credere,
1027 1232 1183 1298 quies
1235 1231 1286 1283 in
1331 1229 1461 1294 Deo,
1499 1231 1798 1285 exsiSIente
1849 1231 1988 1299 apud

431 1337 448 1363 ‹
496 1332 616 1370 eum
653 1319 797 1372 intus
830 1319 1022 1373 Verbo.
1069 1319 1203 1373 Nam
1234 1322 1276 1374 si
1309 1321 1551 1374 omnium
1585 1335 1764 1374 rerum
1799 1322 1987 1375 condi-

431 1429 449 1458 ‹
497 1420 662 1464 torem
703 1425 822 1466 esse
850 1409 1016 1466 Deum
1049 1413 1293 1468 Asterius
1335 1413 1507 1468 credit
1547 1414 1641 1483 (id
1693 1414 1833 1482 quod
1875 1415 1990 1483 ipse

431 1519 446 1547 ι
499 1501 774 1555 nobiscum
800 1518 905 1556 una
935 1503 1318 1558 conﬁtebitur:
1349 1505 1516 1558 Deum
1550 1502 1805 1558 nimirum
1849 1519 1991 1559 sem-

431 1613 446 1639 ‹
495 1607 588 1660 per
610 1593 964 1647 exsistentem
991 1595 1203 1649 initium
1233 1611 1343 1650 sua:
1365 1597 1666 1652 existentiaa
1692 1611 1796 1650 non
1833 1597 1990 1651 sorti-

430 1704 446 1730 .
495 1694 604 1733 tum
655 1701 666 1736 :
709 1693 905 1739 caatera
959 1686 1175 1754 quidem
1231 1689 1409 1741 omnia
1467 1689 1534 1743 ab
1582 1689 1673 1743 illo
1729 1690 1988 1758 producta

2095 516 2112 546 ι
2154 497 2316 561 αὐτός
2339 513 2353 527 ο
2381 497 2472 549 τὸν
2505 497 2603 567 μὲν
2643 497 2729 549 ἀεὶ
2767 495 3049 564 ὑπάρχειν,
3081 495 3212 565 μηδὲ
3246 495 3467 547 πώποτε
3534 489 3678 545 εἶναι

2093 608 2110 638 ι
2137 590 2313 660 ἀρχὴν
2346 589 2578 642 λαϐόντα
2603 605 2615 618 ’
2650 589 2716 641 τὰ
2749 589 2805 641 δὲ
2839 587 3192 658 γεγεννῆσθαί
3232 604 3293 639 τε
3343 586 3434 638 ὑπ’
3475 583 3676 641 αὑτοῦ,

2094 701 2111 732 ι
2152 683 2248 735 καὶ
2279 682 2338 746 ἐξ
2362 683 2461 735 ούκ
2486 682 2655 735 ὅντων
2702 679 3077 749 γεγεννῆσθαι.
3125 679 3200 731 Οὐ
3227 679 3334 749 γὰρ
3363 673 3519 747 οἶμαι
3585 678 3678 728 καὶ

2093 792 2111 823 ι
2151 773 2307 826 τοῦτο
2330 773 2603 826 πιστεύειν
2634 773 2794 825 αὑτὸν
2819 771 2898 842 τῷ
2944 771 3152 839 λέγοντι
3207 767 3343 822 εἷναί
3389 785 3517 821 τινα
3585 769 3680 818 καὶ

2093 883 2112 916 ι
2153 865 2421 935 ἀγέννητα
2445 881 2459 895 ο
2492 863 2628 918 ἀλλά
2664 863 2904 934 ἀκριϐῶς
2943 861 3263 925 πεπεῖσθαι,
3297 862 3383 914 ὃτι
3435 860 3678 930 οὐρανός

2093 977 2111 1008 ι
2151 974 2209 1009 τε
2243 958 2337 1010 καὶ
2370 958 2439 1026 γῆ
2469 957 2563 1010 καὶ
2592 955 2766 1009 πάντα
2811 953 2879 1006 τὰ
2911 954 2969 1005 ἐν
2999 953 3244 1024 οὐρανοῖς
3286 951 3382 1005 καὶ
3426 951 3522 1003 ἐπὶ
3572 949 3679 1017 γῆς

2094 1065 2112 1096 ι
2148 1046 2276 1099 ὄντα
2320 1047 2424 1099 ὑπὸ
2468 1046 2602 1099 Θεοῦ
2657 1044 3000 1114 γεγέννηται.
3034 1043 3097 1096 Et
3162 1042 3340 1094 τοίνυν
3378 1041 3543 1093 τοῦτο
3583 1056 3677 1090 πι-

2094 1156 2112 1188 ι
2161 1137 2360 1201 στεύοι,
2398 1137 2610 1208 ἀνάγκη
2658 1136 2820 1188 αὑτὸν
2863 1136 3082 1188 κάκεῖνο
3137 1134 3547 1203 συνομολογεῖν,
3593 1132 3678 1182 ὅτι

2095 1247 2112 1278 ι
2156 1227 2293 1298 πλὴν
2314 1227 2447 1280 Θεοῦ
2481 1227 2630 1280 οὐδὲν
2651 1227 2834 1296 ἕτερον
2879 1222 2964 1296 ἦν.
3005 1222 3164 1296 Εἷχεν
3192 1221 3284 1278 οὖν
3320 1226 3419 1295 τὴν
3461 1223 3678 1275 οἰκείαν

2096 1339 2114 1370 ι
2158 1321 2316 1386 δόξαν
2346 1323 2374 1372 ὀ
2407 1320 2595 1388 Λόγος,
2631 1321 2705 1373 ὢν
2732 1321 2789 1372 ἐν
2816 1318 2895 1389 τῷ
2931 1319 3125 1389 Πατρί.
3166 1337 3186 1370 ι
3235 1318 3346 1370 Καὶ
3390 1314 3572 1368 ταῦτα
3608 1316 3676 1365 εί-

2089 1410 2238 1475 πὼν,
2295 1412 2488 1480 ἐπάγει
2545 1411 2660 1480 μεθ’
2724 1412 2886 1481 ἔτερα
2915 1428 2926 1440 ·
2991 1428 3010 1461 ι
3040 1412 3150 1481 Τὴν
3193 1410 3436 1463 δοθεῖσαν
3517 1405 3680 1474 αὐτῷ

2097 1520 2115 1551 ι
2152 1500 2399 1567 ἐξουσίαν
2438 1501 2710 1571 Ἀστέριος
2736 1501 2892 1567 δόξαν
2925 1499 3213 1569 ὀνομάζει·
3261 1497 3355 1549 καὶ
3407 1495 3466 1547 ού
3510 1494 3680 1557 δόξαν

2095 1611 2112 1642 ι
2159 1592 2337 1662 μόνον,
2391 1591 2526 1644 ἀλλά
2589 1593 2682 1644 καὶ
2716 1594 3046 1662 προκόσμιον
3087 1590 3263 1656 δόξαν,
3290 1591 3388 1641 οὑκ
3431 1587 3639 1638 ἐννοῶν
3663 1627 3678 1646 ,

2095 1703 2114 1735 ι
2150 1686 2252 1747 ὅτι,
2287 1686 2452 1755 μήπω
2485 1683 2579 1737 τοῦ
2610 1684 2816 1755 κόσμου
2849 1685 3150 1752 γεγονότος,
3186 1682 3337 1734 οῦδὲν
3383 1681 3578 1749 ἓτερον
3609 1675 3681 1748 ἦν

430 1794 446 1822 ι
497 1774 680 1839 fuisse,
719 1787 773 1829 et
799 1777 1016 1845 quidem
1047 1779 1302 1845 producta
1331 1782 1394 1833 de
1427 1781 1616 1836 nihilo.
1638 1779 1822 1851 Neque
1844 1784 1984 1836 enim

2098 1795 2114 1827 ι
2161 1777 2300 1850 πλὴν
2343 1778 2479 1829 Θεοῦ
2545 1777 2726 1848 μόνου.
2769 1798 2786 1828 ι
2827 1778 2990 1830 Ταῦτ’
3032 1773 3201 1829 εἰπὼν
3241 1775 3270 1826 ό
3321 1773 3677 1840 Μάρκελλος,

429 1884 446 1914 ι
497 1868 679 1930 credo,
729 1877 781 1922 et
832 1869 958 1923 illud
1017 1869 1359 1938 professurus
1413 1881 1516 1937 est,
1573 1889 1693 1929 esse
1739 1876 1984 1943 quzedam

429 1975 445 2002 ι
497 1957 756 2025 ingenita,
807 1973 907 2012 nec
963 1959 1173 2013 dicturo
1230 1961 1535 2016 crediturus
1578 1981 1592 2016 :
1639 1956 1744 2017 sed
1788 1965 1987 2018 habere

429 2063 446 2092 ι
496 2047 988 2112 persuasissimum,
1021 2049 1243 2114 coelum,
1270 2059 1497 2116 terram,
1533 2063 1588 2106 et
1617 2054 1800 2108 omnia
1834 2055 1886 2108 in
1919 2055 1986 2110 iis

429 2154 447 2184 ι
493 2150 522 2187 a
567 2137 676 2190 Deo
722 2138 888 2193 luisse
932 2139 1223 2210 producta)
1250 2141 1293 2194 si
1323 2143 1544 2205 credat,
1577 2143 1817 2218 inquam,
1860 2145 1986 2210 ista,

427 2245 447 2275 ε
495 2241 716 2282 necesse
744 2239 829 2283 est
857 2238 916 2284 ut
945 2230 1073 2285 illud
1107 2233 1267 2286 simul
1292 2234 1635 2298 confiteatur,
1668 2235 1800 2289 nihil
1837 2252 1989 2306 pror-

429 2338 445 2368 ι
493 2333 586 2374 sus
627 2320 773 2374 aliud
815 2332 1007 2390 praater
1053 2323 1219 2377 Deum
1274 2326 1572 2379 exstitisse.
1637 2325 1811 2382 Habet
1858 2343 1988 2397 ergo

428 2428 444 2457 ι
497 2411 758 2478 privatam
803 2428 955 2467 suam
999 2415 1286 2483 quamdam
1317 2415 1624 2482 Opinionem
1659 2432 1838 2472 sermo
1865 2417 1985 2481 iste,

429 2519 446 2550 ι
495 2502 765 2558 exsistens
794 2505 845 2558 in
878 2503 1038 2560 Patre
1073 2521 1191 2560 suo.
1219 2525 1237 2558 ι
1275 2506 1396 2560 llazc
1440 2515 1724 2576 postquam
1757 2509 1985 2575 dixerat,

421 2593 686 2649 subinlert
733 2597 912 2651 statim
945 2595 1036 2668 [Β.
1064 2596 1245 2667 XCIII]
1277 2617 1290 2652 :
1322 2617 1342 2650 ι
1371 2600 1693 2654 Concessam
1735 2601 1808 2654 illi
1840 2611 1989 2670 pote-

427 2703 444 2732 ιι
493 2694 710 2751 statem,
754 2687 982 2758 gloriam
1013 2689 1261 2744 Asterius
1286 2693 1621 2758 nominavit;
1671 2709 1770 2750 nec
1793 2696 1990 2750 solum-

427 2795 444 2826 ι
486 2778 645 2832 modo
683 2779 930 2849 gloriam,
986 2783 1080 2837 sed
1132 2794 1187 2838 et
1228 2786 1682 2842 antemundanam
1714 2789 1986 2859 gloriam:

425 2887 444 2918 ι
497 2885 600 2923 non
633 2871 1088 2940 animadvertens,
1115 2883 1240 2928 ante
1259 2878 1512 2930 mundum
1532 2879 1830 2945 conditum,
1859 2895 1992 2948 prae-

425 2976 444 3008 ι
494 2968 576 3014 ter
605 2977 769 3015 unum
803 2963 974 3016 solum
1006 2963 1172 3018 Deum
1210 2967 1485 3021 exstitisse
1524 2970 1744 3023 omnino
1775 2971 1928 3024 nihil.
1967 2991 1986 3024 ι

2087 1869 2182 1922 καὶ
2219 1868 2311 1922 τὸν
2367 1869 2494 1921 Υίὸν
2544 1868 2610 1922 δι’
2666 1869 2842 1923 αὐτῶν
2893 1867 3374 1939 ἀπαρακαλύπτως
3429 1866 3682 1935 ἀρνησά-

2090 1976 2247 2029 μενος
2270 1999 2284 2023 ,
2319 1959 2406 2010 ἵνα
2454 1961 2600 2029 ἡμᾶς
2632 1959 2872 2030 ἀκριϐῶς
2921 1960 3083 2030 πείσῃ
3105 2000 3119 2022 ,
3176 1960 3355 2010 ὁποῖον
3392 1951 3532 2008 εἶναι
3585 1956 3680 2007 τὸν

2087 2050 2257 2119 Λόγον
2289 2050 2383 2103 τοῦ
2421 2051 2555 2103 Θεοῦ
2605 2052 2840 2122 ἐφρόνει,
2881 2051 3209 2121 σαφέστερον
3268 2049 3521 2118 ἐμφαίνει
3576 2048 3681 2114 τὴν

2085 2142 2341 2204 διάνοιαν,
2382 2141 2459 2212 τῷ
2497 2143 2748 2213 ἡμετέρῳ
2805 2143 2949 2212 λόγῳ
3002 2140 3319 2204 ἀπεικάζων
3360 2139 3522 2192 αὑτὸν
3553 2179 3569 2201 ,
3608 2138 3677 2190 δι’

2086 2225 2161 2287 ὧν
2225 2233 2395 2287 ταῦτα
2462 2234 2700 2305 γράφει·
2780 2252 2799 2285 ι
2845 2234 3057 2304 ’Ὠσπερ
3122 2232 3230 2304 γὰρ
3287 2231 3355 2284 τὰ
3407 2231 3683 2298 γεγονότα

2095 2344 2114 2375 ι
2152 2325 2327 2380 πάντα
2381 2326 2486 2380 ὑπὸ
2535 2326 2630 2380 τοῦ
2661 2327 2874 2397 Πατρὸς
2913 2326 3001 2379 διὰ
3033 2324 3125 2378 τοῦ
3172 2325 3347 2391 Λόγου
3399 2323 3678 2392 σημαίνε-

2095 2435 2113 2467 ι
2152 2434 2240 2471 ται
2259 2418 2391 2487 (44).
2442 2418 2540 2470 Διὰ
2588 2418 2746 2470 τοῦτο
2783 2418 2892 2489 γὰρ
2935 2419 3071 2471 καὶό
3101 2414 3396 2484 ἀγιώτατος
3427 2414 3682 2481 Μωῦσῆς

2097 2528 2113 2560 ι
2151 2509 2380 2578 ἄγγελον
2404 2509 2636 2564 ἐνταῦθα
2673 2507 2928 2579 ὀνομάζει
2951 2509 3040 2562 τὸν
3092 2511 3281 2578 Λόγον,
3307 2509 3389 2560 ὅτι
3422 2506 3488 2559 δι’
3515 2506 3684 2558 οὐδὲν

2095 2617 2113 2649 ι
2151 2599 2339 2670 ἕτερον
2391 2600 2585 2670 ἐφάνη,
2643 2600 2757 2654 ἀλλ’
2802 2601 2888 2653 ἵνα
2940 2599 3236 2672 ἀναγγείλῃ
3270 2597 3348 2668 τῷ
3392 2599 3631 2652 Μωῦσεῑ
3664 2639 3680 2660 ,

2099 2706 2116 2737 ι
2157 2687 2331 2742 ταῦτα
2353 2689 2496 2759 ἆπερ
2529 2689 2824 2744 λυσιτελεῖν
2850 2693 2960 2752 τοῖς
2987 2691 3121 2752 υἱοῖς
3137 2688 3354 2759 Ἰσραὴλ
3376 2688 3681 2755 ἠπίστατο·

2097 2799 2115 2831 ι
2157 2781 2424 2849 ὴπίστατο
2484 2781 2540 2834 δὲ
2582 2781 2874 2834 λυσιτελεῖν
2928 2782 3022 2834 ἕνα
3057 2782 3188 2834 Θεὸν
3227 2776 3364 2834 εἶναι
3404 2779 3680 2848 νομίζειν.

2098 2890 2116 2922 ι
2157 2872 2247 2925 Διὸ
2308 2873 2402 2925 καὶ
2462 2875 2600 2943 πρὸς
2634 2873 2815 2936 αὐτὸν,
2864 2874 3004 2944 Ἐγώ
3048 2876 3154 2942 εἰμι
3191 2876 3224 2926 ὁ
3271 2870 3375 2934 ὢν,
3417 2871 3551 2939 ἔφη,
3593 2871 3684 2922 ἵνα

2097 2983 2115 3012 ε
2158 2963 2360 3033 μηδένα
2415 2965 2572 3028 ἐκτὸς
2609 2964 2802 3018 ἐαυτοῦ
2850 2964 3033 3035 ἓτερον
3082 2965 3214 3016 Θεὸν
3251 2960 3390 3018 εἶναι
3459 2961 3680 3034 διδάξῃ.

417 3046 542 3103 Ilaec
573 3049 864 3107 Marcellus
895 3055 981 3108 ubi
1012 3055 1249 3120 dixerat,
1303 3068 1355 3110 et
1408 3060 1528 3114 sine
1563 3059 1673 3115 ullo
1726 3073 1984 3130 praetextu

2100 3071 2116 3102 ι
2155 3053 2324 3107 Τοῦτο
2355 3055 2556 3125 ῥᾴδιον,
2587 3051 2759 3125 οἶμαι,
2795 3058 2906 3118 τοῖς
2930 3054 3281 3124 εύφρονοῦσι,
3305 3055 3400 3108 καί⁹
3435 3054 3550 3107 ἀπὸ
3584 3073 3680 3125 μιυ

419 3156 516 3207 per
549 3141 635 3194 illa
662 3143 856 3197 Filium
889 3145 1268 3216 abnegaverat,
1301 3159 1358 3200 ut
1390 3150 1543 3204 nobis
1582 3152 1831 3206 redderet
1865 3169 1988 3222 per-

419 3231 819 3301 suasissimum,
845 3235 1130 3304 qualenam
1170 3239 1262 3292 Dei
1301 3237 1530 3294 Verbum
1574 3241 1984 3312 imaginaretur,

417 3326 653 3372 mentem
673 3334 837 3374 suam
876 3323 1046 3392 aperit
1080 3325 1369 3382 dilucidius
1427 3330 1600 3383 adhuc
1627 3369 1641 3394 ,
1693 3341 1748 3386 et
1798 3344 1986 3390 nostro

415 3411 581 3466 verbo
609 3413 874 3469 assimilat
916 3418 1256 3486 peremnia,
1298 3419 1350 3474 in
1387 3421 1453 3473 iis
1485 3438 1605 3490 quae
1643 3425 1712 3476 ita
1757 3426 1980 3480 scribit:

417 3501 504 3572 [ιι.
543 3503 634 3556 LV
663 3505 785 3559 coll.
815 3522 867 3575 p.
901 3508 968 3562 79
1001 3506 1061 3571 Β,
1092 3508 1193 3562 114
1233 3507 1298 3573 D,
1335 3510 1438 3563 125
1464 3510 1547 3581 Β]
1575 3531 1593 3563 ι
1622 3511 1812 3568 Oninia
1861 3516 1982 3584 qui-

420 3614 440 3647 σ
485 3596 604 3652 dem
635 3615 754 3668 quae
782 3599 920 3655 facta
965 3611 1111 3664 sunt,
1141 3601 1514 3671 intelliguntur
1559 3620 1588 3658 a
1635 3604 1790 3662 Patre
1841 3607 1982 3662 facta

419 3706 438 3737 ι
481 3703 600 3744 esse
630 3707 726 3760 per
765 3691 1018 3749 Verbum.
1049 3695 1312 3765 Quocirca
1342 3707 1396 3751 et
1426 3699 1800 3754 sanctissimus
1836 3699 1984 3769 Moy-

419 3797 438 3829 ‹
486 3795 593 3846 ses,
625 3783 870 3852 angelum
901 3785 1133 3855 appellat
1159 3787 1260 3842 hoc
1292 3788 1345 3841 in
1397 3790 1517 3844 loco
1553 3789 1812 3854 Verbum,
1862 3807 1982 3858 pro-

420 3888 438 3920 ι
485 3882 666 3938 pterea
700 3876 840 3942 quod
866 3891 970 3929 non
995 3879 1063 3930 ob
1092 3877 1253 3931 aliam
1273 3893 1493 3933 causam
1527 3883 1794 3950 apparuit,
1820 3871 1978 3950 quam

419 3979 439 4011 ι
486 3970 540 4013 ιιι
574 3962 739 4032 Moysi
768 3968 1106 4022 renuntiaret
1153 3969 1239 4023 illa
1271 3986 1390 4039 quae
1433 3975 1734 4026 conducere
1773 3973 1981 4028 sciebat

419 4071 438 4100 ι
487 4053 609 4108 ﬁliis
656 4053 838 4111 Israel.
891 4059 1112 4116 Sciebat
1138 4073 1321 4118 autem
1371 4065 1498 4118 illud
1545 4068 1868 4130 conducere,
1923 4079 1980 4122 ut

418 4164 436 4194 ι
484 4137 769 4202 crederent
811 4166 974 4204 unum
1007 4154 1181 4207 solmn
1228 4155 1392 4208 Deum
1427 4172 1566 4211 esse.
1619 4163 1675 4220 ᾗ(
1713 4158 1976 4224 Quocirca

417 4256 437 4285 ι·
481 4246 538 4292 et
577 4238 866 4308 alloquitur
920 4243 1090 4308 illum,
1142 4245 1253 4314 Ego
1300 4249 1532 4317 suntqui
1571 4266 1684 4301 sum
1710 4250 1753 4281 ’7
1780 4267 1792 4302 :
1824 4260 1882 4305 ut
1909 4253 1976 4306 ab

412 4349 437 4384 ι
483 4331 595 4398 ipso
624 4347 744 4385 cum
773 4335 1132 4401 recesserint,
1181 4337 1380 4390 nullum
1420 4353 1538 4393 esse
1589 4339 1756 4392 Deum
1811 4341 1973 4394 alium

2099 3165 2115 3195 ι
2157 3145 2290 3216 κροῦ
2321 3163 2464 3209 τινος
2493 3149 2587 3201 καὶ
2618 3147 2869 3202 ταπεινοῦ
2905 3146 3025 3200 καθ’
3056 3149 3199 3218 ἡμᾶς
3227 3145 3681 3217 παραδείγματος

2098 3256 2116 3287 ι
2151 3237 2352 3305 γνῶναι
2392 3239 2525 3309 (45).
2563 3240 2695 3293 Οὐδὲ
2736 3240 2841 3312 γὰρ
2890 3241 2978 3293 τὸν
3016 3239 3108 3293 τοῦ
3171 3238 3458 3310 ἀνθρώπου
3514 3239 3684 3304 λόγον

2097 3348 2114 3379 ι
2154 3329 2378 3399 δυνάμει
2419 3331 2512 3382 καὶ
2539 3330 2830 3382 ὑποστάσει
2863 3329 3092 3400 χωρίσαι
3123 3331 3230 3382 τινὶ
3275 3329 3521 3382 δυνατόν.
3581 3331 3684 3381 Ἕν

2096 3438 2114 3470 ι
2151 3421 2260 3492 γάρ
2286 3423 2402 3474 ἐστι
2437 3422 2529 3474 καὶ
2555 3423 2749 3474 ταύτὸν
2779 3421 2857 3491 τῷ
2879 3421 3150 3493 ἀνθρώπῳ
3170 3423 3197 3473 ό
3214 3420 3390 3489 λόγος,
3417 3423 3514 3473 καὶ
3547 3422 3681 3474 οὑδ-

2095 3533 2114 3565 ι
2148 3514 2226 3566 ενὶ
2274 3512 2640 3586 χωριζόμενος
2695 3515 2866 3586 ἑτέρῳ
2913 3515 2945 3585 ἢ
2990 3515 3124 3586 μόνῃ
3156 3518 3220 3585 τῇ
3281 3515 3380 3584 τῆς
3413 3514 3683 3586 πράξεως

2094 3626 2112 3659 ι
2150 3607 2468 3679 ἐνεργείᾳ.»
2531 3607 2642 3659 Καὶ
2694 3604 3133 3674 ἐπιδαψιλεύεται
3172 3605 3252 3657 ἐτι
3317 3603 3518 3674 μᾶλλον
3576 3604 3681 3674 τὴν

2087 3696 2250 3750 αὑτοῦ
2275 3696 2510 3749 διάνοιαν
2550 3695 2850 3765 ἐμφαίνων,
2890 3693 2956 3746 δι’
2988 3687 3061 3747 ὧν
3107 3693 3230 3762 ἑξῆς
3283 3694 3409 3746 τάδε
3464 3695 3676 3764 φησίν·

2093 3803 2110 3836 ι
2151 3784 2227 3836 Ού
2259 3784 2366 3854 γὰρ
2390 3783 2454 3852 δὴ
2485 3783 2676 3854 ἐτέρας
2734 3781 3054 3853 ὀνομασίας,
3082 3779 3192 3836 οἷον
3227 3783 3361 3853 ῦλης
3412 3783 3444 3854 ἦ
3490 3785 3676 3852 mm;

2092 3895 2110 3928 ι
2144 3877 2288 3940 τινὸς
2329 3876 2679 3947 ἀνθρωπίνης
2715 3875 2896 3946 (46),ὀ
2935 3877 3066 3940 Θεὸς
3115 3877 3282 3930 ἐδεῖτο
3313 3877 3450 3947 πρὸς
3494 3895 3682 3932 κατα-

2092 3987 2110 4019 ι
2150 3969 2369 4039 σκευὴν,
2404 3968 2538 4022 ἀλλὰ
2569 3968 2771 4039 ταύτης
2797 3968 2895 4038 τῆς
2926 3971 2984 4021 ἐν
3006 3972 3070 4040 τῇ
3107 3969 3270 4023 αὑτοῦ
3303 3969 3514 4040 διανοίᾳ
3530 3973 3682 4024 ἐτοι-

2091 4079 2108 4110 ι
2150 4059 2368 4130 μασίας.
2411 4060 2561 4114 Ἐπεὶ
2579 4055 2671 4113 οὖν
2695 4059 2952 4113 ἀδύνατον
2979 4056 3045 4130 ἧν
3071 4061 3236 4132 χωρὶς
3269 4061 3427 4128 λόγου
3452 4063 3550 4113 καὶ
3569 4063 3679 4133 τῆς

2087 4171 2106 4203 ι
2152 4152 2457 4224 προσούσης
2502 4152 2578 4222 τῷ
2634 4152 2774 4224 λόγῳ
2825 4153 3015 4221 σοφίας
3071 4154 3320 4223 ἐννοῆσαι
3374 4156 3502 4224 περὶ
3572 4158 3677 4227 τῆς

2089 4265 2106 4296 ι
2152 4246 2245 4298 τοῦ
2285 4245 2518 4317 ούρανοῦ
2549 4247 2891 4316 κατασκευῆς
2921 4247 3013 4299 τὸν
3047 4247 3200 4311 Θεὸν,
3247 4247 3471 4310 εἰκότως
3523 4248 3633 4318 ἔφη
3657 4268 3674 4281 ο

2088 4355 2105 4386 ι
2149 4336 2347 4390 Ἡνίκα
2387 4334 2656 4404 ἡτοίμαζε
2686 4335 2791 4387 τὸν
2815 4333 3090 4400 auguror,
3124 4333 3541 4402 συμπαρήμην
3563 4337 3679 4387 (ιὺ-

413 4438 434 4472 ι
482 4423 897 4478 arbitrarentur.
943 4424 1186 4480 Proclive
1229 4439 1314 4482 est
1357 4441 1537 4482 autem
1581 4431 1724 4484 iStud
1762 4434 1975 4485 cuicun-

2093 4446 2104 4475 ι
2150 4424 2248 4490 τῷ.
2289 4445 2306 4476 ι
2339 4425 2448 4477 Καὶ
2483 4424 2831 4495 προστίθησιν
2862 4420 3014 4486 αὖθις
3041 4423 3300 4494 ἐξομοιῶν
3325 4423 3404 4492 τῷ
3447 4424 3675 4495 ἀνθρωο

413 4531 435 4564 ι
473 4527 577 4581 que
607 4517 875 4582 prudenti,
925 4519 1270 4585 utiarbitror,
1301 4521 1618 4591 intelligere,
1641 4523 1708 4576 ab
1727 4526 1976 4592 exemplo

2093 4519 2212 4587 τίνῳ
2266 4517 2407 4587 λόγῳ
2449 4517 2538 4571 τὸν
2590 4516 2680 4569 τοῦ
2728 4515 2882 4579 Θεοῦ,
2931 4519 3008 4579 εἰς
3057 4516 3118 4568 τὸ
3159 4515 3326 4579 δεῖξαι
3348 4516 3513 4567 αὐτὸν
3569 4519 3672 4568 ἁν-

413 4623 432 4655 ι
477 4607 708 4674 quodam
741 4610 935 4678 exiguo
982 4620 1034 4664 et
1086 4612 1221 4665 satis
1270 4613 1454 4666 humili
1494 4616 1750 4669 humano.
1793 4617 1976 4685 Neque

2093 4610 2394 4662 ιπόστατον.
2414 4609 2618 4680 Γράφει
2645 4609 2700 4662 δὲ
2735 4609 2904 4672 οὕτως
2932 4626 2945 4638 ο
2986 4627 3004 4656 ι
3057 4608 3320 4661 Ἐνταῦθα
3381 4607 3496 4677 ἐγώ
3543 4612 3668 4676 εἰμι

412 4716 430 4747 ι
477 4699 621 4752 enim
641 4701 896 4768 possibile
915 4711 1018 4767 est,
1036 4703 1360 4771 cuicunque,
1385 4706 1603 4758 verbum
1623 4707 1874 4772 hominis,
1893 4709 1975 4762 vel

2093 4721 2096 4751 l
2132 4699 2290 4766 όῶν,
2343 4699 2490 4767 λέγει
2534 4700 2631 4769 μὲν
2665 4699 2741 4769 τῷ
2783 4701 3007 4757 Μωῦσεῖ
3038 4701 3066 4751 ὁ
3117 4701 3324 4770 Πατήρ.
3358 4700 3524 4766 Λέγει
3581 4700 3662 4762 δὲ,

411 4810 429 4839 ι
475 4791 732 4858 potentia,
763 4791 831 4845 ab
864 4794 1138 4863 bypostasi
1170 4811 1442 4864 separare.
1473 4795 1645 4850 Unum
1673 4808 1754 4852 est
1776 4800 1974 4853 etenim

2093 4811 2097 4843 ι
2135 4790 2381 4861 δηλονότι
2406 4789 2491 4842 διὰ
2515 4789 2608 4842 τοῦ
2637 4791 2830 4858 Λόγου.
2854 4790 3038 4842 Πάντα
3069 4789 3178 4859 γὰρ
3206 4789 3304 4840 ὃσα
3331 4788 3395 4840 ἂν
3418 4790 3446 4840 ὁ
3470 4789 3669 4860 Πατὴρ

411 4899 430 4931 ι
472 4891 634 4951 atque
674 4883 813 4937 idem
844 4899 965 4939 cum
998 4887 1214 4940 homine
1258 4889 1478 4941 verbum
1518 4897 1837 4956 suum;‘nec
1866 4893 1973 4946 ullo

2093 4904 2100 4934 ι
2142 4883 2298 4954 λέγῃ,
2344 4883 2516 4936 ταῦτα
2574 4883 2848 4953 πανταχοῦ
2893 4882 2980 4935 διὰ
3004 4882 3097 4936 τοῦ
3141 4882 3312 4949 Λόγου
3333 4880 3506 4947 λέγων
3537 4883 3670 4949 φαί-

410 4991 428 5020 ι
469 4983 623 5039 pacto
650 4974 807 5026 aliter
827 4979 1203 5044 separandum,
1227 4992 1398 5047 'quam
1432 4981 1542 5034 sola
1565 4982 1755 5047 agendi
1779 4997 1972 5050 opera-

2093 4997 2101 5026 ι
2139 4994 2305 5029 νεται.
2335 4975 2503 5028 Τοῦτο
2534 4976 2589 5028 δέ
2611 4976 2766 5045 δῆλόν
2800 4977 2913 5027 ἐστι
2936 4975 3028 5028 καὶ
3051 4975 3142 5043 ἀφ’
3170 4974 3325 5044 ἡμῶν
3350 4973 3532 5025 αὐτῶν
3563 4974 3666 5024 ὅσα

410 5081 427 5112 ι
474 5063 847 5135 tione.)Magis
859 5069 1034 5121 adhuc
1059 5069 1276 5138 prodige
1296 5087 1447 5124 suam
1467 5081 1696 5124 mentem
1717 5073 1971 5133 insinuat,

2093 5089 2104 5124 ι
2145 5069 2315 5140 μικρὰ
2349 5071 2460 5131 τοῖς
2507 5068 2761 5138 μεγάλοις
2799 5069 2892 5121 καὶ
2943 5067 3107 5130 θείοις
3168 5066 3487 5120 ἀπεικάσαι.
3550 5068 3665 5118 Καὶ

514 5231 571 5289 >3
610 5224 708 5279 Ed.
739 5225 940 5291 Paris,
971 5243 1092 5296 pug.
1122 5227 1208 5281 40.
1319 5230 1361 5259 9⁷
1390 5229 1558 5281 Exod.
1597 5245 1680 5294 ιιι,
1713 5230 1801 5282 M.

2079 5365 2299 5421 verbum
2335 5367 2401 5418 ab
2431 5364 2649 5417 homine
2679 5375 2833 5417 suum
2866 5373 3140 5428 separare.
3170 5365 3228 5410 ut
3260 5355 3527 5428 subsistat
3571 5370 3663 5428 se:

478 5365 715 5442 (Multa
740 5365 844 5442 ςςῦ
873 5367 1083 5442 Λόγου.
1102 5367 1472 5442 anguli/ferat.
1498 5369 1679 5442 Deest,
1711 5371 1972 5442 γεγεννῆ-
2079 5365 2299 5421 verbum
2335 5367 2416 5442 ab
2431 5365 2657 5442 homine
2679 5375 2838 5442 suum_
2866 5373 3140 5442 separare.
3170 5365 3540 5442 ut'subsis‘lal-
3571 5370 3659 5442 se:

2074 5447 2338 5502 paratum.
2371 5434 2530 5487 M.—
2568 5433 2698 5487 Dein
2754 5432 2910 5499 vulgo
2953 5428 3172 5496 ἐπιδαψ.
3214 5429 3334 5482 sine
3358 5428 3453 5478 καί
3488 5435 3548 5479 ct
3588 5428 3639 5476 δι

407 5432 546 5489 σθαι.
585 5436 865 5499 Ἐνταῦθα,
899 5432 1229 5490 referebatur
1259 5439 1325 5491 ad
1370 5440 1539 5491 locum
1570 5432 1803 5508 aliquem
1831 5432 1977 5493 Scri-

406 5509 892 5584 ltttll’iﬁzﬂlIClII-Ill
947 5509 1028 5584 bis
1074 5508 1197 5584 suis
1226 5509 1497 5584 excerptis
1538 5506 1757 5584 reticuit
1805 5509 1974 5564 Euse-

2093 5506 2517 5584 κέρτομα--
2747 5573 2758 5584 .
2863 5569 2955 5584 ,η
3094 5568 3104 5584 .

405 5564 746 5650 iliustdllg—
775 5576 890 5650 Mox
929 5564 1425 5650 Vttlgoxa‘raytdijr.
1451 5578 1830 5650 ειγὰναγγέλῃ.
1893 5649 1896 5650 ν
1940 5649 1943 5650 ν

2300 5576 2371 5650 “II
2401 5573 2596 5650 ᾅλλης
2642 5573 2802 5650 τινός
2844 5568 3236 5650 εξνθρωςξίιηῖς.
3262 5565 3446 5650 ¹Βιξιξει
3472 5564 3656 5650 aliqua

481 5642 590 5718 (ιβ)
631 5645 822 5718 smn...
860 5647 990 5713 lege,
1021 5635 1139 5697 δεδι
1172 5635 1399 5716 γὰρ’τοῠ
1441 5635 1726 5718 ἀνθρώτὲοὐ
1760 5635 1850 5700 τόν
1891 5649 1976 5699 λό-

2093 5635 2176 5697 rex
2205 5635 2484 5697 fulcienda:
2507 5635 2815 5718 sententiae.
3041 5639 3172 5691 Dein
3184 5635 3346 5718 vulgo
3393 5635 3533 5704 πρὸς
3557 5635 3654 5705 τὴν

409 5725 502 5785 γον
527 5711 766 5781 δυνάμει,
877 5706 966 5768 καὶ
998 5706 1287 5770 bno-11am":
1323 5739 1371 5788 χ.
1406 5706 1733 5787 Ιιιιιιυέδῑιήιι)
1764 5729 1866 5786 est,
1903 5721 1971 5773 ita

2093 5731 2300 5767 ιατασκ.
2330 5726 2381 5767 ct
2413 5711 2790 5782 προσηκούσης
2815 5710 2890 5779 τῷ
2921 5709 3060 5777 λόγῳ
3090 5718 3142 5762 et
3175 5706 3436 5776 ἡτοίμασε
3449 5719 3476 5764 .9
