3836 6216
172 307 284 362 793

1275 300 1558 358 CONTRA
1592 302 2018 360 MARCELLUM
2056 302 2184 356 LIB.
2226 302 2291 357 II.

3313 299 3418 356 794

171 441 198 475 α
227 422 392 493 ἡμεῖς
416 421 525 489 γὰρ
550 420 724 474 πάντα
753 420 852 472 ὃσα
873 419 939 474 ἂν
975 419 1237 489 θέλωμεν,
1256 419 1396 472 κατά
1421 421 1483 472 τὸ
1502 419 1746 487 δυνατὸν,

1855 423 1907 476 in
1935 421 2307 490 sequentibus,
2336 413 2614 487 inquieits:
2645 417 2737 489 [Β.
2762 417 2868 472 LIII
2886 417 3009 472 coll.
3031 415 3229 488 p.125]
3253 437 3272 469 ι
3295 417 3414 473 Non

175 533 196 560 ε
229 510 410 577 λέγειν
442 526 503 562 τε
541 510 635 561 καὶ
672 511 877 572 ποιεῖν,
919 507 996 578 τῷ
1048 508 1302 579 ἡμετέρῳ
1329 507 1586 578 ποιοῦμεν
1636 509 1748 578 (47)

171 626 198 659 ‹
229 606 394 674 λόγῳ.
420 623 439 655 ι
473 600 606 657 Εἶτα
642 585 842 673 μεταξύ
875 620 997 656 τινα
1029 601 1198 655 εἰπὼν
1221 601 1478 670 ἐπιλέγει·
1514 601 1634 664 Πῶς
1660 598 1752 655 οὖν

171 717 196 748 σ
238 697 536 767 Ἀστέριος,
565 697 684 758 ταῖς
706 694 887 763 ἁγίαις
918 695 1161 765 Γραφαῖς
1178 692 1365 756 ἁπλῶς
1387 693 1480 748 καὶ
1499 692 1752 763 ἐμφόὸως

174 807 194 836 ε
226 786 543 839 ἀκολουθεῖν
565 784 1050 855 προσποιούμενος,
1072 783 1323 851 οὐκέγνω
1337 783 1399 836 τὸ
1421 783 1583 854 μέρος
1597 782 1752 836 τοῦτο

176 899 195 928 ι
229 879 406 946 λέγων
430 896 443 908 ο
472 876 674 948 Κύριος
714 878 742 929 ὁ
765 876 898 938 Θεός
928 893 1018 928 σου
1043 916 1057 941 ,
1086 868 1240 938 οὗτος
1271 874 1467 946 Κύριος
1495 871 1575 937 εἷς
1614 876 1748 926 ἐστι’

177 993 196 1018 ι
229 970 365 1033 Θεὸς
397 971 455 1022 ὲν
485 969 562 1039 τῷ
583 967 795 1038 οὐρανῷ
829 968 960 1032 ἀνω,
991 969 1084 1021 καὶ
1112 968 1203 1022 ἐπὶ
1227 968 1326 1037 τῆς
1341 966 1442 1037 γῆς
1459 967 1627 1020 κάτω⁶
1659 967 1753 1019 καὶ

176 1083 195 1112 ι
225 1063 329 1114 οὐκ
346 1061 491 1114 ἔστιν
512 1060 592 1112 ἔτι
620 1061 758 1131 πλὴν
776 1059 942 1112 αὐτοῦ
969 1076 984 1125 ;
1016 1060 1128 1112 Καὶ
1142 1059 1222 1112 ὅτι
1245 1053 1324 1123 εἷς
1339 1059 1476 1120 ἐστι,
1495 1058 1589 1110 καὶ
1613 1057 1752 1128 πλὴν

176 1175 195 1203 σ
223 1153 390 1206 αὑτοῦ
423 1154 609 1224 ἕτερος
641 1153 742 1205 οὐκ
773 1151 908 1204 ἐστι.
939 1168 957 1201 ι
996 1151 1105 1204 Καὶ
1127 1148 1329 1221 προῖὼν
1361 1144 1514 1210 αὖθις
1549 1148 1752 1218 διῖσχυ-

171 1247 387 1319 ρίζεται
417 1247 640 1315 φάσκων
658 1261 672 1274 ο
709 1263 728 1297 ι
760 1245 834 1297 Οὐ
869 1241 1318 1314 καταχρηστικῶς
1354 1241 1509 1310 λόγος
1557 1242 1752 1310 ὀνομα-

173 1361 192 1389 ι
232 1339 409 1402 σθεὶς,
463 1337 578 1406 ,κᾶν
635 1336 1000 1408 διαρραγῶσιν
1048 1337 1098 1388 οἱ
1158 1333 1752 1405 ἑτεροδιδασκαλοῦντες

175 1451 194 1482 ι
242 1431 610 1500 ψευδόμενοι,
657 1427 792 1482 ἀλλά
834 1429 1041 1499 κυρίως
1078 1445 1137 1480 τε
1187 1428 1282 1479 καὶ
1319 1424 1535 1496 ἀληθῶς
1575 1425 1751 1495 ὑπάρ-

175 1543 196 1572 ι
237 1542 348 1594 χων
381 1523 576 1591 Λόγος·
615 1541 634 1573 ι
689 1523 784 1574 καὶ
826 1520 1150 1592 προστίθησι
1175 1536 1188 1550 θ
1225 1538 1244 1571 ι
1297 1519 1361 1571 Τί
1422 1518 1531 1588 γὰρ
1566 1518 1750 1588 ἕτερον

175 1636 195 1665 ε
233 1611 305 1684 ἦν
341 1613 830 1684 ἀποκεκρυμμένον
870 1613 1166 1682 μυστήριον
1197 1610 1230 1681 ἢ
1261 1611 1400 1663 κατά
1427 1610 1518 1663 τὸν
1546 1609 1748 1677 Λόγον;

173 1727 194 1756 ι
235 1705 393 1758 Οὕτω
422 1706 477 1758 δὲ
499 1701 567 1776 ἦν
601 1703 1088 1775 ἀποκεκρυμμένον
1115 1705 1172 1756 ὲν
1200 1701 1278 1774 τῷ
1304 1702 1424 1772 Θεῷ
1449 1703 1598 1755 τουτί
1621 1702 1752 1771 πρό-

172 1820 192 1848 c
235 1815 393 1868 τερον
452 1798 513 1850 τὸ
549 1798 866 1868 μυστήριον,
901 1795 1041 1848 ὥστε
1096 1793 1299 1865 μηδένα
1343 1792 1436 1847 τοῦ
1483 1794 1748 1865 προτέρου

171 1911 192 1939 ι
237 1888 369 1941 λαοῦ
402 1888 591 1956 σαφῶς
620 1888 690 1942 τὰ
715 1888 855 1941 κατὰ
882 1887 971 1940 τὸν
997 1886 1170 1955 Λόγον
1195 1886 1426 1940 εἰδέναι·
1455 1885 1569 1939 ἀλλ’
1603 1886 1750 1955 ἡμᾶς

170 2001 191 2029 ι
229 1979 325 2033 τοῦ
361 1980 587 2032 πλούτου
614 1978 714 2049 τῆς
757 1979 938 2049 δόξης,
975 1979 1068 2032 καὶ
1109 1978 1203 2032 τοῦ
1254 1977 1746 2048 ἀποκεκρυμμένου

168 2090 189 2119 σ
242 2070 544 2139 μυστηρίου
573 2069 865 2122 ἀπολαύειν
897 2069 1012 2122 νυνί
1055 2067 1186 2139 (48).
1223 2087 1241 2120 ι
1269 2069 1377 2121 Καὶ
1405 2068 1542 2138 μετὰ
1576 2067 1748 2120 ταῦτα

162 2167 334 2219 πάλιν
366 2166 679 2237 ἀνθρωπίνῃ
710 2166 974 2237 κέχρηται
998 2165 1188 2228 εἰκόνι,
1207 2165 1393 2219 τοῦτον
1409 2165 1632 2236 γράφων
1659 2165 1748 2217 τὸν

160 2259 389 2329 τρόπον’
416 2259 542 2321 «Τίς
567 2259 675 2330 γὰρ
699 2257 923 2329 οὕτωςῆ
950 2258 1058 2313 τῶν
1089 2259 1260 2326 ἁγίων
1296 2258 1560 2326 ἀγγέλων,
1586 2258 1618 2327 ἢ
1657 2258 1748 2310 ἀν-

168 2369 188 2399 ι
225 2349 371 2420 δρῶν
430 2349 651 2403 δικαίων
713 2349 1022 2416 ἀξιόπιστος
1073 2345 1140 2420 ἦν
1199 2349 1297 2420 τὴν
1348 2351 1412 2402 ὲκ
1457 2348 1745 2421 προσώπου

167 2461 190 2491 ι
225 2439 322 2493 τοῦ
398 2440 531 2493 Θεοῦ
599 2441 903 2512 ὁρισθεῖσαν
976 2441 1124 2512 αὐτῴ
1188 2442 1458 2512 τιμωρίαν
1531 2440 1744 2500 λῦσαι;

168 2550 187 2581 α
230 2533 279 2582 εξ
312 2532 387 2602 μὴ
413 2532 574 2594 αὐτὸς
598 2533 626 2584 ὁ
650 2531 820 2599 Λόγος
843 2532 872 2583 ὁ
910 2529 1211 2602 συμπαρών
1247 2548 1306 2583 τε
1342 2531 1454 2598 (49)
1486 2530 1580 2583 καὶ
1607 2547 1745 2600 συμ-

168 2644 189 2674 ι
233 2625 483 2678 πλάττων
504 2624 640 2695 πρὸς
666 2623 724 2677 ὃν
746 2625 773 2676 ὁ
805 2623 1018 2695 Πατὴρ,
1044 2623 1394 2692 Ποιήσωμεν
1411 2623 1744 2691 ἄνθρωπον,

167 2737 189 2767 ε
226 2716 355 2786 ἔφη,
395 2717 522 2769 κατ’
547 2717 752 2770 εἰκόνα
776 2715 1068 2784 ἡμετέραν
1083 2717 1180 2770 καὶ
1210 2717 1514 2785 ὁμοίωσιν,
1533 2717 1631 2769 οὐκ
1662 2717 1748 2769 δν-

169 2829 188 2858 ι
229 2827 321 2872 τος
346 2809 533 2880 ἑτέρου
564 2806 698 2861 Θεοῦ
727 2809 818 2861 τοῦ
857 2808 1225 2879 συμπλάττειν
1253 2807 1399 2878 αὐτῷ
1427 2807 1742 2878 δυναμένου.

167 2921 188 2952 σ
248 2901 392 2972 Ἐγὼ
414 2901 525 2969 γάρ
546 2900 851 2970 εὶμι,φησὶ,
888 2899 1032 2965 Θεὸς
1069 2898 1319 2968 πρῶτος·
1347 2899 1446 2952 καὶ
1465 2898 1580 2968 ἐγὼ
1599 2899 1748 2968 μετὰ

167 3014 186 3044 α
233 2993 439 3057 ταῦτα,
475 2992 573 3045 καὶ
603 2990 769 3060 πλὴν
793 2990 938 3060 ἐμοῦ
988 2988 1130 3056 Θεὸς
1172 2990 1371 3058 ἔτερος
1413 2991 1524 3045 οὐκ
1555 2990 1742 3043 ἔστιν.

166 3107 188 3135 ο
223 3085 365 3138 οὔτε
407 3079 502 3138 οὖν
545 3081 808 3150 νεώτερός
839 3099 922 3145 τις
967 3081 1117 3146 Θεὸς,
1160 3080 1282 3135 οὔτε
1316 3083 1462 3135 ἐστὶν
1488 3081 1645 3145 ἄλλος
1662 3099 1747 3144 τις

166 3197 186 3228 c
232 3176 372 3248 μετά
416 3176 588 3230 ταῦτα
629 3174 762 3237 Θεὸς
795 3173 889 3237 ὢν,
933 3173 1051 3243 Θεῷ
1087 3176 1368 3242 συνεργεῖν
1397 3173 1616 3235 δυνατὸς
1653 3168 1742 3243 ἦν.

166 3293 187 3322 α
239 3271 382 3325 Ἀλλ’
415 3270 584 3334 εἴτις,
618 3268 798 3339 μικρῷ
830 3267 1057 3322 τινικαὶ
1088 3267 1412 3338 ἀνθρωπίνῳ
1450 3267 1571 3320 καθ’
1599 3268 1747 3337 ἡμᾶς

166 3385 186 3414 ι
224 3362 628 3434 παραδείγματι
657 3361 955 3432 χρώμενος,
989 3360 1064 3424 ὡς
1100 3359 1187 3412 διὰ
1209 3359 1434 3422 εἰκόνος,
1465 3359 1564 3430 τὴν
1598 3358 1748 3411 θείαν

167 3475 190 3507 ι
216 3454 462 3520 ἐξετάζοι
492 3454 709 3524 πρᾶξιν,
739 3453 927 3524 ὥσπερ
960 3453 1025 3506 ἀν
1054 3469 1139 3515 τις
1165 3449 1600 3522 ἀνδριαντοποιὸς
1629 3451 1749 3503 ἐπι-

164 3568 187 3597 σ
229 3549 455 3619 στήμων
490 3547 650 3618 ἀνὴρ,
682 3546 973 3617 ἀνδριάντα
1002 3544 1199 3598 πλάσαι
1227 3543 1564 3614 βουλόμενος,
1593 3541 1749 3613 πρῶ-

169 3660 187 3690 ι
222 3657 316 3692 τον
343 3640 444 3710 μὲν
472 3639 598 3702 τοὺς
621 3637 821 3701 τύπους
847 3637 1010 3690 αὑτοῦ
1045 3637 1140 3690 καὶ
1163 3636 1518 3707 χαρακτῆρας
1539 3636 1596 3687 ὲν
1622 3636 1750 3687 έαυ-

171 3751 188 3781 ι
219 3731 298 3801 τῷ
337 3733 548 3784 σκοπεῖο
592 3730 782 3783 ἔπειτα
811 3729 1011 3792 πλάτος
1049 3745 1110 3780 τε
1142 3728 1238 3781 καὶ
1269 3727 1462 3798 μῆκος,
1489 3727 1612 3779 ὅσον
1661 3724 1751 3778 εύ-

169 3842 187 3869 σ
233 3821 465 3892 πρεπὲς,
512 3821 701 3883 ὲννοεῖ,
749 3819 1041 3886 ἀναλογίαν
1066 3834 1127 3869 τε
1177 3817 1271 3869 τοῦ
1319 3815 1539 3878 παντὸς,
1581 3816 1636 3866 ὲν
1671 3814 1750 3884 τῷ

169 3935 186 3963 ι
225 3914 347 3968 καθ’
379 3914 607 3966 ἕκαστον
641 3911 885 3978 ἐξετάζει
920 3911 1098 3982 μέρει,
1136 3909 1338 3980 χαλκοῦ
1365 3925 1424 3960 τε
1458 3909 1554 3978 τὴν
1579 3907 1750 3978 πρόσ-

170 4027 188 4057 ‹
228 4023 396 4078 φορον
420 4005 715 4076 ἑτοιμάσας
742 4004 896 4076 ὓλην,
931 4004 1136 4057 καὶτὸν
1163 4002 1418 4072 ἐσόμενον
1457 4000 1750 4072 ἀνδριάντα

171 4119 189 4148 ι
231 4101 300 4170 τῇ
347 4097 542 4151 ἑαυτοῦ
603 4097 969 4168 προτυπώσας
1016 4095 1244 4166 διανοίᾳ,
1273 4094 1366 4146 καί
1385 4093 1589 4163 νοητῶς
1619 4093 1751 4163 ὁρᾷν

169 4209 190 4239 ι
225 4189 476 4258 νομίσας,
529 4173 790 4250 συνειδώς
827 4204 887 4239 τε
938 4185 1116 4255 ἐαυτῷ
1151 4187 1431 4255 συνεργεῖν
1456 4183 1545 4236 τὸν
1575 4183 1750 4251 λόγον,

171 4302 190 4330 ι
233 4275 282 4348 ᾧ
307 4280 600 4350 λογίζεται,
627 4281 720 4333 καὶ
747 4273 792 4347 ᾧ
830 4279 1006 4332 πάντα
1048 4279 1308 4349 πράττειν
1351 4276 1557 4341 εἴωθεν,
1581 4275 1752 4345 (οὐδὲν

171 4393 192 4424 ι
225 4373 336 4443 γὰρ
383 4371 456 4442 μὴ
497 4371 640 4442 λόγῳ
693 4369 1011 4440 γιγνόμενον
1059 4368 1264 4439 καλόνο)
1321 4369 1623 4439 ἀρχόμενος
1654 4367 1754 4436 τῆς

1861 532 1879 564 ι
1918 523 2068 568 certe
2094 512 2535 583 indigebatDeus,
2555 511 2911 580 appellatione
2935 511 3266 580 alia,utputa
3301 529 3414 565 ma-

1859 625 1877 656 c
1917 606 2100 670 terim,
2133 617 2225 659 aut
2263 606 2340 658 rei
2374 605 2622 658 humanae
2678 605 3044 674 cujuscunque
3074 623 3088 658 :
3124 606 3217 659 sed
3271 605 3416 659 illius

1858 718 1876 750 ι
1914 698 2080 753 solius
2119 707 2427 768 apparatus,
2467 697 2557 767 qui
2598 700 2650 750 in
2695 696 2810 763 ejus
2865 705 3042 750 mente
3081 697 3412 750 versabatur.

1859 807 1877 838 ι
1916 786 2360 856 Quandoquidem
2379 802 2507 857 ergo
2532 785 2861 854 impossibile
2878 785 3069 850 fuerat,
3087 788 3202 839 sine
3223 787 3413 850 verbo,

1858 899 1877 931 ς
1913 889 1970 934 et
2023 881 2189 936 verbo
2237 882 2593 935 conveniente
2631 879 2945 949 prudentia,
2979 879 3140 931 Deum
3175 879 3416 947 cogitare

1858 991 1876 1024 ι
1915 976 2100 1030 mundi
2142 973 2359 1029 alfuisse
2395 973 2711 1036 conditurae,
2749 986 2852 1026 non
2899 972 3169 1025 immerito
3190 971 3363 1039 inquit
3396 989 3411 1026 :

1858 1089 1877 1121 ‹
1913 1069 2046 1124 Cum
2057 1083 2377 1137 prmparares
2393 1066 2598 1130 caelum,
2616 1082 2721 1119 una
2742 1065 2952 1117 aderam
2976 1075 3143 1116 tecum
3159 1063 3226 1114 θ’.
3239 1061 3417 1131 »ΔόῙί-

1852 1163 1927 1217 cit
1953 1162 2130 1216 denuo
2158 1175 2189 1216 e
2218 1159 2570 1216 similitudine
2595 1156 2816 1212 humani
2849 1155 3023 1218 verbi,
3076 1163 3131 1208 et
3180 1152 3415 1206 Verbum

1851 1255 1945 1309 Dei
1985 1268 2135 1317 esse,
2171 1261 2230 1306 ut
2275 1251 2587 1308 ostenderet
2638 1250 2770 1304 illud
2825 1247 3052 1302 minime
3098 1247 3415 1300 subsistere.

1853 1345 2055 1402 Scribit
2089 1347 2258 1410 enim,
2299 1361 2318 1395 ι
2349 1342 2462 1398 Hoc
2491 1343 2544 1396 in
2580 1341 2719 1406 loco,
2754 1341 2851 1406 ait,
2883 1339 2995 1408 Ego
3023 1338 3247 1406 suntqui
3274 1353 3413 1398 sum,

1857 1457 1876 1489 ι
1921 1439 1986 1491 ad
2016 1436 2235 1506 Moysen
2273 1435 2506 1505 loquitur
2546 1433 2724 1487 Pater.
2755 1452 2774 1484 ι
2817 1432 2920 1503 [Β.
2947 1431 3056 1487 LVI
3087 1432 3208 1484 coll.
3233 1447 3284 1500 p.
3315 1431 3419 1484 114

1859 1547 1876 1578 ι
1919 1529 1980 1593 1),
2027 1527 2130 1581 118
2179 1525 2240 1579 Β.
2271 1525 2578 1595 ]Loquitur
2611 1531 2788 1576 autem
2833 1523 2973 1590 quod
3025 1529 3272 1582 constat,
3321 1534 3419 1587 per

1858 1640 1875 1670 ε
1911 1620 2143 1674 Verbum
2166 1633 2342 1672 suum.
2367 1615 2709 1684 Quaecunque
2742 1613 2938 1667 etenim
2963 1612 3201 1681 loquitur
3230 1610 3414 1676 Pater,

1859 1735 1875 1766 ι
1917 1716 2030 1768 haec
2047 1713 2244 1782 ubique
2263 1726 2358 1781 per
2379 1709 2614 1762 Verbum
2648 1723 2800 1761 suum
2826 1707 3028 1760 locutus
3051 1705 3278 1758 videtur.
3305 1703 3420 1759 Iloc

1861 1828 1878 1859 ι
1918 1817 2162 1877 apparet,
2200 1806 2243 1859 si
2272 1819 2434 1873 parva
2467 1803 2591 1856 licet
2620 1801 2829 1869 magnis
2852 1813 3176 1866 componere
3203 1808 3258 1851 et
3283 1797 3422 1850 divi-

1857 1923 1875 1953 ‹
1915 1901 2021 1966 nis,
2053 1915 2082 1954 a
2107 1897 2525 1965 nobismetipsis.
2547 1892 2654 1949 Nos
2687 1893 2883 1948 etenim
2911 1891 3092 1946 omnia
3114 1931 3128 1956 ,
3156 1903 3420 1958 quaecun-

1856 2014 1874 2044 ς
1911 2008 2015 2061 que
2033 1992 2296 2049 volumus.
2326 1997 2587 2059 quantum
2612 1985 2876 2040 saltemin
2917 1983 3073 2036 nobis
3109 1991 3213 2045 est,
3240 1981 3422 2036 facere

1855 2105 1872 2136 ι
1907 2093 1962 2139 et
2008 2085 2210 2145 dicere,
2239 2096 2334 2152 per
2365 2089 2611 2135 nostrum
2638 2077 2860 2131 verbum
2902 2089 3306 2144 procuramus.»
3326 2071 3417 2143 [Β.

1849 2175 2055 2230 LXVIII
2088 2174 2212 2229 coll.
2251 2189 2304 2243 p.
2332 2171 2435 2226 152
2468 2169 2557 2242 C.]
2590 2169 2688 2226 Ubi
2715 2167 2968 2222 nonnulla
3014 2168 3420 2230 interseruerat,

1849 2267 2148 2323 subnectit:
2173 2283 2192 2316 ι
2215 2265 2446 2332 Quinam
2462 2264 2627 2334 igitur
2641 2261 2906 2324 Asterius,
2923 2275 3042 2313 cum
3062 2273 3169 2328 prae
3183 2273 3240 2311 se
3255 2256 3424 2310 ferret

1854 2380 1873 2412 ‹
1920 2360 2257 2430 simpliciter,
2285 2367 2337 2414 et
2360 2372 2481 2412 cum
2508 2356 2703 2410 timore
2742 2353 2972 2422 quodam
3002 2351 3152 2420 sequi
3179 2351 3424 2418 Scriptu-

1853 2474 1871 2504 ι
1920 2468 2101 2508 rarum
2135 2458 2374 2515 ductum,
2422 2449 2566 2503 illam
2607 2461 2793 2501 earum
2826 2455 3034 2514 partem
3078 2454 3254 2496 tamen
3315 2457 3419 2496 non

1853 2564 1872 2596 ι
1921 2543 2274 2612 intelligebat,
2311 2542 2570 2595 Dominus
2601 2538 2742 2592 Deus
2772 2547 2924 2600 tuus,
2958 2535 3061 2588 iste
3108 2533 3248 2588 Deus
3283 2547 3422 2585 unus

1853 2658 1872 2690 ι
1920 2646 2020 2691 est.
2060 2637 2238 2701 Deus,
2296 2634 2349 2688 in
2403 2631 2558 2688 cmlis
2607 2644 2847 2695 sursum,
2899 2637 2952 2681 et
3005 2641 3166 2696 super
3219 2635 3419 2678 terrain

1853 2747 1872 2780 ι
1920 2730 2210 2791 deorsum,
2262 2739 2362 2780 nec
2419 2724 2560 2778 alius
2621 2723 2797 2776 adhuc
2851 2731 2936 2776 est
2989 2729 3187 2788 praeter
3232 2716 3422 2771 illum?

1853 2841 1871 2872 ί
1916 2821 2066 2878 Unus
2093 2830 2197 2885 est,
2223 2819 2417 2888 inquit,
2453 2827 2507 2872 et
2531 2827 2730 2886 praeter
2752 2815 2900 2870 illum
2932 2829 3036 2866 non
3079 2820 3162 2866 est
3194 2809 3350 2864 alius.
3393 2829 3412 2861 ι

1845 2909 2079 2980 Pergens
2119 2909 2372 2976 deinceps
2409 2905 2684 2961 contendit
2727 2902 3126 2961 vehementius,
3156 2918 3170 2954 :
3205 2898 3294 2970 [Β.
3329 2898 3420 2951 XL

1845 3001 1971 3056 coll.
2024 3015 2080 3069 p.
2114 3000 2215 3054 116
2245 2997 2327 3070 C]
2369 3017 2388 3049 ‹
2425 2997 2540 3050 Non
2588 3004 2705 3050 erat
2737 2993 2962 3048 verbum
2988 3033 3003 3057 ,
3042 2994 3220 3045 dictus
3274 2999 3424 3045 cata-

1773 3114 1815 3172 C
1853 3111 1872 3144 ι
1920 3093 2223 3156 chreStice,
2269 3097 2590 3158 rumpantur
2631 3087 2758 3141 licet
2807 3085 2879 3139 illi
2930 3083 3281 3146 mentiendo,
3329 3083 3419 3150 qui

1854 3196 1873 3229 ι
1921 3179 2256 3233 contrarium
2313 3185 2555 3240 tuentur,
2608 3177 2700 3230 sed
2739 3175 2958 3245 proprie
3005 3183 3057 3227 ct
3105 3172 3421 3240 simpliciter

1854 3289 1873 3322 ‹
1921 3281 2041 3325 erat
2081 3269 2340 3324 Verbum.
2369 3289 2388 3322 ι
2444 3267 2700 3336 Adiungit
2735 3285 2748 3320 :
2784 3267 2880 3338 [R.
2918 3265 3054 3320 XLV
3097 3282 3152 3334 p.
3207 3265 3310 3318 144
3360 3262 3421 3332 ιη

1853 3382 1871 3414 ι
1919 3362 2056 3429 Quid
2110 3376 2239 3416 vero
2289 3370 2409 3415 erat
2448 3360 2590 3412 aliud
2619 3357 2934 3430 mysterium
2979 3356 3106 3409 illud
3135 3355 3422 3407 abscondi-

1855 3473 1873 3506 ι
1921 3462 2056 3518 tum,
2091 3467 2252 3522 quam
2283 3451 2579 3506 secundum
2623 3449 2856 3504 Verbum
2891 3447 3025 3502 Dei?
3071 3447 3196 3499 Erat
3242 3455 3421 3497 autem

1855 3567 1873 3599 ι
1923 3545 2074 3611 illud,
2101 3545 2174 3599 ita
2201 3545 2330 3600 olim
2366 3545 2418 3597 in
2460 3543 2568 3597 Deo
2600 3540 2975 3596 absconditum
3005 3539 3187 3607 prius,
3221 3549 3274 3590 ul
3303 3537 3423 3589 nul-

1856 3657 1874 3690 ‹
1925 3638 2006 3692 lus
2035 3637 2192 3707 plane
2219 3636 2357 3704 apud
2401 3633 2656 3704 papulum
2698 3632 2933 3700 priorem
2956 3669 2971 3694 ,
3017 3629 3296 3697 perspicue
3329 3629 3416 3680 illa

1857 3748 1874 3779 ε
1923 3736 2169 3782 cerneret
2197 3741 2318 3794 quae
2348 3725 2414 3778 ad
2463 3723 2697 3777 Verbum
2731 3720 3096 3790 pertinebant.
3150 3717 3257 3771 Nos
3289 3731 3420 3771 vero

1858 3839 1875 3871 ι
1924 3821 1978 3873 in
2033 3818 2286 3888 praesenti
2355 3817 2587 3869 fruimur
2645 3813 2850 3868 divitiis
2903 3811 3084 3877 gloriae
3141 3809 3306 3878 ipsius
3366 3820 3422 3862 et

1858 3934 1876 3965 ι
1925 3890 2163 3984 mysterii
2194 3908 2436 3963 revelati.
2465 3926 2483 3959 ι
2535 3905 2778 3960 Humana
2819 3904 3030 3957 demum
3069 3902 3237 3954 utitur
3269 3899 3422 3954 simi-

1865 4007 2091 4060 litudine
2145 4003 2210 4056 ad
2266 4003 2410 4055 hunc
2476 3999 2694 4054 modum
2754 3995 3002 4048 scribens
3049 4009 3060 4042 :
3128 3993 3147 4065 [
3199 3991 3266 4046 R.
3328 3989 3418 4044 LII

1853 4097 1976 4152 coll.
2021 4113 2074 4164 ι).
2133 4091 2284 4163 125]
2350 4107 2369 4140 ι
2396 4088 2526 4155 Quis
2568 4101 2696 4140 vero
2739 4085 2838 4138 fuit
2898 4084 3032 4137 adeo
3072 4071 3287 4152 'dignus
3335 4082 3418 4135 vcl

1860 4207 1878 4237 ι
1930 4187 2071 4240 inter
2106 4183 2353 4237 homines
2382 4180 2558 4249 justos
2597 4177 2681 4231 vel
2721 4185 2944 4230 sanctos
2986 4175 3148 4228 etiam
3173 4172 3418 4241 angelos,

1861 4296 1879 4328 ‹
1927 4289 2141 4346 pinnam
2207 4288 2237 4326 a
2301 4273 2408 4326 Deo
2459 4271 2512 4324 in
2582 4270 2703 4324 illos
2778 4267 3104 4321 destinatam
3166 4265 3421 4319 amoliri?

1861 4389 1880 4421 ι
1925 4376 1982 4433 >14
2019 4367 2254 4422 Verbum
2288 4365 2461 4418 solum
2515 4363 2603 4430 qui
2655 4376 2758 4414 una
2813 4361 3002 4412 aderat
3038 4373 3160 4410 cum
3194 4356 3324 4418 Deo,
3365 4363 3421 4408 et

170 4484 189 4512 ι
237 4462 505 4534 αἰσθητῆς
539 4462 742 4532 ταύτης
793 4461 1076 4533 ἐργασίας,
1115 4462 1252 4532 πρὸς
1298 4460 1482 4524 αὑτὸν,
1507 4459 1583 4522 ὡς
1615 4457 1746 4528 πρὸς

1860 4481 1878 4513 ι
1914 4476 2017 4513 una
2044 4475 2164 4511 cum
2192 4458 2282 4510 illo
2307 4455 2573 4522 eﬂigiarat
2603 4452 2870 4505 hominem
2899 4468 2913 4501 :
2948 4451 3013 4502 ad
3046 4463 3205 4517 quem
3255 4447 3420 4500 dice—

171 4576 188 4602 ι
219 4555 309 4607 Ξτε
319 4571 432 4625 ρον,
452 4553 881 4624 παρακελεύεται
905 4552 1096 4620 λέγων·
1120 4553 1252 4621 Ἄγε
1276 4553 1588 4622 ποιήσωμεν
1611 4549 1744 4620 (50)⁶

171 4669 189 4696 α
229 4647 332 4714 ἄγε
366 4645 660 4716 πλάσωμεν
685 4645 994 4714 ἀνδριάντα’
1025 4644 1197 4707 οὕτως
1221 4647 1249 4697 ὁ
1269 4645 1377 4698 τῶν
1401 4643 1534 4696 ὅλων
1551 4642 1744 4694 δεσπό-

172 4759 190 4788 ι
228 4753 332 4806 της
374 4737 524 4801 Θεὸς,
568 4735 661 4790 τὸν
716 4735 958 4807 ἔμψυχον
995 4737 1059 4788 ὲκ
1090 4736 1193 4806 γῆς
1224 4735 1512 4806 ἀνδριάντα
1553 4733 1740 4795 ποιῶν,

1860 4571 1878 4603 ι
1919 4551 2012 4604 bat
2042 4549 2222 4610 Pater,
2257 4544 2542 4598 Faciamus
2567 4542 2850 4603 hominem,
2871 4539 2938 4590 ad
2966 4539 3242 4606 imaginem
3274 4547 3318 4587 et
3341 4537 3420 4587 si-

1859 4659 1875 4688 ι
1910 4637 2257 4691 militudinem
2280 4644 2511 4686 nostram
2537 4631 2604 4696 ’9,
2639 4644 2760 4681 cum
2803 4643 2906 4680 non
2937 4634 3177 4680 exstaret
3222 4624 3416 4693 aliquis

1858 4749 1874 4778 α
1916 4729 2049 4781 alius
2077 4726 2233 4791 Deus,
2261 4722 2349 4793 qui
2376 4736 2496 4775 cum
2537 4719 2626 4773 illo
2662 4734 2762 4772 una
2801 4716 3038 4784 elIigiare
3061 4725 3259 4785 posset.
3300 4713 3413 4783 Ego

239 4860 299 4917 ὦ
327 4852 424 4906 Ed.
461 4850 658 4918 Paris.,
699 4866 822 4920 pag.
851 4851 942 4904 41.
1017 4850 1062 4882 ⁸⁸
1090 4850 1244 4906 Prov.
1285 4865 1399 4915 vm,
1427 4849 1516 4903 27.
1594 4849 1636 4880 ⁹⁹
1660 4847 1746 4902 Gul

1855 4889 1868 4912 ,
1892 4845 1983 4898 εδ.

239 5037 358 5106 (47)
408 5035 697 5106 Ἦμετέρῳ
723 5036 1029 5105 ποιοῦμεν.
1055 5035 1168 5089 Non
1194 5045 1274 5089 est
1291 5034 1445 5106 plena
1462 5033 1732 5106 redditio,

164 5104 456 5171 adde,'xa‘t
476 5104 741 5176 λέγομεν.
769 5107 814 5159 Μ
830 5104 912 5160 .-ὲ
939 5107 1069 5160 Dein
1093 5106 1250 5176 vulgo
1277 5121 1396 5157 τινα
1416 5104 1589 5176 λέγων
1611 5105 1732 5156 ὲπι-

166 5179 326 5248 φέρει
353 5187 408 5231 et
443 5173 671 5248 ἀφόβως
699 5193 828 5231 mss.
853 5178 970 5231 loco
1004 5177 1134 5246 ὲμφ.
1179 5173 1292 5229 Mox
1330 5176 1486 5243 vulgo
1513 5173 1736 5244 διαρρα-

167 5246 319 5316 γοῖεν
351 5257 408 5300 et
432 5246 573 5300 κατὰ
601 5247 791 5310 Λόγον.
970 5301 973 5305 _

237 5317 353 5386 (48)
404 5317 750 5370 Ἀπολαύειν
807 5316 964 5370 νυνί.
1015 5315 1128 5369 Non
1185 5314 1390 5381 inepte,
1439 5311 1736 5386 ἀπολαύον-

166 5384 287 5451 τας.
329 5384 456 5440 Ilmc
493 5389 674 5440 omnia
719 5389 783 5440 ad
833 5403 1083 5439 nauseam
1133 5399 1299 5450 usque
1328 5393 1643 5450 repetuntur
1686 5384 1736 5434 in

168 5455 714 5525 sequentibuslibris.
744 5457 810 5510 Μ.
838 5485 904 5494 ——
936 5456 1061 5507 Dein
1093 5455 1252 5525 vulgo
1291 5455 1355 5523 τῇ
1376 5469 1530 5523 κεχρ.
1571 5452 1738 5505 εἰκόνι

167 5541 223 5580 et
251 5522 361 5597 τῶν
397 5526 608 5597 ἀνδρῶν
636 5537 689 5578 et
719 5526 811 5578 τοῦ
840 5525 975 5578 Θεοῦ
1007 5522 1316 5596 προσώπου.

240 5596 352 5664 (49)
396 5591 564 5660 Vulgo
604 5612 662 5647 τε
711 5614 844 5659 οιιι.,
885 5596 1006 5649 dein
1054 5591 1218 5664 vulgo
1271 5593 1364 5646 καὶ
1403 5591 1524 5645 καθ’
1553 5595 1642 5662 ὀμ.
1687 5601 1740 5646 et

171 5666 317 5737 hﬁp.
345 5668 518 5719 πἰεῖν

241 5733 354 5806 (50)
399 5738 528 5805 Ἄγε
554 5733 925 5805 ποιήσωμεν.
959 5734 1070 5792 1100
1107 5749 1214 5790 non
1250 5735 1439 5803 probat
1489 5733 1736 5799 Basilius,

1841 5031 2027 5086 Itomil.
2058 5030 2093 5084 9
2122 5029 2174 5080 in
2208 5025 2565 5098 Hexamernn,
2592 5021 2693 5098 Τίς
2719 5019 2826 5098 γὰρ
2860 5014 3093 5098 χαλκεὺς
3119 5013 3151 5083 ἢ
3185 5011 3412 5098 τέκτων,

1842 5085 2110 5170 inquiens,
2145 5098 2176 5168 ἢ
2211 5093 2570 5170 σκυτοτόμος,
2603 5085 3150 5170 ’ἐπὶ-γτῶνςόηργάνων
3180 5085 3279 5160 τῆς
3328 5085 3416 5133 τέ-

1840 5155 1973 5242 χνῆς
2007 5155 2176 5241 μόνος¹
2201 5155 2774 5242 καθήμενοςζτούιδενὸς
2815 5155 2961 5242 αὐτῇ)
3010 5155 3412 5242 συνεργοῦντοὲ

1841 5192 1973 5242 ’.γης
2007 5192 2164 5241 μονος
2202 5192 2524 5236 καυημενυς,
2564 5192 2773 5221 υυυενυδ
2815 5192 2961 5242 Ubvb‘bzl
3011 5192 3411 5238 szur‘v'v'v?’

1841 5192 1990 5310 λέγει
2042 5238 2203 5298 αὐτὸς
2253 5233 2450 5310 ἐαυτῷ,
2509 5232 2829 5310 Ποιήσωμεν
2874 5242 2983 5310 την,
3031 5237 3330 5310 μαχαιραν,
3363 5221 3411 5310 ﬁ

1846 5291 2213 5381 συμπήξωμεν
2241 5305 2310 5381 τὸΔ
2347 5291 2652 5381 ἄρότρρνκῆ
2699 5291 3155 5381 ςὶίπειργασώμεθα1

1846 5325 2213 5430 συμπηςωμεν
2241 5325 2303 5356 το
2347 5325 2593 5372 αροτρον,
2619 5325 2652 5370 η
2699 5325 3140 5380 απεροιιιυιυμςυυιι
3195 5325 3244 5342 ..υ
3283 5325 3411 5342 νηυ-

1840 5381 2006 5452 δημας
2052 5378 2164 5452 ἀλ-.’
2203 5375 2323 5452 οὐχὶ
2358 5375 2533 5452 ἳπωπῗέ
2562 5371 2667 5452 ,τὴν
2701 5361 3412 5452 ““W‘VWGR.ﬁmi?!

1841 5433 2066 5514 έέὲελὲξ
2116 5433 2706 5514 Ilaac'latiusi'hitlém
2769 5447 2962 5514 contra
3023 5433 3258 5514 ξιιι-ιιειξοε..
3311 5433 3410 5494 Qui

1839 5502 2264 5591 quod-sequitur
2296 5516 2363 5568 de
2395 5512 2630 5591 animata
2671 5517 2843 5591 statua
2879 5502 3152 5591 qhon'ninisl,
3201 5502 3282 5554 sic
3316 5515 3410 5553 ex-

1842 5573 2070 5660 ﬁr’és'su;
2101 5573 2381 5655 δεμψυχος
2408 5580 2570 5634 εἰκὼν
2582 5581 2656 5660 ,ἐγ
2688 5577 2828 5649 μέσῃ
2844 5579 2908 5646 τῇ
2927 5573 3100 5660 “fagi
3124 5573 3402 5660 ὲξτορνεε-

2139 5640 2331 5709 δἰιιίἰιῗι
2357 5640 2513 5719 6..th
2543 5640 2967 5717 πλάσσωμξένξθι
2997 5643 3134 5699 in'l'ra
3162 5640 3383 5692 λευκοτέ

1845 5749 1942 5796 ραν
1967 5742 2022 5786 et
2051 5732 2078 5782 ὁ
2110 5727 2238 5789 Θεὸς
2269 5739 2529 5786 παντοκρ.
