3836 6216
435 286 541 341 795
1175 286 1443 344 EUSEBII
1482 287 1956 345 CESARIENSIS
1990 288 2144 344 OPP.
2183 289 2361 346 PARS
2401 291 2487 346 IV.
2529 322 2600 332 —
2636 291 3057 349 DOGMATICA.
3599 291 3704 348 796

442 421 461 452 ι
497 402 659 468 enim,
686 400 882 470 inquit,
908 400 1050 457 Deus
1082 419 1199 457 sum
1220 406 1458 471 primus:
1488 404 1600 474 Ego
1634 405 1775 459 Deus
1807 414 2009 469 postre-

2129 424 2140 454 l
2174 405 2273 457 οὐκ
2292 404 2438 476 ἄλλῳ
2454 407 2562 459 τινὶ⁵
2584 406 2718 460 ἀλλὰ
2749 405 2827 478 τῷ
2849 404 3045 460 ἑαυτοῦ
3078 407 3236 478 Λόγῳ
3261 406 3703 479 παρακελεύεται

444 515 461 544 ι
492 510 627 557 mus,
657 504 704 546 et
740 503 936 560 prater
957 512 1039 548 me
1065 512 1168 549 non
1211 506 1289 550 est
1322 497 1463 551 alius
1511 497 1652 551 Deus
1689 498 1729 550 ⁸.
1770 496 1887 551 Non
1932 506 2017 552 est

2129 514 2141 546 ι
2184 495 2379 563 λέγων·
2426 497 2753 568 Ποιήσωμεν
2797 498 3083 569 ἄνθρωπον
3124 501 3184 552 οὐ
3229 499 3320 554 τὸν
3366 502 3532 554 αὐτὸν
3590 505 3703 566 τοῖς

442 602 462 635 ι
501 586 681 653 itaque
696 581 881 650 junior
908 585 1048 641 Deus
1070 585 1293 656 aliquis,
1322 603 1421 641 nec
1452 588 1504 641 in
1531 588 1785 643 secundis
1808 588 2017 657 positus

2129 606 2141 638 ι
2174 586 2355 651 ἄλλοις
2378 586 2598 659 τρόπον·
2639 587 2783 657 λόγῳ
2809 586 2971 659 γὰρὴ
3005 590 3159 644 πᾶσα
3196 589 3408 658 ἐγένετο
3432 592 3639 655 κτίσις.
3681 613 3699 643 ο

444 697 461 727 ι
504 679 644 729 Deus
671 676 892 748 aliquis,
922 679 1013 747 qui
1039 687 1252 748 poterat
1284 694 1389 734 una
1435 694 1561 735 cum
1602 681 1711 735 Deo
1755 680 2013 749 operari:

442 784 462 816 ι
505 769 597 820 sed
626 766 790 821 veluti
819 769 865 822 si
905 768 1029 837 quis
1051 784 1220 837 parvo
1246 770 1481 839 quodam
1504 779 1687 824 utatur
1712 779 1767 825 et
1784 771 2019 825 humano

445 876 464 908 ι
498 860 771 929 exemplo,
803 862 876 914 ita
919 877 1032 917 rem
1063 864 1223 917 istam
1270 863 1548 919 examinet
1595 864 1663 917 ad
1710 863 2017 918 similitudi-

447 971 464 1000 ε
505 968 648 1006 netn.
669 952 882 1007 Sicutsi
903 964 1206 1008 statuarum
1229 954 1423 1009 artifex
1455 954 1749 1019 excellens,
1776 964 2016 1009 statuam

447 1063 464 1092 ι
496 1043 735 1098 conﬂare
766 1045 1105 1114 propositum
1161 1046 1393 1112 habens,
1436 1046 1704 1115 imprimis
1738 1048 2018 1100 characte-

447 1156 465 1185 ι
498 1151 588 1190 ras
615 1136 734 1206 ejus
763 1148 926 1205 atque
965 1137 1169 1192 formas
1193 1152 1378 1192 secum
1410 1137 1725 1207 speculatur
1756 1156 1771 1193 :
1829 1138 2018 1191 latitu-

448 1247 467 1279 ι
514 1229 693 1284 dinem
733 1229 994 1299 deinceps
1023 1239 1079 1283 et
1123 1228 1519 1300 longitudinem
1546 1232 1830 1285 decentem
1867 1230 2019 1299 cogi-

448 1338 467 1369 ι
503 1329 583 1373 tat
605 1361 618 1384 ,
653 1327 710 1375 et
752 1318 922 1372 totius
971 1318 1379 1386 proportionem
1411 1318 1690 1388 sigillatim
1713 1335 1809 1389 per
1836 1330 2019 1388 partes

446 1430 464 1459 ι
504 1412 687 1465 animo
722 1419 878 1464 tenus
914 1409 1379 1478 amussitatatque
1404 1410 1617 1475 exigit:
1673 1419 1784 1464 tum
1804 1413 2017 1465 deimim

448 1520 466 1551 ι
511 1502 811 1565 materiam,
852 1514 928 1553 aes
970 1500 1021 1553 in
1056 1501 1341 1569 procinctu
1374 1510 1674 1571 comparat.
1703 1512 1757 1557 et
1782 1501 2017 1556 futuram

457 1611 477 1643 ε
519 1592 665 1646 illam
702 1601 938 1647 statuam
966 1590 1149 1645 animo
1178 1606 1280 1646 suo
1311 1590 1643 1646 delineatam
1677 1592 2017 1660 complexus,

448 1701 466 1732 ι
505 1681 719 1752 sibique
752 1682 1025 1747 conscius,
1069 1683 1334 1736 rationem
1368 1682 1515 1737 intus
1550 1698 1731 1746 suam,
1767 1699 1874 1746 qua
1939 1699 2022 1735 ra-

2119 676 2227 731 Καὶ
2250 677 2460 742 τούτοις
2498 678 2619 750 μεθ’
2646 678 2811 749 ἔτερα
2842 680 3104 749 ἐπιλέγεις
3148 700 3167 731 t
3205 681 3344 735 Νυνὶ
3367 681 3425 735 δὲ
3456 683 3707 737 πιστεύω

2123 788 2142 820 ι
2180 771 2301 833 ταῖς
2345 769 2520 833 θείαις
2544 766 2547 769 “
2575 771 2840 841 Γραφαῖς,
2889 772 2970 826 ὅτι
3015 769 3096 835 είς
3126 772 3277 837 Θεὸς,
3315 774 3408 826 καὶ
3444 773 3475 825 0
3508 773 3703 826 τούτου

2122 879 2142 911 ι
2178 859 2346 927 Λόγος
2369 860 2501 925 Θεὸς
2530 862 2768 933 προῆλθε
2804 863 2903 934 μὲν
2934 881 3027 917 του
3050 864 3283 935 Πατρὸς,
3313 864 3401 917 ἵνα
3424 866 3613 919 πάντα
3639 867 3705 918 δι’

2124 973 2141 1005 ι
2176 951 2342 1007 αὑτοῦ
2387 952 2632 1022 γένηται.
2669 953 2825 1008 Μετὰ
2866 954 2925 1008 δὲ
2958 953 3048 1007 τὸν
3087 955 3276 1024 καιρὸν
3313 954 3411 1024 τῆς
3439 956 3706 1027 κρίσεως,

2124 1065 2142 1097 ι
2180 1046 2272 1099 καὶ
2296 1043 2396 1116 τὴν
2420 1044 2529 1098 τῶν
2549 1044 2805 1099 ἁπάντων
2823 1044 3128 1117 διόρθωσιν,
3162 1046 3256 1097 καὶ
3278 1044 3367 1098 τὸν
3390 1046 3711 1116 ἀφανισμὸν

2123 1157 2142 1189 ι
2179 1137 2280 1209 τῆς
2318 1137 2709 1208 ἀντικειμένης
2764 1137 2985 1208 ἁπάσης
3036 1136 3335 1208 ἐνεργείας,
3364 1137 3487 1190 τότε
3540 1137 3711 1201 αὐτὸς

2124 1246 2144 1278 ‹
2192 1228 2595 1301 ὑποταγήσεται
2622 1229 2702 1300 τῷ
2740 1228 3069 1295 ὑποτάξαντι
3092 1227 3239 1299 αύτῷ
3262 1228 3333 1281 τὰ
3362 1229 3565 1291 πάντα,
3586 1229 3713 1299 Θεῷ

2126 1340 2143 1370 ι
2180 1321 2274 1375 καὶ
2286 1322 2480 1394 Πατρὶ,
2508 1321 2762 1385 ῐνόὖτως
2865 1323 2923 1375 ὲν
2955 1320 3074 1392 Θεῷ
3100 1322 3130 1374 0
3161 1320 3373 1390 Λόγος,,
3392 1321 3588 1394 ὥσπερ
3615 1322 3714 1375 καὶ

2126 1434 2143 1465 ι
2177 1414 2440 1486 πρότερον
2463 1410 2553 1486 ἦν,
2585 1416 2692 1486 πρὸ
2715 1414 2811 1468 τοῦ
2827 1415 2921 1467 τὸν
2949 1416 3152 1485 κόσμον
3178 1412 3333 1467 εἶναι.
3348 1416 3579 1479 Οὐδενὸς
3599 1416 3715 1485 γὰρ

2126 1526 2144 1556 σ
2176 1507 2328 1570 ὄντος
2381 1507 2647 1578 πρότερον
2686 1506 2719 1577 ἢ
2756 1505 2891 1559 Θεοῦ
2920 1507 3102 1577 μόνου,
3136 1508 3352 1561 πάντων
3376 1507 3433 1560 δὲ
3476 1507 3570 1559 διὰ
3612 1505 3714 1559 τοῦ

2126 1617 2146 1649 ι
2184 1599 2354 1667 Λόγου
2375 1597 2657 1666 γίγνεσθαι
2694 1598 3013 1668 μελλόντων,
3041 1596 3312 1668 προῆλθεν
3335 1600 3364 1649 0
3385 1598 3562 1665 Λόγος
3578 1598 3717 1667 δρα-

2130 1712 2148 1743 (
2188 1695 2345 1764 στικῇ
2397 1692 2669 1763 ἐνεργείᾳ,
2716 1693 2746 1744 0
2785 1690 2955 1758 Λόγος
2989 1682 3144 1752 οὗτος
3170 1688 3264 1742 τοῦ
3301 1689 3513 1759 Πατρὸς
3541 1688 3646 1740 ὧν.
3692 1707 3710 1739 ι

448 1793 466 1825 ι
504 1750 816 1838 tiocinatur,
846 1783 902 1828 et
920 1788 1025 1842 qua
1050 1774 1375 1829 administra
1402 1777 1678 1844 componit
1705 1778 1886 1829 omnia
1915 1774 2019 1845 (ni-

2129 1783 2232 1836 Καὶ
2280 1750 2443 1836 πόλιν
2599 1750 2766 1851 idem
2794 1750 3031 1833 διάνοιαν
3051 1750 3375 1847 λεύκότερον
3403 1750 3592 1848 τεθήσι
3619 1777 3715 1830 λέ-

451 1884 470 1916 ι
509 1864 583 1918 hil
614 1865 815 1919 etenim
848 1864 1133 1933 pulchrum
1159 1874 1264 1928 est,
1290 1879 1396 1918 non
1418 1865 1715 1919 secundum
1750 1866 2017 1918 rationem

2129 1888 2251 1940 γων·
2278 1871 2391 1941 Πρὸ
2418 1871 2527 1942 γὰρ
2555 1869 2649 1923 τοῦ
2665 1870 2757 1923 τὸν
2786 1869 2988 1940 κόσμον
3014 1864 3176 1932 εἶναι,
3210 1863 3278 1939 ἦν
3297 1870 3325 1922 0
3349 1868 3521 1936 Λόγος
3554 1871 3616 1920 ἐν
3634 1884 3717 1937 τῳ

446 1976 466 2008 ι
502 1957 860 2026 exasciatum)
885 1957 975 2011 ubi
1013 1972 1234 2010 manum
1266 1956 1562 2013 admovere
1586 1958 1738 2027 operi
1785 1959 2018 2025 incipit,

448 2068 469 2102 ι
509 2050 580 2103 ita
624 2058 878 2119 tanquam
915 2050 1142 2103 alteram
1179 2064 1468 2118 personam
1495 2048 1693 2104 all‘atur
1724 2066 1738 2103 :
1766 2051 1901 2119 Age,
1940 2050 2022 2102 fa-

448 2161 467 2192 c
504 2141 738 2205 ciamus,
771 2140 1024 2209 inquiens
1065 2159 1078 2194 :
1140 2155 1240 2209 age
1280 2139 1599 2211 elﬁngamus
1651 2150 1906 2197 statuam.
1938 2140 2021 2195 Ad

447 2253 466 2285 ι
498 2235 745 2289 eumdem
770 2233 988 2288 modum
1024 2233 1403 2287 universorum
1446 2233 1709 2289 Dominus
1742 2233 1905 2297 Deus,
1942 2234 2021 2285 vi-

447 2348 465 2378 i
508 2336 723 2382 ventem
751 2328 816 2382 de
844 2337 989 2382 terra
1010 2337 1245 2381 statuam
1270 2326 1594 2391 ellinxurus,
1616 2342 1721 2382 non
1755 2327 1821 2381 ad
1855 2326 2019 2379 alium

447 2438 466 2470 ι
502 2420 758 2489 aliquem,
780 2419 875 2474 sed
908 2419 973 2473 ad
1002 2434 1158 2474 suum
1205 2419 1381 2487 ipsius
1436 2418 1758 2473 Sermonem
1785 2435 1844 2473 se
1872 2434 2021 2473 com-

448 2530 468 2562 ι
511 2511 684 2579 ponit,
710 2508 1023 2573 Faciamus,
1059 2511 1237 2575 aiens,
1271 2510 1559 2576 hominem,
1610 2525 1716 2566 non
1768 2510 1835 2565 ad
1863 2525 2020 2564 eum-

2128 1981 2145 2014 t
2173 1964 2367 2033 Πατρί.
2395 1963 2523 2015 Ὅτε
2552 1963 2609 2015 δὲ
2629 1963 2657 2013 0
2686 1962 2817 2024 Θεὸς
2834 1959 3228 2031 παντοκράτωρ
3253 1959 3429 2012 πάντα
3446 1958 3516 2012 τὰ
3542 1961 3603 2011 ἐν
3622 1960 3717 2011 ού-

2126 2075 2143 2107 (
2180 2056 2361 2125 ρανοῖς
2393 2054 2488 2108 καὶ
2530 2053 2624 2106 ἐπὶ
2656 2053 2759 2121 γῆς
2796 2049 3061 2121 προύθετο
3106 2050 3352 2120 ποιῆσαι,
3377 2051 3717 2121 ὲνεργείαςή

2127 2167 2146 2198 ι
2182 2146 2277 2200 τοῦ
2300 2146 2504 2216 κόσμου
2533 2144 2746 2213 γένεσις
2776 2143 2943 2195 ἐδεῖτο
2967 2142 3285 2214 δραπικῆςο
3304 2142 3399 2194 καὶ
3417 2142 3507 2195 διὰ
3525 2141 3715 2205 τοῦτο,

2128 2258 2146 2289 ι
2179 2237 2405 2310 μηδενὸς
2433 2236 2585 2299 ὄντος
2626 2234 2813 2305 ἑτέρου
2864 2233 3005 2305 πλὴν
3048 2232 3143 2287 τοῦ
3169 2232 3326 2299 Θεοῦ,
3350 2233 3555 2302 (πάντα
3604 2234 3720 2305 γὰρ

2127 2348 2145 2379 ‹
2178 2328 2519 2399 ὁμολογεῖται
2563 2326 2654 2379 ὑπ’
2691 2324 2857 2380 αὐτοῦ
2900 2324 3303 2396 γεγεννῆσθαι),
3328 2325 3449 2377 τότε
3476 2327 3505 2378 ό
3538 2324 3720 2392 Λόγος

2128 2443 2145 2474 ε
2177 2418 2454 2494 προελθὼν
2470 2418 2678 2488 ὲγίνετο
2703 2417 2797 2472 τοῦ
2823 2419 3028 2486 κόσμου
3063 2416 3311 2489 ποιητὴς,
3334 2416 3363 2469 δ
3391 2416 3483 2470 καὶ
3516 2416 3720 2488 πρότε-

2127 2534 2145 2565 ι
2176 2531 2265 2585 ρον
2288 2512 2433 2566 ἔνδον
2464 2510 2671 2581 νοητῶς
2701 2509 2981 2581 ὀνομάζων
3004 2508 3217 2562 αὐτόν.»
3244 2507 3352 2560 Καὶ
3377 2503 3537 2571 αὖθις
3578 2506 3722 2577 μετὰ

447 2623 465 2654 ι
503 2604 626 2657 dem
663 2601 877 2656 modum
907 2616 1015 2670 quo
1060 2611 1255 2656 caetera
1287 2619 1303 2656 :
1346 2616 1471 2655 uam
1522 2611 1674 2656 certe
1719 2601 2019 2655 secundum

2129 2607 2298 2659 πάντα
2315 2603 2565 2674 ἐπιφέρει
2592 2601 2785 2670 λέγων’
2807 2619 2825 2651 ε
2853 2602 2960 2653 Καὶ
2976 2598 3069 2652 διὰ
3087 2598 3243 2653 τοῦτο
3269 2598 3367 2669 οὐχ
3393 2599 3533 2652 Υὶόν
3566 2599 3719 2653 Θεοῦ

448 2715 466 2747 c
513 2697 780 2751 rationem
805 2698 1062 2752 universa
1089 2697 1487 2752 l'ormabantur.
1527 2697 1731 2752 DAddil
1755 2698 1873 2752 istis
1903 2706 2019 2766 post

2129 2718 2146 2750 t
2170 2697 2359 2752 ἑαυτὸν
2372 2694 2648 2768 ὀνομάζει,
2668 2693 2782 2747 ἀλλ’
2800 2692 3225 2762 ἇνθρωπον,ίνα
3237 2691 3326 2745 διὰ
3340 2691 3440 2761 τῆς
3454 2690 3721 2763 τοιαύτης

442 2790 546 2843 alia
581 2803 597 2842 :
628 2788 720 2861 [Β.
743 2787 922 2863 CVIII]
988 2807 1007 2841 ι
1064 2788 1219 2843 Nunc
1277 2798 1462 2845 autem
1514 2790 1688 2845 sacris
1721 2788 2019 2858 Scriptnris

2129 2808 2145 2840 ι
2169 2788 2457 2859 ὁμολογίας
2495 2786 2643 2840 θέσει
2689 2784 2779 2838 τὸν
2824 2784 3112 2856 ἄνθρωπον
3128 2784 3214 2838 διὰ
3252 2784 3349 2855 τὴν
3380 2784 3517 2856 πρὸς
3552 2784 3721 2838 αὐτὸν

447 2900 467 2933 ι
497 2885 681 2947 credo,
710 2882 853 2952 quod
875 2897 1013 2936 unus
1044 2882 1118 2937 sit
1155 2881 1319 2948 Deus,
1368 2891 1425 2937 et
1460 2882 1577 2951 ejus
1610 2881 1844 2936 Verbum
1874 2881 2018 2935 Deus

2129 2903 2146 2935 ι
2171 2882 2456 2937 κοινωνίαν
2477 2880 2593 2932 υἱὸν
2612 2877 2750 2931 Θεοῦ
2767 2876 3021 2946 γενέσθαι
3037 2877 3450 2950 παρασκευάσῃ
3470 2878 3568 2930 καὶ
3581 2878 3720 2947 μετὰ

447 2992 466 3023 ι
502 2987 533 3026 e
555 2970 715 3027 Patre
745 2972 964 3042 quidem
996 2973 1152 3042 exiit,
1174 2983 1237 3028 ut
1261 2973 1445 3028 omnia
1472 2987 1568 3040 per
1601 2971 1750 3026 illum
1806 2972 2018 3025 tierent.

2129 2994 2147 3025 ι
2170 2974 2233 3027 τὸ
2275 2972 2428 3035 τέλος
2460 2972 2560 3042 τῆς
2609 2968 2859 3041 πράξεως
2890 2964 3068 3033 αὖθις,
3098 2969 3173 3033 ὡς
3221 2968 3399 3037 λόγος,
3430 2969 3613 3041 ἐνωθῇ
3644 2968 3720 3038 τῷ

449 3083 467 3115 ‹
505 3063 631 3119 Post
651 3064 840 3131 iudicii
875 3075 1085 3135 tempus
1133 3074 1190 3122 et
1250 3081 1435 3120 rerum
1469 3066 1710 3120 omnium
1744 3076 2019 3118 restaura-

2129 3086 2147 3119 ι
2168 3063 2423 3135 Θεῷ,πλη
2430 3062 2538 3135 ρῶν
2553 3062 2728 3116 έκεῖνο
2740 3061 2801 3114 τὸ
2815 3060 2920 3114 ὑπὸ
2934 3060 3026 3114 τοῦ
3044 3060 3364 3114 Ἀποστόλου
3382 3061 3722 3133 προειρημέ-

451 3175 470 3208 ι
514 3156 746 3224 tionem,
777 3165 833 3211 et
865 3158 1126 3227 oppositae
1154 3158 1441 3227 potestatis
1467 3158 1839 3227 cujuscunque
1866 3171 2019 3210 amo-

2129 3179 2139 3211 I
2164 3174 2271 3211 νον.
2296 3157 2432 3210 Τότε
2448 3152 2631 3220 αὐτὸς
2648 3150 3095 3221 ὑποταγήσεται
3115 3149 3194 3216 τῷ
3208 3151 3583 3216 ὑποτάξαντι
3617 3155 3721 3206 αὐ-

450 3266 470 3299 ι
514 3246 779 3310 litionem,
806 3257 930 3301 tunc
947 3247 1260 3313 subiicietur
1289 3248 1395 3316 ipse
1438 3248 1543 3311 illi,
1579 3248 1669 3317 qui
1706 3250 1754 3301 ei
1790 3248 2012 3317 subjecit

2129 3268 2140 3300 ι
2165 3246 2244 3313 τῷ
2258 3245 2330 3300 τὰ
2342 3243 2665 3308 πάντα,ἷνα
2676 3237 2717 3315 ᾖ
2730 3240 2927 3296 πάντα
2940 3244 3037 3296 καὶ
3054 3243 3124 3296 ἐν
3138 3241 3289 3298 πᾶσι
3303 3245 3563 3311 Χριστός
3580 3244 3665 3316 (51
3678 3244 3717 3312 ).

450 3357 471 3391 ι
504 3338 684 3393 omnia
710 3339 755 3404 ²,
790 3337 898 3393 Deo
946 3346 1001 3393 et
1050 3338 1218 3405 Patri,
1266 3348 1323 3392 ut
1354 3338 1420 3392 ad
1452 3354 1579 3393 eum
1614 3338 1829 3392 modum
1861 3341 1933 3392 sit
1967 3339 2018 3391 in

2129 3365 2142 3397 ι
2175 3345 2367 3397 Ἔσται
2387 3340 2495 3412 γὰρ
2510 3336 2814 3412 τηνικαῦτα
2840 3338 2986 3392 τοῦθ’
3021 3339 3157 3411 ὅπερ
3186 3340 3450 3411 πρότερον
3464 3335 3591 3409 ἦν.)
3624 3338 3722 3391 Διὰ

450 3450 470 3484 ς
507 3431 615 3485 Deo
646 3430 862 3485 demum
889 3428 1149 3493 Verbum,
1175 3446 1284 3500 quo
1309 3430 1459 3497 prius
1480 3430 1607 3484 olim
1640 3428 1835 3495 fuerat,
1856 3445 2018 3499 quam

2129 3435 2385 3489 τοσούτων
2409 3430 2731 3504 Μάρκελλος
2761 3432 2945 3500 γυμνῇ
2990 3432 3055 3500 τῇ
3092 3429 3300 3501 κεφαλῇ
3334 3428 3424 3481 τὸν
3460 3428 3594 3482 Υίὸν
3629 3428 3720 3480 τοῦ

452 3535 471 3567 ι
514 3519 748 3572 mundus
782 3527 1088 3573 crearetur.
1117 3517 1253 3572 Nam
1282 3534 1402 3573 cum
1436 3520 1588 3588 prius
1628 3518 1763 3574 nihil
1800 3534 2019 3589 prorsus

2129 3526 2260 3580 Θεοῦ
2290 3524 2622 3596 ἐξωμόσατο.
2646 3523 2709 3575 El
2726 3521 2834 3593 γὰρ
2865 3521 2923 3574 ἓν
2957 3523 3052 3575 καὶ
3083 3521 3279 3575 ταύτὸν
3301 3516 3369 3593 ἦν
3397 3522 3426 3574 0
3453 3519 3725 3584 Θεὸς,καὶ

450 3628 471 3659 ι
507 3619 746 3665 exstaret
777 3610 881 3665 nisi
912 3610 1060 3667 solus
1092 3610 1256 3677 Deus,
1296 3613 1577 3667 condenda
1610 3622 1790 3668 autem
1840 3622 2019 3668 essent

2129 3619 2150 3671 ὸ
2182 3620 2241 3670 ὲν
2268 3613 2415 3686 αύτῷ
2446 3613 2636 3682 Λόγος,
2663 3611 2840 3674 οὐδεὶς
2871 3610 2928 3665 δὲ
2955 3610 3174 3664 πώποτε
3197 3611 3360 3674 αὐτὸς
3393 3609 3595 3663 ἑαυτοῦ
3628 3610 3722 3678 γέ-

452 3721 469 3751 ι
506 3704 690 3756 omnia
729 3718 827 3773 per
860 3701 1122 3771 Verbum,
1163 3705 1363 3774 prodiit
1387 3704 1624 3759 Verbum
1661 3705 1862 3759 virtute
1888 3720 2019 3775 pra»

2129 3708 2253 3763 νοιτ’
2312 3706 2378 3761 ἂν
2416 3704 2626 3777 Πατὴρ,
2657 3704 2734 3768 ὡς
2788 3703 2896 3756 οὐδ’
2927 3703 3087 3766 αὐτὸς
3125 3702 3318 3756 ἑαυτοῦ
3353 3702 3470 3765 υίὸς
3511 3700 3595 3753 ὢν
3628 3703 3725 3755 καὶ

452 3814 470 3845 ι
503 3796 679 3848 ditutn
712 3797 1021 3864 Operatrice
1053 3814 1068 3851 :
1104 3794 1339 3852 Verbum
1375 3796 1595 3865 inquam
1628 3797 1757 3851 illud
1790 3797 1933 3866 quod
1968 3797 2019 3849 in

2130 3800 2310 3872 μόνος,
2333 3794 2413 3862 εἷς
2434 3798 2491 3851 δὲ
2521 3796 2679 3868 μόνος
2709 3792 2797 3868 ἦν,
2829 3795 2926 3850 καὶ
2960 3794 3149 3859 ὲαυτὸς
3177 3793 3254 3863 τῷ
3281 3792 3477 3847 ἑαυτοῦ
3503 3794 3671 3863 Λόγῳ
3696 3794 3725 3845 0

452 3902 471 3936 ι
509 3884 667 3938 Patre
691 3885 813 3941 luit.
853 3910 872 3938 ο
906 3885 1119 3942 Rursus
1175 3897 1357 3941 autem
1402 3887 1647 3941 eamdem
1693 3887 2019 3942 sententiam

2129 3890 2281 3955 Θεὸς,
2325 3889 2484 3960 δῆλον
2528 3888 2605 3951 ὡς
2641 3888 2702 3941 ού
2736 3887 2926 3959 Πατὴρ
2951 3881 3040 3957 ἦν,
3075 3886 3149 3957 μὴ
3179 3884 3518 3955 ὑπάρχοντος
3571 3884 3724 3955 αὐτῷ

445 3977 770 4046 explicatius
796 3979 950 4048 ponit
971 3980 1024 4034 in
1049 3979 1433 4050 sequentibus:
1457 3978 1544 4051 [Β.
1566 3978 1674 4034 LlV
1706 3980 1828 4035 coll.
1863 3981 1946 4049 p.l
1965 3980 2019 4033 Π

2130 3982 2281 4037 Υἰοῦ·
2312 3981 2435 4035 οὕτε
2470 3982 2618 4046 Υἱὸς,
2658 3981 2732 4052 μὴ
2759 3978 3068 4051 ὑφεστῶτος
3100 3978 3249 4050 αὐτῷ
3268 3979 3501 4049 Πατρός.

451 4068 644 4135 0,165
677 4069 742 4141 Α]
788 4089 807 4122 t
845 4070 1002 4126 Prius
1022 4074 1167 4127 enim
1192 4088 1358 4143 quam
1389 4072 1624 4128 mundus
1653 4074 1980 4130 conderetur
2014 4116 2029 4139 ,
2062 4087 2182 4130 erat
2207 4074 2460 4145 Verbum;
2491 4075 2546 4129 in
2591 4072 2757 4129 Patre
2793 4089 2914 4128 suo.
2935 4072 3069 4128 Cum
3110 4087 3239 4127 vero
3278 4070 3420 4126 Deus
3469 4071 3725 4141 omnipo-

454 4180 473 4213 ι
507 4168 628 4215 tens
654 4173 918 4218 statueret
944 4166 1125 4220 omnia
1148 4179 1269 4235 qua:
1302 4164 1356 4218 in
1388 4164 1527 4219 coalo
1563 4175 1712 4230 sunt,
1751 4175 1805 4219 et
1841 4166 1892 4220 in
1925 4176 2090 4232 terra,
2130 4168 2366 4223 condere
2395 4188 2407 4223 :
2470 4165 2660 4222 mundi
2694 4166 2905 4220 creatio
2953 4164 3043 4218 illa
3079 4163 3359 4234 indigebat
3394 4164 3724 4233 operatione

455 4274 475 4307 ε
511 4253 779 4311 eﬂ‘ectiva.
816 4257 1043 4322 Idcirco,
1065 4273 1189 4313 cum
1234 4267 1436 4326 praeter
1466 4257 1633 4312 Deum
1666 4258 1797 4314 nihil
1826 4274 2049 4329 prorsus
2087 4271 2256 4326 esset,
2283 4260 2432 4329 (nam
2459 4268 2547 4314 est
2578 4258 2819 4329 positum
2856 4258 2988 4312 illud
3032 4258 3087 4312 in
3146 4258 3424 4324 confesso,
3457 4258 3719 4312 universa

454 4371 471 4398 ι
509 4347 675 4404 fuisse
713 4350 781 4405 ab
820 4349 912 4405 illo
936 4348 1175 4422 condita)
1203 4359 1331 4403 tunc
1374 4349 1673 4418 procedens
1701 4350 1936 4405 Verbum
2006 4350 2170 4405 ﬁebat
2231 4350 2417 4406 mundi
2450 4350 2721 4416 conditor,
2752 4349 2897 4418 quod
2951 4349 3103 4419 prius
3144 4348 3297 4403 intus
3326 4347 3724 4405 intellectuali'

454 4460 471 4491 ι
514 4450 596 4494 ter
634 4441 895 4509 residens,
931 4440 1053 4512 Ipse
1081 4441 1238 4511 fuit.»
1275 4447 1334 4505 >I<
1365 4442 1430 4496 Et
1459 4456 1651 4496 rursus
1679 4442 1994 4510 postomnia
2026 4442 2174 4497 addit
2208 4460 2221 4496 :
2251 4460 2271 4494 ι
2302 4440 2453 4496 Hanc
2490 4442 2562 4496 ob
2586 4455 2809 4495 causam
2847 4455 2957 4495 non
2986 4455 3045 4495 se
3071 4439 3321 4495 nominat
3346 4437 3560 4493 Filium
3598 4441 3719 4507 Dei,

454 4559 473 4587 ε
512 4535 603 4585 sed
631 4532 894 4586 hominem
920 4548 939 4586 :
975 4543 1033 4585 ut
1062 4532 1136 4586 ita
1185 4532 1483 4598 hominem,
1516 4547 1616 4603 per
1661 4534 2101 4587 communionem
2141 4547 2264 4587 cum
2324 4533 2443 4602 ipso
2479 4532 2815 4601 copulatum,
2841 4532 2956 4587 fieri
2987 4542 3311 4603 procuraret
3337 4532 3538 4587 Filium
3572 4533 3669 4588 Dei
3702 4554 3716 4587 :

455 4638 473 4669 ι
514 4633 569 4677 ct
602 4623 749 4678 ﬁnita
782 4626 883 4679 bac
924 4624 1351 4693 dispensationis
1401 4625 1617 4680 actione
1639 4664 1654 4690 ,
1699 4624 1898 4678 iterum
1946 4626 2093 4679 velut
2132 4626 2368 4681 Verbum
2400 4626 2693 4681 aduniatur
2726 4625 2837 4679 Deo
2872 4622 3172 4693 adimplens
3201 4626 3349 4694 quod
3381 4625 3595 4680 dictum
3638 4624 3721 4681 esi

456 4731 474 4762 ι
519 4716 585 4766 ab
610 4716 891 4783 Apostolo,
934 4715 1077 4770 Tunc
1125 4726 1174 4770 et
1215 4718 1325 4786 ipse
1378 4716 1640 4787 subjectus
1683 4718 1782 4770 erit
1835 4717 1955 4783 illi,
2007 4720 2095 4787 qui
2138 4720 2451 4789 omnia.ipsi
2487 4719 2804 4788 subjecerat,
2842 4727 2899 4771 ut
2954 4716 3031 4771 sic
3082 4717 3222 4772 Deus
3266 4717 3367 4787 ﬁat
3417 4720 3608 4773 omnia
3666 4720 3718 4772 in

457 4824 475 4855 ι
512 4806 951 4863 omnibus'.Tunc
979 4809 1122 4861 enim
1148 4809 1252 4862 erit
1282 4810 1424 4863 idem
1455 4809 1596 4878 quod
1628 4808 1776 4878 prius
1802 4808 2035 4864 fuerat.»
2086 4810 2219 4865 Tant
2254 4812 2438 4866 multis
2479 4809 2764 4865 Marcellus
2826 4810 2959 4864 illud
3000 4810 3134 4882 egit,
3184 4818 3245 4864 ut
3296 4809 3541 4865 revelata
3579 4811 3719 4866 facie

451 4896 543 4952 Dei
590 4899 785 4954 Filium
830 4902 1025 4971 ejnret.
1083 4904 1140 4955 Si
1170 4902 1315 4956 enim
1348 4917 1489 4957 unus
1536 4911 1700 4967 atque
1728 4904 1868 4958 idem
1901 4913 2021 4958 erat
2061 4904 2226 4967 Deus,
2258 4905 2477 4974 etquod
2505 4905 2557 4958 iu
2583 4902 2693 4958 Deo
2710 4914 2827 4958 erat
2848 4902 3108 4969 Verbum,
3164 4912 3221 4958 et
3277 4918 3441 4958 nemo
3470 4918 3715 4973 unquam

452 4991 781 5062 sibiinetipsi
816 4994 1052 5047 exsistat
1083 4991 1266 5059 Pater,
1321 5001 1381 5046 ut
1443 5006 1544 5049 nec
1594 4992 1767 5048 Filius
1818 4994 2107 5062 quisquam
2147 4993 2252 5049 sibi
2282 4993 2410 5065 ipsi,
2435 4997 2528 5063 qui
2556 5008 2695 5047 unus
2733 5001 2900 5057 esset,
2928 5007 3069 5047 unus
3102 5001 3282 5048 autem
3311 4990 3462 5047 solus
3508 5003 3635 5046 erat
3664 4988 3717 5047 el

453 5085 685 5153 ipsemet
709 5103 808 5142 suo
846 5087 1023 5142 Verbo
1089 5089 1251 5153 Deus,
1302 5099 1526 5159 apparet
1578 5091 1723 5159 quod
1761 5105 1867 5144 non
1905 5099 2025 5143 erat
2063 5090 2246 5159 Pater,
2305 5105 2431 5145 cum
2489 5089 2734 5144 nondum
2787 5095 3032 5143 exstaret
3100 5086 3271 5157 ipsius
3312 5084 3527 5141 Filius:
3561 5086 3711 5145 item.

452 5180 596 5245 quod
624 5194 727 5233 non
751 5189 867 5233 erat
904 5178 1092 5245 Filius,
1120 5195 1245 5234 cum
1294 5182 1529 5235 nondum
1562 5187 1808 5234 exstaret
1841 5178 2025 5234 Pater.
3044 5174 3053 5182 ’

526 5270 602 5323 Ex
638 5270 924 5327 antedictis
952 5272 1072 5326 ideo
1099 5273 1481 5342 cognoscimus
1494 5288 1614 5342 quae
1629 5282 1683 5328 et
1705 5272 1884 5343 qualia
1907 5274 2009 5326 iste

453 5361 614 5415 homo
632 5373 1027 5419 commentatus
1043 5375 1146 5432 est,
1168 5364 1235 5419 de
1256 5363 1433 5419 Verbo
1456 5365 1549 5419 Dei
1567 5380 1673 5420 non
1693 5366 2009 5431 exsistente,

2197 5267 2391 5321 Ὀποῖα
2420 5265 2521 5337 μὲν
2540 5262 2635 5319 οῦν
2665 5265 2793 5335 περὶ
2822 5263 2917 5318 τοῦ
2954 5263 3085 5335 μηδὲ
3110 5257 3271 5328 εἶναι,
3301 5260 3437 5335 μηδὲ
3471 5267 3714 5333 προῦφε-

2123 5362 2313 5417 στάναι
2366 5360 2459 5414 τὸν
2514 5357 2611 5413 τοῦ
2664 5357 2803 5412 Θεοῦ
2862 5358 3012 5423 Υίὸν,
3065 5355 3319 5427 ψιλὸνύδὲ
3355 5354 3536 5424 Λόγον
3568 5355 3711 5410 ἑνῶν

532 5535 591 5593 v14
630 5532 728 5590 Ed.
752 5534 955 5601 Paris.,
993 5551 1114 5608 pag.
1151 5536 1242 5591 42.
1335 5538 1351 5568 ¹
1390 5537 1543 5592 Deut.
1577 5553 1659 5601 ιιι,
1690 5536 1793 5599 24;
1822 5552 1896 5600 ιν,
1923 5536 2012 5591 59.

2133 5576 2146 5590 .
2174 5532 2461 5599 vam,l‘2.
2505 5530 2527 5560 ¹
2554 5526 2717 5585 lCor.
2755 5544 2847 5597 xv,
2873 5528 2966 5585 28.
3038 5527 3061 5560 ³
3086 5526 3214 5583 ibid.

532 5668 642 5738 (5|)
686 5669 888 5724 Πάντα
940 5673 1039 5725 καὶ
1083 5673 1152 5727 ἐν·
1204 5671 1353 5726 πᾶσι
1402 5673 1669 5739 Χριστός.
1705 5670 1815 5725 Imo
1860 5672 2024 5733 Θεός,

2131 5669 2293 5736 vulgo
2335 5667 2484 5739 αὐτῷ
2517 5669 2694 5723 πάντα
2728 5676 2782 5722 et
2814 5664 2958 5722 infra
3004 5661 3181 5734 ἑαυτῷ
3208 5671 3261 5718 et
3302 5662 3395 5715 τὸν
3433 5657 3533 5714 τοῦ
3573 5655 3707 5715 (⁸ῖὺ

462 5742 600 5809 apud
621 5742 931 5810 Apostolum
950 5754 1003 5798 et
1027 5745 1093 5799 dc
1117 5746 1384 5799 sententia
1402 5743 1659 5799 Marcelli.
1685 5743 1753 5797 Μ.
1778 5773 1843 5781 —
1870 5742 2041 5811 Supra

2150 5740 2341 5808 Λόγον.
