3836 6216
474 291 576 348 799
1138 291 1408 347 EUSEBII
1443 289 1918 346 CAsSAnu-JNSIS
1951 290 2100 347 OPP.
2143 291 2320 346 pass
2356 290 2444 345 tv.
2479 319 2549 331 -
2584 287 3001 345 DOGMA'I‘lCA.
3620 283 3699 338 800
3787 311 3795 384 1

475 417 780 470 seebatur.»
820 414 916 468 llic
945 416 1173 469 observa
1201 417 1332 469 mihi
1367 425 1569 480 autem,
1617 416 1851 485 qualiter
1900 415 2038 470 Mar-

2145 415 2400 485 τύχηκεν,
2429 412 2613 483 ἐπειδὴ
2646 411 2861 478 ὁΔόγος
2893 409 3030 480 σὰρξ
3063 411 3331 475 ἐγενετο.»
3370 405 3543 475 Τήρει
3580 405 3700 464 ὅπως
3793 419 3796 454 l

472 507 642 561 ccllus
690 521 880 559 nomen
922 506 1049 562 Jesu
1101 517 1156 560 et
1202 508 1430 571 Christi,
1475 517 1532 561 et
1577 519 1803 562 exteras
1832 522 2038 577 quoque

2145 505 2232 559 διὰ
2272 504 2474 557 τούτων
2507 501 2824 573 Μάρκελλος
2859 500 2952 553 τοῦ
2993 497 3167 568 Ἰησοῦ
3205 498 3298 550 καὶ
3329 494 3572 566 Χριστοῦ
3608 494 3700 544 ὖνο-
3797 493 3800 516 ⁵

475 599 884 668 appellationes.
916 615 1021 653 non
1046 599 1111 653 de
1136 597 1313 654 Verbo
1345 601 1626 654 contendit
1651 603 1921 670 usurpari,
1951 605 2044 655 sed

475 702 682 745 tantum
710 694 775 745 de
797 707 983 755 carne,
1024 707 1187 761 quam
1225 695 1526 763 assumpsit
1565 694 1825 748 Verbum.
1880 695 2047 763 quue

363 789 380 804 '
475 783 734 848 quoniam
766 783 856 836 ubi
887 798 1106 836 carnem
1170 783 1366 850 reiicit,
1411 786 1627 838 demum
1681 786 1733 839 in
1767 785 2044 840 Christum

480 870 578 923 Dei
607 871 803 940 impius
831 872 1102 938 reperitur
1137 887 1152 924 :
1178 874 1353 940 pergit
1379 874 1577 938 adhuc,
1623 884 1679 928 et
1709 874 1774 928 de
1820 889 2048 943 corpore

477 963 782 1018 Servatoris
829 965 894 1017 ad
927 964 1071 1018 hunc
1107 967 1322 1019 modum
1351 967 1543 1020 scribit
1579 985 1591 1020 :
1621 966 1713 1038 [R.
1748 967 1885 1040 Vlll]
1918 987 1936 1019 ι
1968 968 2048 1026 Nc

481 1073 502 1103 ε
533 1053 637 1107 hoc
669 1054 840 1120 ipsum
877 1055 1147 1109 immerito
1174 1057 1471 1110 arbitretur
1490 1059 1770 1122 Asterius,
1795 1059 1838 1112 si
1864 1070 2046 1126 poste-

484 1165 504 1195 ‹
537 1146 646 1198 rior
668 1147 931 1200 exsistens
951 1163 1049 1202 suo
1073 1163 1299 1217 corpore
1316 1149 1380 1203 ad
1408 1150 1782 1216 antiquitatem
1804 1153 2047 1220 aspirare

481 1256 501 1287 ι
534 1247 783 1306 nequeat,
807 1239 900 1292 sed
923 1240 1254 1305 recordetur,
1281 1243 1424 1308 quod
1445 1251 1718 1308 utcunque
1742 1244 2044 1311 contingat,

479 1344 500 1373 ‹
537 1326 824 1379 humanam
849 1328 1003 1381 istam
1043 1343 1260 1382 carnem
1292 1332 1642 1398 posteriorem
1683 1347 1826 1395 esse,
1859 1333 2050 1389 nihilo-

479 1436 498 1465 ε
535 1416 710 1470 minus
742 1419 832 1486 qui
865 1419 1010 1472 illam
1035 1435 1128 1488 per
1153 1423 1550 1477 sanctissimam
1585 1424 1860 1493 Virginem
1891 1441 2047 1480 assu-

478 1527 497 1558 ‹
535 1523 681 1562 mere
706 1510 956 1579 dignatus
981 1522 1087 1577 est,
1121 1513 1352 1567 Verbum
1379 1512 1470 1567 Dei
1505 1555 1520 1581 ,
1557 1515 1778 1570 adunito
1811 1515 1884 1570 illi
1926 1531 2046 1583 suo,

479 1621 495 1651 ι
532 1603 673 1668 quod
697 1613 837 1668 erat,
859 1605 1130 1659 hominem
1159 1606 1305 1658 illum
1325 1622 1480 1660 suum
1510 1608 1769 1662 universae
1787 1618 2050 1663 creaturae

479 1711 496 1740 ‹
534 1691 954 1761 Primogenitum
981 1695 1294 1761 reddiderit,
1316 1706 1370 1749 et
1387 1713 1564 1750 rerum
1585 1698 1821 1751 omnium
1841 1699 2046 1768 princi—

2150 616 2246 668 μα,
2279 598 2372 650 καὶ
2394 597 2490 659 τὰς
2517 595 2710 657 λοιπὰς
2739 592 3126 665 προσηγορίας,
3153 591 3215 643 οὐ
3244 589 3491 660 βούλεται
3517 586 3701 638 κεῖσθαι

2147 691 2238 743 ἐπὶ
2278 689 2370 744 τοῦ
2402 689 2600 756 Λόγου,
2650 687 2764 741 ἀλλ’
2790 687 2883 739 ἐπὶ
2920 686 3020 755 τῆς
3057 682 3260 755 σαρκὸς
3298 677 3366 751 ἧς
3413 679 3700 748 ἀνείληφεν.

2158 782 2455 850 Ἀναγκαία
2482 780 2589 850 δὲή
2620 779 2962 850 ἐπιτήρησις,
2986 778 3053 828 ἵν’
3078 777 3203 828 ὅταν
3228 774 3385 834 αὐτὸς
3415 770 3581 823 πάλιν
3601 771 3707 821 ἀπο-

2147 873 2285 944 ϐάλῃ
2306 873 2402 944 τὴν
2427 873 2623 943 σάρκα,
2659 871 2931 939 ἐλέγχοιτο
2952 866 3162 920 ἀσεϐῶν
3184 867 3296 931 (59)
3326 863 3417 916 τὸν
3449 864 3533 925 εἰς
3566 861 3705 913 αὑτὸν

2145 965 2378 1037 Χριστὸν
2397 964 2487 1017 τοῦ
2505 961 2658 1015 Θεοῦ.
2689 962 2843 1016 Μετά
2867 960 2931 1031 δὴ
2959 960 3028 1012 τά
3052 956 3413 1030 προλεχθέντα
3445 953 3576 1022 ἐξῆς
3593 969 3706 1021 προ-

2145 1056 2262 1118 ῖὼν,
2285 1055 2353 1108 τὰ
2376 1056 2501 1125 περ)¹
2530 1054 2623 1106 τοῦ
2661 1051 2909 1121 σώματος
2936 1050 3028 1102 τοῦ
3053 1048 3326 1122 Σωτῆρος,
3347 1046 3575 1099 τοιαῦτα
3599 1043 3711 1111 γρά·

2149 1165 2238 1216 (ρει
2256 1164 2269 1178 ο
2306 1168 2323 1199 ι
2349 1147 2460 1200 Καὶ¹
2494 1148 2567 1218 μὴ
2590 1145 2746 1199 τοῦτο
2770 1142 3034 1198 ἀπίθανον
3057 1137 3193 1194 εἶναι
3225 1138 3497 1210 νομιζέτω
3543 1136 3708 1188 Ἀστέ-

2155 1259 2172 1291 ι
2201 1256 2330 1310 ριος,
2365 1240 2414 1290 εί
2441 1237 2700 1309 νεώτερον
2730 1237 2788 1291 ὃν
2817 1234 2980 1288 αὐτοῦ
3009 1232 3259 1304 σώματος
3277 1232 3409 1302 (60),
3445 1230 3617 1297 αὐτῆς
3631 1246 3710 1278 τυ·

2154 1350 2172 1382 ι
2198 1333 2312 1399 χεῖν
2336 1330 2689 1400 ἀρχαιότητος
2719 1328 2946 1398 ἐδυνήθη
2971 1345 2982 1357 ·
3035 1325 3146 1379 ἀλλ’
3187 1325 3455 1386 ἐννοείτω,
3513 1323 3610 1374 καὶ
3644 1322 3713 1372 ὅτι.

2155 1443 2172 1472 ι
2202 1421 2436 1491 μάλιστα
2453 1421 2548 1492 τὴν
2568 1420 2663 1474 ἀνθ
2673 1419 2911 1491 ρωπίνην
2931 1417 3107 1488 σάρκα
3138 1414 3407 1484 νεωτέραν
3429 1408 3572 1465 εἶναι
3591 1428 3712 1480 συμ-

2154 1530 2172 1562 ι
2198 1509 2393 1577 ϐαίνει,
2425 1512 2575 1580 ὅμως
2601 1514 2629 1564 ό
2655 1509 2858 1579 ταύτην
2889 1505 3176 1561 ἀναλαϐεῖν
3201 1505 3266 1556 δι’
3296 1503 3470 1571 ἁγνῆς
3489 1501 3713 1564 ἀξιώσας

2156 1620 2172 1651 ι
2200 1600 2476 1670 Παρθένου
2504 1599 2695 1667 Λόγος,
2728 1599 2896 1670 ταύτῃ
2923 1597 2983 1650 τὸ
3013 1593 3204 1649 ἐαυτοῦ
3227 1593 3454 1655 ἐνώσας,
3477 1595 3541 1645 οὐ
3573 1593 3714 1662 μόνον

2155 1695 2541 1764 σιΠρωτότοκον
2573 1693 2751 1761 πάσης
2774 1690 3001 1753 κτίσεως
3040 1689 3132 1741 τὸν
3161 1689 3217 1739 ἐν
3247 1684 3427 1753 ἐαυτῷ
3443 1684 3716 1755 ἄνθρωπον

477 1803 493 1835 4
532 1784 675 1852 pium
703 1785 887 1839 volens
918 1788 1284 1852 constituerit,
1302 1805 1486 1844 earum
1511 1805 1628 1860 qua:
1645 1792 1697 1846 in
1714 1795 1875 1847 terris
1896 1803 2038 1862 sunt,

2152 1807 2170 1838 ι
2191 1786 2478 1840 κτισθέντα
2524 1783 2926 1854 ἀπειργάσατο,
2969 1782 3106 1834 ἀλλά
3141 1780 3234 1833 καὶ
3267 1779 3440 1850 ἀρχὴν
3473 1779 3715 1831 ἁπάντων

478 1895 496 1926 ι
531 1886 582 1928 et
598 1891 719 1945 qua:
738 1878 788 1930 in
807 1879 976 1932 caelis.
991 1897 1010 1929 ι
1036 1879 1155 1934 llam
1174 1883 1262 1949 qui
1279 1882 1518 1951 scripsit,
1537 1879 1924 1938 commemorat
1943 1886 2045 1940 ali-

471 1976 674 2035 quanto
701 1977 825 2035 post
849 1970 1093 2038 Apostoli
1123 1975 1308 2035 verba,
1335 1973 1536 2040 quibus
1577 1974 1697 2028 Filii
1731 1977 2044 2032 constabilit

469 2056 809 2111 divinitatem
841 2076 855 2111 :
882 2059 968 2112 illa
1001 2062 1281 2124 nimirum,
1312 2061 1414 2128 Qui
1435 2071 1511 2116 est
1540 2065 1713 2134 imago
1737 2064 1829 2118 Dei
1857 2068 2042 2120 invisi-

472 2147 616 2212 bilis,
642 2150 1016 2219 primogenitus
1054 2155 1221 2206 omnis
1251 2165 1531 2217 creatum,
1561 2156 1808 2225 quoniam
1839 2158 1894 2210 in
1930 2160 2040 2222 ipso

470 2241 685 2292 condita
706 2253 824 2293 sunt
855 2243 1123 2308 universa,
1164 2247 1218 2298 in
1238 2246 1379 2299 catis
1405 2256 1453 2299 et
1481 2248 1535 2299 in
1558 2256 1722 2312 terra,
1748 2251 1972 2303 visibilia
1993 2261 2039 2304 et

468 2331 774 2396 invisibilia,
799 2334 902 2386 sive
929 2335 1127 2400 throni,
1161 2337 1266 2390 sive
1298 2337 1708 2404 dominationes,
1742 2341 1850 2393 sive
1890 2343 2040 2406 prin-

467 2421 696 2489 cipatus,
726 2425 831 2478 sive
851 2435 1133 2493 potestates
1159 2444 1177 2480 :
1211 2430 1390 2482 omnia
1415 2446 1510 2497 per
1546 2431 1720 2498 ipsum
1751 2441 1798 2484 et
1834 2432 1890 2484 in
1929 2433 2040 2500 ipso

468 2523 791 2581 creata'sunt
812 2532 830 2578 ;
853 2527 898 2568 et
921 2518 1030 2584 ipse
1064 2527 1185 2572 ante
1206 2537 1404 2585 omnes,
1432 2531 1481 2575 et
1510 2523 1687 2575 omnia
1714 2523 1766 2576 in
1784 2524 1894 2591 ipso
1925 2540 2042 2576 con-

467 2609 611 2655 stant
642 2604 682 2657 ⁸.
711 2602 838 2659 Haec
860 2608 1041 2660 omnia
1065 2607 1131 2661 ad
1159 2623 1379 2663 carnem
1395 2612 1541 2665 dicta
1569 2611 1755 2676 refert,
1787 2627 1886 2666 nec
1915 2628 2040 2667 eru-

467 2693 586 2747 buit
610 2694 707 2750 has
741 2711 901 2751 voces
929 2699 1253 2767 apostolicas
1285 2701 1351 2755 de
1377 2702 1464 2758 illa
1486 2717 1654 2758 carne
1681 2704 1855 2758 dictas
1873 2706 2042 2759 inter-

467 2786 690 2852 pretari,
717 2787 782 2840 de
802 2803 904 2856 qua
938 2790 1047 2859 ipsa
1078 2791 1130 2843 in
1177 2794 1533 2860 sequentibus
1564 2795 1628 2848 ad
1654 2794 1798 2849 hunc
1821 2796 2038 2850 modum

469 2877 658 2932 scribit
685 2877 774 2949 [Β.
811 2879 980 2952 CIV]:
1011 2902 1029 2933 ι
1076 2882 1131 2936 Si
1169 2884 1406 2938 fateatur
1444 2885 1563 2938 ideo
1594 2885 1874 2950 Servator,
1921 2902 2040 2940 car-

472 2985 494 3018 ι
532 2984 650 3023 nem
672 2987 782 3034 non
801 2975 1077 3040 prodesse,
1099 2975 1238 3029 unde
1267 2975 1346 3040 fit,
1365 2985 1426 3028 ut
1451 2991 1600 3039 caro,
1630 2992 1749 3044 qua:
1771 2987 1825 3031 et
1845 2982 1902 3040 ᾗ
1920 2987 2038 3031 orta

473 3078 493 3111 ι
523 3072 606 3114 est
634 3063 700 3116 de
733 3071 901 3129 terra,
933 3074 987 3118 et
1014 3065 1144 3119 nihil
1175 3067 1414 3135 prodest,
1441 3083 1560 3121 cum
1586 3067 1849 3137 profuerit
1881 3070 2034 3135 nihil,

473 3169 492 3201 ι
523 3152 574 3203 in
609 3149 788 3206 futuro
817 3154 1012 3208 saeculo
1059 3153 1233 3211 Verbo
1267 3158 1525 3211 assistat?
1561 3177 1580 3209 ι
1618 3158 1712 3227 (cf.
1743 3175 1797 3228 p.
1839 3161 1941 3214 182
1965 3161 2032 3233 A]

469 3243 665 3297 lterum
696 3245 762 3299 de
783 3246 970 3300 eadem
1009 3247 1096 3301 illa
1122 3249 1194 3303 ita
1234 3250 1395 3304 infit:
1433 3271 1451 3302 ‹
1487 3251 1768 3317 Quomodo
1794 3268 1892 3322 par
1937 3254 2039 3309 fuit

475 3351 494 3382 ι
531 3341 588 3386 nt
607 3335 748 3388 servi
782 3333 981 3402 forma,
1002 3353 1161 3408 quam
1190 3342 1482 3412 assumpsit
1504 3342 1604 3396 sibi
1634 3342 1887 3409 Verbum,
1911 3360 2035 3400 cum

473 3439 494 3474 ι
528 3425 758 3480 exsistat
801 3427 973 3484 forma
1003 3432 1166 3495 servi,
1210 3433 1386 3487 Verbo
1421 3445 1735 3502 permaneat
1793 3438 2031 3492 adunita.

473 3531 494 3565 ι
532 3515 692 3571 Certe
739 3524 926 3588 nequit
983 3523 1119 3578 fieri.
1154 3543 1172 3575 ι
1217 3525 1280 3578 Et
1321 3535 1499 3580 tamen
1552 3527 1643 3582 ille
1695 3528 1810 3598 ipse
1847 3531 1937 3597 qui
1971 3533 2038 3584 de

464 3620 631 3661 carne
667 3607 742 3662 ita
795 3612 1036 3681 scripsit,
1076 3613 1128 3668 in
1161 3617 1412 3683 praesenti
1449 3617 1596 3671 illam
1631 3627 1790 3674 vocat
1843 3620 2037 3692 imagi-

467 3713 592 3753 nem
631 3700 747 3766 Dei,
779 3713 834 3758 et
862 3706 1039 3760 omnis
1067 3717 1333 3762 creaturae
1363 3709 1817 3779 primogenitam;
1862 3715 2033 3783 ipsam

467 3803 594 3846 ante
623 3796 803 3849 omnia
834 3798 1111 3853 exstitisse
1136 3800 1272 3853 dicit
1296 3815 1310 3851 :
1339 3809 1394 3854 et
1417 3801 1470 3854 in
1500 3801 1589 3855 illa
1613 3804 1830 3857 condita
1865 3804 2036 3860 fuisse

467 3879 716 3934 universa
741 3882 920 3950 docet,
955 3900 1077 3938 eum
1108 3903 1228 3956 qua:
1253 3888 1306 3941 in
1345 3897 1490 3943 terra
1516 3900 1663 3954 sunt,
1699 3900 1811 3946 tum
1834 3907 1954 3962 quae
1979 3895 2033 3948 in

466 3969 644 4037 caelis,
683 3973 926 4040 thronos,
951 3976 1370 4043 dominationes,
1409 3983 1770 4050 principatus,
1799 3997 2039 4054 potesta-

475 4072 576 4117 tes.
617 4063 788 4120 Verba
833 4069 976 4124 illius
1023 4080 1148 4125 sunt
1177 4071 1197 4143 [
1226 4073 1292 4127 Β.
1327 4073 1560 4147 lV-Vll]
1601 4094 1614 4130 :
1669 4096 1688 4129 ‹
1724 4077 1780 4132 Si
1816 4080 1932 4148 ipse
1964 4081 2036 4136 sit

474 4173 497 4207 ι
525 4158 701 4212 omnis
729 4170 998 4216 creatura:
1036 4163 1432 4234 primogenitus
1453 4207 1469 4232 ,
1496 4176 1551 4222 et
1595 4169 1648 4224 in
1674 4170 1793 4241 ipso
1812 4173 2031 4227 condita

474 4260 496 4296 ι
525 4254 650 4299 sunt
704 4248 980 4314 universa,
1011 4251 1317 4323 intelligere
1335 4271 1431 4310 nos
1457 4269 1692 4326 oportet,
1719 4263 2034 4329 Apostolum

471 4351 495 4387 ι
525 4336 576 4389 in
607 4340 858 4406 praesenti
890 4343 1224 4399 mentionem
1267 4345 1451 4402 facere
1477 4349 1545 4404 de
1593 4351 1682 4405 illa
1737 4355 2033 4408 secundum

2152 1897 2170 1930 ι
2195 1877 2357 1931 αὐτὸν
2373 1873 2510 1930 εἶναι
2529 1876 2791 1946 βούλεται,
2809 1875 2869 1926 οὐ
2885 1874 2991 1928 τῶν
3019 1874 3111 1926 ἐπὶ
3137 1874 3238 1943 γῆς
3261 1872 3439 1941 μόνον,
3470 1871 3610 1924 ἀλλά
3633 1871 3716 1922 καὶ
3802 1925 3803 1946 ἢ

2151 1987 2170 2020 ι
2191 1969 2298 2021 τῶν
2328 1970 2384 2020 ἐν
2409 1968 2708 2038 οὐρανοῖς.»
2748 1963 3000 2017 Τοσαῦτα
3023 1961 3213 2028 εἰπὼν,
3267 1960 3385 2032 μεθ’
3415 1960 3583 2031 ἔτερα
3626 1959 3714 2021 τὰς

2143 2059 2505 2122 ἀποστολικάς
2543 2058 2746 2127 φωνὰς,
2782 2056 2848 2109 δι’
2875 2051 2949 2109 ὧν
2973 2055 3064 2108 τὸν
3088 2055 3213 2107 Υἱὸν
3241 2052 3335 2105 τοῦ
3369 2052 3507 2105 Θεοῦ
3550 2052 3714 2103 θεολο-

2143 2156 2249 2222 γεῖ,
2288 2153 2531 2222 φάσκων,
2569 2151 2664 2216 Ὅς
2697 2150 2866 2202 ἐστιν
2891 2147 3067 2201 εἰκὼν
3092 2146 3196 2200 τοῦ
3236 2146 3382 2198 Θεοῦ
3417 2144 3527 2198 τοῦ
3550 2141 3713 2210 ἀορὰ-

2146 2263 2272 2308 του,
2302 2245 2672 2311 πρωτότοκος
2697 2241 2898 2308 πάσης
2919 2241 3168 2303 κτίσεως
3189 2254 3201 2268 ·
3221 2238 3309 2290 ὅτι
3329 2233 3398 2290 ἓν
3429 2237 3592 2301 αὐτῷ
3612 2236 3711 2305 (61)
3802 2251 3803 2290 ;

2139 2334 2384 2401 ἐκτίσθη
2433 2331 2506 2385 τὰ
2553 2331 2769 2395 πάντα,
2832 2331 2903 2384 τὰ
2951 2332 3020 2384 ἐν
3048 2329 3173 2396 τοῖς
3213 2328 3490 2396 οὐρανοῖς
3518 2327 3617 2381 καὶ
3656 2327 3717 2379 τὰ
3802 2321 3803 2330 “

2139 2425 2237 2476 ἐπὶ
2260 2423 2370 2493 τῆς
2395 2423 2531 2494 γῆς,
2559 2425 2679 2476 εἴτε
2707 2423 2930 2491 θρόνοι,
2951 2423 3070 2476 εἴτε
3096 2423 3459 2490 κυριότητες,
3481 2422 3603 2473 εἴτε
3623 2421 3716 2486 ἀί-

2141 2515 2262 2584 χαὶ,
2299 2515 2418 2568 εἴτε
2453 2514 2744 2578 ἐξουσίαι,
2784 2514 2856 2567 τὰ
2899 2513 3094 2567 πάντα
3131 2513 3203 2566 δι’
3248 2513 3456 2577 αὑτοῦ,
3507 2513 3607 2565 καὶ
3642 2514 3715 2575 εἰς

2140 2607 2324 2661 αὑτὸν
2339 2607 2622 2669 ἔκτισται,
2641 2607 2739 2659 καὶ
2761 2608 2944 2670 αὐτός
2963 2607 3091 2659 ἐστι
3111 2605 3222 2674 πρὸ
3245 2604 3508 2668 πάντων,
3539 2604 3634 2656 καὶ
3657 2605 3716 2655 τὰ

2140 2699 2336 2752 πάντα
2363 2701 2448 2764 εὶς
2473 2699 2658 2752 αὐτὸν
2687 2697 3033 2767 συνέστηκε
3052 2740 3067 2764 ,
3109 2698 3202 2750 ἐπὶ
3243 2697 3340 2768 τὴν
3371 2696 3556 2766 σάρκα
3597 2697 3715 2748 ἁνα-

2141 2791 2328 2862 φέρειι
2381 2793 2482 2844 οὐκ
2524 2790 2790 2862 ἐρυθριῶν
2821 2791 2919 2854 τὰς
2959 2790 3210 2853 τοιαύτας
3250 2790 3343 2842 τοῦ
3399 2788 3713 2841 Ἀποστὸλου

2141 2883 2325 2952 φωνὰς
2361 2883 2720 2954 ἐκλαμϐάνειν
2763 2883 2855 2935 ἐπὶ
2885 2883 2982 2952 τὴν
3018 2883 3216 2952 σάρκα,
3258 2882 3386 2952 περὶ
3413 2877 3485 2953 ἦς
3523 2880 3714 2950 προῖὼν

2139 2977 2300 3040 αὐτὸς
2339 2977 2653 3048 Μάρκελλος
2687 2977 2860 3030 ταῦτα
2897 2977 3129 3048 γράφει·
3165 2996 3182 3028 ι
3220 2977 3282 3029 Et
3327 2972 3423 3029 οῦν
3458 2979 3486 3029 ὁ
3532 2973 3712 3044 Σωτὴρ

2146 3087 2165 3120 ι
2204 3070 2452 3140 ὁμολογεῖ
2470 3069 2564 3139 τὴν
2596 3068 2772 3140 σάρκα
2791 3069 2952 3138 μηδὲν
2969 3068 3212 3136 ὠφελεῖν,
3239 3067 3358 3130 πῶς
3379 3069 3619 3137 ἐγχωρεῖ
3630 3065 3713 3134 τὴν

2146 3181 2164 3213 ι
2204 3163 2268 3214 ἐκ
2283 3162 2384 3232 γῆς
2397 3179 2456 3214 τε
2476 3157 2533 3214 οῦ
2542 3178 2658 3225 σαν,
2675 3161 2767 3213 καὶ
2785 3160 2950 3231 μηδὲν
2966 3160 3278 3229 ὠφελοῦσαν
3297 3163 3354 3213 ἐν
3371 3164 3484 3223 τοῖς
3506 3158 3716 3229 μέλλου-

2142 3275 2161 3308 ‹
2204 3274 2288 3310 σιν
2312 3257 2471 3310 αἰῶσι
2486 3256 2560 3319 ὡς
2573 3255 2721 3326 αὑτῷ
2740 3253 3118 3307 λυσιτελοῦσαν
3135 3254 3243 3324 (62)
3265 3257 3504 3306 συνεῖναι
3528 3252 3606 3321 τῷ
3623 3250 3713 3304 Λό-

2143 3364 2162 3398 ι
2200 3364 2316 3417 γῳ;
2350 3366 2369 3399 ι
2403 3347 2520 3400 Κᾶν
2553 3342 2707 3407 αὖθις
2733 3346 2862 3418 περὶ
2889 3347 2990 3417 τῆς
3013 3346 3182 3415 αὐτῆς
3213 3344 3414 3415 σαρκὸς
3448 3345 3712 3414 ἐπιλέγει·

2143 3455 2162 3488 ι
2197 3435 2320 3499 Πῶς
2341 3435 2446 3488 ἔδει
2464 3435 2562 3507 τὴν
2576 3434 2669 3488 τοῦ
2686 3435 2873 3489 δούλου
2903 3435 3134 3507 μορφὴν,
3158 3435 3223 3506 ἣν
3256 3433 3552 3504 ἀνείληφεν
3575 3439 3603 3490 ὁ
3625 3437 3718 3489 Λό-

2141 3546 2160 3578 ι
2202 3543 2318 3595 γος,
2339 3526 2550 3598 μορφὴν
2568 3523 2731 3580 οὖσαν
2747 3526 2932 3580 δούλου
2954 3528 3187 3579 συνεῖναι
3201 3525 3277 3596 τῷ
3293 3526 3483 3595 Λόγῳ;
3505 3527 3596 3579 Διὸ
3612 3526 3719 3580 ἀδύ-

2142 3637 2160 3670 ι
2199 3635 2357 3672 νατον
2388 3619 2578 3686 γένοιτ’
2601 3620 2683 3673 ἄν.
2723 3639 2741 3670 ι
2789 3619 2924 3671 Ἀλλ’
2951 3619 2979 3670 ό
3005 3617 3227 3671 τοιαῦτα
3257 3618 3383 3688 περὶ
3407 3619 3510 3687 τῆς
3528 3619 3717 3691 σαρκκ

2137 3709 2304 3766 εἰπὼν
2333 3711 2427 3765 νῦν
2451 3711 2634 3764 εἰκόνα
2656 3711 2747 3764 τοῦ
2775 3710 2908 3764 Θεοῦ
2926 3707 3095 3781 αὐτὴν
3121 3709 3288 3778 λέγει,
3320 3710 3416 3762 καὶ
3442 3712 3719 3780 Πρωτότο-

2137 3819 2232 3856 κον
2262 3802 2441 3872 πάσης
2463 3803 2714 3866 κτίσεως,
2743 3803 2914 3873 αὐτήν
2942 3820 3000 3855 τε
3027 3798 3190 3856 οὖσαν
3229 3804 3336 3876 πρὸ
3360 3805 3603 3867 πάντων,
3634 3803 3720 3856 καὶ

2137 3895 2314 3947 πάντα
2333 3893 2402 3947 τά
2416 3895 2473 3946 ἐν
2486 3897 2598 3958 τοῖς
2613 3895 2882 3965 οὐρανοῖς,
2901 3895 2994 3947 καὶ
3014 3896 3083 3948 τὰ
3099 3896 3190 3946 ἐπὶ
3215 3896 3311 3964 τῆς
3332 3896 3457 3965 γῆς,
3481 3895 3718 3966 θρόνους,

2135 3986 2477 4059 κυριότητας,
2504 3987 2697 4058 ἀρχὰς,
2734 3987 3000 4054 ἐξουσίας,
3030 3989 3088 4040 ἐν
3109 3988 3244 4058 αὐτῇ
3272 3989 3543 4042 ἐκτίσθαι.
3582 3989 3622 4040 Γ
3629 3990 3718 4058 ρά-

2137 4096 2226 4148 φει
2251 4078 2307 4131 δὲ
2330 4077 2502 4142 οὕτως
2524 4096 2536 4108 ·
2564 4097 2581 4128 ι
2605 4078 2811 4132 Οὐκοῦν
2835 4078 3184 4150 Πρωτότοκος
3208 4079 3305 4148 μέν
3332 4080 3481 4132 ἐστιν
3507 4080 3717 4148 ἀπάσης

2141 4190 2161 4222 ι
2208 4171 2438 4234 κτίσεως
2459 4171 2639 4235 αὐτὸς,
2664 4173 2720 4224 ἐν
2740 4171 2888 4241 αὐτῷ
2915 4171 2972 4224 δὲ
2997 4171 3218 4241 ἐκτίσθη
3247 4170 3318 4224 τὰ
3344 4173 3719 4244 adv-campos-

2144 4281 2163 4315 ι
2205 4265 2328 4333 ήκει
2359 4263 2556 4317 εἰδέναι
2581 4265 2750 4334 ἡμᾶς,
2771 4265 2850 4316 ὅτι
2867 4264 2995 4334 περὶ
3021 4265 3120 4335 τῆς
3143 4264 3284 4316 κατά
3302 4264 3487 4334 σάρκα
3516 4267 3718 4318 οἰκονο-

2145 4373 2162 4405 ι
2206 4355 2335 4424 μίας
2382 4354 2569 4418 αὐτοῦ,
2600 4355 2628 4407 ὁ
2690 4354 3008 4418 Ἀπόστολος
3053 4355 3171 4406 νυνί¹
3225 4354 3521 4425 μέμνηται.
3564 4376 3582 4407 ι
3616 4356 3718 4408 Καὶ

473 4446 494 4480 ι
529 4445 747 4486 carnem
794 4433 1218 4503 dispensatione.
1252 4458 1270 4490 ι
1297 4438 1602 4496 Confirmat
1651 4444 1756 4499 hoc
1807 4447 2036 4516 adjectis

2145 4445 2440 4498 ἐπιϐεϐαιοῖ
2476 4445 2566 4498 τὸν
2607 4446 2784 4514 λόγον,
2822 4445 3097 4517 ἐπιφέρων
3121 4445 3278 4516 ἐξῆςο
3317 4464 3335 4495 ι
3369 4447 3718 4514 Πρωτότοκος

467 4529 522 4574 et
553 4521 672 4576 istis
697 4538 712 4576 :
748 4542 767 4575 ι
789 4523 1026 4582 Vocatus
1056 4536 1140 4582 est
1190 4540 1378 4584 autem
1415 4533 1594 4588 omnis
1622 4544 1888 4592 creaturae
1911 4540 2026 4607 pri-

472 4631 494 4666 ‹
535 4617 862 4686 mogenitus,
895 4634 1000 4674 non
1059 4630 1119 4675 ut
1160 4621 1240 4677 illi
1296 4624 1655 4694 arbitrantur,
1708 4629 1852 4696 quod
1905 4639 2034 4685 ante

542 4759 600 4817 ὦ
633 4752 730 4807 Ed.
757 4751 953 4818 Paris.,
981 4771 1080 4826 pag
1113 4757 1203 4809 44.
1243 4757 1264 4788 ⁸
1286 4757 1493 4813 Coloss.
1515 4775 1553 4826 ι,
1579 4760 1668 4818 l6.
1701 4761 1782 4813 17.

537 4936 650 5014 (59)
687 4940 1010 5014 Εἰς-αὐτόν
1045 4942 1371 5014 ᾀσεϐὧντα.
1416 4944 1560 4999 Satis
1592 4945 1791 5014 liquet,
1825 4945 2032 5014 legend.

466 5009 546 5072 εἰς
585 5009 751 5087 αὐτὸν.
786 5010 996 5066 ἀσεϐῶν
1028 5013 1264 5087 τὸν-[είς
1307 5009 1785 5087 εοάᾶᾹΠΧριστόν.
1833 5009 2037 5085 Νέιιιρθ

465 5080 608 5146 quod
653 5080 820 5151 ipsius
863 5096 1061 5151 corpus
1097 5080 1228 5137 nihil
1262 5095 1357 5137 ant
1396 5080 1550 5139 nihili
1586 5080 1838 5139 'futurum
1881 5080 2031 5150 erat,

463 5151 696 5226 abeunte
716 5149 876 5226 Λόχῳ
898 5149 1170 5226 θόρευιη,
1195 5155 1246 5208 in
1263 5169 1370 5224 quo
1391 5157 1540 5226 prius
1569 5165 1710 5211 erat.
1730 5155 1801 5210 M.
1819 5185 1887 5196 —
1906 5149 2034 5210 Dein

464 5220 640 5294 vulgo
654 5220 792 5294 μετά
814 5221 879 5294 δέ,
898 5221 964 5274 τὰ
987 5223 1267 5294 λεχθέντα.

536 5288 664 5366 (60)
687 5291 882 5346 Αὐτοῦ
920 5288 1362 5366 σώματοςείῐηο
1392 5294 1570 5366 σῶμα.
1609 5295 1716 5350 Pro
1759 5295 2034 5366 σημαίνει,

467 5357 750 5436 {egelidum
775 5373 870 5436 _est
904 5357 1375 5436 aptt6aivet.M.——
1397 5357 1488 5420 Sic
1506 5379 1560 5421 et
1595 5367 1775 5436 B,qui
1797 5357 2029 5436 deinsz

465 5429 636 5499 αὐτῆς
661 5431 809 5508 αῦτῷ
839 5443 892 5486 et
924 5429 1095 5508 ἀρχῆς
1130 5451 1225 5508 pro
1256 5437 1611 5508 ἀρχαιότητος
1648 5429 1810 5491 σι’ὂτι
1841 5438 1890 5488 εἰ
1928 5429 2028 5508 καί

467 5508 537 5579 ει,
560 5514 664 5552 om.
704 5503 1094 5579 ἀπειργάσατο.
1137 5506 1268 5561 Dein
1297 5503 1473 5579 Vulgo
1506 5503 1692 5579 ’μόνων
1731 5507 1942 5562 correxi
1981 5507 2032 5560 in

470 5567 641 5648 μόνον
676 5567 928 5648 εξξοοὶἰξί.
957 5577 1046 5648 qui
1075 5587 1130 5648 et
1159 5567 1455 5648 συμμαίνέι
1481 5567 1630 5633 dant.

541 5637 669 5716 (61)-
699 5637 1007 5716 Ἐν·λαύτῷ
1064 5637 1482 5716 ClirysosIOIntts
1544 5648 1761 5716 exponit
1811 5650 1894 5703 δί6
1936 5651 2033 5703 αὐ-

467 5710 589 5764 τοῦ.
631 5710 841 5769 Utrovis
881 5719 1057 5783 modo,
1097 5710 1420 5788 impietatem
1465 5710 1637 5789 arguit
1669 5719 1826 5788 hujus
1855 5725 2029 5786 Ancy-

2147 4555 2165 4589 ι
2207 4532 2300 4591 οῦν
2335 4537 2550 4606 ἀπάσης
2579 4538 2807 4600 κτίσεως
2850 4537 2937 4590 διὰ
2978 4538 3076 4607 τὴν
3109 4537 3250 4591 κατὰ
3283 4537 3467 4606 σάρκα
3510 4539 3718 4606 γένεσιν

2146 4650 2163 4682 ι
2202 4629 2516 4700 ὠνομάσθη,
2547 4630 2608 4681 οὐ
2640 4628 2726 4682 διὰ
2753 4629 2850 4699 τὴν
2881 4628 3122 4700 ποώτην,
3151 4629 3225 4694 ὡς
3260 4629 3417 4682 αὐτοὶ
3441 4629 3556 4700 (63)
3582 4629 3717 4683 οῖον-

2136 4949 2324 5012 ritani,
2355 4949 2445 5018 qui
2474 4949 2539 5019 ad
2581 4945 3195 5019 hnmaintatemretnlit
3223 4946 3367 5000 hanc
3397 4951 3715 5019 prasrogati-

2135 5035 2278 5074 vam.
2312 5015 2470 5072 Μξ-
2492 5017 2612 5070 Mox
2640 5016 2796 5084 vulgo
2825 5015 3048 5085 ἐκτίσθη
3084 5017 3194 5070 καί.

2205 5088 2315 5160 (62)
2354 5086 2526 5160 Αὐτῷ
2551 5085 3044 5160 ῃλιξσιτελοῦσαῖ.
3098 5086 3345 5154 Requirit
3391 5102 3587 5160 sensus
3657 5102 3712 5144 ut

2133 5155 2407 5230 legamus,
2436 5155 2698 5230 αὐτῶ-ὼς
2739 5155 3137 5230 λυσιτελοῦσαν,
3183 5166 3272 5230 aut
3294 5196 3308 5220 ,
3340 5159 3534 5230 ,μηδεν
3563 5161 3710 5230 αὐτῷ

2133 5225 2534 5283 λῦσιτελοῦσαν.
2559 5225 2629 5281 Μ.
2660 5225 2951 5289 -1ηιοὼς
2970 5225 3137 5294 αὐτῷ,
3161 5226 3231 5278 cf.
3254 5243 3305 5294 p.
3333 5225 3440 5280 176
3482 5229 3542 5284 Β.
3571 5225 3707 5282 Infra

2133 5299 2290 5366 vulgo
2322 5298 2494 5360 οὕτως
2534 5300 2582 5350 εί
2617 5313 2789 5368 πρωτ.
2827 5307 2881 5348 et
2919 5296 3261 5368 ἐστὶ-πάσης
3309 5307 3364 5348 et
3414 5316 3586 5368 πρωτ,
3615 5299 3708 5354 οὖν

2134 5368 2315 5450 πάσης
2355 5379 2410 5422 et
2448 5369 2610 5450 ἀναφυ.
2652 5366 2745 5418 καὶ
2791 5366 3074 5450 προσέχων
3109 5377 3164 5450 et
3204 5367 3414 5445 δικαιος
3459 5366 3624 5437 γραφ.
3657 5381 3708 5425 et

2133 5435 2356 5510 cpt_6_6iv,
2374 5453 2552 5510 porro
2580 5437 2788 5510 ἔκτισεν
2828 5435 2928 5506 ἐμέ
2956 5449 3007 5490 et
3037 5435 3284 5510 περὶτοῦ
3311 5453 3362 5510 τ.
3391 5453 3449 5504 γ.
3475 5435 3532 5492 π.

2208 5507 2319 5580 (65)
2371 5505 2464 5580 Ὡς
2511 5505 2701 5567 αὐτοὶι
2727 5505 2953 5580 οἴονται
3005 5505 3225 5580 κτίσιν.
3263 5509 3499 5564 Arianos
3548 5509 3703 5562 intel-

2136 5579 2272 5646 ligit,
2300 5577 2397 5646 'qui
2434 5579 2710 5632 Christum
2741 5577 2907 5646 etiam
2939 5579 3232 5629 secundum
3279 5589 3530 5633 naturam
3571 5579 3703 5631 duri-

2137 5645 2283 5713 nam,
2309 5645 2436 5702 licet
2459 5658 2586 5701 ante
2608 5645 2800 5720 szecula
2829 5646 3126 5720 conditam,
3157 5647 3533 5716 intelligebant
3553 5666 3701 5703 crta-

2135 5728 2331 5785 turam,
2354 5730 2408 5774 et
2440 5719 2516 5774 sic
2547 5716 2906 5783 πρωτότοκον.
2931 5714 3000 5770 Μ.
