3836 6216
121 327 233 382 8N

1267 325 1546 381 CONTRA
1589 324 2016 380 MARCELLUM
2056 312 2186 382 LIB.
2222 327 2289 382 ll.

3281 327 3386 382 80‘}.

132 464 149 492 ι
199 461 313 506 ται,
339 442 532 495 κτίσιν·
575 460 595 494 ›
641 442 733 494 καὶ
778 440 1038 510 ἐπιλέγει*
1088 459 1105 492 ι
1147 442 1223 494 Οὐ
1267 443 1444 494 τοίνυν
1487 460 1641 506 ουτος
1688 445 1714 495 6

1823 461 1843 494 ι
1883 443 2065 498 omnia
2122 443 2239 513 ipse
2269 443 2516 498 conditus
2547 441 2639 506 sit,
2674 441 2768 497 sed
2803 449 3023 511 propter
3051 441 3197 496 illam
3229 457 3383 498 suam

129 556 148 584 ε
199 533 502 604 ἁγιώτατος
530 534 700 601 Λόγος
735 532 842 603 πρὸ
867 533 967 602 τῆς
996 532 1459 605 ὲνανθρωπήσεως
1493 535 1713 606 Πρωτό-

131 647 150 677 ι
199 643 359 689 τοκος
391 625 608 696 ἀπάσης
632 624 860 686 κτίσεως
887 624 1169 695 ὠνόμαστο
1205 625 1344 696 (πῶς
1364 626 1474 696 γὰρ
1492 627 1714 680 δυνατὸν

131 738 152 768 ι
200 718 296 772 τὸν
338 718 423 771 ἀεὶ
461 716 588 771 ὄντα
625 716 962 787 πρωτότοκον
1003 713 1142 769 εἶναί
1197 734 1342 780 τινος
1367 735 1380 779 ;
1410 718 1428 788 )
1462 717 1596 772 ἀλλὰ
1623 720 1714 772 τὸν

132 829 152 858 ι
201 807 417 880 πρῶτον
449 806 635 860 καινὸν
677 806 979 878 ἄνθρωπον,
1010 808 1088 870 είς
1114 805 1174 860 ὃν
1199 807 1268 860 τά
1296 807 1474 861 πάντα
1513 810 1712 862 ἀνακε-

133 919 152 950 c
203 897 616 968 φαλαιώσασθαι
667 898 931 970 ὲὸουλήθη
972 899 1001 951 6
1036 898 1188 964 Θεὸς,
1234 898 1422 953 τοῦτον
1478 901 1536 952 αἱ
1577 901 1712 954 θεῖαι

135 1010 156 1041 ι
199 991 417 1062 Γραφαὶ
443 989 788 1062 Πρωτότοκον
828 991 1007 1058 πάσης
1050 989 1376 1059 ὀνομάζουσι
1407 990 1653 1054 κτίσεως.
1689 1012 1707 1044 ι

128 1083 246 1134 Καὶ
273 1077 427 1145 αὖθις
455 1081 702 1151 ἐπιφέρει
725 1097 736 1110 ·
769 1099 788 1132 ι
829 1079 1069 1144 Ἀκούεις
1098 1081 1245 1144 ὅπως
1284 1082 1344 1134 οὐ
1389 1082 1546 1152 μόνον
1579 1081 1713 1135 ταῦ-

134 1193 153 1225 s
197 1193 289 1241 τα,
320 1173 454 1228 ἀλλὰ
494 1173 586 1226 καὶ
625 1172 694 1225 τά
730 1172 1151 1244 προϋπάρχοντα
1177 1172 1233 1225 ἐν
1254 1190 1311 1225 τε
1343 1174 1590 1245 οὐρανοῖς
1622 1175 1714 1226 καὶ

136 1288 153 1319 ι
199 1269 296 1320 ἐπὶ
322 1269 418 1338 τῆς
447 1267 549 1338 γῆς
578 1268 636 1318 ὲν
666 1266 815 1337 αὐτῷ
839 1267 977 1320 κατὰ
1008 1267 1106 1337 τὴν
1141 1267 1330 1338 καινὴν
1365 1268 1540 1320 κτίσιν
1567 1268 1714 1320 ὲκτί-

133 1381 153 1410 ‹
203 1360 328 1412 σθαι
351 1359 653 1431 συμϐαίνει.
690 1377 708 1410 ι
747 1359 930 1413 Ταῦτα
964 1360 1060 1430 μὲν
1093 1356 1184 1414 οὖν
1218 1361 1285 1413 δι’
1321 1354 1395 1414 ὧν
1433 1361 1714 1432 Πρωτότο-

113 1451 232 1507 ¹κον
264 1453 444 1524 πάσης
472 1452 701 1514 κτίσεως
754 1451 842 1504 διὰ
880 1451 978 1522 τὴν
1012 1452 1188 1522 σάρκα
1217 1452 1378 1505 αὐτὸν
1403 1451 1714 1523 ὠνομάσθαι

1821 555 1839 588 ι
1871 536 2169 591 secundum
2197 549 2414 588 carnem
2443 535 2869 603 generationem.
2906 553 2926 585 ι
2964 534 3127 588 Addit
3166 543 3382 590 autem:

1819 644 1839 676 ι
1871 624 2135 692 Quocirca
2161 625 2566 679 sanctissimum
2611 625 2753 678 istud
2786 625 3044 688 Verbum,
3092 639 3195 679 non
3228 627 3380 680 dice-

1819 735 1837 766 ι
1870 716 2030 770 batur
2059 725 2186 770 ante
2211 730 2361 768 suam
2409 715 2864 778 incarnationem,
2911 717 3088 771 omnis
3114 728 3382 772 creatura:

1820 827 1838 857 ι
1878 807 2298 876 PrimOgenitus.
2349 806 2480 860 Nam
2515 809 2786 875 quomodo
2835 809 2948 860 lieri
2982 817 3213 876 poterat,
3247 819 3306 862 ut
3337 810 3383 862 is
3481 825 3488 832 '

1820 913 1838 944 ι
1869 896 1960 963 qui
1983 911 2201 964 semper
2221 905 2363 961 erat,
2391 896 2620 963 alicujus
2649 907 2794 951 esset
2823 898 3220 966 primogenitns
3243 899 3266 950 ?
3288 901 3382 954 sed

1820 1007 1838 1040 ι
1871 991 2079 1057 primus
2117 989 2204 1042 ille
2229 1003 2400 1042 novus
2429 990 2613 1056 homo,
2651 990 2702 1042 in
2729 1003 2891 1057 quem
2951 989 3128 1042 omnia
3173 990 3385 1042 volebat

1820 1099 1838 1130 ι
1877 1079 2016 1133 Dens
2047 1079 2381 1142 recolligere,
2407 1079 2452 1131 is
2476 1079 2526 1131 in
2555 1093 2708 1132 sacra
2735 1078 3017 1146 Scriptura
3046 1079 3381 1145 nominatur,

1820 1190 1838 1224 ι
1869 1172 2048 1225 omnis
2073 1182 2342 1226 creatura:
2384 1170 2834 1240 Pritnogenitusa
2867 1171 3038 1224 lnl‘ert
3065 1181 3198 1225 tum:
3228 1190 3247 1222 ‹
3272 1174 3385 1225 Au-

1821 1282 1840 1315 ι
1880 1264 1983 1329 dis,
2011 1271 2069 1316 ut
2097 1277 2201 1316 non
2234 1262 2410 1316 solum
2442 1262 2681 1328 ista,sed
2711 1273 2765 1318 et
2795 1263 2886 1316 illa
2916 1264 3098 1317 omnia
3129 1266 3386 1332 ιιι-τεθχεί-

1820 1371 1839 1404 ι
1877 1353 2072 1408 stentia
2097 1355 2212 1408 sive
2245 1367 2409 1422 super
2432 1363 2632 1408 terram
2669 1370 2764 1408 seu
2808 1355 2862 1409 in
2893 1356 3073 1421 caelis,
3107 1356 3158 1408 in
3179 1355 3268 1410 illo
3295 1372 3384 1411 se-

1820 1464 1839 1496 ‹
1871 1447 2108 1500 cundum
2138 1461 2333 1500 novatn
2361 1446 2501 1500 hanc
2530 1447 2864 1502 creationem
2917 1449 3320 1502 condebantur.
3359 1468 3380 1500 ι

127 1545 346 1616 εἴρηκε.
403 1544 510 1596 Θέα
550 1543 606 1595 δὲ
639 1543 784 1605 ὅπως
814 1543 907 1595 καὶ
934 1542 1015 1608 τὸ,
1042 1544 1254 1612 Κύριος
1283 1543 1486 1597 ἐκτισέ
1508 1561 1585 1612 με
1621 1544 1714 1611 ἀρ-

1821 1539 1993 1605 Atque
2023 1538 2139 1592 haec
2169 1547 2297 1592 sunt
2320 1537 2407 1590 illa
2434 1539 2632 1607 quibus
2660 1541 2977 1608 pronuntiat
3006 1541 3152 1594 illum
3180 1543 3382 1595 dictum

127 1637 261 1707 χὴν
279 1635 434 1690 ὁδῶν
453 1637 640 1690 αὐτοῦ
669 1639 755 1702 εἰς
776 1637 918 1705 ἔργα
935 1635 1145 1701 αὐτοῦ,
1173 1635 1334 1688 πάλιν
1356 1636 1447 1688 ἐπὶ
1470 1636 1568 1707 τὴν
1592 1637 1714 1707 σάρ-

1821 1631 1993 1686 omnis
2015 1641 2283 1685 creaturae
2323 1629 2753 1700 Primogenitum
2786 1644 3004 1702 propter
3048 1646 3382 1704 assumptam

128 1748 207 1783 κα
237 1729 495 1801 ἀναφέρει
515 1745 527 1758 ·
567 1727 642 1800 μὴ
673 1727 952 1799 προσέχων
982 1730 1047 1798 τῇ
1079 1727 1196 1797 θείᾳ
1225 1727 1414 1798 Γραφῇ
1445 1728 1510 1778 ὲκ
1543 1744 1714 1798 προσ-

1821 1739 2062 1778 carnem.
2090 1721 2224 1776 Vide
2257 1733 2436 1777 autem
2466 1724 2700 1792 qualiter
2730 1725 2796 1778 ad
2829 1739 3050 1779 carnem
3083 1741 3300 1795 quoque
3329 1735 3385 1780 et

128 1821 286 1874 ὡπου
325 1821 422 1891 τῆς
465 1820 653 1889 σοφίας
695 1821 750 1872 ὲν
791 1823 908 1882 ταῖς
939 1819 1267 1890 Παροιμίαις
1299 1819 1487 1872 τοῦτον
1519 1819 1710 1888 λεγού-

1821 1815 1948 1869 illud
1978 1805 2196 1878 referat,
2231 1815 2486 1869 Dominus
2513 1817 2749 1868 condidit
2807 1834 2887 1870 me
2930 1819 3244 1888 principium
3273 1821 3385 1872 via-

133 1929 205 1982 σῃ
245 1911 336 1964 τὸν
368 1911 567 1980 τρόπον
587 1927 600 1939 ο
655 1909 795 1980 Ἐγὼ
823 1909 860 1974 ἡ
892 1909 1076 1976 σοφία
1110 1906 1542 1973 κατεσκήνωσα
1562 1908 1713 1972 βου-

127 2001 282 2068 λὴν,
320 2001 419 2054 καί
451 2001 658 2064 δόξαν,
695 1999 792 2053 καὶ
817 1999 1060 2053 ἔννοιαν
1083 1999 1197 2070 ἐγὼ
1223 1999 1711 2069 ἐπεκαλεσάμηνο

128 2094 209 2147 δι’
235 2093 383 2163 ἐμοῦ
407 2093 689 2159 ,ϐασιλεῖς
711 2093 1137 2157 βασιλεύουσι,
1185 2092 1284 2146 καὶ
1331 2095 1384 2147 οἱ
1421 2091 1715 2146 δυνάσται

129 2186 534 2252 δικαιοσύνην
560 2184 916 2254 ποάφουσιν.
957 2178 1052 2247 Οἷς
1082 2183 1206 2254 ἑξῆς
1235 2183 1473 2251 ἐπιλέγει
1517 2185 1550 2254 ἡ
1577 2183 1714 2255 αὐτὴ

130 2267 338 2346 Σοφία·
385 2278 481 2329 Ἐν
510 2276 671 2343 ὁδοῖς
698 2275 1085 2343 δικαιοσύνης
1122 2273 1440 2342 περιπατῶ,
1469 2274 1566 2326 καὶ
1599 2274 1716 2327 ἀνὰ

123 2368 330 2437 μέσον
352 2370 562 2436 τρίϐων
583 2366 972 2436 δικαιώματος
993 2365 1461 2434 ἀναστρέφομαι,
1491 2366 1591 2418 ἵνα
1611 2382 1716 2434 με·

120 2460 287 2527 ρι’σω
331 2458 454 2524 τοῖς
506 2458 608 2526 ἐμὲ
648 2455 962 2528 ἀγαπῶσιν
989 2457 1268 2526 ὕπαρξιν,
1306 2458 1404 2511 καὶ
1442 2458 1586 2524 τοὺς
1614 2463 1716 2526 θη·-

129 2549 408 2616 σαυροὺς
459 2548 657 2602 αὐτῶν
691 2549 982 2617 ἐμπλήσω
1022 2548 1278 2619 ἀγαθῶν.
1344 2552 1486 2604 Ἐὰν
1533 2553 1713 2620 ἀναγ-

131 2643 318 2710 γείλω
350 2640 492 2710 ὑμῖν
511 2643 581 2694 τὰ
609 2642 735 2694 καθ’
768 2641 996 2710 ἡμέραν
1025 2643 1362 2712 γιγνόμενα,
1375 2646 1713 2713 μνημονεύ-

130 2747 229 2786 σω
291 2735 362 2787 τὰ
410 2734 478 2797 ἐξ
537 2733 750 2799 αἰῶνος
810 2733 1150 2803 ἀριθμῆσαι.
1207 2737 1420 2803 Κύριος
1478 2737 1717 2790 ἐκτισέν

124 2841 211 2893 με
271 2823 466 2892 ἀρχὴν
513 2822 669 2878 ὁδῶν
710 2824 894 2877 αὐτοῦ
940 2827 1026 2890 εὶς
1060 2825 1204 2893 ἔργα
1228 2825 1435 2890 αὐτοῦ,
1468 2826 1579 2895 πρὸ
1609 2827 1715 2880 τοῦ

132 2915 355 2981 αὶῶνος
385 2917 737 2984 ἑθεμελίωσέ
763 2934 860 2986 με,
890 2918 959 2970 ἐν
989 2918 1146 2987 ἀρχῇ
1175 2920 1286 2986 πρὸ
1322 2920 1427 2972 τοῦ
1453 2918 1570 2985 τὴν
1599 2919 1717 2988 γῆν

133 3007 390 3075 ποιῆσαι
410 3025 424 3038 ο
453 3010 546 3062 καὶ
572 3009 640 3061 τά
667 3010 874 3073 τούτοις
914 3011 1186 3082 semet).
1212 3009 1306 3074 Οἷς
1334 3011 1406 3083 μὴ
1436 3011 1716 3082 βουληθεὶς

133 3102 240 3172 τὴν
255 3101 493 3154 διάνοιαν
508 3102 796 3172 ἐπιστῆσαι
811 3103 1148 3174 Μάρκελλος,
1169 3105 1284 3166 ἑνὸς
1301 3103 1354 3155 δὲ
1378 3104 1538 3175 μόνου
1561 3105 1715 3172 γενό-

138 3211 305 3264 μενος
338 3193 561 3261 σκοποῦ,
589 3193 682 3247 τοῦ
714 3194 786 3266 μὴ
813 3195 1140 3266 ὁμολογῆσαι
1170 3197 1259 3248 τὸν
1291 3198 1415 3249 Υἱὸν
1441 3197 1533 3250 τοῦ
1557 3197 1714 3262 Θεοῦ,

134 3290 238 3361 τὴν
271 3289 635 3360 προκειμένην
669 3287 945 3356 θεολογίαν
973 3289 1065 3340 ἐπὶ
1096 3288 1194 3360 τὴν
1224 3290 1400 3360 σάρκα
1435 3289 1713 3360 ἀναφέρει,

133 3379 236 3432 καὶ
283 3379 382 3450 τὴν
416 3379 628 3432 εὐθεῖαν
664 3380 1072 3450 παρεκτραπεὶς
1119 3380 1254 3445 ὁδὸν,
1294 3380 1504 3434 ἀνοδίαν
1542 3381 1716 3452 ἐαυτῷ

135 3471 403 3542 ἐπενόησε
433 3472 657 3543 γράφων
687 3472 826 3525 κατὰ
853 3471 997 3538 λέξιν
1031 3471 1221 3536 οὕτως·
1261 3491 1278 3522 t
1318 3473 1391 3525 Τὸ
1413 3472 1594 3526 τοίνυν
1622 3491 1715 3525 κε-

143 3582 163 3612 (
206 3562 435 3631 φάλαιον
481 3563 628 3615 τουτὶ
676 3563 770 3633 τῆς
820 3563 1144 3634 Παροιμίας,
1176 3563 1235 3615 οὐ
1269 3563 1365 3634 τὴν
1408 3563 1580 3634 ἀρχὴν
1618 3564 1716 3634 τῆς

143 3674 162 3704 ι
207 3655 480 3723 θεότητος,
536 3653 723 3724 ὥσπερ
776 3655 925 3708 αὐτοὶ
967 3653 1267 3724 νομίζουσι,
1317 3653 1412 3706 τοῦ
1469 3655 1716 3726 Σωτῆρος

145 3765 164 3796 ι
201 3744 362 3816 ἡμῶν
391 3745 735 3816 παραστῆσαι
768 3744 1106 3816 βουλόμενον,
1136 3747 1350 3812 Κύριος
1388 3745 1590 3798 ἔκτισέ
1616 3762 1712 3813 με,

143 3854 163 3886 ι
206 3835 312 3906 ἔφη
334 3851 348 3864 ·
385 3834 520 3888 ἀλλὰ
547 3835 645 3906 τὴν
673 3834 929 3906 δευτέραν
975 3835 1118 3888 κατὰ
1155 3836 1329 3904 σάρκα
1366 3835 1674 3905 οἰκονομίαν
1697 3851 1710 3864 ·

144 3948 163 3979 ι
205 3928 288 3981 διὸ
319 3927 413 3981 καὶ
440 3928 670 3989 κτίσεως
711 3926 978 3997 μέμνηται
1021 3928 1344 3998 προσφόρως
1380 3930 1474 3998 τῆς
1509 3925 1716 3997 ἀνθρω-

144 4039 161 4070 ι
208 4018 372 4088 πίνης
393 4019 640 4089 σαρκός.ι
668 4019 775 4070 Καὶ
805 4019 929 4089 ἑξῆς
959 4018 1224 4088 ἐπιλέγει·
1266 4038 1282 4069 ι
1307 4019 1419 4071 Οὐκ
1445 4016 1536 4071 οὖν
1555 4018 1712 4088 (65)ή

143 4132 162 4164 ‹
206 4116 387 4176 κτίσις
414 4116 478 4183 τῇ
499 4113 643 4166 κατὰ
681 4112 962 4183 ἄνθρωπον
997 4111 1160 4167 αὐτοῦ
1188 4111 1432 4181 διαφέρει
1454 4112 1714 4181 πράγμα-

145 4217 164 4247 s
206 4199 350 4270 τεῐᾳ.
399 4199 486 4251 Διό
525 4215 690 4270 φησιο
728 4203 944 4268 Κύριος
983 4199 1186 4254 ἕκτισέ
1216 4218 1292 4269 με
1325 4201 1524 4268 ἀρχὴν
1562 4199 1716 4253 ὁδῶν

144 4305 164 4338 ‹
206 4287 418 4353 αὑτοῦ,
481 4291 569 4355 είς
625 4291 768 4361 ἔργα
825 4291 1010 4345 αὐτοῦ
1055 4291 1259 4344 ἐκτισέ
1315 4309 1418 4361 με,
1477 4291 1714 4362 δηλονότι

145 4398 165 4430 ε
207 4378 301 4432 διὰ
327 4379 425 4448 τῆς
456 4380 724 4452 παρθένου
747 4382 990 4452 Μαρίας,
1012 4382 1077 4435 δι’
1100 4377 1167 4453 ἧς
1189 4385 1216 4435 6
1241 4382 1371 4445 Θεὸς
1390 4383 1586 4435 ένῶσαι
1617 4384 1715 4455 τὴν

1815 1921 1932 1957 rum
1955 1921 2195 1966 suarum,
2240 1906 2307 1956 ad
2345 1922 2500 1972 opera
2534 1922 2630 1956 sua
2666 1905 2684 1935 ⁷
2723 1923 2734 1957 :
2778 1915 2834 1958 et
2889 1921 3100 1959 sacram
3134 1908 3378 1975 Scriptu-

1818 2011 1931 2048 ratn
1967 1996 2203 2056 attende,
2245 1996 2296 2047 in
2352 1995 2658 2048 Proverbiis
2691 1997 2790 2048 hoc
2825 1996 2982 2049 modo
3013 1997 3323 2064 loquentem
3363 2017 3377 2052 :

1815 2067 1928 2153 qu
1955 2085 2212 2149 sapientia
2242 2086 2419 2138 habito
2451 2086 2506 2138 in
2539 2085 2781 2148 consilio,
2806 2097 2850 2138 et
2878 2088 3097 2139 eruditis
3125 2088 3380 2140 intersum

1825 2157 2272 2243 cogitationibus:
2302 2193 2392 2244 ρετ
2426 2192 2506 2230 me
2529 2193 2670 2243 reges
2707 2189 2949 2246 regnant,
2971 2189 3020 2230 et
3055 2177 3223 2247 legum
3254 2194 3382 2232 con-

1815 2267 2011 2318 ditores
2029 2265 2179 2334 justa
2213 2265 2497 2319 decernunt
2531 2267 2574 2320 ⁸.
2608 2266 2818 2333 Quibus
2857 2269 3046 2321 eadem
3103 2268 3378 2336 Sapientia

1816 2358 1930 2411 haec
1963 2359 2241 2411 annectit:
2275 2356 2341 2410 1η
2381 2359 2474 2411 viis
2492 2357 2719 2426 justitiaz
2755 2375 2847 2427 ego
2892 2358 3139 2413 ambulo:
3173 2368 3222 2412 et
3251 2375 3379 2412 con-

1815 2467 1991 2504 versor
2022 2451 2076 2504 in
2109 2453 2277 2504 medio
2330 2453 2637 2505 semitarum
2693 2453 2998 2520 a'quitatis,
3045 2461 3100 2504 ut
3147 2439 3380 2504 dtvidam

1815 2543 2172 2595 exsistentiam
2201 2543 2539 2612 diligentibus
2593 2561 2693 2608 me,
2739 2554 2787 2597 et
2836 2547 3108 2598 thesauros
3145 2545 3383 2614 ipsorum

1816 2633 1880 2684 de
1909 2633 2056 2686 bonis
2103 2633 2364 2700 repleam:
2395 2634 2441 2686 si
2465 2637 2606 2688 vobis
2634 2636 3036 2702 annuntiavero,
3059 2652 3176 2705 qua:
3203 2637 3378 2704 quoti-

1815 2724 1902 2776 die
1920 2724 2135 2792 ﬁebant,
2165 2727 2462 2778 memorabo
2486 2729 2762 2780 enuntiare
2791 2744 2907 2796 qua:
2940 2742 3090 2781 erant
3117 2729 3380 2782 aswculo.

1819 2815 2073 2868 Dominus
2095 2817 2322 2883 possedit
2365 2833 2445 2869 me
2486 2817 2540 2870 in
2563 2817 2714 2869 initio
2735 2819 2936 2870 viarum
2955 2833 3203 2883 suarum,
3229 2827 3384 2869 ante-

1816 2923 1973 2976 quam
1992 2908 2275 2976 quidquam
2297 2908 2492 2976 faceret
2509 2925 2539 2960 a
2555 2910 2812 2976 principio
2829 2909 2892 2961 ab
2917 2919 3112 2962 (eterna
3133 2909 3381 2962 ordinata

1820 3014 1959 3062 sum,
1987 3000 2039 3050 in
2063 2999 2321 3066 principio
2349 3008 2627 3067 antequam
2650 3011 2842 3052 terram
2861 3001 3100 3053 conderet
3127 3001 3172 3064 ⁹,
3194 3012 3384 3068 etquae

1820 3101 2118 3157 sequuntur
2153 3107 2168 3142 :
2207 3089 2401 3156 quibus
2462 3091 2685 3144 minime
2748 3091 2932 3144 volens
2989 3092 3333 3161 acquiescere
3363 3133 3381 3156 ,

1823 3187 1881 3244 >14
1914 3194 2008 3234 aut
2050 3183 2287 3236 animum
2346 3199 2503 3236 suum
2563 3185 2848 3239 advertere
2899 3184 3208 3249 Marcellus,
3252 3185 3383 3240 illud

1818 3273 2036 3326 unicum
2088 3273 2298 3327 habens
2351 3275 2403 3327 in
2457 3277 2753 3344 proposito,
2807 3286 2864 3329 ut
2909 3293 2977 3330 ne
3029 3278 3385 3334 confiteretur

1816 3362 2012 3417 Filium
2062 3364 2180 3429 Dei,
2205 3364 2349 3419 illam
2389 3375 2515 3420 ante
2560 3367 2761 3420 dictam
2801 3369 2853 3420 in
2888 3368 3198 3426 Proverbiis
3221 3371 3288 3426 de
3316 3387 3385 3427 eo

1819 3456 2178 3526 theologiam,
2229 3457 2296 3510 ad
2345 3458 2814 3523 carnem.rcfert,
2873 3470 2928 3513 et
2979 3468 3262 3531 postquam
3316 3465 3383 3518 de

1818 3561 1963 3605 recta
1995 3553 2079 3604 via
2113 3551 2498 3615 declinaverat,
2528 3551 2674 3603 invia
2723 3553 2967 3618 quaedam
3017 3553 3117 3607 sibi
3168 3557 3384 3623 excogi-

1819 3644 1974 3707 tavit,
1999 3644 2100 3698 ista
2125 3643 2385 3696 verbatim
2399 3643 2674 3698 scribens:
2698 3642 2786 3714 [Β.
2814 3643 2910 3714 IX]
2935 3643 3380 3699 «Proverbiornm

1821 3753 1841 3786 ι
1890 3735 2053 3804 igitur
2081 3745 2243 3804 caput
2275 3735 2438 3798 ismd,
2474 3751 2578 3788 non
2613 3744 2672 3788 ut
2720 3736 2794 3788 illi
2831 3746 3034 3802 rentur,
3062 3738 3255 3792 docere
3284 3755 3383 3792 nos

1820 3847 1841 3880 ε
1891 3829 2146 3892 intendit,
2178 3828 2390 3881 initium
2431 3827 2733 3882 divinitatis
2767 3829 3096 3894 Servatoris,
3129 3832 3220 3885 ubi
3253 3834 3323 3883 ait
3359 3848 3376 3884 :

1821 3939 1841 3973 ι
1893 3919 2144 3973 Dominus
2187 3921 2418 3988 possedit
2474 3937 2556 3974 me
2603 3922 2863 3990 principio
2896 3924 3099 3976 viarum
3129 3941 3383 3978 suarum‘

1821 4032 1840 4064 ι
1885 4013 1978 4067 sed
2011 4013 2300 4068 secundam
2334 4013 2480 4067 illam
2510 4028 2632 4082 quae
2671 4015 2722 4066 in
2767 4029 2932 4068 carne
2962 4016 3062 4068 fuit
3093 4015 3240 4070 d’acta
3272 4019 3386 4071 dis-

1820 4125 1839 4158 ι
1885 4107 2255 4176 pensationem
2303 4121 2319 4164 :
2362 4107 2615 4174 quocirca
2693 4109 3055 4176 possessionis
3116 4111 3379 4175 meminit,

1819 4217 1839 4250 ι
1884 4199 1985 4253 hoc
2013 4206 2097 4252 est
2125 4198 2304 4253 carnis
2336 4199 2546 4252 noviter
2577 4209 2792 4256 creata}.
2820 4199 2936 4254 Non
2969 4201 3154 4271 igitur,
3185 4204 3254 4256 ita
3283 4205 3382 4256 ad-

1820 4308 1841 4342 ί
1885 4292 1982 4358 dit,
2011 4301 2260 4345 creatura
2309 4291 2376 4343 ab
2409 4291 2637 4345 humana
2670 4291 2789 4361 ejus
2820 4294 3138 4362 operatione
3169 4304 3254 4348 est
3281 4297 3385 4349 dis-

1821 4401 1841 4434 ι
1886 4383 2070 4436 tincta.
2119 4382 2240 4437 Ideo
2280 4383 2482 4452 inquit:
2517 4383 2770 4437 Dominus
2821 4386 3057 4438 condidit
3106 4402 3186 4438 me
3227 4386 3385 4439 initio

146 4493 165 4525 ε
207 4474 554 4545 ἀνθρωπίνην
573 4475 749 4544 σάρκα
769 4473 847 4544 τῷ
864 4472 1055 4527 ἑαυτοῦ
1071 4475 1228 4543 Λόγῳ
1245 4475 1540 4545 προείλετο.
1570 4494 1588 4526 s
1609 4474 1712 4528 Καὶ

1821 4493 1837 4526 ι
1885 4476 2084 4529 viarum
2113 4491 2332 4528 suarum
2381 4477 2450 4528 ad
2488 4492 2648 4543 opera
2687 4493 2803 4529 sua.
2843 4476 2945 4530 Per
2980 4477 3248 4554 Virginem
3281 4479 3385 4530 sci-

145 4559 266 4628 μεθ⁹
311 4560 474 4634 ἕτερα
511 4560 828 4632 προστίθησι
864 4561 1037 4629 λέγων
1075 4579 1090 4592 ο
1119 4581 1138 4613 ‹
1176 4562 1377 4615 Τούτου
1420 4563 1598 4617 τοίνυν
1626 4563 1718 4616 οὖ-

148 4669 166 4701 (
208 4667 319 4714 τως
353 4651 583 4722 ἔχοντος,
611 4652 900 4706 ἀκόλουθόν
933 4655 1048 4706 ἐστι
1079 4657 1298 4707 σκοπεῖν
1329 4656 1394 4724 τῇ
1423 4655 1629 4727 διανοίᾳ
1655 4656 1716 4708 τὸ

149 4759 168 4791 ι
211 4743 600 4815 παροιμιωδῶς
660 4744 948 4815 εἰρημένον
1011 4745 1160 4798 τουτὶ
1218 4746 1542 4814 κεφάλαιον·
1604 4747 1718 4799 K25-

149 4850 168 4884 ι
203 4851 340 4901 ριος
354 4835 556 4888 ἕκτισέ
567 4853 644 4905 με
659 4837 858 4904 ἀρχὴν
886 4835 1041 4890 ὁδῶν
1056 4832 1262 4904 αὐτοῦ,
1283 4839 1362 4900 είς
1378 4837 1513 4909 ἔργα
1526 4836 1710 4891 αὐτοῦ.

148 4945 167 4975 s
214 4927 439 4978 Ἐκτισε
482 4930 591 4996 γὰρ
630 4926 863 4998 ἀληθῶς,
908 4928 967 4980 τὸ
1004 4929 1076 4998 μὴ
1103 4927 1161 4981 ὃν
1193 4927 1532 4998 πεποιηκὼς,
1575 4929 1602 4980 6
1633 4928 1718 4980 δε-

147 5035 167 5068 (
211 5018 420 5087 σπὸτης
441 5018 596 5088 ἡμῶν
621 5019 752 5081 Θεὸς
772 5020 870 5072 οὐκ
894 5015 1057 5073 οὖσαν
1080 5019 1176 5090 τὴν
1207 5020 1404 5089 σάρκα,
1426 5020 1491 5090 ἢν
1516 5019 1720 5090 ἀνείλη-

147 5127 166 5158 ι
209 5126 310 5178 φεν
337 5112 365 5162 6
397 5110 588 5176 Λόγος.
628 5130 647 5162 ι
680 5113 789 5164 Καὶ
817 5111 1064 5182 ἐπιφέρει
1090 5108 1242 5174 αὖθις
1277 5110 1481 5179 λέγων·
1519 5131 1537 5162 ε
1575 5112 1718 5164 Οὐκ-

147 5222 164 5250 ε
204 5201 301 5254 οὖν
368 5199 513 5252 τοῦτ’
561 5201 740 5266 ἔστιν,
797 5206 830 5256 ὀ
885 5207 1096 5269 Κύριος
1141 5204 1342 5256 ἐκτισέ
1389 5220 1466 5272 με
1523 5202 1722 5272 ἀρχὴν

143 5311 162 5342 ‹
207 5291 370 5346 ὁδῶν
406 5293 592 5347 αὐτοῦ
632 5295 719 5359 είς
759 5293 904 5363 ἔργα
948 5294 1157 5348 αὐτοῦ.
1205 5293 1427 5361 Ἐπάγει
1472 5294 1552 5358 δὲ,
1601 5293 1721 5362 Πρὸ

216 5466 278 5526 >3
314 5456 411 5515 Ed.
447 5459 644 5528 Paris.,
679 5476 802 5531 pag.
836 5459 925 5514 45.
1005 5458 1026 5490 τ
1065 5457 1226 5513 Prov.
1295 5475 1414 5526 vni,
1481 5458 1570 5512 22.
1645 5459 1667 5490 ⁸
1691 5459 1822 5520 ibid.

214 5626 329 5692 (δι)
369 5624 527 5678 Κατὰ
571 5624 642 5676 τὰ
679 5625 930 5690 τούτοις.
970 5622 1309 5693 Legendum,
1350 5620 1542 5675 καὶτὰ
1587 5621 1710 5674 τού-

136 5713 257 5759 τοις
289 5697 414 5764 ἑξῆς
442 5694 726 5759 ἀκόλουθα,
773 5706 866 5750 aut
920 5698 1095 5750 simile
1124 5695 1269 5764 quid.
1308 5693 1376 5748 Μ.
1411 5723 1480 5733 -
1503 5694 1612 5747 Καὶ
1643 5693 1711 5747 τά

140 5771 302 5822 cedd.
335 5777 388 5821 et
423 5782 542 5820 mox
580 5766 804 5818 σκόπου.

1829 4583 1848 4615 ι
1894 4564 2019 4618 licet
2046 4564 2293 4627 Mariam,
2323 4580 2482 4634 quam
2506 4565 2782 4634 praeelegit
2808 4566 2947 4620 Deus
2989 4576 3048 4620 ut
3080 4564 3258 4621 Verbo
3280 4584 3385 4622 suo

1827 4672 1847 4704 ι
1886 4668 2103 4708 carnem
2122 4655 2408 4708 humanam
2430 4655 2663 4708 uniret.s
2687 4655 2820 4708 Tum
2844 4658 3096 4726 deinceps
3112 4659 3380 4728 adjungit:

1822 4745 1910 4817 [Β.
1959 4745 2033 4818 Χ]
2069 4766 2086 4798 ι
2117 4746 2231 4808 Hoc
2264 4761 2395 4801 sane
2430 4763 2551 4800 cum
2607 4748 2681 4802 ita
2737 4763 2795 4802 se
2851 4749 3068 4813 habeat,
3101 4765 3384 4806 consenta-

1825 4855 1844 4888 ι
1892 4854 2049 4891 neum
2080 4848 2164 4892 est
2189 4839 2370 4892 animo
2397 4838 2732 4906 perpendere
2759 4839 2962 4893 dictum
2995 4841 3122 4894 illud
3152 4857 3380 4910 prover-

1821 4948 1839 4980 ι
1887 4929 2138 4984 bialiter:
2161 4929 2414 4982 Dominus
2433 4930 2667 4981 condidit
2696 4945 2775 4982 me
2802 4930 3010 4983 initium
3032 4931 3232 4984 viarum
3257 4951 3383 4986 suae

1824 5039 1843 5073 ι
1889 5036 2005 5072 rum
2029 5021 2080 5071 in
2095 5036 2250 5086 opera
2273 5021 2457 5073 sua.ls
2471 5021 2670 5074 etenim
2696 5035 2821 5074 vere
2839 5021 3102 5086 condidit,
3121 5025 3212 5092 qui
3240 5025 3381 5091 quod
3466 5042 3472 5050 ·

1826 5129 1843 5162 ι
1890 5126 1994 5164 non
2022 5119 2140 5164 erat
2163 5110 2310 5173 fecit,
2333 5110 2590 5164 Dominus
2625 5126 2818 5179 nempe
2846 5123 3027 5165 noster
3051 5112 3216 5179 Deus,
3235 5114 3380 5167 illam

1825 5219 1847 5254 ι
1893 5218 2108 5254 carnem
2163 5217 2322 5270 quam
2377 5205 2671 5270 assumpsit
2715 5201 3016 5259 Verbum.»
3046 5184 3239 5257 ‘lnt‘ert
3277 5205 3380 5258 ite-

1823 5309 1940 5347 rum
1975 5309 1988 5344 :
2028 5310 2046 5342 ι
2078 5289 2188 5345 Hoc
2232 5291 2394 5360 igitur
2427 5301 2536 5358 est,
2584 5290 2845 5346 Dominus
2889 5294 3122 5348 condidit
3163 5312 3243 5349 me
3274 5297 3380 5349 ini-

1934 5452 2022 5506 12.
2096 5449 2286 5508 “ibid.
2337 5445 2538 5504 20-25.

1889 5617 2000 5687 (65)
2036 5615 2207 5690 Vulgo
2238 5616 2300 5668 οὐ
2323 5616 2503 5690 γοῦν,
2528 5619 2648 5672 dein
2678 5618 2923 5690 διαφέρει
2948 5619 3251 5685 :refertur
3286 5620 3378 5690 ad,

1814 5686 2028 5762 pertinet
2049 5688 2136 5748 ad,
2177 5686 2250 5762 ll;
2279 5688 2349 5740 cf.
2378 5705 2427 5742 e.
2459 5706 2506 5741 c.
2539 5692 2607 5743 59
2637 5693 2699 5743 A.
2734 5686 2875 5744 lnl'ra
2913 5694 3068 5761 vulgo
3100 5707 3263 5762 μεμν.
3291 5688 3380 5760 ἐφ’

1815 5755 1875 5813 οὗ
1907 5769 1960 5814 et
1985 5758 2382 5826 κοινωνήσασαν
2406 5777 2455 5811 τ.
2489 5762 2575 5826 ἀγ.
2605 5778 2692 5814 πν.
