3836 6216
512 294 617 350 805
1209 295 1475 351 EUSEBII
1514 296 1985 352 CAESARIENSIS
2020 295 2173 352 OPP.
2213 296 2389 351 PARS
2426 296 2513 351 IV.
2554 328 2626 341 —-
2662 298 3081 354 DOGMATICA.
3651 298 3741 353 θοι

519 435 538 464 ι
588 414 720 467 tium
749 415 954 468 viarum
985 430 1225 471 suarum.
1251 416 1317 470 Et
1338 418 1487 471 addit
1511 434 1527 474 :
1560 420 1689 473 Ante
1713 420 1930 486 "ecula,
1955 420 2051 488 {un

2187 438 2205 471 ι
2246 420 2355 473 τοῦ
2392 421 2607 488 αἰῶνος
2647 423 3009 491 ἐθεμελίωσέ
3052 440 3150 491 με,
3199 420 3449 491 θεμέλιον
3502 422 3603 490 μὲν
3632 419 3740 471 τοῦ·

518 527 536 559 ι
582 507 723 560 davit
742 522 854 571 me;
883 506 1290 561 fundamentum
1316 509 1622 579 intelligens
1646 526 1865 564 carnem
1896 526 2048 565 suam

2181 529 2199 560 ι
2238 528 2329 565 τον
2356 512 2636 583 ὀνομάζων
2654 514 2753 585 τὴν
2785 514 2927 567 κατὰ
2947 514 3123 582 σάρκα
3144 512 3311 565 αὐτοῦ
3339 511 3739 581 πρωρισθείσαν

516 617 536 649 ι
579 613 742 669 quam
797 598 1091 653 secundum
1141 602 1597 668 dispensationem
1631 603 2027 671 prmoroinarat

2180 616 2199 649 ι
2235 600 2544 670 οἰκονομίαν
2582 617 2598 635 ·
2638 602 2714 664 ὼς
2756 603 2906 655 καὶὸ
2951 602 3254 665 Απόστολος
3282 601 3449 669 λέγει,
3482 600 3739 669 θεμέλιον

515 707 536 738 σ
580 691 721 758 quod
743 690 916 757 ipsum
935 700 987 744 et
1013 691 1302 757 Apostolus
1321 691 1437 747 ait:
1464 691 1562 764 [ef.
1607 707 1661 761 p.
1696 692 1798 747 I54
1818 693 1857 745 D
1888 694 2046 748 155C

2179 708 2198 741 ι
2236 691 2347 759 γὰρ
2368 692 2563 746 ἄλλον
2584 692 2783 758 οὐδεὶς
2807 693 3053 746 δύναται
3081 693 3287 756 θεῖναι,
3319 692 3477 761 παρὰ
3500 692 3614 744 τὸν
3635 693 3737 743 κεί·

517 799 535 829 ι
579 778 1010 835 Fundamentum
1042 783 1191 835 aliud
1240 782 1419 838 nullus
1442 801 1639 853 ponere
1661 795 1853 854 potest,
1885 796 2051 852 praue:

2178 801 2196 833 ι
2232 799 2441 851 μενον,
2488 783 2555 849 ὅς
2600 785 2773 838 ἐστιν
2829 786 3068 852 Ἰησοῦς
3107 785 3380 852 Χριστός.
3432 803 3450 836 ι
3515 783 3665 845 Ἐνὺς
3693 783 3739 835 δὲ

515 892 532 923 ι
579 874 714 927 illud
736 875 873 945 quod
888 875 1116 942 positum
1148 878 1398 944 est,quod
1416 885 1491 930 est
1517 875 1673 931 Iesus
1697 877 1940 931 Christus
1967 879 2051 929 ".1

2171 875 2366 938 αἰῶνος
2405 875 2641 928 ἐνταῦθα
2673 877 2966 948 μέμνηται,
2996 878 3091 945 ἀφ’
3118 870 3179 929 οὗ
3225 876 3294 929 τὰ
3320 875 3459 929 κατά
3486 875 3580 929 τὸν
3624 876 3741 945 Χρι-

508 965 700 1021 Saaculi
741 968 898 1019 unius
932 982 1095 1036 porro
1138 968 1383 1022 meminit
1431 968 1483 1021 in
1514 983 1621 1038 quo
1661 970 2051 1025 fundamentun

2173 965 2295 1017 στὸν
2335 965 2758 1036 τεθεμελιῶσθαι
2802 967 2926 1038 ἔφη.
2971 968 3081 1022 Kal
3114 968 3276 1021 πάλιν
3316 969 3414 1039 τὴν
3444 966 3620 1037 αὐτὴν
3665 965 3741 1034 βε·

507 1056 636 1112 illud
670 1058 829 1112 debet
859 1061 984 1128 poni
1010 1061 1153 1129 quod
1185 1069 1267 1114 est
1288 1062 1353 1113 de
1377 1060 1619 1117 Christo.
1656 1061 1916 1117 Eamdem
1950 1080 2051 1117 rur.

2171 1054 2316 1109 ϐαιοῖ
2348 1056 2491 1121 λέξιν
2540 1058 2796 1126 φάσκων·
2847 1076 2866 1110 ι
2916 1059 3153 1121 Εἰκότως
3198 1061 3227 1112 6
3268 1060 3553 1129 προφήτης
3612 1056 3739 1125 ἔφης

505 1164 597 1203 sus
643 1151 929 1204 confirmat
970 1152 1280 1221 opinionem
1321 1154 1572 1223 inquiens
1603 1173 1615 1208 :
1647 1154 1738 1226 [Β.
1773 1154 1913 1210 XVII
1941 1157 2045 1211 coll

2177 1167 2194 1198 ι
2234 1147 2355 1219 Πρὸ
2400 1149 2508 1202 τοῦ
2543 1149 2760 1215 αἰῶνος
2807 1149 3162 1219 ἐθεμελίωσέ
3204 1167 3282 1219 με
3306 1167 3320 1179 ·
3349 1151 3529 1220 δῆλον,
3578 1149 3662 1201 ὅτι
3690 1148 3742 1200 τὸ

505 1258 556 1309 p.
592 1242 694 1295 155
721 1244 762 1296 Α
791 1242 810 1315 ]
842 1264 859 1294 ι
886 1243 998 1297 Non
1039 1245 1309 1299 immerito
1357 1247 1616 1315 propheta
1675 1248 1761 1301 hic
1809 1248 2025 1302 dicebat
2053 1265 2066 1301 :

509 1351 527 1380 ι
576 1330 708 1383 Ante
738 1332 991 1385 saeculum
1040 1333 1280 1401 fundavit
1334 1350 1450 1388 me:
1476 1349 1668 1403 nempe
1713 1335 1841 1390 illud
1872 1336 2071 1390 intelli-

509 1441 527 1472 ι
576 1438 706 1493 gens
731 1422 1146 1477 fundamentum
1183 1439 1293 1478 suae
1322 1426 1526 1490 carnis,
1559 1426 1815 1481 nimirum
1850 1436 2071 1498 propter

507 1532 527 1564 ι
572 1515 1008 1569 communionem
1054 1530 1216 1584 quam
1263 1515 1496 1571 habebat
1526 1516 1759 1572 Verbum
1799 1533 1921 1572 cum
1974 1519 2069 1574 illo

508 1623 527 1656 ι
573 1620 702 1659 vero
730 1604 890 1659 Filio.
928 1624 947 1659 ι
983 1606 1247 1674 Deinceps
1284 1606 1529 1677 adiungit
1584 1607 1676 1679 [Β.
1726 1608 1889 1663 XVIII
1935 1610 2065 1665 coll.

501 1712 557 1765 p.
593 1696 698 1751 155
724 1698 789 1758 A.
826 1698 927 1752 157
962 1697 1045 1770 D]
1076 1715 1089 1751 :
1124 1717 1144 1751 ‹
1170 1699 1223 1752 In
1273 1700 1560 1769 principio,
1612 1702 1925 1771 priusquam
1955 1711 2070 1757 ter-

2176 1258 2194 1288 ι
2235 1238 2376 1292 κατά
2415 1240 2594 1311 σάρκα
2633 1239 2723 1293 διὰ
2749 1240 2849 1311 τὴν
2887 1240 3023 1310 πρὸς
3050 1240 3143 1293 τὸν
3179 1240 3393 1313 άληθῶς
3421 1240 3551 1293 Υίὸν
3582 1240 3740 1295 αὐτοῦ

2174 1348 2192 1380 ι
2230 1331 2402 1399 Λόγον
2432 1332 2737 1385 κοινωνίαν.
2784 1350 2804 1383 ι
2855 1333 2964 1387 Καὶ
2985 1332 3224 1401 ἐπιλέγει
3259 1332 3413 1404 ἑξῆς·
3446 1352 3467 1383 ι
3517 1329 3653 1387 Εἶτα
3691 1334 3741 1383 ἐν

2174 1440 2193 1472 ι
2230 1423 2395 1493 ἀρχῇ,
2433 1423 2589 1493 φησὶ,
2615 1422 2725 1493 πρὸ
2750 1422 2845 1477 τοῦ
2873 1422 2971 1495 τὴν
3000 1425 3103 1494 γῆν
3133 1425 3375 1495 ποιῆσαι.
3402 1424 3513 1495 Γῆν
3550 1425 3740 1487 ποίαν;

2174 1533 2191 1564 ι
2229 1512 2445 1584 Ταύτην
2493 1514 2734 1585 δηλονότι
2782 1517 2880 1586 τὴν
2914 1516 3187 1586 ἡμετέραν
3242 1516 3438 1588 σάρκα,
3471 1516 3572 1587 τὴν
3610 1518 3742 1587 μετὰ

2173 1623 2191 1655 ι
2226 1604 2323 1674 τὴν
2370 1604 2654 1676 παρακοὴν
2702 1606 2806 1675 γῆν
2844 1602 2997 1669 αὖθις
3024 1606 3338 1677 γενομένην.
3382 1605 3471 1674 Γῆ
3512 1606 3627 1676 γὰρ
3672 1607 3738 1667 εἷ,

2172 1714 2191 1746 t
2229 1698 2389 1767 φησὶ,
2420 1698 2516 1750 καὶ
2554 1700 2642 1764 εὶς
2685 1697 2803 1768 γῆν
2841 1699 3174 1768 ἀπελεύσῃ.
3213 1700 3358 1751 Ἔδει
3393 1698 3502 1769 γὰρ
3536 1699 3740 1767 ταύτην

509 1808 526 1837 ε
577 1805 689 1842 ram
727 1790 1069 1859 produceret.
1105 1790 1405 1857 Quamnam
1457 1805 1586 1845 vero
1626 1793 1872 1845 terram?
1912 1791 2051 1847 Illam

2171 1805 2191 1838 ι
2229 1788 2423 1852 ἰάσεως
2450 1792 2652 1858 τυχεῖν,
2683 1789 2802 1843 τινὰ
2828 1791 3027 1855 τρόπον
3064 1792 3468 1861 κοινωνήσασαν
3498 1789 3580 1861 τῷ
3609 1792 3739 1859 ἁγίῳ

509 1900 527 1930 ι
576 1895 790 1948 nempe,
845 1890 903 1934 ut
948 1891 1119 1951 patet,
1175 1898 1297 1952 qua:
1348 1892 1430 1937 est
1495 1894 1678 1937 nostra
1735 1900 1862 1938 caro
1897 1902 1910 1937 :
1944 1900 2051 1955 qua

2170 1897 2191 1930 ι
2233 1879 2408 1950 Λόγῳ.
2452 1899 2471 1932 ι
2504 1881 2614 1935 Θέα
2634 1880 2691 1935 δὲ
2718 1882 2832 1946 πῶς
2854 1884 2912 1935 ἑν
2934 1882 3144 1946 τούτοις
3171 1885 3200 1937 6
3223 1881 3537 1955 Μάρκελλος
3565 1882 3738 1951 ἑαυτῷ

507 1992 524 2020 α
572 1981 691 2040 post
720 1971 1068 2025 commissum
1121 1982 1398 2041 peccatum
1430 1974 1481 2026 in
1514 1983 1712 2028 terram
1772 1975 1930 2029 rediit
1969 1978 2051 2029 de-

2164 1971 2500 2041 περιπίπτει.
2530 1974 2713 2043 Φήσας
2740 1973 2870 2041 γοῦν
2903 1976 2961 2027 ἑν
2993 1974 3163 2044 ἑτέρῳ
3203 1992 3222 2024 ι
3258 1968 3399 2026 εἶναι
3431 1973 3533 2044 τὴν
3565 1974 3737 2043 ἀρχὴν

505 2082 523 2113 ι
574 2078 698 2116 nuo.
737 2062 899 2116 Terra
932 2078 986 2117 es
1023 2064 1196 2126 enim,
1225 2064 1418 2132 inquit,
1452 2076 1500 2119 et
1522 2066 1575 2119 in
1616 2076 1812 2119 terram
1845 2078 2051 2121 reverte-

2169 2081 2189 2114 ι
2226 2063 2361 2116 ὁδῶν
2401 2061 2496 2115 τοῦ
2546 2064 2751 2134 Κυρίου
2808 2064 3281 2127 κατακτισθεῐσαν,
3334 2082 3352 2115 ι
3419 2063 3515 2116 καὶ
3572 2064 3736 2117 πάλιν

506 2173 523 2203 ι
572 2156 648 2207 ris
680 2155 741 2208 “.
774 2154 877 2207 Par
926 2154 1027 2208 fuit
1071 2158 1237 2220 enim,
1270 2166 1328 2208 ut
1361 2156 1486 2210 huic
1515 2156 1815 2211 remedium
1852 2172 2065 2212 accom-

505 2263 523 2294 ‹
572 2246 879 2299 modaretnr
925 2246 1161 2314 quodam
1198 2256 1384 2314 pacto,
1414 2260 1511 2313 per
1549 2247 1879 2300 sanctissimi
1916 2247 2060 2302 illius

504 2353 522 2385 ι
570 2332 730 2388 Verbi
787 2336 1359 2391 communicationem.
1398 2356 1416 2389 ι
1454 2335 1648 2392 Videte
1698 2349 1875 2392 autem
1913 2347 1971 2392 ut
2006 2339 2058 2393 in

499 2426 622 2479 istis
675 2441 859 2480 secum
912 2426 1143 2497 ipsemet
1202 2427 1485 2482 Marcellus
1523 2438 1741 2499 pugnet.
1781 2428 1912 2483 Nam
1967 2431 2059 2500 qui

498 2517 625 2572 alibi
662 2519 962 2573 dixeratzr
994 2517 1327 2586 Principium
1377 2520 1586 2574 viarum
1654 2521 1865 2575 Domini
1930 2536 2061 2576 con-

502 2626 522 2660 ι
567 2608 733 2663 ditam
770 2624 891 2664 esse
923 2625 1168 2676 carnem,
1193 2631 1210 2663 ι
1247 2622 1303 2666 et
1336 2612 1427 2682 qui
1460 2613 1699 2666 secundo
1742 2612 1881 2676 loco,
1911 2628 2060 2667 eant-

494 2703 615 2756 dem
673 2704 852 2771 posuit
893 2701 1319 2769 fundamentum,
1374 2704 1699 2772 subjongit:
1739 2702 2058 2774 Priusquam

495 2804 637 2846 terra
677 2796 1004 2859 conderetur,
1045 2796 1132 2849 ubi
1193 2797 1372 2851 denuo
1420 2811 1516 2864 per
1560 2805 1758 2850 terram
1809 2797 2059 2865 intelligit

496 2899 716 2939 carnem
751 2902 963 2950 :neque
1009 2888 1162 2951 vidit,
1222 2889 1419 2943 dictam
1482 2889 1967 2959 inconsequeuter,
1994 2897 2052 2954 ᾖ(

494 2988 621 3032 ante
659 2994 877 3033 carnem
927 2980 1200 3035 conditam
1241 2995 1360 3034 esse
1399 2996 1616 3035 carnem
1650 2999 1664 3035 :
1697 2993 1749 3035 et
1778 2991 1902 3051 post
1938 2997 2057 3035 car-

2162 2154 2445 2223 θεμέλιον
2480 2155 2579 2225 τὴν
2619 2156 2787 2227 αὐτὴν
2823 2152 2960 2210 εἶναι
2990 2154 3181 2221 εἰπὼν,
3222 2158 3422 2224 ἑπάγει
3459 2155 3543 2220 τὸ,
3581 2176 3601 2207 ι
3629 2156 3735 2228 Πρὸ

2166 2264 2187 2297 ι
2226 2245 2320 2299 τοῦ
2363 2248 2461 2317 τὴν
2498 2247 2601 2315 γῆν
2650 2250 2890 2316 ποιῆσαι.
2947 2265 2963 2298 ι
3007 2241 3119 2300 Εἶθ’
3164 2248 3455 2318 ἑρμηνεύει
3494 2248 3599 2319 τὴν
3636 2249 3735 2316 γῆν

2162 2337 2322 2391 πάλιν
2347 2337 2445 2408 τὴν
2492 2337 2670 2409 σάρκα
2709 2334 2869 2403 εἶναι,
2916 2339 3015 2410 οὐχ
3052 2340 3194 2410 ὁρῶν
3221 2339 3296 2403 ὡς
3338 2340 3597 2410 οὐδεμίαν
3628 2341 3733 2410 ἔχει

2161 2428 2501 2493 ἀκολουθίαν,
2533 2429 2638 2501 πρὸ
2663 2430 2764 2499 τῆς
2801 2430 3001 2501 σαρκὸς
3030 2433 3130 2501 τὴν
3167 2432 3346 2503 σάρκα
3382 2431 3629 2484 ἐκτίσθαι
3655 2432 3733 2483 λέ-

2160 2536 2299 2589 γειν,
2342 2521 2437 2574 καὶ
2479 2521 2617 2591 μετά
2657 2521 2756 2592 τὴν
2802 2521 2977 2574 κτίσιν
3024 2521 3124 2592 τῆς
3168 2521 3399 2592 σαρκὸς,
3430 2521 3598 2575 πάλιν
3643 2523 3733 2592 τὴν

2162 2613 2338 2682 σάρκα
2366 2612 2673 2683 ὀνομάζειν.
2713 2614 2770 2665 Ὀ
2800 2612 2856 2666 δὲ
2882 2612 2992 2682 (66)
3026 2612 3104 2666 ἔτι
3136 2612 3267 2685 πρὸς,
3297 2610 3505 2675 τούτοις
3540 2614 3731 2682 ἐπιφέ-

2162 2719 2245 2773 ρει
2276 2703 2401 2773 ἑξῆς
2427 2703 2621 2770 λέγων,
2649 2698 2788 2766 εἶτα,
2820 2722 2839 2753 ι
2886 2702 2997 2776 Πρὸ
3029 2703 3125 2755 τοῦ
3168 2703 3277 2769 τὰς,
3304 2703 3579 2770 ἀϐύσσους
3618 2724 3731 2758 ποι-

2156 2792 2306 2861 ῆσαι,
2346 2810 2365 2841 ι
2403 2791 2787 2862 παροιμιωδῶς
2844 2793 2872 2844 6
2916 2793 3201 2863 προφήτης
3243 2792 3340 2856 τὰς
3398 2793 3505 2846 τῶν
3566 2795 3731 2862 ἀγίων

2158 2882 2382 2953 καρδίας
2412 2880 2550 2937 εἶναι
2573 2883 2739 2951 λέγει,
2775 2883 2873 2947 τὰς
2897 2885 2953 2937 ἑν
2982 2883 3058 2954 τῷ
3083 2884 3288 2936 ἑαυτῶν
3325 2884 3479 2953 βάθει
3507 2885 3610 2956 τὴν
3641 2884 3728 2938 τοῦ

2158 2973 2469 3045 Πνεύματος
2503 2975 2732 3046 ἑχούσας
2757 2975 2984 3047 δωρεάν.
3010 2976 3120 3029 Καὶ
3162 2978 3218 3028 ἑν
3259 2974 3470 3039 τούτοις
3508 2976 3565 3029 δὲ
3597 2978 3728 3047 πρός

493 3085 616 3123 nem
642 3069 932 3132 comlitam,
965 3069 1159 3124 iterum
1206 3069 1260 3124 in
1307 3073 1487 3126 carnis
1516 3075 1734 3127 nomine
1781 3075 2051 3130 insistere.

2159 3083 2305 3136 σχες,
2339 3068 2486 3131 ὅπως
2512 3070 2591 3130 εἰς
2620 3067 2719 3139 τὴν
2747 3067 2924 3137 σάρκα
2955 3065 3198 3119 ἐκλαϐὼν
3231 3066 3484 3138 εἰρῆσθαι
3503 3067 3586 3129 τὸ,
3611 3070 3728 3121 Κύ-

494 3161 586 3214 Ille
616 3172 793 3214 tamen
840 3160 939 3213 ista
985 3160 1355 3229 superioribus
1406 3163 1471 3216 ad
1516 3163 1657 3216 hunc
1684 3164 1897 3217 modum
1924 3165 2051 3219 sub-

2156 3175 2278 3226 ριος
2323 3157 2524 3214 ἐκτισέ
2568 3176 2662 3227 με,
2709 3158 2898 3212 ἔπειτα
2944 3157 3445 3228 στενοχωρούμενος
3495 3160 3601 3212 ὑπὸ
3628 3160 3728 3228 τῆς

492 3250 664 3304 nectit
695 3263 710 3302 :
742 3250 831 3320 [Β.
882 3247 1003 3302 XIX
1050 3249 1175 3303 coll.
1224 3266 1278 3319 p.
1336 3249 1436 3303 158
1466 3249 1550 3323 B]
1589 3252 1764 3306 «Ante
1800 3252 2051 3309 formatas

2156 3250 2374 3321 Γραφῆς
2399 3249 2683 3321 λεγούσης,
2714 3249 2831 3317 Πρὸ
2861 3248 2967 3303 τοῦ
2991 3248 3098 3313 τὰς
3124 3250 3435 3316 ἀϐύσσους
3457 3250 3726 3317 ποιῆσαι,

497 3358 517 3392 ι
565 3344 807 3411 aliyssos.
849 3358 867 3392 ι
931 3340 1156 3409 Abyuos
1233 3341 1689 3409 proverbialiter,
1743 3352 2051 3397 sanctorum

2156 3342 2251 3406 τὰς
2282 3343 2378 3413 μὲν
2408 3340 2675 3405 ἀϐύσσους
2696 3340 3007 3412 ἑρμηνεύει,
3030 3340 3129 3403 τάς
3153 3340 3261 3393 τῶν
3287 3340 3457 3408 άγίων
3480 3342 3725 3412 καρδίας,

492 3433 655 3487 corda
709 3441 983 3501 nuncupat
1018 3434 1298 3502 propheta,
1343 3433 1394 3486 in
1425 3448 1664 3502 quorum
1697 3449 1890 3504 nempe
1922 3451 2048 3503 pror-

493 3525 850 3580 funditatibus
881 3525 1018 3579 dona
1048 3526 1287 3595 Spiritus
1316 3526 1781 3581 recondebantur.
1821 3527 1918 3582 llic
1938 3528 2050 3596 jam

490 3617 545 3671 in
593 3616 712 3671 istis
767 3618 1014 3672 attendas
1064 3626 1266 3682 autem,
1320 3620 1593 3687 quomodo
1626 3620 1695 3683 is,
1722 3621 1813 3689 qui
1850 3621 2050 3675 dictum

489 3708 620 3763 Illud
656 3707 950 3763 :Dominus
994 3710 1226 3762 condidit
1268 3727 1348 3762 me
1372 3712 1437 3776 η,
1474 3711 1542 3764 de
1568 3727 1737 3766 carne
1768 3702 2050 3768 intellexe-

489 3811 596 3865 rat,
638 3816 665 3854 a
706 3799 987 3871 Scriptura
1027 3802 1286 3871 deinceps
1312 3804 1363 3856 in
1405 3815 1690 3872 angustum
1718 3817 2048 3876 compactos,

489 3906 609 3960 quzc
648 3892 798 3954 dicit,
840 3904 1119 3954 antequam
1165 3892 1520 3960 formarentur
1562 3897 1836 3965 abyssi";
1880 3898 2050 3952 inter-

488 3993 734 4053 pretatur
779 3982 1027 4053 abyssos,
1067 3995 1374 4038 sanctorum
1418 3987 1581 4040 corda
1618 4002 1632 4038 :
1664 4002 1763 4043 nec
1814 3990 2051 4045 advenit

487 4078 629 4143 quod
679 4075 841 4128 corda
907 4085 1241 4147 sanctorum,
1296 4085 1422 4141 puta
1476 4079 1793 4144 Abrahami,
1857 4079 2045 4148 Isaaci,

487 4163 695 4228 Jacobi,
721 4162 940 4234 Moysis,
975 4163 1159 4229 Heliae,
1200 4166 1600 4232 Melchisedeci,
1632 4181 1685 4224 et
1717 4172 2045 4241 reliquorum

487 4258 868 4326 prophetarum
895 4298 909 4321 ,
951 4267 1077 4312 ante
1121 4257 1430 4314 Servatoris
1476 4262 1906 4318 incarnationem
1932 4264 2047 4319 fue-

486 4356 626 4400 rant.
654 4346 751 4413 Qui
779 4356 955 4415 potest
992 4361 1121 4416 ergo
1167 4347 1295 4402 illud
1330 4350 1397 4402 ad
1422 4365 1642 4405 carnem
1669 4352 1857 4407 referri
1895 4369 1910 4407 :
1936 4355 2044 4408 An-

2152 3432 2325 3501 λέγων
2356 3433 2525 3498 αὑτὰς
2564 3428 2725 3494 εἶναι,
2759 3434 2819 3485 ού
2864 3435 3064 3504 συνορᾷ
3109 3434 3187 3497 δὲ,
3218 3434 3299 3486 ὅτι
3332 3435 3387 3486 αἱ
3415 3433 3526 3486 τῶν
3558 3434 3726 3502 ἁγίων

2152 3524 2388 3594 καρδίαι,
2418 3522 2513 3576 τοῦ
2556 3522 2805 3595 Ἀϐραὰμ
2833 3524 3031 3594 δηλαδὴ
3058 3525 3150 3577 καὶ
3174 3523 3267 3576 τοῦ
3310 3524 3493 3578 Ἰσαάκ
3514 3526 3611 3578 καὶ
3634 3525 3725 3579 τοῦ

2164 3614 2376 3679 Ἰακὼϐ,
2406 3615 2681 3678 Μωῦσέως
2708 3631 2768 3666 τε
2803 3616 2895 3668 καὶ
2932 3614 3112 3667 Ἡλίου
3145 3615 3233 3669 καὶ
3270 3615 3605 3686 Μελχισεδὲκ
3636 3619 3726 3670 καὶ

2148 3706 2257 3758 τῶν
2282 3706 2481 3759 λοιπῶν
2515 3704 2827 3777 προφητῶν,
2854 3705 2959 3777 πρό
2988 3706 3087 3776 τῆς
3111 3706 3312 3777 σαρκὸς
3339 3707 3600 3775 γεγόνασι
3630 3708 3724 3760 τοῦ

2149 3799 2418 3869 Σωτῆρος.
2450 3798 2575 3860 Πῶς
2605 3794 2698 3850 οὖν
2727 3798 2949 3850 δυνατὸν
2977 3798 3068 3849 ἑπι
3101 3796 3198 3868 τὴν
3226 3798 3403 3868 σάρκα
3433 3798 3725 3871 ἀναφέρειν

2148 3889 2266 3958 Πρὸ
2298 3890 2402 3943 τοῦ
2432 3890 2539 3953 τὰς
2579 3890 2891 3952 ἀϐύσσους
2936 3887 3219 3955 naniam;
3268 3889 3378 3942 Kal
3407 3889 3525 3959 μεθ’
3564 3892 3724 3961 ἔτερα

2146 3981 2202 4033 δὲ
2229 3977 2382 4044 αὖθις
2425 3980 2619 4049 ἐπάγει
2658 3979 2863 4049 λέγων’
2918 3997 2937 4030 ι
2985 3980 3051 4032 Τί
3088 3981 3266 4033 τοίνυν
3300 3981 3419 4034 ἐστὶ
3462 3981 3525 4034 τὸ
3556 3984 3723 4051 κεφά-

2152 4091 2172 4124 ‹
2211 4073 2377 4139 λαιον,
2406 4072 2525 4140 Πρὸ
2563 4072 2669 4126 τοῦ
2706 4071 3018 4140 προελθεῖν
3044 4072 3151 4136 τὰς
3186 4071 3416 4140 πηγάς-ς
3452 4073 3629 4127 Τοῦτο
3658 4076 3719 4144 δὴ

2150 4184 2170 4217 ι
2207 4167 2339 4236 ἡμῖν
2392 4164 2453 4216 τὸ
2510 4165 2806 4234 μυστήριον
2862 4162 3189 4233 παρίστησιν
3245 4164 3278 4233 ὴ
3334 4163 3435 4233 τῆς
3510 4165 3719 4230 Ἐξόδου

2150 4276 2170 4309 ‹
2210 4256 2415 4327 γραφὴ,
2445 4255 2571 4317 τοὺς
2594 4253 2701 4306 τῶν
2726 4253 3039 4307 ἀποστόλων
3068 4252 3271 4316 τύπους
3295 4254 3466 4308 πάλαι
3488 4272 3721 4329 προαγο-

2150 4367 2170 4401 ‹
2212 4347 2458 4420 ρεύουσα⁸
2488 4345 2695 4400 δώδεκα
2729 4345 2837 4414 γὰρ
2866 4345 3035 4398 ὄντων
3062 4345 3153 4397 τὸν
3181 4345 3409 4417 ἀριθμὸν
3448 4347 3563 4402 τῶν
3591 4352 3722 4402 ἀπο.

488 4451 694 4510 tequam
748 4413 924 4509 abyssi
974 4413 1371 4508 formarentur?
1421 4441 1557 4505 Post
1614 4444 1867 4511 deinceps
1913 4446 2038 4510 alia,

2156 4461 2171 4494 I
2212 4413 2411 4495 στόλων
2436 4438 2643 4493 δώδεκα
2671 4438 2863 4508 πηγῶν
2893 4437 3184 4509 μέμνηται.
3220 4413 3333 4509 (67)
3370 4458 3388 4491 ι
3424 4440 3541 4495 Καὶ
3568 4439 3717 4505 αὖθις

486 4533 682 4586 iterum
710 4531 975 4587 subinfert
1025 4531 1272 4609 inquiens
1298 4530 1388 4603 [Β.
1421 4532 1521 4587 XX
1555 4533 1680 4588 coll.
1708 4550 1761 4604 p.
1794 4535 1892 4591 l59
1922 4535 1986 4608 Β]
2021 4556 2035 4591 ε

491 4634 510 4673 ι
540 4623 677 4689 Quid
711 4624 839 4677 illud
871 4635 1049 4679 autem
1092 4625 1395 4680 membrum
1429 4625 1531 4679 sibi
1565 4626 1678 4679 vult
1705 4643 1718 4679 :
1747 4628 2038 4699 Antequam

2145 4532 2339 4600 ἑπάγει
2370 4530 2431 4584 τὸ
2461 4530 2612 4593 αὐτὸ,
2642 4531 2868 4600 γράφων
2897 4528 3070 4592 οὕτως
3090 4547 3102 4559 ·
3139 4548 3158 4582 ι
3193 4530 3435 4594 Εἰκότως
3465 4528 3564 4586 οὖν
3594 4535 3714 4604 περὶ

2150 4640 2171 4677 t
2210 4624 2310 4694 τῆς
2336 4621 2475 4676 κατά
2497 4622 2674 4694 σάρκα
2701 4621 2964 4689 γενέσεως
2990 4624 3020 4675 6
3043 4620 3304 4692 δεσπότης
3330 4623 3420 4677 διὰ
3456 4624 3555 4677 τοῦ
3590 4643 3715 4695 προ-

490 4735 510 4770 (
555 4716 721 4784 fontes
766 4716 1179 4783 producerentur
1199 4715 1553 4785 u"lliquidem
1588 4718 1691 4773 hoc
1723 4720 2035 4791 mysterium

2156 4735 2163 4768 l
2204 4717 2372 4786 φήτου
2414 4713 2722 4785 Σολομῶνος
2750 4713 3019 4782 λέγοντος,
3073 4712 3180 4783 (68)
3214 4714 3333 4781 Πρὸ
3360 4716 3470 4769 τοῦ
3501 4722 3710 4785 προελ-

486 4823 510 4859 ‹
560 4815 779 4859 enarrat
830 4806 983 4859 nobis
1031 4804 1309 4875 Scriptura
1349 4806 1716 4863 Exodi"°“in
1756 4824 1866 4878 qua
1908 4811 2035 4865 olim

2156 4806 2265 4862 7le
2303 4807 2412 4872 τὰς
2437 4805 2632 4875 πηγὰς
2659 4804 2776 4859 τῶν
2802 4803 3055 4872 ὑδάτων,
3085 4804 3208 4876 ἔφη.
3249 4824 3269 4856 ι
3324 4806 3450 4859 Ἐπὶ
3475 4808 3550 4862 τὰ
3592 4809 3709 4873 ἑξῑπς

556 5010 615 5069 r14
652 5005 751 5060 Ed.
778 5004 979 5064 Paris..
1013 5020 1135 5077 pag.
1171 5004 1261 5059 46.
1337 5007 1382 5039 ¹⁰
1416 5007 1431 5062 Ι
1467 5007 1593 5063 Cor.
1626 5022 1709 5072 III,
1751 5008 1834 5061 II.
1912 5008 1951 5039 ¹¹
1978 5008 2114 5064 Gen.
2151 5024 2234 5073 III,
2267 5010 2354 5066 I9.
2432 5011 2473 5042 ⁸³
2506 5009 2666 5065 Prov.
2702 4983 2931 5074 vniﬂﬂ.

481 5078 603 5135 “3°
620 5078 795 5135 Exod.
818 5096 910 5153 xv,
939 5085 1030 5143 27.

552 5280 664 5351 (66)
684 5281 868 5355 _Vulgo
898 5283 985 5355 665
1003 5292 1057 5355 et
1089 5284 1148 5336 οὐ
1183 5282 1419 5355 συνορῶν
1459 5282 1503 5336 δ’
1531 5283 1612 5336 ὅτι
1651 5282 1829 5337 αὐτῶν
1854 5300 1906 5336 τ.
1940 5282 2032 5351 ἀγ.

476 5352 535 5404 αἱ
570 5352 724 5421 καρδ.
760 5362 811 5404 et
832 5352 987 5405 τοῦτο
1014 5352 1089 5406 δέ.

549 5419 659 5491 (6⁸7)
676 5421 1024 5476 Δώδεκατῶν
1041 5420 1248 5492 πηγῶν
1256 5420 1565 5491 μέμνηται.
1586 5419 1755 5475 Sensu
1779 5422 2033 5492 secundo,

476 5500 532 5545 et
561 5490 784 5561 mystico
816 5494 917 5545 hoc
949 5490 1145 5546 verum
1169 5490 1287 5546 esse
1317 5502 1515 5561 potest,
1545 5501 1603 5544 ut
1642 5506 1716 5544 ut
1747 5491 1821 5543 illi
1863 5490 2035 5544 fontes

479 5560 534 5613 iu
572 5560 727 5625 Elim,
762 5562 900 5615 unde
936 5563 1189 5616 Israelita;
1224 5563 1277 5615 in
1320 5560 1537 5616 deserto
1577 5561 2031 5623 refocillabantur,

480 5643 556 5699 sit
584 5629 851 5699 apostolos
878 5632 1339 5699 praeliguraverint
1369 5645 1385 5683 :
1423 5632 1474 5684 id
1498 5630 1819 5692 enimmulti
1850 5628 2035 5683 volunt

477 5698 552 5754 ita
574 5712 711 5753 esse.
740 5698 1043 5766 Quomodo,
1067 5712 1122 5756 et
1150 5711 1378 5766 montes,
1414 5699 1595 5769 colles,
1621 5712 1805 5770 petrae,
1836 5699 2023 5766 nubes,

3033 5011 3077 5041 ¹³
3104 5009 3237 5064 Ibid.
3272 5010 3361 5066 25.
3505 5016 3553 5047 “
3580 5017 3704 5071 Ibid.

2130 5281 2629 5355 Iapidesdicuntur.
2650 5280 2753 5335 Sed
2785 5281 3089 5355 Marcellum
3120 5286 3196 5334 ait
3215 5282 3513 5355 Eusebius,
3544 5301 3698 5355 quam

2132 5363 2282 5472 recte
2313 5351 2525 5472 vidﬁrit.
2576 5366 2733 5405 sensu
2769 5354 2962 5418 primo,
3002 5362 3055 5407 et
3098 5353 3238 5405 κατὰ
3265 5354 3507 5425 γράμμα
3544 5351 3698 5411 intel-

2150 5436 2343 5472 exisse.
2439 5458 2454 5471 .

2129 5422 2343 5475 Iexisse.
2382 5422 2454 5472 Μ.

2202 5492 2315 5557 (68)
2346 5490 2693 5562 Σολομῶνος
2717 5490 3023 5559 λέγοντος.
3059 5490 3364 5562 Legendum
3410 5494 3585 5562 λέγει,
3616 5494 3692 5546 vel

2130 5560 2377 5627 λέγοντος
2397 5559 2603 5629 εἴρηκε.
2633 5559 2701 5615 M.
2718 5590 2787 5599 —-
2804 5562 2932 5613 Dein
2962 5562 3116 5629 vulgo
3138 5560 3197 5612 τὸ
3226 5560 3433 5616 λεῖπον.
3470 5559 3635 5616 Porro
3653 5563 3691 5616 Β

2129 5630 2405 5703 διαδόχους
2444 5630 2687 5703 αἰνίττε-ι,
2723 5632 2872 5703 quod
2914 5630 3104 5703 falsum
3161 5642 3253 5703 est
3278 5647 3329 5703 p.
3370 5631 3440 5686 70
3481 5634 3524 5687 D
3567 5636 3690 5703 lim;

2134 5698 2464 5769 inlra’vulgo
2492 5698 2524 5769 ἢ
2561 5700 2681 5752 καθ’
2713 5700 2806 5770 ὀμ.
2840 5710 2893 5755 et
2923 5701 2997 5764 ὠς
3023 5700 3115 5754 καὶ
3141 5699 3418 5764 πολλάκις.
