3836 6216
130 312 253 365 805

1272 312 1555 367 CONTRA
1596 311 2027 399 MARCELLUM
2068 310 2196 364 LIB.
2242 311 2309 366 ΙΙ.

3297 312 3403 367 806

129 428 315 498 ἕτερά
358 442 480 479 τινα
514 424 755 489 διελθὼν,
792 424 1040 495 επιφέρει
1075 443 1088 455 ·
1126 444 1144 477 1
1175 426 1383 481 Οὐκοῦν
1435 428 1721 497 ἐπειδήπερ

1838 445 1867 476 «η
1901 424 2264 495 apostolorum
2290 408 2399 495 typi
2426 423 2950 493 prmuuntiabantur.
2979 423 3225 479 Meminit
3253 428 3402 480 enim

138 540 161 571 1
208 518 343 589 περὶ
385 516 495 569 τῶν
535 516 882 586 προαγόντων
914 517 1243 588 εἰρήκαμεν,
1289 517 1578 571 ἀκόλουθόν
1609 519 1726 571 ἐστι

138 628 160 658 1
207 608 307 662 καὶ
331 605 393 658 τό
413 606 594 657 λεῖπον
619 603 1026 675 ἀναπληρῶσαι.
1045 606 1236 659 Λείπει
1256 604 1312 657 δὲ
1333 604 1414 669 τὸ,
1444 624 1463 657 1
1486 607 1636 659 κατὰ
1656 607 1728 660 τὰ

140 720 160 749 1
209 699 324 766 ὅρη
343 697 441 751 καὶ
473 696 615 762 τοὺς
635 698 923 761 βουνούς.
977 698 1091 769 Πρὸ
1116 698 1224 770 γὰρ
1246 697 1342 751 τοῦ
1363 698 1431 751 τά
1459 698 1561 769 ὅρη
1579 698 1728 768 ἐδρα-

140 810 160 839 1
207 788 423 859 σθῆναι,
476 788 629 860 φησὶ,
666 788 773 859 πρὸ
809 788 867 841 δὲ
905 789 1123 843 πάντων
1166 789 1274 844 τῶν
1315 788 1539 859 βουνῶν,
1563 791 1726 859 γεννᾷ

126 900 163 931 1
215 898 306 951 με.
337 881 476 951 Ὀρη
511 881 604 933 καί⁵
634 880 851 950 βουνοὺς
874 882 999 944 τοὺς
1019 879 1343 944 ἀποστόλους
1363 881 1596 943 καὶτοὺς
1616 879 1725 933 τῶν

144 988 166 1019 1
212 968 528 1021 ἀποστόλων
554 968 831 1040 διαδόχους
874 966 1010 1023 εἶναι
1029 1010 1044 1034 ,
1070 970 1157 1023 ἵνα
1186 970 1339 1042 παρά
1379 971 1505 1034 τοὺς
1532 971 1725 1035 ἀλλους

145 1077 166 1108 1
212 1058 535 1130 ἀνθρώπους
559 1058 657 1130 τὴν
702 1061 821 1114 κατ’
849 1060 1027 1113 αὐτῶν
1047 1060 1259 1115 δικαίαν
1290 1061 1561 1115 πολιτείαν
1588 1079 1726 1135 παρ-

145 1170 167 1201 1
212 1150 485 1221 οιμιιώὦς
532 1150 793 1221 σημαίνῃ.
856 1170 875 1202 ι
927 1151 1191 1215 Τοιαύτας
1236 1152 1387 1216 τινὰς
1430 1153 1725 1225 ἑρμηνείας

137 1245 475 1317 ἐκθέμενος,
524 1242 681 1310 αὖθις
725 1248 817 1300 ἐπὶ
860 1247 959 1310 τὰς
1006 1246 1365 1311 ἀποστολικάς
1409 1246 1723 1317 μεταϐαίνει

140 1337 357 1406 φωνὰς,
378 1338 636 1392 τάναντία
663 1336 742 1407 τῷ
782 1337 1087 1409 ’Λποστόλῳ
1112 1337 1499 1408 φθεγγόμενος.
1542 1338 1597 1391 '0
1625 1339 1723 1408 μὲν

138 1431 260 1503 γὰρ
296 1431 387 1484 τὸν
448 1430 685 1501 προόντα
744 1429 881 1484 Υὶὸν
911 1430 1019 1484 τοῦ
1050 1428 1197 1484 Θεοῦ
1222 1430 1317 1484 καὶ
1342 1430 1724 1499 Πρωτότοκον

139 1518 355 1586 πάσης
389 1520 641 1583 κτίσεως
684 1516 845 1570 αὑτὸν
888 1512 1031 1570 εἶναι
1070 1516 1348 1571 ἐδίδασκε’
1373 1515 1441 1571 τὰ
1464 1515 1640 1569 πάντα
1664 1517 1721 1570 ἐν

140 1609 321 1680 αὐτῷ,
346 1608 439 1662 καὶ
456 1609 521 1661 δι’
547 1606 707 1661 αὑτοῦ
736 1607 999 1663 ἐκτίσθαιο
1024 1607 1186 1661 αύτόν
1218 1624 1280 1660 τε
1314 1602 1454 1660 εἶναι
1470 1606 1575 1676 πρὸ
1595 1607 1723 1660 πάν-

138 1716 256 1753 των
306 1698 515 1770 μεγάλῃ
540 1696 635 1768 βοῇ
661 1697 1089 1770 μαρτυρόμενος
1115 1698 1145 1750 ό
1177 1696 1236 1750 δέ
1265 1696 1359 1749 ἐπὶ¹
1398 1696 1495 1768 τὴν
1517 1697 1718 1768 σάρκα,

1834 534 1852 566 1
1900 524 2080 569 textus
2106 515 2197 570 ille
2220 514 2505 570 duodecim
2534 514 2763 568 fontium
2794 515 2847 569 in
2873 508 3010 568 Elim
3036 559 3052 583 ,
3106 528 3229 570 cum
3272 532 3407 585 apo-

1834 625 1853 656 1
1899 607 2162 661 stolarum
2204 606 2405 661 chorus
2453 615 2598 661 esset
2638 606 3021 661 duodenarius.
3053 625 3073 658 ι
3112 606 3255 661 Idem
3300 608 3405 661 ite-

1830 714 1946 752 rum
1978 698 2068 752 ille
2096 698 2300 766 regerit
2349 698 2417 751 ad
2474 697 2617 751 hunc
2648 697 2887 762 modum,
2916 697 3205 768 inquiens:
3246 716 3265 749 1
3291 697 3403 751 Me-

1834 807 1851 838 1
1903 789 2006 841 rito
2050 788 2215 858 igitur
2240 788 2305 840 de
2338 774 2687 856 generatione
2717 777 3009 841 secundum
3039 802 3260 843 carnem
3298 788 3403 842 Dn-

1832 896 1849 927 1
1898 877 2075 931 minus
2126 891 2221 946 per
2260 877 2583 946 prOphetam
2642 875 2987 931 Salomonem
3020 877 3204 931 dixit:
3236 881 3400 932 Ante-

1831 986 1851 1020 1
1896 985 2053 1039 quam
2082 968 2252 1037 fontes
2294 984 2556 1038 aquarum
2608 969 2961 1038 provenirent.
2994 987 3010 1018 ι
3044 965 3100 1021 In
3133 973 3405 1036 sequenti-

1825 1060 1957 1123 bus,
2005 1061 2250 1129 quaedam
2298 1059 2401 1113 alia
2469 1070 2789 1130 prosecutus
2849 1058 3012 1129 stylo,
3077 1056 3399 1131 infert:[R.

1822 1149 1993 1223 XXII]
2022 1170 2039 1201 1
2054 1150 2318 1218 Quocirca
2341 1166 2462 1205 cum
2481 1150 2839 1219 praecedentia
2860 1151 3122 1204 fuerimus
3141 1150 3401 1215 exsecuti,

1831 1263 1849 1295 1
1893 1257 2233 1313 consequens
2275 1251 2377 1306 est,
2410 1251 2470 1295 ut
2506 1242 2648 1312 quod
2676 1250 2841 1295 restat
2869 1241 3044 1296 adhuc
3071 1240 3402 1321 elxpleanius.

1828 1354 1847 1385 1
1893 1334 2081 1389 Restat
2118 1343 2295 1389 autem
2344 1333 2496 1398 illud,
2533 1348 2640 1401 quo
2670 1331 2915 1385 meminit
2942 1333 3205 1386 montium
3241 1341 3402 1399 atque

1828 1443 1848 1475 1
1891 1425 2156 1478 saltuum:
2192 1424 2265 1477 ait
2292 1424 2433 1478 enim
2467 1421 2792 1490 :Antequam
2825 1432 3022 1474 montes
3040 1420 3399 1487 ﬁrmarentur,

1830 1534 1847 1565 1
1895 1529 2019 1568 ante
2052 1530 2230 1567 omnes
2262 1514 2434 1566 saltus
2475 1513 2653 1582 genuit
2690 1527 2785 1564 me.
2822 1508 2957 1565 Esse
2996 1524 3161 1580 porro
3191 1517 3402 1563 montes

1832 1622 1851 1655 1
1897 1607 2064 1659 hosce
2091 1615 2255 1673 atque
2293 1603 2468 1658 saltus
2502 1603 2779 1670 apostolos
2814 1612 2867 1656 et
2894 1615 3236 1656 successores
3268 1614 3400 1669 apo-

1830 1712 1849 1743 1
1897 1692 2152 1746 stolorum
2194 1706 2211 1746 :
2258 1700 2317 1744 ut
2357 1691 2427 1744 ita
2482 1690 2695 1744 illorum
2729 1690 3029 1760 justissima
3057 1690 3402 1744 conversatio

140 1792 246 1845 καὶ
280 1788 483 1860 ταύτην
510 1788 836 1842 καταϐάλλει
885 1789 983 1861 τὴν
1034 1788 1326 1858 θεολογίανο
1352 1790 1545 1862 μικρὸν
1561 1790 1718 1843 ὔστε-

1827 1802 1841 1834 1
1889 1794 2055 1852 atque
2102 1784 2220 1836 vitae
2268 1783 2552 1848 institutio,
2581 1792 2707 1835 ante
2751 1796 2939 1837 omnes
3002 1780 3232 1836 aliorum
3262 1783 3401 1851 poli-

146 1897 246 1952 ρον
284 1881 377 1934 καί
424 1878 626 1948 ταύτην
660 1878 1005 1951 ἀρνούμενος.
1051 1878 1212 1947 Λέγει
1251 1878 1308 1932 δὲ
1341 1878 1517 1933 οὕτω·
1560 1898 1579 1931 1
1621 1878 1723 1950 ᾼιά

150 1992 172 2025 1
216 1972 377 2025 τοῦτο
394 1972 617 2035 εἰκότως
638 1971 909 2042 ἐπιφέρει,
937 1971 1037 2036 "0(-
1057 1971 1228 2025 ἐστιν
1247 1970 1424 2024 εικὼν
1442 1971 1549 2025 τοῦ
1573 1970 1722 2025 Θεοῦ

149 2085 171 2117 1
214 2064 322 2118 τοῦ
338 2062 615 2131 ἀοράτου.
650 2081 669 2114 ι
693 2063 830 2116 Πότε
856 2062 1146 2133 γενόμενος
1172 2048 1367 2128 εἰκών;
1394 2063 1465 2115 Ἦ
1483 2062 1723 2133 ὁπηνίκα

141 2157 211 2210 τδ
247 2154 371 2208 κατ’
418 2154 601 2207 εἰκόνα
623 2155 716 2207 καλ¹
753 2154 873 2207 καθ’
896 2154 1157 2225 ὁμοίωσιν
1184 2153 1442 2224 ἀνείληφε
1462 2154 1721 2224 πλάσμα;

148 2269 168 2298 1
214 2247 487 2319 Πρότερον
514 2245 642 2317 γὰρ,
677 2245 865 2316 ὥσπερ
894 2244 1152 2308 πολλάκις
1178 2244 1334 2315 ἔφην,
1363 2244 1515 2298 οὐδὲν
1541 2245 1724 2316 ἕτερον

149 2359 171 2390 1
212 2334 285 2410 ἦν
318 2338 351 2408 ἢ
390 2339 580 2406 Λόγοςο
624 2356 644 2389 ι
682 2337 778 2391 καὶ
828 2336 1075 2406 ἐπιμένει
1106 2336 1167 2389 τὸ
1214 2336 1345 2389 αὐτὸ
1378 2335 1725 2407 γυμνὼτερον

140 2430 450 2500 διασαφῶν,
486 2430 551 2483 δι’
587 2423 661 2484 ὧν
692 2446 856 2501 φησιν
877 2446 890 2458 ·
915 2448 933 2480 ι
960 2428 1169 2482 Ούκοῦν
1203 2428 1582 2500 πρόδηλον,ὅτι
1620 2428 1726 2500 πρὸ

149 2544 171 2576 1
200 2524 307 2594 τῆς
337 2523 430 2577 τοῦ
455 2523 723 2594 ἡμετέρου
761 2520 1010 2593 σώματος
1030 2521 1347 2592 ἀναλήψεως
1366 2523 1393 2573 ό
1409 2522 1579 2590 Λόγος
1605 2520 1725 2573 καθ’

148 2630 170 2664 1
197 2610 394 2664 ἑαυτὸν
424 2610 524 2663 οὐκ
571 2606 639 2681 ἦν
667 2608 829 2663 υἰκὼν
855 2610 949 2663 τοῦ
970 2609 1203 2681 ἀοράτου
1241 2609 1398 2664 Θεοῦ.
1455 2611 1569 2681 Τὴν
1619 2608 1727 2681 γὰρ

148 2725 172 2755 1
200 2704 389 2757 εἰκόνα
402 2704 632 2775 ὁρᾶσθαι
652 2704 937 2774 προσήκει,
965 2702 1050 2756 ἵνα
1069 2702 1155 2756 διὰ
1176 2703 1276 2772 τῆς
1291 2703 1495 2767 εἰκόνος
1508 2702 1570 2755 τὸ
1590 2702 1728 2766 τέως

148 2814 171 2846 1
203 2795 279 2867 μὴ
312 2795 587 2866 ὁρώμενον
622 2794 849 2866 ὁρᾶσθαι
887 2794 1130 2865 δύνηται.
1161 2813 1178 2846 ι
1203 2796 1314 2848 Καὶ
1331 2793 1728 2865 πάλινπροστί-

143 2888 276 2957 θησι
301 2885 472 2954 λέγων
492 2901 507 2915 ο
547 2903 565 2934 1
606 2884 730 2947 Πῶς
757 2880 848 2937 οὖν
869 2884 1050 2937 εἰκόνα
1082 2883 1175 2937 τοῦ
1209 2883 1440 2957 ἀοράτου
1466 2881 1600 2935 Θεοῦ
1636 2880 1728 2935 τὸν

147 2996 172 3029 1
212 2975 309 3029 τοῦ
332 2974 465 3028 Θεοῦ
507 2975 676 3041 Λόγον
712 2975 981 3046 Ἀστέριος
1012 2971 1149 3028 εἶναι
1186 2977 1486 3045 γέγραφενς
1521 2973 1587 3025 Αἰ
1620 2971 1728 3044 γὰρ

149 3088 171 3120 1
218 3068 427 3132 εἰκόνες
483 3068 708 3129 τούτων,
744 3061 819 3121 ὧν
850 3069 988 3120 εἰσιν
1037 3068 1264 3131 εἰκόνες,
1317 3066 1413 3120 καὶ
1453 3066 1722 3131 ἀπόντων,

149 3180 172 3212 1
213 3159 480 3213 δεικτικαί
521 3161 674 3212 εἰσιν
718 3158 857 3212 ὥστε
889 3159 983 3213 καὶ
1023 3158 1112 3213 τὸν
1158 3158 1363 3211 ἀπόντα
1389 3157 1498 3228 (69)
1531 3156 1597 3210 δι’
1624 3158 1722 3209 αύ-

150 3269 171 3301 1
210 3251 319 3303 τῶν
336 3249 621 3319 φαίνεσθαι
640 3251 831 3304 δοκεῖν.
860 3249 997 3303 Εἰδέ
1016 3249 1109 3302 τοῦ
1134 3248 1268 3302 Θεοῦ
1296 3249 1525 3319 ἀοράτου
1547 3249 1719 3312 ὄντος,

151 3363 171 3394 1
211 3344 442 3415 ἀόρατον
464 3339 601 3396 εἶναι
632 3347 728 3398 καὶ
749 3343 839 3396 τὸν
873 3343 1044 3409 Λόγον
1074 3342 1379 3412 συμϐαίνει,
1407 3340 1525 3404 πῶς
1559 3338 1722 3393 εἰκὼν

149 3457 170 3487 1
212 3436 308 3488 τοῦ
342 3436 576 3506 ἀοράτου
606 3435 738 3489 Θεοῦ
766 3435 885 3489 καθ’
907 3435 1099 3489 ἐαυτὸν
1129 3436 1158 3487 ὁ
1195 3434 1365 3504 Λόγος
1397 3430 1533 3487 εἶναι
1559 3433 1721 3486 δύνα-

150 3548 169 3576 1
211 3543 325 3587 ται,
367 3528 459 3580 καὶ
499 3526 659 3591 αὐτὸς
701 3528 927 3598 ἀόρατος
968 3525 1080 3591 (Iw;
1116 3525 1377 3580 ἀδύνατον
1408 3526 1516 3597 γὰρ
1548 3525 1607 3578 τὸ
1647 3524 1722 3596 μὴ

150 3640 173 3673 1
210 3620 408 3692 ὁρατὸν
439 3620 527 3674 διὰ
564 3620 658 3673 τοῦ
695 3621 927 3693 ἀοράτου
966 3620 1201 3690 φανῆναί
1248 3637 1399 3673 ποτε.
1435 3640 1454 3670 ι
1506 3618 1615 3672 Καὶ
1664 3620 1723 3672 ἐν

145 3713 361 3775 τούτοις
388 3713 445 3766 δέ
472 3715 500 3767 ό
527 3714 843 3785 Μάρκελλος
870 3714 929 3767 ού
960 3714 1180 3783 συνορᾷ,
1210 3713 1312 3777 ὅτι,
1344 3714 1392 3765 εἰ
1421 3712 1517 3784 τὴν
1545 3713 1723 3784 σάρκα

146 3804 375 3875 δοίημεν
407 3798 546 3856 εἶναι
572 3802 670 3875 τὴν
703 3803 884 3855 εἰκόνα
918 3803 1012 3856 τοῦ
1042 3802 1200 3865 Θεοῦ,
1234 3800 1352 3873 ὥρα
1375 3802 1469 3854 καὶ
1508 3802 1722 3855 πάντων

147 3893 452 3965 ἀνθρώπων
467 3892 562 3955 τὰς
585 3892 813 3962 σάρκας,
837 3892 930 3945 καὶ
952 3892 1020 3945 τὰ
1040 3891 1148 3944 τῶν
1174 3892 1438 3962 σωμάτων
1458 3890 1723 3963 πρόσωπα.

147 3986 366 4049 εἰκόνας
392 3983 530 4039 εἶναι
558 3986 733 4055 λέγειν
755 3985 847 4039 τοῦ
878 3984 1034 4038 Θεοῦ.
1067 3985 1227 4037 Ὥστε
1259 3985 1381 4037 κατ’
1402 3982 1562 4037 αὑτὸν
1614 4000 1721 4054 μη-

150 4077 246 4130 δὲν
297 4075 573 4148 ἐξαίρετον
611 4078 900 4148 ἐσχηκέναι
938 4076 1029 4129 τὸν
1061 4075 1310 4145 Σωτῆρα.
1349 4076 1406 4127 ὐ
1444 4074 1488 4127 δ’
1536 4074 1722 4147 ὥσπερ

147 4168 541 4240 ἐπιλαθόμενος
573 4164 652 4224 ὧν
684 4170 821 4241 μετά
852 4168 1023 4223 ταῦτα
1055 4168 1182 4238 περὶ
1218 4168 1316 4238 τῆς
1346 4166 1544 4236 σαρκὸς
1598 4184 1722 4219 συν-

148 4261 379 4333 ἐγραῲε,
408 4262 593 4315 δούλου
629 4261 842 4333 μορφὴν
878 4259 1045 4330 αὐτὴν
1074 4256 1241 4311 εἰπὼν
1273 4256 1333 4323 ἐξ
1365 4255 1722 4326 ἀποστολικῆς

146 4354 526 4423 παραθέσεως,
587 4354 677 4409 καὶ
723 4353 811 4407 διά
869 4351 1027 4406 τοῦτο
1093 4352 1167 4422 μὴ
1226 4347 1483 4404 δύνασθαι
1546 4350 1721 4400 συνεῖ-

1828 1896 1846 1929 1
1899 1878 2036 1941 tias,
2082 1876 2416 1946 intelligatur
2462 1875 2775 1930 denotari.)
2830 1874 3215 1944 llujuscemodi
3267 1889 3395 1929 suas

1824 1969 2305 2037 interpretationes
2334 1966 2423 2021 ubi
2465 1975 2839 2036 proposuerat,
2873 1966 3049 2037 pergit
3087 1966 3303 2021 demum
3333 1967 3398 2018 ad

1826 2063 2132 2116 testimonia
2174 2060 2491 2129 apostolica,
2536 2068 2591 2114 et
2628 2060 2887 2129 Apostolo
2928 2059 3198 2114 contraria
3243 2058 3296 2112 in
3337 2072 3402 2111 os

1822 2153 2100 2223 obgannit.
2154 2151 2298 2205 1llle
2358 2152 2495 2206 enim
2548 2152 2964 2220 praeexistentem
3029 2149 3221 2203 Filium
3280 2149 3398 2211 Dei,

1829 2262 1847 2295 1
1895 2243 2075 2299 omnis
2118 2252 2383 2298 creaturae
2446 2242 2870 2312 Primogenitum
2918 2241 3147 2311 ‘appellat
3178 2240 3397 2294 :omnia

1827 2358 1850 2383 α
1896 2337 1951 2391 in
1983 2337 2076 2391 illo
2106 2344 2160 2390 et
2188 2351 2287 2401 per
2320 2334 2470 2389 illum
2502 2335 2719 2389 condita
2772 2333 2928 2388 docet
2957 2349 2971 2386 :
3006 2346 3239 2399 eumque
3271 2341 3402 2385 ante

1831 2447 1849 2480 1
1895 2428 2078 2482 omnia
2125 2428 2403 2482 exstitisse
2454 2444 2644 2497 magna
2675 2441 2793 2479 voce
2825 2434 3195 2491 protestatur;
3232 2432 3285 2475 at
3317 2425 3399 2477 hic

1832 2541 1850 2572 1
1896 2521 2031 2575 hanc
2056 2522 2223 2587 ipsam
2254 2520 2567 2589 theologiam
2601 2520 2669 2571 ad
2713 2532 2925 2571 carnem
2956 2516 3165 2569 deducit
3195 2528 3213 2567 :
3239 2531 3398 2584 quam

1831 2632 1849 2664 1
1894 2623 1941 2666 et
1985 2614 2155 2681 ipsam
2183 2612 2362 2666 statim
2398 2622 2548 2681 negat
2578 2626 2595 2663 :
2625 2609 2701 2663 ait
2761 2618 2941 2662 autem
2988 2623 3003 2662 :
3043 2606 3131 2678 [Β.
3157 2604 3402 2677 LXXXI}

1832 2723 1849 2756 1
1896 2702 2101 2759 Idcirco
2132 2705 2326 2760 merito
2357 2701 2542 2767 infert,
2579 2701 2681 2768 Qui
2724 2711 2808 2755 est
2830 2702 3003 2767 imago
3031 2700 3123 2753 Dei
3152 2697 3395 2753 invisibi-

1833 2814 1852 2848 1
1898 2796 1985 2862 lis,
2017 2797 2234 2864 quando
2260 2806 2439 2849 autem
2485 2795 2559 2848 ita
2593 2793 2805 2847 factus?
2833 2792 2969 2845 Num
3005 2807 3127 2845 cum
3167 2790 3390 2861 ﬁgmen-

1834 2905 1852 2937 1
1900 2895 2013 2940 tum
2044 2885 2339 2954 assumpsit
2364 2884 2490 2939 illud
2515 2885 2658 2953 quod
2691 2883 2890 2937 factum
2916 2881 3083 2945 estad
3109 2880 3396 2951 imaginem

1835 2996 1854 3027 1
1900 2987 1954 3032 et
1979 2976 2430 3032 similitudinem?
2466 2980 2523 3038 ὦ
2556 2974 2716 3028 Prins
2745 2974 2968 3035 etenim,
3010 2974 3151 3042 quod
3194 2973 3383 3041 aliquo

1835 3088 1853 3119 1
1902 3069 2001 3124 lies
2050 3068 2307 3129 diximus,
2359 3067 2490 3120 nihil
2538 3067 2687 3120 aliud
2712 3082 2877 3134 quam
2934 3066 3165 3120 Verbum
3208 3075 3344 3118 erat.
3374 3085 3392 3115 ι

1826 3160 2063 3222 Perstat,
2096 3167 2149 3213 et
2188 3158 2291 3213 hoc
2324 3158 2650 3227 explicatius
2702 3156 2956 3223 eiucidat,
2990 3156 3078 3209 ubi
3110 3156 3343 3225 loquitur
3378 3170 3394 3207 :

1825 3250 1914 3323 [Β.
1934 3249 2125 3303 XXXII
2145 3250 2270 3303 coll.
2288 3264 2338 3318 p.
2357 3249 2427 3303 24
2449 3248 2559 3322 B]1
2589 3249 2681 3304 Est
2696 3264 2826 3320 ergo
2850 3247 3223 3314 manifestum,
3248 3250 3390 3318 quod

1823 3359 1927 3397 non
1963 3351 2080 3397 erat
2110 3342 2342 3398 Verbum
2386 3343 2563 3412 imago
2600 3340 2888 3394 invisibilis
2917 3340 3012 3394 Dei
3058 3348 3185 3393 ante
3214 3339 3395 3394 carnis

1824 3446 2025 3490 nostra:
2070 3434 2521 3502 assumptionem.
2556 3431 2687 3485 Nam
2730 3444 2952 3485 necesse
2991 3440 3074 3483 est
3103 3430 3393 3500 imaginem

1823 3525 1996 3581 oculis
2019 3524 2189 3589 cerni,
2206 3533 2263 3577 ut
2287 3524 2361 3577 ita
2381 3539 2477 3592 per
2496 3523 2780 3593 imaginem
2797 3521 3139 3575 discernatur
3164 3521 3214 3575 id
3240 3521 3383 3590 quod

1824 3634 1927 3673 non
1947 3626 2154 3687 poterat
2171 3625 2324 3669 antea
2354 3613 2522 3669 oculis
2550 3613 2848 3676 usurpari.»
2871 3611 2998 3664 Dein
3017 3611 3165 3663 addit
3190 3611 3393 3676 :1an-

1831 3727 1850 3760 1
1901 3697 2265 3761 madmodum
2294 3706 2461 3773 igitur
2484 3704 2730 3756 Asterius
2755 3700 3007 3764 allirmat,
3038 3699 3127 3754 Dei
3158 3698 3391 3753 Verbum

1828 3819 1848 3852 1
1893 3799 2168 3855 exstitisse
2217 3797 2506 3867 imaginem
2570 3792 2858 3847 invisibilis
2922 3790 3053 3845 Dei?
3127 3791 3394 3861 Imagines

1827 3912 1845 3944 1
1892 3891 2091 3947 etenim
2130 3898 2254 3945 sunt
2288 3903 2476 3943 earum
2518 3900 2699 3941 rerum
2753 3883 3188 3938 demonstrativae
3226 3883 3389 3937 etiam

1829 4004 1847 4035 1
1890 3983 2227 4047 absentium,
2265 3994 2492 4051 quarum
2533 3985 2660 4031 sunt
2704 3976 2974 4045 imagines
3011 3991 3024 4027 :
3056 3976 3130 4029 ita
3190 3983 3245 4027 ut
3292 3988 3394 4042 per

1829 4091 1848 4124 1
1896 4073 2015 4128 illas
2041 4071 2129 4126 vel
2164 4072 2441 4126 absentem
2472 4069 2739 4139 possimus
2769 4066 2991 4121 intueri.
3031 4064 3231 4132 Quodsi
3272 4065 3389 4128 Dei,

1827 4184 1847 4217 1
1894 4181 2016 4221 cum
2048 4165 2123 4220 sit
2155 4162 2464 4229 invisibilis,
2489 4163 2710 4217 verbum
2734 4176 2949 4230 quoque
2971 4159 3245 4213 invisibile
3269 4157 3341 4212 sit
3368 4176 3385 4212 :

1826 4278 1844 4311 1
1887 4256 2157 4327 quomodo
2190 4255 2405 4309 tandem
2444 4251 2699 4316 Verbum,
2740 4252 2792 4306 in
2823 4266 2882 4304 se
2915 4249 3209 4317 invisibile,
3245 4249 3388 4303 invi-

1827 4368 1844 4401 1
1891 4348 2064 4403 sibilis
2099 4347 2190 4402 Dei
2230 4348 2406 4416 imago
2431 4358 2552 4399 esse
2587 4355 2762 4413 potest
2787 4342 2810 4395 ?
2835 4342 2995 4396 Certe
3036 4350 3117 4396 est
3166 4356 3388 4409 prorsus

147 4463 242 4499 ναι
269 4446 489 4516 (70)τῷ
512 4446 689 4517 Λόγῳ,
725 4445 813 4498 διά
847 4445 908 4498 τὸ
921 4443 1105 4498 δούλου
1144 4441 1357 4514 μορφὴν
1385 4434 1553 4494 εἶναι’
1589 4440 1721 4493 ἀλλὰ

1832 4457 1850 4491 1
1896 4439 2254 4510 impossibile,
2302 4448 2361 4491 ut
2406 4437 2548 4505 quod
2612 4450 2716 4490 non
2766 4434 3001 4499 videtur,
3043 4449 3139 4503 per
3182 4433 3388 4501 aliquid

148 4538 247 4591 καὶ
266 4541 448 4608 γυμνῇ
478 4539 543 4608 τῇ
571 4536 777 4608 κεφαλῇ
814 4537 1024 4607 φήσας,
1057 4553 1076 4587 1
1109 4534 1226 4597 πῶς
1264 4528 1494 4603 ἐγχωρεῖ
1524 4530 1621 4602 τὴν
1653 4530 1717 4584 ἐκ

157 4648 176 4678 1
218 4630 323 4698 γῆς
351 4646 408 4681 τε
440 4625 625 4693 οὖσαν,
652 4631 745 4683 καὶ
775 4629 941 4700 μηδὲν
982 4625 1316 4695 ὠφελοῦσαν,
1345 4625 1403 4676 ἐν
1438 4625 1549 4684 τοῖς
1586 4621 1710 4693 μέλ-

155 4738 176 4771 1
214 4720 395 4773 λουσιν
420 4720 579 4773 αἰῶσι
610 4723 846 4773 συνεῖναι
874 4718 953 4790 τῷ
976 4718 1154 4787 Λόγῳ;
1179 4735 1198 4768 ι
1238 4712 1378 4768 εἶναι
1409 4714 1593 4766 εἰκόνα
1621 4711 1715 4765 τοῦ

147 4813 382 4883 ἀοράτου
401 4812 560 4879 Θεοῦ,
584 4813 683 4884 τὴν
714 4812 891 4884 σάρκα
920 4811 1015 4865 ἐπὶ
1048 4810 1139 4862 τοῦ
1170 4807 1433 4879 παρόντος
1458 4804 1720 4875 διισχυρί-

149 4904 303 4967 ζεται
328 4902 802 4974 διαϐεϐαιούμενος
826 4900 1227 4971 ἀποφαντικῶς,
1254 4898 1336 4950 ὅτι
1366 4896 1471 4968 πρὸ
1493 4895 1593 4965 τῆς
1626 4893 1719 4949 τοῦ

149 4995 421 5067 ἡμετέρου
479 4996 731 5068 σώματος
781 4993 1097 5064 ἀναλήψεως
1153 4990 1253 5044 οὐκ
1293 4984 1363 5060 ἦν
1418 4986 1580 5040 εἰκὼν
1622 4985 1716 5040 τοῦ

148 5086 384 5157 ἀοράτου
400 5085 555 5149 Θεοῦ,
577 5087 605 5140 ὁ
624 5087 795 5156 Λόγος
818 5084 1005 5139 αὑτοῦ.
1028 5083 1140 5138 Καὶ
1156 5078 1309 5143 αὖθις
1328 5078 1466 5151 μετά
1480 5078 1549 5131 τὰ
1565 5079 1720 5131 ἐκτε-

149 5178 315 5231 θέντα
362 5179 608 5250 ἐπιφέρει
647 5178 838 5248 λέγων·
885 5196 904 5229 1
939 5177 1030 5230 Διὸ
1057 5172 1391 5244 πανταχόθεν
1430 5169 1609 5241 δῆλον,
1643 5170 1720 5221 εἰ·

227 5321 288 5379 ᾖ(
339 5314 437 5369 Ed.
474 5312 670 5376 Paris..
703 5330 824 5384 pag.
855 5314 949 5368 47.

220 5454 335 5523 (69)
370 5452 538 5523 Vulgo
578 5454 760 5524 καίδϋ
790 5453 968 5509 αὐτῶν
1004 5464 1056 5509 et
1086 5452 1177 5506 τοῦ
1209 5452 1442 5524 ἀοράτου
1482 5452 1633 5511 όντος
1667 5457 1722 5503 et

151 5520 333 5595 σάρκα
358 5520 607 5595 δείν’μὲν
634 5520 793 5577 εἶναι.

222 5593 337 5664 (70)
390 5594 483 5662 Μὴ
515 5593 828 5664 δύνασθαι
871 5593 1162 5648 συνεῖναι.
1225 5594 1334 5647 Ἀεί
1389 5593 1546 5655 forte,
1592 5604 1715 5644 nam

151 5663 280 5719 illnd
319 5667 515 5733 potuit.
550 5663 731 5733 Neque
758 5666 922 5719 fuisse
954 5665 1231 5718 adunitam
1254 5666 1422 5718 verbo
1450 5666 1517 5715 ah
1556 5672 1709 5733 teter-

151 5751 243 5795 no.
270 5730 369 5789 nec
399 5731 630 5789 futuram
649 5730 1038 5801 'aduniendam,
1065 5747 1121 5790 ut
1154 5735 1336 5790 statim
1362 5736 1419 5786 ὲν
1442 5735 1550 5796 τοῖς
1575 5730 1702 5800 μὲλ-

1827 4548 1846 4581 1
1892 4527 2157 4583 invisibile
2191 4527 2584 4581 manifestetur.
2612 4544 2631 4577 ι
2667 4526 2782 4579 Non
2819 4525 2906 4579 hic
2954 4523 3203 4593 intelligit
3235 4523 3377 4575 Mar-

1823 4620 2018 4685 cellus,
2053 4620 2195 4690 quod
2239 4620 2283 4674 si
2325 4620 2395 4675 sit
2438 4634 2661 4674 necesse
2692 4633 2909 4672 carnem
2946 4616 3230 4686 imaginem
3266 4615 3384 4668 ﬁeri

1825 4713 1961 4779 Dei,
2007 4726 2202 4766 carnes
2250 4721 2306 4765 et
2347 4725 2577 4780 corpora
2622 4710 2899 4763 hominum
2953 4706 3286 4778 singulorum
3329 4717 3383 4760 et

1824 4794 2101 4874 personat,
2154 4798 2417 4872 imagines
2460 4801 2709 4855 dicantur
2764 4813 2883 4852 esse
2922 4797 3037 4855 Dei.
3081 4797 3156 4851 Ita
3198 4808 3251 4849 ut
3289 4813 3388 4866 per

1822 4895 2171 4963 semetipsum
2220 4893 2494 4962 singulare
2536 4890 2671 4945 nihil
2717 4891 2914 4945 habeat
2954 4890 3230 4945 Servator.
3278 4890 3387 4942 lste

1820 5000 1970 5053 vero,
2005 4996 2258 5054 tanquam
2298 4984 2497 5039 oblitus
2525 4997 2710 5038 eorum
2748 4997 2866 5052 quae
2889 4982 3141 5052 deinceps
3167 4982 3232 5036 de
3264 4996 3383 5034 car-

1820 5090 1889 5130 ne
1926 5078 2198 5131 mandavit
2237 5076 2454 5139 Iitteris,
2483 5091 2604 5130 cum
2635 5089 2701 5129 ex
2731 5073 3053 5128 auctoritate
3078 5072 3381 5155 ppostolica

1825 5170 1969 5225 servi
2005 5170 2231 5225 formam
2267 5169 2412 5225 illam
2439 5166 2793 5229 nominasset,
2825 5179 2921 5220 nec
2958 5163 3161 5219 idcirco
3190 5164 3384 5218 unien-

1817 5445 1999 5498 λουσιν
2025 5443 2203 5498 αἰῶσι.
2226 5440 2324 5497 Ubi
2350 5441 2487 5495 forte
2506 5438 2811 5507 legendum,
2839 5448 2893 5491 et
2922 5437 3381 5507 distinguendum,

1816 5512 1952 5568 εἶναι
1983 5515 2038 5566 δέ
2061 5514 2242 5567 εἰκόνα
2264 5512 2355 5564 τοῦ
2383 5508 2784 5581 ἀοράτου-Θεοῦ
2814 5509 2913 5581 τὴν
2942 5511 3135 5581 σάρκα,
3169 5507 3275 5581 ἐπὶ*
3287 5508 3386 5562 τοῦ

1816 5587 2080 5657 παρόντος
2103 5578 2826 5657 διισχυρίζεταιῇδιαϐεϐαιού
2836 5578 3023 5649 μενος.
3142 5606 3209 5617 -
3228 5578 3379 5657 Dem

1814 5648 1972 5724 vulgo
1999 5652 2135 5708 εἶναι
2158 5648 2391 5724 διισχυρ.
2410 5661 2466 5715 et
2489 5648 2845 5721 ἀποφατικῶς
2882 5660 2938 5707 et
2971 5649 3141 5703 ταῦτα
3187 5648 3253 5705 τὰ
3296 5650 3381 5704 ὲκ-

1812 5726 1972 5782 θέντα
1997 5725 2073 5795 τῷ
2100 5723 2216 5793 Θεῷ
2246 5724 2421 5790 Λόγῳ.
