3836 6216
438 313 543 368 8υ7

1107 309 1377 366 EUSEBII
1415 308 1896 365 CAESARIENSIS
1932 309 2082 365 OL‘P.
2127 309 2306 365 PArRS
2343 309 2432 365 IV.
2472 341 2541 356 —.
2578 309 2995 366 DOGMATICA.

3581 312 3692 364 808

437 432 561 484 dam
593 444 713 487 esse
743 427 1186 498 Verbo:quique
1238 429 1403 483 etiarn
1445 429 1785 498 apertissima
1831 428 2004 485 fronte

2117 448 2133 477 ι
2175 428 2306 480 κόνα
2351 427 2445 480 τοῦ
2495 429 2727 499 ἀοράτου
2773 427 2908 481 Θεοῦ
2950 429 3053 482 ὑπὸ
3096 429 3191 480 τοῦ
3242 426 3386 498 ἱεροῦ
3433 427 3694 498 εἰρῆσθαι

439 523 652 578 dixerat
686 543 698 575 ;
729 538 748 570 σ
772 519 1053 586 Quomodo
1099 521 1504 575 concedendum
1556 533 1660 586 est,
1703 523 1846 575 illam
1882 538 2000 577 car-

444 634 463 666 i
513 629 632 668 nem
677 627 796 679 qua:
835 613 901 665 de
937 623 1079 665 terra
1130 623 1342 682 sumpta
1386 623 1488 675 est.
1517 623 1572 667 et
1606 614 1736 667 nihil
1766 613 2004 682 prodest,

444 723 463 755 ε
513 705 716 758 unitam
747 703 919 758 Verbo
944 703 1234 772 persistere
1265 704 1317 756 in
1351 704 1530 758 futuro
1552 705 1783 760 saeculo?
1812 724 1830 758 ι
1857 705 2006 760 Illam

443 807 620 850 tamen
654 810 872 850 carnem
930 795 1220 863 imaginem
1264 808 1383 850 esse
1427 795 1523 850 Dei
1570 795 1855 852 invisibilis
1878 811 2010 850 con-

439 900 646 943 stanter
698 887 932 942 aﬂirmat
972 887 1458 941 :constanlissime
1513 902 1713 957 negans
1758 874 2004 942 eamdem

439 984 634 1052 ipsam,
677 991 802 1035 ante
847 981 1090 1048 corporis
1123 982 1293 1034 nostri
1327 982 1775 1050 assumptionem,
1818 981 2008 1051 imagi-

442 1089 564 1127 nem
595 1072 685 1125 Dei
722 1071 1008 1125 invisibilis
1039 1073 1312 1126 exstitisse
1343 1090 1358 1128 :
1385 1073 1478 1127 sed
1511 1081 1718 1125 tantum
1772 1072 2005 1125 Verbum

439 1165 572 1230 ejus.
593 1161 690 1217 llis
721 1164 790 1216 ita
808 1163 998 1232 positis
1015 1162 1280 1217 subinfert
1301 1165 1550 1231 inquiens
1573 1183 1585 1217 :
1606 1162 1696 1234 [Β.
1717 1161 2004 1233 LXXXIII]

445 1275 462 1306 ι
511 1254 796 1321 Quocirca,
825 1256 971 1309 otnni
1011 1257 1169 1310 modo
1216 1265 1387 1322 patet,
1421 1257 1708 1324 imaginem
1746 1255 1835 1309 Dei
1868 1243 2006 1308 in'vi-

446 1366 464 1398 ‹
511 1347 682 1401 sibilis
713 1363 740 1398 a
781 1358 967 1401 sancto
1003 1349 1258 1416 Apostolo
1301 1347 1404 1400 dici
1447 1362 1663 1400 carnem
1693 1346 1857 1410 illam,
1886 1362 2006 1416 quae

445 1457 462 1486 ι
505 1437 757 1505 deinceps
811 1437 1044 1490 accessit
1096 1437 1307 1490 verbo:
1339 1446 1396 1488 ut
1452 1451 1548 1504 per
1580 1435 1792 1488 visibile
1837 1435 2003 1490 videri

444 1547 461 1575 σ
512 1537 696 1596 posset
751 1529 892 1593 quod
951 1537 1036 1581 est
1092 1528 1386 1582 invisibile.
1450 1527 1634 1596 Imago
1686 1537 1781 1591 est,
1834 1528 2006 1596 inquit

445 1639 463 1669 ι
509 1618 822 1686 Apostolus,
883 1617 978 1672 Dei
1034 1620 1314 1672 invisibilis
1338 1619 1404 1674 ¹⁷.
1438 1619 1588 1672 Nunc
1641 1630 1807 1687 patet,
1862 1621 2002 1684 quod

443 1732 460 1762 ‹
508 1723 616 1765 tum
647 1713 899 1779 prirnum,
925 1727 1046 1764 cum
1091 1727 1312 1765 carnem
1356 1712 1667 1780 assumpsit,
1704 1711 1904 1765 factum
1949 1713 2002 1764 in

2114 539 2131 570 ι
2173 519 2490 583 ἀποστόλου,
2514 518 2610 589 τὴν
2629 519 3069 590 προσγενομένην
3090 518 3168 589 τῷ
3186 520 3342 588 Λόγῳ
3360 518 3560 588 σάρκαο
3605 519 3694 569 ἵνα

2114 630 2132 661 ι
2195 611 2285 665 διά
2313 611 2405 665 τοῦ
2434 611 2666 682 ἀοράτου
2693 611 2806 682 (71)
2833 611 3006 665 καὶτὸ
3031 610 3224 681 ὁρατὸν
3261 611 3539 681 φαίνηται.
3590 611 3693 661 El-

2115 719 2134 752 t
2173 701 2297 754 κὼν
2324 701 2391 754 δέ
2433 703 2584 763 ἐστι,
2648 703 2810 772 φησὶν
2841 703 2869 754 ὁ
2911 702 3246 765 Ἀπόστολος,
3271 700 3376 754 τοῦ
3426 700 3693 769 ἀοράτου

2123 811 2141 844 ι
2185 793 2354 846 Θεοῦ.
2374 792 2486 845 Νῦν
2513 793 2691 862 δῆλον,
2717 795 2819 856 ὅτι,
2845 794 3079 864 ὁπηνίκα
3103 795 3202 865 τὴν
3230 796 3349 846 κατ’
3381 794 3570 845 εἰκόνα
3595 792 3691 845 τοῦ

2115 906 2133 936 ς
2178 885 2312 939 Θεοῦ
2359 887 2658 957 γενομένην
2701 886 2957 957 ἀνείληφε
3010 887 3208 956 σάρκα,
3261 885 3425 939 εἰκὼν
3477 884 3692 954 ἀληθὴς

2115 999 2132 1031 t
2169 980 2262 1032 τοῦ
2295 978 2527 1050 ἀοράτου
2568 979 2702 1031 Θεοῦ
2732 980 2941 1047 γέγονε.
2981 979 3042 1030 Εἰ
3076 979 3184 1048 γάρ
3228 978 3316 1031 διὰ
3345 978 3446 1048 τῆς
3474 978 3690 1039 εἰκόνος

2113 1090 2131 1122 ι
2168 1071 2368 1141 ταύτης
2398 1071 2487 1124 τὸν
2519 1070 2611 1122 τοῦ
2637 1071 2771 1123 Θεοῦ
2800 1071 2969 1139 Λόγον
2998 1069 3308 1140 ἠξιώθημεν
3333 1069 3560 1136 γνῶναι,
3597 1087 3690 1120 πι-

2113 1185 2130 1213 ‹
2174 1161 2380 1215 στεύειν
2409 1161 2692 1232 ὀφείλομεν
2727 1161 2872 1231 αὑτῴ
2902 1161 2980 1232 τῷ
3012 1161 3188 1230 Λόγῳ,
3218 1160 3307 1212 διὰ
3341 1161 3439 1230 τῆς
3473 1160 3690 1221 εἰκόνος

2113 1271 2130 1302 t
2169 1253 2398 1321 λέγοντι,
2453 1254 2599 1326 Ἐγὼ
2638 1253 2734 1306 καὶ
2766 1257 2798 1307 ό
2826 1253 3028 1321 Πατὴρ
3053 1253 3122 1306 ἓν
3153 1254 3358 1321 ἐσμεν.
3394 1251 3536 1305 Οὔτε
3575 1251 3690 1321 γὰρ

2113 1364 2130 1396 ι
2167 1345 2255 1398 τὸν
2286 1344 2456 1414 Λόγον
2493 1343 2614 1397 οὔτε
2641 1345 2730 1397 τὸν
2762 1345 2978 1416 Πατέρα
3013 1344 3104 1397 τοῦ
3147 1344 3340 1412 Λόγου,
3367 1344 3548 1413 ’χωρὶς
3587 1344 3691 1412 τῆς

2113 1457 2131 1489 ι
2167 1438 2372 1500 εἰκόνος
2414 1436 2617 1506 ταύτης
2650 1436 2850 1505 γνῶναί
2881 1453 3002 1489 τινα
3033 1436 3273 1490 δυνατόν.
3312 1454 3330 1485 ι
3379 1435 3484 1488 Καὶ
3520 1434 3692 1486 πάλιν

2107 1527 2376 1599 ὲπιφέρει”
2407 1546 2425 1578 ι
2459 1526 2616 1580 Οῦτω
2639 1526 2767 1595 γοῦν
2789 1527 2882 1579 καὶ
2899 1529 2927 1578 ό
2944 1525 3260 1588 Ἀπόστολός
3286 1542 3467 1595 φησιν,
3493 1524 3694 1595 ὥσπερ

2113 1638 2131 1668 ‹
2165 1618 2589 1690 μικρῷίπρόσθεν
2602 1619 2827 1689 ἔφαμεν,
2847 1618 3174 1672 Ἐκένωσεν
3187 1617 3422 1677 ἑαυτὸν,
3439 1617 3694 1686 μορφὴν

2113 1730 2130 1760 ‹
2167 1709 2392 1764 δούλου
2421 1710 2644 1773 λαϐὼν,
2694 1710 2783 1762 διὰ
2819 1710 2918 1778 τῆς
2967 1710 3178 1780 μορφῆς
3226 1708 3318 1760 τοῦ
3360 1707 3548 1759 δούλου
3585 1706 3692 1777 τὴν

442 1823 461 1855 ο
512 1804 798 1871 imaginem
841 1802 955 1866 Dei,
985 1819 1108 1856 vere
1145 1805 1319 1871 imago
1367 1803 1530 1857 ﬁebat
1573 1804 1859 1858 invisibilis
1892 1804 2004 1858 Dei.

2115 1824 2131 1850 ι
2171 1801 2515 1872 ἀνθρωπίνην
2548 1803 2678 1870 ἡμῖν
2722 1801 2999 1871 σημαίνων
3030 1801 3226 1870 σάρκα,
3260 1800 3327 1870 ἧν
3356 1801 3384 1851 ὁ
3414 1800 3692 1868 δεσπότης

443 1914 461 1945 ε
509 1893 642 1949 Nam
671 1897 714 1948 si
748 1909 842 1948 nos
871 1909 967 1964 per
998 1895 1288 1964 imaginem
1328 1897 1484 1948 istam
1515 1910 1582 1949 eo
1616 1911 1800 1950 sutnns
1835 1896 2007 1949 evecti

443 2005 463 2039 ι
509 1987 804 2053 dignitatis,
838 1998 896 2039 ut
928 1986 1161 2041 Verbum
1202 1986 1295 2041 Dei
1345 2003 1673 2057 cognoscere
1719 1989 2004 2056 possimus,

444 2101 461 2130 ε
511 2080 685 2134 Verbo
717 2089 863 2133 certe
899 2079 999 2148 ipsi
1034 2080 1256 2132 credere
1297 2080 1556 2134 debemus
1589 2096 1684 2148 per
1716 2081 2006 2149 imaginem

443 2192 462 2222 ι
509 2169 794 2224 aﬂirmanti
823 2189 837 2226 :
867 2170 978 2240 Ego
1018 2181 1064 2223 et
1101 2170 1262 2224 Pater
1293 2187 1456 2223 unum
1499 2188 1679 2225 sumus
1719 2173 1762 2204 ³⁸
1803 2172 2006 2241 Impos-

445 2281 464 2313 ε
513 2263 668 2317 sibile
699 2273 782 2317 est
808 2264 972 2328 enim,
1007 2273 1064 2315 ut
1098 2263 1297 2333 absque
1325 2265 1424 2316 hac
1460 2264 1691 2332 imagine
1718 2266 2004 2335 quisquam

444 2369 463 2400 ι
507 2353 590 2405 vel
629 2351 883 2416 Verbum,
913 2353 998 2407 vel
1059 2351 1219 2405 Verbi
1273 2351 1488 2406 Patrem
1543 2365 1855 2424 cognoscat.
1887 2374 1905 2406 ι
1944 2354 2007 2408 Et

439 2458 631 2498 rursus
663 2445 900 2498 annectit
931 2443 1021 2516 [ιι.
1058 2443 1345 2517 LXXXIV}
1378 2463 1436 2498 ε(
1461 2445 2006 2516 Sicitaquepronun-

439 2537 541 2590 tiat
584 2536 910 2604 Apostolus,
956 2543 1013 2600 >14
1055 2546 1113 2590 ut
1151 2537 1311 2607 paulo
1358 2538 1610 2606 superius
1650 2549 1734 2592 est
1773 2554 1802 2592 a
1850 2540 2006 2594 nobis

437 2630 669 2698 positmn
698 2645 709 2678 :
739 2628 1045 2682 Exinanivu
1073 2631 1430 2699 semetipsum,
1467 2630 1602 2684 servi
1652 2630 1876 2697 formam
1915 2648 2003 2684 as-

436 2737 646 2774 sumens
670 2721 734 2774 ".
773 2720 875 2776 Per
929 2723 1070 2774 servi
1113 2721 1338 2776 formam
1377 2724 1664 2777 humanam
1703 2725 1856 2778 nobis
1886 2740 2006 2778 car-

438 2827 561 2865 nem
611 2812 880 2881 signilicat
904 2852 919 2878 ,
962 2827 1122 2880 quam
1176 2813 1433 2867 Dominus
1471 2824 1659 2868 noster
1693 2815 1832 2869 Deus
1857 2860 1870 2882 ,
1909 2831 2002 2870 sua

437 2902 728 2955 eﬂormans
776 2903 1037 2968 sapientia
1063 2940 1079 2968 ,
1114 2903 1280 2956 dixit:
1304 2901 1590 2957 Faciamus
1626 2905 1884 2960 hominem
1937 2910 2005 2961 ad

437 2995 716 3063 imaginem
754 3005 985 3046 nostrum
1018 3003 1063 3046 et
1090 2994 1156 3046 ad
1197 2993 1592 3046 similitudinem
1615 2996 1681 3048 ’°.
1699 2995 1862 3050 Recte
1889 3011 2007 3050 car-

441 3099 565 3136 nem
595 3084 906 3145 humauam,
931 3085 1217 3153 imaginem
1239 3085 1552 3138 nominavit.
1583 3083 1724 3140 Bene
1747 3089 1888 3140 enim
1916 3106 2006 3143 no-

438 3175 515 3226 vit
547 3176 832 3244 imaginem
863 3191 980 3228 esse
1031 3176 1172 3228 illam
1207 3175 1365 3230 Verbi
1396 3177 1502 3240 sui,
1532 3178 1687 3246 paulo
1727 3191 1846 3247 post
1875 3182 2002 3235 sub-

441 3267 616 3319 stituri
643 3266 730 3338 [Β.
755 3266 1005 3336 Χχνη..
1034 3267 1291 3337 Deinceps
1328 3279 1553 3322 conatur
1586 3271 1833 3339 probare,
1860 3273 2000 3342 quod

442 3357 570 3411 illud
599 3375 612 3412 :
645 3358 717 3411 De
744 3370 889 3410 utero
913 3370 1033 3410 ante
1059 3359 1339 3426 luciferum
1373 3361 1529 3428 genui
1561 3373 1606 3414 te
1629 3362 1697 3425 “,
1739 3363 1802 3417 de
1839 3379 2002 3419 carne

441 3449 572 3502 item
608 3458 921 3518 usurpatum
952 3449 1046 3503 sit.
1082 3448 1348 3517 Loquitur
1393 3461 1574 3504 autem
1615 3453 1680 3505 ad
1713 3453 1855 3508 hunc
1891 3470 2004 3509 mo-

442 3539 567 3592 dum
603 3555 616 3592 :
661 3558 679 3589 σ
711 3540 974 3606 Quocirca
1008 3557 1127 3594 cum
1155 3555 1184 3594 a
1223 3541 1419 3595 Davide
1462 3543 1768 3599 nominetur
1814 3545 2004 3601 lucifer

447 3651 467 3683 ι
508 3632 658 3687 stella
703 3634 820 3698 illa,
856 3650 976 3702 quae
1041 3635 1180 3688 diem
1250 3635 1498 3704 designat
1547 3638 2002 3707 appropinquare,

447 3744 466 3776 ι
514 3742 615 3780 non
647 3739 729 3780 eSt
753 3726 978 3781 ulterius
1007 3727 1440 3795 disquirendum,
1465 3727 1696 3796 quisille
1721 3730 1791 3783 sit
1814 3729 2006 3784 lucifer

447 3836 466 3868 ε
508 3821 597 3885 qtti
635 3818 968 3886 intelligitur.
1000 3818 1130 3872 Erat
1162 3829 1216 3871 et
1241 3819 1386 3873 enim
1419 3820 1573 3874 stella
1605 3821 1695 3874 illa
1751 3830 1878 3876 tunc
1907 3839 2004 3893 ap-

449 3928 468 3959 ε
515 3925 735 3976 parens.
766 3926 886 3962 cum
923 3911 1064 3964 diem
1104 3923 1157 3964 et
1185 3911 1404 3966 all‘erret
1433 3923 1485 3966 et
1516 3914 1777 3968 indicaret
1809 3917 2002 3985 magis.

449 4018 466 4050 ι
517 3997 588 4053 Ut
631 4000 702 4054 sit
759 3999 1101 4053 manifestum
1168 4001 1315 4066 illttd,
1343 4004 1480 4057 Ante
1537 4003 1816 4058 luciferum
1846 4005 2003 4073 genui

447 4109 466 4140 ι
507 4102 602 4162 te:
639 4100 950 4159 usurpatum
984 4091 1050 4144 ab
1074 4091 1426 4160 omnipotenti
1459 4095 1584 4154 Deo,
1619 4097 1684 4149 de
1715 4093 1890 4148 Verbo
1917 4096 2005 4150 illo

449 4199 468 4230 ι
512 4182 655 4249 quod
704 4172 1034 4235 nascebatur
1062 4197 1186 4234 cum
1218 4179 1384 4238 carne
1433 4185 1662 4238 humana
1694 4200 1790 4255 per
1826 4187 2004 4256 Virgi-

451 4291 470 4323 ι
517 4288 638 4326 nem
671 4289 685 4324 :
718 4273 950 4342 idipsum
1002 4283 1299 4328 attestante
1362 4278 1731 4346 evangelista,
1768 4281 2000 4347 primum

518 4388 726 4512 ᾔδεα.
752 4387 947 4453 Paris.,
976 4403 1095 4459 pag.
1129 4389 1218 4442 48.
1305 4389 1348 4420 ³⁷
1377 4390 1581 4446 Coloss.
1613 4409 1649 4455 ι,
1686 4392 1772 4444 15.

518 4474 554 4512 i.
586 4493 598 4507 .
623 4501 638 4512 .

443 4473 554 4524 cxx,
586 4473 638 4515 ο.

1875 4394 1918 4425 ¹⁸
1937 4393 2092 4450 Joan.
2125 4415 2178 4464 χ,
2205 4401 2294 4457 50.

2115 1913 2132 1944 ‹
2174 1894 2328 1964 ἡμῶν
2348 1894 2498 1957 Θεὸς,
2521 1895 2585 1963 τῇ
2611 1892 2804 1945 ἑαυτοῦ
2840 1891 3176 1945 διαπλάττων
3205 1890 3384 1960 σοφίᾳ,
3414 1892 3692 1955 Ποιήσω-

2115 2005 2132 2035 ‹
2167 2003 2281 2055 μεν
2318 1986 2648 2053 ἄνθρωπον,
2686 1985 2812 2056 ἔφη,
2849 1984 2976 2038 κατ’
3013 1985 3218 2037 εἰκόνα
3251 1983 3542 2052 ἡμετέραν
3582 1985 3688 2036 καὶ

2115 2097 2134 2128 ι
2176 2079 2286 2148 (7‘2)
2314 2079 2616 2146 ὁμοίωσιν,
2653 2077 2832 2140 καλῶς
2859 2077 2956 2147 τὴν
2990 2075 3332 2146 ἀνθρωπίνην
3361 2076 3537 2145 σάρκα
3568 2077 3692 2127 ὀνο-

2114 2189 2132 2222 ι
2174 2171 2361 2242 μάζων
2399 2171 2606 2224 εἰκόνα.
2642 2172 2796 2241 ’ᾘδει
2857 2171 2964 2240 γάρ
3027 2169 3303 2241 ἀκριϐῶς,
3372 2171 3454 2222 ὅτι
3513 2169 3691 2222 εἰκὼν

2114 2277 2132 2309 ι
2171 2259 2320 2313 ἔσται
2344 2260 2539 2330 μικρὸν
2568 2260 2680 2329 (75)
2703 2260 2924 2331 ὕστερον
2941 2259 3033 2312 τοῦ
3055 2259 3248 2313 ἑαυτοῦ
3265 2259 3457 2327 Λόγου.
3485 2277 3503 2309 ι
3525 2261 3691 2312 Μετὰ

2106 2352 2282 2406 ταῦτα
2321 2353 2576 2422 πειρᾶται
2605 2352 3053 2417 κατασκευάζειν,
3079 2353 3161 2404 ὅτι
3199 2351 3294 2405 καὶ
3320 2351 3401 2415 τὸ,
3439 2353 3539 2404 Ἐκ
3578 2369 3685 2419 γα-

2108 2445 2290 2512 στρὸς
2333 2445 2446 2513 πρὸ
2476 2445 2783 2513 ἐωσςρόρου
2809 2444 3106 2514 ἐγέννησά
3139 2462 3232 2508 σε,
3271 2444 3520 2514 περὶτῆς
3551 2462 3694 2515 σαρ-

2109 2536 2202 2600 κὸς
2233 2537 2465 2606 ἐλέγετο.
2498 2538 2537 2589 Γ
2542 2537 2773 2608 ράφειδὲ
2794 2538 2967 2601 οὕτως
2996 2539 3134 2608 (74)’
3169 2539 3305 2608 «ξΔιὰ
3323 2537 3481 2589 τοῦτο
3501 2539 3694 2589 τοίνυν

2115 2647 2133 2680 ι
2174 2629 2267 2682 τοῦ
2323 2630 2420 2700 τὴν
2467 2631 2678 2701 ἡμέραν
2727 2630 2755 2682 δ
2788 2631 3043 2701 ηλοῦντος
3067 2631 3157 2682 τοῑ
3194 2631 3420 2701 ἀστέρος
3472 2632 3691 2697 ἑωσφό-

2111 2740 2131 2772 ‹
2171 2740 2263 2794 ρου
2288 2722 2392 2775 ὑπὸ
2413 2721 2506 2774 τοῦ
2534 2725 2809 2793 προφήτου
2832 2723 2995 2775 Δαόὶδ
3016 2724 3239 2785 εἰκότως
3267 2722 3689 2793 ὀνομασθέντος,

2112 2831 2130 2863 σ
2167 2813 2266 2866 οὐκ
2290 2812 2368 2865 ἔτι
2395 2810 2672 2882 ζητεῖσθαι
2692 2814 2897 2866 δίκαιον
2918 2815 3009 2866 τὸν
3034 2815 3324 2885 ἑωσφόρον,
3355 2815 3436 2876 τίς
3460 2814 3520 2884 δή
3553 2831 3690 2866 ποτε

2112 2924 2130 2956 ι
2165 2904 2238 2958 ὣν
2264 2900 2415 2969 οὗτος
2439 2908 2723 2976 τυγχάνει·
2762 2901 2917 2970 οὗτος
2942 2908 3048 2978 γὰρ
3085 2903 3158 2978 ἦν’
3186 2911 3213 2960 ὁ
3237 2907 3539 2978 τηνικαῦτα
3586 2925 3691 2975 φα-

2111 3014 2130 3047 (
2167 2997 2276 3060 νεὶς
2309 2998 2483 3068 ἀστὴρ
2508 2999 2642 3067 (75),
2678 3000 2706 3050 ό
2734 2999 2912 3070 φέρων
2937 3016 2996 3051 τε
3028 3000 3120 3050 καὶ
3149 2999 3319 3069 δηλῶν
3349 3000 3448 3070 τὴν
3470 3001 3690 3072 ἡμέραν

2113 3107 2130 3140 ι
2172 3092 2282 3152 τοῖς
2315 3091 2509 3160 μάγοις
2545 3090 2674 3162 (76).
2707 3091 2973 3163 Πρόδηλον
2999 3089 3090 3145 οὖν
3115 3093 3194 3155 τὸ,
3221 3093 3338 3160 Πρὸ
3371 3094 3689 3161 ἑωσφόρον

2114 3196 2132 3228 ε
2168 3178 2464 3247 ἐγέννησὰ
2483 3197 2577 3244 σε,
2606 3181 2710 3233 ὑπὸ
2737 3181 2828 3234 τοῦ
2859 3183 3293 3254 παντοκράτορος
3321 3184 3576 3254 εἰρῆσθαι
3594 3186 3693 3236 Δε-

2113 3285 2132 3318 t
2170 3269 2386 3332 σπότου,
2411 3273 2538 3342 περὶ
2562 3273 2654 3323 τοῦ
2675 3273 2763 3324 διά
2785 3274 2882 3343 τῆς
2911 3274 3182 3345 Παρθένου
3205 3276 3558 3344 γεννηθέντος
3590 3279 3690 3329 σὺν

2115 3364 2233 3432 (γτῇ
2264 3362 2577 3436 ἀνθρωπίνῃ
2620 3367 2781 3435 σαρκὶ
2817 3366 3010 3434 Λόγου,
3041 3366 3223 3435 σαφῶς
3250 3367 3344 3419 καὶ
3391 3367 3551 3420 τοῦτο
3592 3369 3690 3421 τοῦ

2113 3472 2132 3504 ι
2173 3453 2502 3522 Εὑαγγελίου
2539 3457 2915 3525 σημαίνοντος,
2941 3458 3204 3529 πρότερον
3238 3459 3336 3527 μὲν
3367 3459 3457 3511 τὸν
3475 3463 3692 3513 Δεσπό-

2115 3561 2134 3594 ‹
2171 3561 2270 3614 την
2304 3544 2458 3615 ήμῶν
2487 3546 2577 3598 διὰ
2606 3547 2703 3616 τῆς
2738 3547 3014 3618 Παρθένου
3048 3548 3320 3619 τετέχθαι,
3367 3549 3600 3621 ὕστερον
3633 3553 3693 3604 δὲ

2115 3654 2134 3685 ι
2169 3635 2260 3688 τὸν
2297 3631 2500 3708 ἀστέρα
2533 3641 2786 3710 φανῆναι,
2820 3642 2910 3694 τὸν
2943 3643 3040 3711 τὴν
3075 3644 3285 3714 ἡμέραν
3312 3643 3624 3698 δεικνύντα.
3668 3666 3687 3695 ι

2123 3729 2243 3783 Ἐπὶ
2273 3729 2480 3795 τούτοις
2506 3734 2707 3803 προῖὼν
2736 3733 2894 3799 αὖθις
2921 3736 3177 3803 ὲπιλέγεν
3216 3757 3233 3788 ι
3254 3737 3491 3807 Είληφεν
3518 3739 3638 3809 γὰρ
3665 3741 3694 3790 ό

2114 3841 2134 3874 ε
2171 3823 2453 3894 ἄνθρωπος
2481 3827 2540 3877 ού
2593 3829 2751 3896 μόνον
2788 3830 2885 3899 τὴν
2932 3829 3024 3881 ἐπὶ
3058 3829 3159 3898 γῆς
3192 3829 3298 3882 τῶν
3340 3835 3694 3901 πραγμάτων

2115 3932 2133 3964 ι
2175 3914 2438 3982 ἐξουσίαν,
2473 3917 2609 3970 ἀλλὰ
2645 3921 2736 3972 καὶ
2770 3920 2875 3972 τῶν
2908 3923 2965 3973 ἐν
2998 3922 3263 3992 οὐρανοῖς.
3301 3923 3550 3986 Εἰκότως
3571 3943 3588 3954 ο
3643 3926 3693 3976 εί

2115 4024 2134 4056 ι
2175 4008 2283 4078 γάρ
2309 4009 2397 4062 ὅτε
2431 4011 2525 4062 καὶ
2559 4011 2841 4082 ἄνθρωπος
2877 4013 3114 4080 ἐγένετο,
3148 4015 3264 4066 καὶ⁸
3279 4016 3504 4086 μεσίτης
3549 4017 3693 4070 Θεοῦ

2115 4119 2134 4148 ι
2176 4100 2270 4151 καὶ
2300 4099 2620 4172 ἀνθρώπων,
2656 4103 2775 4154 τότε
2819 4104 2898 4166 εἰς
2931 4105 3088 4158 αὐτὸν
3123 4105 3344 4176 ἐκτίσθη
3378 4107 3450 4159 τὰ
3484 4109 3693 4171 πάντα,

2114 4209 2133 4240 ε
2176 4191 2250 4254 ὡς
2281 4191 2382 4262 ἔφη
2407 4195 2434 4245 ὁ
2473 4194 2808 4257 Ἀπόστολος,
2837 4195 2906 4248 τά
2928 4212 2987 4247 τε
3017 4197 3073 4248 ὲν
3098 4196 3345 4267 οὐρανοῖς
3370 4198 3467 4249 καὶ
3498 4200 3576 4252 τὰ
3600 4202 3696 4253 ἐπὶ

2115 4300 2133 4332 ι
2172 4283 2274 4352 γῆς
2299 4285 2590 4338 ἀκόλουθόν
2618 4287 2765 4340 ἐστιν
2807 4287 3051 4359 ἀκριϐῶς
3077 4289 3388 4356 γινώσκειν,
3416 4292 3500 4343 ὅτι
3528 4291 3693 4356 ἐξου-

2403 4403 2444 4439 ¹⁹
2467 4401 2658 4471 Philip.
2687 4419 2745 4470 ll,
2777 4403 2829 4457 7.
2935 4404 2980 4435 ¹⁰
3014 4402 3149 4458 Gen.
3191 4420 3229 4469 ι,
3264 4404 3354 4460 26.
3467 4405 3509 4436 ’⁸
3543 4405 3692 4460 Psal.

517 4689 627 4769 (ῑι)
653 4689 776 4769 "Ira
804 4687 901 4742 διὰ
920 4689 1024 4742 τοῦ
1048 4687 1326 4769 ᾴορᾴτορ.
1345 4691 1412 4769 At
1433 4690 1540 4769 hoc
1555 4692 1885 4762 impossibile
1905 4705 2004 4769 est,

2116 4707 2226 4752 tum
2253 4700 2306 4752 in
2338 4697 2509 4751 lucem
2541 4697 2886 4754 Servatorem
2917 4701 3264 4769 apparuerit?
3303 4701 3496 4754 statuit
3539 4705 3692 4758 enim

446 4769 498 4813 et
527 4760 814 4813 absurdum
843 4771 898 4812 ut
933 4761 1334 4827 perinvisibile,
1365 4761 1574 4814 visibile
1607 4760 1884 4818 cernatur.
1918 4760 2007 4819 Li;

448 4830 661 4900 brarins
692 4844 802 4882 rem
826 4839 914 4900 “et
942 4831 1125 4900 verba,
1155 4832 1504 4897 transposuit.
1553 4831 1882 4900 Legendnm,
1919 4835 2007 4889 ἴνα

444 4898 635 4974 διάτοῦ
657 4897 851 4974 ὁρατοῦ
875 4899 934 4951 τὸ
961 4899 1187 4974 άόρατον
1218 4900 1495 4974 φαίνηται.
1519 4897 1832 4974 _M.—'Porro
1852 4897 2008 4974 vulgo

445 4968 658 5040 ἀληθῶς
687 4968 782 5022 τοῦ
808 4970 927 5040 άορ.
963 4968 1098 5040 θέει
1125 4969 1310 5036 ὠφειλ.
1354 4968 1408 5025 et
1441 4971 1550 5038 ἐγὼ
1593 4973 1686 5024 καὶ
1725 4989 1785 5025 π.
1830 4985 1884 5029 et
1923 4968 2006 5029 τιν

447 5048 559 5110 (θγρ.
589 5040 691 5092 τινί
723 5040 850 5110 Μρ.)
879 5039 1118 5110 δυνατόν.

518 5108 631 5177 (72)
663 5109 832 5178 Vulgo
862 5108 982 5160 καθ’
1010 5112 1097 5178 ὀμ.

520 5178 630 5250 {'75)
661 5177 852 5232 Εἱκών
870 5181 1001 5231 ἐστι
1023 5177 1257 5250 μικρόν.
1296 5179 1526 5248 Legend.
1557 5180 1728 5235 ἔσται.
1762 5182 2004 5250 Prophe-

450 5251 554 5304 tice
573 5252 714 5304 enim
739 5251 939 5302 dictum
971 5252 1136 5302 voluit
1165 5252 1214 5302 in
1235 5249 1538 5304 Proverbiis
1567 5253 1708 5306 istud
1741 5269 1756 5305 :
1785 5249 1923 5308 unde
1952 5266 2006 5309 et

449 5320 790 5374 Salomonetn
813 5329 968 5371 vocat
990 5322 1304 5386 prophetam
1332 5320 1495 5373 Mont.
1535 5321 1608 5374 Μ.

520 5388 630 5460 (74)
665 5389 830 5458 Vulgo
851 5387 996 5460 λέγει
1016 5387 1070 5441 δὲ
1100 5389 1238 5443 οὕτω
1264 5401 1314 5442 et
1337 5389 1620 5458 δηλοῦντος
1651 5391 1743 5444 τοῦ
1778 5392 1900 5445 ἁστ.

520 5459 630 5529 (75)
670 5459 732 5512 '0
761 5459 1084 5526 τηνικαῦτα
1123 5465 1331 5528 φανεὶς
1365 5460 1576 5529 ἀστήρ.
1607 5464 1749 5516 Nova
1783 5475 1866 5517 est
1890 5465 2015 5517 hmc'

451 5527 846 5599 interpretatio,
905 5527 1209 5583 Luciferum
1249 5533 1302 5583 in
1357 5527 1640 5599 psal.‘cnt,
1691 5547 1811 5586 esse
1857 5533 2000 5585 illam

451 5598 684 5669 stellam,
709 5600 961 5669 quiarvia:
989 5600 1093 5653 dux
1132 5600 1306 5655 fuerat
1338 5598 1508 5669 magis
1544 5606 1608 5655 ad
1645 5602 1914 5656 Christum
1947 5603 1998 5654 in

450 5664 781 5721 Bethlehetn.
825 5668 973 5733 Quod
1023 5674 1238 5725 omnino
1280 5664 1531 5738 supponit
1559 5683 1616 5726 ut
1661 5682 1894 5736 certum,
1947 5672 2000 5724 id

449 5737 593 5804 quod
622 5747 864 5793 versatur
894 5740 946 5793 in
977 5742 1288 5810 quaestione,
1335 5737 1403 5795 uti
1431 5743 1584 5797 stella
1611 5742 1700 5797 illa
1734 5751 1856 5797 ante
1885 5743 2002 5797 edi-

2111 4769 2558 4843 ιιὶολορρὲιοιιίεεοτ
2591 4796 2661 4810 —--
2691 4769 2774 4843 Μ.⁸
2799 4770 2926 4823 Dein
2963 4770 3329 4843 vnlgooqltbv
3367 4772 3612 4843 ἡμέραν.

2181 4838 2292 4908 (76)
2321 4837 2447 4902 Τοῖς
2467 4837 2708 4909 Μάγοις.
2742 4840 2902 4905 Quasi
2947 4840 3099 4892 stella
3132 4837 3526 4908 Magortrttiilla
3557 4846 3693 4896 luis-

2110 4919 2195 4962 set
2224 4909 2495 4962 ordinaria
2529 4925 2541 4961 :
2572 4923 2682 4975 aut,
2716 4913 2856 4977 quod
2890 4911 3024 4978 ipse,
3055 4912 3203 4964 solus
3228 4913 3416 4971 credo,
3451 4913 3530 4965 ait
3559 4929 3690 4966 cum

2107 4978 2366 5048 Gregorio
2399 4979 2658 5047 Nysseno,
2703 4983 2884 5033 caueri
2920 4995 3110 5033 omnes
3141 4983 3496 5036 dissentiunt.
3533 4981 3692 5034 Nun-

2107 5063 2266 5117 quam
2299 5048 2440 5100 enitn
2492 5051 2639 5115 prius
2672 5051 2805 5113 visa,
2834 5065 2931 5102 nec
2975 5051 3041 5101 ab
3089 5065 3154 5103 eo
3195 5059 3461 5118 tempore,
3494 5053 3693 5106 obser-

2107 5130 2229 5169 vata
2261 5118 2402 5185 quod
2429 5129 2571 5170 motu
2604 5130 2745 5171 mota
2778 5136 2828 5172 in
2859 5134 3067 5188 gyrum,
3110 5120 3330 5173 horsum
3366 5137 3587 5175 versum
3624 5123 3691 5174 ad

2106 5189 2468 5258 occidentem.
2524 5190 2676 5253 Quod
2724 5190 2954 5242 interdiu
3016 5192 3152 5250 visa.
3203 5193 3347 5258 quod
3390 5192 3692 5258 aliquando

2107 5270 2204 5379 per
2235 5257 2349 5310 dies
2376 5261 2638 5323 quosdam
2678 5260 2982 5313 occultata:
3015 5262 3155 5328 quod
3183 5257 3270 5313 uni
3302 5263 3467 5314 alicui
3487 5257 3572 5314 ide
3601 5277 3690 5313 re-

2132 5324 2269 5379 iouis
2300 5327 2490 5379 stellis.
2541 5328 2657 5379 sine
2702 5329 2964 5379 miraculo
2996 5347 3104 5379 non
3141 5334 3314 5379 notuit
3342 5331 3686 5379 contingere.

2132 5324 2269 5393 iquis
2299 5327 2490 5397 stellis,
2541 5328 2657 5381 sine
2702 5329 2964 5383 miraculo
2995 5324 3104 5384 non
3141 5334 3314 5397 potuit
3342 5331 3686 5397 contingere.

2107 5404 2196 5448 aut
2219 5405 2276 5447 ut
2296 5396 2420 5450 huic
2451 5398 2659 5451 muneri
2683 5409 2738 5452 et
2769 5400 2944 5452 ollicio
2969 5396 3275 5454 inserviret.
3315 5401 3438 5453 Ideo
3463 5396 3688 5466 quidam

2109 5477 2374 5537 cottietatn
2407 5467 2978 5537 aiuntzaliiangelutn,
3005 5471 3266 5537 Spiritum
3287 5479 3540 5522 sanctum
3571 5469 3686 5527 ali.,

2108 5533 2198 5586 alii
2227 5549 2408 5587 veram
2430 5538 2660 5602 stellam,
2693 5533 2862 5590 sed'in
2901 5533 3126 5593 nihilum
3157 5540 3479 5592 resolutam.
3519 5538 3592 5590 M.
3621 5565 3691 5575 --

2108 5602 2432 5676 Infravulgo
2453 5605 2696 5676 ἐκτίσθαι
2717 5625 2731 5672 ;
2756 5607 2799 5660 R
2819 5608 3062 5662 ἔκτισται
3085 5625 3099 5672 ;
3118 5609 3239 5662 dein
3260 5610 3421 5676 vulgo
3446 5609 3542 5659 ἐπὶ
3566 5606 3687 5674 γῆς,

2107 5672 2459 5794 θιλλέγῃξθιι
2498 5675 2727 5758 διάιτοῦ
2781 5677 2916 5732 Θεοῦ
2976 5679 3074 5735 είλ.
3122 5689 3176 5734 et
3233 5672 3549 5750 ὑπερϐολὴν

2109 5759 2168 5794 an
2209 5782 2222 5794 .
