3836 6216
148 334 263 393 809

1276 332 1561 392 CONTRA
1596 333 2024 391 MARCELLUM
2064 298 2193 390 LIB.
2230 333 2296 390 ιι.

3277 335 3381 392 διο

153 468 180 504 ι
220 451 314 506 σία
343 450 404 503 ού
442 449 600 520 μόνον
626 449 731 502 τῶν
762 446 853 502 ἐπὶ
886 448 1010 520 γῆς,
1046 449 1214 521 αὐτῷ,
1246 452 1380 506 ἀλλά
1408 454 1636 508 καὶτῶν
1665 454 1724 508 ὲν

1839 472 1852 507 ι
1897 454 1965 510 de
2019 452 2237 522 Virgine
2292 452 2581 509 Dominum
2639 462 2886 510 nostrum
2933 463 3282 525 generatum,
3329 465 3390 517 et

153 563 180 597 ι
220 544 468 618 οὐρανοῖς
494 541 722 595 δέδοται.
771 542 879 594 Καὶ
925 538 1080 605 αὖθις
1123 542 1240 613 μεθ’
1282 544 1445 615 ’ἐτερα
1487 546 1682 615 ἐπάγει
1708 564 1722 579 ·

153 650 178 684 c
216 632 282 685 Εί
318 631 423 701 γὰρ
453 630 579 701 περί
610 648 753 695 τινος
783 632 938 703 δόξης
984 632 1230 705 δοθείσης
1270 636 1418 707 αὑτῷ
1447 637 1597 709 παρά
1632 638 1726 691 τοῦ

153 743 178 778 c
213 725 428 797 Πατρδς
471 724 532 776 τὸ
563 725 707 796 ίερὸν
747 724 1079 794 Εὑαγγέλιον
1128 725 1297 795 λέγει,
1344 728 1544 800 ταύτην
1571 732 1599 783 6
1630 730 1726 785 ἀν-

152 834 179 869 ι
216 815 433 888 θρωπος
462 814 549 868 διὰ
573 814 667 867 τοῦ
694 814 867 883 Λόγου
908 812 1145 886 εἰληφὼς
1176 815 1450 885 φαίνεται.
1486 816 1729 889 Μεσίτης

154 925 177 959 ι
214 904 327 976 γὰρ
363 904 669 975 γενόμενος,
701 903 842 958 κατά
885 904 976 959 τὸν
1013 903 1154 976 ἱερὸν
1213 905 1551 972 ’Λπόστολον,
1594 907 1728 962 Θεοῦ

153 1014 177 1050 c
220 1013 283 1049 τε
313 996 405 1049 καὶ
434 993 754 1065 ἀνθρώπων,
787 997 852 1066 τῇ
886 994 1097 1063 δοθείσῃ
1135 994 1286 1066 αύτῷ
1318 996 1468 1064 παρὰ
1494 994 1588 1049 τοῦ
1617 997 1730 1051 Πα-

154 1104 179 1138 c
218 1086 349 1159 τρὸς
392 1086 519 1158 δόξῃ
557 1087 683 1149 τοὺς
727 1085 997 1149 θεοσεϐεῖς
1033 1086 1281 1152 ἐδόξασεν
1327 1084 1663 1159 ἀνθρώπους.
1704 1104 1723 1139 t

146 1177 267 1233 Καὶ
298 1178 457 1231 πάλιν
501 1176 822 1247 προστίθησι
862 1176 1050 1231 ταῦτα’
1087 1195 1106 1229 ‹
1146 1179 1255 1231 Καὶ
1282 1177 1481 1249 ἠξίωσε
1511 1180 1602 1233 τὸν
1634 1196 1731 1232 πε-

155 1288 177 1321 ι
220 1270 383 1324 σόντα
407 1270 496 1323 διὰ
518 1270 620 1339 τῆς
661 1271 945 1341 παρακοῆς
972 1268 1256 1340 ἄνθρωπον
1294 1271 1373 1344 τῷ
1412 1271 1603 1326 ἑαυτοῦ
1642 1272 1729 1329 διὰ

155 1381 179 1414 ι
211 1364 313 1435 τῆς
337 1362 616 1434 Παρθένου
652 1363 987 1434 ωναφθῆναι
1016 1364 1192 1435 Λόγῳ.
1229 1364 1364 1418 Ποία
1392 1364 1499 1437 γάρ
1532 1368 1589 1419 ὲν
1631 1367 1730 1419 ἀν·

151 1470 178 1505 c
221 1452 460 1525 θρώποις
508 1453 673 1526 ἑτέρα
705 1451 905 1524 μείζων
933 1452 1060 1517 δόξα
1102 1452 1296 1521 γένοιτ’
1328 1454 1394 1509 ἂν
1437 1455 1537 1526 τῆς
1572 1453 1730 1525 δόξης

153 1562 179 1599 ι
215 1544 458 1618 ταύτης;
490 1544 674 1599 Εἰπὼν
695 1545 774 1611 δὲ,
802 1546 903 1609 ὅτι,
935 1545 1199 1611 ἐδόξασά
1224 1564 1317 1613 σε,
1349 1547 1599 1620 ἐπιφέρει
1638 1548 1729 1601 λέο

152 1656 178 1690 ι
214 1653 329 1707 γων
349 1654 363 1667 ·
389 1638 487 1693 καὶ
514 1638 701 1692 αὖλιν
725 1638 985 1706 δοξάσω,
1015 1640 1101 1693 ἵνα
1125 1640 1191 1694 δι’
1222 1641 1525 1713 ὑπερϐολὴν
1550 1640 1731 1712 φιλαν-

1833 562 1853 597 t
1900 544 2161 611 deinceps
2198 551 2373 597 ortum
2417 542 2585 599 fuisse
2631 543 2912 600 luciferum
2940 544 3032 614 qui
3062 544 3205 600 diem
3244 547 3391 605 indi-

1833 654 1853 689 t
1897 645 2046 691 caret
2107 634 2211 707 [Β.
2247 635 2454 709 XCIV].
2486 654 2505 688 ι
2551 635 2874 705 Progressus
2930 636 3108 692 adhuc
3157 638 3388 700 ulterius

1828 725 1933 782 ista
1985 726 2268 795 loquitur:
2304 744 2324 778 ι
2358 725 2607 797 Suscepit
2652 728 2796 782 enim
2839 729 2999 785 homo
3043 747 3148 787 non
3209 734 3386 792 solum

1832 836 1853 872 ι
1895 826 2217 888 potestatem
2262 832 2443 872 rerum
2485 832 2673 873 earum
2719 832 2837 887 quae
2878 818 2933 873 in
2973 829 3115 877 terra
3147 822 3385 893 fuerant,

1833 926 1855 962 ι
1897 909 1993 965 sed
2028 918 2084 966 et
2121 909 2285 965 etiam
2315 922 2437 979 quae
2473 909 2527 963 in
2569 908 2743 965 caelis.
2768 907 2879 966 Nec
2923 909 3140 979 injuria.
3172 912 3308 970 Nam
3339 913 3388 971 si

1833 1018 1854 1055 ι
1900 1011 2012 1057 tum
2061 1016 2182 1059 cum
2245 1002 2407 1057 homo
2464 1001 2638 1069 ﬁeret,
2689 1010 2745 1056 et
2784 1002 2877 1058 Dei
2923 1004 3189 1060 mediator
3225 1014 3393 1077 atque

1834 1109 1855 1146 ι
1900 1091 2205 1157 hominum,
2230 1107 2329 1162 per
2356 1106 2478 1147 eum
2510 1100 2564 1147 et
2604 1091 2658 1147 in
2690 1106 2755 1147 eo
2784 1094 2965 1147 omnia
2994 1106 3177 1150 creata
3208 1105 3390 1163 erant,

1834 1200 1855 1235 ι
1898 1192 1959 1237 ιιι
1982 1183 2179 1238 asserit
2214 1181 2502 1251 Apostolus
2524 1218 2542 1245 ,
2572 1197 2799 1255 quaeque
2840 1183 2895 1238 in
2927 1184 3081 1241 cmlis
3125 1194 3302 1250 erant,
3335 1197 3394 1243 et

1836 1291 1856 1327 ι
1898 1288 2020 1343 qua;
2054 1274 2108 1327 in
2140 1282 2284 1328 terra
2306 1274 2373 1338 “,
2404 1287 2744 1344 consequens
2780 1284 2864 1330 est
2893 1284 3087 1331 exacte
3110 1277 3392 1332 sciendum

1835 1381 1856 1417 ι
1898 1379 2042 1431 esse,
2095 1373 2420 1435 potestatem
2457 1366 2509 1421 ei
2557 1380 2873 1422 concessam
2906 1381 3010 1423 non
3059 1377 3263 1423 tantum
3299 1383 3394 1424 eo-

1836 1473 1856 1509 t
1897 1471 2015 1512 rum
2046 1471 2166 1527 qua
2218 1458 2273 1512 in
2318 1461 2500 1523 terris,
2553 1458 2648 1514 sed
2684 1460 2847 1512 etiam
2883 1466 2938 1512 et
2979 1473 3099 1527 qua;
3128 1460 3183 1515 in
3238 1460 3395 1516 caelis

1835 1567 1855 1602 ι
1901 1556 2079 1604 erant.
2137 1549 2195 1605 Si
2254 1548 2494 1619 loquitur
2576 1560 2979 1605 sacrosanctum
3041 1550 3391 1623 Evangelium

1834 1654 1853 1689 t
1901 1637 1969 1692 de
2017 1637 2195 1707 aliqua
2245 1637 2319 1692 illi
2374 1651 2401 1690 a
2446 1634 2610 1692 Patre
2662 1652 2920 1695 concessa
2970 1640 3141 1711 gloria
3170 1683 3185 1707 ,
3249 1644 3395 1699 hanc

154 1748 179 1782 ι
217 1730 483 1803 θρωπίας,
526 1732 586 1784 ἐν
623 1735 689 1803 τῇ
737 1732 875 1803 μετά
906 1733 1005 1802 τὴν
1050 1733 1344 1786 ἀνάστασιν
1390 1734 1488 1806 τῆς
1527 1731 1728 1806 σαρκὸς

1839 1747 1856 1780 ι
1899 1739 2048 1784 certe
2114 1744 2209 1799 per
2262 1728 2429 1783 Deum
2484 1728 2644 1783 homo
2695 1731 3033 1786 convincitur
3096 1733 3391 1805 accepisse.

154 1840 175 1873 ι
214 1797 441 1893 δευτέρᾳ
463 1820 590 1895 δόξῃ
631 1797 1017 1894 τδνῚπρότερον
1050 1822 1242 1893 θνητὸν
1285 1797 1570 1896 ἄνθρωπον
1598 1797 1732 1877 ἀθά-

1839 1839 1856 1874 ι
1903 1797 2461 1889 Factus'siquidem,
2524 1831 2584 1876 ut
2633 1831 2854 1876 sanctus
2899 1823 3014 1877 vult
3078 1797 3393 1894 Aposiolus,

154 1931 175 1963 ι
216 1930 376 1969 νατον
392 1913 793 1985 ἀπεργάσηται,
810 1914 903 1967 καὶ
925 1913 1161 1988 τοσαύτῃ
1184 1916 1341 1969 αὑτὸν
1363 1914 1559 1987 δοξάσῃ
1583 1914 1730 1987 δόξῃ,

1839 1930 1857 1966 t
1904 1911 1999 1966 Dei
2034 1912 2300 1967 mediator
2350 1919 2515 1980 atque
2563 1911 2843 1967 hominum
2864 1912 2929 1977 ”,
2975 1914 3121 1969 viros
3164 1916 3280 1984 pios
3330 1929 3397 1971 ea

153 2021 175 2055 c
220 2002 362 2057 ὥστε
400 2004 475 2075 μὴ
509 2005 666 2075 μόνον
702 2006 862 2059 αὑτὸν
894 2006 994 2076 τῆς
1029 2006 1302 2077 προτέρας
1348 2006 1730 2077 ἀπαλλαγῆναι

1839 2022 1856 2056 ι
1898 2003 2067 2074 gloria
2096 2002 2433 2072 gloriﬁcavit,
2469 2017 2630 2071 quam
2686 2003 2789 2071 ipsi
2834 2003 3131 2059 donaverat
3162 2005 3341 2062 Pater.
3370 2024 3390 2059 ι

154 2112 176 2145 ι
216 2093 481 2158 δουλείας,
512 2095 644 2149 ἀλλά
674 2097 769 2149 καὶ
805 2097 903 2168 τῆς
938 2098 1079 2169 ὑπὲρ
1112 2098 1395 2168 ἄνθρωπον
1432 2098 1730 2168 ἀξιωθῆναι

1839 2095 1900 2151 Et
1931 2095 2082 2149 addit
2120 2110 2306 2149 rursus
2347 2093 2440 2167 [Β.
2467 2093 2649 2167 XCVI]
2690 2108 2704 2149 :
2745 2113 2763 2148 ι
2792 2096 2858 2151 Et
2900 2095 3217 2167 dignitatem
3248 2097 3396 2152 illam

154 2205 176 2238 ι
215 2186 395 2258 δόξης.
435 2206 453 2239 t
492 2189 600 2241 Καὶ
632 2185 788 2253 αὖθις
813 2190 1075 2259 ὲπιλέγει’
1114 2209 1133 2243 ι
1163 2192 1298 2257 Ἵνα,
1328 2191 1403 2255 ὡς
1429 2192 1585 2265 ἔφην,
1627 2192 1733 2246 ὑπὸ

155 2295 179 2329 ι
217 2277 315 2331 τοῦ
345 2277 592 2332 διαϐόλου
621 2281 973 2351 ἀπατηθέντα
1006 2282 1270 2354 πρότερον
1306 2281 1396 2337 τὸν
1425 2284 1729 2356 ἄνθρωπον,

157 2389 178 2421 c
218 2370 385 2424 αὐτὸν
406 2368 562 2435 αὖθις
586 2376 804 2444 νικῆσαι
828 2374 919 2427 τὸν
943 2374 1184 2429 διάϐολον
1207 2377 1735 2450 παρασκευάσῃ.Διά

157 2479 179 2512 ι
215 2461 377 2515 τοῦτο
394 2463 653 2535 ἀνείληφε
670 2466 765 2517 τὸν
796 2464 892 2518 ἀνθ
902 2484 1103 2537 ρωπον,
1120 2468 1207 2521 ἴνα
1227 2467 1532 2532 ἀκολούθως
1544 2468 1734 2524 τοῦτον

158 2574 181 2606 ι
220 2555 476 2627 ἀπαρχὴν
500 2556 600 2627 τῆς
626 2556 873 2621 ἐξουσίας
896 2559 1229 2631 παραλαϐεῖν
1260 2560 1671 2634 παρασκευάσῃ.
1706 2579 1727 2614 t

154 2646 269 2699 Kal.
295 2647 648 2718 προστίθησιν
677 2648 755 2701 ἔτι
786 2648 980 2717 λέγων·
1013 2668 1031 2701 t
1062 2646 1227 2713 Οὗτος
1252 2650 1361 2721 γάρ
1387 2652 1533 2704 ἐστιν
1556 2652 1583 2702 6
1605 2652 1735 2720 ἀγα-

160 2756 182 2789 (
219 2738 390 2809 πητδς
411 2776 426 2803 ,
470 2741 499 2792 6
532 2738 611 2809 τῷ
641 2740 798 2811 Λόγῳ
832 2740 1052 2804 ἑνωθεὶς
1084 2741 1388 2813 ἄνθρωπος,
1435 2743 1564 2812 περὶ
1602 2736 1661 2798 οὗ
1703 2744 1733 2796 6

162 2850 183 2882 ι
224 2830 614 2902 εύαγγελιστὴς
654 2832 791 2903 ἔφη’
844 2829 1032 2899 Οὗτός
1077 2835 1248 2887 ἐστιν
1295 2837 1327 2887 ό
1378 2835 1508 2897 Υἱός
1548 2851 1666 2902 μου
1701 2836 1734 2888 ὀ

161 2942 183 2976 ι
221 2924 548 2992 ἀγαπητὸς,
571 2926 640 2978 ἐν
669 2919 716 2991 ᾧ
742 2925 1067 2993 εὐδόκησα.
1098 2946 1117 2977 t
1141 2927 1249 2979 Kal.
1277 2923 1430 2989 αὖθις
1462 2927 1729 2997 ἐπιφέρειο

162 3029 185 3064 ι
225 3012 346 3065 Ὀτι
379 3014 407 3065 ό
430 3012 599 3081 Λόγος
627 3012 718 3066 τοῦ
752 3014 983 3084 ἀοράτου
1014 3014 1148 3069 Θεοῦ
1194 3015 1281 3068 διά
1316 3016 1590 3087 Παρθένου
1620 3017 1731 3087 (77)

1837 2204 1857 2239 ι
1902 2186 2105 2241 homini
2158 2200 2255 2256 per
2308 2196 2591 2255 peccatum
2647 2186 2798 2257 lapso
2851 2188 3157 2251 concessit,
3199 2196 3261 2243 ut
3298 2204 3397 2243 suo

1839 2296 1859 2332 ‹
1906 2278 2078 2346 ipsius
2106 2278 2281 2333 Verbo
2309 2292 2405 2346 per
2430 2276 2704 2347 Virginem
2738 2279 3002 2334 uniretur.
3039 2278 3223 2347 Ecqua
3250 2279 3397 2333 enim

1838 2388 1859 2424 ι
1902 2370 2007 2424 alia
2050 2370 2217 2424 hacce
2263 2369 2439 2438 major
2469 2368 2641 2437 gloria
2680 2370 2826 2424 inter
2854 2370 3104 2425 homines
3132 2370 3399 2439 praedica-
3441 2423 3450 2431 ,

1838 2480 1859 2515 t
1907 2461 2031 2516 tur?
2055 2461 2190 2515 Cum
2227 2460 2454 2515 dixisset
2482 2459 2775 2532 gloriﬁcavi
2796 2473 2865 2523 te,
2897 2458 3083 2526 infert,
3113 2469 3165 2514 ct
3203 2462 3397 2515 iterm

1840 2570 1859 2605 ι
1905 2551 2282 2625 gloriﬁcabo“
2326 2560 2437 2607 :ut
2495 2566 2561 2606 ex
2618 2551 2881 2607 immensa
2940 2567 3036 2607 sua
3089 2553 3399 2608 misericor-

1840 2663 1860 2697 ι
1906 2646 2031 2712 dia,
2099 2645 2154 2699 in
2208 2646 2444 2699 secunda
2506 2650 2631 2713 post
2696 2643 2879 2699 carnis
2943 2643 3399 2699 resurrectionem

1840 2756 1859 2790 ι
1907 2737 2112 2807 gloria,
2195 2736 2472 2792 hominem
2551 2736 2703 2806 prius
2785 2733 3066 2789 mortalem
3147 2735 3402 2789 redderet

1839 2848 1859 2881 ι
1903 2827 2291 2896 immortalem,
2320 2838 2375 2883 et
2407 2836 2552 2883 tanta
2583 2827 2732 2882 illum
2759 2826 2928 2896 gloria
2962 2824 3312 2893 gloriﬁcaret,
3334 2830 3395 2888 ᾖ.

1841 2939 1861 2973 t
1901 2929 1959 2975 ιιι
1978 2935 2081 2975 non
2101 2920 2260 2973 modo
2291 2920 2552 2974 servitute
2575 2916 2740 2989 priori
2767 2917 3025 2971 liberetur
3047 2954 3063 2980 ,
3089 2916 3181 2970 sed
3210 2915 3403 2986 majori

1839 3031 1860 3064 ι
1902 3012 2069 3083 gloria
2108 3012 2372 3066 vestiatur
2400 3025 2564 3081 quam
2599 3009 2779 3078 capiat
2808 3007 2988 3062 homo.
3011 3024 3030 3060 ι
3080 3005 3147 3060 Ει
3180 3006 3401 3071 iterum,

162 3119 186 3152 ε
221 3100 582 3171 τεχθήσεσθαι
628 3102 841 3172 ἔμελλε,
875 3103 968 3156 καὶ
998 3102 1095 3174 τὴν
1134 3102 1479 3174 ἀνθρωπίνην
1529 3103 1730 3173 ἀναλήο

1839 3105 1927 3178 [Β.
1950 3103 2185 3177 XCVII]:
2210 3123 2227 3156 ι
2252 3103 2318 3159 Ut
2340 3103 2610 3158 hominem
2626 3100 2773 3155 illum
2793 3100 2984 3170 priusa
3007 3096 3219 3153 diabolo
3242 3110 3405 3165 supe-

164 3209 185 3243 ι
217 3191 412 3261 ψεσθαι
438 3192 635 3264 σάρκα.
666 3195 774 3248 Καὶ
801 3196 886 3248 ἵνα
908 3195 975 3247 δι’
992 3195 1160 3265 αὐτῆς
1189 3196 1281 3248 τὸν
1315 3196 1577 3266 πρότερον
1604 3213 1733 3249 κατ-

162 3301 184 3334 ι
228 3283 522 3353 ισχύσαντα
582 3284 671 3337 τοῦ
721 3284 1011 3357 ἀνθρώπου
1069 3285 1312 3339 διάϐολον
1364 3285 1734 3354 καταγωνισά-

157 3392 184 3425 c
224 3390 405 3444 μενος,
433 3375 507 3446 μὴ
539 3377 697 3445 μόνον
731 3377 1007 3449 ἄφθαρτον
1033 3377 1195 3431 αὐτὸν
1228 3378 1321 3431 καὶ
1352 3379 1619 3432 ἀθάνατον
1650 3394 1737 3446 γο-

160 3482 185 3515 ι
216 3464 402 3519 νέσθαι
437 3468 854 3542 παρασκευάσῃ,
885 3468 1021 3523 ἀλλά
1052 3470 1146 3522 καὶ
1179 3468 1465 3540 σύνθρονον
1491 3471 1546 3521 ὲν
1572 3468 1736 3540 obpa—

160 3573 182 3606 ι
226 3557 333 3618 νοῖς
366 3556 443 3627 τῷ
484 3558 620 3628 Θεῷ.
665 3579 684 3611 ι
740 3559 924 3614 Ταῦτα
951 3560 1008 3613 δὲ
1041 3561 1219 3614 πάντα
1251 3562 1544 3628 ἀναγκαῖον
1600 3575 1736 3613 κατ-

154 3642 304 3715 έχειν
330 3646 387 3699 ὲν
417 3648 604 3719 μνήμῃ
623 3648 711 3702 διά
735 3649 803 3702 τὰ
833 3649 1092 3719 μέλλοντα
1128 3651 1216 3703 ὑπ’
1244 3650 1407 3704 αὑτοῦ
1432 3650 1541 3719 (7.8)
1573 3645 1738 3721 Μαρα

155 3736 352 3792 κέλλου
386 3740 527 3793 κατά
569 3742 665 3811 τῆς
713 3742 933 3812 σαρκὸς,
970 3737 1039 3814 ἦς
1074 3742 1363 3812 ἀνείληφεν
1393 3744 1421 3794 6
1459 3740 1553 3794 τοῦ
1598 3738 1732 3799 Θεοῦ

158 3829 352 3897 Λόγος,
394 3830 780 3901 προφέρεσθαι.
846 3832 931 3894 Ὠς
963 3832 1069 3902 γὰρ
1109 3833 1496 3903 άμνημονήσας
1531 3834 1735 3887 τούτων

156 3922 415 3975 ἁπάντων
445 3917 521 3976 ὧν
565 3923 798 3989 ἐξέθετο,
838 3924 989 3988 τέλος
1021 3926 1121 3977 οὐκ
1159 3925 1331 3978 αἴσιον
1374 3926 1481 3979 οὐδ’
1515 3926 1734 3991 εὐσεϐὲς

157 4012 358 4081 ἐπάγει
398 4013 478 4083 τῷ
518 4015 771 4085 σωτηρίῳ
807 4014 1037 4085 σώματι.
1079 4016 1223 4086 Πρὸς
1266 4017 1474 4081 τούτοις
1509 4017 1731 4081 ἆπασιν,

156 4105 350 4176 ὥσπερ
383 4108 490 4160 τῶν
538 4108 819 4178 προτέρων
868 4107 1016 4179 αύτῷ
1051 4110 1513 4181 κατωρθωμένων,
1546 4111 1735 4181 πειρᾶο

154 4211 253 4254 tu
274 4196 546 4250 δεικνύναι
582 4198 677 4251 καὶ
703 4198 784 4262 τὸ,
817 4201 849 4252 ό
880 4200 1093 4267 Κύριος
1122 4202 1536 4263 ἐϐασίλευσεν,
1554 4202 1737 4271 ἀγαλ-

154 4290 390 4344 λιάσθω
415 4291 454 4357 ἠ
494 4288 591 4359 γῆ,
626 4292 705 4355 είς
734 4290 830 4363 τὴν
870 4291 1046 4363 σάρκα
1071 4292 1455 4364 ἀναφέρεσθαι.
1485 4293 1648 4361 Λέγει
1678 4292 1737 4350 δὲ

156 4381 354 4444 οὕτως·
390 4402 409 4433 ι
454 4383 511 4435 '0
544 4383 674 4451 γοῦν
720 4384 984 4447 καταϐὰς,
1032 4385 1125 4438 καὶ
1165 4385 1263 4455 τὴν
1297 4386 1474 4457 σάρκα
1509 4383 1596 4437 διὰ
1637 4384 1736 4456 τῆς

1839 3216 1859 3250 ε
1906 3209 2106 3262 ratum,
2161 3196 2424 3257 victorem
2454 3193 2656 3250 diaboli
2695 3192 3071 3246 constitueret.
3115 3188 3401 3244 Hominem

1839 3310 1859 3345 ι
1906 3291 2111 3346 idcirco
2135 3292 2190 3343 in
2226 3303 2285 3343 se
2310 3287 2637 3357 assumpsit,
2665 3294 2726 3339 ut
2746 3285 2885 3354 quod
2916 3296 3254 3350 consequens
3276 3278 3401 3344 fuit,

1839 3401 1859 3435 ι
1903 3382 2029 3437 huic
2062 3380 2333 3450 primitias
2370 3377 2653 3448 potestatis
2686 3391 2797 3429 suae
2822 3374 3142 3443 impertiret.
3166 3391 3185 3424 ι
3221 3372 3285 3425 Ει
3310 3386 3407 3425 an-

1832 3474 2002 3532 nectit
2020 3472 2108 3545 [Β.
2128 3470 2382 3542 XXXV]:
2409 3487 2428 3520 ι
2453 3468 2551 3524 llic
2565 3476 2651 3522 est
2667 3467 2753 3520 ille
2770 3466 3015 3528 dilectus,
3036 3464 3193 3517 homo
3212 3476 3406 3530 nempe

1837 3582 1859 3616 ι
1908 3562 2086 3617 Verbo
2130 3561 2386 3614 aduttitus
2417 3577 2431 3614 :
2460 3560 2525 3614 de
2569 3572 2678 3627 quo
2717 3556 2957 3625 loquitur
3007 3553 3338 3623 evangelista
3386 3571 3401 3587 ο

1838 3673 1860 3708 ι
1906 3655 2004 3710 Hic
2030 3664 2111 3709 est
2142 3652 2311 3707 Filius
2346 3666 2497 3706 meus
2532 3649 2761 3705 dilectus
2792 3648 2845 3700 in
2876 3661 2983 3715 quo
3016 3646 3341 3713 complacui.
3378 3662 3399 3698 ι

1836 3743 2196 3817 Αάἱιιιικίιμί.
2227 3742 2453 3814 XCVIII]
2477 3760 2488 3795 :
2515 3759 2534 3794 ι
2558 3741 2710 3808 Quod
2738 3738 2970 3794 Verbum
2999 3736 3280 3795 invisibilis
3309 3734 3406 3791 Dei

1841 3854 1860 3887 ι
1906 3835 1996 3904 qni
2030 3836 2152 3899 fuit,
2177 3849 2274 3903 per
2312 3831 2586 3902 Virginem
2625 3839 2744 3884 erat
2779 3828 3116 3891 nasciturus,
3165 3835 3220 3878 et
3248 3839 3398 3879 sum.

1840 3945 1860 3980 ι
1902 3935 2093 3993 pturus
2139 3926 2433 3981 humanam
2492 3937 2751 3986 carnem,
2808 3928 2864 3974 et
2918 3919 2970 3972 in
3023 3916 3111 3972 illa
3136 3916 3404 3971 diabolum

1840 4036 1861 4072 t
1906 4018 2276 4073 debellaturus
2319 4016 2411 4086 qui
2457 4015 2586 4069 olim
2638 4011 2996 4082 praevaluerat
3033 4025 3046 4064 :
3080 4024 3187 4064 non
3237 4009 3289 4063 in
3341 4022 3410 4065 eo

1840 4126 1860 4160 ε
1906 4117 2112 4162 tantum
2154 4108 2296 4177 quod
2343 4106 2492 4160 illum
2526 4105 2834 4159 redditurus
2875 4099 2976 4155 fuit
3025 4098 3411 4168 incorruptibi-

1841 4219 1862 4254 ι
1908 4199 2012 4254 lem
2058 4208 2114 4253 et
2146 4197 2532 4261 immortalem,
2575 4196 2669 4250 sed
2722 4193 2912 4248 eodem
2960 4190 3100 4246 solio
3155 4190 3209 4244 in
3256 4190 3411 4245 catlis

1838 4308 1861 4347 ο
1905 4306 2028 4346 cum
2066 4290 2176 4345 Deo
2204 4302 2610 4344 consessorum.
2644 4304 2663 4339 ι
2712 4284 2849 4339 Sunt
2884 4284 2990 4339 ista
3033 4282 3258 4339 omnino
3293 4294 3411 4335 me-

1837 4385 2008 4438 moria
2053 4380 2354 4442 retinenda,
2404 4388 2622 4450 propter
2653 4377 2743 4431 illa
2773 4390 2893 4444 quae
2929 4374 3188 4444 producet
3224 4371 3410 4427 statim

164 4491 186 4525 ι
222 4474 500 4545 Παρθένου
532 4472 870 4547 προσλαϐὼν,
907 4475 1212 4545 κατεστάθη
1235 4475 1486 4546 βασιλεὺς
1520 4476 1612 4528 ἐπὶ
1638 4474 1733 4547 τὴν

1841 4475 2070 4545 ipsemet
2123 4473 2455 4539 Marcellus,
2510 4482 2699 4527 contra
2758 4483 2978 4524 carnem
3036 4465 3184 4519 illam
3245 4478 3410 4533 quam

165 4583 186 4616 ιι
236 4563 583 4635 Ἐκκλησίαν,
609 4564 870 4635 δηλονότι,
900 4565 985 4618 ἵνα
1016 4564 1104 4618 διὰ
1128 4565 1223 4618 τοῦ
1256 4566 1428 4635 Λόγου
1458 4567 1486 4617 6
1511 4564 1611 4635 τῆς
1640 4565 1735 4636 βα-

165 4674 187 4709 (
226 4655 434 4719 σιλείας
474 4654 581 4708 τῶν
617 4654 865 4725 οὐρανῶν
913 4655 1179 4726 πρότερον
1227 4656 1597 4721 ὲκπεπτωκὼς
1644 4657 1735 4711 ἀν-

165 4766 188 4802 ι
226 4745 448 4819 θρωπος
479 4745 761 4817 βασιλείας
803 4746 1004 4818 δυνηθῇ
1040 4750 1244 4818 τυχεῖν.
1290 4747 1488 4801 Τοῦτον
1527 4744 1618 4802 οὖν
1648 4748 1736 4803 τὸν

164 4855 189 4893 ι
220 4838 507 4908 ἄνθρωπον
531 4838 623 4891 τὸν
652 4839 938 4909 πρότερον,
963 4838 1050 4890 διὰ
1076 4839 1173 4909 τὴν
1200 4839 1478 4911 παρακοὴν
1508 4839 1608 4909 τῆς
1642 4841 1737 4910 βα-

166 4946 187 4979 ι
229 4929 437 4991 σιλείας
481 4928 894 4991 ἐκπεπτωκότα,
946 4928 1148 4998 Κύριον
1185 4929 1278 4981 καὶ
1315 4927 1445 4982 Θεὸν
1483 4929 1735 4997 γενέσθαι

167 5038 187 5070 ι
227 5019 549 5090 βουλόμενος
575 5021 603 5073 6
641 5019 793 5081 Θεὸς,
836 5016 1037 5089 ταύτην
1079 5019 1177 5089 τὴν
1222 5019 1529 5089 οἰκονομίαν
1560 5020 1738 5090 εἰργά-

165 5129 186 5163 t
229 5127 381 5164 σατο.
428 5110 487 5163 '0
518 5106 610 5164 οὖν
642 5108 943 5178 ἀγιώτατος
970 5111 1254 5181 προφήτης
1281 5110 1440 5163 Δαυῖδ
1469 5127 1736 5183 προφητι-

1841 4566 2132 4635 assumpsit
2159 4564 2251 4619 Dei
2290 4563 2550 4619 Verbum.
2585 4560 2762 4616 Veluti
2788 4559 2932 4614 enim
2958 4557 3156 4612 oblitus
3179 4557 3409 4611 istorum

1840 4657 2079 4711 omnium
2103 4670 2222 4725 qua:
2248 4654 2500 4719 adduxit,
2533 4654 2693 4707 linem
2735 4651 2959 4707 minime
2985 4657 3411 4705 consentaneum

1841 4745 2052 4816 pietati,
2119 4754 2175 4801 et
2228 4744 2520 4799 infaustum
2570 4742 2706 4797 satis
2762 4741 2975 4810 corpori
3039 4738 3412 4809 superinducit

1855 4836 2187 4891 Servatoris.
2250 4834 2401 4890 Ultra
2454 4834 2556 4888 ista
2626 4832 2840 4902 quidem
2893 4830 3099 4894 omnia,
3157 4838 3411 4895 tanquam

1842 4939 1989 4983 recte
2020 4928 2403 4991 successerint,
2439 4936 2492 4979 et
2521 4941 2587 4979 ex
2616 4926 2795 4978 animo
2816 4925 3097 4995 superiora
3126 4960 3140 4985 ,
3186 4930 3414 4974 conatur

1843 5021 2150 5081 ostendere.
2180 5028 2233 5073 et
2264 5019 2410 5072 illum
2449 5018 2611 5071 etiam
2648 5026 2881 5079 textum,
2932 5013 3181 5083 Regnavit
3228 5009 3414 5063 Domi-

1846 5128 1967 5175 nus,
2006 5109 2226 5164 exsultet
2255 5119 2397 5163 terra
2432 5110 2502 5172 ",
2541 5112 2606 5162 de
2634 5122 2799 5162 carne
2836 5105 3267 5175 intelligendum.
3324 5101 3415 5155 Ait

130 5354 135 5359 ,
238 5303 300 5362 ›Ῑ4
329 5295 427 5352 Ed.
458 5294 629 5351 Paris.
663 5311 783 5368 pag.
810 5295 899 5350 49.
972 5296 1015 5326 ³³
1040 5293 1249 5349 Coloss.
1279 5308 1319 5357 ι,
1350 5291 1436 5346 I6.
1514 5290 1560 5322 "
1585 5289 1603 5345 l
1627 5288 1733 5343 Titr

1843 5322 1857 5354 ,
1888 5288 1938 5346 5.
2017 5284 2232 5341 "Joan.
2264 5300 2359 5349 xu,
2391 5282 2482 5340 28.
2556 5284 2601 5314 "
2632 5281 2775 5336 Psal.
2812 5295 2950 5344 xcvr,
2989 5279 3042 5332 l.

258 5496 665 5569 Π)νιι1ιιοτῆς
694 5496 870 5569 Παρβ.
1019 5565 1044 5569 _
1107 5564 1133 5569 -
1242 5562 1253 5569 .
1482 5559 1523 5569 _
1629 5559 1678 5569 ..

262 5559 353 5633 78')
384 5559 702 5619 Mélxor'ta
728 5559 830 5620 ὑπ’
861 5565 1070 5621 αὑτοῦ.
1099 5562 1354 5627 Omnino,
1388 5570 1445 5633 ut
1482 5559 1750 5613 Eusebius

163 5630 268 5700 ait,
306 5630 422 5691 btet:
455 5649 579 5689 sunt
609 5640 967 5690 observanda.
1006 5635 1138 5687 Nam
1189 5630 1510 5700 stupendum
1547 5633 1597 5682 in
1634 5644 1745 5700 mo-

168 5697 287 5763 rem
317 5704 911 5777 insanivit_Marcellns,
935 5706 979 5759 si
1005 5720 1130 5777 vera
1167 5697 1321 5777 nobis
1350 5702 1416 5753 de
1448 5697 1746 5777 i||o_retttlit

172 5776 540 5833 adversarius.
574 5774 707 5829 Nam
746 5775 810 5830 de
835 5775 1034 5829 Christi
1071 5789 1262 5841 carne,
1290 5773 1393 5827 hoc
1414 5780 1496 5827 est
1525 5770 1743 5824 Christo

418 5871 691 5931 ΡΑτιιοι..
744 5870 861 5932 Gtt.
929 5869 1152 5932 XXIV.

1857 5484 2099 5548 homine,
2121 5482 2331 5547 delirat,
2359 5497 2479 5534 eum
2501 5481 2637 5534 ultra
2654 5495 2839 5533 omnes
2856 5479 3118 5542 homines,
3138 5486 3258 5545 post
3286 5491 3413 5530 συν-

1856 5555 2066 5607 τέλειαν
2089 5554 2520 5613 exinanicndnm,
2554 5556 2693 5619 quod
2732 5550 2881 5613 τέλος
2918 5550 3219 5619 ούκίαῐσιον
3265 5557 3415 5619 recte

1855 5622 2331 5678 vocat.M.—Infra
2363 5625 2516 5691 vulgo
2538 5616 2739 5691 ταύτην
2754 5624 2943 5683 οἰκον.,
2963 5618 3195 5684 ειλέγει,
3213 5616 3415 5689 Κύριος

1851 5693 2030 5761 Mam;
2051 5696 2175 5750 dein
2204 5692 2456 5756 λαϐόντος
2476 5692 2666 5763 χρόνου
2687 5691 2829 5748 τοῦδ.
2859 5692 2921 5747 Β.

2940 5850 3095 5912 ’26
