3836 6216
441 335 537 398 Sil

1107 336 1370 392 unseen
1407 293 1883 392 CESARIENSIS
1921 329 2072 392 OPP.
2107 333 2286 391 PARS
2325 334 2415 390 1v.
2454 361 2523 374 -
2555 332 2984 390 DOGMATICA.

3586 331 3702 390 812

449 467 626 515 autem
647 459 734 531 [Β.
765 457 949 529 XCIX]
975 475 986 510 :
1024 476 1042 510 ι
1067 459 1166 524 Qui
1201 458 1513 524 descendit,
1545 457 1665 513 ideo
1698 467 1753 513 et
1785 470 2006 512 carnem

2124 474 2136 508 ι
2175 455 2288 519 κῶς
2306 455 2474 524 λέγει,
2530 455 2582 506 '0
2611 455 2824 523 Κύριος
2860 454 3276 520 ἐϐασίλευσεν,
3302 453 3704 523 ἀγαλλιᾶσθω

447 568 468 601 ι
517 550 806 618 assumpsit
842 550 908 602 de
949 547 1167 616 Virgine
1191 587 1206 610 ,
1247 562 1339 601 rex
1371 555 1454 600 est
1482 547 1812 603 constitutus
1847 561 2007 615 super

447 658 466 690 ι
507 638 821 702 Ecclesium,
853 651 1043 706 nempe
1076 638 1126 688 in
1159 651 1282 689 eum
1320 635 1505 700 linem,
1549 647 1605 688 ut
1640 635 1717 689 sic
1752 650 1848 702 per
1878 634 2010 688 Ver-

447 749 466 782 ‹
515 731 662 795 bum,
699 729 860 783 homo
897 728 986 797 qui
1024 726 1172 796 prius
1197 725 1458 781 caelorum
1503 740 1674 794 regno
1705 724 2005 788 esciderat,

444 839 465 873 ι
513 834 737 888 regnum
797 818 927 872 illud
985 817 1163 871 denuo
1218 825 1659 884 consequeretur.
1727 813 2007 868 llominem

445 928 466 962 ‹
511 925 641 980 ergo
669 910 829 964 istum
861 909 952 977 qui
994 923 1158 978 regno
1189 908 1342 976 prius
1375 907 1654 960 exciderat
1681 908 1792 975 'per
1820 905 2006 960 inobe-

446 1021 464 1052 ‹
510 1001 767 1056 dientiam
797 1016 970 1064 suam,
1006 1000 1288 1054 Dominum
1354 1009 1407 1053 et
1462 999 1627 1052 Deum
1664 998 1779 1054 ﬁeri
1829 997 2010 1052 volens

445 1110 464 1142 ι
512 1091 674 1154 Deus,
731 1092 870 1144 hanc
921 1090 1281 1144 (economiam
1343 1090 1414 1142 ita
1463 1089 1817 1157 dispensavit.
1867 1089 2012 1153 Quo-

445 1187 653 1241 (circa
686 1186 1063 1240 sanctissimus
1110 1193 1258 1239 vates
1304 1184 1470 1238 David
1516 1184 1832 1254 prophetico
1865 1196 2012 1236 more

447 1300 466 1332 ι
516 1280 658 1333 l'atur
683 1299 694 1332 :
735 1279 989 1347 Regnavit
1016 1276 1301 1340 Dominus,
1328 1277 1553 1330 exsultet
1584 1289 1777 1330 terra.)
1805 1275 1866 1329 Et
1893 1284 2015 1343 post

441 1371 546 1426 alia
569 1371 811 1439 quaedam
853 1367 1120 1422 subinl'crt
1152 1366 1251 1439 [Β.
1281 1365 1347 1438 ιη
1382 1385 1394 1420 ι
1431 1386 1447 1418 ‹
1472 1365 1552 1422 0b
1589 1382 1748 1436 quam
1796 1381 2012 1420 causam

447 1482 465 1515 ι
512 1465 667 1532 quasi
695 1462 952 1517 Dominus
975 1471 1160 1515 noster
1200 1460 1359 1516 Jesus
1403 1460 1651 1516 Christus
1677 1500 1692 1525 ,
1725 1463 1874 1530 regni
1913 1461 2017 1514 ini-

446 1574 466 1607 ι
515 1557 646 1610 tium
673 1552 985 1624 adspicatus
1014 1552 1191 1606 fuerat
1224 1567 1253 1605 a
1277 1552 1510 1623 quodam
1558 1560 1803 1622 tempore
1823 1592 1838 1618 ,
1875 1552 2013 1604 vati-

448 1668 467 1700 ‹
509 1649 709 1702 cinium
747 1647 896 1702 canit
928 1644 1078 1716 :Ego
1118 1655 1295 1699 autem
1348 1661 1440 1697 rex
1467 1644 1532 1697 ab
1565 1643 1658 1698 illo
1699 1644 2015 1698 constitutus

448 1759 468 1792 ε
513 1755 627 1794 sum
660 1739 726 1793 ".
760 1757 779 1790 ι
835 1738 903 1792 Ει
933 1752 1124 1792 rursus
1151 1736 1299 1792 addit
1331 1751 1344 1787 :
1375 1736 1456 1791 0b
1480 1751 1600 1790 eam
1629 1749 1850 1790 causam
1897 1750 2016 1799 rex,

2115 565 2133 598 ι
2175 546 2214 612 ἡ
2383 565 2400 597 ι
2440 545 2544 600 Καὶ
2574 545 2690 616 μεθ’
2717 547 2879 616 ἐτερα
2908 544 3189 614 ἐπιφέρειἱ
3233 564 3251 595 ι
3295 546 3374 597 Δι’
3408 547 3475 616 ἣν
3510 543 3701 598 αἰτίαν

2115 656 2133 688 ι
2172 639 2360 710 ὥσπερ
2390 638 2564 708 ἀρχὴν
2599 637 2872 708 βασιλείας
2904 637 3012 691 ἀπό
3038 654 3182 700 τινος
3208 637 3461 701 λαϐόντος
3491 637 3698 707 χρόνου

2116 749 2134 782 ι
2176 731 2268 784 τοῦ
2295 731 2554 784 δεσπότου
2602 731 2760 801 ἡμῶν
2794 728 3052 800 Χριστοῦ,
3085 731 3118 798 ἡ
3164 729 3472 800 προφητεία
3501 729 3697 798 φησίν·

2117 839 2135 870 ι
2182 820 2328 890 Ἐγὼ
2347 819 2416 872 δὲ
2445 821 2818 888 κατεστάθην
2833 820 3134 885 ,βασιλεὺς
3158 822 3258 874 ὑπ’
3283 821 3491 874 αὑτοῦ.
3528 839 3548 872 ι
3589 819 3701 872 Καὶ

2113 911 2273 964 πάλιν
2307 911 2577 980 ἐπιφέρει·
2600 930 2618 962 ι
2645 910 2742 963 Διὰ
2757 910 2914 964 τοῦτο
2925 910 3032 982 γὰρ
3049 912 3144 963 καὶ
3163 909 3431 980 βασιλεύει
3448 910 3588 982 (79),
3613 909 3702 962 ἵνα

2118 1020 2137 1054 t
2170 1003 2226 1054 ἐν
2256 1004 2319 1072 τῇ
2347 1001 2663 1073 ἀνθρωπίνῃ
2694 1003 2858 1072 σαρκὶ
2887 1002 3194 1072 γενόμενος,
3230 1001 3482 1071 βασιλεύς
3509 1019 3572 1053 τε
3599 1019 3699 1054 κα·-

2119 1113 2135 1141 ι
2177 1090 2400 1153 ταστὰς,
2451 1090 2537 1142 διὰ
2567 1089 2661 1142 τοῦ
2697 1091 2891 1157 Λόγου,
2940 1092 2969 1142 ὁ
3003 1089 3258 1152 κενωθεὶς
3301 1090 3569 1161 πρότερον
3605 1092 3702 1144 ἄν·

2121 1200 2140 1233 ‹
2177 1181 2410 1254 θρωπος,
2440 1183 2620 1236 πᾶσαν
2653 1182 2827 1253 ἀρχὴν
2858 1180 2949 1234 τοῦ
2997 1181 3267 1245 διαϐόλου,
3313 1185 3406 1234 καὶ
3440 1183 3698 1254 δύναμιν,

2122 1291 2140 1323 ι
2182 1275 2277 1326 καὶ
2304 1273 2549 1337 ἐξουσίαν
2585 1276 2927 1346 καταργήσῃ.
2960 1293 2978 1325 ι
3014 1274 3260 1327 Τοσαῦτα
3283 1276 3412 1347 περὶ
3439 1276 3537 1346 τῆς
3568 1293 3700 1347 σαρ-

2116 1368 2210 1430 κὸς
2235 1367 2327 1420 τοῦ
2371 1368 2640 1438 Σωτῆρος,
2673 1368 2998 1421 καὶτούτων
3037 1367 3116 1420 ἔτι
3160 1368 3326 1421 πολλὰ
3360 1368 3585 1422 πλείονα
3617 1372 3701 1423 εί-

2117 1458 2250 1522 πὼν,
2286 1460 2459 1530 φήσας
2493 1477 2550 1511 τε
2582 1459 2750 1530 αὐτὴν
2781 1455 2919 1511 εἶναι
2952 1460 3049 1530 τὴν
3085 1459 3266 1512 εἰκόνα
3309 1459 3402 1514 τοῦ
3433 1459 3571 1513 Θεοῦ
3605 1461 3703 1514 τοῦ

2117 1553 2370 1624 ἀοράτου,
2417 1553 2510 1606 καὶ
2551 1551 2642 1605 τὸν
2689 1553 3039 1624 Πρωτότοκον
3089 1553 3271 1624 πάσης
3317 1554 3570 1617 κτίσεως,
3610 1555 3707 1608 καὶ

2116 1645 2206 1696 τὸν
2239 1643 2483 1714 βασιλέα,
2519 1646 2611 1698 καὶ
2644 1645 2735 1696 τὸν
2788 1643 3017 1714 Ἰησοῦν,
3048 1645 3257 1697 καὶτὸν
3301 1646 3557 1713 Χριστὸν,
3611 1646 3708 1699 καὶ

2118 1737 2209 1790 τὸν
2239 1738 2543 1806 ἀγαπητὸν,
2578 1739 2673 1790 καὶ
2711 1739 2812 1791 ὅσα
2839 1736 2971 1792 ἄλλα
3001 1738 3278 1802 κατέλεξε·
3309 1739 3376 1792 δι’
3410 1739 3586 1810 αὑτήν
3617 1757 3703 1803 τε,

449 1852 468 1885 ι
515 1842 574 1886 ut
602 1847 725 1886 cum
753 1831 989 1885 humana
1030 1845 1195 1885 carne
1229 1830 1556 1885 constitutus
1580 1871 1595 1896 ,
1629 1838 1685 1884 et
1713 1829 2015 1884 declaratus

2124 1827 2293 1881 ταῦτα
2344 1830 2518 1882 πάντα
2572 1829 2834 1900 κληθῆναι
2898 1829 2988 1883 τὸν
3033 1830 3205 1898 Λόγον
3255 1831 3704 1901 ἀποφηνάμενος,

449 1941 471 1975 ι
516 1937 636 1987 rex,
673 1922 981 1977 exinanitus
1019 1920 1170 1990 prius
1207 1922 1394 1997 homo,
1427 1934 1587 1974 omne
1620 1918 1817 1972 diaboli
1852 1919 2018 1986 impe-

2122 1921 2305 1972 ὁποῖον
2332 1921 2484 1984 τέλος
2516 1922 2653 1992 αὐτῇ
2676 1920 3018 1992 περιτίθησιν
3046 1922 3145 1992 ἤδη
3180 1921 3458 1992 θεωρῆσαι
3486 1923 3702 1994 καιρός.

450 2040 468 2072 ι
517 2021 675 2084 rium,
700 2019 807 2073 vim
834 2030 887 2072 et
916 2026 1240 2088 potestatem
1274 2031 1370 2087 per
1394 2015 1630 2070 Verbum
1662 2024 1972 2069 evacnaret.
2021 2033 2040 2067 ι
2084 2013 2187 2069 Tot
2213 2015 2322 2075 ille.
2387 2029 2441 2072 ct
2479 2017 2699 2087 quidem
2731 2017 2887 2086 longe
2912 2017 3089 2088 plura,
3129 2017 3194 2072 de
3223 2033 3391 2072 carne
3423 2032 3706 2073 commeo.

445 2125 531 2169 tus
570 2111 896 2177 Servatoris,
946 2117 1004 2174 ›Ῑ‹
1047 2119 1332 2181 postquam
1407 2109 1558 2162 illam
1641 2109 1946 2163 nominarat
1996 2109 2088 2164 Dei
2124 2110 2415 2181 imaginem
2460 2112 2768 2176 invisibilis,
2817 2121 2871 2166 et
2909 2112 3086 2166 omnis
3124 2121 3386 2167 creaturae
3425 2113 3706 2183 primoge-

446 2209 638 2268 nilum,
671 2215 725 2260 et
772 2219 974 2275 regem,
1006 2211 1060 2258 et
1098 2201 1300 2266 Iesum,
1367 2210 1424 2256 et
1462 2200 1761 2265 Christum,
1812 2209 1865 2255 et
1909 2200 2184 2266 dilectum,
2248 2215 2302 2256 et
2364 2219 2484 2273 quae
2522 2203 2624 2258 alia
2687 2203 3136 2260 commemoravit
3169 2221 3182 2256 :
3223 2203 3446 2274 insuper
3478 2205 3702 2260 addide-

447 2307 551 2363 rat,
601 2305 822 2367 propter
864 2295 1010 2350 illam
1068 2295 1236 2364 ipsam
1273 2308 1521 2360 carnem,
1579 2303 1656 2348 tot
1705 2292 2012 2350 nominibus
2081 2293 2315 2350 Verbum
2374 2297 2688 2367 insignitum
2770 2294 2957 2361 fuisse,
2997 2293 3160 2350 tinem
3208 2304 3391 2352 tamen
3439 2294 3518 2351 illi
3569 2310 3696 2350 eum

446 2390 677 2461 aﬂingit,
707 2403 865 2460 quem
893 2403 1036 2442 nunc
1069 2396 1279 2455 tempus
1311 2395 1396 2441 est
1427 2395 1485 2440 ut
1516 2384 1942 2441 consideremus.

1087 2479 1236 2534 CAP.
1281 2477 1369 2532 lV.

449 2573 796 2640 Qualemnam
829 2571 984 2640 ﬁnem
1008 2569 1264 2637 subinfert
1287 2563 1575 2623 Marcellus
1618 2565 1815 2624 Christi
1842 2585 2022 2640 regno,

828 2650 879 2695 et
932 2643 1078 2694 carni
1122 2655 1281 2710 quam
1331 2641 1632 2709 assumpsit.

2762 2467 2920 2526 ΚΕΦ.
2977 2475 3048 2527 A'.

2138 2565 2368 2620 Ὀποῖον
2395 2563 2747 2637 Μάρκελλος
2773 2563 2979 2637 ὲεζάγει
3000 2566 3173 2637 τέλος
3197 2566 3272 2636 τῇ
3298 2567 3405 2621 τοῦ
3442 2567 3705 2637 Χριστοῦ

2311 2637 2620 2702 βασιλείᾳ,
2651 2635 2748 2688 καὶ
2787 2635 2860 2704 τῇ
2889 2637 3067 2705 σαρκὶ
3099 2636 3180 2704 ἢν
3205 2635 3518 2708 ἀνείληφε.

518 2733 609 2806 [Β.
643 2732 709 2805 C]
743 2751 762 2785 ι
795 2730 944 2786 Hanc
981 2732 1182 2786 etenim
1214 2732 1284 2787 ob
1313 2746 1532 2786 causam
1566 2741 1886 2802 regnaturus
1918 2741 2015 2797 est,

2202 2744 2220 2776 ι
2261 2725 2360 2778 Δια
2406 2725 2561 2777 τοῦτο
2615 2725 2723 2797 γὰρ
2785 2725 3116 2795 βασιλιύσει,
3168 2727 3226 2780 ἐν
3272 2732 3338 2800 τῇ
3391 2729 3708 2803 ἀνθρωπίνῃ

455 2843 476 2877 ι
519 2828 750 2880 humana
783 2838 948 2878 carne
975 2823 1228 2892 praeditus
1269 2836 1365 2890 per
1411 2821 1646 2877 Verbum
1695 2825 2021 2878 constitutus

455 2938 476 2971 ‹
519 2933 635 2984 rex,
667 2918 829 2972 homo
867 2915 956 2970 ille
983 2914 1109 2969 olim
1147 2914 1404 2983 deceptus
1434 2934 1447 2970 :
1472 2923 1528 2969 et
1556 2929 1770 2970 omnem
1801 2917 1874 2969 ita
1907 2916 2024 2969 dia.

457 3026 478 3060 ς
521 3007 626 3062 holi
655 3004 1120 3075 potestatem,vim
1138 3019 1192 3057 et
1215 3004 1499 3072 imperium
1524 3006 1828 3060 evacuabit.
1848 3005 2021 3073 Opor-

455 3116 479 3151 r
523 3108 592 3152 tet
619 3097 754 3150 enim
781 3095 951 3159 illum,
977 3094 1168 3165 inquit,
1199 3109 1414 3162 regnare
1440 3110 1601 3162 usque
1631 3095 1757 3148 dum
1782 3096 2020 3149 inimicos

2135 2837 2153 2870 ι
2189 2817 2352 2886 σαρκὶ
2401 2817 2711 2887 γενόμενος,
2769 2817 3016 2888 βασιλεύς
3062 2835 3123 2870 τε
3165 2821 3444 2888 καταστὰς
3481 2822 3572 2875 διὰ
3614 2824 3706 2877 τοῦ

2133 2929 2152 2961 ‹
2191 2909 2387 2976 Λόγου,
2420 2908 2447 2958 ό
2481 2908 2782 2979 ἀπατηθεὶς
2813 2909 3075 2981 πρότερον
3105 2910 3389 2984 ἄνθρωπος
3428 2912 3568 2982 (80),
3606 2915 3707 2966 1:5.-

2135 3020 2153 3052 (
2193 3019 2290 3055 σαν
2317 3002 2492 3072 ἀρχὴν
2518 3000 2611 3054 τοῦ
2640 3001 2884 3055 διαϐόλου
2925 3003 3022 3055 καὶ
3065 3002 3290 3074 δύναμιν
3323 3005 3419 3058 καὶ
3461 3004 3706 3070 ἐξουσίαν

2135 3111 2153 3142 ι
2196 3095 2554 3164 καταργήσει.
2603 3096 2694 3145 Δεῖ
2747 3095 2856 3168 γὰρ
2917 3095 3078 3148 αὑτὸν
3133 3096 3456 3166 βασιλεύειν,
3507 3101 3708 3169 φησὶν,

456 3208 478 3245 t
522 3206 643 3245 suos
666 3197 863 3242 statuat
895 3187 989 3241 sub
1012 3187 1224 3256 pedibus
1254 3187 1366 3240 suis
1399 3187 1466 3242 ³⁷.
1494 3187 1584 3240 Ait
1608 3187 1774 3256 igitur
1812 3189 2015 3242 divinus

2135 3202 2153 3235 ι
2186 3185 2343 3256 ἄχρις
2370 3178 2429 3237 οῦ
2460 3185 2526 3237 ἂν
2549 3184 2615 3255 θῇ
2644 3186 2771 3249 τοὺς
2792 3185 3019 3258 ἐχθροὺς
3045 3188 3148 3240 ὑπὸ
3177 3188 3301 3250 τοὺς
3326 3189 3498 3251 πόδας
3523 3190 3707 3246 αὑτοῦ.

458 3297 482 3333 ο
523 3279 836 3350 Apostolus,
864 3280 1010 3349 regni
1045 3278 1244 3334 Christi
1277 3278 1440 3332 linem
1477 3288 1588 3333 tum
1614 3279 1877 3343 futurum,
1907 3296 2015 3334 cun

2134 3294 2152 3325 ‹
2185 3277 2296 3346 Τῆς
2319 3275 2498 3328 τοίνυν
2527 3273 2620 3327 τοῦ
2658 3275 2918 3329 δεσπότου
2947 3275 3104 3346 ἡμῶν
3135 3277 3369 3348 Χριστοῦ
3403 3278 3706 3347 βασιλείας,

456 3389 479 3424 ι
525 3373 628 3426 sub
653 3371 878 3440 pedibus
908 3371 1022 3441 ejus
1046 3371 1222 3424 omnia
1257 3369 1685 3428 collocabuntur.
1705 3370 1796 3442 Ill.
1825 3373 1887 3426 Cl
1906 3371 2015 3427 coll.

2134 3387 2153 3419 ι
2185 3367 2342 3421 τοῦτο
2375 3367 2438 3420 τὸ
2468 3368 2619 3429 τέλος
2645 3365 2784 3421 εἷναί
2812 3385 2974 3438 φησιν
3011 3371 3040 3421 ό
3073 3370 3217 3440 ἱερὸς
3268 3370 3616 3435 Ἀπόστολος,
3653 3370 3711 3422 τὺ

456 3485 481 3523 s
524 3483 577 3538 p.
603 3467 751 3539 189].
778 3485 796 3518 ι
823 3467 950 3522 Post
977 3481 1144 3536 pauca
1169 3465 1412 3534 quaedam
1446 3465 1595 3520 addit
1623 3484 1636 3520 :
1672 3483 1692 3518 ι
1735 3466 2015 3522 Maximum

2132 3477 2151 3511 ι
2189 3461 2365 3514 πάντα
2397 3460 2734 3529 ὑποταγῆναι
2777 3463 2890 3522 τοῖς
2930 3460 3088 3513 ποσὶν
3129 3460 3314 3514 αὑτοῦ.
3363 3480 3382 3511 ι
3420 3463 3534 3514 Καὶ
3575 3462 3709 3531 μετὰ

459 3569 480 3613 ‘c
529 3561 620 3615 hic
674 3559 994 3630 mysterium
1049 3557 1255 3612 revelat
1284 3557 1439 3612 nobis
1509 3557 1843 3627 Apostolus,
1902 3560 2015 3614 dum

2128 3551 2334 3622 βραχέα
2362 3553 2623 3621 ἐπιλέγει·
2659 3571 2676 3603 ι
2706 3553 2977 3621 Μέγιστον
3003 3555 3134 3622 ἡμῖν
3161 3555 3461 3625 μυστήριον
3481 3553 3708 3608 ἐνταῦθα

458 3670 480 3705 ι
529 3651 840 3722 pronuntiat
887 3650 1197 3704 adfuturum
1230 3650 1388 3704 linem
1417 3664 1584 3719 regno
1603 3649 2026 3705 Christi.Finem

459 3761 481 3795 ι
529 3756 689 3812 porro
748 3751 880 3806 tum,
934 3755 1054 3794 cum
1103 3751 1373 3809 ponentur
1417 3741 1600 3795 omnia
1658 3741 1758 3795 sub
1804 3742 2026 3810 pedibus

464 3851 483 3884 ι
534 3831 669 3900 ejus.
699 3849 720 3882 ι
751 3830 819 3884 Ει
846 3829 1143 3896 explanans
1185 3829 1361 3884 adhuc
1391 3831 1531 3884 idem
1562 3830 1847 3886 dilucidius
1887 3831 2026 3886 scri-

456 3923 538 3978 bit
594 3922 684 3993 [R.
724 3919 834 3991 Cll]
866 3939 878 3973 :
911 3939 930 3971 ι
963 3920 1170 3974 Dictum
1194 3928 1327 3972 esta
1359 3919 1512 3974 nobis
1547 3921 1598 3972 in
1631 3921 2023 3989 superioribus,

461 4033 482 4065 1
529 4014 812 4068 Dominum
841 4023 1082 4064 nostrum
1108 4011 1383 4065 Christum
1411 4011 1558 4079 regni
1585 4012 1664 4063 sui
1698 4012 2021 4079 principium

462 4121 483 4154 ι
530 4101 808 4170 accepisse
839 4117 852 4152 :
888 4099 1048 4166 idque
1075 4099 1247 4167 ipsum
1287 4097 1569 4150 docuimus
1605 4112 1636 4150 e
1677 4111 1835 4151 sacra
1870 4097 2021 4150 Scri-

462 4212 484 4245 1
531 4201 688 4263 plura
735 4191 1178 4244 demonstratum.
1209 4187 1595 4241 Testimonium
1636 4188 1867 4256 primum
1914 4197 2021 4253 est,

459 4283 572 4355 Ego
600 4283 909 4338 constitutus
946 4298 1061 4335 sum
1092 4282 1156 4334 ab
1189 4280 1280 4350 illo
1320 4294 1413 4334 rex
1441 4295 1598 4350 super
1637 4279 1772 4336 Sion
1797 4290 2023 4335 montem

2132 3660 2151 3693 (
2198 3642 2520 3705 Ἀπόστολος
2575 3643 2967 3706 ἀνακαλύπτει,
3005 3643 3154 3706 τέλος
3203 3660 3300 3714 μεν
3351 3644 3573 3698 ἔσεσθαι
3617 3645 3711 3714 φά·

2131 3751 2150 3784 ι
2186 3749 2329 3786 σκων
2359 3737 2457 3804 τῆς
2489 3732 2726 3805 Χριστοῦ
2776 3734 3076 3804 βασιλείας,
3114 3735 3265 3798 τέλος
3295 3735 3354 3788 δὲ
3393 3737 3539 3797 τότε,
3582 3738 3708 3790 ὅταν

2131 3843 2149 3875 ι
2189 3824 2361 3878 πάντα
2394 3826 2640 3896 ὑποταγῇ
2673 3829 2785 3890 τοῖς
2834 3828 2990 3880 ποσὶν
3041 3827 3223 3879 αὑτοῦ.
3261 3847 3279 3878 ι
3328 3828 3440 3880 Καὶ
3470 3827 3552 3880 ἔτι
3585 3829 3709 3898 μᾶλ-

2124 3916 2215 3969 λον
2242 3915 2744 3988 ἐπεξεργαζόμενος
2774 3917 2865 3970 τὸν
2900 3917 3062 3972 αὑτὸν
3090 3917 3266 3987 λόγον,
3300 3919 3446 3972 οὕτω
3469 3920 3672 3990 γράεξει
3691 3937 3702 3951 ·

2131 4029 2149 4060 ι
2192 4011 2440 4078 Ἔφαμεν
2460 4010 2517 4060 ἐν
2539 4012 2649 4072 τοῖς
2675 4010 3007 4080 προάγουσιν
3023 4010 3176 4081 ἡμῶν
3202 4013 3384 4080 ῥητοῖς
3408 4011 3499 4064 τὸν
3528 4012 3710 4064 δεσπό·

2133 4118 2170 4151 ι.
2194 4118 2293 4172 την
2321 4101 2477 4172 ἡμῶν
2505 4102 2598 4154 τὸν
2622 4102 2859 4172 Χριστὸν
2888 4101 3062 4172 ἀρχὴν
3092 4102 3382 4171 ἐσχηκέναι
3409 4101 3703 4171 βασιλείας,

2134 4211 2152 4244 ι
2192 4195 2254 4245 ἐκ
2288 4193 2395 4246 τῶν
2437 4193 2594 4246 θείων
2628 4193 2863 4266 Γραφῶν
2886 4192 3188 4256 ἀποδείξεσι
3225 4191 3520 4262 χρώμενοι.
3555 4196 3705 4247 Ἔστι

2135 4301 2154 4334 ι
2199 4283 2296 4354 μὲν
2316 4285 2457 4356 μίαή
2473 4284 2725 4352 λέγουσα·
2759 4283 2908 4354 Ἐγὼ
2929 4283 2998 4338 δὲ
3023 4283 3397 4351 κατεστάθην
3409 4285 3707 4351 ,βασιλεὺς

533 4454 592 4512 >14
623 4446 719 4502 Ed.
753 4445 924 4503 Paris.
959 4461 1077 4516 pag.
1107 4445 1194 4503 50.
1271 4445 1316 4477 "
1347 4445 1491 4501 Psal.
1513 4411 1585 4513 in,
1613 4445 1667 4500 6.
1741 4444 1967 4501 "lCor.
1996 4460 2086 4512 xv,
2104 4447 2194 4502 25.

530 4610 640 4697 (⁷9)
661 4611 761 4697 me
979 4609 1085 4691 πὰρ
1118 4607 1584 4697 meast-Wst;
1599 4607 1858 4697 μεεειάο,
1872 4608 2026 4697 i991-

457 4678 638 4736 λεὺσει
685 4691 741 4734 ιιι
795 4678 1058 4749 principio
1109 4681 1385 4747 sequentis
1425 4680 1649 4748 capitis,
1697 4679 1784 4732 ubi
1833 4680 2020 4749 eadem

459 4750 692 4808 Marcelli
727 4747 887 4804 verba
927 4747 1259 4819 repetuntur.
1305 4758 1362 4802 ut
1413 4760 1466 4819 et
1497 4747 1615 4801 mox
1642 4763 1738 4816 pro
1767 4747 2023 4811 κενωθείς

459 4822 662 4876 rectius
693 4817 1010 4889 ἀπατηθείς,
1036 4831 1094 4874 ut
1119 4820 1279 4884 paulo
1307 4829 1426 4886 post
1454 4817 1670 4887 legitur,
1699 4829 1765 4889 et
1785 4834 1871 4889 ex,
1893 4835 2025 4884 pra:-

459 4891 778 4947 cedentibus
799 4888 1051 4958 apparet;
1089 4891 1305 4943 tolerari
1332 4898 1583 4958 tamenet
1616 4891 1727 4941 haec
1755 4888 2023 4958 lectiopo-

459 4971 587 5024 test,
618 4975 737 5012 cum
770 4952 1187 5013 exinanilionem
1215 4959 1374 5028 regia:
1394 4957 1575 5028 gloria:
1602 4967 1856 5027 Opponat.
1881 4952 2026 5012 bl.—

457 5032 600 5085 Infra
632 5029 789 5096 vulgo
817 5029 915 5081 ὅσα
947 5029 1130 5081 τᾶλλα.

531 5099 643 5171 (80)
699 5095 750 5151 Ὁ
796 5099 1115 5165 ἀπατηθεὶς
1163 5096 1816 5171 πρότερωλᾶνθρωπος.
1847 5095 1902 5150 Id
1939 5107 2022 5171 est

459 5168 692 5226 humana
728 5181 908 5223 nostra
941 5179 1153 5234 natura,
1179 5185 1298 5237 qua:
1321 5173 1370 5221 in
1395 5169 1600 5220 Adatno
1637 5183 1731 5236 per
1767 5168 2021 5234 praevari-

459 5241 725 5296 cationem
782 5239 1073 5300 ceciderat,
1138 5241 1190 5292 in
1242 5237 1459 5292 Christo
1515 5253 1609 5305 per
1657 5237 2015 5289 obedientiam

460 5310 828 5377 triumphavit.
889 5309 1084 5361 Locum
1140 5324 1266 5360 vero
1325 5309 1464 5361 beati
1526 5307 1765 5374 Apostoli
1809 5321 1873 5359 ex
1927 5307 2016 5360 illa

459 5381 523 5432 ad
557 5381 573 5432 l
611 5380 856 5434 Corinth.
893 5395 979 5441 xv,
1026 5378 1115 5440 28,
1169 5393 1326 5445 quem
1378 5392 1590 5431 sursum
1633 5387 1796 5444 atque
1855 5379 2015 5430 deor-

458 5465 578 5503 sum
619 5451 752 5502 adeo
801 5458 978 5504 versat
1032 5448 1310 5512 Eusebius,
1362 5447 1472 5508 hic,
1517 5446 1664 5508 alibi,
1694 5455 1748 5500 et
1801 5445 1852 5498 in
1906 5449 2012 5501 line

458 5518 553 5572 ιιι».
589 5533 642 5580 v,
694 5529 840 5572 recte
887 5519 1185 5582 Marcellus,
1229 5519 1295 5572 de
1331 5517 1544 5570 Christo
1581 5517 1797 5569 homine
1847 5517 2013 5569 inter-

459 5589 810 5656 pretatur.At
849 5604 1070 5656 prorsus
1111 5589 1292 5656 impie,
1339 5589 1406 5641 ab
1433 5589 1522 5640 illo
1562 5587 1700 5649 loco,
1751 5587 1816 5637 de
1861 5587 2012 5656 regni

458 5658 618 5710 etiam
685 5666 739 5710 et
811 5660 1057 5712 essentia:
1121 5661 1582 5711 consnnunalione
1660 5657 2013 5721 hlaspltetnat.

458 5727 532 5780 Οὑ
556 5725 700 5789 τέλος
721 5726 976 5790 ἐπιτιθεὶς
998 5729 1062 5796 τῇ
1087 5726 1326 5796 βασιλείᾳ
1348 5723 1466 5796 εἷρπε
1482 5728 1561 5789 τὸ,
1583 5727 1740 5796 ἄχρις
1755 5722 1813 5796 οὗ
1841 5727 1905 5778 ἂν
1925 5724 2012 5795 θῇ,

459 5797 551 5850 καὶ
583 5796 726 5866 ἑξῆς.
763 5796 899 5849 Ἀλλ’
942 5795 1440 5860 agamnam-.0th
1467 5797 1526 5849 τὸ
1571 5795 1875 5866 εἰρημένον,
1925 5799 2018 5848 καὶ

2128 4606 2346 4678 θαρρεῖν
2370 4604 2817 4679 παρασκευάζων,
2840 4607 3041 4660 ὡσανεὶ
3077 4607 3250 4674 ἔλεγε.
3288 4605 3545 4679 Semper,
3584 4609 3706 4664 etin

2128 4677 2387 4731 aeternum
2417 4677 2683 4744 regnabit.
2717 4677 2849 4730 Nam
2885 4689 2942 4730 ut
2975 4689 3121 4731 recte
3148 4680 3400 4731 observat
3436 4677 3705 4732 (Ecume-

2128 4748 2267 4804 nius.
2301 4747 2359 4799 τὸ
2379 4746 2552 4815 ἄχρις
2577 4748 2687 4815 καὶή
2715 4747 2774 4800 τὸ
2799 4747 2911 4810 ἕως
2943 4749 3003 4799 οὑ
3032 4751 3208 4800 κεῖται
3236 4745 3430 4815 χρόνου
3469 4749 3706 4801 συντελε·

2131 4817 2332 4879 στικὸν,
2362 4813 2474 4869 ἀλλ’
2499 4819 2604 4879 ἀεὶ,
2631 4813 2741 4870 οἷον
2767 4818 2848 4882 τό,
2885 4816 2996 4885 ἐγὼ
3029 4816 3146 4886 μεθ’
3189 4813 3340 4885 ὑμῶν
3367 4819 3508 4886 εἰμι,
3536 4819 3706 4879 πάσας

2127 4886 2228 4949 τὰς
2266 4887 2496 4958 ἡμέρας,
2557 4887 2806 4958 ἐωςητῆς
2860 4887 3190 4950 συντελείας.
3241 4887 3394 4958 Quod
3440 4889 3624 4955 ipsum
3648 4891 3706 4942 de

2131 4954 2595 5027 donec-oliservat
2656 4954 3020 5027 Hieronymus
3078 4966 3263 5012 contra
3300 4954 3614 5027 Helvidium
3657 4969 3704 5010 et

2133 5039 2314 5080 noster
2342 5026 2427 5080 hic
2456 5029 2506 5080 in
2535 5027 2658 5080 ﬁne.
2699 5028 2772 5081 De
2801 5026 2898 5097 loCi
2925 5039 3103 5080 autem
3131 5043 3292 5079 sensu
3321 5037 3374 5077 et
3401 5026 3704 5097 intelligen-

2125 5097 2218 5156 tia,
2257 5098 2326 5148 ita
2361 5097 2448 5150 ille
2497 5098 2660 5149 tradit
2713 5113 2742 5150 a
2791 5096 3101 5150 Graecorum
3148 5096 3606 5150 cnmmentariisi
3639 5096 3702 5148 Τὸ

2125 5165 2426 5237 βασιλεύειν
2465 5167 2698 5220 ἐνταῦθα
2739 5169 2837 5237 οὐχ
2867 5166 3074 5229 ἁπλῶς,
3113 5166 3223 5219 ἀλλ’
3272 5159 3384 5237 οἷον
3421 5166 3506 5218 δεῖ
3550 5168 3700 5237 αὑτόν

2119 5237 2188 5288 τὰ
2231 5235 2326 5288 τοῦ
2378 5237 2638 5306 βασιλέως
2693 5235 2886 5290 ποιεῖν.
2920 5237 3077 5288 Τοῦτ’
3120 5237 3233 5288 ἐστι
3266 5235 3544 5306 πολεμεῖν
3589 5236 3700 5306 τοὺς

2120 5304 2698 5376 ἐχθροὺςζσυμμαχεῖν
2718 5307 3022 5376 τοῖςῌίδίοις.
3050 5307 3188 5369 Τοὺς
3223 5304 3694 5376 μὲνγτροποῦσθαι,

2115 5372 2242 5461 τοῦς
2265 5377 2322 5463 δὲ
2349 5372 2773 5463 ῥύεσθαιέᾶχρις
2797 5372 2857 5430 οῦ
2881 5377 2944 5430 ἂν
2966 5377 3052 5463 θῇ,
3075 5372 3493 5463 ειυς-Μετὰργαρ
3516 5375 3691 5463 ταῦ-εξ,

2117 5444 2482 5517 οὑδενὸςντῶν
2552 5444 2853 5517 εἰρημένων
2910 5444 3086 5516 χρεία.
3156 5444 3549 5517 Ἀστασίαστος
3595 5444 3692 5517 γὰρ

2119 5466 2327 5509 ουοενος
2378 5466 2482 5498 των
2552 5466 2636 5517 ειρ
2721 5466 2853 5499 ενων
2910 5466 3086 5516 χρεια.
3170 5466 3549 5508 Αστασιαστος
3595 5466 3658 5512 γα

2119 5515 2347 5586 λοιπδνὴ
2367 5466 2919 5585 βασιλεία.γὺὶι.-Μοιι
2953 5519 3108 5582 vulgo
3129 5515 3278 5585 ἐχθρ.
3301 5516 3594 5586 ὑποπόδιον
3612 5515 3662 5586 αξ

2119 5584 2233 5648 τοῦ,
2253 5595 2304 5639 ct
2323 5580 2494 5654 βασιλ.
2514 5588 2574 5639 οὑ
2595 5588 2680 5652 τό;
2710 5587 2828 5639 Mss.
2855 5587 2923 5638 ῐσ.
2949 5580 3112 5650 οὓτω,
3132 5580 3286 5639 codd.
3320 5580 3380 5638 οῦ
3402 5587 3486 5644 τό,
3520 5589 3558 5637 ιι
3585 5581 3689 5637 τοῦ·

2121 5672 2191 5730 ’το⁵
2211 5667 2265 5730 et
2285 5658 2620 5730 ὑποταγῆναι
2657 5658 2768 5719 τοῖς
2801 5657 2957 5730 ποσὶν
2992 5655 3176 5730 αὑτοῦ,
3209 5663 3263 5730 et
3293 5655 3386 5708 ὑπ’
3425 5655 3690 5730 αὐτοῦ-βας

2727 5517 2919 5568 -Μοιι
2953 5519 3108 5582 vulgo
3129 5515 3278 5585 ἐχθρ.
3301 5516 3594 5585 ὑποπόδιον
3612 5515 3692 5585 αρο

2125 5672 2183 5706 το
2211 5667 2262 5708 et
2285 5658 2620 5726 ὑποταγῆναι
2657 5658 2768 5719 τοῖς
2801 5657 2957 5710 ποσὶν
2992 5655 3176 5716 αὑτοῦ,
3209 5663 3263 5707 et
3293 5655 3386 5708 ὑπ’
3425 5654 3689 5777 αὐτοῦέπ-

2125 5724 2302 5789 σιλεῦς
2349 5737 2404 5782 et
2455 5729 2670 5796 εῦιησεν
2715 5730 2742 5781 ὁ
2795 5725 3080 5795 ἄνθρωπος
3131 5724 3326 5796 ἀρχήν,
3364 5737 3420 5780 et
3465 5725 3543 5796 τῷ
3627 5721 3689 5790 εῴ

2127 5812 2352 5849 καταστ.
