3836 6216
157 322 277 380 813

1303 321 1582 379 CONTRA
1620 321 2046 380 MARCELLUM
2085 323 2216 377 LIB.
2257 322 2322 377 ll.

3316 330 3423 387 διι

157 460 184 495 ε
230 445 332 500 ὑπ’
348 445 556 509 αὐτοῦ,
582 442 679 498 ἐπὶ
711 443 864 499 Σιὼν
889 445 1026 514 ὄρος
1053 446 1118 500 τὸ
1141 446 1309 516 ἅγιον
1334 447 1742 516 αὐτοῦ.”Ετερα

1860 465 1879 498 ι
1920 447 2033 516 ejus
2052 457 2292 500 sanctum
2309 446 2374 501 ".
2393 445 2552 502 Aliud
2581 447 2687 503 ibi:
2717 445 2969 502 Dominus
2998 449 3252 519 regnavit,
3277 452 3426 506 indi-

159 565 183 597 s
221 545 304 611 δὲ,
350 549 412 600 '0
451 549 660 617 Κύριος
678 548 1056 614 ἐϐασίλευσε,
1105 549 1540 618 ὀρτιζέσθωσαν
1581 549 1741 604 λαοί.

159 654 186 691 s
230 639 345 693 Καὶ
371 635 545 703 αὖθις·
590 641 651 693 ὀ
671 643 884 708 Κύριος
911 641 1331 704 ἐϐασίλευσεν,
1363 639 1744 710 ἀγαλλιάσθω

157 757 186 794 1
226 743 269 810 ἡ
450 743 559 795 Καὶ
608 742 745 805 ὅλως
784 743 992 813 μυρίων
1043 743 1220 814 ῥητῶν
1260 742 1396 814 πρὸς
1441 741 1743 813 μαρτυρίαν

163 859 188 893 s
227 841 378 895 ἐστιν
405 843 784 914 εὐπορήσαντα
819 841 1010 906 δεῖξαι,
1055 843 1136 894 ὃτι
1164 843 1336 913 ἀρχὴν
1370 840 1645 912 βασιλείας
1670 840 1746 893 sl-

161 965 187 1000 e
225 946 398 1018 ληφεν
439 950 467 1002 6
511 947 794 1021 ἄνθρωπος
825 946 912 999 διὰ
954 945 1047 998 τοῦ
1087 945 1281 1013 Λόγου.
1315 945 1378 997 Ei
1407 941 1501 996 οὖν
1527 942 1745 1014 είληφεν

163 1067 185 1100 s
226 1049 402 1121 ἀρχὴν
452 1048 728 1119 βασιλείας
761 1048 868 1119 πρὸ
908 1047 1044 1100 ὲτῶν
1073 1047 1208 1100 ὅλων
1253 1045 1314 1099 οὐ
1359 1045 1619 1097 πλειόνων
1659 1060 1746 1096 τε-

161 1161 183 1191 (
234 1143 558 1212 τρακοσίων,
617 1142 766 1195 οὐδὲν
816 1141 1134 1212 παράδοξον,
1185 1142 1233 1193 εἰ
1297 1133 1387 1191 τὸν
1429 1139 1535 1209 πρὸ
1574 1137 1744 1202 οὕτως

163 1251 182 1283 ι
230 1235 411 1302 ὀλίγου
467 1235 657 1306 χρόνου
715 1235 814 1304 τῆς
873 1219 1147 1304 βασιλείας
1185 1232 1387 1302 ταύτης
1438 1231 1668 1300 τυχόντα
1713 1231 1741 1282 ὁ

163 1343 184 1374 s
238 1325 556 1389 Ἀπόστολός
573 1342 723 1396 φησι,
754 1324 1100 1395 παραδώσειν
1121 1326 1220 1396 τὴν
1239 1323 1538 1393 βασιλείαν,
1567 1322 1747 1392 δηλον-

161 1433 183 1465 ‹
226 1417 310 1469 ότι
354 1416 432 1486 τῷ
471 1417 588 1488 Θεῷ
613 1417 688 1487 τῷ
731 1417 1127 1487 καταστήσαντι
1156 1416 1335 1479 αὑτὸν,
1381 1413 1454 1478 ὡς
1489 1417 1520 1485 ὴ
1553 1415 1591 1465 Γ
1599 1414 1741 1485 ραφή

160 1525 182 1557 ι
229 1525 382 1578 φησι,
433 1508 677 1578 βασιλέα.
726 1528 744 1559 ι
794 1510 901 1561 Καὶ
951 1509 1066 1579 μεθ’
1114 1509 1277 1579 ἕτερα
1319 1508 1460 1561 οὕτω
1504 1509 1742 1580 γράφει·

160 1618 181 1649 ι
229 1599 438 1653 Οὐκοῦν
477 1601 722 1672 ἐνεργείᾳ
756 1601 910 1671 μόνῃ,
955 1599 1044 1652 διὰ
1079 1600 1177 1672 τὴν
1218 1600 1314 1670 τῆς
1351 1599 1553 1670 σαρκὸς
1606 1597 1740 1667 πρό-

160 1713 182 1747 s
233 1715 398 1765 φασιν
428 1698 553 1768 ἄχρι
582 1699 836 1752 τοσούτου
867 1698 1215 1769 κεχωρῆσθαι
1249 1698 1340 1751 τοῦ
1368 1698 1580 1770 Πατρὸς
1617 1698 1744 1766 φαί-

161 1807 182 1840 s
232 1807 403 1853 νεται,
456 1791 614 1861 ἄχρις
650 1783 710 1843 οὗ
760 1791 826 1844 ἂν
863 1795 890 1845 6
938 1791 1178 1863 προσιὼν
1215 1791 1314 1860 τῆς
1345 1791 1579 1863 κρίσεως
1612 1792 1743 1843 ἀνα·
1778 1809 1820 1864 Β

163 1896 186 1929 e
235 1881 376 1949 φανῇ
435 1881 664 1950 καιρὸς,
718 1879 805 1932 ἵνα
849 1879 958 1932 τῶν
1035 1879 1335 1950 τηνικαῦτα
1397 1880 1749 1950 ἐκκεντησάν-

163 1989 186 2021 e
232 1988 361 2035 των,
399 1971 538 2023 κατά
565 1971 662 2044 τὴν
691 1971 1051 2042 προφητείαν,
1079 1972 1400 2044 ἑωρακότων
1431 1963 1523 2024 τὸν
1555 1973 1747 2026 ἐκκεν-

162 2091 181 2122 s
232 2073 487 2142 τηϐέντα,
524 2073 666 2126 οὕτω
693 2075 786 2126 καὶ
816 2075 875 2126 τὸ
897 2073 1218 2144 λειπόμενον
1249 2067 1558 2136 ἀκολούθως
1587 2073 1748 2145 γένη-

161 2193 183 2225 s
231 2192 344 2228 ται.
371 2176 592 2228 Πάντων
623 2176 731 2247 γὰρ
764 2179 822 2229 ὲν
845 2176 924 2247 τῷ
949 2175 1122 2248 καιρῷ
1149 2175 1243 2228 τοῦ
1291 2175 1476 2238 τέλους
1513 2176 1749 2230 ὑποτάσ-

159 2286 182 2318 ‹
232 2267 420 2320 σεσθαι
467 2267 770 2338 μελλόντων
808 2268 886 2338 τῷ
921 2267 1164 2339 Χριστῷ,
1218 2267 1292 2330 ὡς
1341 2267 1369 2318 6
1429 2266 1747 2332 Ἀπόστολος

162 2381 181 2412 ι
233 2361 339 2432 ἔφη
359 2403 372 2425 ,
399 2362 719 2429 τηνικαῦτα
742 2362 924 2427 αὐτὸς
951 2360 1393 2430 ὑποταγήσεται
1418 2358 1497 2424 τῷ
1525 2358 1745 2413 ὑποτά-

163 2471 183 2503 s
232 2453 406 2517 ξαντι
447 2452 606 2518 αὐτῷ
638 2455 710 2507 τὰ
750 2453 965 2506 πάντα.
1012 2453 1139 2505 Ὅτε
1179 2451 1359 2505 τοίνυν
1403 2451 1746 2520 μανθάνομεν

161 2564 183 2596 s
235 2547 365 2616 περὶ
395 2545 495 2614 τῆς
517 2545 862 2616 ἀνθρωπίνης
893 2545 1113 2616 σαρκὸς,
1149 2544 1215 2614 ἢν
1256 2543 1322 2596 δι’
1347 2545 1495 2614 ἡμᾶς
1527 2543 1744 2613 ἀνείλη-

161 2658 179 2688 ι
231 2655 331 2706 φεν
360 2639 388 2689 6
411 2639 599 2704 Λόγος,
640 2636 744 2707 πρὸ
762 2636 1127 2707 τετρακοσίων
1154 2636 1252 2705 οὺχ
1278 2635 1414 2688 ὅλων
1447 2634 1604 2699 ἐτῶν,
1623 2635 1742 2688 τότε

160 2756 183 2791 s
231 2738 437 2808 ταύτην
458 2739 553 2791 καὶ
576 2739 635 2790 ὲν
667 2740 778 2800 τοῖς
812 2735 1095 2807 μέλλουσιν
1125 2735 1319 2788 αἰῶσιν
1357 2737 1386 2790 6
1407 2735 1579 2803 Λόγος
1611 2735 1740 2799 ἕξει,

160 2858 183 2890 s
228 2841 263 2912 ἢ
296 2841 422 2911 ἄχρι
453 2837 724 2909 μόνουτοῦ
744 2838 842 2907 τῆς
871 2836 1102 2908 κρίσεως
1129 2835 1340 2909 καιροῦ.
1378 2835 1609 2905 Ἀνάγκη
1634 2835 1742 2907 γὰρ

163 2950 186 2983 s
228 2932 291 2984 τὸ
341 2931 449 2984 ὑπὸ
497 2930 591 2984 τοῦ
611 2931 924 3000 ,προφήτου
953 2928 1142 2999 λεχθὲν
1171 2928 1318 3000 ἔργῳ
1354 2927 1739 2997 βεϐαιωθῆναι.

162 3043 185 3077 s
235 3026 529 3092 Ὄψονται
579 3023 712 3091 γὰρ,
773 3021 972 3092 φησιν,
1034 3023 1121 3086 εἰς
1171 3019 1243 3073 ὃν
1293 3018 1736 3088 ἐξεκέντησαν

1852 556 1871 590 ι
1915 549 2138 609 gnentur
2179 538 2356 607 populi
2403 540 2471 592 ²⁹.
2532 557 2549 591 ι
2589 540 2752 595 Aliud
2792 557 2804 592 :
2845 539 3106 596 Dominus
3165 545 3421 614 regnauit,

1851 647 1870 680 ι
1917 628 2139 683 exsultet
2180 639 2342 684 terra.
2390 629 2624 685 Omnino
2665 633 2937 686 sexcentis
2977 633 3106 688 licet
3137 649 3205 690 ex
3250 639 3424 690 abun-

1853 742 1872 775 ι
1919 724 2069 778 danti
2135 724 2460 779 testimoniis
2516 725 2618 780 hoc
2677 725 2815 780 idem
2875 728 3266 795 comprobare,
3330 730 3421 784 vix

1852 834 1872 868 ι
1921 817 2068 886 regni
2115 817 2198 871 sui
2251 803 2465 870 initium
2510 818 2784 871 hominem
2833 832 2929 886 per
2970 819 3209 874 Veritum
3259 837 3421 877 acce-

1852 927 1872 961 ι
1920 910 2086 980 pisse.
2121 909 2276 976 Quod
2305 910 2349 964 si
2385 911 2534 979 regni
2566 911 2778 964 initium
2819 914 3026 981 accepit
3084 915 3244 970 homo
3291 925 3420 971 ante

1853 1021 1872 1055 ι
1919 1019 2092 1058 annos
2119 1003 2356 1059 nondum
2383 1017 2510 1058 cccc
2527 1004 2842 1074 completos,
2868 1005 2997 1059 nihil
3025 1014 3108 1060 est
3133 1007 3352 1062 absurdi
3373 1009 3420 1063 si

1852 1115 1872 1148 ι
1911 1097 2198 1166 Apostolus
2249 1096 2494 1168 allirmet,
2547 1097 2695 1151 illum
2755 1099 2842 1166 qui
2901 1099 3112 1166 accepit
3164 1114 3417 1169 regnum.

1852 1207 1872 1238 ‹
1916 1189 2076 1244 annis
2123 1188 2320 1243 abhinc
2381 1198 2488 1242 tam
2540 1189 2879 1259 paucissimis
2917 1190 3152 1258 elapsis,
3203 1204 3418 1244 sursum

1854 1298 1874 1331 ‹
1918 1281 2250 1334 redditurum
2284 1295 2404 1335 esse
2441 1296 2666 1351 regnum
2704 1283 2836 1345 Deo,
2861 1283 2952 1351 qui
2988 1283 3159 1349 illum,
3192 1295 3250 1338 ut
3276 1283 3426 1339 Scri-

1853 1388 1872 1422 ι
1919 1380 2071 1440 ptura
2123 1371 2238 1436 ait,
2282 1372 2564 1425 constituit
2613 1387 2812 1442 regem.
2868 1391 2887 1424 ι
2947 1372 3078 1428 Post
3125 1388 3293 1442 pauca
3343 1373 3420 1429 ita

1848 1465 2038 1517 scribit
2087 1462 2186 1535 [Β.
2220 1463 2357 1535 CIII]
2390 1479 2404 1516 :
2437 1471 2493 1528 >14
2541 1482 2560 1514 ι
2589 1465 2756 1533 Igitur
2795 1463 2911 1520 sola
2959 1467 3270 1534 operatione
3294 1505 3310 1532 ,
3364 1475 3418 1520 et

1857 1572 1875 1605 ι
1921 1556 2138 1622 quidem
2175 1556 2274 1609 sub
2305 1564 2568 1625 praetextu
2592 1556 2794 1619 carnis,
2832 1557 3109 1627 hucusque
3136 1567 3419 1628 separatus

1857 1664 1876 1697 ‹
1925 1663 1952 1697 a
2004 1647 2160 1702 Patre
2223 1647 2458 1710 videtur,
2517 1662 2688 1715 usque
2738 1648 2865 1702 dum
2903 1649 3182 1704 advenerit
3226 1649 3418 1718 judicii

1853 1752 1872 1785 ι
1922 1746 2153 1804 tempus,
2185 1746 2242 1790 ut
2269 1737 2498 1805 quieum
2531 1737 2985 1792 transﬁxerantin
3009 1753 3132 1793 eum
3167 1740 3417 1794 intuean-

1854 1845 1872 1878 ι
1923 1836 2008 1879 tur
2036 1841 2194 1894 quem
2231 1825 2634 1893 transﬁxeraut,
2689 1836 2743 1881 et
2791 1829 2864 1881 ita
2911 1829 3124 1883 demum
3173 1831 3224 1884 id
3274 1833 3418 1901 quod

1856 1935 1876 1969 ι
1921 1920 2168 1988 sequitur
2205 1918 2656 1988 complementum
2697 1935 2852 1974 suum
2899 1923 3176 1976 sortiatur.
3225 1922 3418 1979 Omnia

1854 2029 1875 2064 ι
1920 2013 2087 2077 enim,
2141 2027 2264 2066 cum
2319 2023 2441 2083 post
2484 2012 2747 2080 judicium
2806 2013 3141 2082 subjicienda
3197 2016 3416 2072 Christo

1854 2123 1873 2156 ι
1915 2106 2046 2164 sint,
2081 2106 2536 2174 quemadmodum
2589 2108 2853 2162 asseritur
2889 2109 2956 2162 ah
2992 2108 3270 2177 Apostolo,
3306 2118 3419 2163 tum

1855 2215 1874 2248 (
1916 2207 1964 2250 et
1994 2198 2102 2265 ipse
2145 2197 2457 2265 subjicietur
2482 2198 2582 2267 illi,
2613 2201 2703 2270 qui
2739 2200 2841 2269 ipsi
2868 2200 3044 2254 omnia
3074 2201 3343 2270 supposuit
3369 2201 3416 2233 ³⁸

1851 2285 1945 2357 [εί.
1981 2302 2034 2356 p.
2073 2287 2178 2342 190
2203 2287 2302 2360 A}.
2351 2289 2615 2356 Quocirca
2655 2305 2773 2345 cum
2809 2291 3159 2346 didicerimus
3216 2294 3428 2349 huma-

1852 2397 1870 2429 ι
1921 2395 2040 2432 nam
2066 2394 2311 2444 carnem,
2337 2396 2498 2450 quam
2519 2398 2616 2450 pro
2645 2382 2802 2438 nobis
2829 2386 3124 2454 assumpsit
3151 2384 3413 2454 Verbum,

1851 2489 1871 2523 ι
1921 2483 2044 2525 ante.
2091 2488 2262 2528 annos
2296 2489 2421 2529 cccc
2455 2483 2595 2530 totos
2623 2491 2726 2530 non
2763 2488 3128 2547 assumptam,
3168 2482 3415 2537 eamdem

1852 2579 1870 2611 ι
1921 2562 2094 2631 ipsum
2127 2571 2462 2618 retenturum
2497 2567 2896 2633 cognoscimus,
2935 2584 3041 2622 non
3072 2569 3208 2624 ultra
3226 2571 3416 2640 judicii

1851 2668 1870 2701 ι
1922 2660 2129 2721 tempus
2150 2653 2212 2716 in
2248 2654 2429 2708 futuro
2456 2656 2674 2710 szeculo.
2707 2654 2938 2712 Necesse
2981 2669 3063 2713 est
3106 2663 3250 2715 enim
3285 2678 3417 2717 con-

1852 2737 2173 2796 t'snmmari
2217 2759 2416 2812 opere,
2462 2747 2603 2814 quod
2652 2748 2817 2801 verbo
2862 2751 3177 2814 praedictum
3223 2752 3326 2807 fuit
3384 2771 3417 2808 a

1851 2851 1870 2884 ι
1913 2833 2195 2901 propheta.
2242 2834 2503 2890 Videbunt
2542 2839 2700 2901 enim,
2735 2839 2928 2908 inquit,
2977 2839 3031 2892 in
3071 2841 3221 2894 illum
3262 2859 3416 2912 quem

1849 2939 1869 2972 ι
1915 2924 2307 2991 transfoderunt
2322 2926 2386 2978 ³¹.
2423 2926 2651 2982 Carnem
2683 2944 2809 2984 vero
2833 2931 2976 2999 quod
3003 2932 3170 3000 liquet
3199 2936 3417 2990 transﬁo

1849 3029 1870 3063 ι
1917 3025 2130 3070 xerunt.
2161 3035 2178 3067 ι
2222 3017 2288 3070 Ει
2338 3018 2530 3072 iterum
2586 3017 2686 3091 [R.
2733 3019 2868 3092 CIV]
2911 3041 2979 3078 ι(
3032 3021 3147 3078 Νοιι
3192 3026 3311 3082 ideo
3358 3037 3420 3083 ut

163 3136 184 3169 ι
230 3117 590 3185 ἐξεκέντησαν
605 3115 680 3179 δὲ,
708 3113 865 3183 δῆλον
893 3115 996 3178 ὅτι,
1016 3112 1116 3182 τὴν
1152 3113 1386 3184 σάρκα.»
1422 3113 1533 3166 Καὶ
1568 3131 1738 3185 προσ-

1852 3127 1866 3160 ι
1910 3125 2061 3164 suam
2109 3111 2398 3166 utilitatem
2454 3119 2800 3183 procuraret,
2850 3131 3066 3171 carnem
3124 3122 3416 3188 assumpsit

154 3209 342 3279 τίθησι
375 3208 491 3278 μεθ’
521 3209 684 3277 ’ἐτερα
710 3206 881 3274 λέγων
901 3222 914 3235 ο
947 3223 966 3256 s
1002 3207 1124 3258 Ὅτι
1155 3205 1264 3276 γὰρ
1293 3207 1390 3276 οὐχ
1418 3206 1483 3258 ἵν’
1509 3209 1538 3259 6
1571 3207 1740 3274 Λόγος

164 3319 186 3352 s
231 3298 510 3370 ὠφεληθῇ,
542 3301 641 3369 τὴν
670 3298 950 3370 ἡμετέραν
979 3297 1237 3368 ἀνείληφε
1272 3297 1471 3368 σάρκα,
1502 3297 1614 3350 ἀλλ’
1655 3299 1740 3351 ἵνα

165 3414 184 3445 ι
230 3396 265 3464 ἡ
291 3392 434 3463 σὰρξ
454 3391 542 3445 διὰ
564 3391 660 3462 τὴν
681 3391 817 3461 πρὸς
844 3390 934 3442 τὸν
951 3389 1119 3458 Λόγον
1143 3391 1424 3442 κοινωνίαν
1446 3389 1742 3453 ἀθανασίας

165 3507 184 3540 ι
231 3487 393 3558 τύχῃ,
425 3485 584 3556 δῆλόν
609 3485 725 3536 ἐστι
751 3482 847 3535 καὶ
893 3481 984 3534 ὑπ’
1032 3481 1203 3550 αὐτῆς
1240 3481 1340 3550 τῆς
1368 3481 1462 3533 τοῦ
1490 3481 1743 3552 Σωτῆρος

163 3599 184 3632 s
229 3578 577 3646 ἀποφάσεως.
606 3575 742 3646 Περὶ
769 3573 877 3646 γὰρ
915 3574 1013 3644 τῆς
1047 3574 1269 3644 σαρκὸς,
1296 3575 1363 3644 ἢν
1388 3575 1525 3644 ἔχων
1547 3575 1741 3646 ὡμίλει

163 3689 184 3721 ι
229 3671 343 3731 τοῖς
375 3666 664 3738 μαθηταῖς,
694 3666 836 3718 οὕτω
862 3665 1043 3733 λέγει·
1082 3666 1262 3719 Τοῦτο
1295 3663 1452 3734 ὑμᾶς
1477 3667 1742 3720 σκανδα-

165 3781 184 3813 ι
229 3759 416 3822 λίζει;
465 3759 574 3812 ἐὰν
602 3753 718 3813 οὗν
767 3757 934 3826 ἴδητε
983 3756 1090 3809 τὸν
1118 3758 1253 3809 Υὶὸν
1291 3757 1399 3811 τοῦ
1425 3757 1740 3826 ἀνθρώπου

167 3873 186 3904 ι
231 3853 489 3907 ἀπιόντα
536 3851 688 3906 ὅπου
750 3846 830 3920 ἦν
877 3849 944 3902 τὸ
995 3849 1283 3917 πρότερον
1305 3865 1326 3913 ;
1384 3851 1452 3903 τὸ
1507 3851 1744 3920 πνεῦμα

166 3964 186 3996 ι
236 3941 520 4008 ζωοποιεῖ,
549 3943 588 4010 ἢ
615 3942 772 4010 σὰρξ
805 3940 986 3995 οὐδὲν
1011 3940 1246 4009 ὠφελεῖ.
1275 3941 1340 3994 Ei
1367 3936 1460 3994 οὖν
1490 3940 1744 4012 ὁμολογεῖ

165 4055 186 4088 s
232 4037 332 4108 τὴν
365 4036 542 4107 σάρκα
569 4034 731 4105 μηδὲν
753 4033 982 4102 ὠφελεῖν
1008 4032 1190 4095 αὐτὸν,
1233 4033 1350 4097 πῶς
1378 4035 1610 4106 ἐγχωρεῖ
1643 4033 1742 4106 τὴν

165 4147 186 4182 ι
236 4131 302 4182 ἐκ
333 4128 438 4198 γῆς
465 4139 524 4180 τε
547 4123 711 4180 οὖσαν
743 4125 838 4179 καὶ
861 4124 1026 4196 μηδὲν
1058 4123 1370 4192 ὠφελοῦσαν
1387 4165 1401 4189 ,
1427 4125 1522 4178 καὶ
1545 4127 1602 4179 ὲν
1631 4129 1744 4188 τοῖς

164 4241 184 4274 ι
236 4221 518 4290 μέλλουσιν
549 4219 739 4272 αἰῶσιν
765 4218 839 4281 ὡς
871 4216 1018 4288 αὐτῷ
1049 4217 1428 4271 λυσιτελοῦσαν
1459 4217 1568 4289 (8|)
1620 4235 1745 4271 συν-

165 4332 184 4364 r
232 4317 374 4366 εἶναι
403 4312 480 4383 τῷ
504 4311 662 4382 Λόγῳ
685 4328 698 4376 ;
719 4310 818 4362 Διά
842 4309 1002 4362 τοῦτο
1022 4307 1131 4379 γάρ
1156 4325 1244 4378 μοι
1267 4309 1412 4363 δοκεῖ
1435 4308 1528 4363 καὶ
1555 4310 1584 4361 ὁ
1609 4327 1746 4364 παν-

165 4425 185 4457 s
234 4405 521 4474 τοκράτωρ
551 4401 828 4473 Δεσπότης
858 4401 994 4474 πρὸς
1027 4403 1186 4456 αὐτὸν
1215 4402 1412 4471 λέγειν·
1444 4401 1642 4456 Κάθου
1675 4402 1744 4455 ἐκ

1851 3217 1870 3250 ι
1918 3210 2191 3265 nostram.
2223 3203 2316 3257 sed
2343 3213 2400 3256 ut
2434 3218 2531 3272 per
2560 3202 2720 3258 Verbi
2754 3207 3210 3273 communionem,
3263 3210 3417 3264 carni

1851 3311 1870 3343 ι
1919 3293 2205 3362 largiretur
2232 3295 2715 3352 immortalitatem.
2760 3297 2872 3352 Hoc
2907 3299 2988 3353 vel
3017 3300 3084 3352 ab
3130 3301 3243 3369 ipso
3289 3301 3415 3356 Ser-

1850 3399 1869 3431 (
1916 3393 2106 3437 vatore
2156 3394 2321 3452 patet.
2377 3385 2452 3440 De
2503 3401 2666 3440 carne
2703 3389 2845 3441 enim
2893 3389 2944 3442 in
2995 3406 3098 3459 qua
3145 3407 3266 3446 cum
3302 3393 3416 3448 suis

1850 3492 1869 3524 ι
1919 3474 2194 3544 discipulis
2224 3479 2560 3542 versabatur,
2597 3479 2676 3532 ait
2707 3496 2719 3532 :
2756 3479 2985 3535 lloecine
3031 3500 3120 3536 vos
3152 3487 3420 3541 scandali-

1851 3585 1870 3616 ι
1916 3577 1997 3618 zat
2019 3567 2044 3618 ?
2071 3567 2210 3630 Quid
2232 3571 2278 3620 si
2300 3571 2517 3622 videntis
2534 3569 2731 3623 Filium
2768 3573 2989 3626 hominis
3017 3591 3076 3627 eo
3104 3581 3375 3632 abeuntem
3394 3623 3410 3648 ,

1851 3679 1870 3712 ι
1920 3664 2005 3714 ubi
2035 3665 2180 3730 prius
2216 3663 2418 3729 fuerat?
2443 3667 2656 3732 spiritus
2674 3669 2918 3736 viviﬁcat,
2944 3686 3067 3723 caro
3084 3681 3257 3724 autem
3286 3672 3415 3724 nihil

1852 3771 1870 3804 ι
1914 3757 2120 3821 prodest
2152 3753 2310 3825 "[cl'.
2337 3772 2388 3826 p.
2418 3756 2488 3810 45
2514 3757 2555 3809 D
2588 3756 2732 3830 lin.].
2767 3761 2917 3825 Quod
2950 3763 2991 3815 si
3022 3763 3252 3817 fateatur
3279 3762 3416 3818 nihil

1850 3865 1870 3898 ι
1921 3846 2054 3915 ipsis
2115 3861 2332 3901 carnem
2377 3851 2668 3918 prodesse,
2724 3854 2992 3920 quomodo
3042 3857 3412 3922 concesserit,

1851 3955 1871 3988 ι
1912 3938 2059 3992 illam
2107 3954 2226 4008 qua:
2251 3940 2317 3993 de
2351 3950 2494 3993 terra
2526 3942 2826 4005 oriebatur,
2874 3959 2994 4011 qua:
3025 3945 3156 3998 nihil
3197 3947 3415 4016 profue-

1850 4047 1869 4080 ι
1916 4040 2018 4097 rat,
2061 4047 2180 4101 quae
2217 4032 2348 4086 nihil
2379 4034 2656 4102 proderit,
2707 4035 2760 4088 in
2804 4035 2997 4090 futuris
3036 4039 3248 4094 sarculis
3291 4055 3413 4094 cum

1849 4141 1869 4172 ‹
1917 4121 2095 4177 Verbo
2130 4121 2416 4190 copulari?
2462 4123 2542 4178 01)
2572 4125 2710 4178 hanc
2735 4135 2880 4179 certe
2915 4141 3132 4180 causam
3163 4129 3414 4198 omnipo-

1850 4229 1868 4261 ‹
1911 4219 2029 4266 tens
2084 4213 2341 4268 Dominus
2385 4213 2600 4268 videtur
2659 4215 2788 4269 mihi
2843 4217 2924 4272 sic
2981 4216 3172 4273 affatus
3223 4221 3415 4276 illum:

1850 4321 1869 4355 ι
1909 4302 2043 4358 Sede
2101 4322 2134 4358 a
2187 4307 2388 4360 dextris
2424 4308 2572 4373 meis,
2601 4323 2862 4378 quousque
2909 4325 3130 4378 posuero
3169 4313 3416 4367 inimicos

1852 4412 1870 4445 ‹
1911 4404 2028 4449 tuos
2054 4396 2337 4450 scabellum
2366 4399 2555 4464 pedum
2587 4408 2796 4453 tuorum
2837 4401 2900 4455 ³³.
2935 4401 3162 4469 Propter
3193 4417 3415 4457 carnem

168 4517 187 4549 ι
235 4497 454 4562 δεξιῶν
475 4514 619 4566 μου,
652 4495 763 4560 ἕως
793 4493 870 4548 ἂν
899 4493 980 4550 θῶ
1008 4495 1148 4561 τοὺς
1175 4495 1429 4564 ἐχθρούς
1448 4509 1564 4548 σου
1596 4495 1742 4548 ὑπο-ι

1855 4505 1874 4538 ι
1921 4487 2213 4542 humanam
2263 4489 2476 4544 videtur
2541 4492 2672 4544 mihi
2735 4491 2846 4546 sola
2894 4493 3208 4561 operatione
3261 4492 3415 4549 illum

167 4610 186 4643 ι
233 4589 449 4643 πόδιον
469 4587 588 4641 τῶν
611 4585 811 4639 ποδῶν
837 4601 973 4649 σου,
998 4586 1244 4657 ἐνεργείᾳ
1268 4586 1402 4656 μόνῃ
1423 4583 1511 4637 διὰ
1537 4585 1635 4655 τὴν
1662 4585 1757 4638 ἀν-

1862 4597 1881 4631 (
1922 4594 2196 4648 separare,
2223 4589 2278 4635 et
2305 4583 2592 4636 terminum
2622 4583 2693 4635 illi
2715 4583 2915 4651 lingere
2933 4585 3284 4638 constitutum
3302 4600 3417 4639 ses-

165 4703 184 4735 e
235 4675 518 4754 θρωπίνην
549 4673 749 4750 σάρκα,
779 4670 1032 4748 χωρίζειν
1051 4673 1211 4730 αὑτὸν
1231 4669 1424 4738 δοκῶν,
1449 4674 1544 4728 καὶ
1567 4669 1742 4746 ῶσπερ

1859 4687 1878 4721 ι
1920 4671 2090 4726 sionis
2144 4687 2172 4724 a
2224 4674 2430 4726 dextris
2481 4672 2598 4736 Dci,
2657 4682 2817 4741 atque
2867 4673 3014 4727 illum
3068 4675 3142 4729 ita
3194 4674 3413 4736 affatus,

167 4794 184 4825 ι
238 4774 401 4845 ῥητόν
433 4788 554 4825 τινα
595 4771 786 4841 χρόνον
823 4769 1016 4840 ὁρίζων
1045 4767 1192 4838 αὐτῷ
1221 4767 1318 4834 τῆς
1351 4769 1408 4820 ἐν
1445 4766 1595 4837 δεξιᾷ
1616 4765 1752 4818 καθ-

1855 4780 1875 4808 ι
1921 4779 2082 4831 usque
2109 4764 2234 4816 dum
2249 4779 2468 4830 posuero
2492 4763 2732 4817 inimicos
2749 4771 2865 4816 tuos
2891 4763 3172 4820 scabellum
3200 4767 3416 4834 pedibus

167 4885 185 4917 ι
236 4864 420 4936 ἐδρας,
474 4861 616 4914 οὕτω
655 4861 786 4930 φησι
826 4859 960 4929 πρὸς
995 4858 1156 4911 αὑτὸν
1180 4872 1194 4887 ⁸
1229 4857 1375 4922 Ἕως
1404 4855 1480 4908 ἂν
1503 4853 1584 4907 θῶ
1609 4854 1742 4920 τοὺς

1854 4871 1873 4904 ι
1921 4855 2041 4906 tuis.
2081 4853 2458 4923 PrOpheticum
2497 4855 2599 4908 hoc
2658 4855 2874 4910 llavidis
2904 4857 3123 4912 effatum
3173 4859 3415 4928 explica-

165 4978 184 5009 ι
233 4955 488 5026 ἐχθρούς
504 4969 619 5007 σου
647 4950 975 5006 ὑποπόδιον
1002 4947 1120 5002 τῶν
1135 4945 1664 5001 ποδῶνσου.Τοῦτο
1687 4945 1744 4998 δὲ

165 5069 184 5099 ι
229 5048 294 5100 τὸ
331 5043 667 5115 προφητικὸν
695 5041 788 5094 τοῦ
822 5041 986 5094 Δαυῖδ
1029 5038 1140 5110 (82)
1187 5038 1348 5111 ῥητὸν
1401 5035 1738 5107 σαφέστερον

167 5161 186 5193 ς
235 5141 368 5210 ἡμῖν
390 5135 705 5208 ἑρμηνεύων
724 5136 752 5186 ὁ
781 5129 1432 5203 ἱερὸςἈπόστολος,οὖτω
1465 5146 1582 5192 σάος
1610 5129 1734 5200 ἔφη⁹

241 5306 299 5362 ›Ῑ‹
332 5298 429 5351 Ed.
461 5297 628 5350 Paris.
660 5310 780 5364 pag.
806 5294 894 5348 5i.

158 5360 463 5433 vuln-64.
541 5360 959 5430 "PsalImXJ.
1036 5360 1490 5428 "lCor.xv,25.

233 5507 349 5576 (SI)
393 5507 893 5562 ‘Avmtsxoiio'ar.
949 5505 1109 5559 Deest
1170 5513 1296 5558 ante
1331 5504 1472 5576 hanc
1523 5519 1736 5576 vocem,

164 5574 371 5652 μηδέν’,
428 5580 559 5632 nihil
616 5589 725 5652 tum
784 5576 1116 5652 profuturam
1158 5590 1375 5652 carnem
1407 5574 1496 5652 .in
1558 5575 1737 5652 [inituro

161 5643 387 5705 saeculo.
444 5643 896 5717 quemadmodum
958 5661 1057 5717 n_ec
1105 5647 1156 5699 in
1214 5646 1337 5698 isto.
1407 5643 1511 5699 Pro
1551 5643 1732 5717 ῶσαύ-

161 5736 272 5783 τως
314 5715 646 5789 οΙίιιίαὺτῷ
704 5718 916 5785 legitur.
978 5715 1106 5789 Est‘,
1147 5723 1363 5789 autem,
1425 5729 1490 5769 ac
1553 5716 1610 5789 si
1663 5718 1733 5769 ita

164 5783 640 5857 argumentaretur
691 5806 703 5841 :
760 5783 902 5843 Deus
966 5785 1099 5842 nihil
1153 5783 1352 5854 φαῦλον
1404 5794 1496 5864 aut
1558 5785 1731 5856 φλυα-

1853 4962 1872 4994 ι
1917 4945 2021 4998 tius
2049 4945 2283 4998 elucidat
2318 4956 2540 5000 sanctus
2568 4948 2857 5015 Apostolus
2887 4949 2953 5004 ad
2982 4952 3124 5004 hunc
3153 4955 3367 5005 modum
3395 4965 3413 5004 :

1853 5053 1872 5086 ι
1914 5035 2126 5104 Oportet
2160 5035 2306 5088 illum
2345 5053 2562 5104 regnare
2603 5049 2870 5106 quousque
2910 5041 3135 5108 pasuerit
3176 5041 3416 5094 inimicos

1850 5147 1868 5179 ι
1916 5129 2080 5196 ipsius
2109 5128 2496 5197 suppedaneum
2523 5130 2740 5197 pedibus
2771 5132 2886 5200 ejus
2924 5132 2989 5185 ³⁵.
3019 5152 3038 5184 ι
3079 5133 3417 5202 Dispensatio

1004 5293 1049 5326 ³⁸
1076 5292 1219 5347 Psal.
1248 5309 1311 5356 ιι,
1339 5291 1390 5346 6.
1445 5294 1492 5325 "
1523 5290 1664 5347 Psal.
1709 5305 1868 5356 xcvr,
1916 5291 1968 5344 I.
2049 5289 2270 5348 "lCor.
2297 5305 2384 5355 xv,
2410 5288 2500 5343 28.
2578 5291 2620 5321 ³¹
2646 5291 2878 5346 Zachar.
2902 5307 2997 5357 xu,
3018 5292 3104 5347 l0.
3181 5294 3226 5326 ³³
3253 5292 3412 5351 Joan.

1845 5505 1970 5577 ρόνᾼ
1999 5503 2145 5569 fecit;
2171 5514 2225 5558 at
2261 5505 2375 5572 ipse
2399 5505 2648 5560 Christus
2679 5511 2991 5577 pronuntiat
3018 5525 3237 5564 carnem
3279 5511 3412 5566 nihil

1843 5575 2114 5643 prodesse;
2173 5577 2300 5645 quid
2355 5592 2482 5644 ergo
2537 5577 2634 5645 ipsi
2682 5575 2825 5644 'opus
2874 5580 2958 5633 illa
3013 5597 3198 5646 carne,
3244 5583 3294 5636 in
3328 5588 3414 5635 ln-

1842 5646 2182 5723 turo‘szecitlo
2205 5646 2758 5723 non_profutttra?M.
2787 5679 2859 5723 _—-
2896 5651 3097 5723 Scripsi
3132 5651 3207 5723 ᾡς
3238 5652 3405 5723 αὐτῷ.

1909 5715 2020 5787 (82)
2071 5716 2249 5787 Τοῦτο
2265 5716 2335 5769 δὲ
2362 5716 2428 5770 τὸ
2479 5718 2849 5787 προφητικὸν
2867 5721 2972 5776 τοῦ
2997 5715 3197 5776 Δαυῖδ.
3241 5715 3407 5777 Becie

1838 5786 2109 5856 componit
2173 5788 2260 5843 hic
2322 5786 2663 5858 Apostolum,
2713 5799 2765 5845 et
2812 5802 2986 5848 vatem
3027 5794 3255 5863 regium,
3303 5795 3398 5847 sed
