3836 6216
185 331 277 384 817

1275 333 1553 390 CONTRA
1593 333 2016 392 ΜΑιιαΕιιυιί
2055 335 2182 390 LIB.
2225 337 2289 392 ll.

3282 341 3384 397 81'8

191 466 209 498 ι
252 465 348 512 σιος
371 449 556 521 εἴρηκε
581 449 808 516 Παῦλος,
845 451 986 507 οὕτω
1009 471 1123 518 πως
1152 455 1336 508 εἰπιὲιν·
1373 453 1518 511 Εἶτα
1547 457 1612 510 τὸ
1638 456 1727 510 τέ·-

1849 475 1854 508 :
1907 471 2147 512 carnem.
2181 457 2334 524 Quod
2361 458 2405 513 si
2436 466 2618 513 nostra
2664 466 2871 512 tantum
2901 473 3061 514 causa
3105 462 3395 530 assumpsit

191 559 208 592 ι
247 543 365 606 λος,
397 540 543 594 ὅταν
563 543 866 612 παραδιδῷ
889 544 1003 613 τὴν
1018 545 1346 610 βασιλείαν
1372 543 1451 613 τῷ
1485 546 1605 613 Θεῷ
1628 547 1725 601 καὶ

193 653 208 683 ι
246 634 434 704 Πατρί.
473 653 491 686 ι
519 634 744 698 Τούτοις
775 635 894 706 μεθ’
920 636 1083 708 ἕτερα
1111 638 1364 706 ἐπιλέγει·
1399 656 1417 688 ι
1442 639 1649 692 Οὐκοῦν
1667 640 1727 691 οὺ

192 741 207 772 ι
247 722 306 776 δι’
335 725 543 788 ἑαυτὸν,
583 724 718 778 ἀλλά
745 724 810 776 δι’
846 727 1016 795 ἡμᾶς,
1050 725 1148 798 τὴν
1205 727 1551 798 ἀνθρωπίνην
1589 727 1731 781 ἀνεί-

191 833 207 865 ι
251 815 374 885 ληφε
417 815 614 887 σάρκα.
644 817 706 870 Εἰ
740 817 795 870 δὲ
835 818 902 870 δι’
926 820 1072 889 ἡμᾶς
1105 819 1411 889 ἀνειληφὼς
1461 809 1727 888 φαίνεται,

192 923 208 956 ι
252 905 414 960 πάντα
434 907 491 960 δὲ
516 908 586 962 τὰ
607 908 728 963 καθ’
755 911 924 980 ἡμᾶς,
940 913 1004 982 τῇ
1031 910 1194 965 αὐτοῦ
1218 911 1441 983 προνοίᾳ
1459 911 1551 966 καὶ
1581 912 1732 982 ἐνερ-

189 1017 209 1051 ι
251 1000 384 1071 γείᾳ,
414 1001 471 1053 ὲν
498 1000 576 1071 τῷ
606 1002 783 1074 καιρῷ
827 1002 928 1072 τῆς
971 1003 1204 1074 κρίσεως
1234 1003 1417 1066 τέλους
1464 1002 1728 1069 τεύξεται,

192 1105 210 1140 ι
251 1089 422 1143 οὐκέτι
465 1090 585 1144 οὐδὲ
621 1091 828 1163 ταύτης
863 1093 962 1162 τῆς
989 1095 1048 1146 ὲν
1084 1093 1238 1165 μέρει
1277 1092 1553 1164 βασιλείας
1579 1094 1732 1148 ἔσται

191 1200 209 1232 ι
250 1183 416 1253 χρεία.
456 1202 475 1233 ι
515 1183 695 1236 Ταῦτα
727 1184 1042 1256 Μάρκελλος
1066 1184 1254 1249 εἰπὼν,
1284 1180 1402 1239 εἶτα
1451 1185 1731 1240 συναισθό-

188 1291 333 1342 μενος
371 1273 560 1328 ὲαυτοῦ
585 1277 661 1340 είς
696 1275 894 1330 ἄτοπον
937 1277 1368 1342 ὲκπεπτωκότος,
1412 1278 1733 1350 προστίθησι

183 1366 287 1427 τοῖς
319 1365 624 1436 εἰρημένοις
659 1365 829 1420 ταῦτα
853 1383 866 1397 ο
902 1385 920 1418 ι
960 1368 1022 1420 Εἰ
1045 1366 1103 1421 δέ
1128 1384 1210 1431 τις
1245 1367 1414 1436 λέγοι,
1453 1368 1542 1421 διὰ
1561 1367 1734 1422 ταῦτα

187 1472 207 1506 ι
249 1454 337 1525 τὴν
361 1456 706 1528 ἀνθρωπίνην
740 1459 918 1530 σάρκα
944 1457 1098 1524 ἀξίαν
1137 1455 1274 1512 εἶναι
1295 1459 1389 1512 τοῦ
1422 1461 1619 1528 Λόγου,
1653 1461 1735 1516 ὅτι

189 1563 207 1595 ι
249 1546 328 1599 διὰ
355 1546 454 1616 τῆς
478 1549 827 1612 ἀναστάσεως
855 1550 1117 1606 ἀθάνατον
1136 1551 1306 1622 αὐτὴν
1339 1553 1733 1622 ἀπειργάσατο,

189 1656 207 1687 ι
251 1636 452 1705 γνώτω,
488 1639 571 1692 ὅτι
616 1640 676 1693 οὐ
729 1642 834 1694 πᾶν
886 1642 1024 1713 ὅπερ
1067 1642 1349 1707 ἀθάνατον,
1404 1645 1560 1696 τοῦτο
1589 1642 1737 1708 ἄξιον

188 1750 205 1779 ι
248 1728 393 1783 θεοῦ.
436 1730 654 1792 Μείξων
695 1733 805 1804 γὰρ
857 1735 951 1787 καὶ
996 1733 1162 1805 αὐτῆς
1209 1737 1307 1806 τῆς
1354 1735 1650 1798 ἀθανασίας
1706 1736 1735 1789 ὁ

185 1838 205 1870 ι
241 1819 384 1886 Θεὸς,
403 1822 431 1873 ὁ
449 1824 512 1892 τῇ
535 1821 728 1875 ἑαυτοῦ
758 1823 1001 1895 βουλήσει
1023 1825 1117 1878 καὶ
1144 1826 1210 1878 τὰ
1246 1825 1320 1896 μὴ
1353 1826 1478 1879 ὄντα
1493 1825 1736 1886 ἀθάνατα

184 1930 204 1961 ‹
246 1914 414 1964 ποιεῖν
461 1913 774 1983 δυνάμενος.
818 1916 939 1968 Ὅτι
979 1915 1038 1969 δὲ
1084 1916 1144 1968 ού
1198 1918 1306 1970 πᾶν
1353 1915 1414 1969 τὸ
1470 1916 1734 1971 ἀθάνατον

182 2020 204 2050 ι
244 2001 476 2073 ἡνῶσθαι
491 2003 608 2075 Θεῷ
625 2003 770 2068 ἄξιον
782 2005 957 2076 δῆλον,
972 2007 1054 2060 ὅτι
1075 2009 1169 2060 καὶ
1185 2007 1291 2060 ἀπὸ
1305 2007 1419 2074 τοῦ,
1435 2009 1629 2080 ἀρχὰς,
1645 2010 1736 2062 καὶ

185 2112 204 2144 ι
247 2093 513 2162 ἐξουσίας,
548 2097 642 2150 καὶ
697 2097 980 2166 ἀγγέλους,
1037 2099 1337 2166 ἀθανάτους
1377 2103 1536 2168 ὄντας
1572 2104 1736 2175 μηδὲν

181 2203 202 2239 ι
243 2186 516 2258 διαφορεῖν
545 2191 610 2260 τῇ
645 2189 854 2261 ένότητι
887 2189 979 2245 τοῦ
1001 2191 1136 2244 Θεοῦ
1171 2193 1306 2264 (88).
1332 2212 1350 2246 ι
1371 2192 1533 2247 Ταῦτ’
1568 2193 1737 2249 εἰπὼν

179 2278 268 2337 καὶ
299 2278 490 2351 ὥσπερ
521 2282 602 2344 είς
647 2280 807 2351 βυθὸν
845 2283 1076 2348 ἀτοπίας
1112 2286 1302 2338 ἑαυτὸν
1344 2287 1740 2340 ἐκπεπτωκότα

178 2369 608 2440 συναισθόμενος,
639 2372 1021 2431 ἀνακαλεῖσθαι
1068 2377 1322 2446 πειρᾶται
1358 2377 1558 2449 τρόπον
1594 2376 1735 2442 τινὰ,

174 2459 677 2531 ἐξομολογούμενος,
709 2464 790 2516 ὅτι
825 2465 988 2536 μηδὲν
1024 2467 1290 2536 ⁴ιιγπίσταειξο
1330 2461 1406 2522 ὧν
1444 2468 1619 2538 ἔλεγε.
1648 2470 1740 2523 Διὸ

175 2553 434 2622 ἐπανάγει
456 2553 586 2626 (89)’
610 2575 631 2606 ι
650 2556 712 2608 EE
731 2555 786 2612 δέ
812 2575 894 2620 τις
918 2558 1047 2630 περὶ
1071 2559 1168 2630 τῆς
1190 2560 1389 2631 σαρκὸς
1415 2559 1616 2632 ταύτης
1641 2562 1740 2633 τῆς

181 2662 201 2694 ι
251 2645 309 2696 ὲν
340 2644 418 2716 τῷ
452 2647 628 2717 Λόγῳ,
663 2646 930 2702 ἀθανάτου
959 2649 1264 2718 γεγονυίας,
1299 2649 1614 2704 πυνθάνοιτό
1660 2667 1736 2716 τι,

181 2749 202 2782 s
246 2734 425 2803 φαμὲν
457 2734 592 2806 πρὸς
622 2735 822 2788 αὐτόν·
859 2737 982 2791 Ὀτι
1026 2737 1374 2809 δογματίζειν
1423 2741 1522 2811 μὲν
1578 2742 1740 2812 ἡμεῖς

181 2841 204 2876 ι
252 2825 376 2897 περὶ
398 2819 474 2879 ὧν
503 2827 577 2898 μὴ
611 2828 854 2900 ἀκριϐῶς
896 2829 1045 2901 παρὰ
1077 2829 1188 2883 τῶν
1229 2829 1388 2886 θείων
1423 2833 1742 2903 μεμαθήκα-

155 2935 202 2968 .ι
250 2933 350 2987 μεν
397 2918 628 2990 Γραφῶν
661 2921 760 2974 οὐκ
799 2921 1038 2990 ἀσφαλὲς
1084 2917 1221 2976 εἷναι
1273 2922 1580 2994 νομίζομεν.
1617 2923 1742 2989 Πῶς

181 3027 201 3059 ι
247 3008 357 3080 γὰρ
404 3008 563 3063 τοῦτο
611 3012 872 3081 πράττειν
901 3011 1120 3066 δυνατὸν
1150 3016 1263 3076 τοῖς
1294 3015 1388 3067 καὶ
1432 3013 1500 3068 τὰ
1541 3015 1742 3088 ἑτέρων

1838 565 1858 602 ι
1905 548 2070 610 illam.
2100 560 2250 604 certe
2277 550 2456 605 omnia
2487 566 2608 620 quae
2638 559 2824 606 nostra
2862 566 3024 606 causa
3061 552 3397 622 providentia

1837 658 1856 691 ι
1905 649 1960 695 et
1995 639 2189 694 effectu
2222 648 2500 710 procurat,
2537 641 2742 711 judicio
2767 651 3175 707 consummato,
3203 658 3396 698 conse-

1838 750 1858 783 ι
1904 743 2141 801 qnentur
2181 732 2342 786 linem
2369 751 2383 786 :
2411 743 2469 787 ut
2505 749 2603 789 nec
2628 749 2762 804 opus
2789 734 2861 788 sit
2886 735 2989 788 hoc
3020 749 3186 802 regno
3227 735 3396 801 parti-

1837 842 1858 875 ¢
1904 823 2097 879 culari.
2137 843 2156 876 ι
2214 822 2340 878 Haec
2385 824 2477 880 ubi
2523 832 2778 896 posuerat
2823 822 3124 885 Marcellus,
3173 823 3273 877 sibi
3301 823 3396 877 de-

1833 931 1980 970 mum
2033 918 2284 972 conscius
2329 930 2465 986 quas
2521 917 2575 970 in
2625 916 2891 972 absurdas
2931 917 3214 983 opiniones
3257 914 3394 969 inci-

1833 1005 2020 1076 disset,
2075 1008 2142 1062 ad
2181 1007 2428 1077 superius
2455 1007 2597 1062 dicta
2631 1009 2870 1064 annectit
2913 1007 3013 1062 ista
3049 1005 3138 1080 [Β.
3179 1003 3338 1076 ογιι]
3377 1020 3392 1058 :

1840 1115 1859 1150 ι
1908 1099 2060 1166 Quod
2087 1099 2130 1154 si
2165 1101 2286 1168 quis
2315 1099 2447 1156 velit
2471 1100 2821 1164 pronuntiare
2845 1140 2860 1163 ,
2899 1100 2968 1155 ob
3000 1100 3114 1155 haec
3144 1100 3259 1168 ipsa
3283 1113 3396 1152 me-

1839 1208 1858 1240 ι
1907 1191 2012 1244 reri
2045 1192 2333 1246 humanam
2363 1200 2686 1254 carnem,ut
2713 1192 2890 1246 Verbo
2915 1190 3292 1260 coniungatur,
3327 1190 3398 1243 ob

1839 1298 1859 1330 ι
1916 1282 2088 1350 ipsum
2128 1282 2258 1336 illud
2293 1282 2433 1350 quod
2466 1296 2564 1352 per
2592 1284 3050 1337 resurrectionem
3097 1283 3241 1337 illam
3274 1283 3401 1338 rod-

1841 1392 1861 1425 (
1909 1374 2103 1428 diderit
2133 1374 2534 1440 immortalem,
2580 1384 2877 1444 cognoscat
2916 1375 2962 1429 is
3007 1383 3240 1444 oportet,
3289 1390 3400 1429 non

1842 1481 1861 1513 ι
1907 1462 1950 1517 si
1987 1463 2114 1531 quid
2154 1463 2460 1516 immortale
2501 1465 2766 1528 exsistat,
2804 1464 2934 1520 illud
2963 1466 3146 1520 statim
3180 1466 3398 1535 dignum

1842 1573 1866 1606 ι
1917 1556 2026 1608 Deo
2086 1555 2226 1609 ﬁeri.
2276 1556 2447 1625 Major
2495 1567 2578 1613 est
2627 1560 2770 1613 enim
2826 1560 2942 1629 ipsa
2995 1559 3402 1614 immortalitate

1843 1664 1862 1698 ι
1907 1645 2068 1709 Deus,
2100 1646 2191 1714 qui
2219 1661 2315 1700 sua
2351 1647 2585 1716 simplici
2614 1648 2911 1714 voluntate,
2931 1658 3108 1717 potest
3135 1665 3198 1703 ea
3221 1649 3404 1705 facere

1843 1754 1862 1787 ι
1910 1735 2256 1800 immortalia,
2281 1751 2400 1806 quae
2423 1752 2528 1790 non
2558 1748 2683 1792 sunt
2706 1736 2851 1790 talia.
2894 1735 3236 1790 Manifestum
3269 1751 3404 1792 vero

1842 1847 1860 1878 ι
1904 1838 2009 1889 est,
2037 1843 2142 1880 non
2169 1827 2309 1882 idem
2345 1843 2466 1884 esse
2485 1829 2704 1898 dignum
2736 1829 2848 1885 Deo
2879 1829 3299 1897 copulari,quod
3321 1837 3406 1885 est

1842 1936 1861 1969 ι
1909 1919 2228 1982 immortale,
2249 1929 2528 1988 propterea
2550 1919 2690 1987 quod
2711 1919 3065 1988 principatus,
3087 1928 3403 1988 potestates,

1842 2028 1861 2059 ι
1899 2009 2069 2079 angeli
2104 2015 2164 2072 ὦ
2192 2025 2310 2063 cum
2342 2011 2450 2063 sint
2480 2019 2527 2064 et
2559 2011 2660 2080 ipsi
2683 2011 3034 2073 immortales,
3059 2009 3191 2064 nihil
3220 2018 3402 2064 tamen

1842 2119 1862 2152 ‹
1901 2101 2096 2154 habent
2121 2115 2239 2154 cum
2277 2099 2367 2154 Dei
2403 2103 2606 2156 unitate
2630 2117 2964 2156 commune.»
2995 2100 3120 2155 “me
3139 2101 3226 2154 ubi
3254 2100 3406 2154 dixe-

1839 2202 1962 2255 rat,
2008 2193 2276 2247 intellecto
2345 2193 2398 2248 in
2444 2210 2605 2264 quam
2653 2193 2975 2262 profundam
3047 2192 3400 2248 absurditatis

1837 2284 2090 2354 abyssum
2144 2285 2450 2350 inciderat,
2488 2300 2743 2340 revocare
2781 2295 3008 2340 conatur
3061 2285 3219 2340 modo
3265 2299 3403 2352 quo-

1837 2374 1959 2427 dam
1980 2414 1995 2437 ,
2029 2374 2363 2428 confessione
2399 2374 2538 2429 facta
2561 2413 2578 2440 ,
2613 2390 2672 2430 se
2699 2375 2831 2430 nihil
2861 2391 3047 2430 eorum
3092 2390 3212 2444 quae
3245 2374 3402 2441 dixit,

1839 2461 2169 2516 intellexisse
2204 2460 2295 2534 [Β.
2332 2462 2485 2517 CVIII
2514 2464 2636 2519 coll.
2663 2479 2716 2534 p.
2755 2465 2855 2517 177
2895 2462 2986 2536 Α].
3039 2483 3058 2516 ι
3103 2463 3404 2531 Quocirca,

1844 2571 1864 2605 ι
1901 2554 1998 2617 ait,
2037 2553 2081 2606 si
2116 2553 2238 2622 quis
2274 2569 2372 2609 nos
2401 2555 2699 2622 interroget
2733 2558 2798 2608 de
2829 2570 2990 2609 carne
3018 2554 3118 2609 ista
3147 2594 3162 2619 ,
3193 2568 3313 2622 qua:
3343 2554 3399 2609 in

1846 2660 1866 2695 ι
1906 2643 2082 2698 Verbo
2129 2655 2228 2706 est,
2269 2660 2336 2698 an
2367 2646 2440 2699 sit
2468 2645 2808 2710 immortalis,
2839 2645 3249 2714 respondemus,
3303 2659 3404 2700 nos

1845 2754 1866 2787 ι
1909 2751 2012 2789 non
2060 2751 2219 2806 posse
2269 2737 2570 2807 dogmatice
2604 2737 2967 2792 determinare
3001 2737 3093 2791 illa
3131 2747 3251 2808 quae
3297 2751 3410 2792 non

1847 2846 1866 2879 ι
1903 2838 2095 2882 exacte
2119 2827 2470 2882 didicerimus
2495 2842 2526 2883 e
2559 2827 2854 2897 Seripturis
2887 2828 3057 2882 sacris
3077 2868 3092 2892 ,
3117 2829 3258 2898 quod
3288 2843 3407 2882 om-

1848 2939 1866 2970 ι
1908 2919 2034 2973 nino
2082 2921 2311 2973 intutum
2340 2918 2666 2987 iudicamus.
2715 2917 2848 2972 Nam
2898 2934 3004 2988 quo
3037 2928 3193 2988 pacto
3243 2918 3295 2973 id
3331 2917 3409 2974 illt

1851 3031 1869 3063 ι
1906 3023 2166 3082 praestare
2196 3020 2470 3082 poterunt,
2505 3010 2595 3079 qui
2622 3011 2755 3066 scita
2786 3012 3105 3064 subvertunt
3136 3009 3364 3066 aliorum
3385 3007 3424 3065 ι

181 3121 203 3156 s
240 3102 601 3175 ἀνατρέπουσι
623 3103 896 3175 δόγματα;
928 3105 1066 3159 Ἀλλ’
1089 3105 1319 3178 ἐροῦμεν
1338 3107 1471 3178 πρὸς
1489 3106 1741 3180 τοὺςι(9θ)

1850 3123 1868 3156 ι
1909 3103 2156 3159 Dicemus
2191 3104 2367 3177 igitur
2419 3102 2485 3157 ad
2524 3102 2683 3166 illos,
2731 3103 2820 3172 qni
2870 3102 3153 3156 scientiam
3213 3103 3412 3157 harum

179 3213 202 3246 ι
247 3194 338 3248 τὸν
372 3195 572 3268 ἀκριϐῆ
610 3196 737 3266 περὶ
779 3196 968 3250 τούτου
996 3196 1182 3268 μαθεῖν
1207 3197 1336 3270 παρ’
1363 3201 1394 3269 ἡ
1405 3198 1520 3270 μῶν
1552 3199 1740 3269 βουλο-

177 3301 199 3335 ι
249 3283 444 3354 μένους
473 3285 628 3353 λόγον
661 3284 793 3356 (91),
821 3287 902 3340 ὅτι
932 3273 1274 3357 πεισθόμενοι
1294 3287 1370 3358 τῷ
1407 3287 1539 3359 ἱερῷ
1583 3289 1743 3342 Ἀπο-

178 3395 198 3426 ι
245 3375 421 3444 στόλῳ
455 3376 630 3448 ἴσμεν,
661 3379 742 3433 ὅτι
774 3379 946 3443 οὕτως
975 3381 1122 3451 ἡμᾶς
1144 3380 1274 3451 όρᾷν
1297 3379 1364 3433 τά
1392 3380 1746 3452 ἀποκεκρυμ-

174 3485 196 3519 ‹
247 3466 388 3538 μένα
435 3471 705 3540 μυστήρια
743 3471 1032 3540 προσήκει,
1065 3468 1141 3532 ὡς
1168 3468 1333 3532 αὐτὸς
1364 3467 1490 3537 ἔφη,
1517 3467 1746 3522 Βλέπο-

173 3579 196 3614 s
234 3577 358 3630 μεν
384 3560 494 3632 γάρ
525 3559 672 3631 ἄρτι,
705 3562 858 3631 φησὶ,
893 3559 966 3614 δι’
989 3560 1288 3628 ἐσόπτρου
1314 3560 1384 3613 ἐν
1411 3561 1706 3629 αἰνίγματι
1725 3575 1744 3590 δ

169 3669 195 3705 s
241 3653 382 3706 τότε
412 3649 482 3704 δὲ
517 3651 841 3718 πρόσωπον
876 3650 1030 3719 πρὸς
1075 3651 1418 3718 πρόσωπον.
1459 3650 1615 3717 Ἄρτι
1656 3666 1745 3718 γι-

172 3759 196 3795 ι
240 3741 563 3812 πῦσκομεν
600 3741 667 3795 ἐκ
704 3741 962 3812 μέρους,
1007 3742 1140 3796 τότε
1181 3741 1249 3794 δὲ
1300 3741 1749 3810 ἐπιγνωσόμεθα

172 3855 194 3888 ι
239 3834 442 3901 καθὼς
473 3835 570 3888 καὶ
605 3833 1084 3903 ἐπεγνάπθημεν.
1111 3833 1273 3884 Ὥστε
1307 3833 1379 3903 μή
1415 3848 1514 3901 μου
1545 3829 1748 3884 πυνθά-

171 3948 196 3981 ι
243 3944 342 3981 νου
378 3930 508 3998 περὶ
554 3919 628 3981 ὧν
661 3925 843 3995 σαφῶς
876 3925 1027 3996 παρά
1072 3924 1170 3994 τῆς
1216 3923 1365 3986 θείας
1406 3922 1626 3994 Γραφῆς
1671 3921 1746 3995 μὴ

171 4039 192 4072 ι
247 4017 572 4090 μεμάθηκα.
617 4018 716 4071 Διά
744 4016 903 4069 τοῦτο
927 4016 1107 4069 τοίνυν
1153 4013 1274 4067 οὐδὲ
1305 4013 1434 4084 περὶ
1471 4013 1570 4083 τῆς
1599 4012 1748 4075 θείας

168 4131 194 4168 ε
244 4111 489 4181 ἐκείνης,
519 4111 618 4181 τῆς
641 4109 720 4182 τῷ
739 4107 868 4178 θείῳ
897 4107 1055 4180 Λόγῳ
1087 4104 1494 4176 κοινωνησάσης
1527 4103 1745 4175 σαρκὸς,

169 4223 192 4257 ι
244 4201 438 4272 σαφῶς
468 4203 640 4255 εἰπεῖν
693 4200 1010 4271 δυνήσομαι.
1058 4197 1172 4251 Νῦν
1222 4196 1280 4249 δὲ
1334 4195 1573 4249 πιστεύω
1628 4197 1750 4258 ταῖς

167 4317 190 4349 ι
238 4297 419 4360 θείαις
446 4295 709 4368 Γραφαῖς,
738 4294 819 4348 ὅτι
857 4288 937 4356 εἷς
967 4291 1118 4355 Θεὸς,
1150 4291 1245 4343 καὶ
1277 4290 1305 4341 ὁ
1336 4287 1524 4341 τούτου
1556 4288 1749 4355 Λόγος,

167 4411 190 4442 ¢
244 4388 495 4460 προῆλθε
531 4388 630 4456 μὲν
654 4384 748 4439 τοῦ
778 4383 1009 4456 Πατρὺς,
1037 4382 1123 4436 ἵνα
1157 4382 1336 4436 πάντα
1373 4380 1437 4436 δι’
1471 4376 1635 4432 αὑτοῦ
1661 4377 1751 4445 γέ-

1849 3216 1868 3250 ι
1901 3213 2082 3252 rerum
2105 3206 2352 3251 exactam
2379 3211 2409 3249 a
2438 3195 2592 3251 nobis
2621 3199 2900 3264 requirnnt
2923 3235 2938 3258 ,
2964 3211 3061 3250 nos
3105 3195 3180 3249 ita
3215 3193 3411 3250 intelli-

1849 3309 1868 3339 ε
1901 3305 2029 3360 gere
2053 3328 2068 3352 ,
2106 3289 2184 3342 nti
2230 3303 2328 3357 par
2378 3296 2460 3341 est
2506 3286 2624 3341 illos
2657 3286 2748 3355 qni
2785 3286 3102 3341 abscondita
3150 3283 3423 3356 mysteria.

1849 3393 1869 3427 ι
1908 3385 2336 3443 perscrutantnr.
2377 3371 2620 3426 Videmus
2641 3374 2800 3435 enim,
2833 3375 2910 3427 ait
2933 3383 3158 3428 sanctus
3181 3373 3414 3444 Apostov

1851 3483 1869 3515 ι
1908 3465 2009 3528 Ius,
2041 3465 2194 3534 quasi
2227 3481 2319 3532 per
2345 3465 2609 3533 speculum
2647 3467 2704 3519 in
2733 3466 3008 3534 (enigmata
3029 3478 3049 3518 :
3080 3474 3202 3520 tunc
3234 3473 3422 3519 autent-

1805 3549 1817 3563 '
1851 3573 1870 3606 ι
1910 3557 2042 3625 facie
2064 3559 2131 3610 ad
2155 3556 2367 3627 faciem.
2397 3555 2427 3610 Ι
2433 3574 2464 3610 ιι
2493 3557 2733 3626 presenti
2766 3573 2830 3611 ea:
2853 3569 3002 3626 parte
3028 3555 3410 3626 cognoscimus,

1852 3668 1873 3701 ι
1913 3659 2033 3704 tunc
2060 3658 2235 3704 autem
2264 3665 2630 3718 cognoscemus
2664 3649 2922 3718 quomodo
2957 3648 3315 3718 cognoscimur
3343 3647 3421 3706 ³⁹.,

1853 3758 1871 3792 ι
1908 3738 2026 3794 Noli
2073 3739 2238 3810 igitur
2284 3755 2370 3794 me
2409 3740 2778 3808 interrogare,
2812 3739 2877 3792 de
2907 3739 3068 3793 rebus
3096 3753 3214 3808 qua:
3264 3747 3430 3794 certo.

1854 3851 1872 3884 ι
1910 3815 2238 3901 cognoscere
2287 3847 2394 3887 non
2447 3847 2663 3902 possum
2699 3846 2734 3887 ο
2777 3831 3057 3900 Scriptura
3105 3845 3280 3886 sacra.
3330 3828 3414 3886 Ob

1856 3941 1875 3976 ι
1913 3925 2054 3978 hanc
2085 3939 2305 3978 causam
2333 3925 2677 3978 exactissime
2707 3926 3030 3993 respondere
3061 3938 3164 3976 non
3196 3936 3416 3992 possunt

1855 4035 1874 4068 σ
1913 4016 1979 4070 de
2021 4031 2186 4070 carne
2223 4015 2312 4069 illa
2357 4008 2533 4070 divina
2559 4019 2586 4081 ,‘
2621 4031 2740 4086 qua:
2771 4017 3197 4069 communionem
3232 4013 3424 4068 habuit.

1855 4128 1874 4160 ι
1914 4123 2036 4162 cum
2068 4107 2247 4162 divino
2269 4107 2462 4164 Verbo.
2488 4107 2676 4162 Fidem
2715 4123 2842 4162 vero
2874 4108 3047 4162 sacris
3080 4106 3277 4162 litteris
3321 4108 3418 4161 ad-

1857 4217 1876 4250 ι
1918 4199 2076 4253 hibeo
2105 4214 2223 4267 qua:
2250 4198 2532 4263 aﬂirmant,
2569 4217 2732 4253 unum
2762 4215 2882 4255 esse
2913 4200 3102 4260 Deum,
3145 4209 3200 4252 et
3249 4199 3428 4268 ipsius.

1858 4305 1876 4340 ι
1913 4285 2150 4342 Verbum
2191 4304 2331 4355 esse,
2362 4289 2504 4358 quod
2540 4291 2606 4344 de
2639 4290 2800 4344 Patre
2835 4290 3116 4358 processit,
3154 4297 3211 4340 ut
3236 4295 3418 4340 omnia

1859 4398 1878 4432 ι
1917 4396 2014 4450 per
2040 4380 2167 4434 illud
2200 4383 2560 4435 conderentur
2595 4399 2608 4438 :
2645 4394 2762 4450 post
2803 4381 2996 4448 judicii
3027 4393 3156 4460 vero
3208 4389 3427 4446 tempus.

163 4503 191 4536 ι
236 4497 428 4552 νηται,
468 4478 604 4549 μετά
649 4477 707 4530 δὲ
753 4477 842 4528 τὸν
887 4473 1076 4546 καιρὸν
1110 4474 1208 4545 τῆς
1240 4472 1492 4544 κρίσεως,
1527 4469 1620 4524 καὶ¹
1647 4469 1742 4541 τὴν

1859 4488 1878 4522 ι
1913 4480 1966 4525 et
1993 4487 2171 4525 rerum
2200 4473 2438 4526 omnium
2470 4475 2940 4538 restaurationem,
2972 4482 3026 4525 et
3051 4469 3418 4523 amolitionem

167 4598 187 4630 ι
238 4575 359 4630 τῶν
395 4573 645 4626 ἁπάντων
681 4568 982 4640 διόρθωσιν,
1026 4565 1118 4618 καὶ
1168 4564 1258 4618 τὸν
1306 4562 1608 4632 ἀφανισμὸν
1651 4561 1751 4631 τῆς

166 4691 187 4723 ι
242 4665 637 4735 ἀντικειμένης
691 4663 907 4730 ἀπάσης
956 4657 1231 4729 ἐνεργείας
1263 4654 1395 4725 (92),
1437 4654 1557 4706 τότε
1590 4653 1751 4717 αὐτὸς

166 4781 190 4816 ί
243 4760 657 4830 ὑποταγήσεται
681 4754 759 4818 τῷ
788 4751 1112 4815 ὑποτάξαντι
1158 4747 1306 4819 αὐτῷ
1338 4747 1407 4799 τὰ
1431 4746 1606 4799 πάντα
1634 4744 1753 4816 Θεῷ

167 4877 188 4908 ι
242 4855 347 4908 καὶ
368 4852 566 4922 Πατρὶ,
597 4849 685 4902 ἵνα
709 4847 878 4908 οὓτως
964 4845 1021 4895 ὲν
1048 4840 1166 4912 Θεῷ
1191 4841 1219 4893 6
1241 4839 1432 4908 Λόγος,
1455 4837 1642 4908 ὥσπερ
1661 4839 1755 4891 καὶ

168 4969 190 5001 ι
244 4947 522 5020 πρότερον
572 4938 660 5012 ἦν.
693 4960 711 4992 ι
741 4936 962 4992 Τοιοῦτο
991 4935 1142 4998 τέλος
1193 4934 1439 5020 ἐπήγαγε
1470 4933 1534 5002 τῇ
1590 4931 1754 5001 σαρκὶ⁸

163 5038 270 5096 τοῦ
301 5018 572 5106 Σωτῆρος
596 5030 755 5104 ἡμῶν
785 5032 813 5083 ὁ
847 5026 1152 5098 θαυμαστὸς
1181 5018 1334 5085 οὗτος
1383 5023 1749 5093 συγγραφεὺς,

249 5203 317 5262 »Β
347 5195 449 5252 Ed.
476 5193 647 5249 Paris.
678 5206 799 5262 pag.
827 5191 916 5245 53.
992 5189 1037 5221 ³⁹
1066 5188 1084 5242 l
1114 5187 1238 5244 Cor.
1270 5200 1388 5251 xIn,
1422 5185 1507 5240 12.

245 5357 373 5430 (88)
422 5355 499 5425 Τῇ
519 5357 762 5430 Ᾱὲνᾴτητι
791 5352 896 5430 τοῦ
932 5348 1298 5430 Θεοῆκῡθοει
1327 5364 1341 5400 :
1372 5345 1613 5430 οξδαμεν,
1670 5355 1762 5400 aut

159 5415 368 5487 εἰιῆἰιό
403 5415 531 5496 quid
555 5425 622 5479 ad
652 5415 1350 5496 sontentiainlulciendam.
1384 5415 1456 5469 M.

245 5485 527 5569 (89)7”Διὸ
577 5493 906 5569 «ιὲᾳιῐίυξάγιειΞΔ
936 5491 1147 5569 _H_iatns'
1182 5497 1302 5541 erat
1338 5486 1389 5540 in
1424 5485 1759 5569 exemplari:

163 5555 327 5624 for‘te
357 5555 440 5622 sic
465 5555 792 5635 supplendus
813 5582 825 5616 :
848 5563 910 5615 Εἰ
932 5558 1315 5635 δέτι-γένοιτο,
1350 5556 1478 5620 περὶ
1503 5555 1626 5618 σῆς,
1647 5566 1752 5609 etc.

163 5639 249 5693 Μ.
278 5667 359 5678 -
381 5637 500 5690 Mox
533 5628 698 5705 'vulgo
723 5635 850 5705 ἀκρ.
879 5633 1011 5705 περι
1031 5630 1139 5705 τῶν
1162 5628 1320 5705 θείων

411 5705 584 5780 Vulgo
774 5695 965 5780 αὐτόνξ
992 5703 1059 5754 At
1082 5699 1239 5780 εἴλῃ).
1272 5695 1372 5780 177

251 5766 380 5849 ξεί)
442 5766 586 5847 Ha}?
614 5766 845 5848 ἡμῶν...
886 5774 1088 5842 λόγον.
1138 5766 1298 5823 Deest
1334 5766 1574 5838 quidam,
1619 5774 1774 5835 puto,

1863 4580 1883 4616 ι
1923 4563 2158 4617 δόνει-διο
2206 4563 2571 4633 cujuscunque
2617 4563 2945 4633 operationis
2973 4604 2988 4628 ,
3030 4571 3158 4614 tunc
3204 4572 3258 4614 et
3309 4562 3421 4626 ipse

1863 4672 1884 4707 ι
1919 4654 2243 4722 subjicielur
2288 4657 2336 4710 ei
2387 4657 2475 4725 qui
2507 4656 2684 4709 omnia
2715 4657 2954 4722 subjecta
3001 4653 3076 4706 illi
3112 4652 3261 4713 fecit,
3315 4651 3432 4706 Deo.

1865 4766 1884 4799 ι
1925 4746 2131 4801 scilicet
2159 4757 2320 4816 atque
2351 4745 2518 4810 Patri,
2540 4758 2594 4798 ut
2615 4745 2678 4798 ad
2701 4745 2946 4799 eumdem
2979 4743 3192 4795 modum
3228 4743 3293 4795 sit
3321 4741 3422 4793 ite-

1866 4857 1885 4891 ι
1925 4855 2042 4892 rum
2075 4840 2125 4894 in
2155 4838 2265 4895 Deo
2292 4837 2552 4900 Verbum,
2583 4837 2651 4892 ad
2691 4852 2848 4906 quem
2881 4842 2999 4889 erat
3021 4833 3169 4887 olim.
3211 4851 3230 4885 ι
3272 4831 3426 4890 Hnnc

1858 4931 2075 5001 quidem
2125 4931 2285 4986 linem
2319 4931 2414 5000 ,vir
2462 4932 2551 4985 hic
2595 4926 2929 4983 admirabilis
2964 4925 3198 4993 scriptor
3225 4911 3435 4976 Christi

1857 5024 2008 5079 carni
2032 5024 2333 5090 conatituit,
2367 5017 2573 5078 oblitus
2599 5037 2787 5075 eorum
2815 5035 2934 5090 qua:
2969 5020 3021 5072 in
3075 5013 3426 5086 praecedenti-

1857 5346 2140 5418 ζητοῦντα,
2167 5343 2505 5418 βουλόμενον,
2531 5339 2851 5418 antaliquill
2867 5335 3151 5418 ejusmodi,
3170 5341 3221 5415 et
3237 5331 3429 5418 statim

1860 5401 1990 5490 ξερῷ
2025 5401 2432 5490 ἀποστόλῳίςει
2457 5401 2598 5490 enim
2633 5401 2784 5464 locns
2809 5401 2957 5490 Pauli
2984 5421 3142 5490 quem
3175 5401 3432 5490 nitenti“,

1857 5473 2051 5542 ιἰλὶπ.
2110 5501 2230 5549 xm,
2277 5473 2390 5536 ἠ
2464 5481 2776 5550 Βλέπομεν
2825 5481 2934 5550 τὰρ
2984 5476 3138 5550 ἆρζι-
3173 5473 3247 5550 ῥθ
3303 5473 3432 5526 ειυ-

1861 5554 2199 5626 όπτρουκΜ.
2217 5543 2298 5626 ’έτ
2323 5551 2573 5626 Snpplevi
2599 5543 2843 5626 delectus
2861 5543 2938 5626 ex
2955 5543 3138 5626 μίγη
3174 5543 3230 5595 D.

1940 5605 2215 5696 (iiii
2267 5605 2353 5696 ίσί
2390 5605 2711 5696 ἑόναστείας
2753 5621 2870 5676 loco
2924 5605 3234 5688 ἐνεργείας;
3277 5605 3448 5685 ῃόηθ

1865 5689 2076 5767 νιιῑεόὸ
2105 5689 2400 5766 θαυμάσιος
2425 5689 2591 5755 οὗτος.
