3836 6216
448 346 554 413 819

1058 353 1357 411 'EUSEBII
1394 353 1873 414 CESARIENSIS
1910 355 2060 415 OPP.
2100 358 2281 416 PARS
2316 359 2407 417 IV.
2444 390 2513 413 -γ
2552 357 2974 417 DOGMATICA.

3592 362 3705 417 820

449 462 554 520 bus
583 462 650 520 de
684 463 873 529 eadem
908 463 997 520 illa
1024 480 1192 527 carne
1219 468 1334 538 ipse
1361 470 1674 542 scripserat.
1705 470 1761 527 lu
1794 487 2016 542 sequen-

2127 476 2522 548 ἀμνημονήσας
2566 469 2642 534 ὧν
2691 477 2822 548 περὶ
2871 474 3041 547 αὐτῆς
3091 474 3180 529 διὰ
3227 475 3334 531 τῶν
3384 477 3705 548 ἔμπροσθεν

448 556 598 614 tibus
625 558 787 613 etiam
828 559 917 615 ille
948 560 1063 631 ipse
1089 562 1179 632 qui
1203 564 1681 630 determinaverat,
1715 565 1833 621 sine
1863 582 2018 625 scru-

450 647 578 718 pulo
606 687 622 713 ,
662 664 862 725 corpus
892 650 1203 710 Servatoris
1235 654 1477 711 futurum
1508 666 1629 727 post
1671 655 1857 726 judicii
1893 667 2024 712 tem-

446 753 551 812 pus
579 738 759 797 Verbo
806 757 906 798 suo
953 745 1372 815 destituendum,
1411 758 1610 803 metum
1641 750 1925 819 quemdam
1966 758 2023 807 et

453 835 813 896 reverentiam
854 851 965 906 pra:
993 852 1052 893 se
1084 837 1189 893 l‘ert
1213 878 1233 908 ,
1258 848 1315 896 et
1344 855 1452 903 non
1482 855 1641 911 posse
1689 842 1766 897 ait
1797 857 2022 911 respon-

451 923 603 991 dere,
634 927 681 982 si
708 927 830 997 quis
857 928 1003 983 illum
1037 930 1103 986 de
1147 930 1239 986 illa
1270 947 1436 987 carne
1472 934 1906 1004 intermgaverit,
1935 934 2019 987 di-

449 1024 662 1079 cturum
696 1033 827 1073 vero
865 1035 925 1076 se
949 1020 1015 1085 ad
1044 1021 1463 1093 interrogantem
1487 1025 1798 1095 quemlibet,
1839 1043 1860 1079 ι
1898 1024 2021 1081 Noli

454 1123 478 1159 ι
515 1109 784 1165 sciscitari
824 1111 888 1169 de
917 1114 1078 1169 rebus
1108 1130 1225 1183 qua!
1252 1130 1357 1170 non
1387 1116 1691 1178 didicimus.
1720 1136 1738 1169 ι
1773 1116 1871 1173 llic
1907 1119 2020 1187 jam

447 1199 626 1278 quivis
650 1203 696 1257 ei
722 1218 947 1274 oggerat
979 1225 992 1261 :
1024 1207 1164 1286 Quid
1198 1210 1541 1280 temetipsum
1590 1212 1887 1269 deridiculo
1919 1214 2020 1271 ba-

448 1290 565 1363 bes,
596 1293 798 1348 homo?
826 1296 1093 1371 Quorsum
1128 1300 1180 1354 in
1214 1302 1375 1362 rebus
1405 1317 1524 1372 quae
1550 1319 1656 1363 non
1691 1304 1946 1370 didicisti,
1970 1316 2023 1362 te

449 1397 548 1462 per
582 1387 874 1459 przecipitia
927 1396 1064 1460 agis,
1097 1391 1223 1447 dum
1268 1395 1320 1447 in
1351 1396 1569 1464 scriptis
1604 1396 1727 1455 illas
1755 1396 1964 1453 decidis
1997 1397 2022 1451 ?

447 1474 715 1540 Quorsum
751 1495 855 1534 non
885 1484 1130 1538 custodis
1174 1500 1237 1539 ea
1269 1500 1389 1554 quae
1419 1489 1704 1557 suscepisti
1749 1488 1818 1544 ab
1854 1491 2024 1544 eccle-

447 1567 682 1623 siasticis
713 1569 992 1642 Palribus,
1024 1584 1079 1629 et
1108 1576 1421 1640 doctoribus
1445 1617 1463 1643 ,
1518 1584 1577 1642 >I<
1628 1580 1898 1636 novitates
1935 1596 2022 1637 se-

446 1661 652 1728 queris,
690 1664 782 1732 qui
825 1681 996 1735 nuper
1022 1677 1202 1721 natam
1241 1679 1297 1723 et
1342 1686 1371 1723 a
1406 1669 1512 1726 fide
1551 1671 1781 1725 alienam
1829 1672 2022 1728 distor-

447 1750 651 1807 tionem
682 1754 734 1808 in
768 1757 931 1813 vitam
967 1759 1376 1816 subintroducis
1402 1802 1416 1825 ,
1448 1763 1573 1817 dum
1607 1778 1830 1833 regnum
1857 1764 2022 1818 Chri-

2122 564 2363 638 εῐρηκεν.
2411 562 2549 629 Εἶθ’,
2594 569 2623 621 ό
2675 566 2861 637 σαφῶς
2892 565 3034 620 οὑτω
3057 565 3118 619 τὸ
3148 565 3307 637 σῶμα
3331 567 3394 621 τὸ
3427 569 3705 639 σωτήριον

2121 656 2331 731 ἔρημον.
2367 658 2463 714 τοῦ
2491 659 2663 729 Λόγου
2692 658 3042 731 γενήσεσθαι,
3065 657 3202 729 μετά
3215 658 3304 711 τὸν
3331 658 3433 728 τῆς
3460 659 3704 731 κρίσεως

2119 750 2311 823 καιρὸν
2343 751 2764 824 ἀποφηνάμενος
2815 750 3099 805 εὑλάὸειαν
3144 754 3559 820 προσποιεῖται,
3606 753 3705 804 καὶ

2123 843 2196 915 μὴ
2227 843 2424 897 ειδέναι
2456 845 2619 915 φησὶν
2664 842 3090 916 ἀποκρίνεσθαι,
3125 840 3178 894 εί
3208 858 3293 905 τις
3324 841 3489 895 αὑτὸν
3519 841 3706 912 ἔροιτο

2120 936 2249 1007 περὶ
2268 935 2367 1007 τῆς
2386 937 2607 1008 σαρκὸς,
2628 937 2798 1008 φῆσαι
2823 935 2867 988 δ’
2881 936 2947 989 ἂν
2969 935 3105 1006 πρὸς
3137 934 3227 987 τὸν
3253 932 3572 1005 ἐρωτῶντα,
3604 932 3705 999 Μή

2121 1044 2240 1089 που
2279 1028 2590 1083 πυνθάνου
2618 1029 2728 1099 (9'5)
2769 1027 2904 1096 περὶ
2932 1021 3021 1080 ὧν
3040 1025 3125 1096 μὴ
3160 1025 3494 1096 μεμάθηκα.
3540 1023 3708 1077 Ἀλλά

2102 1118 2215 1185 ,καὶ
2246 1121 2275 1172 ό
2304 1117 2481 1190 τυχὼν
2511 1114 2662 1173 εἶπεν
2696 1119 2762 1173 ἂν
2796 1119 2932 1190 πρὸς
2959 1117 3119 1170 αὑτόν
3138 1133 3151 1146 ·
3187 1115 3239 1169 τί
3280 1114 3344 1186 δὴ
3373 1110 3467 1167 οὖν
3499 1114 3708 1167 σαυτὸν

2121 1209 2410 1275 σκώπτεις,
2432 1209 2718 1282 ἀνθρωπες
2744 1210 2807 1263 Τί
2834 1209 2890 1262 δὲ
2908 1208 3048 1262 κατά
3075 1206 3331 1280 κρημνῶν
3359 1206 3544 1269 ὠθεῖς,
3574 1207 3709 1276 περὶ

2118 1296 2193 1359 ὧν
2229 1304 2303 1375 μὴ
2336 1303 2661 1376 μεμάθηκας
2704 1301 3020 1374 ὁριζόμενος
3052 1301 3386 1373 ἐγγράφωςῖ
3435 1300 3504 1351 Τί
3532 1298 3594 1350 δὲ
3631 1298 3710 1369 μὴ

2119 1395 2409 1465 φυλάττεις
2460 1396 2497 1450 ἀ
2545 1393 2700 1468 παρὰ
2725 1395 2833 1448 τῶν
2859 1391 3325 1465 ἐκκλησιαστικῶν
3351 1390 3619 1460 πατέρων
3647 1405 3709 1440 τε

2104 1488 2213 1551 ,καὶ
2240 1487 2576 1547 διδασκάλων
2601 1486 2963 1558 παρείληφας,
2996 1483 3339 1555 νεωτερίζεις
3376 1481 3419 1534 δ’
3442 1482 3709 1552 ἄντικρυς

2119 1582 2246 1637 νέαν
2282 1582 2378 1636 καὶ
2432 1581 2744 1648 ξενίζουσαν
2796 1579 3032 1648 εἰσάγων
3064 1576 3143 1648 τῷ
3179 1576 3278 1647 βίῳ
3328 1574 3709 1644 διαστροφὴν,

2119 1677 2293 1749 ἀρχήν
2323 1693 2383 1729 τε
2414 1674 2751 1746 πρόσκαιρον
2795 1672 2890 1725 καὶ
2916 1670 3188 1741 νεωτέραν
3218 1671 3284 1740 τῇ
3320 1666 3572 1738 βασιλείᾳ
3611 1665 3710 1719 τοῦ

2120 1765 2354 1839 Χριστοῦ
2382 1765 2575 1829 διδοὺς,
2606 1764 2701 1819 καὶ
2735 1763 2937 1834 ταύτης
2963 1762 3116 1825 τέλος
3162 1760 3532 1830 ὑφιστάμενος
3552 1798 3570 1821 ,
3612 1759 3713 1813 καὶ

446 1841 517 1896 sti
547 1845 947 1904 circumscribis
984 1851 1188 1905 novitio
1226 1852 1463 1922 quodam
1501 1853 1768 1924 principio
1798 1864 1852 1910 et
1882 1864 2016 1909 tem-

2120 1857 2211 1912 τὸν
2246 1856 2342 1927 μὲν
2376 1854 2591 1926 ἀληθῶς
2626 1854 2888 1925 μονογενῆ
2923 1851 3016 1906 τοῦ
3078 1850 3214 1904 Θεοῦ
3250 1849 3377 1902 Υίὸν
3430 1846 3711 1920 ἀρνούμε-

444 1934 615 2010 porali
635 1976 650 2000 ,
679 1936 820 2006 quod
848 1938 954 1995 ﬁne
980 1957 1195 2012 quoque
1232 1942 1631 1999 terminandum
1670 1960 1790 2000 esse
1820 1947 2013 2015 doces;

447 2025 682 2097 abnegas
712 2044 839 2085 vere
882 2032 1219 2103 unigenitum
1270 2034 1407 2102 Dei,
1454 2034 1742 2091 substituis
1780 2034 2017 2091 Verbum

446 2113 862 2183 insubstantiale
907 2131 962 2176 et
1009 2124 1403 2193 insubsistens,
1457 2126 1600 2195 quod
1644 2126 1831 2195 ipsum
1881 2128 2018 2184 nihil

445 2206 589 2269 aliud
641 2212 961 2286 pronuntias
1003 2228 1154 2280 esse,
1187 2231 1350 2284 quam
1381 2232 1543 2277 unum
1570 2226 1731 2287 atque
1762 2219 2020 2275 idemmet

444 2313 568 2354 cum
593 2301 740 2372 Deo?
766 2302 895 2371 Quae
926 2307 1170 2377 quisquis
1200 2308 1418 2374 dixerit,
1444 2324 1549 2363 non
1587 2310 1780 2380 injuria
1807 2310 2019 2369 dicetur

442 2391 640 2459 Filium
674 2395 768 2452 Dei
798 2397 1087 2470 abnegare.
1121 2398 1238 2465 Non
1272 2410 1353 2456 est
1380 2405 1523 2457 enim
1550 2401 1759 2469 Filius,
1790 2402 2016 2458 verbum

444 2487 587 2556 quod
626 2503 729 2544 non
759 2492 1035 2560 subsistit;
1066 2508 1186 2548 cum
1219 2509 1316 2549 nec
1350 2496 1579 2557 verbum
1617 2496 1851 2552 hominis
1870 2497 2022 2550 dica-

446 2589 556 2647 tur,
602 2581 743 2637 [ilius
789 2584 1022 2641 hominis
1060 2602 1074 2641 :
1120 2595 1305 2657 utpote
1349 2589 1491 2657 quod
1537 2587 1649 2644 sola
1703 2587 2018 2659 operatione

444 2672 695 2739 subsistit
720 2675 773 2730 in
802 2676 1071 2746 loquente.
1104 2677 1216 2735 Hoc
1246 2679 1419 2747 ipsum
1443 2680 1507 2735 de
1530 2679 1689 2735 Patre
1715 2695 1812 2735 suo
1832 2694 2019 2750 egres-

444 2781 565 2825 Sum
591 2806 611 2833 ,_
639 2778 763 2833 ante
804 2785 974 2826 annos
1009 2771 1245 2825 nondum
1280 2786 1405 2827 cccc
1453 2772 1782 2843 completos,
1818 2773 2015 2830 Filium

445 2855 540 2926 Dei
572 2856 773 2914 factum
823 2860 1049 2915 inferius
1092 2878 1309 2927 narras,
1339 2880 1435 2933 per
1465 2865 1647 2919 carnis
1679 2867 2015 2935 assumptio-

445 2966 592 3016 nem,
626 2962 680 3009 et
698 2954 943 3022 superius
976 2952 1158 3009 Jesum
1187 2955 1465 3010 Chrisutm
1493 2957 1851 3024 nominatum,
1876 2958 2016 3011 ima-

443 3042 622 3119 ginem
646 3044 848 3098 dictum
887 3045 977 3099 Dei
1007 3046 1293 3102 invisibilis
1318 3085 1334 3111 ,
1369 3056 1424 3101 et
1451 3049 1870 3116 primogenitum
1900 3064 2019 3104 om-

2118 1965 2227 2013 νος,
2250 1947 2419 2017 Λόγον
2445 1946 2500 2001 δὲ
2532 1945 2708 2016 ψιλὸν,
2745 1942 2992 1999 ἀνούσιον
3037 1941 3133 1996 καὶ
3162 1940 3533 1995 ἀνυπόστατον
3576 1939 3711 1990 ὑπο-

2117 2042 2428 2113 τιθέμενοςο
2471 2038 2529 2091 δν
2570 2038 2679 2092 οὐδ’
2714 2037 2899 2109 ἓτερον
2940 2035 2976 2107 ἢ
3021 2034 3079 2088 ἓν
3118 2033 3214 2088 καὶ
3245 2032 3441 2086 ταύτὸν
3478 2029 3559 2100 τῷ
3584 2028 3710 2099 Θεῷ

2118 2129 2258 2187 εἶναι
2292 2132 2438 2203 φής;
2474 2131 2539 2189 ὐ
2562 2128 2626 2200 δὴ
2656 2129 2753 2182 καὶ
2781 2127 2895 2198 (94)
2926 2128 3037 2190 πᾶς
3085 2125 3232 2178 εἴποι
3265 2124 3339 2178 ἂν.
3365 2121 3710 2194 ἀρνούμενος

2116 2227 2207 2281 τὸν
2232 2225 2367 2278 Υἱὸν.
2391 2221 2485 2276 τοῦ
2521 2219 2678 2286 Θεοῦ,
2708 2220 2949 2283 εἰκότως.
3003 2219 3078 2271 Οὑ
3106 2217 3215 2289 γάρ
3244 2216 3360 2279 υἱὸς
3397 2216 3425 2267 ὁ
3455 2213 3533 2284 μὴ
3571 2214 3709 2282 ὑφε-

2119 2317 2260 2381 στὼς
2311 2316 2505 2383 Λόγος,
2540 2314 2616 2378 ὠς
2666 2312 2787 2367 οὐδὲ
2844 2314 2901 2367 ὲν
2954 2309 3228 2382 ἀνθρώπῳ
3261 2308 3418 2376 λόγος
3469 2305 3589 2369 υἱὸς
3635 2305 3707 2358 ἄν

2118 2426 2249 2466 ποτε
2280 2408 2470 2480 ῥηθείη
2498 2405 2808 2478 ἀνθρώπου,
2835 2403 3085 2475 ἐνεργείᾳ
3107 2402 3242 2473 μόνῃ
3269 2402 3325 2453 ὲν
3347 2398 3424 2469 τῷ
3450 2396 3707 2450 λαλοῦντι

2119 2500 2530 2571 συνιστάμενος.
2561 2497 2733 2550 Τοῦτο
2759 2497 2804 2550 δ’
2836 2498 2900 2549 ὲκ
2916 2494 3009 2548 τοῦ
3031 2492 3264 2565 Πατρὸς,
3296 2490 3407 2561 (95)
3437 2489 3545 2560 πρὸ
3565 2487 3708 2540 ὲτῶν

2116 2593 2226 2647 οὐδ’
2260 2593 2398 2647 ὅλων
2424 2590 2814 2664 τετρακοσίων,
2847 2589 2935 2645 διὰ.
2952 2589 3050 2658 τῆς
3080 2584 3399 2656 ἀναλήψεως
3432 2583 3536 2653 τῆς
3569 2598 3710 2653 σαρ-

2116 2685 2232 2749 κὸς,
2266 2684 2394 2740 Υίὸν
2431 2684 2523 2738 τοῦ
2554 2683 2689 2736 Θεοῦ
2723 2680 3081 2752 γεγεννῆσθαι
3102 2677 3285 2741 καθὼς
3310 2675 3435 2747 φὴς,
3461 2674 3559 2729 καὶ
3595 2675 3707 2744 '11;-

2118 2774 2246 2831 σοῦν
2294 2776 2385 2829 καὶ
2436 2775 2669 2847 Χριστὸν
2709 2772 3022 2845 ὠνομάσθαι
3057 2771 3191 2835 άνω,
3247 2768 3433 2823 εἰκόνα
3489 2784 3554 2820 τε
3606 2764 3707 2819 τοῦ

2117 2869 2252 2923 Θεοῦ
2285 2867 2379 2922 τοῦ
2411 2868 2642 2939 ἀοράτου
2667 2865 3038 2938 χρηματίσαι,
3073 2863 3169 2917 καὶ
3219 2861 3563 2933 πρωτότοκον
3595 2858 3707 2912 πά-

2121 2978 2221 3034 σης
2254 2961 2503 3024 κτίσεως,
2530 2959 2704 3030 κα“ιδὴ
2733 2960 2826 3013 καὶ
2844 2956 3066 3028 βασιλέα
3087 2955 3211 3009 τότε
3244 2951 3503 3022 γενέσθαι
3533 2949 3709 3022 ἀρξά-

2125 3070 2285 3125 μενον
2311 3052 2517 3106 τούτων
2545 3051 2799 3105 ἁπάντων
2817 3090 2831 3115 ,
2877 3051 2941 3103 ὲκ
2972 3048 3062 3102 τοῦ
3093 3045 3425 3117 δηλωθέντος
3463 3044 3660 3116 χρόνου
3686 3085 3704 3109 ,

442 3134 531 3193 nis
585 3143 850 3198 creatnrze
900 3155 914 3191 :
963 3153 1141 3207 regem
1188 3153 1405 3210 quoque
1450 3140 1829 3201 constitutum.
1886 3140 2016 3209 Quae

2121 3140 2217 3194 ἐπε
2227 3158 2313 3194 ιτα
2341 3140 2515 3214 καιρῴ
2531 3141 2631 3210 τῆς
2651 3139 2961 3202 συντελείας
2974 3138 3179 3191 τούτων
3206 3136 3463 3189 ἁπάντων
3487 3134 3706 3205 ἀθρόως

442 3227 647 3292 omnia,
684 3242 715 3281 a
752 3238 992 3294 tempore
1021 3230 1111 3283 illn
1142 3231 1422 3299 designato
1443 3272 1459 3298 ,
1509 3232 1710 3301 incepit
1740 3232 1833 3287 ille
1856 3247 2014 3300 esse;

2121 3233 2513 3304 παυθήσεσθαι.
2548 3232 2658 3285 Ποῦ
2693 3232 2756 3304 δὴ
2790 3227 2883 3291 οὖν
2925 3232 3096 3284 ταῦτα
3138 3230 3499 3301 μεμάθηκαςς
3524 3229 3622 3291 Τίς
3646 3227 3705 3280 ἅ

444 3332 565 3388 quae
609 3320 791 3378 munia
829 3320 987 3374 simul
1020 3321 1359 3389 depositurus
1387 3330 1490 3387 est,
1524 3333 1647 3391 post
1668 3321 1855 3389 judicii
1886 3338 2016 3377 con-

2122 3341 2203 3378 σοι
2239 3325 2442 3378 τούτων
2469 3324 2705 3393 κατέστη
2729 3322 3065 3388 διδάσκαλος,
3093 3323 3177 3385 τίς
3192 3321 3530 3382 ἐπισκόπων,
3554 3321 3706 3372 ποῖαι

444 3408 883 3467 summationem.
918 3408 1041 3467 Hzec
1080 3420 1259 3465 autem
1293 3411 1535 3473 ubinam,
1560 3411 1850 3468 didicisti?
1882 3412 2016 3480 Quis

2121 3417 2351 3481 σύνοδοι,
2386 3419 2537 3470 ποῖον
2573 3404 3041 3486 ὲκκλτησιαστικῶν
3074 3413 3283 3485 ἀνδρῶν
3316 3413 3575 3484 γράμμα,
3598 3428 3705 3463 που

446 3500 640 3561 horum
676 3500 768 3555 tibi
819 3500 1142 3557 informatur
1185 3502 1451 3558 exstitit?
1494 3503 1794 3575 Episcopus
1849 3506 2016 3576 quis?

2120 3508 2175 3561 δέ
2209 3525 2289 3561 σοι
2321 3508 2382 3561 τὸ
2415 3507 2572 3579 σῶμα
2599 3509 2659 3561 τὸ
2680 3508 2943 3561 ἀθάνατον
2977 3508 3245 3577 χωρήσειε
3275 3504 3371 3557 τοῦ
3405 3503 3703 3573 Σωτῆρος;

444 3589 648 3665 Synodi
675 3607 795 3663 qua:
816 3594 841 3646 Ἰ
874 3594 1015 3662 quod
1042 3594 1301 3663 scriptum
1342 3594 1413 3649 ab
1447 3594 1667 3649 homine
1690 3594 2020 3650 ecclesiasti-
2042 3591 2056 3607 '

443 3684 547 3740 co?
577 3701 772 3755 corpus
802 3684 932 3739 illud
963 3685 1275 3740 Servatnris
1304 3686 1610 3741 immortale
1634 3701 1740 3756 quo
1761 3686 2015 3741 secedet?

441 3778 578 3835 Nam
611 3794 731 3834 cum
763 3779 1101 3835 concesseris
1134 3779 1260 3833 illud
1284 3793 1407 3834 esse
1438 3778 1765 3845 immortale,
1793 3788 1848 3834 et
1879 3780 2016 3834 divi-

440 3871 911 3943 numappellaris,
952 3886 1173 3927 necesse
1196 3881 1280 3925 est
1305 3887 1579 3941 supponas
1608 3871 2019 3940 incorruptibile

442 3973 498 4018 et
521 3962 1007 4018 indissolvendum.
1035 3962 1187 4029 Quod
1229 3978 1358 4018 vero
1386 3974 1581 4017 natura
1624 3978 1720 4018 sua
1771 3963 1879 4018 tale
1912 3973 2016 4029 est,

439 4067 625 4111 manet
657 4056 843 4124 utique
898 4057 1200 4110 subsistens
1250 4063 1304 4110 et
1349 4055 1749 4111 indissolutum.
1795 4053 1901 4110 Sed
1960 4066 2016 4109 tu

440 4144 679 4202 Verbum
716 4147 897 4203 abillo
932 4147 1093 4211 tollis,
1132 4156 1187 4200 et
1221 4162 1342 4202 cum
1378 4147 1486 4201 Deo
1517 4145 1817 4216 conjungis.
1851 4146 2017 4200 Num-

441 4255 569 4295 nam
602 4241 767 4310 igitur
798 4241 917 4294 sine
946 4237 1126 4295 Verbo
1149 4238 1319 4294 solum
1365 4239 1621 4294 subsistet
1647 4253 1844 4308 corpus
1875 4238 2017 4293 istud

440 4333 496 4389 in
527 4332 815 4389 immortali
846 4340 903 4386 et
936 4334 1244 4400 incorrupta
1280 4330 1759 4386 irrationabilitate
1779 4370 1795 4396 ,
1836 4339 1890 4384 et
1912 4330 2014 4383 im-

441 4428 742 4484 mobilitate
763 4428 790 4481 ?-
828 4429 896 4481 At
927 4424 1162 4481 Verbum
1214 4425 1388 4493 ipsum
1438 4425 1700 4478 concedet
1728 4424 1781 4477 in
1823 4424 2013 4487 Deum,

440 4527 495 4573 et
522 4533 712 4574 rursus
748 4516 820 4571 illi
851 4516 1207 4584 conjungetur
1231 4520 1359 4583 post
1384 4514 1568 4570 carnis
1591 4513 2011 4584 separationem.

513 4732 573 4792 ἦ(
604 4728 701 4784 Ed.
734 4727 906 4783 Paris.
940 4741 1059 4796 pag.
1087 4724 1177 4779 56.

2118 3600 2380 3654 ἀθάνατον
2435 3600 2540 3671 γάρ
2594 3598 2870 3670 ὁμολογῶν
2902 3598 2996 3651 καὶ
3038 3598 3178 3652 θεῖον
3216 3593 3498 3667 ὀνομάζων
3531 3594 3669 3647 αὐτὸ
3687 3633 3703 3658 ,

2119 3693 2335 3756 πάντως
2368 3710 2470 3746 που
2517 3693 2612 3745 καὶ
2646 3691 2923 3762 ἄφθαρτον
2965 3692 3059 3744 καὶ
3104 3689 3385 3743 ἀδιάλυτον
3427 3686 3703 3756 ὑποθήσῃ⁶

2118 3784 2364 3852 πεφυκὸς
2381 3782 2437 3835 δὲ
2455 3780 2714 3845 τοιοῦτον,
2742 3782 2890 3852 μένει
2913 3778 3182 3843 συνεστὼς
3204 3778 3404 3849 δηλαδὴ
3429 3779 3524 3830 καὶ
3546 3776 3707 3830 eam-

2117 3872 2295 3926 λυτον.
2343 3872 2501 3926 Ἀλλά
2529 3873 2621 3933 τὸν
2668 3873 2839 3942 Λόγον
2880 3872 3111 3944 ἀφῄρεις
3141 3870 3328 3935 αὑτοῦ,
3358 3871 3453 3923 καὶ
3479 3868 3559 3940 τῷ
3580 3868 3706 3940 Θεῷ

2119 3967 2403 4038 συνῆπτες.
2458 3958 2667 4019 Οὑκόῦν
2702 3968 2829 4022 ἀνευ
2864 3968 3038 4034 Λόγου
3092 3964 3253 4037 μόνου
3290 3965 3404 4035 (96)
3430 3964 3492 4017 τὸ
3542 3962 3708 4033 σῶμα

2117 4058 2374 4137 στήσεται
2415 4059 2473 4111 ὲν
2505 4057 2756 4129 ἀθανάτῳ
2790 4058 2883 4111 καὶ
2917 4057 3178 4127 ἀφθάρτῳ
3213 4055 3406 4126 ἀλογίᾳ
3439 4053 3539 4107 καὶ
3584 4055 3707 4107 ἀκι-

2116 4149 2277 4221 νησίᾳ
2295 4149 2385 4214 ;τὸ
2414 4150 2471 4203 δὲ
2486 4149 2648 4214 αὑτὸς
2669 4153 2697 4203 ό
2720 4150 2894 4219 Λόγος
2915 4152 2993 4213 εἰς
3014 4148 3105 4202 τὸν
3126 4148 3258 4201 Θεὸν
3307 4149 3575 4218 χωρήσει,
3609 4144 3705 4199 καὶ

2118 4240 2516 4312 συναφθήσεται
2539 4238 2695 4304 αὖθις
2721 4241 2870 4313 αὑτῷ
2901 4242 3038 4312 μετά
3056 4241 3146 4294 τὸν
3173 4240 3272 4310 τῆς
3304 4240 3510 4313 σαρκὸς
3541 4256 3707 4311 χωρι-

2120 4333 2273 4402 σμόν.
2305 4328 2452 4405 τΑρα
2486 4334 2560 4406 μὴ
2610 4334 2684 4387 ῶν
2717 4336 2774 4388 ὲν
2804 4334 2881 4407 τῷ
2914 4333 3052 4404 Θεῷ,
3078 4334 3166 4387 ὅτε
3204 4335 3272 4403 τῇ
3309 4332 3478 4402 σαρκὶ
3504 4331 3701 4402 συνῆν·

2116 4422 2234 4475 ἀλλ’
2268 4421 2343 4477 ὠν
2372 4426 2430 4477 ὲν
2463 4423 2611 4495 αὑτῷ
2643 4424 2732 4477 διὰ
2755 4423 2973 4487 παντὸς,
3011 4422 3281 4485 συναῖδιός
3313 4438 3375 4474 τε
3420 4420 3499 4475 ῶν
3530 4421 3627 4474 καὶ
3647 4422 3705 4472 ἓν

2116 4514 2211 4578 καὶ
2258 4514 2452 4570 ταύτὸν
2507 4514 2586 4586 τῷ
2617 4514 2767 4586 Θεῷ;
2809 4515 2934 4579 Πῶς
2963 4509 3056 4569 οὖν
3098 4512 3343 4584 ὑπῆρχεν
3384 4513 3448 4567 ἐν
3482 4511 3564 4584 τῷ
3602 4510 3709 4566 uti):

509 4911 623 4979 (95)
653 4910 749 4977 Μή
782 4927 899 4965 που
929 4910 1260 4981 πυνθάνου.
1313 4908 1444 4981 Leg.
1506 4911 1579 4981 μή
1627 4927 1726 4980 μου
1764 4919 1823 4965 ut
1855 4910 2015 4980 paulo

2120 4911 2369 4981 ἀφαιρεῖς
2401 4941 2464 4951 -
2505 4911 2738 4980 συνῆπτε
2764 4908 2853 4964 ubi
2875 4907 3414 4981 συνάπτεσθαι-σοῖν.

438 4992 585 5038 ante.
607 4977 684 5035 Μ.
713 5011 785 5022 —
802 4982 932 5035 Dein
954 4982 1112 5049 vulgo
1142 4981 1195 5033 τί
1220 4980 1279 5052 δὲ
1296 4977 1466 5052 obviet
1484 4977 1800 5052 ἐγγράφεις.

511 5053 624 5125 (94)
656 5055 716 5125 ὀ
746 5051 823 5119 δὴ
858 5052 977 5125 καί.
1015 5052 1186 5125 Vulgo
1207 5051 1292 5125 ὅδε
1322 5050 1433 5105 καί.

511 5123 626 5193 (95)
688 5124 783 5176 Ἐκ
809 5123 914 5175 τοῦ
957 5123 1209 5190 Πατρός.
1260 5123 1421 5176 Deest
1468 5123 1577 5186 hic,
1632 5123 1839 5193 προῖόν.
1877 5123 2011 5177 Illud

439 5194 592 5257 κάτω
644 5211 659 5247 :
709 5195 776 5246 ad
833 5192 1103 5247 Christum
1153 5193 1367 5261 opinor.
1423 5207 1529 5245 non
1580 5192 1646 5245 ad
1702 5192 2011 5246 Marcellum

439 5266 780 5320 referendum
835 5273 938 5327 est,
1009 5263 1112 5316 hoc
1171 5272 1272 5323 est.
1326 5261 1601 5316 Christum
1654 5261 1782 5315 olim
1832 5262 2008 5330 λόγον,

439 5336 609 5397 κάτω,
646 5336 698 5387 in
731 5334 888 5386 terris
917 5334 1278 5392 incarnatum,
1313 5331 1722 5385 factumFiliuin
1755 5334 2009 5394 hominis,

688 5124 783 5176 Ἐκ
809 5121 914 5193 τοῦ
957 5119 1209 5190 Πατρός.
1260 5123 1421 5176 Deest
1468 5121 1577 5186 hic,
1632 5120 1839 5193 προῖόν.
1877 5119 2013 5193 illud

2195 4978 2307 5053 (96)
2328 4981 2528 5053 ίἈνευ
2560 4978 2753 5053 Λόγου
2784 4981 2997 5049 μόνου.
3028 4981 3163 5053 Ιιῐιο..
3198 4978 3395 5049 μόνονς
3428 4978 3699 5053 hocvult,

2120 5049 2294 5109 solum
2325 5052 2426 5107 hoc
2456 5067 2652 5120 corpus
2684 5049 2905 5113 Christi,
2933 5054 3049 5105 sine
3076 5049 3235 5119 Λόγῳ
3274 5064 3375 5120 suo
3402 5049 3701 5103 subsistere

2120 5123 2340 5186 debere,
2369 5119 2693 5181 immortale.
2720 5136 2841 5173 cum
2868 5132 3185 5175 caaterorum
3201 5119 3448 5172 omnium
3469 5133 3699 5187 corpora

2120 5192 2297 5246 futura
2329 5192 2434 5243 sint
2459 5189 2874 5260 λογικά.Τοιιιιη
2910 5192 3085 5245 locum
3108 5189 3196 5260 sic
3234 5188 3377 5260 lego.
3403 5198 3475 5260 et,
3504 5189 3695 5260 distin-

2118 5279 2257 5331 guo:
2283 5261 2513 5327 Οὐκοῦν,
2534 5256 2678 5317 ’ἄνευ
2702 5260 2795 5313 τοῦ
2820 5260 3015 5329 Λόγου,
3051 5259 3206 5331 μόνον
3232 5257 3409 5331 τοῦτο,
3429 5256 3499 5331 τδ
3526 5258 3693 5331 ,σῶμα

2115 5328 2369 5404 στήσεται
2396 5333 2443 5404 ὲ.
2472 5333 2525 5404 ἀλ.
2558 5350 2611 5386 κ.
2632 5334 2685 5386 ἀ.
2717 5334 2771 5404 ἀ.
2788 5348 2842 5404 κ.
2861 5328 3139 5404 ἀκινησίᾳ,
3173 5330 3265 5404 ὅτε
3289 5328 3459 5404 apto;
3478 5328 3689 5404 ὀλόγος,

440 5386 718 5460 ﬁliaiam
750 5407 875 5475 φής,
904 5386 1002 5456 hoc
1025 5410 1108 5475 est
1148 5386 1370 5475 inferius
1400 5400 1646 5475 aliirmas
1665 5402 1850 5475 istud:
1887 5386 2009 5454 nam

2120 5386 2239 5468 etei,
2258 5404 2363 5475 ἄρα
2381 5402 2454 5475 μὴ
2483 5402 2578 5465 ὠν,
2602 5415 2734 5475 ete..
2750 5401 2885 5454 ἀλλὰ
2915 5386 3106 5475 πρόών’
3125 5386 3182 5451 ἐν
3204 5398 3357 5475 αὑτῷ
3381 5386 3689 5475 διαπαντός.

438 5486 495 5528 et
516 5475 739 5528 inferius
764 5471 827 5526 et
866 5474 1113 5543 superius
1140 5471 1368 5525 aﬂirinat
1397 5487 1411 5524 :
1436 5472 1565 5525 hinc
1594 5472 1750 5533 illud,
1779 5472 2012 5543 Χριστόν

438 5545 749 5616 ὠνομάσθαι
786 5545 899 5598 ἀνω
931 5542 1314 5616 £_quanguam_
1338 5542 1845 5616 potinspn‘taverim
1896 5542 2009 5595 ἀνω

440 5612 761 5669 redundare.
789 5614 998 5671 M.—R.
1030 5630 1081 5682 p.
1125 5614 1195 5669 30
1225 5612 1581 5682 τοῦτον-οὑχ
1608 5612 2011 5682 ὅλων-έγεγεν-

443 5682 653 5755 νῇσθαι,
694 5686 805 5740 ἀνω
853 5680 1124 5755 καὶᾲκάτω
1154 5685 1261 5755 φής
1291 5685 1466 5738 deleto
1491 5680 1603 5755 ἀνω
1626 5680 2011 5755 ροσε-ὠνομά-

442 5751 584 5832 σθαι.
620 5754 745 5832 Dein
772 5756 929 5832 vulgo
956 5753 1082 5807 Υίδν
1109 5751 1289 5832 τοζῦ
1324 5770 1386 5832 γ..
1414 5763 1469 5832 e_t
1495 5754 1589 5806 καὶ
1624 5751 1829 5832 Ἰησοῦν
1847 5752 2006 5832 ’Χρι-

443 5823 566 5885 στὸν
621 5817 931 5893 ὠνομάσθαι
992 5833 1048 5881 et
1096 5825 1189 5879 καὶ
1223 5824 1279 5878 δὲ
1306 5817 1398 5877 καὶ
1427 5823 1479 5895 β.
1516 5834 1571 5880 et
1595 5817 1697 5875 ποῦ
1728 5822 1785 5891 ἐξ
1815 5817 1933 5877 οὖν’
1955 5834 2008 5880 et

2116 5474 2206 5527 Sic
2230 5470 2340 5526 vult
2373 5470 2633 5527 En'sebius
2669 5474 2712 5525 si
2755 5482 2873 5526 erat
2911 5470 2972 5523 έν
3013 5470 3310 5523 ὑποστάσει
3339 5485 3441 5521 sua
3484 5470 3693 5537 propria

2113 5558 2235 5596 cum
2279 5546 2611 5605 incarnatus,
2643 5543 2747 5610 ἔξω
2769 5551 2823 5596 et
2851 5540 3257 5612 κεχωρισμένος
3298 5549 3423 5593 erat
3459 5538 3559 5592 τοῦ
3580 5539 3694 5612 [[1-

2111 5613 2262 5684 τρός,
2294 5630 2394 5668 cur
2429 5627 2534 5666 non
2590 5624 2643 5684 et
2676 5608 2801 5684 ante
2832 5608 3058 5682 saecula,
3089 5608 3399 5684 cuin_esse_t
3430 5608 3695 5684 cuvgiotoq

2114 5672 2193 5753 τῷ
2210 5672 2424 5755 Πατρίῖ
2448 5683 2679 5755 bl.—ln_f
2680 5698 2733 5735 ra
2757 5672 2838 5740 Μ(
2863 5685 2917 5739 in
2934 5672 3082 5740 corr.
3105 5697 3196 5755 γρ.
3213 5680 3357 5753 δίχα,
3378 5679 3506 5736 loco
3525 5672 3695 5755 δίκηνέ

2114 5749 2247 5811 Dein
2279 5749 2437 5825 vulgo
2454 5753 2605 5808 ἔσται
2636 5749 2763 5829 ἆρα.
