3836 6216
158 297 252 353 821

1268 294 1551 380 CONTRA
1588 292 2019 351 MARCELLUM
2059 291 2187 350 LIB.
2230 294 2295 351 Il.

3272 301 3387 357 82}

161 433 301 486 ματι,
342 414 391 467 εί
438 414 537 485 μὲν
556 413 731 485 ψυχῆς
763 414 920 485 δίκην
943 413 1107 468 οἰκῶν
1138 417 1195 469 ἐν
1222 416 1370 488 αὐτῷ
1395 416 1580 482 ;ἔσται
1610 417 1725 487 ἄρα’

1841 415 2021 469 Eratne
2048 419 2178 484 ergo
2211 425 2366 472 extra
2390 417 2555 472 Deum
2587 426 2697 473 tum
2727 433 2848 475 cum
2893 432 3057 474 carne
3090 433 3379 476 conversa-

159 508 216 560 ἐν
238 505 542 567 ὑποστάσει,
576 504 668 558 τοῦ
699 505 914 576 Πατρός
940 506 1363 578 κεχωρισμένος,
1400 506 1508 571 ζῶν
1538 523 1598 559 τε
1625 506 1721 560 καὶ

162 596 395 668 ὑφεστὼς
421 598 481 650 ἐν
569 597 825 668 ἀνείληφε
858 596 968 667 (97)
1009 596 1192 668 σαρκί.
1220 598 1291 650 Τί
1313 592 1406 650 οὖν
1445 596 1678 650 ἐκώλυεν
1702 609 1727 661 ,‘

163 690 253 744 καὶ
274 688 372 760 πρὸ
395 688 494 760 τῆς
514 686 609 740 τοῦ
637 687 840 757 κόσμου
879 687 1210 751 συστάσεως,
1234 685 1361 739 Υἱὺν
1391 685 1529 739 Θεοῦ
1544 683 1720 749 ζῶντα

160 780 311 849 αύτὺν
333 778 646 850 ὁμολογείν;
680 778 818 832 Ἀλλ’
851 778 993 831 εἴποι
1021 778 1087 832 ἂν
1118 779 1269 842 ἴσως,
1291 776 1538 849 ἐνεργείᾳ
1561 780 1717 848 μόνῃ,

160 872 273 942 οὐχὶ
309 871 365 924 δέ
398 871 585 934 οὐσίας
620 870 948 934 ὑποστάσει,
984 872 1079 924 καὶ
1106 871 1163 925 ἐν
1197 868 1275 941 τῷ
1309 868 1519 940 σώματι
1561 885 1720 938 γεγο-

161 963 328 1016 νέναι·
384 978 406 1014 ι
441 962 701 1035 δραστικῇ
751 961 861 1034 γάρ
908 963 1156 1036 ἐνεργείᾳ
1208 961 1379 1033 μόνῃ,
1433 961 1603 1033 φησὶ,
1651 963 1723 1033 τῇ

165 1073 184 1107 ι
226 1055 382 1126 σαρκὶ⁵
398 1054 572 1108 συνὼν
596 1054 658 1107 τδ
683 1055 850 1107 κινεῖν
874 1052 1063 1125 αὐτὴν,
1090 1054 1183 1107 καὶ
1207 1052 1490 1125 πράττειν,
1515 1053 1722 1124 ὅσαπερ

165 1162 185 1197 ι
228 1145 642 1215 ἐνΕύαγγελίοις
663 1145 907 1218 φέρεται,
932 1146 1091 1217 οὐσίᾳ
1111 1144 1189 1217 τῷ
1211 1145 1331 1216 Θεῷ
1354 1145 1614 1216 συνῆπτο,
1634 1140 1722 1199 οἶα

169 1256 189 1289 ι
228 1238 392 1307 Λόγος
416 1238 675 1311 ὑπάρχων
698 1237 862 1292 αὐτοῦ
891 1236 1191 1309 ἀχώριστος
1222 1238 1318 1292 κα)¹
1346 1238 1717 1303 ἀδιάστατος.»

157 1330 223 1383 El
247 1328 307 1400 δὴ
330 1327 501 1383 ταῦτα
533 1329 701 1398 λέγει,
747 1330 1086 1401 ἐρωτήσασιν
1117 1330 1247 1400 ήμϊν
1301 1329 1721 1400 ἀποκρινάσθωο

156 1414 387 1490 Ἀρίέπὶ
423 1420 588 1491 μόνην
609 1419 707 1490 τὴν
744 1420 921 1490 σάρκα
950 1419 1151 1491 ταύτην
1177 1422 1212 1491 ή
1246 1418 1341 1473 τοῦ
1377 1421 1549 1489 Λόγου
1576 1420 1729 1492 ἐνέρ-

157 1526 279 1578 γεια
317 1509 570 1579 ἔφθακεν,
600 1511 720 1580 οὐχὶ
774 1510 831 1563 δέ
869 1511 962 1564 καὶ
1006 1511 1090 1580 ἐφ’
1134 1510 1354 1584 ἐτέρους
1407 1510 1727 1584 ἀνθρώπους

155 1603 281 1663 τοὺς
298 1601 482 1669 ἁγίους
517 1601 611 1655 τοῦ
638 1602 797 1667 Θεοῦ,
829 1603 924 1656 καὶ
963 1604 1042 1666 είς
1095 1602 1164 1657 τὰ
1219 1602 1382 1657 λοιπὰ
1434 1603 1496 1675 δὴ
1549 1605 1726 1661 πάντα

155 1691 251 1744 τοῦ
278 1690 459 1760 Λόγου.
474 1691 537 1763 δη
547 1695 776 1765 μιουργή
786 1710 961 1764 ματα;
983 1694 1102 1765 οὐχὶ
1131 1696 1160 1748 6
1191 1694 1353 1758 αὐτὸς
1379 1694 1593 1767 ἐνεργεῖ
1618 1695 1722 1748 Λό-

1818 509 2011 563 retur?
2042 523 2108 561 an
2133 511 2186 562 in
2211 509 2322 563 Deo
2351 510 2652 565 subsistens
2676 510 3022 585 sempiterno,
3052 521 3377 566 coaeternum

1818 601 2107 663 exsistens,
2128 615 2291 653 unum
2319 609 2480 670 atque
2504 601 2643 655 idem
2672 615 2892 671 prorsus
2914 616 3034 657 cum
3065 600 3212 657 Deo?
3235 602 3383 670 Quo-

1820 690 1982 745 modo
2004 690 2169 760 igitur
2198 705 2320 745 cum
2376 706 2603 771 corpore
2631 691 2766 760 fuit,
2797 692 2842 747 si
2872 695 3048 747 anima
3080 708 3273 762 expers
3297 694 3381 748 in-

1820 781 2086 836 habitavit
2127 781 2303 835 illud?
2332 782 2435 836 erit
2474 783 2549 836 ita
2577 783 2629 836 in
2664 784 2969 838 substantia
3014 783 3193 839 Patris
3224 798 3382 852 sepa-

1822 882 1997 928 ratum
2023 915 2039 941 ,
2070 875 2258 929 vivens
2302 877 2489 943 utique
2531 884 2587 930 et
2623 874 3028 943 subsistensﬁn
3075 891 3238 930 carne
3289 874 3381 929 illa

1822 980 1983 1036 quam
2032 967 2346 1038 assumpsit.
2398 967 2535 1033 Quid
2587 982 2718 1037 ergo
2765 967 3018 1037 prohibet
3044 968 3207 1022 etiam
3257 976 3385 1021 ante

1821 1057 2009 1112 mundi
2036 1055 2193 1127 hujus
2209 1058 2643 1112 constitutionem
2675 1057 2867 1113 Filium
2891 1058 2981 1112 Dei
3005 1059 3181 1112 vivum
3209 1057 3386 1126 ipsum

1822 1146 2076 1202 conﬁteri
2112 1147 2138 1201 ἰι
2195 1146 2300 1202 Sed
2352 1146 2586 1204 fortasse
2621 1147 2819 1203 dixerit
2840 1187 2857 1213 ,
2902 1146 3016 1204 sola
3049 1146 3385 1218 Operatione,

1823 1252 1931 1292 non
1978 1239 2299 1294 substantia:
2344 1239 2661 1310 hypostasi,
2709 1239 2764 1294 in
2813 1254 3041 1309 corpore
3097 1237 3389 1294 exstitisse.

1832 1344 1851 1378 ι
1887 1325 2176 1396 Operativa
2211 1329 2382 1394 enim,
2404 1328 2501 1394 ait,
2534 1328 2729 1383 virtute
2752 1327 3119 1398 sola,corpori
3150 1341 3389 1397 praesens

1830 1435 1851 1470 α
1888 1426 2039 1481 erat,
2077 1419 2144 1474 ad
2178 1419 2353 1489 ipsum
2401 1421 2722 1474 movendum
2763 1430 2818 1475 et
2847 1420 3179 1489 operaudum
3206 1417 3392 1474 omnia

1830 1527 1851 1561 ι
1886 1525 2007 1580 quae
2029 1506 2317 1564 narrantur
2348 1511 2401 1565 in
2436 1510 2765 1581 Evangeliis,
2791 1510 3097 1565 substantia
3129 1522 3259 1563 vero
3284 1507 3394 1562 Deo

1832 1617 1853 1652 ι
1888 1602 2351 1672 conjungebatur;
2380 1588 2564 1670 utpote
2594 1600 2829 1655 Verbum
2857 1601 3026 1670 ipsius
3070 1615 3191 1655 cum
3224 1606 3393 1661 esset,

1833 1709 1853 1743 ι
1891 1692 1958 1746 ah
2004 1691 2122 1761 ipso
2158 1690 2520 1760 inseparabile
2571 1700 2627 1744 et
2671 1690 3059 1745 indistinctum.
3115 1709 3135 1742 ι
3172 1695 3231 1752 >3
3268 1687 3394 1743 Haec

158 1799 252 1851 γος
276 1799 291 1847 ;
314 1783 423 1836 Καὶ
450 1783 555 1854 μὴν
593 1784 1011 1856 μεμαθήκαμεν,
1043 1785 1118 1849 ὡς
1152 1804 1170 1836 ι
1204 1785 1283 1857 τῷ
1322 1785 1480 1856 Λόγῳ
1514 1787 1719 1859 Κυρίου

1841 1783 1873 1836 si
1923 1782 2171 1847 dixerit,
2211 1782 2614 1837 sciscitantibus
2666 1781 2824 1837 nobis
2865 1790 2974 1835 tum
3019 1781 3340 1849 respondeat
3375 1798 3388 1832 :

156 1875 207 1927 οί
259 1874 476 1945 οὐρανοί⁸
515 1874 946 1948 ἐστερεώθησαν,
980 1896 1000 1927 ι
1056 1876 1154 1931 καὶ
1187 1896 1207 1930 ι
1248 1878 1316 1931 δι’
1351 1878 1515 1940 αὑτοῦ
1544 1879 1721 1934 πάντα

1841 1873 1957 1927 lum
1988 1874 2327 1945 pertingebat
2352 1874 2420 1930 ad
2450 1874 2620 1930 solam
2645 1874 2789 1929 illam
2823 1889 3043 1930 carnem
3070 1873 3233 1930 \lerbi
3251 1872 3395 1928 illius

154 1963 385 2032 ἐγένετο·
430 1966 523 2019 καὶ
569 1968 737 2039 χωρὶς
771 1966 937 2021 αὑτοῦ
962 1968 1178 2036 ἐγένετο
1210 1970 1331 2023 οὐδὲ
1364 1971 1442 2024 ἓν.
1466 1991 1486 2023 ι
1514 1971 1724 2026 Οὐκοῦν

154 2057 238 2111 am
261 2058 471 2128 ἐνεργεῖ
504 2058 614 2129 (98)
647 2059 742 2113 καὶ
772 2061 864 2115 ἐπὶ
902 2061 1115 2115 πάντων
1136 2061 1419 2133 ’ἔγνωμεν
1474 2064 1581 2117 ἀπὸ
1618 2064 1725 2117 τῶν

158 2147 314 2201 θείων
343 2148 595 2221 Γραφῶν,
618 2152 711 2205 καὶ
733 2151 809 2215 ὡς
838 2153 1028 2222 Λόγος
1053 2157 1274 2222 Κιιρίου
1300 2154 1537 2224 ἐγένετο
1579 2155 1727 2225 πρὸς

168 2237 346 2307 Ὠσηὲ
384 2239 491 2294 τὸν
534 2241 640 2296 τοῦ
694 2244 902 2310 Βεηρί·
963 2244 1078 2307 καὶ,
1127 2247 1318 2315 Λόγος
1365 2247 1581 2313 Κυρίου
1616 2246 1726 2316 (99)

157 2327 408 2399 ἐγενήθη
442 2331 591 2399 πρὸς
629 2331 877 2386 Ἡσαΐαν
901 2333 1037 2387 υἱὸν
1071 2335 1247 2404 Ἀμώς
1270 2352 1285 2366 ο
1333 2337 1426 2389 κα)¹
1471 2337 1553 2403 ὡς
1605 2336 1734 2406 ἐτέ-

156 2436 294 2478 νετο
329 2421 519 2489 Λότος
545 2423 765 2490 Κυρίου
790 2424 936 2493 πρὸς
978 2425 1282 2495 Ἰερεμίανο
1310 2444 1328 2478 ι
1363 2429 1459 2480 καὶ
1492 2429 1576 2497 ἐφ’
1601 2428 1735 2482 ἐκά-

158 2527 288 2564 στου
325 2511 382 2567 δὲ
422 2514 701 2584 προφήτου
733 2517 761 2567 6
791 2516 953 2579 αὐτὸς
997 2518 1215 2588 ἐνήργει
1255 2516 1350 2570 τοῦ
1390 2517 1524 2571 Θεοῦ
1555 2518 1731 2588 λόγος.

160 2601 285 2673 ’Ἆρ’
344 2596 438 2656 οὖν
479 2602 582 2673 τῆς
631 2603 751 2675 ῐσης
801 2605 961 2670 ἀξίας
1011 2607 1091 2678 τῷ
1153 2612 1432 2678 μονογενεϊ
1479 2608 1591 2679 Υίῷ
1638 2608 1733 2663 τοῦ

157 2692 297 2746 Θεοῦ
326 2694 596 2759 κάκείνοις
618 2697 787 2751 ἅπασι
822 2699 1008 2769 μετῆν,
1041 2699 1135 2753 καὶ
1163 2700 1326 2753 πλέον
1350 2700 1499 2753 οὐδὲν
1525 2701 1736 2772 ὑπῆρχε

156 2785 241 2858 τῷ
274 2787 506 2859 Σωτῆρι,
539 2790 587 2841 εί
609 2789 674 2861 δὴ
705 2790 957 2862 ἐνεργείᾳ
988 2791 1124 2865 μόνῃ
1153 2792 1260 2845 ὑπὸ
1291 2792 1386 2845 τοῦ
1420 2793 1595 2862 Λόγου
1643 2793 1736 2846 τοῦ

158 2874 242 2948 τῷ
261 2875 381 2946 Θεῷ
417 2878 760 2949 συνημμένου
790 2881 1037 2935 ἐκινεῖτο.
1084 2881 1222 2934 Ἀλλ’
1251 2883 1374 2936 οὐδὲ
1398 2882 1467 2937 τὰ
1503 2884 1593 2937 ῐσα
1628 2885 1742 2947 τοῖς

160 2968 470 3039 προφήταις
507 2968 692 3040 φέρειν
722 2969 904 3023 δίδωσι
927 2970 1245 3043 Μάρκελλος
1275 2971 1352 3043 τῷ
1392 2971 1616 3044 Χριστῷ
1642 2972 1747 3031 τοῦ.

1823 1965 2111 2034 operatio?
2142 1966 2509 2021 nonue‘etiam
2538 1975 2592 2021 et
2619 1967 2688 2021 ad
2732 1976 2962 2021 caeteros
3009 1966 3258 2020 homines
3296 1964 3392 2019 Dei

1826 2069 2044 2112 sanctos
2067 2097 2081 2121 ,
2136 2067 2191 2112 et
2234 2058 2300 2112 ad
2344 2067 2569 2114 caeteras
2600 2074 2790 2115 omnes
2817 2074 2847 2113 a
2870 2059 3051 2115 Verbo
3096 2059 3400 2128 productas

1828 2150 2150 2204 creaturas?
2184 2150 2342 2205 Certe
2374 2152 2592 2221 quidem
2633 2151 3050 2217 edocti-sumus,
3073 2150 3247 2206 Verbo
3280 2149 3392 2203 Do-

1828 2241 1957 2295 mini
1997 2241 2166 2295 caelos
2218 2241 2595 2298 constabilitas
2628 2260 2643 2297 :
2679 2252 2731 2297 et
2756 2243 2934 2297 omnia
2958 2257 3053 2313 per
3081 2242 3230 2296 illum
3255 2240 3394 2297 facta

1829 2331 2037 2387 fuisse:
2068 2341 2153 2397 et,
2183 2334 2301 2387 sine
2341 2333 2434 2388 illo
2472 2334 2676 2388 factum
2711 2334 2876 2388 fuisse
2914 2334 3045 2389 nihil
3079 2335 3325 2389 :scintus
3367 2347 3400 2387 e

1832 2423 2031 2478 divinis
2052 2423 2372 2493 Scripturis,
2402 2426 2674 2495 quomodo
2711 2426 2800 2481 hic
2833 2427 2885 2480 iu
2923 2426 3175 2481 omnibus
3209 2439 3401 2496 opere.

1835 2525 1938 2569 tur.
1969 2515 2244 2584 Scriptum
2266 2524 2346 2569 est
2372 2536 2395 2570 :.
2432 2514 2654 2572 Verbum
2683 2517 2897 2572 Domini
2940 2519 3009 2570 ad
3052 2517 3202 2582 Osee,
3227 2517 3398 2586 ﬁlium

1833 2605 1986 2661 Betri
2020 2607 2101 2672 ⁸⁰;
2132 2616 2222 2662 et:
2262 2606 2479 2662 Verbum
2511 2607 2724 2662 Domini
2765 2609 2963 2678 factum
2995 2609 3167 2662 estad
3198 2607 3415 2662 Isaiam.

1835 2700 2004 2768 ﬁlium
2030 2701 2189 2756 Amos
2211 2700 2291 2767 “ν;
2313 2710 2396 2756 et:
2432 2700 2659 2755 Verbum
2681 2701 2892 2755 Domini
2935 2701 3003 2755 ad
3032 2702 3313 2756 Jeremiam
3331 2700 3398 2754 δ’.

1838 2793 2233 2863 ln-unoquoque
2249 2794 2476 2864 denique
2500 2795 2757 2864 propheta
2775 2795 3098 2863 operabatur
3113 2793 3240 2848 illud
3260 2793 3402 2847 idem

1839 2884 2060 2939 verbum
2110 2885 2241 2952 Dei;
2278 2885 2539 2955 aequalem
2587 2886 2751 2956 igitur
2793 2885 2868 2941 illi
2896 2899 3086 2940 omnes
3112 2899 3233 2939 cum
3265 2882 3415 2938 Filio

1842 2976 1939 3032 Dei
1986 2975 2301 3047 dignitatem
2334 2976 2757 3047 participabant,
2787 2991 2889 3031 nec
2916 2984 3035 3031 erat
3063 2975 3241 3045 aliqua
3275 2976 3407 3030 Ser-

158 3058 323 3115 Θεοῦ.
377 3061 441 3114 Ol
488 3060 587 3132 μὲν
628 3060 738 3133 γὰρ
788 3063 934 3134 ζωῆς
988 3064 1204 3118 αἰωνίου
1233 3064 1502 3120 ἀθανάτου
1549 3084 1609 3121 τε
1647 3069 1736 3121 καὶ

1842 3068 2043 3124 vatoris
2075 3069 2465 3139 praerogativa;
2510 3068 2552 3122 si
2610 3068 2722 3123 sola
2755 3066 2844 3122 ille
2871 3066 3185 3136 operatione
3216 3063 3403 3129 Verbi,

159 3150 522 3223 ἀτελευτήτου
573 3151 873 3218 τεύξονται,
918 3156 998 3219 είς
1028 3155 1154 3220 τοὺς
1188 3157 1436 3222 ἅπαντας
1455 3157 1659 3223 αἰῶνας
1685 3161 1745 3213 ἐν

160 3245 231 3314 τῇ
263 3242 681 3317 κατηγγελμένῃ
710 3243 818 3298 τῶν
846 3246 1090 3319 οὐρανῶν
1118 3246 1361 3320 βασιλείᾳ
1405 3249 1744 3320 βιωσόμενοι,

159 3333 391 3402 ἀγαθῶν
412 3352 471 3388 τε
490 3335 907 3401 ἀπολαύσοντες,
938 3336 978 3392 ἀ
1004 3339 1312 3411 ὀφθαλμὸς
1344 3326 1458 3394 οὐκ
1486 3326 1606 3395 εἶδε
1646 3342 1744 3395 καὶ

159 3421 277 3492 οὖς
303 3429 415 3481 οὐκ
454 3426 684 3496 ἤκουσε
720 3428 819 3481 καὶ
862 3429 960 3482 ἐπὶ
992 3429 1245 3498 καρδίαν
1281 3430 1591 3500 ἀνθρώπου
1632 3434 1746 3486 οὐκ

155 3516 349 3585 ἀνέϐη
372 3535 384 3548 ·
415 3519 444 3577 ὁ
463 3518 520 3573 δὲ
548 3519 781 3590 Χριστὸς
813 3519 907 3572 τοῦ
939 3520 1096 3585 Θεοῦ,
1126 3522 1287 3586 αὐτὸς
1317 3523 1346 3576 6
1376 3523 1552 3586 κοινὸς
1581 3523 1749 3577 ἁπάν-

157 3623 279 3661 των
309 3607 522 3679 Σωτὴρ,
558 3610 586 3662 ὁ
608 3608 948 3679 πρωτότοκος
981 3610 1088 3666 τῶν
1120 3612 1329 3684 νεκρῶν
1349 3651 1365 3676 ,
1394 3615 1426 3684 ή
1459 3613 1614 3678 ἐλπὶς
1648 3617 1748 3686 τῆς

159 3700 279 3755 τῶν
307 3702 487 3770 ἀγίωνη
514 3703 882 3769 ἀναστάσεως,
916 3703 1075 3774 μόνος
1117 3704 1226 3775 ἄρα
1262 3705 1383 3758 τότε
1423 3705 1770 3777 ἀπολειφθή-,

162 3801 327 3846 σεταί
374 3793 793 3866 παυθησομένής
833 3793 998 3848 αὑτοῦ
1048 3798 1147 3867 τῆς
1190 3794 1483 3865 βασιλείας,
1517 3796 1612 3848 καὶ
1650 3795 1752 3865 τῆς

163 3889 441 3952 ζωοποιοῦ
472 3890 671 3961 σαρκὸς
707 3890 913 3961 ἐρήμου
938 3889 1032 3943 καὶ
1075 3888 1273 3957 ἀλόγου
1318 3888 1752 3960 καταλειφθησό-

169 3978 370 4049 μένης.
404 3979 479 4042 ὡς
512 3980 647 4050 μήτε
673 3978 1045 4050 προϋπάρχειν
1079 3979 1239 4034 αὑτὸν
1267 3977 1395 4031 Υἱὸν
1418 3978 1553 4032 Θεοῦ
1602 3980 1751 4045 ὄντα,

166 4074 315 4145 μήτε
348 4073 589 4144 διαρκεῖν
619 4075 697 4138 είς
727 4073 974 4146 ἄπειρον,
1001 4073 1144 4131 κατὰ
1184 4075 1282 4147 τὴν
1311 4074 1404 4129 τοῦ
1436 4077 1753 4149 Μαρκέλλου

160 4166 543 4233 διδασκαλίαν.
578 4167 818 4231 Εἰκότως
845 4167 953 4239 ἄρα
987 4166 1162 4225 ταῦτα
1194 4166 1415 4236 βασιλέα
1440 4169 1516 4239 (1)
1555 4169 1646 4223 τὸν
1679 4169 1757 4235 ὡς

163 4256 396 4329 ἀληθῶς
445 4258 663 4329 θεοφιλῆ
718 4258 813 4313 καὶ
853 4258 1248 4330 τρισμακάριον
1269 4258 1408 4313 κατά
1441 4259 1536 4313 τοῦ
1567 4261 1757 4332 ἀνδρὸς

164 4349 370 4416 ἐκίνει,
404 4349 577 4403 καίτοι
612 4349 776 4421 μυρία
799 4349 1247 4415 κολακεύσαντος,
1285 4352 1379 4409 καὶ
1400 4351 1569 4406 πολλά
1605 4352 1758 4422 βασι-

1842 3160 1984 3228 quod
2033 3174 2155 3214 cum
2187 3159 2296 3213 Deo
2329 3158 2540 3213 unitum
2592 3159 2864 3224 manebat,
2901 3157 3238 3211 movebatur.
3294 3154 3408 3208 lme

1842 3265 1972 3306 vero
2001 3251 2290 3307 Marcellus
2323 3265 2429 3306 non
2461 3250 2698 3305 admittit
2739 3248 2834 3304 Dei
2864 3248 3087 3315 Filium,
3118 3249 3186 3304 ad
3222 3262 3422 3317 mqua-p

1843 3343 1923 3398 les
1958 3342 2235 3413 portiones
2261 3356 2382 3397 cum
2435 3342 2695 3412 propheta
2748 3341 2958 3410 quovis.
3000 3334 3412 3409 Consequenter

1845 3435 1985 3489 enim
2017 3435 2095 3489 illi
2129 3434 2292 3489 vitam
2320 3443 2606 3495 aeternam,
2648 3431 3006 3486 immortalem
3026 3471 3041 3494 ,
3086 3441 3143 3486 et
3172 3430 3412 3486 indeter—

1792 3572 1802 3583 .
1846 3527 2156 3582 minabilem
2180 3567 2196 3593 ,
2239 3542 2336 3597 per
2369 3525 2563 3580 szecula
2605 3538 2794 3593 nempe
2825 3524 3007 3579 omnia
3060 3523 3113 3576 in
3146 3521 3431 3592 promisso.

1848 3619 1941 3673 illo
1985 3632 2150 3688 regno
2206 3618 2470 3673 caelorum
2525 3616 2774 3681 victuri,
2825 3614 3081 3669 fruitione
3117 3611 3414 3683 gaudentes

1848 3709 2112 3765 bonorum
2136 3750 2151 3772 ,
2187 3725 2307 3780 quae
2334 3724 2431 3764 nec
2455 3708 2647 3763 oculus
2682 3707 2848 3772 vidit,
2879 3720 2981 3761 nec
3011 3705 3159 3759 auris
3185 3702 3413 3768 audivit,

1851 3818 1951 3857 nec
1980 3802 2221 3856 ascendit
2257 3802 2310 3855 in
2342 3816 2437 3856 cor
2471 3800 2726 3854 hominis.
2775 3798 3029 3854 Christus
3068 3805 3247 3850 autem
3277 3793 3415 3859 Dei,

1851 3893 2155 3949 communis
2191 3893 2431 3948 omnium
2469 3891 2749 3956 Servator,
2787 3899 3119 3945 mortuorum
3149 3887 3419 3957 primoge-

1853 3985 2000 4039 nitus
2026 4025 2042 4048 ,
2092 3999 2214 4054 spes
2246 3984 2665 4039 resurrectionis
2700 3990 3011 4037 sanctorum
3036 4022 3055 4049 ,
3102 3980 3253 4035 solus
3289 3987 3419 4032 tunc

1855 4075 2278 4145 derelinquetur,
2298 4074 2477 4130 ablato
2507 4074 2608 4128 sibi
2638 4087 2824 4144 regno,
2855 4087 3022 4128 carne
3051 4069 3295 4134 viviﬁca,
3326 4085 3424 4123 nu.-

1855 4167 1920 4221 da
1955 4177 2009 4222 et
2031 4166 2333 4221 irrationali
2363 4166 2616 4221 derelicta
2651 4184 2665 4220 :
2696 4174 2755 4219 ut
2788 4164 2902 4234 qui,
2930 4183 2949 4216 ι
2988 4178 3092 4219 non
3121 4170 3241 4218 erat
3273 4161 3429 4232 prius

1857 4274 2014 4327 quam
2064 4267 2306 4314 exstaret
2351 4258 2556 4323 homo,
2611 4257 2783 4313 Filius
2839 4256 2971 4321 Dei;
3032 4274 3051 4307 ι
3099 4270 3275 4324 neque
3324 4266 3426 4321 per.

1859 4350 2215 4405 aeternitatem
2248 4351 2615 4417 perseverabit
2657 4364 2817 4414 esse,
2861 4348 3014 4418 juxta
3062 4345 3298 4404 Marcelli
3326 4344 3429 4397 do-,

163 4441 316 4504 λέως
364 4440 613 4512 ἐγκώμια
666 4440 830 4495 αὑτοῦ
881 4443 938 4495 ἐν
996 4441 1388 4513 συγγράμματι
1435 4442 1731 4507 διελθόντος

1858 4442 2111 4496 ctrinam.
2138 4441 2403 4506 Quocirca
2435 4456 2541 4495 non
2574 4439 2842 4495 immerito
2862 4442 3095 4492 luectarn
3123 4433 3422 4499 horrenda,

163 4532 369 4586 Ταῦτα
407 4532 465 4585 δέ
493 4533 588 4586 κα)⁸
621 4532 719 4603 τὴν
753 4533 915 4600 ἁγίαν
966 4531 1216 4599 σύνοδον,
1262 4535 1322 4586 ἐν
1372 4537 1440 4605 τῇ
1503 4533 1753 4606 βασιλικῇ

168 4623 543 4678 συνελθοῦσαν
598 4623 749 4677 πόλει
781 4623 839 4688 ἐξ
888 4625 1164 4697 ἐπαρχιῶν
1218 4624 1488 4695 διαφόρων
1508 4667 1522 4691 ,
1557 4626 1771 4683 Πόντου,

166 4717 276 4770 καὶ
308 4716 721 4779 Καππαδοκίας,
770 4716 953 4783 Ἀσίας
985 4733 1045 4768 τε
1078 4717 1171 4768 καὶ
1190 4716 1446 4787 Φρυγίας,
1482 4717 1576 4769 καὶ
1601 4715 1767 4772 Βιθυτ

167 4788 323 4873 νίας,
361 4808 583 4881 Θρᾴκης
613 4824 677 4874 τε
715 4809 809 4873 καὶ
837 4807 947 4860 τῶν
991 4807 1249 4860 ἐπέκεινα
1306 4806 1530 4879 μερῶν,
1583 4808 1767 4879 στηλι.

259 4992 323 5051 ᾖ
353 4984 454 5041 Ed.
481 4984 654 5040 Paris.
684 4998 806 5056 pag.
837 4982 925 5039 55.
1001 4984 1047 5016 ⁸⁸
1077 4983 1201 5042 Ole.
1242 5000 1283 5052 ι,
1328 4986 1380 5041 1.

254 5167 375 5240 (97)
400 5166 560 5240 ᾼἘνῇ
588 5166 1127 5240 drsungpe.Facil_is
1150 5163 1442 5240 restitutio,
1624 5164 1768 5240 ἀνεί-

254 5187 375 5240 ψι)
426 5187 558 5291 νων-ἧι
588 5187 898 5239 air-sumas.
929 5187 1127 5223 racius
1151 5187 1442 5230 restitutio,
1475 5187 1533 5217 εν
1563 5187 1597 5236 ῃ
1624 5187 1768 5217 ανει-

172 5241 348 5314 ληφε.
366 5238 829 5314 ι-έμεὶη-νυιευ
855 5239 1034 5312 σάρκα
1066 5238 1183 5314 l_oc_o
1214 5234 1377 5314 σαρξί
1395 5245 1449 5314 et
1473 5232 1586 5287 ἀλλ’
1615 5228 1769 5287 εἶπεν

78 5332 89 5336 ·
174 5302 398 5365 είὲηοι
425 5312 474 5363 εί
501 5309 558 5363 δέ
582 5302 857 5375 ταῦταλ,
889 5302 1051 5378 porro
1072 5302 1598 5378 evepyethﬁcpllaxsv,
1617 5319 1765 5359 corr.

333 5396 428 5435 σεν
453 5389 507 5434 et
535 5374 942 5450 ἐστερεώθησαν
958 5379 1065 5450 καὶ
1092 5374 1347 5450 δι”αὑτοῦ
1377 5374 1554 5450 πάντα
1575 5376 1658 5443 ἐγ.

259 5440 912 5522 (98)(1ὺκοῦνᾼὲνεργεῒ.
955 5449 1119 5522 Lege,
1156 5447 1258 5499 οὐκ
1288 5440 1407 5522 οὖν,
1426 5446 1510 5522 ὅτι
1538 5440 1768 5515 ἐνεργεῖ.

178 5515 497 5584 Ειὶιεῆηι,
529 5515 847 5590 ἀγαθῶν’τε
876 5517 1272 5590 ἀπολαύσονται
1303 5516 1375 5590 (c.
1397 5516 1430 5567 I.
1455 5515 1533 5590 5).

261 5590 383 5663 (99)
406 5583 819 5663 Vulgo'_éyévsco
832 5601 885 5645 et
901 5590 1120 5663 ἐνήργει
1152 5589 1181 5641 6
1207 5587 1367 5650 αὐτὸς
1383 5594 1437 5640 et
1451 5586 1499 5637 si
1513 5583 1589 5652 δέ,
1606 5598 1766 5654 porro

178 5660 371 5737 ἧκουε
384 5669 452 5737 et
475 5660 611 5737 Θεοῦ
632 5663 662 5715 6
689 5661 866 5737 κοινὸς
892 5661 991 5737 ἀπ’.
1018 5662 1083 5715 Σ.
1141 5729 1153 5737 .
1206 5736 1211 5737 ν
1353 5725 1387 5737 ,Α
1426 5724 1439 5737 ,

266 5732 350 5801 (Ι)
377 5730 661 5789 Βασιλέα.
694 5722 1112 5791 οοηείειηιίηυιη
1141 5725 1391 5798 intelligit
1419 5724 1530 5798 jam
1567 5722 1762 5781 deluu-

1477 4986 1521 5018 ⁸¹
1556 4984 1659 5042 lsa.
1686 5003 1725 5050 ι,
1757 4989 1810 5043 1.

1858 4549 2038 4603 regem
2072 4533 2219 4588 illum
2253 4548 2381 4589 vere
2409 4533 2738 4604 religiosum,
2760 4539 2815 4584 et
2842 4540 2922 4584 ter
2938 4532 3149 4585 beatum
3164 4526 3424 4581 adversus

1863 4626 2180 4692 scriptorem
2217 4625 2590 4687 concitarunt,
2626 4624 2751 4678 licet
2781 4621 2855 4675 illi
2895 4621 2948 4675 in
2985 4620 3189 4688 scripto
3219 4631 3318 4673 suo
3343 4614 3425 4669 in-

1860 4716 2027 4770 ﬁnitis
2057 4717 2230 4781 modis
2255 4718 2684 4781 adblandiretur,
2710 4722 2765 4769 et
2803 4713 2983 4768 multis
3013 4727 3135 4769 eum
3165 4707 3426 4766 encomiis

1862 4808 2196 4864 honestaret.
2250 4809 2377 4864 Haec
2409 4809 2464 4864 in
2506 4807 2657 4862 illum
2701 4810 3108 4862 commoverunt
3140 4814 3428 4858 sacrosan-

1887 4988 1937 5020 ιι
1956 4987 2069 5045 Jer.
2095 5005 2135 5056 ι,
2157 4986 2228 5057 2;
2262 5004 2390 5055 m.
2415 4987 2468 5049 ι.

1864 5174 2036 5231 ctum,
2064 5167 2150 5222 cui
2183 5166 2446 5236 scriptum
2477 5166 2607 5222 illud
2638 5181 2794 5221 suum
2826 5164 3116 5220 Marcellus
3142 5162 3423 5236 oﬂ‘erebat.

1866 5236 1917 5292 Is
1941 5236 2271 5306 Marcellum.
2299 5235 2381 5290 ’ab
2422 5237 2740 5291 Eusebianis
2776 5238 3086 5306 episcopatu
3116 5242 3342 5306 motum,
3369 5235 3426 5290 in

1865 5307 1983 5376 ejus
2010 5306 2182 5361 locum
2201 5305 2396 5377 Basilio
2417 5307 2647 5377 quodam
2666 5304 2977 5377 subrogato,
2993 5305 3155 5377 jussjt
3178 5304 3430 5377 exsulare

1866 5372 1921 5431 in
1962 5377 2192 5431 concilio
2240 5372 2859 5444 Constantinopolitano,
2897 5372 3429 5444 annorConstantini

1866 5447 2079 5512 ultimo,
2110 5444 2310 5500 Christi
2345 5444 2471 5509 556,
2525 5443 2822 5508 celebrato,
2860 5443 3013 5512 cujus
3058 5443 3146 5498 hic
3187 5445 3432 5498 meminit

1866 5517 2147 5573 Eusebius.
2180 5516 2233 5569 In
2255 5530 2362 5583 quo
2398 5516 2661 5569 Eusebius
2692 5515 2779 5570 ille
2795 5515 3115 5569 Arianorum
3152 5522 3335 5581 protos

1870 5528 2147 5573 Ettseblus.
2180 5528 2233 5569 In
2255 5530 2362 5583 quo
2398 5528 2661 5569 tsusemus
2692 5528 2779 5570 me
2795 5528 3115 5569 Arianorum
3152 5528 3335 5581 pratos

1870 5587 2041 5642 tarius
2060 5626 2075 5646 ,
2094 5586 2241 5657 olim
2274 5585 2720 5657 Nicomediensis,
2752 5585 3097 5657 praesidebat.
3122 5583 3281 5639 M.—
3310 5528 3437 5649 Εἰ

1865 5657 2026 5729 vulgo
2055 5656 2253 5711 Πόντου
2277 5672 2336 5709 τε
2362 5655 2475 5712 καί.
