3836 6216
148 339 255 395 829

1093 339 1182 395 DE
1219 339 1762 396 ECCLESIASTICA
1801 337 2198 396 THEOLOGIA
2229 339 2360 395 LIB.
2391 339 2433 395 ι.

3295 338 3400 396 850

147 477 266 526 σεις
297 461 628 526 εὐθύνοντες.
683 461 912 533 Συνάψω
943 462 998 516 δὲ
1057 461 1202 517 κατὰ
1231 461 1292 515 τὸ
1333 462 1465 516 αὐτὸ
1494 465 1560 533 τῇ
1605 463 1728 517 τού-

1836 477 1949 517 esse
1979 461 2361 517 refutationem
2387 500 2402 526 ,
2445 471 2507 515 ut
2555 459 2630 515 ita
2659 459 2887 530 singulis
2932 465 3183 514 constare
3213 469 3399 527 queat,

148 572 258 608 των
280 557 439 626 φωρᾷ
466 556 565 625 τὴν
587 554 681 608 τοῦ
697 556 947 627 Σωτῆρος
974 554 1129 626 ἡμῶν
1157 555 1433 623 θεολογίαν
1460 555 1721 626 νεώτερον

149 646 253 716 μὲν
279 645 458 713 λέγειν
509 644 647 715 ἔχων
676 646 846 710 οὐδὲν,
879 645 988 700 οὐδ’
1044 645 1280 716 ἐμαυτοῦ
1327 645 1489 714 σοφόν
1528 662 1580 698 τι
1627 645 1722 698 καὶ

144 738 346 790 οἰκεῖον
375 736 600 808 εὕρεμα,
625 737 726 807 τῆς
741 737 798 791 δὲ
813 737 1138 808 Ἐκκλησίας
1162 737 1255 791 τοῦ
1282 737 1416 790 Θεοῦ
1451 737 1548 808 τὴν
1574 736 1724 790 ἀδιά-

147 829 348 900 φθορον
369 828 716 882 διδασκαλίαν
743 828 1151 900 προϊσχόμενος,
1185 829 1251 900 ἣν
1293 827 1442 899 παρά
1473 828 1581 881 τῶν
1623 829 1723 882 αὐ-

144 919 361 972 τοπτῶν
389 919 482 971 καὶ
510 918 792 990 αὑτηκόων
825 918 919 971 τοῦ
976 919 1174 988 Λόγου,
1219 918 1424 972 ἀνωθεν
1455 919 1514 986 ἐξ
1547 919 1723 991 ἀρχῆς

146 1030 222 1066 πα
231 1011 560 1083 ραλαὸοὖσα,
597 1011 869 1081 φυλάττει.

1826 551 1976 606 illum
2011 552 2063 605 in
2089 565 2156 606 eo
2201 551 2347 621 quod
2402 550 2601 606 Filium
2638 551 2730 605 Dei
2768 550 3138 619 abnegat/erit,
3169 563 3237 602 ne
3279 546 3400 602 uni-

1825 661 1948 700 cum
1993 646 2062 702 de
2087 645 2258 701 sacris
2296 644 2495 699 litteris
2523 645 2895 700 testimonium
2945 645 3012 696 ad
3042 656 3156 696 rem
3184 639 3400 711 apposi-

1824 746 1937 792 tum
1963 777 1980 804 ,
2011 739 2065 793 in
2119 739 2436 806 longissimo
2482 737 2574 793 illo
2617 752 2779 806 opere
2804 751 2902 791 suo
2930 736 3238 805 protulisse.
3284 731 3400 788 imo

1825 843 1976 894 vero,
1995 828 2254 898 quidquid
2276 828 2343 882 de
2369 827 2665 898 Scripturis
2697 827 2899 890 attulit,
2921 825 3254 881 contrariam
3285 822 3399 892 pla—

1826 933 1896 972 ne
1937 933 2122 973 vocem
2169 918 2419 972 emisisse
2459 918 2672 982 sciant,
2712 927 2766 970 et
2799 931 2862 969 ea
2891 930 3012 985 quae
3044 914 3110 968 ab
3137 913 3226 968 illo
3251 913 3399 968 dice-

1827 1009 2026 1064 bantur
2067 1009 2270 1078 impie,
2323 1011 2378 1064 in
2425 1019 2636 1064 rectum
2686 1008 3048 1078 retorquendo
3081 1021 3295 1061 sensum
3343 1011 3397 1059 et

145 1104 495 1170 sententiam,
530 1104 813 1158 direxisse.
849 1102 970 1158 Istis
1002 1117 1165 1172 porro
1190 1103 1506 1172 conjunctas
1554 1101 1902 1172 copulaturus
1933 1117 2052 1157 sum
2101 1103 2168 1158 de
2202 1101 2508 1158 Servatoris
2557 1107 2730 1157 nostri
2776 1101 3058 1156 divinitate
3115 1098 3395 1154 rationes:

145 1197 283 1252 nihil
311 1212 342 1250 a
381 1211 466 1257 me
525 1197 642 1266 ipso
701 1196 914 1251 noviter
971 1195 1338 1262 adiuventum,
1375 1205 1467 1249 aut
1491 1195 1633 1249 domi
1668 1209 1800 1249 mea:
1828 1203 2018 1249 natum
2043 1235 2060 1262 ,
2089 1210 2154 1250 ex
2194 1195 2449 1259 opinione
2492 1195 2794 1264 profectum
2862 1191 3139 1262 sapientia:
3171 1188 3400 1258 alicujus

144 1306 283 1344 mea;
328 1291 639 1345 edicturus:
671 1291 765 1344 sed
807 1287 1063 1344 Ecclesiae
1125 1288 1218 1343 Dei
1287 1289 1584 1342 doctrinam
1619 1302 1730 1356 pra:
1770 1302 1856 1342 me
1895 1286 2106 1342 laturus
2161 1287 2565 1358 incorruptam,
2634 1300 2797 1356 quam
2843 1300 2874 1338 a
2933 1283 3157 1339 testibus
3208 1279 3399 1337 auritis

143 1383 276 1437 olim
311 1392 471 1452 atque
507 1379 736 1436 oculatis
764 1379 927 1434 Verbi
967 1389 1272 1449 acceptum,
1322 1380 1390 1434 ab
1424 1379 1596 1442 initio,
1634 1377 1725 1433 illa
1749 1378 1984 1434 custodit
2006 1378 2182 1434 adhuc
2216 1378 2531 1433 inviolatam

792 1520 949 1574 ΚΕΦ.
997 1521 1074 1572 Ᾱ’.

145 1634 280 1688 Ὅτι
325 1631 526 1702 μάτην
553 1631 885 1686 Σαόἐλλιον
908 1630 1208 1702 ’διέϐαλλε
1249 1628 1602 1697 Μάρκελλος
1654 1629 1724 1684 τὰ

641 1702 747 1756 ἶσα
777 1699 938 1766 αὐτῷ
957 1699 1238 1764 δοξάζων.

218 1837 333 1908 Πρὸ
355 1836 412 1889 δὲ
443 1836 542 1907 τῆς
577 1833 783 1888 τούτων
814 1833 1135 1899 ἐξετάσεως,
1185 1835 1370 1906 ἐπειδὴ
1394 1834 1590 1905 μεταξὺ
1628 1834 1722 1888 τοῦ

145 1930 578 2001 συγγράμματος
608 1929 698 1982 τὸν
729 1927 1016 1981 Σαὸέλλιον
1046 1928 1137 1980 ὑπ’
1176 1927 1340 1980 αὑτοῦ
1389 1928 1724 1998 κοπτόμενον

142 2015 329 2092 εὖρον,
358 2021 730 2090 καταπλαγεὶς
767 2021 868 2092 τῆς
920 2019 1260 2090 ἠλιθιότητος
1301 2019 1392 2072 τὸν
1434 2020 1621 2092 ἄνδρα,
1649 2019 1724 2082 ὡς

139 2114 248 2168 οὐκ
282 2113 534 2183 ἐφείσατο
579 2112 764 2177 κακῶς
815 2111 1134 2184 ἀγορεῦσαι,
1177 2111 1236 2166 ὃν
1271 2111 1488 2165 πάντων
1522 2111 1723 2182 μᾶλλον

141 2207 388 2259 ἐπαινεῖν
406 2205 568 2258 αὑτὸν
597 2205 786 2277 ἐχρῆν,
802 2203 1058 2275 ὁμόδοξον
1083 2203 1232 2275 αὐτῷ
1250 2204 1341 2258 καὶ
1369 2203 1723 2274 ὁμογνώμονα

141 2296 430 2366 γεγονότα,
484 2295 582 2366 οὐχ
628 2293 926 2366 ἡγησάμην
968 2295 1034 2348 ἄν
1065 2312 1117 2347 τι
1149 2293 1440 2368 παρελθεῖν
1470 2297 1593 2365 σιγῇ
1635 2294 1725 2348 τὸν

141 2388 326 2457 λόγον,
358 2386 694 2459 παραδοῦναι
721 2387 778 2439 δὲ
795 2387 891 2440 καὶ
911 2386 1105 2439 τούτου
1134 2385 1354 2456 ἔλεγχον
1380 2384 1459 2456 τῷ
1493 2385 1723 2456 παρόντι

139 2481 452 2553 γράμματι.
495 2479 568 2532 Τὸ
607 2479 705 2549 μὲν
737 2478 846 2550 γὰρ
877 2479 1003 2541 τοὺς
1072 2477 1167 2530 τοῦ
1208 2477 1338 2530 Υίοῦ
1380 2475 1726 2545 λειτουργοὺς

140 2574 287 2646 πρὸς
319 2574 363 2640 (l
381 2573 430 2643 l)
463 2571 628 2625 αὐτοῦ
658 2569 1067 2640 διαϐεϐλῆσθαι,
1116 2570 1164 2621 εί
1198 2569 1293 2621 καὶ
1317 2566 1468 2637 αὐτῷ
1506 2566 1606 2637 μὲν
1634 2566 1728 2635 ψό-

141 2683 264 2734 γον,
300 2667 410 2726 τοῖς
435 2664 478 2716 δ’
504 2663 975 2734 ἐλευθερουμένοις
1010 2662 1108 2726 τῆς
1141 2661 1278 2732 πρὸς
1313 2660 1476 2714 αὑτὸν
1529 2676 1723 2712 κοινω-

143 2755 266 2819 νίας
290 2755 533 2821 εὑδοξίαν
558 2757 862 2825 ἐπήγαγεν,
899 2756 1048 2825 ὅμως
1076 2752 1254 2824 εἴχετὸ
1282 2770 1426 2816 τινος
1454 2751 1726 2823 (συγγνὼ-

1751 1509 1797 1564 Β

2510 1519 2664 1575 CAP.
2703 1521 2744 1575 Ι.

1827 1610 2117 1668 Sabellium
2160 1629 2192 1666 α
2236 1611 2488 1666 Marcello
2519 1615 2687 1678 inepte
2732 1613 3122 1680 reprehensum,
3167 1626 3398 1667 cumco-

1895 1687 2014 1735 dem
2049 1685 2103 1736 in
2126 1699 2304 1737 errore
2326 1699 2443 1736 cum
2489 1681 2724 1737 Sabellio
2750 1683 2859 1752 ipse
2893 1700 2984 1751 per
3017 1683 3193 1736 omnia
3228 1697 3398 1736 uerse-

1897 1763 2004 1806 tur.

1893 1844 1964 1896 At
1995 1843 2311 1913 priusquam
2343 1844 2427 1898 his
2474 1843 2732 1914 accingar
2753 1843 3150 1910 examinandis,
3183 1859 3308 1900 cum
3341 1845 3398 1900 in

1824 1934 2008 2004 operis
2044 1947 2302 1991 contextu
2347 1935 2834 1992 animadverterem
2885 1936 3177 1992 Sabellium
3227 1939 3295 1992 ab
3334 1951 3400 1992 eo

1825 2025 1964 2081 male
1991 2027 2576 2090 mulctatum,hominis
2606 2026 2910 2083 fatuitatem
2936 2029 3237 2082 admiratus
3253 2043 3396 2093 sum,

1824 2117 1965 2184 quod
1997 2115 2073 2170 illi
2097 2118 2407 2186 neutiquam
2441 2119 2767 2186 pepercerit,
2790 2118 2885 2172 sed
2916 2118 3242 2187 impetiverit
3276 2132 3393 2170 ma-

1825 2207 2037 2262 ledictis
2066 2248 2080 2272 ,
2126 2223 2284 2278 quem
2326 2209 2576 2264 laudibus
2609 2220 2735 2264 ante
2763 2209 2898 2264 alios
2929 2209 3185 2278 prosequi
3240 2207 3403 2262 debe-

1825 2299 1938 2364 bat,
1977 2309 2159 2368 utpote
2185 2301 2267 2354 sui
2303 2301 2568 2371 dogmatis
2592 2310 3004 2364 assectatorem,
3054 2308 3111 2354 et
3155 2298 3400 2368 ejusdem

1825 2407 1947 2447 cum
1978 2395 2155 2462 seipso
2177 2392 2466 2462 Opinionis.
2501 2394 2721 2448 Decrevi
2751 2393 2872 2446 ideo
2906 2392 3070 2445 verba
3116 2392 3231 2459 ejus
3269 2406 3403 2444 neu-

1826 2483 2028 2552 tiquam
2056 2482 2270 2537 silentio
2300 2482 2611 2552 praeterire,
2656 2482 2750 2536 sed
2780 2481 2944 2534 veluti
2981 2479 3268 2550 quamdam
3306 2494 3402 2534 ac-

1828 2575 2129 2629 cessionem
2152 2615 2166 2640 ,
2201 2573 2345 2626 illius
2370 2573 2750 2627 refutationem
2793 2573 2921 2626 huic
2954 2573 3102 2642 Operi
3135 2573 3400 2643 adjicien-

1829 2669 1972 2721 dam.
2019 2665 2297 2734 Siquidem
2338 2666 2479 2734 quod
2523 2664 2614 2719 Dei
2664 2665 2942 2719 ministros
2977 2673 3232 2730 accuset,
3273 2664 3403 2718 licet

1831 2755 1962 2810 illud
2016 2757 2068 2810 in
2122 2756 2291 2823 ipsius
2337 2757 2721 2811 contumeliam
2763 2758 2940 2826 potius
2971 2756 3153 2821 cedat,
3185 2755 3400 2810 Iaudem

147 2851 279 2918 μης)
304 2847 527 2910 εἰκότως
566 2847 626 2899 τὸ
651 2847 825 2900 δοκεῖν
847 2846 918 2899 τὰ
953 2847 1026 2916 μὴ
1063 2844 1212 2924 αὑτῷ
1245 2845 1375 2914 φίλα
1408 2844 1688 2914 φαυλίζειν
1710 2860 1724 2874 ·

1836 2861 1961 2901 vero
2011 2859 2174 2916 atque
2207 2847 2662 2901 existimationem
2704 2849 2962 2917 majorem
3014 2846 3226 2901 illorum
3249 2885 3268 2918 I,
3306 2845 3402 2914 qui

142 2937 207 2989 τὸ
230 2936 288 2989 δὲ
309 2936 490 2990 λαθεῖν
518 2939 785 2990 κόπτοντα
811 2936 972 2990 αὑτὸν
991 2935 1080 2989 διὰ
1104 2937 1201 3007 τῆς
1222 2935 1316 2988 τοῦ
1349 2934 1728 3006 ὁμογνώμονος

151 3027 472 3100 δυσφημίας
528 3027 638 3099 (19)
679 3027 954 3091 ἀναιδείας
1016 3027 1206 3099 ἔμοιγε
1259 3028 1425 3090 δοκεῖ,
1478 3027 1592 3099 ἅμα
1637 3025 1730 3080 καὶ

144 3118 526 3190 ἀναισθησίας,
573 3120 858 3190 ὑπάρχειν.
893 3119 1018 3172 Ὅτι
1071 3120 1130 3173 δὲ
1179 3119 1334 3172 ταῦθ’
1368 3118 1540 3183 οὑτως
1590 3118 1723 3189 ἔχει,

142 3212 344 3281 γένοιτ’
379 3211 444 3265 ἂν
472 3211 688 3282 ἐλεγχος
713 3212 874 3276 αὐτὸς
909 3210 1123 3274 ἑαυτοῦ,
1152 3211 1460 3283 Υίοπάτορα
1490 3211 1580 3264 τὸν
1598 3209 1729 3264 Θεὸν

143 3301 292 3355 κατὰ
318 3300 411 3353 τὸν
457 3300 764 3363 Σαϐέλλιον,
817 3303 865 3354 εί
894 3302 989 3355 καὶ
1032 3301 1108 3371 μὴ
1142 3300 1335 3372 γυμνῷ
1356 3299 1434 3372 τῷ
1455 3300 1618 3370 λόγῳ,
1660 3301 1726 3372 τῇ

141 3391 278 3463 γοῦν
302 3392 529 3465 ἀληθείᾳ
557 3395 808 3463 εἰσάγων,
841 3393 920 3464 τῷ
969 3395 1068 3465 τὴν
1100 3395 1396 3447 ὑπόστασιν
1435 3394 1546 3464 (l3)
1574 3395 1727 3446 ἀναι-

147 3489 266 3558 ρεῖν
321 3485 414 3539 τοῦ
461 3484 612 3550 Υἱοῠ,
647 3485 741 3538 ἕνα
784 3485 842 3538 δὲ
879 3485 1010 3540 Θεὸν
1062 3485 1362 3556 ὁρίζεσθαι,
1404 3486 1497 3538 καὶ
1539 3477 1736 3538 τοῦτον

144 3574 343 3630 ἑαυτοῦ
375 3576 612 3648 Πατέρα,
641 3577 733 3630 καὶ
763 3571 829 3630 αὖ
849 3576 1009 3630 πάλιν
1034 3577 1162 3629 Υῖὸν
1191 3575 1484 3630 ἀποκαλεῖν
1509 3575 1724 3632 ἑαυτοῦ.

145 3667 324 3736 Λόγον
351 3667 460 3738 γὰρ
478 3663 619 3720 εἶναι
652 3667 776 3730 δοὺς
811 3668 901 3721 τὸν
943 3669 1000 3720 ὲν
1028 3667 1106 3738 τῷ
1135 3668 1272 3738 Θεῷ,
1299 3667 1357 3720 ’ἐν
1386 3685 1446 3720 τε
1473 3668 1569 3720 καὶ
1599 3667 1726 3720 ταὺ-

146 3759 244 3812 τὸν
295 3759 423 3812 ὄντα
468 3758 616 3829 αὑτῷ
664 3758 852 3812 τοῦτον
893 3759 1240 3830 ὁρισάμενος,
1275 3758 1494 3829 Πατέρα
1537 3757 1725 3811 τούτου

149 3850 511 3921 χρηματίζειν
539 3850 700 3903 αὑτὸν
732 3849 863 3920 ἔφη’
895 3850 984 3902 τόν
1013 3867 1069 3903 τε
1093 3850 1264 3919 Λόγον
1290 3850 1419 3902 Υἱὸν
1451 3845 1588 3903 εἶναι
1628 3850 1726 3902 αὑ-

146 3950 270 4014 τοῦ,
305 3951 404 4003 οὐκ
430 3949 646 4019 ἀληθῶς
670 3950 800 4004 ὄντα
826 3950 955 4004 Υίὸν
995 3953 1052 4002 ὲν
1081 3951 1266 4014 οὐσίας
1294 3951 1611 4014 ὑποστάσει,
1637 3967 1730 4002 κυ-

152 4049 288 4123 ρίως
338 4048 395 4102 δὲ
445 4048 541 4101 καὶ
587 4047 800 4120 ἀληθῶς
859 4047 986 4101 ὄντα
1038 4049 1230 4118 Λόγον.
1276 4047 1724 4118 Ἐπισημαίνεται

149 4150 307 4227 γοῦν,
335 4151 415 4202 ὅτι
449 4150 524 4221 μὴ
549 4149 1002 4222 καταχρηστικῶς
1029 4150 1206 4219 λόγον,
1234 4149 1370 4204 ἀλλά
1398 4149 1602 4222 κυρίως
1633 4147 1724 4201 καὶ

152 4252 369 4324 ἀληθῶς
391 4253 520 4305 ὄντα
546 4251 737 4320 Λόγον,
769 4252 864 4305 καὶ
898 4251 1060 4322 μηδὲν
1097 4250 1282 4322 ἕτερον
1307 4251 1338 4322 ἢ
1362 4251 1550 4319 Λόγον.
1581 4249 1714 4320 (14).

151 4353 218 4406 Et
271 4352 328 4404 δὲ
360 4352 522 4422 μηδὲν
553 4352 759 4422 ἕτερον,
797 4351 976 4421 δῆλον,
1001 4352 1076 4415 ὡς
1109 4351 1228 4404 οὐδὲ
1252 4351 1376 4414 Υἱὸς
1408 4349 1476 4423 ἦν
1521 4340 1726 4424 κυρίως

154 4452 250 4503 καὶ
275 4451 514 4523 ἀληθῶς,
546 4451 706 4523 μέχρι
741 4450 796 4503 δὲ
828 4452 1008 4523 φωνῆς
1043 4450 1133 4503 καὶ
1163 4450 1421 4520 ὀνόματος
1456 4467 1729 4522 καταχρη-

159 4554 361 4618 στικῶς
393 4553 798 4625 ὠνομασμένος.
840 4553 937 4606 Ἔν
959 4569 1016 4605 τε
1052 4548 1190 4605 εἶναι
1220 4551 1392 4620 λέγων
1415 4554 1509 4606 καὶ
1533 4553 1729 4608 ταύτὸν

157 4651 241 4723 τῷ
273 4651 393 4723 Θεῷ
441 4653 531 4704 τὸν
579 4651 773 4720 Λόγον,
822 4649 913 4704 τὸν
956 4649 1326 4720 σαρκωθέντα,
1371 4649 1466 4703 καὶ
1520 4650 1586 4703 ἐκ
1633 4653 1732 4723 τῆς

159 4755 438 4828 Παρθένου
461 4752 742 4824 τεχθέντα,
772 4751 904 4805 Θεὸν
943 4750 1102 4802 αὐτὸν
1131 4749 1430 4820 ἀπέφηνεν.
1459 4751 1523 4803 '0
1543 4748 1608 4821 δὴ
1637 4751 1740 4804 πά-

157 4860 248 4914 λαι
279 4861 374 4913 καὶ
397 4856 676 4930 πρόπαλαι
705 4854 796 4908 τὸν
821 4851 1110 4908 Σαϐἐλλιον
1142 4849 1513 4922 φθεγξάμενον
1545 4851 1740 4905 ἀπεδο-

235 5053 296 5114 ›Ῑ‹
324 5045 424 5100 Ed.
455 5042 634 5106 Paris.
665 5055 792 5112 pag.
822 5038 911 5095 6|.

231 5239 344 5309 (ll)
391 5235 499 5291 Τοῦ
535 5237 670 5291 Υιοῦ
702 5236 1106 5309 isnave-rode.
1161 5233 1430 5309 Nusquam
1485 5233 1732 5309 alibi_ita

159 5304 410 5384 loquitur
443 5309 738 5384 Eusebius:
785 5309 878 5360 sed
910 5304 1068 5384 Θεοῦ,
1101 5305 1376 5384 quomodo
1403 5313 1457 5384 et
1491 5305 1582 5358 hic
1627 5304 1733 5384 legi

159 5375 344 5432 .leliet.
379 5379 628 5440 Iutelligit
659 5391 774 5440 eos,
801 5393 934 5437 quos
959 5379 1010 5430 in
1045 5378 1216 5443 primo
1243 5375 1380 5428 libro
1402 5375 1468 5427 de
1498 5375 1735 5443 nomini-

159 5453 262 5505 bus
286 5452 490 5500 f'llthll.
523 5449 812 5506 Asterium,
833 5442 1166 5509 Narcissum,
1202 5445 1503 5506 Paulinum,
1531 5454 1640 5498 etc.
1662 5442 1730 5497 M.

229 5521 345 5590 (lii
388 5517 826 5590 :QHOWO'JMVOC
853 5515 1235 5590 δυσφημίας..
1267 5514 1557 5590 Deest,_vel
1593 5513 1734 5590 τινά,

160 5583 251 5640 vel
296 5583 582 5641 Σαόἑλλιον
628 5583 693 5640 de
749 5583 985 5640 nomine
1014 5583 1412 5653 cumpellatum.
1443 5583 1578 5636 Nam
1639 5585 1738 5636 αὐ-

158 5659 253 5714 τόν
285 5663 351 5711 ad
379 5657 688 5711 Marcellum
727 5658 923 5709 refero.
953 5655 1080 5709 Vult
1104 5665 1157 5708 et
1178 5655 1450 5722 stupidum
1484 5662 1538 5707 et
1567 5654 1741 5722 impu-

162 5733 382 5783 dentem
425 5744 544 5782 esse
571 5727 712 5792 quod
737 5725 1028 5780 Sabellium
1072 5724 1454 5792 reprehendat,
1486 5739 1608 5792 cum
1635 5739 1742 5790 quo

165 5791 900 5871 consentiebat.M.-Supra
916 5795 1074 5869 vulgo
1091 5791 1276 5849 τοῦτον
1296 5811 1311 5865 ;
1331 5794 1456 5850 dein
1482 5791 1590 5861 Mp.
1621 5809 1740 5860 συγ-

1832 2937 1899 2992 ab
1933 2938 2101 3007 ipsius
2129 2939 2505 2992 communione
2537 2944 2663 2992 sunt
2693 2938 2877 3002 alieni,
2904 2953 3008 2991 non
3038 2946 3215 2992 tamen
3243 2937 3404 2991 venia

1830 3039 1980 3085 caret
2027 3038 2082 3084 et
2122 3029 2473 3085 excusatione
2507 3048 2520 3084 :
2559 3046 2663 3086 non
2697 3030 2955 3098 absurda,
2991 3044 3112 3084 cum
3146 3044 3266 3098 quae
3301 3028 3406 3108 mi-

1835 3123 1982 3176 nime
2009 3123 2220 3192 probet,
2256 3136 2318 3175 ea
2346 3122 2703 3190 vituperanda
2731 3122 2832 3177 sibi
2863 3130 3107 3177 censeat.
3142 3122 3212 3176 At
3253 3120 3404 3176 illum

1828 3214 1964 3268 velle
1997 3213 2262 3268 mulctare
2296 3212 2454 3278 male,
2487 3213 2564 3268 sic
2592 3222 2650 3268 ut
2675 3221 2857 3283 speret
2886 3227 2944 3268 se
2973 3213 3275 3276 latiturum,
3300 3211 3398 3282 qui

1829 3305 2074 3358 eamdem
2115 3303 2336 3373 impiam
2387 3318 2571 3358 secum
2605 3304 2782 3359 foveat
2820 3304 3133 3373 Opinionem
3159 3342 3174 3366 ,
3226 3303 3407 3373 impu-

1829 3394 2026 3450 dentiae
2061 3394 2340 3461 cujusdam
2383 3393 2736 3449 intolerandae
2756 3434 2771 3459 ,
2795 3404 2850 3449 et
2877 3394 3075 3448 frontis
3102 3393 3407 3464 perfrictis-

1827 3488 1977 3540 sima:
2006 3487 2220 3540 videtur
2253 3500 2394 3550 esse,
2426 3500 2524 3540 nec
2549 3485 2769 3554 injuria.
2801 3483 2924 3539 Haec
2971 3493 3150 3538 autem
3197 3498 3258 3539 se
3305 3485 3407 3538 ha-

1827 3576 1953 3631 bere
1985 3576 2050 3630 ad
2089 3576 2232 3631 hunc
2280 3577 2498 3630 modum
2541 3585 2717 3645 patet,
2750 3590 2926 3644 neque
2953 3575 3092 3629 falso
3119 3590 3150 3627 a
3176 3589 3263 3630 me
3313 3589 3408 3628 ca-

1827 3667 2042 3722 lumniis
2067 3682 2188 3721 eum
2229 3667 2578 3737 proscissum,
2614 3682 2679 3721 eo
2708 3669 2853 3736 quod
2903 3668 2970 3721 de
3004 3668 3279 3721 sententia
3309 3665 3410 3720 Sa-

1827 3758 2082 3822 belliana,
2102 3764 2160 3821 ᾖ
2190 3758 2359 3812 Deum
2386 3758 2670 3829 compellet
2696 3757 3105 3812 Filio-Patrem.
3127 3759 3240 3812 Non
3260 3765 3410 3813 certe

1827 3850 2090 3913 disertim,
2115 3857 2168 3912 et
2198 3849 2559 3913 totidem,hoc
2582 3847 2759 3902 fateor
2776 3848 2984 3912 verbis;
3005 3847 3205 3902 talibus
3225 3855 3408 3907 autem

1826 3941 2028 4005 utitur,
2065 3955 2186 4010 quae
2218 3939 2538 4009 hypostasin
2587 3938 2709 3993 Filii
2745 3938 2950 3992 directe
2981 3939 3171 3993 tollant
3202 3958 3215 3993 :
3247 3955 3410 3994 unum

1826 4032 2164 4087 solummodo
2207 4032 2378 4086 Deum
2429 4040 2713 4086 statuant:
2740 4041 2902 4100 atque
2937 4032 3086 4086 illum
3123 4033 3293 4102 ipsum
3328 4031 3414 4087 sui

1827 4125 1991 4192 ipsius
2015 4123 2311 4194 genitorem
2349 4141 2363 4177 :
2393 4121 2656 4178 etFilium
2691 4123 2922 4193 denique
2942 4124 3202 4178 suietiam
3223 4124 3411 4194 ipsius.

1755 4204 1802 4262 D
1827 4213 1961 4268 Dato
1987 4214 2131 4268 enim
2155 4224 2208 4269 et
2236 4215 2740 4271 concessoVerbum
2766 4217 2818 4270 in
2848 4215 2956 4270 Deo
2986 4229 3106 4270 esse
3133 4257 3147 4280 ,
3184 4215 3326 4284 quod
3359 4221 3415 4268 et

1829 4322 1992 4359 unum
2018 4315 2180 4375 atque
2203 4307 2342 4361 idem
2375 4321 2495 4361 cum
2523 4307 2638 4376 ipso
2667 4307 2914 4372 exsistat,
2939 4321 3062 4360 eum
3082 4303 3303 4372 hujusce
3318 4303 3417 4360 Pa-

1829 4407 1965 4458 trem
2002 4397 2285 4453 dicendum
2337 4398 2500 4455 docet
2530 4416 2545 4454 :
2582 4408 2638 4454 et
2666 4399 2895 4454 Verbum
2939 4398 3099 4452 etiam
3149 4397 3264 4464 ejus
3292 4412 3415 4452 esse

1831 4481 2049 4558 Filium,
2070 4507 2406 4562 nequaquam
2429 4492 2622 4547 Filium
2642 4492 2997 4549 exsistentem
3030 4491 3081 4545 in
3100 4489 3414 4546 substantiae

1832 4583 2179 4639 subsistentia
2191 4624 2204 4646 ,
2219 4587 2434 4653 proprie
2450 4598 2578 4639 vero
2595 4591 2648 4638 et
2661 4583 2954 4638 secundum
2973 4578 3414 4644 veritatem,Ver.

1837 4674 1966 4729 bum
1997 4675 2347 4730 exsistentem
2384 4684 2584 4730 tamen.
2607 4673 2877 4741 Vultergo
2914 4671 3158 4742 intelligi,
3179 4669 3414 4732 Verbum

1843 4756 1996 4819 illum
2025 4779 2166 4834 esse,
2209 4782 2312 4821 non
2344 4765 2764 4829 cataehrestice,
2787 4763 2879 4819 sed
2910 4763 3195 4818 verissime
3215 4769 3269 4816 et
3286 4775 3414 4832 pro.

1844 4854 2116 4925 priissime
2141 4856 2401 4921 Verbum,
2428 4863 2592 4924 atque
2624 4863 2821 4923 praeter
2859 4851 3119 4920 Verbum,
3159 4851 3303 4906 aliud
3326 4849 3413 4905 ni-o

1839 5230 2270 5307 ypdttttartloco
2284 5228 2590 5307 γράμματι.
2623 5224 2752 5307 De_in
2787 5219 3115 5307 συγγνώμης
3133 5214 3412 5307 0:939:19;

1912 5284 2637 5373 δεῖν-ἧκηῦεὶρᾅξασιν.
2691 5294 2830 5373 Lege
2869 5284 2970 5362 ’τῷ
3009 5284 3145 5373 ’τὴνΔ

1845 5363 1949 5429 σιν.
1980 5363 2035 5428 In
2063 5389 2128 5428 eo
2151 5363 2302 5440 'quod
2333 5369 2452 5440 Filii
2491 5363 2896 5440 subsistentiam
2927 5367 3152 5440 negaret
3197 5370 3388 5440 separa

1845 5425 1952 5499 tam
1981 5425 2039 5498 et
2069 5425 2369 5512 propriam.
2401 5437 2470 5512 Μ,
2505 5465 2577 5512 -_-
2611 5434 2834 5512 ϐοτηειί
2865 5425 3135 5512 vulgatam
3161 5440 3226 5482 ex
3257 5425 3414 5482 codd.

1843 5499 2298 5587 ἀληθεείσάιὶοντξ
2319 5508 2418 5579 τὴν
2444 5507 2637 5587 ὑὲόσττ
2659 5514 2714 5560 ει
2735 5499 2870 5587 Sita}
2893 5499 3073 5587 ,αὖτξέο

1917 5572 2029 5654 (Ἠὶ
2084 5572 2171 5637 “Η’
2209 5572 2426 5654 Αόγοῆ.
2465 5578 2644 5654 Deest
2696 5572 3063 5654 suffulciendae
3139 5572 3420 5654 sententi?

1845 5637 2156 5778 ᾗεὶ-λέγέιν
2191 5637 2317 5778 ἆυ(
2360 5647 2554 5716 simile;
2607 5645 2814 5713 statim,
2858 5652 2981 5716 post
3010 5637 3418 5711 ὠνομασμένος,

1884 5736 2000 5778 (δεδι
2023 5743 2076 5778 υι
2111 5741 2157 5778 ς.
2249 5761 2262 5777 ο

1849 5729 2000 5785 deest
2023 5727 2157 5791 υἱός.
2191 5727 2262 5781 Μ.
