3836 6216
438 341 534 401 831
1101 341 1372 398 EUSEBII
1411 339 1888 398 CESARIENSIS
1921 343 2072 400 OPP.
2115 345 2292 401 PARS
2331 333 2532 399 ιν.“--
2570 335 2989 400 DOGMATICA.
3603 344 3707 400 832

443 456 701 528 lul,quod
729 461 774 514 si
803 459 950 512 aliud
983 456 1139 520 nihil,
1162 466 1272 510 tum
1303 466 1451 512 certe
1487 458 1682 527 liquet,
1720 462 1862 528 quod
1905 478 2009 516 non

2155 460 2348 531 ίμασεν
2379 459 2731 532 ἡἘκκλησία
2763 457 2855 512 τοῦ
2889 455 3047 524 Θεοῦ,
3081 459 3194 522 τοῖς
3213 457 3394 522 ἀθέοις
3430 460 3606 512 αὐτον
3636 461 3709 512 ai-

441 545 635 603 Filium
673 564 799 604 vere
832 559 995 619 atque
1022 547 1240 618 proprie
1289 549 1434 604 dicat
1470 590 1486 612 ,
1535 552 1630 605 sed
1688 549 1865 606 Verbo
1906 561 2017 606 tau-

2148 552 2415 617 ιεσιώταις
2435 552 2778 617 καταλέξασα
2815 550 2860 622 (1
2873 549 2947 619 5).

443 643 565 694 tum
585 651 740 695 tenus
766 651 928 709 atque
958 641 1176 696 nomine
1208 641 1603 697 catachrestice
1631 644 2020 711 usurpandum.
2048 641 2290 713 Cumque
2327 647 2561 699 Verbum
2594 647 2782 698 doceat
2805 660 2966 697 unum
2991 656 3112 697 esse
3159 649 3320 711 atque
3373 643 3511 696 idem
3553 657 3710 711 pror-

443 747 536 787 sus
567 748 689 786 cum
720 733 870 787 Deo:
907 733 1036 788 illud
1068 749 1261 802 nempe
1341 733 1573 787 Verbum
1660 734 2008 787 incarnatum
2039 773 2056 798 ,
2109 744 2292 789 natum
2350 738 2414 790 de
2457 737 2674 805 Virgine
2709 754 2722 789 :
2767 737 2938 802 ipsum
3008 749 3127 788 esse
3189 735 3352 787 Deum
3394 741 3707 790 asseverat.

443 823 595 891 Quod
642 826 772 880 olim
825 826 1112 897 aliquando
1145 844 1174 882 a
1207 828 1446 883 Sabellio
1480 829 1772 899 prolatum,
1799 829 1865 884 ab
1896 828 2136 884 Ecclesia
2181 829 2285 887 fuit
2331 831 2583 900 rejectqu
2613 873 2628 898 ,
2673 832 2951 901 ipsiusque
2997 841 3186 884 auctor
3265 846 3383 884 cum
3429 831 3708 887 hmreticis

444 918 624 990 impiis
690 932 1100 978 annumeratus.

1099 1018 1250 1074 CAP.
1284 1018 1347 1074 11.

444 1103 601 1174 Quod
627 1124 717 1175 per
747 1107 944 1163 Christi
970 1112 1198 1179 gratiam
1228 1111 1420 1164 collata
1447 1120 1521 1165 est
1565 1112 1814 1166 Ecciesia!
1849 1112 2020 1168 excel-

619 1179 729 1232 lens
751 1181 995 1248 quedam
1021 1184 1250 1251 cognitio
1287 1184 1349 1236 de
1395 1181 1555 1237 Patre
1576 1196 1623 1236 et
1659 1181 1824 1238 Filio.

518 1336 772 1392 Omnium
829 1341 1103 1408 principes
1149 1339 1457 1396 Iudaeorum
1489 1341 1658 1407 natio,
1689 1342 1792 1408 ,Dei
1851 1343 2016 1400 unius

447 1428 810 1498 cognitionem
845 1441 902 1485 et
955 1431 1356 1488 confessionem
1409 1443 1790 1504 susceperunt,
1823 1447 2016 1489 contra

447 1531 666 1572 errores
698 1519 991 1588 gentilitios
1027 1521 1094 1575 de
1135 1521 1359 1576 deorum
1403 1522 1768 1576 multitudine.
1801 1522 1869 1574 At
1894 1537 2019 1590 gra-

449 1607 522 1660 tia
549 1607 640 1661 illa
695 1608 952 1664 salutaris
1011 1610 1265 1665 Ecclesia:
1321 1611 1788 1678 communicavit,
1852 1613 2016 1666 veluti

447 1701 741 1769 quamdam
801 1704 1157 1758 excellentem
1229 1707 1689 1776 praerogativam,

451 1790 640 1854 Deum,
671 1791 886 1846 Patrem
912 1792 1034 1848 Filii
1058 1795 1346 1872 unigeniti,
1378 1797 1642 1865 proﬁteri.
1677 1799 1875 1854 Filium
1923 1816 2022 1854 au-

447 1888 556 1934 tem
586 1881 737 1935 illum
777 1884 954 1939 solum
994 1887 1242 1956 agnoscit
1267 1886 1448 1942 Jesum
1479 1890 1776 1955 Christum,
1800 1901 2024 1961 praeter—

446 1984 512 2025 ea
548 1974 774 2029 nullum.
813 1975 922 2030 Nec
967 1977 1114 2031 illum
1137 1979 1434 2034 secundum
1471 1983 1675 2050 carnis,
1711 1999 1874 2051 quam
1907 2000 2023 2040 sus-

446 2065 612 2133 cepit,
652 2068 1058 2134 generationem
1101 2067 1263 2137 (hanc
1296 2071 1498 2126 etenim
1531 2081 1587 2126 et
1614 2075 1748 2128 servi
1770 2074 2019 2143 formam,

446 2165 504 2211 et
538 2157 710 2232 ﬁlium
738 2162 964 2216 hominis
990 2178 1208 2228 vocare,
1232 2163 1419 2218 edocta
1444 2161 1585 2233 fuit),
1608 2166 1702 2220 sed
1725 2167 2020 2221 secundum

448 2246 597 2302 illam
648 2251 1010 2318 divinitatem,
1064 2270 1225 2324 quam
1260 2269 1290 2307 a
1339 2255 1498 2310 Patre
1556 2266 1610 2310 et
1663 2257 1772 2312 Deo
1833 2259 2021 2314 eodem

445 2339 640 2396 habuit
687 2353 814 2399 ante
848 2348 1031 2400 omnia
1081 2347 1300 2413 sarcula,
1338 2349 1606 2404 universis
1658 2351 2018 2420 incognitam.

449 2432 761 2490 Secundum
787 2453 950 2507 quam
977 2441 1410 2508 generationem,
1445 2451 1687 2510 paterna:
1721 2443 2024 2499 divinitatis

449 2524 865 2596 plenitudinem,
898 2540 953 2585 et
998 2533 1170 2600 ipsum
1216 2533 1438 2598 Filium,
1477 2533 1643 2588 Deum
1691 2535 1976 2589 constituit
2005 2575 2020 2598 ,

449 2631 558 2671 non
589 2633 618 2670 a
649 2619 830 2689 seipso
859 2637 1167 2690 possessam
1200 2624 1284 2680 vel
1312 2641 1341 2678 a
1388 2625 1550 2680 Patre
1596 2637 1924 2696 separatam,
1959 2633 2018 2692 >3

449 2709 546 2764 sed
579 2725 679 2766 nec
705 2712 820 2767 siue
847 2714 1115 2784 principio
1143 2715 1292 2770 illam
1337 2727 1394 2772 et
1441 2717 1813 2787 ingeneratam
1849 2721 2024 2774 deita-

448 2809 583 2866 tem,
627 2803 825 2858 nedum
877 2804 1096 2861 aliunde
1128 2807 1425 2862 derivatam
1458 2809 1836 2879 peregrinam,
1891 2811 2024 2865 hos-

448 2891 642 2961 pitam,
681 2905 736 2950 et
771 2912 800 2950 a
827 2896 989 2953 Patre
1014 2899 1267 2964 alienam,
1308 2902 1403 2955 sed
1434 2900 1501 2955 de
1529 2911 1754 2970 paterna
1792 2904 2022 2971 partici-

449 2984 691 3053 patione,
723 2985 888 3040 veluti
918 2987 984 3040 de
1007 2987 1121 3058 jugi
1163 2998 1325 3057 puteo
1361 2981 1412 3043 in
1449 2992 1624 3058 ipsum
1666 2991 1858 3057 eﬂuso,
1900 3010 2026 3064 pro-

2784 1018 2942 1070 ΚΕΦ.
2973 1017 3047 1070 B'.

2123 1109 2252 1164 Ὀτι
2301 1108 2376 1178 τῇ
2419 1111 2748 1178 Ἐκκλησίᾳ
2794 1111 2899 1163 τοῦ
2947 1109 3093 1162 Θεοῦ
3130 1110 3166 1177 ἡ
3225 1109 3480 1177 Χριστοῦ
3537 1109 3716 1178 χάρις

2193 1182 2308 1248 τὴν
2349 1181 2482 1247 περὶ
2536 1181 2766 1249 Πατρός
2817 1181 2913 1232 καὶ
2947 1179 3080 1233 Υἱοῦ
3131 1179 3357 1249 γνῶσιν
3395 1180 3715 1248 ἐξαίρετον

2192 1251 2557 1319 ἐδωρήσατο.

2196 1345 2270 1398 Τὸ
2311 1344 2408 1414 μὲν
2435 1343 2542 1415 γὰρ
2570 1342 2700 1395 Θεὸν
2722 1343 3002 1412 ὁμολογεῖν
3019 1343 3114 1396 ἕνα
3147 1343 3282 1414 πρὸς
3301 1343 3715 1413 ἀντιδιαστολὴν

2123 1435 2224 1506 τῆς
2250 1435 2515 1504 Ἑλλήνων
2545 1433 2804 1486 πολυθέου
2836 1432 3044 1504 πλάνης
3072 1435 3278 1506 πρῶτοι
3305 1434 3717 1506 παρειλήφασιν

2139 1526 2406 1580 Ἰουδαίων
2441 1525 2648 1588 παῖδες
2677 1525 2736 1578 τὸ
2773 1525 2828 1577 δὲ
2883 1525 2977 1578 καὶ
3022 1526 3242 1598 Πατέρα
3269 1527 3359 1579 τὸν
3388 1527 3557 1579 αὑτὸν
3585 1528 3717 1580 Υξοῦ

2130 1607 2453 1688 μονογενοῦς
2485 1614 2770 1686 γνωρίζειν
2796 1616 3075 1687 ἐξαίρετον
3109 1617 3277 1687 γέρας
3304 1619 3337 1687 ἡ
3363 1618 3523 1687 χάρις
3550 1620 3585 1688 ἡ
3617 1635 3719 1669 σω-

1765 1709 2017 1762 eumdem
2056 1755 2095 1781 υ
2125 1711 2311 1781 τήριος
2331 1713 2398 1780 τῇ
2446 1709 2742 1780 Ἐκκλησία
2773 1707 3088 1778 δεδώρηται·
3123 1710 3248 1762 Υῐὸν
3275 1709 3330 1761 δὲ
3361 1711 3473 1780 (16)
3503 1709 3718 1778 Ἰησοῦν

2127 1800 2360 1871 Χριστὸν
2400 1798 2559 1868 μόνον
2605 1794 2712 1851 οἶδε
2748 1798 2842 1852 καὶ
2875 1797 3066 1850 οὐδένα
3097 1797 3301 1869 ἕτερον’
3331 1798 3391 1848 οὐ
3422 1797 3570 1850 κατὰ
3625 1796 3719 1865 τὴν

2123 1891 2222 1960 τῆς
2253 1889 2473 1960 σαρκὸς,
2508 1889 2574 1960 ἢν
2603 1888 2879 1956 ἀνείληφε,
2914 1887 3150 1954 γένεσιν,
3179 1885 3403 1957 (ταύτην
3435 1887 3549 1956 γὰρ
3578 1885 3719 1939 δού-

2122 1986 2236 2038 λου
2250 1981 2516 2052 μορφὴν,
2539 1981 2634 2034 καὶ
2659 1980 2800 2035 Υὶὸν
2818 1981 3132 2048 ἀνθρώπου
3153 1980 3339 2034 καλεῖν
3361 1980 3719 2048 δεδίδακται·)

2125 2075 2265 2129 κατά
2296 2075 2353 2128 δὲ
2387 2075 2484 2146 τὴν
2515 2072 2575 2138 ἐξ
2609 2073 2775 2126 αὑτοῦ
2800 2073 2896 2125 τοῦ
2931 2072 3066 2126 Θεοῦ
3099 2074 3192 2126 καὶ
3214 2073 3424 2142 Πατρὸς
3452 2072 3564 2142 πρὸ
3588 2072 3720 2124 πίω-

2123 2186 2232 2222 των
2257 2167 2485 2222 αἱώνων’
2522 2167 2798 2235 ἄγνωστον
2832 2169 2944 2229 τοῖς
2963 2167 3097 2218 πᾶσι
3120 2165 3240 2219 καθ’
3265 2167 3331 2235 ἢν
3357 2165 3420 2218 τὸ
3441 2164 3720 2236 πλήρωμα

2123 2261 2222 2330 τῆς
2277 2259 2552 2332 πατρικῆς
2582 2258 2858 2328 θεότητος,
2889 2259 2984 2310 καί
3024 2258 3187 2310 αὐτὸν
3225 2257 3376 2322 Υἱὸν,
3419 2256 3560 2310 Θεὸν
3589 2257 3719 2308 ὑπε-

2127 2354 2383 2423 στήσατο,
2425 2353 2525 2406 οὐκ
2557 2352 2877 2421 ἰδιόκτητον,
2913 2351 3008 2403 καὶ
3027 2349 3121 2403 τοῦ
3152 2348 3364 2420 Πατρὸς
3396 2348 3719 2419 ἀφωρισμέ-

2123 2459 2242 2512 νην,
2277 2443 2382 2495 οὑδ’
2418 2443 2652 2513 ἄναρχον
2683 2459 2806 2496 τινα
2852 2442 2946 2495 καὶ
2980 2441 3293 2511 ἀγέννητον,
3327 2440 3451 2493 οὐδὲ
3494 2439 3718 2493 ἄλλοθέν

2126 2536 2291 2591 ποθεν
2323 2537 2478 2607 ξένην
2510 2537 2606 2590 καὶ
2653 2535 2746 2589 τοῦ
2778 2535 2992 2607 Πατρὸς
3027 2533 3312 2604 ἀλλοτρίαν
3352 2532 3717 2602 ἐφελκόμενον

2126 2630 2377 2700 θεότητα,
2402 2630 2460 2696 ἐξ
2489 2629 2662 2698 αὐτῆς
2686 2628 2744 2682 δὲ
2768 2628 2867 2699 τῆς
2906 2627 3182 2698 πατρικῆς
3219 2624 3512 2696 μετουσίας
3527 2624 3717 2694 ὥσπερ

2125 2725 2236 2779 ἀπὸ
2285 2724 2493 2795 πηγῆς,
2541 2724 2628 2776 ἐπ’
2681 2721 2843 2776 αὐτὸν
2893 2720 3264 2792 προχεομένης
3312 2717 3716 2790 πληρούμενον.

2125 2817 2289 2887 um
2312 2815 2420 2887 γὰρ
2438 2819 2495 2870 ὲν
2518 2814 2670 2887 αὒτῷ
2687 2817 2795 2869 πᾶν
2823 2815 2890 2869 τὸ
2919 2813 3210 2881 πλήρωμα
3238 2812 3353 2882 (17)
3374 2810 3488 2881 τῆς
3514 2827 3716 2879 πατρι-

2125 2908 2240 2976 κῆς
2285 2911 2514 2962 ἐνοικεῖν
2569 2909 2867 2976 θεότητος,
2920 2908 2950 2959 ὁ
3005 2905 3180 2976 μέγας
3232 2903 3556 2957 ἐπαίδευσεν
3608 2903 3715 2973 (l8)

2137 3001 2476 3066 Ἀπόστολος.
2521 3001 2614 3054 Διὸ
2651 3002 2716 3072 δὴ
2748 2995 2830 3065 εἷς
2861 3001 2996 3065 Θεὸς
3026 3003 3093 3073 τῇ
3137 3000 3436 3070 Ἐκκλησία
3459 2997 3555 3051 τοῦ
3587 2995 3715 3050 Θεοῦ

449 3085 703 3166 pagatam
748 3093 874 3132 cum
928 3079 1283 3148 plenitudine.
1338 3081 1620 3151 Siquidem
1663 3085 1717 3138 in
1773 3085 1861 3140 illo
1901 3088 2021 3143 solo

2148 3091 2474 3163 ιηρύττεταιο
2493 3093 2589 3146 καὶ
2619 3092 2720 3145 οὐκ
2753 3091 2899 3145 ἔστιν
2920 3091 3108 3163 ἕτερος
3147 3090 3286 3162 πλὴν
3313 3089 3506 3143 αὐτοῦ·
3545 3082 3630 3150 εἷς
3650 3085 3716 3162 ,δι

450 3161 705 3220 habitare
750 3167 1126 3235 plenitudinem
1179 3181 1412 3238 paternae
1465 3172 1682 3227 deitatis
1712 3173 1758 3206 “
1797 3190 2024 3244 magnus

2148 3161 2230 3238 ια).
2286 3183 2580 3260 μονογενὴς
2605 3183 2700 3237 τοῦ
2734 3184 2870 3238 Θεοῦ
2904 3161 3052 3248 Υἱὸς,
3104 3161 3268 3237 εἰκὼν
3312 3182 3414 3252 τῆς
3447 3161 3718 3250 πατρικῆς

452 3255 672 3312 edocuit
721 3259 1033 3326 Apostolus.
1100 3259 1252 3317 Hauc
1295 3263 1366 3318 ob
1419 3278 1640 3318 causam
1689 3264 1745 3318 in
1780 3264 2024 3322 Ecclesia

2137 3274 2411 3347 θεότητος,
2435 3277 2530 3330 καὶ
2561 3275 2649 3329 διὰ
2676 3274 2834 3328 τοῦτο
2859 3274 3012 3339 Θεός.

452 3363 598 3406 unus
623 3347 772 3404 solus
804 3349 947 3406 Deus
972 3353 1572 3424 annuntiaturmeque
1589 3354 1727 3410 alius
1751 3357 2024 3427 quispiam
2063 3374 2262 3433 praeter
2323 3381 2448 3422 eum
2483 3385 2497 3422 ;
2554 3381 2696 3422 unus
2767 3366 2954 3422 itidem
3013 3365 3104 3421 Dei
3153 3363 3323 3421 Filius
3379 3365 3718 3434 unigenitns,

454 3441 635 3516 imago
680 3455 922 3515 pateram
975 3445 1216 3516 deitatis,
1275 3456 1439 3518 atque
1491 3449 1565 3505 ita
1616 3450 1757 3508 Deus
1791 3452 1860 3508 ob
1902 3453 2009 3511 hoc
2044 3457 2243 3529 ipsum.

1086 3543 1239 3600 CAP.
1284 3541 1370 3601 Ill.

457 3635 616 3704 Quod
649 3637 812 3693 variis
846 3638 1114 3693 erroribus
1163 3638 1410 3708 impliciti
1439 3641 1753 3708 erraverint,
1789 3643 1854 3697 de
1887 3640 2032 3698 Filio

794 3709 1004 3764 diversa
1031 3709 1313 3766 sentientes
1345 3710 1409 3764 ab
1436 3708 1698 3766 Ecclesia.

529 3797 700 3867 Quam
730 3800 950 3870 quidem
975 3800 1262 3872 theologia:
1298 3801 1568 3858 rationem
1591 3802 1838 3874 plerique
1867 3803 2028 3860 intel-

2792 3559 2954 3612 ΚΕΦ.
2985 3558 3061 3612 Γ’.

2139 3646 2267 3700 Ὅτι
2297 3647 2584 3714 ποικίλως
2626 3646 3102 3772 ἐσῗάιῃσανηοί
3142 3643 3480 3713 ἑτερόδοξοι
3533 3645 3605 3698 ἐν
3647 3640 3723 3708 τῷ

2591 3731 2703 3772 περ
2758 3735 2866 3772 του
2901 3720 3036 3771 Υίου
3073 3717 3253 3772 λόγω.

2591 3717 2725 3786 περὶ
2758 3717 2866 3772 τοῦ
2901 3717 3036 3771 Υίοῦ
3073 3717 3253 3786 λόγῳ.

2209 3811 2314 3866 Ἦν
2337 3812 2403 3883 δὴ
2451 3809 2731 3880 θεολογίαν
2783 3812 2834 3865 oi
2859 3810 3046 3864 πολλοὶ
3076 3810 3218 3863 νοεῖν
3251 3808 3312 3862 οὐ
3347 3810 3720 3880 χωρήσαντες,

455 3887 628 3959 ligere
663 3905 770 3946 non
799 3890 1066 3957 valentes,
1106 3892 1287 3948 varios
1341 3893 1445 3948 sibi
1475 3909 1724 3949 errorum
1787 3897 2024 3953 tramites

2148 3905 2380 3970 ποικίλας
2422 3905 2701 3976 ἀτραποὺς
2732 3904 3037 3976 ἐπενόησαν
3087 3901 3316 3972 πλάνης·
3367 3902 3422 3954 οἱ
3459 3902 3561 3972 μὲν
3593 3900 3725 3954 Θεὸν

456 3983 881 4038 adinvenerunt.
915 3983 1057 4040 Sunt
1085 3984 1177 4054 qui
1209 3983 1406 4040 Filium
1465 3985 1633 4042 Deum
1681 4002 1802 4043 esse
1835 4003 2024 4044 conce-

2148 3999 2313 4061 iéwcc
2331 3997 2423 4050 τὸν
2451 3997 2599 4061 Υίὸν,
2639 3997 2732 4050 τὸν
2759 3996 2804 4050 δ’
2833 3995 3140 4066 ἄνθρωπον,
3184 3994 3242 4047 ὃν
3270 3993 3591 4064 ἀνείληφεν,
3625 3994 3695 4062 ἀρ

459 4072 650 4128 dentes
672 4073 946 4128 hominem
975 4075 1208 4146 ejerant,
1237 4091 1394 4146 quem
1425 4078 1738 4148 assumpsit.
1775 4078 1879 4134 Alii
1911 4097 2024 4148 pro~

2148 4092 2453 4162 θησάμενοιο
2481 4093 2529 4144 οἱ
2565 4089 2622 4143 δὲ
2653 4088 2809 4160 ψιλὸν
2846 4088 3134 4159 ἄνθρωπον
3167 4086 3518 4156 ὑποθέμενοι,
3553 4086 3645 4138 τὸν
3679 4083 3720 4137 δ’

460 4165 589 4220 fessi
631 4181 754 4221 eum
781 4165 1056 4222 hominem
1107 4169 1332 4235 nudum,
1385 4169 1552 4224 Deum
1581 4170 1634 4224 in
1666 4170 1786 4241 ipso
1818 4172 2038 4242 ignora-

2137 4187 2194 4238 ὲν
2240 4182 2387 4254 αὺτῷ
2414 4183 2546 4237 Θεὸν
2595 4183 2981 4254 ἀγνοήσαντες·
3018 4182 3066 4232 οἱ
3089 4179 3167 4243 δὲ,
3215 4178 3364 4248 φόϐῳ
3391 4178 3490 4231 τοῦ
3549 4178 3719 4232 δοκεῖν

459 4267 608 4314 runt.
642 4255 837 4323 Tertii,
863 4271 1006 4315 metu
1033 4259 1127 4314 Dei
1147 4259 1371 4316 alterius
1394 4261 1798 4329 iutroduceudi,
1820 4263 2024 4319 Patrem

2148 4274 2385 4346 Ξεύτερον
2436 4273 2772 4345 εἰσηγεῖσθαι
2804 4273 2956 4336 Θεὸν,
2988 4271 3079 4325 τὸν
3127 4270 3289 4325 αὐτὸν
3319 4265 3462 4352 εἶναι
3503 4271 3720 4340 Πατέρα

458 4362 622 4422 atque
638 4350 828 4406 Filium
848 4368 1016 4407 unum
1034 4367 1153 4408 esse
1169 4354 1529 4424 eumdcmque
1555 4354 1869 4422 opinantur.
1887 4354 2024 4423 Quas

2148 4372 2232 4422 καὶ
2273 4369 2400 4422 Υἱὺν
2441 4367 2779 4439 ὁρισάμενοι.
2827 4365 2924 4428 οὒς
2955 4366 3291 4435 ὲκτραπεῖσα
3329 4350 3389 4434 ἡν
3426 4363 3719 4434 Ἐκκλησία

459 4447 581 4501 vias
610 4447 736 4500 dum
767 4445 1012 4502 declinat
1042 4445 1283 4501 Ecclesia
1317 4446 1434 4511 Dei,
1465 4448 1791 4516 evangelicae
1823 4463 2032 4517 praeco?

461 4538 556 4596 nio
581 4539 829 4594 veritatis
857 4539 1139 4611 gloriatur.
1194 4538 1370 4594 Unum
1413 4539 1632 4608 quidem
1663 4539 1830 4596 Deum
1867 4541 2032 4610 proii-

459 4633 560 4686 teri
590 4647 669 4697 se,
700 4647 860 4702 supra
893 4648 1084 4688 omnes
1120 4632 1445 4697 venditans;
1477 4648 1644 4687 unum
1699 4647 1913 4702 quoque
1939 4633 2030 4686 Fi-

459 4724 591 4779 lium
627 4725 961 4794 unigenitum
1009 4722 1163 4794 ejus,
1204 4725 1375 4780 Deum
1407 4725 1473 4780 de
1526 4726 1635 4779 Deo
1659 4724 1842 4780 Jesum
1867 4725 2030 4780 Chri-

456 4827 934 4888 stum'agnoscens
963 4835 978 4885 ;
1006 4819 1256 4874 eumdem
1281 4819 1456 4888 ipsum
1476 4817 1733 4888 professa
1775 4817 2032 4873 Servato-

457 4926 575 4966 rem
609 4921 662 4966 et
705 4911 904 4972 Filium
955 4911 1214 4967 hominis.
1247 4911 1348 4978 Qui
1407 4927 1532 4966 cum
1596 4911 1830 4966 nondum
1868 4913 2030 4967 homo

419 4999 425 5064 ξ
459 5003 640 5059 factus
665 5003 866 5070 fuerat,
903 5004 1075 5061 Filius
1108 5004 1200 5059 Dei
1229 5014 1408 5059 tamen
1454 5004 1770 5058 exsistebat.
1803 5002 2028 5070 Factus,

417 5077 426 5090 ’
457 5097 605 5166 quod
631 5112 740 5152 non
763 5097 914 5166 prius
941 5097 1142 5163 fuerat,
1171 5097 1240 5154 ob
1257 5095 1687 5166 inexplicabilem
1711 5096 2028 5153 misericor-

461 5189 562 5244 dite
589 5198 828 5259 paterna:
855 5189 1372 5245 transcendentiam.

535 5356 594 5416 r3
620 5351 718 5407 Ed.
747 5351 921 5407 Paris.
949 5366 1070 5424 pag.
1096 5351 1186 5408 62.
1259 5351 1306 5386 ⁸³
1334 5351 1540 5409 Coloss.
1571 5365 1634 5419 It,
1672 5353 1726 5408 9.

531 5507 643 5631 με)
666 5508 724 5564 In
771 5511 898 5574 line,
946 5512 1159 5596 legend:
1205 5513 1637 5584 ὲγκαταλέξασα.
1678 5512 1750 5569 Μ.
1791 5541 1863 5554 -
1908 5509 2030 5567 Mox

553 5594 618 5631 ao
648 5582 804 5631 νάοις
830 5584 862 5631 ἢ
889 5600 982 5631 του
1006 5585 1155 5631 Σωτη
1167 5603 1275 5631 anc-

459 5582 804 5656 νυιερχάρις
830 5582 1275 5656 ὴεοῦίΣωτῆρος.

533 5648 823 5717 (16)“’Υὶὸν
853 5648 940 5708 δέ.
965 5655 1056 5708 Sic
1083 5648 1542 5721 legendummon,
1580 5665 1640 5710 ut
1671 5655 1799 5709 alibi
1829 5653 1924 5707 νῦν
1951 5651 2027 5705 δέ.

463 5715 866 5805 Ψιξιῆληθξξιρςν
903 5723 1071 5805 {milli
1103 5715 1391 5796 (τὸξςιιὶιίο,⁷
1417 5736 1473 5782 ut
1532 5715 1702 5805 γέρας
1759 5725 2032 5796 ἐξαίρετον

465 5787 689 5848 dabatur
718 5787 988 5849 Ecclesiae.
1023 5792 1094 5856 Μ.

2137 4457 2232 4513 τοῦ
2264 4456 2398 4512 Θεοῦ
2432 4456 2511 4528 τῷ
2562 4457 2660 4527 τῆς
2695 4454 2955 4526 ἀληθείας
3013 4452 3352 4522 εὐαγγελικῷ
3402 4451 3718 4523 κηρύγματι

2140 4549 2480 4620 σεμνύνεται,
2514 4548 2610 4602 ενα
2655 4547 2752 4618 μὲν
2778 4546 2866 4599 τὸν
2897 4543 2990 4598 ἐπὶ
3020 4545 3235 4600 πάντων
3263 4543 3396 4595 Θεὸν
3430 4542 3579 4612 ἔχειν
3625 4543 3715 4596 αὐ-

2136 4643 2325 4714 χοῦσα·
2350 4643 2447 4696 ἕνα
2474 4642 2529 4695 δὲ
2572 4641 2666 4694 καὶ
2710 4640 2836 4693 Υἱὸν
2874 4638 3158 4710 μονογενῆ,
3191 4635 3321 4689 Θεὸν
3347 4637 3414 4688 ἐκ
3441 4634 3582 4687 Θεοῦ
3622 4635 3717 4703 ’1η-

2141 4736 2267 4789 σοῦν
2295 4735 2530 4806 Χριστὸν
2560 4731 2996 4805 ἐπιγραφομένη,
3027 4732 3255 4800 Σωτῆρα
3286 4728 3378 4781 τὸν
3412 4729 3579 4781 αὑτὸν
3627 4729 3716 4781 καὶ

2138 4829 2264 4882 Υίὸν
2287 4827 2574 4899 ἀνθρώπου
2602 4827 2904 4897 γινόμενον,
2922 4822 3280 4894 ὁμολογοῦσα·
3304 4819 3436 4873 δντα
3467 4819 3568 4890 μὲν
3590 4819 3713 4872 Υξὸν

2136 4921 2292 4986 Θεοῦ,
2344 4920 2474 4992 πρὶν
2503 4921 2536 4992 ἢ
2577 4920 2671 4973 καὶ
2707 4916 2996 4990 ἀνθρώπου
3024 4916 3296 4985 γενέσθαι*
3328 4916 3427 4968 καὶ
3458 4915 3618 4969 τοῦτο
3661 4913 3712 4966 Es

2133 5013 2444 5084 γενόμενον,
2482 5013 2617 5082 ὅπερ
2653 5011 2754 5064 οὐκ
2784 5006 2874 5081 ἦν,
2924 5010 2993 5064 δι’
3031 5010 3232 5080 ἄφατον
3277 5007 3590 5079 ὑπερϐολὴν
3621 5006 3711 5074 τῆς

2134 5102 2229 5163 τοῦ
2269 5103 2481 5174 Πατρὸς
2513 5101 2703 5172 φιλανθ
2713 5101 2941 5173 ρωπίας.

2207 5511 2318 5582 (l7)
2370 5508 2440 5582 ῖὸ
2468 5507 2776 5582 animumita.
2817 5505 2969 5582 Illum
3003 5503 3094 5582 qui
3131 5501 3570 5582 (gratulantium,
3625 5511 3707 5558 aut

2138 5573 2505 5653 ἔχονταηΡυει
2525 5573 2796 5653 θεότητος,
2817 5579 2908 5653 qui
2940 5573 3504 5653 habebatnlﬁpwpa:

2211 5652 2321 5719 (18)
2361 5643 2772 5703 Ἐπαίδευοίεν.
2804 5643 3116 5719 Apostolus,
3154 5643 3366 5719 εοεαε.
3403 5643 3442 5708 i,
3483 5645 3569 5705 19.
3628 5643 3707 5719 do:

2139 5714 2380 5795 regard}!
2406 5719 2468 5772 τὸ
2502 5720 2772 5795 πληρωμα
2825 5714 2876 5771 in
2905 5717 3006 5795 illo
3041 5715 3400 5795 κατοικῆσαι..
3456 5725 3514 5768 et
3573 5714 3703 5792 quod

2140 5795 2227 5852 hic
2253 5793 2543 5858 indicatur,
2573 5786 2779 5848 (lolo'ss.
2813 5805 2872 5858 ιι,
2901 5789 2958 5856 9,
3012 5788 3120 5842 πᾶν
3153 5786 3212 5840 τὸ
3279 5786 3558 5855 πλήρωμα
3619 5786 3704 5852 τῆς

3085 6023 3114 6043 κ
