3836 6216
139 355 248 412 8'53

799 464 952 526 ΚΕΦι
983 472 1054 528 Δ’.

139 561 275 635 Ὀτι
313 567 506 635 μάτην
530 563 921 635 Χριστιανοὺς
952 564 1204 635 ἑαυτοὺς
1223 565 1529 634 λέγουσιν,
1563 566 1712 635 olm)

210 630 534 699 ὐφιστάναι
564 631 670 684 τὸν
713 633 849 684 Υἱὸν
879 632 986 685 τοῦ
1015 635 1162 688 Θεοῦ
1191 630 1643 704 ὀμοζίογοῦντεςξ

220 720 281 776 Ὀ
316 720 416 791 μὲν
437 720 500 792 δὴ
526 722 624 792 τῆς
651 722 907 791 ἀληθείας
935 722 1091 789 λόγος
1124 724 1276 776 ταῦτ’
1315 726 1379 776 ὲκ
1423 725 1714 795 προσώπου

141 812 243 882 βοᾷ
259 813 354 882 τῆς
370 813 711 881 Ἑκκλησίας·
735 815 784 866 οἱ
812 813 866 865 δὲ
885 814 975 865 τὸν
992 814 1118 866 Υἱὸν
1149 813 1243 866 τοῦ
1281 814 1415 867 Θεοῦ
1445 816 1610 886 ἀρνού
1621 834 1718 887 με-

139 919 244 966 νοι,
270 903 364 956 ἕνα
405 902 460 954 δὲ
492 903 622 955 Θεὸν
643 898 776 955 εἶναι
822 903 1140 971 φάσκοντες,
1185 905 1276 957 καὶ
1321 905 1471 957 οὐδὲν
1509 905 1712 976 ἓτερον,

137 995 192 1048 τί
225 995 320 1048 καὶ
344 994 730 1065 παρενοχλοῦσι
772 996 948 1066 μάτην
973 999 1038 1067 τῇ
1078 997 1394 1069 Ἐκκλησίᾳ,
1421 1001 1542 1061 ταῖς
1589 1000 1717 1052 Ἰου-

137 1086 304 1139 δαίων
330 1086 673 1157 προσομιλεῖν
703 1092 1046 1157 συναγωγαῖς
1075 1089 1226 1158 δέον;
1259 1089 1322 1142 Τί
1352 1089 1408 1142 δὲ
1439 1090 1534 1144 καὶ
1557 1090 1716 1160 βλασ-

139 1179 346 1250 φήμοις
403 1180 542 1247 σφᾶς
591 1179 790 1242 αὐτοὺς
826 1180 1208 1254 περιπείρουσι
1240 1180 1438 1249 λόγοις,
1477 1181 1567 1234 τὸν
1621 1183 1716 1236 ἕνα
1757 1189 1765 1197 ’

138 1270 275 1324 Θεὸν
302 1270 758 1338 συκοφαντοῦντες
797 1271 906 1341 (19)
952 1271 1156 1334 διτταῖς
1196 1273 1542 1344 ὲπηγορίαις,
1575 1276 1623 1327 εί
1651 1273 1715 1346 δὴ

135 1362 235 1416 τὸν
257 1362 418 1416 αὑτὸν
435 1361 654 1430 Πατέρα
685 1363 884 1416 καὶτὸν
900 1364 1060 1417 αὑτὸν
1077 1362 1202 1416 Υἱὸν
1221 1363 1560 1418 ὑποτίθενται
1575 1381 1590 1431 ;
1608 1366 1717 1419 Ka‘t

135 1451 286 1515 τινος
321 1452 428 1523 γάρ
455 1453 568 1504 ἐστι
591 1452 770 1524 πατὴρ
799 1452 1022 1524 μηδενὸς
1048 1453 1352 1522 ὑφεστῶτος
1385 1453 1504 1508 υἱοῦ
1526 1472 1540 1520 ;
1562 1456 1718 1519 Τίνος

135 1543 197 1595 δὲ
224 1543 338 1605 υίὸς
360 1543 531 1605 ἔσται,
568 1545 641 1614 μὴ
683 1545 1128 1616 προϋπάρχοντος
1160 1545 1254 1599 τοῦ
1298 1549 1714 1619 γεγεννηκότος;

135 1631 239 1697 Εἷς
259 1634 315 1686 δὲ
341 1633 436 1698 ῶν,
467 1636 682 1698 πάντως
706 1652 808 1689 που
847 1637 1010 1700 αὐτὸς
1041 1636 1193 1691 ἔσται
1226 1639 1254 1690 ὁ
1293 1640 1600 1712 σαρκωθεὶς
1622 1641 1718 1694 καὶ

136 1724 330 1779 παθὼν
387 1726 482 1780 καὶ
551 1727 644 1780 τὸν
701 1729 760 1783 ὲν
837 1727 1144 1800 ἀνθρώποις
1203 1729 1460 1796 διανύσας
1525 1731 1717 1786 θνητὸν

138 1816 280 1887 βίον.

1089 353 1178 408 DE
1217 343 1751 410 ECCLE'SlASTlCA
1791 342 2187 411 TI‘IEOLOGIA
2223 344 2350 410 Lm.
2385 342 2426 410 l.

1743 493 1790 548 Α

3277 345 3382 408 854

2464 469 2730 546 caelv.

1823 570 1975 635 Quod
2003 569 2284 640 frustra”
2313 570 2642 624 denominant
2677 568 3032 640 Christianos,
3061 567 3150 638 qui
3179 565 3226 620 Γ
3231 567 3382 621 ilium

2187 639 2285 694 Dei
2313 657 2416 693 non
2437 640 2669 709 fatentur
2703 639 3009 694 substitisse.

1887 737 2063 805 Atque
2085 737 2184 790 ista
2212 737 2430 805 quidem
2465 736 2711 790 veritatis
2741 734 2916 788 oratio
2953 740 3035 786 est
3068 746 3165 799 per
3196 729 3383 784 Eccle-

1817 823 1911 877 siae
1934 826 2263 892 praeconium
2309 824 2660 894 proclamata.
2711 821 2790 875 Illi
2850 837 3012 891 porro
3061 823 3150 889 qui
3184 819 3381 874 Filium

1820 914 1915 968 Dei
1956 913 2490 980 inﬁciantur,‘unum
2520 930 2651 968 vero
2683 914 2855 968 solum
2889 912 3054 966 Deum
3079 926 3197 966 esse
3229 911 3381 966 dicti.

1819 1014 1954 1071 tant,
1992 1021 2091 1061 nec
2117 1015 2311 1076 prmter
2337 1007 2485 1060 illum
2525 1005 2668 1060 aliud
2703 1024 2715 1060 :
2749 1019 3006 1074 quorsum
3043 1017 3102 1056 se
3126 1002 3380 1056 molestos

1818 1097 2074 1153 Ecclesia:
2101 1098 2193 1152 Dei
2219 1099 2477 1153 exhibent
2497 1099 2742 1162 ulterius,
2770 1098 2859 1166 qui
2889 1097 3069 1165 potius
3086 1094 3386 1152 debuerant

1817 1187 2098 1258 aggregari
2129 1190 2195 1242 ad
2221 1187 2882 1259 synagogasJudazorum?
2912 1193 2970 1250 >14
3001 1187 3265 1253 Quorsum
3296 1200 3384 1239 se-

1817 1290 1929 1335 met
1958 1294 2172 1350 quoque
2204 1280 2349 1349 ipsos
2379 1281 2560 1334 verbis
2593 1280 2966 1349 transadigunt
3007 1277 3388 1348 blasphemano
3429 1289 3457 1351 ι’

1818 1372 1983 1435 tibus,
2014 1387 2179 1424 unum
2209 1372 2397 1433 Deum,
2423 1372 2769 1441 sycophantae
2799 1370 2941 1424 velut
2971 1368 3166 1431 solent,
3201 1369 3389 1423 convi-

1817 1464 2028 1518 ciantes
2056 1478 2156 1534 per
2193 1465 2299 1517 duo
2331 1465 2674 1532 cognomina,
2727 1464 2768 1517 si
2801 1463 3050 1518 eumdem
3085 1462 3260 1533 ipsmn
3291 1451 3385 1516 Fi-

1817 1553 1972 1620 lium,
1998 1568 2156 1624 quem
2197 1563 2251 1608 et
2277 1553 2515 1621 Patrem,
2550 1571 2646 1624 per
2675 1553 2853 1609 omnia
2881 1569 3002 1608 esse
3025 1554 3381 1607 contendunt.

1817 1644 1982 1713 Cujus
2008 1647 2208 1700 etenim
2233 1655 2389 1716 pater
2412 1657 2558 1702 esset
2592 1647 2700 1712 ille,
2735 1646 2823 1716 qui
2855 1645 3026 1701 ﬁlium
3054 1660 3160 1699 non
3189 1647 3388 1699 habeat

1817 1737 1907 1805 qui
1937 1737 2237 1792 subsistat?
2269 1737 2438 1809 Cujus
2470 1755 2633 1810 porro
2658 1749 2714 1795 et
2751 1738 2842 1794 ille
2872 1739 3032 1802 ﬁlius,
3081 1737 3234 1805 cujus
3269 1737 3388 1791 nula

1823 1826 1906 1882 lus
1943 1830 2348 1898 praeexstiterit,
2384 1831 2474 1901 qui
2507 1833 2694 1902 genuit
2725 1846 2848 1886 eum
2888 1830 3088 1902 pater?
3116 1829 3271 1887 Unus
3313 1829 3389 1883 si-

136 1916 368 1985 quidem
430 1930 554 1970 cum
619 1917 865 1981 exsistat,
899 1932 999 1972 nec
1029 1917 1198 1984 aliud,
1243 1920 1465 1974 omnino
1502 1919 1620 1975 ﬁeri
1672 1935 1781 1976 non
1821 1931 1998 1993 potest
2031 1925 2209 1993 aliter,
2244 1927 2376 1997 quin
2423 1942 2564 1982 unus
2617 1927 2984 1998 idemque_sit
3029 1926 3386 1992 incarnatus,

135 2024 360 2081 passus,
391 2019 448 2066 et
495 2011 547 2064 in
581 2012 798 2067 homine
822 2028 942 2077 suo,
995 2015 1173 2069 vitam.
1203 2014 1513 2086 transigens
1553 2018 1864 2074 mortalem.

827 2130 985 2182 ΚΕΦ.
1019 2127 1096 2182 Ε⁸.

135 2219 344 2293 Ὅπως
390 2218 771 2293 ΙιῖᾴρκελλοςΔ
795 2219 906 2272 τὸν
945 2220 1081 2293 Υἱὸν
1114 2220 1222 2275 τοῦ
1264 2221 1412 2276 Θεοῦ
1455 2223 1714 2293 ἠρνεῖτο,

246 2289 362 2357 τὴν
381 2289 488 2344 τοῦ
514 2290 843 2344 Σαϐελλίου
860 2291 1209 2359 προαίρεσιν
1222 2289 1609 2363 μιμούμεῖθος.

220 2379 386 2433 Ἀλλά
437 2379 611 2433 ταῦτα
640 2379 867 2448 λέγοντα
903 2380 1189 2434 Σαϐέλλιον
1227 2383 1260 2452 ή
1303 2381 1598 2452 Ἐκκλησία
1622 2383 1716 2438 τοῦ

132 2469 276 2525 Θεοῦ
303 2469 380 2534 ὡς
405 2470 538 2524 ἄθεα
577 2471 671 2523 καὶ
695 2469 926 2540 δυσσεϐῆ
954 2469 1256 2541 τολμῶντα,
1286 2471 1499 2543 μακρὰν
1529 2471 1715 2542 ἤλασε.

133 2558 329 2616 Ταῦτα
369 2561 426 2614 δὲ
455 2562 772 2634 Μάρκελλος
811 2560 1164 2615 ἀνανεοῦσθαι
1199 2565 1476 2636 πειρᾶται,
1509 2580 1719 2635 προκαο

129 2653 384 2726 λύμματι
429 2653 706 2727 χρώμενος
748 2655 809 2708 οὐ
869 2653 1078 2725 πιθανῷ
1124 2655 1284 2726 λόγῳ.
1333 2649 1466 2710 Θεὸν
1495 2655 1604 2725 γὰρ
1626 2657 1722 2710 ἕνα

130 2745 318 2816 ὀρθῶς
343 2746 678 2817 ὁριζόμενος,
708 2745 895 2799 τοῦτον
923 2746 1083 2799 αὐτὸν
1115 2747 1286 2815 Λόγον
1320 2746 1463 2818 ἔχειν
1500 2749 1559 2800 ὲν
1592 2748 1720 2800 ἑαυ-

131 2838 217 2908 τῷ
242 2838 519 2908 ἡνωμένον
554 2839 646 2894 καὶ
681 2839 1023 2910 συνημμένον
1048 2837 1197 2908 αὐτῷ
1248 2857 1412 2911 φησιν
1434 2857 1448 2873 ο
1488 2841 1721 2895 κᾶπειτα

130 2930 236 2984 τοῦ
267 2930 384 2994 ἐνὸς
411 2929 546 2984 Θεοῦ
573 2931 635 2983 τὸ
667 2931 765 3002 μέν
795 2949 848 2984 τι
874 2931 1095 3002 Πατέρα
1116 2931 1287 2997 καλεῖ,
1318 2932 1379 2985 τὸ
1403 2933 1458 2986 δὲ
1476 2933 1626 2996 Υίόνέ
1645 2933 1722 2997 ὡς

130 3021 334 3092 διπλῆν
371 3039 491 3075 τινα
523 3023 616 3074 καὶ
650 3020 900 3075 σύνθετον
927 3022 1111 3076 οὐσίαν
1143 3026 1200 3076 ὲν
1232 3023 1406 3094 ἑαυτῷ
1427 3019 1561 3078 εἶναι

131 3117 255 3168 Καὶ
282 3113 433 3186 πόσῳ
475 3113 663 3166 τούτου
713 3113 976 3184 κρείττων
1029 3117 1086 3167 ὲν
1119 3114 1304 3167 κακῶν
1356 3114 1550 3186 ἐκλογῇ
1585 3117 1614 3168 ὁ
1646 3114 1720 3187 μὴ

131 3202 365 3274 διαιρῶν
417 3202 512 3273 μὲν
557 3203 657 3272 τὴν
684 3201 918 3272 ἄναρχον
953 3203 1045 3254 καὶ
1074 3203 1366 3273 ἀγέννητον
1403 3201 1496 3258 καὶ
1535 3205 1720 3275 θεῖκὴν

131 3292 390 3361 δύναμιν,
435 3290 524 3344 τὸν
558 3290 718 3343 αὑτὸν
766 3290 810 3343 δ’
867 3287 1005 3344 εἶναι
1059 3278 1333 3361 ὁμολογῶν
1400 3293 1590 3364 γυμνῷ
1643 3294 1721 3365 τῷ

132 3382 288 3452 λόγῳ
315 3381 448 3451 (21).
481 3381 638 3451 Πόσῳ
661 3380 717 3434 δὲ
737 3381 1010 3452 ἑκατέρων
1039 3381 1261 3451 βελτίων
1284 3384 1598 3448 ὁἸουδαῖος,
1630 3385 1721 3439 τὸν

2463 2116 2618 2172 CAP.
2664 2116 2729 2173 V.

1820 2203 2096 2270 Quomodo
2129 2205 2412 2264 Marcellus
2451 2208 2652 2262 Filium
2683 2209 2779 2264 Dei
2823 2208 3116 2278 abnegavit,
3149 2203 3373 2264 Sabellii

2171 2289 2365 2333 sectam
2391 2283 2599 2333 secutus
2622 2290 2668 2334 et
2691 2281 3034 2350 propositum.
3271 2314 3274 2318 ι

1891 2371 2177 2426 Enimvero
2219 2370 2512 2425 Sabellium
2542 2385 2665 2424 cum
2696 2371 2808 2439 haec
2827 2381 3093 2434 tueretur,
3125 2379 3382 2435 tanquam

1821 2461 2038 2516 alheum
2089 2461 2363 2516 hominem
2395 2469 2450 2513 et
2476 2459 2638 2529 impie
2675 2461 2956 2527 audacem,
2986 2461 3231 2516 Ecclesia
3267 2461 3384 2526 Dei,

1819 2552 2010 2622 procul
2039 2553 2369 2610 amandavit.
2391 2552 2516 2607 Haec
2536 2554 2724 2607 eadem
2760 2551 3046 2607 Marcellus
3075 2553 3389 2608 instaurare

1823 2645 2036 2700 demum
2078 2643 2300 2714 satagit,
2351 2647 2614 2710 praetextu
2646 2643 2877 2710 quodam
2927 2630 3080 2705 usus,
3137 2656 3390 2697 sermone

1823 2751 1929 2790 non
1961 2735 2247 2790 admodum
2275 2733 2562 2804 probabili.
2600 2733 2771 2789 Unum
2807 2733 2950 2786 enim
3005 2732 3171 2786 Deum
3238 2743 3390 2788 recte

1821 2828 2098 2898 professus
2129 2829 2269 2882 hunc
2301 2829 2477 2897 ipsum
2521 2828 2712 2890 Deum,
2741 2825 3080 2880 continuisse
3111 2825 3161 2877 in
3193 2839 3253 2879 se
3301 2823 3390 2878 af-

1825 2922 2003 2975 lirmat
2048 2919 2286 2975 Verbum
2312 2935 2467 2974 suum
2512 2918 2616 2973 sibi
2675 2917 2974 2984 adunitum,
3024 2916 3234 2984 sibique
3259 2931 3388 2970 con-

1823 3021 2051 3067 cretum.
2081 3012 2259 3080 Atque
2311 3012 2439 3065 hinc
2465 3025 2809 3080 progressus,
2858 3009 3000 3062 illius
3036 3009 3193 3062 unius
3225 3024 3389 3077 quem

1826 3104 1998 3159 tenuit
2027 3104 2149 3167 Dei,
2180 3103 2327 3156 aliud
2354 3101 2568 3156 Patrem
2609 3111 2802 3167 vocat,
2861 3101 3006 3154 aliud
3050 3099 3268 3164 Filium,
3324 3115 3392 3154 ac

1824 3196 1948 3250 siin
1979 3211 2086 3250 uno
2108 3204 2164 3250 et
2195 3195 2382 3249 eodem
2430 3193 2570 3248 foret
2608 3193 2802 3263 duplex
2841 3194 3087 3262 quaedam
3125 3195 3386 3257 essentia,

1825 3287 2013 3343 eadem
2041 3296 2096 3341 et
2122 3286 2444 3354 composita.
2484 3285 2547 3339 Et
2573 3294 2775 3353 quanto
2806 3285 3028 3354 quidem
3064 3287 3300 3348 rectius,
3357 3298 3389 3339 θ

1825 3379 2034 3432 duobus
2069 3377 2246 3441 malis,
2279 3379 2323 3432 is
2350 3377 2440 3446 qui
2468 3377 2727 3438 divinam,
2757 3377 3046 3444 ingenitam
3080 3385 3133 3430 et
3167 3377 3390 3445 imprin-
3478 3392 3479 3395 ‘

133 3475 240 3527 Eva
263 3473 395 3526 Θεὸν
427 3473 488 3525 οὐ
525 3471 746 3543 διαιρῶν
769 3475 848 3536 είς
887 3473 1104 3543 Πατέρα
1142 3475 1236 3526 καὶ
1271 3474 1394 3528 Υἱὸν
1417 3475 1717 3548 Μαρκέλλῳ

1828 3467 2076 3536 cipiatam
2102 3467 2357 3520 virtutem
2391 3481 2730 3535 nequaquam
2759 3466 3029 3527 dividens,
3074 3481 3239 3518 unum
3269 3475 3391 3518 esse

133 3564 560 3638 παραπλησίως,
576 3564 695 3618 οὐδὲ
715 3564 805 3617 τὸν
829 3563 989 3618 αὑτὸν
1012 3564 1323 3636 Υἱοπάτορα
1353 3567 1490 3620 κατά
1517 3567 1606 3620 τὸν
1627 3569 1723 3622 Σα-

135 3659 352 3714 σέλλιον
380 3658 634 3726 είσάγων,
659 3657 793 3711 ἀλλὰ
825 3659 996 3713 σέϐων
1027 3659 1123 3728 μὲν
1146 3658 1234 3711 τὸν
1255 3659 1406 3723 Θεὸν,
1443 3658 1721 3732 γνωρίζων

133 3752 193 3805 δὲ
228 3751 324 3803 καὶ
374 3749 686 3820 προσδοκῶν
736 3751 827 3804 τὸν
866 3751 1096 3820 Χριστὸν
1150 3751 1313 3804 αὐτοῦ
1366 3751 1456 3805 τὸν
1501 3752 1589 3806 διὰ
1614 3753 1721 3806 τῶν

136 3842 438 3915 προφητῶν
483 3840 632 3912 ἥξειν
665 3842 1083 3913 κηρυττόμενον·
1126 3842 1184 3896 ὃν
1216 3842 1458 3906 ἐλθόντα,
1488 3845 1609 3897 ἐπεὶ
1647 3846 1718 3916 μὴ

134 3935 526 4008 παρεδέξαντο,
559 3935 714 4006 δίκην
759 3936 855 4006 τῆς
887 3938 966 3998 εἰς
1009 3934 1169 3989 αὐτὸν
1202 3937 1460 4000 ἀπιστίας
1489 3937 1721 4008 ὑπέσχον

135 4043 197 4079 τε
237 4027 333 4078 καὶ
363 4024 640 4095 ὑφέξουσι.

800 4297 955 4349 xm.
983 4298 1070 4362 ς’.

287 4387 490 4452 Ὅπως
515 4387 554 4453 ἡ
589 4387 925 4454 Ἐκκλησία
944 4387 1052 4440 τοῦ
1091 4387 1238 4440 Θεοῦ
1289 4389 1579 4442 πιστεύει.

210 4480 280 4532 0i.
305 4479 363 4531 δὲ
394 4477 668 4531 πιστεύειν
697 4479 775 4542 είς
803 4477 894 4532 τὸν
933 4479 1259 4549 ἀφικόμενον
1287 4479 1352 4530 δι’
1380 4479 1543 4549 εὐχῆς
1573 4477 1723 4548 ἕχον-

133 4587 233 4633 τες
277 4571 408 4640 τρία
463 4569 634 4622 ταῦτα
665 4569 1003 4641 γνωριοῦσιν·
1045 4570 1156 4642 (22)
1181 4571 1272 4622 τὸν
1313 4573 1376 4623 ὲκ
1412 4571 1722 4641 σπέρματος

135 4663 330 4725 Δαὸἱδ,
363 4661 458 4714 καὶ
485 4663 582 4732 τῆς
603 4662 771 4732 αὐτῆς
813 4660 972 4730 ἁγίας
1000 4661 1295 4733 Παρθένου*
1333 4661 1426 4714 καὶ
1461 4661 1552 4714 τὸν
1583 4663 1722 4714 ἐνοι-

135 4753 395 4823 κήσαντα
418 4750 592 4823 τούτῳ
618 4752 744 4806 Υἱὸν
773 4751 866 4806 τοῦ
901 4751 1035 4805 Θεοῦ
1067 4752 1300 4824 προόντα
1327 4753 1422 4805 καὶ
1450 4751 1724 4816 οὐσιωδῶς

212 4959 282 5018 s11
307 4952 410 5011 Ed.
445 4951 618 5008 Paris.
646 4967 772 5024 pag.
800 4950 890 5018 65,
927 4951 1014 5024 61.)

137 5141 424 5212 θεότητος,
441 5141 772 5212 σωματικῶς
787 5141 1127 5212 κατοικῆσαι.
1150 5139 1415 5212 M.—qu
1440 5140 1600 5212 vulgo
1632 5134 1712 5194 διὸ
1744 5146 1791 5204 ι)

1822 3569 1982 3626 atque
2003 3558 2216 3610 unicum
2248 3557 2502 3611 exsertim
2531 3555 2829 3609 afﬁrmavit.
2853 3555 2916 3607 Et
2938 3563 3140 3623 quanto
3172 3555 3389 3622 quidem

1821 3656 2054 3714 utroque
2080 3646 2272 3700 melius
2297 3644 2540 3708 Judazus,
2567 3661 2731 3698 unum
2767 3645 2934 3698 Deum
2977 3660 3081 3698 non
3140 3645 3391 3698 dividens

1822 3738 1874 3793 in
1909 3738 2125 3792 Patrem
2159 3747 2212 3792 et
2245 3739 2297 3792 in
2326 3737 2562 3791 Filium?
2605 3737 2747 3806 quod
2776 3735 3055 3791 Marcellus
3100 3735 3252 3790 facit.
3280 3735 3392 3790 Nec

1821 3829 2068 3883 eumdem
2116 3829 2256 3898 quod
2308 3827 2574 3882 Sabellius
2608 3825 3175 3890 iaciI,Filio-—Patrem
3222 3826 3393 3880 intro-

1824 3923 1975 3976 ducit
2004 3940 2016 3976 :
2047 3923 2140 3976 sed
2173 3937 2296 3976 eum
2327 3922 2492 3975 Deum
2529 3931 2843 3983 veneretur,
2891 3919 3137 3988 agnoscit
3188 3928 3242 3973 et
3293 3933 3390 3974 ex-

1822 4024 2032 4083 spectat
2062 4014 2332 4068 Christum
2360 4013 2476 4082 ejus
2501 4027 2597 4081 per
2641 4013 2930 4081 prophetas
2959 4013 3335 4065 annuntiatum
3370 4026 3388 4065 :

1823 4117 1980 4172 quem
1999 4118 2118 4155 cum
2141 4102 2462 4167 advenisset,
2483 4102 2607 4170 quia
2637 4118 2738 4154 non
2765 4110 3136 4168 susceperant,
3163 4099 3392 4154 inlidelié-

1824 4196 1952 4249 tatis
1979 4195 2121 4250 illius
2161 4210 2372 4265 pmuam
2428 4193 2692 4248 sufferunt
2732 4193 2907 4247 adhuc
2935 4202 2988 4247 et
3019 4193 3385 4247 sustinebunt.

2427 4285 2444 4357 ι
2471 4285 2619 4340 CAP.
2655 4283 2739 4338 Vl.

2155 4376 2429 4443 Quomodo
2457 4378 2638 4429 credat
2674 4375 2910 4428 Ecclesia
2943 4373 3055 4426 Dei.

1893 4469 2080 4539 Atqui
2108 4470 2159 4523 in
2193 4470 2362 4535 illum,
2389 4470 2480 4538 qui
2507 4468 2745 4534 advenit,
2788 4466 3015 4519 credere
3055 4464 3388 4530 desiderant,

1826 4564 1939 4618 haec
1989 4565 2089 4616 tria
2135 4563 2421 4616 manifeste
2477 4561 2881 4616 conﬁtebuntur
2919 4578 2932 4612 :
2983 4567 3167 4612 natum
3197 4557 3264 4611 de
3300 4571 3390 4609 se-

1826 4658 1968 4710 mine
2002 4655 2238 4719 Davidis,
2290 4656 2517 4725 ipsaque
2544 4653 2676 4708 adeo
2708 4652 3051 4706 sanatissima
3110 4648 3330 4719 Virgine
3364 4665 3379 4704 :

1828 4747 2031 4801 Filium
2085 4762 2300 4817 quoque
2351 4747 2446 4802 Dei
2483 4761 2606 4801 eum
2655 4745 3072 4806 inhabitantem,
3107 4743 3196 4812 qui
3237 4742 3388 4812 prius

1887 5141 1998 5212 (ει)
2029 5137 2246 5209 Γυμνῷ
2271 5133 2351 5212 τῷ
2381 5135 2562 5206 λόγῳ.
2593 5131 3123 5212 Sabeliitts_na‘rnque
3139 5128 3262 5212 “vult
3294 5145 3385 5212 er-

135 5213 220 5276 δέ,
249 5195 316 5284 Δεῖ
522 5195 727 5280 θεολογ.
752 5195 814 5284 ξι
837 5206 916 5284 οἷς
947 5195 1177 5284 ἐκτραπ.
1202 5222 1257 5264 et
1286 5202 1412 5265 Υἱὸν
1453 5195 1708 5264 τοῦυθεοῦ

1828 5195 2226 5284 godhireelt'nm'
2258 5195 2422 5284 clam,
2441 5195 2558 5284 non
2574 5203 2841 5283 exsertin
2866 5195 3264 5284 Σαρελλιάζειν.
3283 5199 3388 5280 'Ju-

135 5293 200 5335 π.
231 5281 663 5351 ἦίκκᾷνθρωπον
694 5291 746 5334 ιιι
767 5281 860 5334 ἕνα
891 5283 939 5334 δ.
971 5281 1061 5334 τὸν
1081 5281 1143 5333 Θ.

207 5349 329 5422 (f9)
357 5349 518 5422 Vulg.
540 5351 1058 5420 Συκοφαντοῦντα.
1088 5352 1197 5422 lmo
1232 5350 1713 5417 συκοφαντοῦντες,

130 5420 236 5476 Est
283 5420 427 5474 enim
459 5421 794 5487 συκοφαντία
833 5422 958 5474 illttd
1002 5423 1067 5474 de
1097 5421 1203 5474 Deo
1236 5422 1549 5486 pra-dicare,
1576 5426 1716 5488 quod

132 5489 290 5546 Deus
324 5505 429 5543 non
453 5501 592 5542 erat.
619 5491 671 5542 lu
707 5500 976 5556 postremo
1004 5490 1107 5543 line
1131 5491 1345 5556 capitis,
1367 5489 1491 5541 lerri
1533 5494 1712 5545 l‘orsan

131 5571 328 5628 pOSset
359 5569 413 5629 et
446 5559 637 5629 θνητὸν
672 5559 803 5629 βίον.
827 5558 1108 5614 M.——‘Dein
1138 5560 1184 5610 εί
1211 5558 1267 5611 δέ
1300 5568 1354 5612 et
1377 5558 1492 5611 υἱοῦ
1518 5560 1708 5627 ὑφεστ.

127 5639 186 5683 ει
216 5628 494 5698 ἑνωμένον
533 5628 625 5682 καὶ
649 5628 766 5683 συν.

206 5697 884 5766 (20)υύσιάνὲνέαυτῷ
925 5699 1096 5754 εἶναι.
1156 5697 1359 5766 Recte,
1417 5710 1471 5754 et
1529 5709 1706 5756 tamen

127 5767 309 5838 ἔχειν,
335 5778 390 5821 ιιι
416 5772 571 5838 paulo
591 5771 739 5839 prius
771 5771 866 5840 legi
897 5780 1122 5840 poterat.
1145 5766 1217 5820 Μ.-

1815 5271 1913 5335 dxi
1981 5281 2142 5333 Deum
2206 5294 2311 5331 non
2366 5277 2718 5328 dividebant:
2756 5271 2878 5339 quia
2933 5273 3202 5324 Christum
3248 5271 3385 5338 ejus,

1820 5352 1993 5403 adhuc
2015 5356 2383 5414 exspectatum
2413 5347 2722 5402 credebant.
2769 5343 3080 5414 et_credunt
3111 5355 3307 5414 verum
3335 5351 3388 5393 et

1822 5435 2027 5474 merum
2069 5407 2359 5475 hominem.
2389 5417 2452 5468 de
2493 5413 2800 5468 hominibus
2825 5411 3084 5464 futurum.
3111 5407 3386 5464 M.——Mox

1827 5490 1986 5552 Vulgo
2017 5487 2187 5540 σέϐων
2211 5487 2303 5539 καὶ
2339 5486 2429 5538 τὸν
2451 5484 2510 5537 Θ.

1887 5549 2000 5627 (92)
2043 5558 2209 5626 Vulgo
2241 5555 2600 5627 γνωρίζουσι)
2632 5563 2682 5627 et
2705 5549 3192 5627 ἀπεστάλθηῌΜἍί-ιι
3217 5564 3386 5627 corr;

1816 5617 1938 5683 mox
1981 5617 2173 5696 vulgo"
2197 5617 2402 5688 ρι’Υἱὸς
2425 5617 2541 5676 ήτοῦ
2567 5623 2718 5694 ἄνθρ.
2754 5625 2811 5696 ὅ]
2835 5635 2888 5678 et
2923 5617 3085 5694 τριῶν
3108 5621 3166 5673 δέ
3200 5632 3251 5673 et
3279 5617 3389 5696 εἷεν

1813 5699 2006 5753 anno).
2040 5692 2096 5750 ei
2127 5696 2224 5767 τὴν
2260 5698 2356 5767 μὲν
2393 5696 2569 5766 σάρκα
2605 5692 2738 5747 τξσ.
2770 5692 2939 5748 Porro
2962 5692 3131 5759 ivulgo
3188 5693 3388 5743 σκοπὸν

1814 5781 1864 5825 et
1899 5767 2329 5838 δογματίζοντες.
