3838 6222
467 335 576 393 855

1141 334 1412 393 EUSEBII
1450 336 1932 394 CASSARIENSIS
1970 335 2122 398 OPP.
2162 337 2343 394 PARS
2378 336 2473 394 IV.
2512 367 2582 379 —
2618 336 3045 396 DOGMATICA.

468 454 736 519 exstabat,
783 459 839 507 et
889 454 1322 510 substantialiter
1352 457 1688 512 consistebat
1725 475 1740 511 :
1775 472 1878 513 nec
1925 472 2032 512 non

2140 457 2446 527 ὑφεστῶταο
2472 458 2568 512 καὶ
2597 458 2690 511 τὸν
2730 458 2923 512 τούτου
2955 458 3177 529 Πατέρα
3201 457 3357 521 Θεὸν,
3391 458 3484 528 ὑφ’
3515 453 3585 512 οὗ
3635 462 3725 513 καὶ

469 545 627 600 istius
661 545 875 600 Patrem
922 546 1089 600 Deum
1116 586 1132 611 ,
1192 562 1222 600 a
1270 563 1380 617 quo
1419 549 1620 603 missus
1671 548 1891 603 advenit
1921 549 2034 615 ille,

468 639 919 706 quemadmodum
964 639 1031 694 ab
1080 640 1197 708 ipso
1244 655 1385 709 smpe
1413 642 1631 709 ponitur
1662 642 1714 695 in
1763 641 2033 698 confesso.

466 727 633 783 Nobis
662 730 826 799 igitur
845 746 981 785 unus
1007 731 1150 786 Deus
1180 741 1283 798 est,
1303 750 1335 785 a
1364 738 1467 803 quo
1493 741 1615 786 sunt
1645 734 1823 788 omnia
1844 734 1913 798 “,
1948 750 2037 789 se-

465 825 700 876 cundum
741 823 983 893 Apostoli
1046 825 1274 879 dictum.
1306 825 1374 879 Et
1405 842 1543 881 unus
1572 827 1830 881 Dominus
1883 826 2039 882 Jesus

465 912 717 969 Christus
764 932 857 985 per
904 932 1054 981 quem
1088 926 1211 970 sunt
1256 928 1431 971 omnia
1487 918 1557 981 ⁸⁸,
1593 919 1685 987 qui
1719 917 1827 973 Deo
1866 919 2039 974 Filius

465 1005 776 1075 unigenitus
805 1008 1233 1076 praecursistebat.
1270 1008 1333 1061 Et
1362 1009 1573 1071 tertius,
1596 1010 1892 1063 secundum
1920 1025 2040 1063 car-

466 1110 587 1150 nem
615 1096 781 1151 Filius
823 1099 1059 1153 hominis
1095 1116 1107 1152 :
1141 1113 1300 1167 quem
1348 1100 1623 1153 hominem
1655 1106 1837 1153 nostra
1874 1116 2039 1157 causa
2098 1166 2102 1171 ,

464 1190 701 1258 suscepit
723 1189 892 1243 Filius
920 1192 1037 1244 Dei.
1066 1191 1171 1245 Sed
1208 1206 1305 1246 nec
1333 1206 1529 1261 corpus
1551 1193 1695 1262 quod
1721 1196 2036 1262 assumpsit,

463 1287 584 1331 erat
632 1278 773 1331 idem
809 1293 930 1332 cum
984 1279 1121 1333 Filio
1159 1281 1273 1346 Dei,
1316 1282 1408 1349 qui
1450 1282 1745 1350 assumpsit
1785 1298 1799 1334 :
1864 1297 2041 1351 neque

463 1368 583 1437 ipse
613 1370 706 1422 Dei
744 1371 918 1425 Filius
961 1388 1100 1426 unus
1128 1372 1377 1440 idemque
1401 1373 1558 1427 debet
1580 1374 1880 1428 existimari
1915 1389 2038 1428 cum

464 1461 710 1530 genitore
739 1476 855 1516 sno.
889 1462 931 1516 E
965 1464 1140 1517 tribus
1168 1472 1348 1518 autem
1403 1464 1666 1532 subjectis
1710 1465 1862 1520 hisce
1887 1507 1903 1532 ,
1964 1463 2040 1519 illi

463 1553 553 1621 qui
578 1551 791 1606 duobus
822 1554 1102 1609 concessis
1128 1554 1349 1610 tertium
1379 1554 1656 1624 rejiciunt,
1687 1558 1755 1611 ab
1799 1556 2041 1612 Ecclesia

462 1643 558 1698 Dei
598 1653 724 1700 sunt
757 1644 1063 1716 rejiciendi.

1102 1734 1254 1791 car.
1300 1735 1408 1791 vn.
1436 1736 1449 1810 ι

2138 551 2301 614 αὐτὸς
2358 549 2694 604 ἀπεστάλθαι
2734 550 2973 621 συνεχῶς
3004 550 3291 623 ,ὁμολογεῐι
3333 550 3500 623 Ἡμῖν
3543 551 3725 607 τοίνυν

2138 637 2218 706 εἷς
2244 641 2375 705 Θεὸς
2403 644 2432 695 ό
2467 640 2678 713 Πατὴρ,
2717 642 2788 706 ἐξ
2824 639 2896 699 οὖ
2928 644 3001 696 τὰ
3025 642 3242 705 πάντα,
3275 642 3416 698 κατὰ
3429 642 3523 696 τὸν
3570 644 3725 699 Ἀπό-

2140 733 2340 788 στολονὶ
2399 737 2492 789 καὶ
2534 731 2614 801 εἷς
2640 736 2842 808 Κύριος
2883 734 3089 806 Ἰησοῦς
3114 735 3367 808 Χριστὸς,
3416 734 3494 789 δι’
3534 727 3618 791 οὗ
3657 735 3727 789 τά

2138 823 2353 889 πάντα,
2385 827 2413 878 6
2442 825 2623 897 προὼν
2652 826 2745 880 τοῦ
2775 824 2910 879 Θεοῦ
2941 826 3231 899 μονογενὴς
3257 828 3403 893 Υἱὸς,
3421 828 3520 880 καὶ
3541 824 3729 898 τρίτος

2138 916 2167 967 6
2200 916 2339 968 κατὰ
2368 917 2545 988 σάρκα
2576 918 2701 981 Υἱὸς
2724 917 3030 989 ἀνθμῦπου,
3064 919 3121 971 ὃν
3164 919 3231 972 δι’
3263 920 3410 991 ἡμᾶς
3432 920 3728 991 ἀνείληφεν

2139 1008 2167 1060 6
2195 1007 2324 1071 Υἱὸς
2344 1007 2439 1061 τοῦ
2472 1009 2630 1064 Θεοῦ.
2680 1010 2818 1063 Ἀλλ’
2841 1010 2965 1064 οὔτε
2998 1011 3026 1063 ὃ
3054 1011 3308 1082 ἀνείληφε
3342 1012 3502 1083 σῶμα
3527 1013 3731 1067 ταύτὸν

2138 1092 2207 1168 ἦν
2226 1096 2302 1168 τῷ
2331 1098 2641 1169 ἁνεὶληφότι
2681 1099 2795 1170 Υίῷ
2823 1100 2917 1153 τοῦ
2963 1100 3119 1154 Θεοῦδ
3151 1099 3273 1153 οὔτε
3319 1101 3483 1165 αὐτὸς
3518 1103 3551 1155 δ
3604 1101 3730 1161 Υἱὸς

2139 1188 2232 1242 τοῦ
2260 1190 2393 1243 Θεοῦ
2426 1187 2506 1253 εἷς
2539 1193 2635 1245 καὶ
2677 1193 2706 1245 6
2749 1192 2911 1255 αὐτὸς
2946 1192 3011 1246 ἂν
3044 1193 3323 1264 νομισθείη
3347 1193 3424 1264 τῷ
3460 1211 3727 1265 γεγεννη-

2139 1286 2280 1336 κότι·
2312 1284 2481 1355 τριῶν
2504 1283 2571 1355 ’δὴ
2606 1285 2809 1340 τούτων
2841 1287 3232 1357 ὑποκειμένων,
3257 1289 3306 1341 oi
3327 1288 3420 1341 δύο
3468 1288 3725 1353 διδόντες,

2139 1374 2201 1428 τὸ
2234 1376 2416 1447 τρίτον
2449 1376 2493 1429 δ’
2519 1378 2760 1432 ἐκποδὼν
2791 1379 3120 1449 ποιούμενοι,
3151 1381 3248 1451 τῆς
3264 1379 3601 1452 Ἐκκλησίάς
3625 1379 3727 1436 εἷεν

2137 1458 2210 1520 ’ἂν
2242 1466 2558 1539 ἀπόϐλητοι-νδ

2801 1731 2957 1799 xm.
2990 1735 3066 1801 2'.

463 1844 617 1921 Quod
632 1847 891 1921 diuersum
913 1848 976 1921 ab
1000 1845 1237 1902 Ecclesia
1254 1848 1444 1919 dogma
1461 1860 1680 1915 tuentes,
1698 1868 1729 1904 a
1746 1851 2032 1921 theologica

2142 1831 2335 1900 Ὅπως
2372 1836 2427 1888 οἱ
2448 1818 2782 1921 ἐτερόδρξοι
2811 1836 3123 1921 διαφόρως,
3139 1837 3249 1907 τῆς
3278 1840 3411 1921 περί
3445 1839 3557 1893 τοῦ
3592 1840 3720 1894 Υιοῦ

460 1922 525 1970 de
550 1918 644 1970 Dei
672 1915 815 1971 Filio
838 1920 1065 1985 ratione,
1103 1934 1205 1972 non
1235 1915 1341 1972 uno
1374 1923 1527 1973 modo
1561 1923 1673 1974 solo
1699 1915 2031 1976 exciderant.

531 2008 762 2061 Carnem
793 2018 943 2063 certe
980 2008 1291 2064 Servatoris
1329 2010 1477 2064 athei
1523 2012 1742 2080 quidam
1794 2013 2036 2068 haeretici

459 2097 803 2169 abnegando,
838 2108 894 2154 et
951 2100 1210 2170 opinione
1261 2110 1472 2155 tantum
1526 2102 1689 2165 nuda,
1747 2112 1909 2173 atque
1941 2118 2037 2174 per

457 2190 803 2259 phantasiam
860 2191 916 2245 in
966 2193 1128 2247 terris
1174 2193 1492 2263 apparuisse
1538 2191 1711 2247 solani
1763 2195 2032 2264 dicendo,

457 2281 618 2352 primi
642 2290 800 2336 erant
830 2282 922 2353 qui
952 2281 1007 2337 in
1047 2284 1149 2338 hoc
1177 2297 1376 2354 genere
1410 2299 1440 2338 a
1477 2299 1643 2354 Scopo
1667 2286 1915 2341 veritatis
1940 2301 2036 2341 ex-

456 2374 733 2430 ciderunt.
784 2375 948 2445 Atqui
978 2376 1439 2447 dispensationem
1484 2377 1631 2432 illam
1662 2378 1713 2431 in
1741 2393 1905 2433 carne
1934 2379 2032 2434 ad-

456 2468 744 2536 miserunt,
794 2468 1129 2537 abnegantes
1187 2471 1681 2538 praeessistentiam
1728 2469 1854 2525 Filii
1914 2471 2032 2539 Dei,

455 2563 657 2627 varias,
694 2561 836 2630 quod
858 2562 974 2631 jam
999 2562 1136 2627 dixi,
1179 2570 1427 2617 errorum
1475 2563 1699 2620 semitas
1744 2565 2036 2621 adinvene-

456 2663 605 2708 runt.
640 2654 780 2708 Sunt
802 2655 892 2724 qui
927 2669 1140 2709 merum
1175 2653 1323 2707 illum
1365 2655 1641 2709 hominem
1673 2656 2029 2725 arbitrantur,

456 2745 627 2798 nihilo
659 2744 938 2799 meliorem
967 2744 1252 2799 hominum
1289 2752 1485 2798 natura
1545 2747 1866 2811 communi,
1925 2747 2032 2801 nisi

456 2848 716 2906 quantum
736 2837 802 2891 ad
825 2837 1043 2891 virtutis
1069 2837 1476 2906 praerogativas.
1503 2837 1574 2890 At
1601 2840 1690 2907 qui
1724 2841 1900 2907 ipsum
1933 2854 2031 2892 su-

454 2942 552 2997 per
580 2926 763 2982 omnia
799 2927 967 2981 Deum
991 2940 1193 2994 corpus
1243 2926 1582 2980 inhabitasse
1622 2925 1916 2994 amrmant,
1974 2936 2031 2981 et

455 3018 630 3087 ipsum
653 3019 735 3073 sui
775 3019 945 3088 ipsius
982 3017 1179 3071 Filium
1207 3018 1485 3072 exstitisse
1518 3028 1787 3082 asserunt,
1814 3029 2033 3089 propter

455 3107 602 3162 illam
630 3109 922 3161 secundum
947 3108 1221 3161 hominem
1256 3108 1744 3176 dispensationem,
1777 3125 1898 3163 cum
1923 3111 2031 3165 duo

2529 1908 2838 1977 θεολογίας
2860 1908 3339 1963 ἐκπεπτώκασιν.

2213 1994 2323 2064 Τὴν
2370 1995 2435 2067 δὴ
2484 1995 2582 2066 μὲν
2628 1998 2807 2068 σάρκα
2855 1997 2950 2051 τοῦ
2990 1998 3242 2068 Σωτῆρος
3283 1997 3433 2053 ἀθεοί
3450 2015 3600 2063 τινες
3620 1999 3723 2054 τῶν

2138 2088 2460 2159 ἑτεροδόξων
2493 2091 2985 2162 παραιτησάμενοι,
3030 2093 3157 2167 δόξῃ
3185 2093 3242 2147 δέ
3281 2112 3386 2147 τινι
3424 2097 3723 2163 φαντασίας

2137 2172 2314 2248 ὦφθαι
2344 2181 2506 2234 αὑτὸν
2526 2182 2619 2234 ἐπὶ
2654 2183 2754 2254 τῆς
2788 2182 2894 2252 γῆς
2931 2185 3232 2255 εἰρηκότες,
3266 2185 3475 2256 πρῶτοι
3508 2186 3606 2240 τοῦ
3627 2188 3721 2258 τῆς

2136 2271 2395 2343 ἀληθείας
2425 2274 2627 2327 σκοποῦ
2677 2275 3135 2347 διημαρτήκασιν.
3165 2277 3227 2329 υἱ
3255 2276 3427 2348 δὲτὴν
3461 2277 3720 2350 ἕνσαρκον

2136 2367 2450 2437 οἰκονομίαν
2484 2368 2966 2439 παραδεδεγμένοι,
2997 2370 3089 2423 τὸν
3123 2370 3180 2423 δὲ
3208 2367 3442 2443 προόντα
3462 2372 3562 2425 τοῦ
3592 2372 3721 2427 Θεοῦ

2138 2456 2265 2509 Υἰὸν
2309 2459 2701 2529 ἀρνησάμενοι,
2744 2459 3014 2524 ποικίλας,
3053 2460 3129 2524 ὡς
3162 2461 3319 2532 ἔφην,
3364 2464 3587 2527 ἑαυτοῖς
3630 2465 3724 2517 ἀν-

2136 2548 2286 2613 οδίας
2317 2551 2644 2622 ἐπενόησαν.
2678 2552 2741 2605 Oi
2768 2551 2825 2605 δὲ
2869 2551 3024 2621 ψιλὸν
3073 2552 3380 2624 ἄνθρωπον,
3409 2554 3513 2625 τῆς
3542 2555 3724 2625 κοινῆς

2136 2642 2390 2695 ἁπάντων
2410 2642 2623 2713 φύσεως
2661 2646 2779 2697 κατ’
2809 2645 2961 2697 οὐδὲν
2996 2646 3277 2717 κρείττονα
3304 2642 3337 2717 ἢ
3367 2648 3493 2701 ὅσον
3525 2649 3724 2718 ἀρετῆς

2135 2735 2535 2806 προτερήμασι,
2570 2736 2851 2804 γεγονέναι
2895 2737 3055 2789 αὑτὸν
3101 2739 3404 2809 εἰρηκότες.
3437 2738 3504 2791 Oi
3546 2740 3594 2792 δ’
3640 2741 3723 2793 αύ-

2134 2825 2224 2879 τὸν
2248 2828 2529 2898 ἐνοικῆσαι
2571 2828 2662 2881 τὸν
2705 2828 2813 2882 τῶν
2841 2829 2978 2882 ὅλων
3001 2828 3134 2883 Θεὸν
3169 2829 3248 2901 τῷ
3280 2830 3495 2902 σώματι
3519 2831 3720 2903 δογμα-

2133 2920 2402 2983 τίσαντες,
2439 2920 2569 2974 Υἰόν
2594 2938 2655 2974 τε
2683 2921 2847 2975 αὑτὸν
2904 2920 3100 2975 ἑαυτοῦ
3131 2924 3472 2994 χρηματίσαι
3501 2925 3715 2993 φάντες,

2133 3009 2201 3063 δι’
2226 3012 2292 3081 ἢν
2341 3012 2604 3083 ὑπέμεινε
2652 3015 2771 3067 κατ’
2821 3014 3104 3088 ἄνθρωπον
3150 3015 3485 3086 οἰκονομίαν,
3534 3017 3629 3070 δύο
3649 3016 3717 3068 δι-

2132 3100 2312 3165 δόντες
2366 3094 2533 3166 οὗτοι,
2569 3102 2704 3156 Θεὸν
2758 3104 2851 3157 καὶ
2902 3103 3208 3175 ἄνθρωπον,
3256 3102 3352 3156 τοῦ
3401 3103 3597 3175 τρίτου
3634 3103 3716 3156 τὸν

456 3201 841 3264 concederent,
884 3201 1052 3252 Deum
1100 3210 1263 3267 atque
1322 3199 1635 3263 hominem,
1683 3215 1711 3253 a
1749 3200 1910 3254 tertio
1944 3215 2032 3255 se-

2137 3190 2402 3260 μονογενῆ
2417 3190 2512 3243 τοῦ
2544 3191 2681 3244 Θεοῦ
2709 3191 2858 3258 Υἰὸν,
2879 3193 3268 3265 ἀρνησάμενοι.
3308 3193 3532 3244 Τούτων
3558 3192 3715 3246 πάλαι

454 3288 716 3358 metipsos
734 3287 1104 3352 excluserunt,
1128 3289 1479 3342 Servatorem
1509 3290 1684 3356 ipsum
1712 3288 1802 3342 Dei
1832 3288 2031 3345 Filium

454 3381 789 3451 unigenitum
831 3378 1169 3450 abnegando.
1194 3383 1253 3443 ᾖ
1284 3378 1436 3434 Hanc
1469 3380 1596 3434 olim
1623 3380 1892 3435 Sabellius
1918 3390 2033 3436 tue-

453 3468 618 3527 batur
656 3471 986 3526 sententiam
1014 3489 1027 3524 :
1085 3481 1141 3527 et
1175 3473 1242 3525 ad
1292 3472 1438 3525 illam
1469 3484 1613 3526 nunc
1645 3472 1856 3527 delatus
1886 3471 2031 3526 Mar-

454 3564 623 3618 cellus
653 3563 805 3617 abiit.
834 3562 959 3631 Qui,
987 3580 1095 3619 non
1126 3564 1288 3618 aliter
1345 3576 1507 3633 quam
1541 3562 1711 3618 Judazi
1744 3564 1986 3620 inﬁdeles
2012 3603 2029 3630 ,

453 3668 512 3712 se
547 3657 713 3711 Deum
738 3671 1032 3726 agnoscere
1051 3657 1395 3727 profitentur,
1414 3657 1505 3727 qui
1527 3667 1612 3712 est
1630 3672 1794 3727 super
1817 3672 2029 3725 omnes,

451 3758 510 3803 et
536 3749 639 3803 hoc
683 3749 1036 3804 vehementer
1087 3758 1302 3820 urgent.
1360 3750 1613 3806 Secundo
1645 3764 1860 3820 quoque
1911 3749 2031 3806 loco

454 3853 677 3894 carnem
705 3848 1005 3908 agnoscunt
1024 3841 1091 3896 de
1115 3838 1336 3909 Virgine
1364 3851 1632 3910 sumptam
1648 3840 2026 3897 sanctissima:

455 3929 678 3983 tertium
710 3944 841 3984 vero
870 3930 1026 3995 illud,
1053 3931 1195 3998 quod
1223 3940 1307 3985 est
1330 3931 1562 4000 primum
1601 3930 1793 3984 salutis
1829 3940 2030 3986 nostra;

454 4029 638 4089 eaput,
665 4018 884 4086 Filium,
913 4034 1074 4091 quem
1108 4021 1253 4076 velut
1300 4023 1476 4077 obviis
1509 4020 1650 4075 ulnis
1683 4023 2027 4091 amplectun-

456 4120 565 4175 tur,
592 4111 766 4165 lucem
796 4122 959 4179 atque
990 4115 1301 4181 veritatem,
1329 4129 1425 4184 per
1450 4114 1861 4185 abnegationem
1882 4116 2027 4186 Filii,

451 4216 485 4259 a
512 4205 762 4260 veritatis
799 4205 916 4260 luce
950 4207 1289 4262 exciderunt.
1319 4206 1458 4263 Hinc
1482 4217 1585 4273 est,
1612 4217 1673 4263 ut
1695 4207 1815 4263 illos
1839 4211 2029 4264 audia-

449 4312 576 4354 mus
605 4313 770 4352 unum
806 4299 1025 4366 quidem
1057 4298 1226 4353 Deum
1251 4302 1594 4366 conlitentes,
1615 4309 1669 4354 et
1694 4316 1913 4356 carnem
1935 4317 2029 4357 ve-

451 4399 713 4445 nerantes
740 4406 768 4444 a
800 4382 1096 4446 Servatore
1120 4400 1429 4461 susceptam
1463 4409 1479 4447 :
1514 4400 1570 4445 at
1607 4390 1804 4447 Filium
1833 4392 2028 4447 nihilo-

2138 3282 2235 3353 μὲν
2271 3282 2576 3348 Σαϐέλλιος,
2622 3285 2741 3337 νυνί⁸
2797 3285 2854 3338 δὲ
2902 3285 3245 3355 Μάρκελλος,
3280 3288 3347 3356 τῇ
3378 3284 3581 3358 γνώμῃ
3609 3303 3717 3339 συν-

2134 3374 2499 3444 απαχθέντες,
2520 3375 2612 3428 τὸν
2636 3377 2733 3447 μὲν
2763 3377 2856 3430 ἐπὶ
2892 3377 3109 3431 πάντων
3152 3377 3286 3431 Θεὸν
3321 3377 3715 3442 Ἰουδαίωντοῐς

2133 3464 2381 3527 ἀπίστοις
2403 3466 2605 3537 ὁμοίως
2649 3463 2708 3521 εὖ
2736 3467 2880 3539 μάλα
2909 3468 3107 3522 εἰδέναι
3129 3467 3588 3540 διισχυρίζονται·
3624 3470 3714 3524 καὶ

2132 3555 2383 3628 δεύτερον
2431 3559 2530 3630 τὴν
2584 3559 2761 3632 σάρκα
2805 3560 2902 3632 τὴν
2956 3562 3020 3613 ὲκ
3078 3559 3177 3630 τῆς
3221 3561 3381 3629 ἁγίας
3436 3560 3713 3634 Παρθένου

2133 3651 2637 3719 συνωμολογήκασιο
2685 3651 2799 3722 (35)
2839 3652 2902 3705 τὸ
2932 3651 2990 3705 δὲ
3019 3651 3226 3721 τρίτον,
3264 3652 3397 3704 αὐτὸ
3442 3652 3509 3704 τὸ
3547 3652 3716 3721 κεφά-

2140 3738 2294 3794 λαιον
2338 3743 2439 3813 τῆς
2469 3744 2721 3797 ἁπάντων
2760 3744 2916 3815 ἡμῶν
2968 3744 3264 3815 σωτηρίας,
3319 3745 3415 3797 τὸν
3445 3745 3577 3798 Υἰὸν
3626 3745 3715 3798 τοῦ

2130 3830 2264 3884 Θεοῦ
2294 3833 2865 3904 παραγκωνισάμενοι,
2884 3833 3000 3903 φῶς
3013 3833 3144 3886 ὄντα
3166 3834 3259 3887 καί⁵
3284 3833 3544 3905 ἀλήθειαν
3559 3836 3713 3906 ὁμοῦ.

2131 3927 2195 3994 τῇ
2226 3925 2452 3995 ἀρνήσει
2505 3924 2598 3979 τοῦ
2648 3925 2801 3989 Υίοῦ,
2845 3924 3060 3979 καὶτοῦ
3098 3925 3197 3995 τῆς
3243 3924 3507 3995 ἀληθείας
3544 3928 3717 3997 φωτὸς

2131 4018 2571 4073 ὲκπεπτώκασιν.
2619 4018 2813 4071 Ἔνθεν
2845 4019 2941 4072 ἕνα
2981 4017 3079 4089 μὲν
3119 4017 3254 4071 Θεὸν
3307 4020 3715 4088 ὁμολογούντων

2130 4109 2309 4162 αὐτῶν
2343 4109 2588 4174 ἀκούσει,
2631 4109 2727 4164 καὶ
2774 4109 2873 4181 τὴν
2907 4110 3087 4181 σάρκα
3123 4109 3180 4163 δὲ
3220 4109 3316 4163 τοῦ
3354 4112 3609 4183 Σωτῆρος
3635 4130 3713 4165 τι-

2133 4201 2378 4273 μώντων
2395 4202 2487 4257 τὸν
2516 4202 2573 4256 δὲ
2597 4204 2951 4273 ὲνοικήσαντα
2983 4205 3049 4275 τῇ
3089 4204 3254 4276 σαρκὶ
3276 4204 3414 4258 Θεοῦ
3448 4206 3581 4260 Υἰὸν
3610 4225 3712 4276 φωσ

2128 4294 2192 4363 νῇ
2220 4294 2315 4363 μὲν
2351 4292 2444 4347 καὶ
2485 4292 2691 4362 χείλεσι
2721 4294 3197 4365 παραδεχομένων,
3243 4294 3392 4368 ἔργῳ
3426 4296 3485 4350 δὲ
3524 4315 3711 4370 παραι-

2127 4385 2423 4456 τουμένων.
2448 4385 2578 4440 Υίὸν
2598 4386 2707 4459 γάρ
2726 4386 2860 4440 Θεοῦ
2895 4388 3032 4459 χρῆν
3061 4386 3263 4460 ζητεῖν,
3295 4389 3515 4461 ἀληθῶς
3541 4391 3711 4456 ζῶντα

451 4482 632 4537 minus
670 4480 765 4537 Dei
798 4482 1192 4538 inhabitantem
1235 4483 1377 4538 hanc
1405 4496 1650 4549 carnem,
1686 4498 1817 4539 voce
1870 4495 2026 4542 tenus

2135 4477 2224 4530 καὶ
2251 4477 2556 4546 ὑφεστῶταο
2595 4477 2721 4532 οὔτε
2769 4479 2861 4532 τὸν
2897 4480 3081 4543 αὐτὸν,
3135 4475 3181 4548 ᾧ
3224 4481 3542 4551 ἀνείληφεν,
3588 4483 3708 4535 ὄντα

452 4581 618 4644 atque
644 4572 822 4639 labiis,
857 4588 978 4629 cum
1014 4583 1333 4645 agnoscant,
1360 4589 1420 4630 re
1446 4575 1558 4646 ipsa
1605 4575 1822 4646 penitus
1860 4578 2026 4634 abne-

448 4675 660 4735 cantes.
685 4665 820 4720 Nam
849 4664 1044 4721 Filium
1075 4666 1168 4722 Dei
1220 4667 1494 4736 inquirere
1522 4668 1783 4724 debemus
1826 4669 1976 4724 illum
2007 4710 2025 4737 ,

449 4757 546 4826 qui
570 4757 716 4811 vivat
743 4766 798 4811 et
823 4758 1080 4813 subsistat
1102 4769 1261 4813 vere:
1292 4774 1396 4813 non
1431 4760 1572 4814 idem
1595 4762 1684 4828 qui
1712 4772 2022 4829 censeatur,

449 4863 574 4903 cum
599 4848 689 4902 illo
742 4852 884 4918 quod
945 4851 1238 4921 assumpsit
1268 4865 1527 4921 corpore;
1580 4866 1681 4904 nec
1714 4852 1851 4905 idem
1896 4865 2023 4905 cum

450 4937 560 4993 Deo
602 4949 766 5008 atque
792 4939 972 4994 Patre.
1016 4941 1201 5010 Neque
1245 4941 1387 4994 enim
1431 4941 1729 4995 secundum
1766 4940 2022 5010 pietatem

449 5044 578 5088 Vet-e
611 5033 843 5087 senserit
899 5034 967 5100 is,
1011 5033 1103 5102 qui
1163 5032 1363 5087 Filium
1392 5032 1677 5101 proﬁtetur
1702 5046 1824 5086 esse
1870 5030 2021 5086 illum

2132 4567 2367 4639 σώματι,
2396 4568 2520 4621 οὔτε
2545 4568 2637 4622 τὸν
2652 4567 2813 4623 αὑτὸν
2843 4569 2971 4624 ὄντα
2989 4570 3068 4641 τῷ
3092 4570 3211 4642 Θεῷ
3233 4572 3325 4624 καὶ
3350 4571 3547 4645 Πατρί.
3577 4570 3708 4625 Οὔτε

2130 4658 2238 4732 γὰρ
2257 4660 2350 4712 τὸν
2384 4658 2641 4715 ἐπέκεινα
2668 4660 2777 4715 τῶν
2812 4662 2950 4715 ὅλων
2993 4662 3125 4715 Θεὸν
3172 4663 3299 4716 Υἰὸν
3335 4663 3402 4717 ἀν
3426 4681 3516 4728 τις
3545 4662 3705 4717 εἰπὼν

2129 4752 2358 4825 εὐσεϐὴς
2383 4752 2488 4825 είηο
2506 4753 2672 4823 (τινος
2696 4753 2804 4825 γὰρ
2840 4753 2994 4808 ἔσται
3022 4755 3151 4819 Υἱὸς
3176 4757 3205 4809 ό
3234 4754 3333 4826 τὴν
3358 4756 3598 4828 ἄναρχον
3620 4755 3706 4810 καὶ

2130 4845 2423 4916 ἀγέννητον
2453 4845 2680 4917 θεότητα
2713 4846 3174 4918 περιϐεϐλημένος
3194 4848 3235 4917 ;)
3266 4846 3393 4901 οὔτε
3425 4849 3518 4901 τὸν
3557 4863 3703 4918 μονο-

2123 4939 2257 5009 γενῆ
2286 4938 2377 4991 τοῦ
2404 4938 2537 4991 Θεοῦ
2581 4940 2709 4992 Υίὸν
2738 4940 2900 4993 αὐτὸν
2934 4936 3073 4994 εἶναι
3118 4941 3210 4995 τὸν
3249 4942 3474 5013 Πατέρα
3516 4959 3600 5006 τις
3634 4941 3702 4995 εί-

2125 5030 2242 5084 πὼν
2279 5030 2539 5103 δράσεται
2570 5032 2669 5102 τὴν
2706 5031 2847 5086 κατά
2876 5031 2984 5084 τῶν
3011 5030 3309 5103 δυσφήμων
3344 5034 3524 5106 δίκην.

449 5120 620 5176 Deum
655 5123 745 5191 qui
786 5130 872 5175 est
921 5137 1085 5191 super
1134 5122 1338 5177 omnia.
1388 5121 1623 5191 Eceujus
1674 5123 1869 5176 matris
1902 5137 2025 5177 esse
2062 5131 2242 5190 potest
2269 5123 2358 5175 ille
2386 5121 2578 5188 Filius,
2602 5125 2694 5191 qui
2739 5124 3026 5178 divinitate
3089 5125 3329 5194 ingenita
3399 5138 3456 5182 et
3503 5127 3695 5197 absque

448 5215 558 5271 ullo
589 5216 876 5288 principio,
906 5217 1194 5273 amicitur?
1225 5217 1335 5273 Nec
1365 5219 1409 5273 si
1434 5218 1555 5287 quis
1589 5218 1930 5287 unigenitum
1963 5217 2061 5273 Dei
2101 5218 2317 5281 Filium,
2354 5217 2720 5274 eumdemmet
2742 5226 2796 5273 et
2817 5216 3032 5273 Patrem
3064 5233 3188 5274 esse
3213 5223 3427 5287 doceat,
3448 5221 3692 5290 judicium

448 5314 647 5380 poterit
689 5314 987 5382 declinare,
1020 5316 1167 5385 quod
1219 5325 1304 5371 est
1353 5323 1542 5371 contra
1569 5315 1867 5371 maledicos
1910 5316 2291 5372 constitutum.

522 5536 582 5595 >14
612 5531 708 5588 Ed.
739 5533 914 5592 Paris.
949 5550 1069 5606 pag.
1096 5535 1186 5590 65.

521 5706 635 5785 ζεῖν)
679 5709 749 5785 Td
770 5709 838 5785 δὲ
866 5712 1264 5785 τρίτονΝιιίςο
1299 5714 1433 5768 ἀλλά
1455 5714 1513 5767 τὸ
1539 5714 1720 5785 τρίτον
1755 5722 1809 5768 et
1839 5712 1953 5785 ΜΡἶ
1978 5727 2068 5785 γρ.

444 5779 608 5847 “ligo
637 5780 740 5847 χρὴ
779 5779 958 5851 ζητεῖν
985 5796 1037 5840 et
1065 5779 1275 5838 κατῖτ.
1306 5779 1587 5838 δυσσεῦῶν
1610 5785 1766 5854 δίκην
1799 5794 1851 5840 et
1888 5779 1969 5835 διὸ
2001 5779 2059 5834 δὲ
2094 5779 2159 5848 si;

1303 5534 1352 5568 “
1377 5533 1588 5592 Coloss.
1617 5545 1659 5603 ι,
1690 5532 1777 5589 l6.
1854 5532 1900 5566 “
1927 5528 2064 5587 Ibid.
2103 5530 2186 5585 l7.

2104 5708 2255 5831 Spfw
2303 5709 2422 5767 loco
2450 5707 2609 5781 ὁμοῦ,
2641 5721 2695 5769 et
2717 5729 2807 5785 γρ.
2850 5711 3102 5778 ἁκούσεις
3145 5711 3264 5770 loco
3293 5711 3540 5767 ἀκούσει.
3570 5706 3691 5765 Dein
