3838 6222
123 351 227 413 εὕῗ
1054 401 1065 413 .
1124 347 1215 407 DE
1252 345 1639 406 ECCLESIAS'.

1859 344 2214 403 HEOLOGIA
2245 344 2377 401 LIB.
2410 343 2456 400 I.
3264 337 3375 401 858

927 513 940 527 .
974 473 1056 527 H'.
1738 482 1773 527 Α
2417 466 2443 522 (

1738 482 1773 527 Α
2417 464 2572 522 CAP.
2618 463 2755 521 VIII.

786 473 940 527 ΚΕΦ.
974 473 1056 527 H'.

123 563 456 633 Παράθεσις
491 563 604 634 τῆς
651 563 1034 687 ὑγιῧῗὲοὲιῖἓο
1060 564 1569 632 emnctum/mm-
1610 575 1639 627 ο

2417 473 2572 522 CAP.
2623 473 2756 521 VIII.

1859 561 2134 629 roponitur
2181 558 2478 613 orthodoxa
2524 567 2576 613 et
2622 557 2879 612 salutaris
2926 555 3176 612 Ecclesiae
3217 556 3373 626 ﬁdes.

960 650 1054 689 ac.

702 634 707 635 7
753 634 894 687 θοδο
938 635 998 686 la
1040 675 1054 689 .

186 726 281 779 Διὸ
310 726 375 798 δὴ
400 726 497 798 τὴν
524 725 739 779 εὐθεῖαν
770 725 865 779 καὶ
890 634 1175 796 sic;th
1199 724 1316 778 ὁδὸν
1336 724 1702 799 ὀρθοτομοῦσα

1875 717 2219 788 Quapropter
2240 718 2328 774 via
2357 717 2504 789 regia
2532 725 2692 789 atque
2723 727 2866 773 recta
2901 718 3156 776 incedens
3183 720 3374 799 Eccle-

123 818 152 889 ἡ
199 816 496 888 Ἐκκλησία
535 817 628 871 τοῦ
655 816 813 885 Θεοῦ,
843 818 939 880 τὰς
973 817 1070 887 μὲν
1107 815 1270 880 ἄλλας
1317 833 1639 888 παρεκτροπ

1938 811 2054 877 Dei,
2111 811 2429 867 diverticula
2474 827 2506 865 a
2558 825 2618 866 se
2654 811 2870 880 ablegat
2923 811 3377 882 cujusquemodi:
3429 879 3438 897 ‘

120 908 509 979 ἀπεδοκίμασε,
543 910 655 972 τοῖς
678 909 722 962 δ’
747 908 919 978 αὐτῆς
948 907 1226 980 θρέμμασι
1253 907 1355 979 τῆς
1381 908 1565 961 ἐνθέου
1603 925 1636 978 χ

1859 902 1942 967 tis,
1970 902 2061 971 qui
2107 912 2250 966 sunt,
2283 902 2514 958 alumnis
2556 904 2746 973 gratia:
2784 904 2983 959 divina:
3013 904 3375 974 cognitionem

122 1017 268 1071 ριτος
297 998 629 1069 παραδίδωσι
666 998 765 1071 τὴν
786 999 1030 1068 ,γνῶσιν,
1070 1002 1189 1054 κατ’
1222 1000 1353 1053 αὐτὸ
1378 1000 1478 1071 τῆς
1511 999 1638 1053 παλι

1862 994 2150 1046 ιιηιηεηόοι
2198 1008 2213 1046 :
2259 992 2385 1047 dum
2438 994 2494 1049 in
2549 993 2669 1064 ipso
2710 995 3136 1065 regenerationis
3196 996 3378 1052 sacra-

120 1091 367 1158 γενεσίας
404 1092 699 1163 μυστήριον
740 1091 1024 1163 ὁμολογεῖν
1064 1091 1389 1145 διδάσκουσα
1432 1092 1570 1163 (καὶ)
1616 1110 1636 1144 τ

1861 1094 1985 1139 ento
2013 1084 2170 1140 docet
2205 1085 2471 1152 conﬁteri,
2524 1094 2580 1141 et
2612 1085 2835 1142 credere
2889 1088 2942 1143 in
2993 1103 3157 1143 unum
3211 1089 3377 1144 Deum

120 1179 333 1232 στεύειν
363 1179 475 1250 (id)
495 1183 574 1245 εἰς
605 1181 702 1235 ἕνα
730 1180 883 1245 Θεὸν,
902 1180 1120 1253 Πατέρα
1150 1180 1587 1252 παντοκράτορα,
1617 1199 1636 1234 σι

1867 1186 2022 1231 utrem
2070 1178 2538 1247 omnipotentem,
2609 1177 2905 1248 perfectam
2968 1181 3081 1236 suis
3136 1182 3383 1238 numeris

116 1272 269 1324 λείαν
294 1272 387 1325 καὶ
416 1271 619 1343 ἀκριϐῆ
670 1272 763 1325 καὶ
788 1272 1077 1345 ὁλόκληρον
1113 1272 1317 1344 ταύτην
1360 1272 1559 1326 εἰδέναι
1587 1270 1632 1343 (Ξ

1864 1276 2078 1329 :actam,
2099 1276 2155 1321 et
2180 1276 2611 1322 consummatam
2646 1269 2883 1339 undique
2912 1269 3053 1324 hanc
3084 1284 3195 1339 prae
3220 1286 3281 1325 se
3303 1271 3380 1325 fe-

116 1361 462 1431 παρέχουσαν
488 1360 585 1431 τὴν
611 1361 905 1431 θεολογίαν,
934 1362 968 1433 ἠ
992 1362 1123 1416 Θεὸν
1158 1363 1254 1432 μὲν
1285 1363 1379 1416 ἕνα
1402 1362 1632 1434 παραδίδ

1863 1371 1931 1410 ns
1961 1357 2285 1412 credendam
2312 1356 2593 1426 theoIOgiae
2623 1359 2910 1426 rationem,
2958 1372 3064 1428 qua
3091 1359 3232 1414 Deus
3260 1374 3379 1414 esse

116 1468 225 1514 σιν,
267 1453 600 1524 ἀφορίζουσα
636 1455 735 1525 τῆς
780 1454 1095 1526 Ἑλληνικῆς
1139 1454 1231 1508 καὶ
1262 1453 1522 1507 πολυθέου
1569 1453 1632 1505 πλ

1862 1463 1939 1502 ius
1974 1449 2223 1516 traditur,
2267 1464 2603 1520 paganorum
2656 1450 2723 1505 de
2771 1451 2875 1506 diis
2924 1451 3107 1507 multis
3158 1467 3378 1508 errores

117 1559 236 1613 νης⁹
280 1545 499 1616 Πατέρα
523 1544 580 1597 δὲ
607 1544 768 1599 αὐτὸν
792 1542 897 1598 οἶδε
931 1546 1032 1617 τῆς
1070 1545 1365 1617 Ἰουδαϊκῆς
1395 1544 1628 1617 χωρίζου

1867 1538 2163 1603 felluntur;
2208 1556 2310 1609 qua
2337 1541 2650 1611 agnoscitur
2691 1541 2831 1596 idem
2864 1543 3009 1599 Deus
3040 1542 3205 1623 Pater
3236 1562 3249 1597 ι
3283 1558 3379 1612 per

115 1634 481 1700 διδασκαλίας,
529 1636 948 1710 παντοκράτορα
983 1638 1041 1692 δὲ
1084 1637 1243 1691 αὐτὸν
1292 1636 1561 1707 ὁμολογεῖ,
1602 1655 1631 1690 τ

1863 1646 1963 1686 tam
2021 1632 2422 1687 confessionem
2472 1647 2627 1687 suam
2674 1634 3000 1689 discernitur
3052 1634 3294 1690 Ecclesia
3345 1651 3379 1691 a

116 1723 228 1776 τῶν
278 1725 453 1779 ἀθέων
498 1727 819 1798 ἑτεροδόξων
870 1726 1322 1799 ἀποστρεφομένη
1372 1725 1469 1798 τὴν
1513 1729 1632 1779 δυσς

1857 1723 2048 1791 tdmis;
2094 1737 2200 1793 qua
2264 1723 2575 1791 agnoscitur
2620 1724 2765 1780 idem
2823 1726 3165 1796 omnipotens
3218 1742 3373 1791 esse,

116 1815 291 1869 ϐειαν.
327 1817 513 1881 Οὐδεὶς
539 1817 669 1886 γοῦν
701 1818 808 1873 τῶν
840 1819 1160 1891 ἑτεροδόξων
1191 1818 1334 1873 εἴποι
1367 1817 1434 1872 ἂν
1462 1817 1551 1872 τὸν
1584 1819 1631 1872 Π

1862 1816 2086 1871 beorum
2118 1824 2174 1871 et
2226 1816 2606 1871 haereticorum
2649 1816 2980 1887 impietatem
3036 1818 3374 1874 detestanda.

116 1906 252 1977 τέρα
284 1905 376 1960 τοῦ
408 1909 668 1981 Χριστοῦ,
705 1911 872 1964 αὐτὸν
899 1906 1039 1964 εἶναι
1087 1911 1179 1964 τὸν
1212 1911 1343 1964 Θεὸν
1374 1911 1467 1964 τὸν
1502 1926 1632 1965 παντ

1861 1906 1989 1961 ullus
2016 1915 2196 1961 autem
2233 1906 2394 1977 plane
2434 1906 2578 1963 inter
2632 1907 2805 1967 aliter,
2832 1908 3182 1976 proﬁtentes,
3213 1923 3377 1979 quam

115 1999 382 2071 ιιράτορα,
408 2001 485 2065 ὡς
526 2002 646 2055 οὐδὲ
689 2002 957 2057 Ἰουδαίων
989 2002 1374 2074 ὁμολογήσειεν
1408 2002 1475 2056 ἀν
1500 2020 1584 2066 τις
1606 2022 1631 2058 τ

1861 1999 2043 2059 :clesia
2087 1998 2285 2062 docet,
2335 1999 2683 2055 conﬁtebitur
2711 1999 2877 2055 Deum
2911 2000 3129 2057 Patrem
3174 2001 3377 2059 Christi

114 2092 253 2146 Θεὸν
276 2093 495 2163 Πατέρα
527 2089 685 2159 εἶναι,
718 2094 811 2148 τὸν
845 2096 1107 2167 μονογενῆ
1144 2095 1272 2148 Υίὸν
1302 2095 1376 2167 μὴ
1396 2094 1548 2159 εἰδώς
1571 2112 1585 2126 ·
1616 2114 1630 2149 ι

1862 2110 1923 2161 se
1965 2090 2117 2151 illum
2159 2090 2252 2167 qui
2288 2089 2432 2146 Deus
2464 2103 2550 2146 est
2583 2091 2960 2162 onmipotens;
2990 2096 3051 2171 ᾖ
3082 2100 3143 2146 ιιι
3198 2107 3298 2149 nec
3344 2108 3378 2151 ο

113 2180 168 2234 δέ
198 2198 268 2250 γε
290 2180 491 2253 Ἕλλην
526 2183 623 2238 ἕνα
654 2183 812 2255 μόνον
839 2187 1061 2256 φήσειεν
1090 2186 1287 2240 εἰδέναι
1314 2185 1465 2239 Θεόν.
1496 2186 1629 2240 Atat

1860 2187 2103 2243 idaeorum
2150 2191 2302 2243 secta
2348 2181 2618 2252 quispiam
2676 2189 2761 2236 est
2802 2180 3145 2247 professurus
3205 2180 3376 2237 Deum

114 2269 320 2323 τούτων
340 2271 591 2327 ἁπάντων
611 2273 1053 2344 ἀποκαθαίρουσα
1075 2274 1172 2347 τὴν
1191 2274 1396 2346 πλάνην
1414 2277 1447 2347 ἡ
1471 2270 1630 2350 Ἐκκλ

1856 2287 2037 2345 ιιι-ειη,
2065 2294 2188 2335 cum
2220 2280 2339 2350 ejus
2365 2274 2567 2335 l‘lIIIIm
2590 2272 2925 2342 unigenitum
2958 2286 3066 2328 non
3088 2272 3372 2329 admittat:

114 2360 229 2424 σία,
264 2361 355 2427 τὸν
383 2361 481 2415 ἕνα
511 2362 642 2416 Θεὸν
675 2363 955 2434 κηρύττει,
984 2365 1147 2419 αὐτὸν
1187 2360 1324 2419 εἶναι
1357 2366 1450 2419 καὶ
1479 2349 1624 2420 Πατέ

1862 2371 1893 2424 d
1950 2385 2053 2427 nec
2112 2349 2446 2443 paganorum
2525 2371 2667 2427 ullus
2766 2363 3138 2432 concesserit,
3208 2380 3374 2420 unum

112 2456 209 2509 καὶ
245 2454 655 2527 παντοκρᾶτορα
692 2456 1037 2522 διδάσκουσα,
1084 2457 1300 2530 Πατέρα
1334 2457 1433 2529 μὲν
1462 2457 1579 2521 ἐνὸς
1602 2476 1628 2511 τ

1862 2459 1971 2516 lum
2013 2476 2136 2518 esse
2170 2462 2363 2519 Deum.
2415 2461 2500 2519 Ab
2538 2463 2764 2520 istorum
2803 2456 3051 2518 omnium
3100 2457 3377 2513 erroribus

109 2547 358 2618 Χριστοῦ
399 2548 583 2618 μόνου,
627 2548 735 2603 τῶν
782 2550 840 2602 δὲ
882 2550 1082 2604 λοιπῶν
1121 2552 1376 2606 ἁπάντων
1421 2553 1554 2609 Θεὸν
1602 2574 1625 2610 a

1863 2553 2039 2609 :clesia
2096 2566 2158 2608 se
2193 2553 2482 2619 mundans,
2538 2570 2704 2610 unum
2760 2555 2928 2609 Deum
2979 2547 3279 2626 pradicet;
3322 2554 3379 2601 εἰ

109 2639 343 2709 κτίστην
382 2639 478 2691 καὶ
508 2637 731 2711 Κύριον.
762 2640 917 2694 Οῦτω
959 2642 1053 2695 καὶ
1085 2642 1213 2696 Υίὸν
1258 2643 1391 2699 Θεοῦ
1434 2663 1625 2717 μονογε

1870 2647 2043 2700 mdem
2078 2660 2200 2702 esse
2228 2647 2386 2702 docet
2418 2645 2636 2703 Patrem
2677 2656 2734 2702 et
2762 2648 3187 2718 omnipotentem
3220 2664 3235 2703 :
3272 2638 3378 2699 Ile-

120 2730 338 2802 Ἰησοῦν
363 2733 596 2803 Χριστὸν
623 2734 974 2804 παραδίδωσι,
1002 2735 1095 2788 τὸν
1115 2736 1224 2807 πρὸ
1248 2738 1463 2792 πάντων
1488 2739 1636 2795 αἰώνι

1855 2752 1935 2792 em
1965 2736 2182 2807 quidem
2211 2737 2374 2794 unius
2399 2738 2570 2795 solius
2614 2737 2857 2805 Christi;
2897 2738 3137 2794 omnium
3192 2747 3371 2792 autem

108 2822 174 2875 ὲκ
195 2822 297 2875 τοῦ
332 2824 543 2895 Πατρὸς
568 2827 959 2897 γεγεννημένον
979 2845 994 2858 ’
1034 2828 1095 2880 οὐ
1138 2828 1229 2880 τὸν
1257 2828 1417 2882 αὐτὸν
1459 2830 1588 2885 ὄντα
1621 2854 1624 2867 ι

1854 2826 2080 2882 ominum
2131 2836 2187 2882 et
2232 2827 2594 2893 conditorem,
2646 2834 2701 2882 et
2751 2827 2942 2883 Deum.
2986 2828 3070 2882 Ad
3123 2827 3370 2883 eumdem

108 2916 314 2986 Πατρὶ,
353 2916 472 2969 καθ’
510 2918 700 2970 ἑαυτὸν
733 2917 788 2970 δὲ
816 2918 947 2972 δντα
981 2918 1074 2971 καὶ
1103 2918 1301 2983 ζῶντα,
1348 2921 1442 2974 καὶ
1482 2922 1624 2993 ἀληθι

1858 2939 2009 2995 loque
2054 2926 2273 2981 modum
2324 2924 2422 2980 Dei
2476 2924 2675 2979 Filium
2725 2925 3060 2996 unigenitum
3128 2923 3374 2990 agnoscit

106 3006 247 3059 Υίὸν
299 3006 522 3060 συνόντα
555 3006 691 3078 (26),
739 3008 872 3061 Θεὸν
916 3008 1029 3080 (27)
1060 3008 1125 3061 ὲκ
1159 3008 1316 3074 Θεοῦ,
1364 3011 1460 3064 καὶ
1491 3012 1606 3080 φῶς

1850 3035 1944 3085 tm,
1974 3020 2065 3089 qui
2099 3026 2226 3074 ante
2259 3018 2444 3075 omnia
2471 3016 2670 3073 saecula
2697 3017 2765 3073 de
2793 3016 2951 3073 Patre
2982 3016 3082 3072 fuit
3110 3018 3324 3086 genitus
3352 3035 3366 3071 :

108 3096 315 3165 φωτὸς,
351 3098 444 3150 καὶ
482 3098 626 3168 ζωὴν
664 3101 729 3152 ἐκ
773 3100 952 3171 ζωῆςο
996 3099 1245 3164 ἀλέκτοις
1276 3101 1372 3155 καὶ
1416 3103 1624 3175 ἀρῤήτο

1855 3123 1904 3162 m
1945 3108 2095 3163 illum
2121 3118 2289 3176 certe,
2328 3107 2576 3165 eumdem
2636 3123 2761 3164 cum
2802 3107 2960 3163 Patre
2998 3108 3371 3174 exsistentem,

108 3190 206 3243 καὶ
245 3165 593 3244 παντάπασιν
631 3165 931 3259 ἀγνώστοις
970 3192 1123 3264 ἡμῖν,
1165 3194 1261 3247 καὶ
1294 3165 1624 3267 ἀκαταλήπτι

1853 3215 1982 3271 ;per
2009 3217 2068 3257 se
2110 3202 2522 3268 subsistentem,
2567 3202 2945 3270 viventemque
2983 3214 3111 3254 vere
3154 3200 3369 3265 Filium,

107 3282 297 3352 λόγοις
327 3285 393 3337 ὲκ
418 3280 514 3336 τοῦ
532 3284 746 3356 Πατρὸς
774 3285 865 3338 ἐπὶ
888 3286 1131 3358 σωτηρίᾳ
1158 3287 1266 3340 τῶν
1286 3287 1422 3342 ὅλων
1443 3304 1623 3358 γεγενκ

1857 3303 1923 3341 Im
1952 3288 2111 3344 Patre
2149 3292 2573 3367 cqexsistentem
2612 3292 2779 3349 Deum
2825 3292 2892 3347 de
2923 3291 3050 3359 Dco,
3081 3290 3260 3345 lumen
3308 3293 3373 3346 de

111 3377 300 3446 μένον,
318 3378 413 3430 καὶ
432 3378 530 3448 οὐχ
555 3377 753 3448 ὁμοίως
781 3379 878 3448 μὲν
905 3381 1017 3442 τοῖς
1043 3379 1250 3444 λοιποῖς
1270 3384 1544 3452 γεννητοῖς
1570 3383 1627 3435 ὐτ

1858 3381 1999 3436 mine
2025 3395 2039 3439 ε
2076 3384 2242 3436 vitam
2270 3384 2335 3438 de
2362 3385 2471 3439 vita
2499 3402 2514 3451 ;
2552 3384 3015 3440 inenarrabilibus
3036 3423 3050 3446 ,
3086 3382 3374 3437 ineffabili-

111 3469 343 3533 στάντα,
377 3469 497 3522 οὑδὲ
525 3468 667 3541 ζωὴν
698 3471 907 3542 ἐμφερῆ
936 3473 1047 3535 τοῖς
1084 3471 1150 3524 δι’
1174 3472 1335 3525 αὐτοῦ
1365 3489 1627 3543 γεγεννημ

1857 3486 1945 3534 ιε,
1997 3472 2311 3529 omnimodo
2359 3475 2656 3546 incognitis
2707 3486 2762 3530 et
2816 3472 3373 3545 imperscrutabilibus

108 3577 222 3623 νοις
262 3558 460 3625 ζῶντα,
504 3560 664 3630 μόνον
712 3562 770 3615 δὲ
823 3559 884 3627 ἐξ
917 3561 1084 3615 αὑτοῦ
1123 3561 1218 3615 τοῦ
1263 3563 1477 3634 Πατρὸς
1505 3565 1624 3617 ἀπα

1856 3562 2100 3617 tionibus
2128 3563 2197 3619 de
2224 3564 2386 3619 Patre
2417 3567 2683 3638 genitum,
2717 3569 2785 3621 ad
2821 3566 3051 3620 salutem
3106 3566 3372 3620 universis

109 3653 341 3724 χθέντα,
377 3654 471 3707 καὶ
499 3653 778 3726 αὐτοζωὴν
819 3654 964 3709 ὄντα.
994 3655 1106 3709 Καὶ
1132 3654 1338 3727 ἔπρεπε
1371 3654 1480 3727 γὰρ
1501 3654 1580 3727 τῷ
1607 3657 1625 3709 ὲ

1851 3655 2219 3710 'ocurandam.
2280 3654 2396 3711 Non
2453 3657 2710 3713 similiter
2762 3657 2886 3711 aliis
2934 3656 3367 3712 subsistentem:

109 3745 338 3799 πάντων
360 3744 501 3815 Θεῷ,
536 3744 642 3817 πρὸ
680 3745 883 3809 παντὸς
915 3743 1198 3814 γεννητοῦ,
1228 3744 1323 3797 καὶ
1346 3745 1452 3816 πρὸ
1481 3744 1625 3799 πάντ

1856 3761 1899 3800 :c
1922 3745 2087 3800 vitam
2117 3747 2385 3802 viventem
2413 3762 2534 3803 cum
2572 3748 2677 3803 illis
2706 3764 2889 3818 parem
2926 3748 3016 3818 qui
3047 3749 3116 3805 ab
3148 3764 3213 3803 eo
3245 3757 3372 3804 sunt

110 3834 351 3899 αἰώνων,
392 3835 455 3889 τὸ
489 3836 772 3905 μονογενὲς
813 3835 972 3889 τοῦτο
1005 3834 1399 3907 προϐάλλεσθαι
1432 3836 1626 3907 γέννημ

1857 3837 2013 3892 eali:
2048 3837 2222 3893 solum
2264 3839 2332 3894 de
2386 3838 2502 3894 solo
2555 3838 2718 3896 Patre
2762 3842 2998 3911 genitum
3030 3856 3045 3896 ε
3078 3841 3373 3910 ipsammet

110 3926 307 3997 ὥσπερ
339 3926 462 3981 τινὰ
493 3926 733 3999 κρηπῖδα
761 3926 856 3981 καὶ
885 3925 1130 3997 θεμέλιον
1169 3926 1408 3997 ἀρραγῆ,
1436 3925 1544 3979 τῶν
1572 3942 1626 3997 με

1857 3935 1964 3985 tam
2001 3929 2377 3986 exsistentem.
2415 3929 2547 3985 Erat
2596 3931 2741 3986 enim
2792 3931 2906 3988 Deo
2945 3933 3277 3989 conveniens
3316 3941 3373 3989 et

109 4014 320 4072 λόντων
339 4019 405 4073 δι’
419 4019 580 4073 αὐτοῦ
605 4018 980 4091 γεννήσεσθαι.
1000 4018 1091 4071 Διὸ
1117 4017 1182 4093 δὴ
1207 4017 1313 4089 πρὸ
1342 4018 1558 4073 πάντων
1591 4035 1625 4070 τ

1854 4033 2118 4090 mgruum,
2160 4021 2252 4090 qui
2298 4034 2459 4091 super
2496 4036 2687 4078 omnes
2723 4031 2829 4087 est,
2881 4023 2974 4093 qui
3013 4031 3139 4079 ante
3190 4025 3370 4080 omnia

112 4110 428 4183 μελλόντων
450 4110 668 4165 ἔσεσθαι
699 4088 788 4165 τὸν
812 4111 941 4164 Υίὸν
964 4088 1179 4180 ἐγέννα,
1206 4088 1398 4182 ὥσπερ
1410 4110 1556 4173 τινὸς
1582 4126 1628 4178 qm

1853 4088 2001 4177 inita,
2037 4088 2398 4168 ante—saecula
2445 4114 2628 4169 omnia
2658 4088 2988 4181 exsistebat,
3037 4116 3369 4187 unigenitum

107 4203 203 4266 τὸς
235 4203 456 4269 ἀκτῖνα,
478 4203 573 4255 καὶ
603 4200 750 4271 ζωῆς
787 4201 991 4270 πηγὴν,
1042 4201 1134 4254 καὶ
1159 4199 1428 4271 θησαυρὸν
1456 4196 1623 4268 ἀγαθᾱ

1852 4218 1903 4259 rc
1945 4204 2193 4273 genimen
2252 4207 2590 4274 producere',
2636 4205 2802 4261 veluti
2844 4208 3132 4278 quamdam
3196 4209 3368 4264 basim

114 4307 136 4340 ι
160 4292 222 4343 ὲν
248 4282 295 4356 ᾧ
323 4289 524 4351 πάντες
577 4290 713 4342 εἰσὶν
743 4290 793 4341 οἱ
834 4288 1095 4361 θησαυροῖ⁵
1130 4289 1229 4359 τῆς
1256 4287 1447 4358 σοφίας
1475 4287 1569 4341 καὶ
1596 4304 1630 4340 τη

1866 4304 2038 4348 turum
2079 4305 2135 4349 et
2160 4295 2596 4363 fundamentum,
2628 4309 2682 4353 et
2722 4298 3144 4354 sustentaculum
3175 4300 3373 4355 immo-

116 4399 134 4430 ι
156 4380 421 4448 γνώσεως
454 4380 782 4453 ἀπόκρυφοι,
808 4399 827 4431 ι
864 4381 1005 4434 κατά
1048 4380 1139 4434 τὸν
1164 4380 1305 4434 θεῖον
1354 4378 1632 4433 Ἀπόστολε

1858 4386 1903 4441 le
1935 4402 2121 4443 eorum
2147 4388 2389 4444 omnium
2423 4404 2546 4460 quae
2577 4399 2736 4446 erant
2770 4392 2824 4446 in
2864 4392 3121 4447 secundis
3173 4393 3374 4461 produ-

109 4472 402 4526 Τοσούτων
435 4472 672 4542 ἀγαθῶν,
711 4473 741 4525 ὁ
776 4473 933 4544 μόνος
982 4472 1183 4541 ἀγαθὸς
1225 4472 1415 4543 Πατὴρ
1441 4471 1532 4526 τὸν
1569 4469 1625 4523 Υί

1856 4477 1989 4531 ιηάο.
2027 4476 2177 4533 Hanc
2202 4480 2274 4534 oh
2294 4494 2517 4535 causam
2556 4479 2756 4537 Filium
2806 4482 3202 4552 progeneravit,
3247 4491 3372 4537 ante

110 4564 321 4636 ὐφίστη
351 4562 627 4636 αὐτοζωὴν
671 4563 821 4629 ὄντα,
859 4563 1118 4628 ζωοποιὸν
1149 4562 1259 4629 τῶν
1291 4562 1446 4629 ὅλων,
1479 4562 1573 4616 καὶ
1603 4578 1626 4614 ο

1857 4586 1865 4620 l
1913 4570 2094 4625 omnia
2140 4586 2260 4642 quae
2301 4572 2645 4642 producenda
2702 4583 2897 4640 erant,
2937 4582 3189 4642 tanquam
3236 4573 3373 4629 lucis

107 4655 297 4724 τοφῶς
324 4654 385 4709 τὸ
407 4653 677 4726 ἀληθινὸν,
703 4656 797 4709 καὶ
823 4654 1003 4726 πάσης
1025 4657 1215 4726 νοερᾶς
1244 4656 1337 4708 καὶ
1363 4654 1584 4725 λογικῆς
1611 4672 1623 4706 ι

1856 4661 2078 4728 ijusdam
2133 4664 2365 4729 radium,
2412 4664 2537 4719 vita:
2583 4663 2811 4729 fontem,
2848 4663 3109 4718 bonorum
3156 4665 3372 4719 thesau-

110 4745 239 4809 σίας
287 4746 645 4814 φωτιστικόνο
696 4747 790 4800 καὶ
831 4746 1140 4816 αὑτόλογον,
1187 4747 1283 4801 καὶ
1338 4746 1549 4816 σοφίαν,
1609 4764 1626 4800 c

1855 4767 1944 4815 un,
1968 4769 1986 4803 ι
2011 4752 2063 4806 in
2092 4768 2201 4823 quo
2216 4762 2547 4809 suntomnes
2569 4754 2845 4823 sapientia:
2872 4754 3108 4809 thesauri
3140 4755 3371 4810 abscon-

112 4837 235 4905 φῶς
264 4835 381 4905 (28)
415 4836 483 4889 τὰ
508 4837 683 4890 πάντα
709 4837 804 4891 καὶ
854 4836 1084 4905 λογικῶς
1116 4836 1476 4909 ὑφιστάμενόν
1502 4856 1561 4891 τε
1604 4856 1628 4891 κ

1861 4843 1895 4895 ti
1918 4852 1972 4897 et
1999 4844 2346 4914 cognitionis,
2372 4863 2391 4897 ι
2411 4847 2857 4914 quemadmodum
2885 4846 3097 4900 divinus
3130 4847 3369 4901 docebat

106 4926 441 4981 διοικοῦντα.
473 4921 572 4981 Ὧν
609 4928 672 5000 δὴ
710 4930 869 5000 χάριν
897 4930 925 4981 ὁ
959 4929 1248 5000 μονογενὴς
1278 4929 1405 4992 Υίὸς
1432 4929 1526 4982 τοῦ
1560 4929 1622 4982 Θε

1853 4934 2095 5001 poslolus
2131 4934 2199 4990 “.
2253 4936 2546 4991 Tantorum
2603 4937 2896 5008 taliumque
2934 4938 3222 5005 bonorum,
3278 4940 3368 5007 qui

114 5020 286 5089 μόνος
346 5018 509 5082 αὐτὸς
538 5020 657 5091 ,καὶ
712 5019 833 5073 οὐδὲ
885 5019 1042 5084 ἄλλος
1090 5020 1450 5092 ἀνηγόρευται
1496 5038 1557 5074 τε
1607 5039 1630 5074 κ

1850 5024 1946 5079 plus
1996 5025 2172 5081 bonus
2235 5025 2395 5081 Pater
2440 5037 2544 5095 est,
2596 5027 2789 5083 Filium
2839 5031 3127 5099 progenuit
3186 5045 3366 5094 suum,

108 5110 291 5164 ἔστιν.
1803 5115 2090 5185 ipsammet
2118 5117 2284 5172 vitam
2311 5120 2661 5174 exsistentem
2681 5160 2699 5188 ,
2739 5127 2795 5175 et
2822 5120 3062 5175 omnium
3095 5134 3215 5190 quae
3244 5128 3371 5174 sunt

184 5387 310 5464 (Ξρ)
338 5387 720 5464 Διδάσκουσα
746 5392 1072 5464 πιστεύειν,
1106 5390 1221 5464 lege
1258 5391 1352 5464 καὶ
1403 5391 1699 5446 πιστεύειν.

1480 5391 1709 5446 ττεύειν.
1872 5391 1981 5464 (ᾗῇ)
2018 5390 2154 5464 flor
2178 5390 2673 5464 συνόνταέυροεῑ,
2699 5390 2996 5464 τῷλΠατρί.

111 5452 303 5535 Corde
336 5458 478 5535 enim
506 5463 765 5535 creditur,
793 5476 917 5535 _nre
948 5462 1006 5514 ﬁt
1060 5452 1329 5517 confessio
1363 5477 1376 5513 :
1415 5469 1627 5532 utrumq

1871 5452 1998 5535 (27)_
2027 5462 2133 5535 lup.
2166 5479 2256 5535 γρ.
2296 5462 2483 5535 ’Πατρί
2520 5452 2669 5516 ante
2692 5452 2824 5516 Θὲόν
2862 5452 3185 5535 ponendum.
3244 5461 3366 5518 Mox

112 5528 453 5601 exigitur-Win
481 5544 636 5601 sacro
658 5529 1006 5599 baptismate.
1166 5599 1186 5601 _
1614 5528 1628 5532 “

1166 5599 1186 5601 _
1614 5528 1630 5532 “
1798 5528 2060 5595 νυῐαοδιὸ
2078 5530 2137 5583 δέ
2164 5528 2218 5585 ei
2250 5531 2381 5586 αὐτὸ
2407 5528 2542 5601 φῶς,
2574 5542 2678 5585 etc.

190 5596 743 5673 (25)_Hapéxovo'af
779 5601 1112 5673 θεολογίαν.
1163 5599 1315 5673 Lege
1362 5603 1698 5673 παρέχουσα.

1850 5601 1984 5673 ,(28)
2016 5602 2127 5655 Καὶ
2157 5596 2667 5673 Ασοφίανζσαφῶς.
2706 5601 2893 5673 Potius
2915 5600 3239 5673 αύτοσοφίαν
3260 5641 3274 5667 ,
3303 5611 3366 5673 ιιι

111 5662 758 5743 Εεὲιθὲίε-ιξοιὶἶρεηε-ιιίε
800 5662 1033 5743 alumnis
1066 5662 1545 5743 hanc_Iid_em;'si'é
1587 5681 1703 5743 sta-
1800 5662 2107 5743 αὐτόλογον.
2152 5662 2322 5743 Sic'et
2353 5662 2481 5727 mss.
2515 5662 2587 5727 ér.
2714 5672 2809 5726 I‘ZI
2847 5673 2907 5728 D.
2946 5672 3063 5727 Mox
3100 5662 3365 5743 v'nlgo'dn.

116 5740 218 5795 lim
258 5735 592 5810 χωρίζουσα.
630 5740 701 5794 Μ.
731 5771 801 5781 -
830 5740 951 5794 Mox
987 5745 1145 5812 vulgo
1174 5739 1264 5793 τὸν
1294 5735 1435 5796 Θεὸν
1456 5741 1632 5813 Πατέρ

1324 5735 1435 5796 ιεὸν
1456 5741 1697 5813 Πατέρα.
1797 5740 1855 5794 δέ
1881 5750 1935 5797 et
1964 5735 2370 5810 ἀναγορεύεται.
2621 5735 2636 5741 ”
2838 5766 2840 5769 ·
