3838 6222
154 252 256 307 8H

1096 250 1184 305 DE
1224 249 1764 310 ECCLESIASTICA
1802 250 2200 311 THEOLOGIA
2235 252 2369 311 LIB.
2408 254 2448 310 Ι.

3290 260 3396 317 842

145 367 308 434 τρὸς,
328 362 559 431 ἐκεῖνος
578 362 938 434 ἐξηγήσατο.
966 384 983 416 ι
1022 364 1179 418 Ἀλλὰ
1203 366 1295 418 καὶ
1318 365 1480 419 αὑτοῦ
1502 366 1593 420 τοῦ
1617 368 1703 421 Σω

1831 365 2076 419 eamdem
2112 361 2278 420 veluti
2308 364 2481 436 sigillo
2507 379 2608 421 suo
2631 367 3081 424 communiturus.
3127 367 3397 437 Quocirca

138 460 311 526 τῆρος
342 457 400 507 ὲν
421 456 540 518 ταῖς
566 457 692 527 περὶ
715 454 878 507 αὑτοῦ
905 453 1270 517 διδασκαλίαις
1292 454 1444 508 ταῦτ’
1469 456 1727 528 ἐπισφρα-

142 546 471 616 γιςομένου,
514 546 583 598 δι’
626 540 701 599 ὧν
746 545 949 613 ἔλεγεν·
989 545 1154 597 Οὕτω
1194 546 1303 613 γὰρ
1342 544 1660 614 ἠγάπησεν
1690 550 1723 601 d

141 639 293 703 Θεὸς
316 637 423 691 τὸν
445 641 694 707 κόσμον,
725 636 880 690 ὥστε
914 636 1019 689 τὸν
1046 636 1183 689 Υἱὸν·
1206 636 1392 691 αὑτοῦ
1416 637 1522 691 τόν
1537 656 1720 706 μονο-

136 729 289 801 τενῆ
328 729 571 795 ἔδωκεν,
606 729 705 783 Ira
738 727 857 795 πᾶς
886 731 919 781 ό
957 729 1260 787 πιστεύων
1291 729 1378 794 εὶς
1397 728 1582 783 αὑτὸν
1609 731 1718 799 ἔχῃ

136 821 295 889 ζωὴν
322 820 581 875 αἰώνιον.
614 820 671 874 ὐ
695 822 832 892 μετὰ
850 819 1053 883 ταύτας
1083 819 1182 882 τὰς
1206 819 1388 888 φωνὰς
1408 820 1630 892 γενητὸν
1658 821 1718 885 ἐξ

135 915 237 966 οὑκ
282 913 471 976 ὅντων,
498 912 591 966 καὶ
640 912 844 983 κτίσμα
869 912 979 983 (56)
1022 910 1363 983 προηγμένον
1403 911 1468 964 ὲκ
1507 910 1600 965 τοῦ
1641 912 1716 983 μὴ

132 1003 291 1064 ὄντος
325 1004 417 1057 τὸν
441 1004 570 1057 Υίὸν
596 1003 929 1075 ὁριζόμενος,
960 1001 1151 1073 λέληθε
1175 1000 1411 1071 τοῦνομα
1445 1002 1543 1072 μὲν
1564 1002 1714 1073 αὑτῷ

138 1094 300 1165 μόνον
332 1094 708 1164 χαριζόμενος,
725 1094 786 1146 τὸ
811 1094 856 1147 δ’
876 1094 1091 1165 ἀληθῶς
1114 1092 1241 1145 Υἱὸν
1265 1090 1403 1146 εἶναι
1440 1092 1602 1164 ἀρνοὺ
1611 1110 1710 1163 με-

131 1202 245 1248 νος.
291 1186 350 1237 '0
390 1184 500 1255 γὰρ
531 1182 590 1249 ἐξ
621 1185 720 1236 οὑκ
756 1184 924 1237 ὄντων
961 1183 1218 1252 γεγονὼς,
1259 1183 1358 1235 οὑκ
1403 1182 1466 1235 ἂν
1497 1181 1712 1253 ἀληθῶς

131 1276 332 1343 γένοιτ’
354 1276 419 1330 ἂν
450 1277 575 1341 Υἱὸς
608 1276 700 1330 τοῦ
724 1276 889 1329 Θεῶν
922 1276 1004 1328 ὅτι
1044 1274 1178 1347 μηδὲ
1210 1274 1335 1328 ἄλλο
1365 1290 1416 1326 τι
1449 1273 1556 1327 τῶν
1590 1290 1710 1341 γεν-

132 1382 333 1437 νητων.

1826 470 1951 509 cum
1971 454 2280 525 huiusmodi
2307 456 2676 512 testimonium
2716 458 2815 526 ipsi
2849 457 3223 515 universorum
3252 461 3391 518 Deus

1825 545 2174 610 exhibuerit;
2242 560 2476 615 cumque
2531 547 2752 604 disertis
2813 548 2994 604 verbis
3043 549 3390 623 Evangelista

1823 637 2158 708 pronuntiet,
2189 651 2311 692 eum
2346 650 2469 693 esse
2492 636 2688 693 Filium
2726 639 3082 710 unigenitum,
3110 642 3236 698 dum
3265 659 3392 715 pro-

1827 727 2041 781 nuntiat
2075 744 2089 781 :
2124 726 2292 782 Deum
2325 744 2471 783 nemo
2494 730 2624 783 vidit
2649 745 2879 798 unquam
2903 729 3257 803 :Unigenitus
3287 735 3393 791 Fi-

1823 820 1926 872 lius
1970 816 2084 889 (aut
2125 819 2267 873 Deus
2299 819 2629 889 unigenitus)
2662 822 2753 891 qui
2795 832 2906 876 erat
2940 824 2995 878 in
3028 824 3149 879 sinu
3182 824 3388 891 Patris,

1823 912 1933 981 ipse
1952 911 2220 965 enarravit
2245 909 2311 965 ⁸³.
2345 909 2536 966 Adhuc
2562 926 2684 965 cum
2718 911 2979 968 Servator
3007 914 3225 985 insuper
3251 917 3386 985 ipse,

1820 1002 1965 1056 inter
2017 1000 2341 1065 docendum,
2402 1002 2507 1056 hoc
2556 1004 2813 1072 assignet,
2863 1003 2951 1060 ubi
2989 1004 3059 1059 ita
3102 1005 3385 1075 loquitur:

1819 1093 1904 1147 Ita
1925 1092 2067 1147 Deus
2089 1093 2273 1148 dilexit
2301 1096 2559 1148 mundum
2580 1133 2598 1160 ,
2642 1106 2697 1149 ut
2726 1093 2926 1150 Filium
2954 1098 3116 1164 ipsius
3150 1098 3390 1169 unigeni-

1818 1194 1928 1237 tum
1961 1185 2201 1250 dederit,
2230 1194 2285 1239 ut
2318 1186 2489 1239 omnis
2529 1186 2692 1253 quiin
2727 1203 2845 1241 eum
2880 1190 3188 1254 crediderit,
3230 1190 3388 1245 vitam

1815 1275 2080 1339 possideat
2111 1284 2359 1330 ceter-nam
2406 1275 2473 1330 “.
2519 1276 2778 1347 Quisquis
2825 1278 2987 1347 igitur
3021 1284 3080 1343 ᾖ
3108 1288 3228 1349 post
3271 1279 3387 1335 haec

1816 1367 2126 1422 testimonia
2163 1368 2501 1439 progenitum
2529 1369 2679 1424 illum
2712 1370 2780 1425 de
2804 1385 2910 1425 non
2935 1371 3186 1437 entibus,
3231 1381 3287 1428 et
3318 1387 3388 1427 ex

130 1473 245 1514 non
275 1466 401 1513 ente
458 1457 778 1527 productam
842 1454 1193 1512 aﬂirmaverit
1234 1466 1561 1519 creaturam,
1606 1456 1769 1512 istum
1811 1459 2043 1527 Filium;
2120 1476 2313 1516 nomen
2368 1464 2419 1518 ei
2484 1464 2697 1533 ,nudum
2763 1464 3134 1520 tantummodo
3198 1464 3385 1535 largiri

132 1547 578 1619 deprehenditur,
627 1562 815 1604 revera
869 1559 1047 1603 autem
1079 1548 1276 1603 Filium
1330 1562 1470 1615 esse,
1510 1563 1827 1621 pernegare.
1861 1552 1995 1607 Nam
2040 1554 2131 1623 qui
2193 1553 2260 1609 de
2318 1570 2422 1608 non
2493 1554 2878 1611 exsistentibus
2915 1564 3207 1625 generatus
3261 1565 3341 1611 est
3370 1596 3386 1623 ,

128 1647 187 1705 is
212 1657 365 1705 certe
390 1647 482 1703 Dei
509 1645 681 1704 Filius
719 1662 842 1703 esse
878 1660 1067 1702 revera
1113 1644 1299 1717 nequit
1331 1662 1347 1700 :
1380 1660 1485 1701 non
1529 1648 1705 1716 magis
1742 1662 1904 1718 quam
1943 1649 2157 1719 quidvis
2182 1649 2327 1705 aliud
2361 1658 2626 1705 creatum.

798 1722 965 1793 Κεφ.
995 1740 1052 1793 I'.

130 1831 257 1884 Ὀτι
279 1833 467 1900 μόνος
499 1830 566 1884 ἐκ
597 1831 703 1885 τοῦ
735 1832 965 1899 Πατρός
993 1832 1301 1901 γεννηθεὶς
1336 1832 1576 1899 εἰκότως
1611 1836 1712 1890 καὶ

202 1903 353 2024 3:3:
396 1903 494 1955 καὶ
534 1902 871 1973 μονογενὴς
930 1904 1059 1969 Υἱὸς
1098 1906 1286 1973 μόνος
1328 1904 1509 1970 αὐτὸς
1540 1906 1714 1960 ἀνεί-

354 1990 391 2024 ι.

278 1988 391 2024 ται.

188 1988 315 2131 ῗέη
353 2064 410 2116 Ὀ
438 2062 482 2115 δη
508 2062 722 2132 ἀληθῶς
756 2062 882 2125 Υἱὸς
908 2062 1003 2116 τοῦ
1034 2064 1169 2116 Θεοῦ
1206 2063 1267 2127 ἐξ
1309 2030 1470 2119 αὑτοῦ
1516 2065 1611 2118 ἆτε
1648 2063 1711 2135 δὴ

118 2154 192 2207 ὲκ
213 2155 425 2226 Πατρὸς
452 2154 787 2224 ἁποτεχθεὶς,
816 2155 1037 2218 εἰκότως
1060 2156 1152 2209 καὶ
1169 2157 1469 2227 Ἀγαπητὸς
1501 2158 1592 2210 καὶ
1609 2157 1715 2211 Μο-

118 2248 352 2316 νογενὴς
402 2247 789 2319 χρηματίζειεν
818 2247 885 2301 ἂν
915 2246 1009 2301 τοῦ
1058 2248 1297 2320 Πατρός·
1340 2248 1480 2301 οὑτω
1519 2248 1575 2301 δὲ
1620 2248 1712 2301 καὶ

115 2338 258 2402 Θεὸς
289 2339 353 2393 ἂν
376 2341 461 2410 εἴη
492 2339 623 2409 ('58).
653 2339 718 2391 Ti
746 2339 855 2411 γὰρ
887 2338 953 2393 ἂν
980 2338 1190 2408 γένοιτο
1217 2340 1350 2393 Θεοῦ
1375 2340 1619 2411 γέννημα
1634 2339 1711 2410 τῷ

115 2433 479 2501 γεγεννηκότι
511 2430 982 2502 ἀφωμοιωμένον;
1033 2431 1220 2497 Κτίζει
1263 2432 1362 2503 μὲν
1403 2428 1497 2486 οὖν
1554 2432 1708 2502 βασι-

113 2520 247 2583 λεὺς
270 2521 445 2584 πόλιν,
472 2520 586 2574 ἀλλ’
610 2520 671 2572 οὑ
702 2521 866 2590 γεννᾷ
892 2519 1045 2572 πόλιν
1068 2537 1081 2549 ·
1118 2522 1313 2592 γεννᾷν
1339 2520 1395 2574 δὲ
1426 2521 1563 2586 υἱὸν,
1596 2520 1707 2572 ἀλλ’

111 2613 178 2666 οὑ
206 2614 417 2678 κτίζειν
448 2612 665 2681 λέγεται
687 2627 700 2642 ·
738 2612 831 2664 καὶ
857 2613 885 2663 6
918 2611 1245 2683 δημιουργὸς
1273 2612 1548 2683 τεχνίτης,
1590 2610 1706 2663 ἀλλ’

112 2705 246 2775 οὑχὶ
274 2705 455 2776 πατὴρ
494 2703 687 2772 γένοιτ’
730 2703 796 2756 ἂν
826 2702 921 2755 τοῦ
968 2704 1103 2775 πρὸς
1145 2705 1304 2757 αὑτὸν
1349 2704 1708 2775 δημιουργου-

116 2798 291 2868 μένου
310 2812 324 2826 ο
364 2796 459 2849 τοῦ
491 2796 536 2849 δ’
565 2795 625 2862 ἐξ
649 2794 813 2849 αὑτοῦ
837 2793 1034 2861 φύντος
1066 2794 1183 2847 υίοῦ
1206 2796 1316 2864 ,οὑκ
1346 2794 1411 2848 ἂν
1444 2794 1705 2867 δημιουρ-

109 2892 215 2960 γὸς
262 2890 502 2961 λεχθείη.
536 2890 646 2943 Καὶ
677 2888 742 2960 δὴ
787 2889 880 2941 καὶ
910 2889 939 2941 ὁ
985 2887 1094 2941 τῶν
1124 2888 1261 2943 ὅλων
1286 2888 1418 2952 Θεὸς
1466 2887 1560 2941 τοῦ
1610 2888 1707 2958 μὲν

109 2983 257 3037 Υίοῦ
284 2982 494 3054 Πατὴρ,
524 2980 619 3035 τοῦ
659 2980 716 3033 δὲ
761 2980 966 3051 κόσμου
994 2980 1215 3052 κτίστης
1258 2978 1325 3033 ἂν
1357 2979 1579 3042 εἰκότως
1613 2979 1706 3032 καὶ

1737 1752 1785 1811 Β

2454 1746 2608 1801 CAP.
2656 1744 2723 1800 X.

1818 1836 1969 1904 Quod
2007 1854 2124 1893 cum
2151 1838 2294 1893 solus
2318 1839 2385 1892 sit
2403 1839 2468 1891 de
2494 1836 2656 1891 Patre
2689 1840 3011 1908 progenitus,
3034 1841 3220 1895 merito
3239 1840 3384 1896 salus

1882 1932 2077 1985 dicitur
2104 1931 2212 1999 ipse
2235 1941 2283 1985 et
2308 1929 2466 1995 Deus,
2497 1942 2543 1983 et
2572 1928 2910 2001 Unigenitus,
2935 1941 3090 2001 atque
3121 1929 3319 1986 Filius.

1886 2067 1987 2136 Qui
2027 2068 2320 2123 secundum
2362 2069 2647 2123 veritatem
2686 2067 2782 2122 Dei
2819 2067 2988 2122 Filius
3030 2076 3145 2131 est,
3188 2066 3257 2123 de
3287 2068 3379 2123 illo

1814 2161 1918 2215 hoc
1942 2171 2047 2227 est,
2079 2161 2145 2215 de
2174 2159 2332 2233 Patre
2361 2161 2598 2229 genitus,
2626 2159 2753 2229 quid
2776 2160 2971 2213 mirum
2997 2159 3041 2213 si
3066 2157 3383 2215 etDilectus

1814 2254 2016 2316 audiat,
2062 2263 2115 2307 et
2143 2238 2315 2306 Patris
2371 2252 2453 2306 sui
2490 2249 2831 2322 Unigenitus,
2873 2251 2944 2305 ob
3001 2263 3161 2320 quam
3208 2251 3382 2321 ipsam

1811 2360 2031 2399 causam
2066 2354 2121 2400 et
2146 2344 2289 2399 Deus
2340 2342 2539 2397 fuerit?
2568 2342 2640 2397 De
2663 2341 2771 2397 Deo
2788 2342 3051 2412 siquidem
3075 2342 3203 2411 quid
3234 2345 3382 2399 aliud

1810 2436 1953 2506 gigni
1980 2434 2169 2504 possit,
2198 2449 2358 2504 quam
2395 2434 2539 2503 quod
2566 2434 2667 2503 ipsi
2699 2448 2794 2504 per
2827 2434 3009 2488 omnia
3050 2434 3124 2489 sit
3165 2433 3381 2489 similli-

1811 2527 1994 2582 mum?
2038 2525 2236 2581 Condit
2272 2526 2521 2595 equidem
2563 2525 2836 2579 civitatem
2879 2538 2997 2589 rex,
3052 2537 3158 2578 non
3200 2534 3379 2578 autem

1810 2618 1978 2689 gignit
2014 2617 2319 2682 civitatem;
2349 2617 2570 2688 gignere
2604 2629 2732 2671 vero
2763 2614 2928 2669 tilium
2950 2655 2965 2679 ,
2999 2630 3103 2669 non
3141 2616 3380 2671 condere

1809 2711 2069 2765 dicitur:
2132 2707 2327 2763 artifex
2378 2708 2543 2762 etiam
2603 2715 2972 2769 constructor,
3035 2718 3378 2775 nequaquam

1811 2817 1945 2857 vero
1980 2810 2134 2872 pater
2165 2799 2282 2869 ejus
2324 2799 2431 2855 dici
2485 2800 2670 2865 debet,
2717 2798 2859 2867 quod
2895 2798 3202 2853 construxit
3235 2814 3249 2851 :
3285 2798 3378 2867 qui

1809 2891 1905 2946 lilii
1938 2892 2005 2946 dc
2025 2904 2083 2946 se
2108 2890 2446 2961 progenerati
2487 2890 2736 2945 conditor
2778 2902 2886 2941 non
2928 2885 3252 2956 appellatur.
3295 2887 3380 2941 Ad

1809 2983 2061 3040 eumdem
2089 2983 2307 3038 modum
2336 2982 2712 3037 universorum
2739 2978 3037 3046 Deus,Filii
3070 2979 3153 3035 sui
3191 2978 3375 3043 Pater,

108 3076 354 3147 ποιητὴς
378 3073 607 3143 λέγοιτο.
635 3072 699 3125 El.
726 3072 770 3126 δ’
796 3070 943 3137 ἅπαξ
970 3088 1072 3125 που
1096 3072 1191 3143 τῆς
1214 3071 1436 3143 Γραφῆς
1461 3071 1703 3142 εὑρίσκει

1811 3074 1993 3128 mundi
2025 3071 2276 3128 conditor
2309 3072 2512 3142 Optimo
2533 3070 2657 3140 jure
2683 3080 2737 3125 et
2762 3078 3106 3125 constructor
3135 3068 3377 3139 appella-

107 3183 199 3228 τις
221 3164 538 3236 είρημένον;
559 3163 773 3231 Κύριος
806 3161 1007 3217 ἕκτισέ
1027 3179 1103 3232 με
1122 3161 1319 3231 ἀρχὴν
1336 3160 1490 3215 ὁδῶν
1515 3160 1700 3215 αὐτοῦ

1810 3173 1914 3219 tur.
1940 3164 2093 3231 Quod
2114 3164 2158 3219 si
2175 3162 2341 3218 semel
2365 3177 2462 3232 per
2484 3161 2788 3229 Scripturas
2806 3160 3113 3214 inveniatur
3137 3159 3374 3214 dictum:

107 3260 202 3323 είς
244 3256 391 3324 ἔργα
426 3254 612 3308 αὑτοῦ
637 3289 653 3316 ,
693 3250 784 3305 τὸν
817 3251 941 3305 νοῦν
977 3256 1295 3307 ἐπισκοπεῖν
1328 3252 1432 3324 χρὴ
1469 3252 1563 3304 τοῦ
1610 3251 1701 3306 λό-

107 3364 247 3416 γου,
274 3346 334 3399 ὸν
389 3347 584 3417 μικρὸν
614 3345 837 3419 ὕστερον
866 3345 1198 3417 ἐκθήσομαιο
1254 3344 1389 3399 ἀλλὰ
1430 3344 1526 3415 μὴ,
1562 3343 1701 3397 κατὰ

107 3437 460 3511 Μάρκελλον,
490 3439 555 3492 ὲκ
591 3439 717 3509 μιᾶς
747 3438 945 3504 λέξεως
984 3437 1046 3490 τὸ
1076 3436 1410 3508 κυριώτατον
1437 3435 1536 3507 τῆς
1577 3435 1700 3488 Ἐκ-

110 3532 350 3601 κλησίας
379 3531 781 3603 παρασαλεὺειν
828 3531 1022 3601 δόγμα.
1060 3531 1329 3592 Κάκεῖνος
1374 3526 1503 3599 γὰρ,
1555 3527 1701 3595 ἅπαξ

106 3624 358 3687 ἀκούσας
397 3624 567 3691 Λόγον
600 3619 735 3676 εἶναι
764 3622 856 3676 τὸν
878 3622 1026 3686 Υίὸν,
1054 3620 1148 3673 ἐπὶ
1170 3619 1263 3673 τὸν
1286 3618 1570 3688 ἄνθρωπον
1603 3636 1701 3671 κα·-

105 3713 394 3777 ταπεσὼν,
423 3714 523 3783 τὴν
552 3711 783 3783 ὓπαρξιν
805 3711 984 3781 ὴθέτει
1010 3709 1198 3763 αὑτοῦ.
1231 3710 1325 3763 Ὃν
1352 3708 1417 3780 δὴ
1447 3709 1541 3762 καὶ
1565 3708 1701 3781 πρὸς

108 3806 281 3862 αὑτοῦ
302 3806 400 3859 καὶ
424 3805 559 3875 πρὸς
583 3804 675 3858 τοὺ
694 3802 903 3875 Πατρὸς
925 3799 1366 3873 μαρτυρούμενον
1388 3796 1527 3853 εἶναι
1551 3797 1697 3863 Υίὸν,

109 3898 237 3960 πῶς
267 3900 385 3960 τοῖς
423 3896 630 3959 λοιποῖς
655 3895 933 3965 γεννητοῖς
966 3890 1332 3963 παραϐάλλειν
1357 3890 1536 3957 ὄσιον;
1576 3888 1700 3952 Πῶς

106 3996 156 4049 δ’
186 3996 345 4048 ἔσται
378 3993 711 4064 Μονογενὴς,
738 3990 815 4062 τῷ
843 3988 1038 4061 πλήθει
1067 3989 1177 4043 τῶν
1206 3988 1503 4058 γεγονότων
1535 4002 1698 4040 συνα-

109 4087 519 4161 ριθμοὺμενος;
553 4086 661 4139 Καὶ
694 4084 797 4154 μὴν
831 4082 891 4147 ἐξ
930 4080 1099 4151 αὑτῆς
1131 4081 1229 4151 τῆς
1261 4080 1629 4152 προσηγορίας
1671 4082 1701 4132 6

110 4182 233 4243 υἱὸς
260 4180 363 4249 τὴν
390 4178 527 4249 πρὸς
567 4178 659 4230 τὸν
692 4174 903 4247 πατέρα
943 4172 1175 4244 φυσικὴν
1212 4172 1394 4242 σχέσιν
1431 4172 1698 4243 παρίστη-

108 4286 203 4323 σιν
221 4285 237 4299 ο
264 4267 345 4330 ὡς
378 4263 447 4320 αὖ
473 4266 633 4320 πάλιν
658 4265 719 4318 τὸ
755 4262 1035 4335 μονογενὲς
1073 4263 1243 4331 ὄνομα
1270 4262 1363 4314 καὶ
1390 4260 1483 4313 τοῦ
1512 4262 1699 4330 γένους

107 4360 449 4430 ἐφάπτεται,
478 4358 572 4411 καὶ
600 4357 697 4427 τῆς
728 4357 1031 4427 γεννήσεως
1058 4355 1245 4423 αὑτῆς,
1289 4352 1383 4405 καὶ
1419 4351 1513 4406 τοῦ
1543 4353 1698 4424 μόνον

1801 3257 2062 3312 Dominus
2111 3254 2347 3310 condidit
2394 3270 2474 3308 me
2516 3252 2831 3322 principium
2872 3253 3077 3307 viarum
3112 3251 3262 3322 ejus,
3306 3252 3377 3306 ad

1800 3364 1957 3417 opera
1994 3353 2109 3419 ejus
2142 3348 2210 3415 ⁸⁵,
2232 3346 2449 3417 penitus
2489 3344 2817 3399 sententiam
2849 3342 2969 3413 ejus
3015 3343 3165 3409 dicti,
3212 3358 3375 3414 quam

1800 3440 1958 3511 paulo
1990 3449 2112 3510 post
2139 3438 2488 3507 expositurus
2519 3449 2662 3500 sum,
2689 3434 2949 3489 debemus
2968 3434 3324 3505 introspicere
3356 3454 3370 3488 :

1799 3546 1899 3587 nec
1945 3530 2089 3600 quod
2139 3528 2393 3583 Marcello
2452 3533 2769 3596 usurpatum
2821 3523 2944 3589 fuit,
2998 3537 3220 3595 propter
3270 3526 3374 3581 hoc

1800 3620 2019 3675 unicum
2073 3619 2479 3680 testimonium,
2532 3615 2963 3671 ecclesiasticum
3036 3615 3370 3686 praecipuum

1799 3709 1991 3781 dogma
2012 3708 2357 3764 labefactare.
2377 3708 2469 3762 ille
2484 3707 2625 3762 enim
2646 3721 2769 3761 cum
2792 3706 3087 3761 audivisset
3109 3707 3189 3762 vel
3205 3709 3371 3763 semel

1801 3802 2032 3870 positum
2077 3799 2271 3854 Filium
2332 3797 2567 3853 Verbum
2619 3796 2921 3861 nominari,
2978 3796 3045 3848 ad
3101 3794 3369 3851 humanae

1801 3892 2038 3947 rationes
2068 3888 2351 3959 delapsus,
2396 3886 2564 3956 ipsius
2598 3886 2757 3954 plane
2808 3882 3027 3939 sustulit
3067 3884 3368 3938 subsisten-

1800 3984 1950 4038 tiam.
1983 3980 2116 4038 Cum
2146 3982 2236 4051 qui
2274 3994 2369 4049 per
2394 3978 2657 4049 seipsum,
2686 3985 2739 4032 et
2764 3990 2860 4046 per
2893 3974 3071 4031 Patris
3099 3974 3368 4045 prolatum

1802 4072 2192 4137 testimonium,
2228 4069 2398 4125 Filius
2425 4078 2795 4137 usurparetur,
2826 4068 2931 4121 nisi
2962 4080 3229 4121 suamnam
3272 4081 3369 4136 per

1799 4166 2129 4235 impietatem
2180 4178 2304 4218 cum
2364 4160 2572 4216 caeteris
2630 4159 2894 4215 creaturis
2956 4174 3057 4215 nec
3115 4160 3369 4230 componi

1800 4256 1993 4311 debeat
2024 4269 2198 4323 neque
2215 4252 2538 4323 comparari.
2568 4250 2700 4304 Nam
2731 4264 2837 4320 quo
2862 4260 3019 4320 pacto
3048 4249 3369 4322 Unigenitus

1801 4344 2054 4415 appellari
2083 4351 2280 4414 queat,
2320 4342 2413 4412 qui
2449 4356 2572 4396 cum
2605 4339 2948 4395 multitudine
2978 4350 3369 4396 annumeratur

106 4450 279 4515 εἶναι,
320 4451 418 4503 καὶ
449 4450 741 4520 μηδέτερον
777 4446 924 4517 αὑτῷ
968 4446 1068 4516 τῆς
1110 4444 1354 4513 υίότητος
1396 4445 1692 4500 κοινωνεῖν.

1810 4434 2210 4492 creaturarum?
2230 4434 2361 4489 Cum
2380 4433 2463 4488 vel
2485 4433 2552 4487 de
2572 4431 2806 4486 nominis
2829 4430 2998 4486 solius
3022 4431 3369 4499 usurpatione

120 4541 268 4595 Ἀλλ’
297 4541 507 4592 ἐοίκασι
528 4538 719 4592 ταὺτὸν
738 4536 1039 4608 Μαρκέλλῳ
1071 4532 1240 4597 πάθος
1259 4532 1580 4587 πεπονθέναι
1602 4533 1696 4587 καὶ

105 4630 283 4690 οὗτοι.
331 4635 388 4686 Ὁ
423 4632 519 4703 μὲν
552 4631 661 4702 γὰρ
682 4630 788 4683 δέει
815 4630 909 4683 τοῦ
947 4628 1020 4699 μὴ
1052 4626 1146 4679 δύο
1176 4626 1339 4689 Θεοὺς
1370 4626 1561 4689 εἰπεῖν,
1597 4624 1695 4694 τὴν

105 4726 346 4797 ἄρνησιν
367 4724 462 4776 τοῦ
484 4723 611 4777 Υἱοῦ
639 4720 1024 4794 προύϐάλλετο,
1051 4720 1149 4790 τὴν
1175 4719 1468 4771 ὑπόστασιν
1490 4715 1694 4770 ἀθετῶν

106 4818 285 4874 αὑτοῦ
305 4834 320 4847 ·
349 4818 397 4870 oi
423 4817 499 4881 δὲ,
517 4815 608 4870 δύο
639 4813 817 4877 δόντες
838 4812 1183 4874 ὑποστάσεις,
1210 4811 1309 4880 τὴν
1343 4810 1439 4879 μὲν
1470 4808 1695 4878 ἀγέννη-

94 4925 231 4970 τον,
259 4906 362 4975 τὴν
407 4905 451 4958 δ’
480 4904 540 4969 ὲξ
568 4904 667 4956 οὑκ
698 4902 866 4956 ὄντων
910 4901 1241 4960 κτισθεῖσαν,
1282 4898 1377 4950 ἕνα
1427 4897 1526 4967 μὲν
1560 4895 1693 4949 Θεὸν

95 4999 459 5069 ὑφίστανται.
498 4997 555 5048 '0
586 4994 641 5047 δὲ
682 4993 801 5056 Υἱὸς
825 4994 925 5045 οὑκ
958 4992 1031 5043 ἐτ’
1061 4991 1261 5053 αὑτοῖς,
1294 4988 1414 5040 οὑδὲ
1447 4988 1688 5057 Μονογε-

1802 4528 1944 4583 ﬁlius
1980 4526 2279 4581 naturalem
2329 4524 2618 4595 quamdam
2662 4522 2906 4577 obtineat
2953 4523 3021 4575 ad
3065 4521 3365 4591 genitorem

1801 4632 1956 4672 suum
1991 4616 2327 4679 relationem,
2362 4627 2592 4684 cumque
2617 4626 2812 4667 nomen
2849 4611 3001 4676 illud,
3034 4598 3373 4680 unigenitus,’

1802 4708 1869 4764 ad
1898 4723 2066 4776 genus
2096 4707 2364 4777 pertingat
2386 4746 2402 4769 ,
2452 4714 2506 4760 et
2550 4703 2952 4775 generationem
2976 4741 2993 4767 ,
3032 4702 3204 4757 solum
3242 4716 3369 4757 eum

1800 4799 2002 4855 iudicet
2027 4810 2077 4853 et
2097 4798 2398 4865 solitarium
2436 4814 2449 4850 :
2479 4809 2580 4850 uec
2613 4796 2667 4848 in
2693 4794 2956 4847 ﬁliatione
2978 4806 3097 4859 sua,
3127 4807 3367 4863 quocun-

1799 4907 1903 4961 que
1945 4906 2067 4945 cum
2115 4891 2222 4945 alio
2272 4888 2701 4959 participantem.
2734 4885 2885 4949 aAt
2932 4884 3076 4939 enim
3116 4885 3367 4939 videntur

1798 4982 1957 5037 iidem
1985 4983 2073 5037 isti
2104 4997 2225 5036 cum
2251 4979 2499 5035 Marcello
2540 4978 2730 5033 eodem
2762 4977 2922 5046 plane
2949 4976 3107 5031 modo
3153 4974 3357 5031 aii‘eCti.

192 5165 257 5225 ὦ
289 5158 386 5212 Ed.
415 5156 609 5221 Paris,
646 5170 801 5225 pagg.
826 5153 916 5221 68,
943 5153 1030 5209 69.
1109 5151 1156 5182 ⁵³
1182 5149 1337 5205 Joan.
1368 5165 1407 5215 ι,
1436 5147 1523 5203 18.
1597 5149 1643 5179 ⁸⁸
1668 5146 1703 5203 1η

1810 5186 1821 5200 .
1856 5160 1940 5208 tu,
1978 5140 2059 5195 l6.
2136 5140 2181 5170 ⁸⁵
2212 5136 2371 5191 Prov.
2400 5149 2518 5200 vm,
2553 5132 2645 5187 22.

174 5352 296 5420 ('56)
330 5351 725 5420 Προηγμένον.
755 5350 940 5409 Recte.
971 5349 1121 5420 male
1146 5345 1406 5420 autem_in_
1435 5344 1684 5412 Socrate,

101 5417 549 5503 προηγούμενον,
584 5422 742 5503 forte.
773 5419 1145 5503 προαγόμενον
1179 5433 1215 5503 :_
1245 5418 1337 5471 sed
1366 5417 1534 5503 'hanc
1587 5431 1684 5503 tt’o-

101 5485 289 5553 st'rani
314 5485 591 5546 lectionem
622 5485 1116 5545 ιιιδΙίιιιξΜπὲ-υθίη
1131 5488 1287 5557 vulgo
1317 5486 1524 5555 γένοιτο
1551 5485 1682 5548 υίός.

184 5564 306 5634 (57)
349 5562 412 5615 '0
432 5560 762 5634 6'_d.ln6tbc.
815 5563 1069 5634 Socrates
1108 5558 1270 5634 legit,
1295 5557 1323 5609 6
1355 5556 1399 5607 δ’
1454 5555 1680 5634 ἀλὺτως,

184 5568 306 5635 (57)
349 5568 412 5615 'O
432 5568 484 5615 δ’
506 5568 762 5629 ἀληθῶς.
815 5568 1069 5614 Socrates
1122 5568 1270 5627 legit,
1295 5568 1323 5609 ο
1355 5568 1399 5607 0"
1454 5568 1680 5620 αλυτως,

101 5639 202 5691 sed
240 5634 422 5686 minus
455 5632 667 5685 sincera
711 5643 797 5684 est
827 5632 969 5684 illius
998 5630 1157 5685 lectio
1189 5643 1347 5699 quatn
1376 5635 1574 5682 nostra.
1607 5625 1680 5680 Μ.

102 5738 173 5748 —-
224 5704 363 5759 Dein
388 5702 544 5759 vuitto
579 5702 673 5754 ἆτε
705 5700 782 5753 δέ.

102 5738 173 5748 —-
224 5717 363 5759 Detu
388 5717 544 5771 vulgo
579 5717 673 5754 ατε
705 5717 782 5753 οε.

448 5795 718 5855 Ριτιιοι..
750 5792 866 5853 Gn.
895 5792 1106 5853 XXIV

1860 5344 1973 5414 (38)
2006 5344 2066 5398 Τί
2080 5342 2192 5413 γὰρ
2219 5341 2295 5397 ἂν
2324 5342 2573 5414 γένοιτο.
2604 5340 2764 5393 Deest
2809 5352 2907 5414 vox
2958 5336 3165 5403 γένοιτο
3221 5334 3361 5413 apud

1791 5406 2066 5469 Socratem
2088 5406 2257 5477 'ni'ale,
2290 5406 2381 5478 qui
2407 5412 2467 5465 et
2484 5418 2725 5465 uestram
2758 5406 3359 5478 script_uram_corrigI|.

1787 5485 1997 5554 legend.
2038 5484 2200 5554 enim,
2287 5475 2368 5554 τὸ,
2393 5479 2472 5554 τῷ
2491 5477 2861 5554 γεγεννηκότι.
2892 5475 3187 5554 Μᾲ--Μοξ
3206 5476 3362 5554 vnlg?

1787 5542 1917 5636 δηνρ..
1952 5542 2287 5636 τεχνίτηςΛὲι
2315 5542 2468 5634 situ);
2503 5542 2516 5549 ⁷
2535 5542 2904 5621 παρασκεὺειν
2934 5546 3110 5615 δόγμα
3143 5553 3197 5601 et
3227 5542 3285 5598 ὃν
3304 5543 3362 5597 δὲ

1786 5620 1881 5678 καί
1913 5635 1967 5685 et
2000 5620 2223 5693 συναριθ
2233 5620 2330 5692 μοὺ
2338 5636 2518 5691 μενον.

2960 5774 3037 5832 27
