3838 6222
451 239 557 294 845

1113 238 1384 296 EUSEBII
1421 240 1902 300 CESARIENSIS
1939 243 2088 300 OPP.
2132 245 2312 301 PARS
2350 246 2438 301 IV.
2480 280 2548 291 -—
2585 248 3008 307 DOGMATICA.

3590 260 3691 314 8H

452 356 570 411 Pra:
623 367 764 410 metu
820 370 1051 425 namquc
1082 356 1194 422 ille,
1248 372 1315 412 ne
1370 359 1506 413 duos
1558 361 1833 414 videretur
1881 361 2008 417 Deos

2120 363 2217 433 νὴς
2238 363 2408 429 ἔσται,
2437 364 2558 417 οὐδὲ
2586 365 2691 437 μὴν
2705 366 2840 438 (38')
2858 369 3076 440 Κύριος,
3097 370 3214 423 οὐδὲ
3228 370 3378 436 Θεὸς,
3407 375 3571 445 μηδὲν
3598 376 3693 445 μὲν

453 450 719 518 proliteri,
750 448 817 503 ad
838 445 956 503 Filii
986 446 1254 517 processit
1288 450 1718 519 abnegationem,
1756 452 2007 520 hyposta-

456 540 556 594 sim
622 540 790 609 ipsius
845 538 1153 593 inliciando.
1208 539 1287 592 Illi
1352 554 1484 594 vero
1540 557 1660 595 cum
1718 544 2017 596 concedant

464 637 774 701 hypostases
804 629 955 691 duas,
982 642 1143 683 unam
1175 629 1493 699 ingenitam,
1526 637 1761 684 creatam
1792 629 2016 683 alteram

462 723 519 775 tle
575 736 680 775 non
723 720 1146 784 exsistemibus,
1185 735 1349 774 unum
1398 721 1615 789 quidem
1683 721 2019 774 substituunt

457 810 642 863 Deum.
669 811 738 863 At
765 808 941 879 nullus
958 809 1163 863 interea
1191 809 1293 863 illis
1316 808 1484 863 Filius
1499 809 1726 863 habetur
1753 809 1805 862 in
1832 824 2018 863 nume-

453 909 593 966 rato,
619 915 727 955 non
766 900 1107 970 Unigenitus,
1163 914 1272 954 non
1333 898 1613 962 Dominus,
1670 914 1773 953 non
1827 901 2013 953 Deus:

450 1008 626 1062 neque
653 992 796 1047 enim
826 990 1118 1060 quidquam
1151 990 1350 1055 habet,
1399 992 1695 1044 secundum
1734 1002 1859 1056 eos,
1894 1005 2016 1044 cum

447 1095 673 1155 paterna
707 1083 989 1138 divinitate
1037 1095 1321 1137 commune
1353 1098 1369 1135 :
1399 1084 1491 1135 sed
1532 1095 1628 1151 per
1657 1082 1834 1134 omnia
1867 1094 2017 1135 com-

420 1177 669 1251 ,ponitur
728 1189 852 1229 cum
886 1183 1261 1228 creaturarum
1306 1173 1460 1226 turba
1509 1172 1561 1225 in
1608 1172 1728 1238 hoc,
1771 1172 1912 1241 quod
1949 1171 2017 1227 de

450 1250 620 1323 nihilo
644 1266 1039 1337 procreabatur
1074 1282 1088 1318 :
1123 1265 1217 1319 sed
1241 1279 1344 1319 non
1370 1264 1433 1318 ad
1463 1265 1625 1317 istum
1669 1264 1883 1317 modum
1913 1263 2016 1319 Ec-

451 1359 638 1415 clesia.
675 1357 811 1412 Nam
851 1355 1045 1410 Filium
1076 1356 1169 1411 Dei
1202 1355 1459 1425 praedicat
1496 1356 1661 1409 Deum
1702 1354 2017 1409 Dominum-

449 1469 556 1525 que
578 1452 860 1507 verissime
880 1449 1082 1505 Filium
1105 1461 1227 1504 esse
1258 1462 1407 1513 eum,
1431 1455 1595 1516 atque
1624 1446 1794 1501 Deum
1821 1446 2014 1502 docet:

450 1564 558 1604 non
607 1547 875 1602 communi
937 1546 1167 1615 quadam
1212 1559 1335 1599 cum
1390 1542 1573 1598 multis
1615 1544 1864 1609 ratione,
1922 1542 2017 1612 qui

2124 454 2487 508 ὲπικοινωνῶν
2524 457 2590 527 τῇ
2625 457 2718 510 τοῦ
2762 458 2974 530 Πατρὸς
3010 459 3243 531 θεότητι,
3265 466 3376 525 τοῖς
3403 464 3460 516 δὲ
3492 465 3692 531 λοιποῖς

2123 545 2404 615 κτίσμασι,
2431 545 2552 610 καθ’
2578 546 2608 600 ὸ
2634 547 2695 611 ἐξ
2733 548 2833 601 οὐκ
2869 550 3038 603 ὄντων
3071 551 3300 623 ὑπέστη,
3351 555 3694 624 παραϐαλλό-

2128 654 2303 707 μενος.
2352 638 2490 691 Ἀλλ’
2514 640 2611 710 οὐχ
2639 639 2811 703 οὕτως
2833 642 2867 711 ὴ
2911 641 3201 713 Ἐκκλησία
3222 660 3237 674 ·
3268 644 3359 697 τὸν
3382 644 3429 698 δ’
3460 647 3588 700 Υίὸν
3606 647 3695 700 τοῦ

2123 727 2279 791 Θεοῦ,
2298 728 2429 781 Θεὸν
2457 730 2551 783 καὶ
2578 729 2781 799 Κύριον
2808 730 3191 804 ἀνακηρύττει,
3219 736 3313 787 καὶ
3334 735 3554 807 ἀληθῶς
3574 738 3696 791 Υἰὸν

2122 812 2261 871 εἶναι
2291 819 2385 871 καὶ
2410 818 2542 873 Θεὸν
2573 820 2811 876 διδάσκει
2837 838 2850 852 ·
2883 822 2944 875 οὐ
2975 823 3115 876 κατὰ
3151 826 3277 889 τοὺς
3309 826 3541 891 πολλοὺς
3571 830 3695 893 τοὺς

2123 907 2351 980 ἐπίκλην
2370 910 2765 981 ὀνομασθέντας
2800 913 2946 978 υἱούς
2968 931 3028 967 τε
3059 916 3153 968 καὶ
3183 916 3338 981 θεοὺς
3357 920 3484 989 περὶ
3513 913 3589 973 ὦν
3618 923 3694 972 εῖ-

2127 1013 2304 1067 ρηται,
2346 997 2484 1069 Ἐγὼ
2508 996 2664 1054 εἶπα·
2706 1002 2839 1055 Θεοί
2884 1002 3055 1067 ἐστε,
3100 1005 3197 1058 καὶ
3244 1006 3363 1058 υἱοὶ
3411 1006 3695 1074 Ὑψίστου

2123 1084 2365 1152 πάντες,
2401 1088 2521 1141 καθ’
2552 1088 2580 1141 6
2606 1089 2661 1141 δὲ
2698 1089 2859 1158 μόνος
2903 1090 3084 1153 αὐτὸς,
3125 1093 3155 1145 6
3196 1091 3256 1157 ἐξ
3292 1092 3457 1147 αὑτοῦ
3496 1111 3692 1165 γεννη-

2124 1174 2235 1241 θεὶς
2271 1177 2365 1230 τοῦ
2400 1180 2610 1251 Πατρὸς
2653 1183 2711 1234 ὲν
2760 1185 2938 1253 μορφῇ
2983 1183 3197 1254 ὑπῆρχε
3232 1185 3389 1250 Θεοῦ,
3432 1186 3598 1239 είκών
3646 1188 3692 1237 τ’

2122 1264 2190 1339 ἦν
2222 1269 2314 1323 τοῦ
2348 1270 2482 1325 Θεοῦ
2523 1272 2615 1325 τοῦ
2662 1274 2892 1345 ἀοράτου
2934 1278 3028 1330 καὶ
3084 1276 3431 1349 Πρωτότοκος
3477 1279 3692 1348 ἁπάσης

2123 1362 2371 1425 κτίσεως.
2411 1364 2501 1417 Διὸ
2542 1366 2634 1419 καὶ
2676 1367 2841 1436 τιμᾷν
2888 1369 2983 1422 καὶ
3014 1368 3191 1422 σέὸειν
3228 1369 3323 1423 καὶ
3370 1373 3693 1440 προσκυνεῖν

2127 1453 2284 1523 μόνον
2314 1454 2494 1519 αὑτὸν,
2524 1452 2613 1511 οἷα
2643 1459 2846 1531 Κύριον
2873 1459 2969 1514 καὶ
2988 1460 3235 1533 Σωτῆρα,
3266 1460 3363 1514 καὶ¹
3382 1459 3537 1527 Θεὸν,
3566 1461 3692 1515 tau-

2120 1543 2221 1614 τῆς
2248 1562 2314 1615 με
2321 1546 2538 1618 μάθηκα
2545 1566 2662 1619 μεν.

450 1642 867 1697 denominantnr
913 1640 1013 1708 fitii
1054 1648 1215 1708 atque
1273 1639 1381 1701 dii,
1461 1646 1647 1706 utpote
1689 1636 1758 1693 de
1815 1636 2010 1707 quibus
2048 1635 2248 1693 dicitur
2295 1658 2307 1693 :
2348 1641 2459 1712 Ego
2501 1646 2614 1699 dixi
2642 1660 2663 1699 :
2698 1646 2785 1700 Dii
2824 1650 2981 1715 estis,
3028 1659 3077 1703 et
3126 1648 3227 1718 ﬁlii
3296 1664 3471 1703 omnes
3527 1648 3695 1703 Altis-

449 1732 569 1788 stmi
608 1730 653 1762 "
689 1744 705 1781 :
734 1731 825 1784 sed
859 1740 1018 1799 prout
1063 1743 1161 1798 par
1188 1738 1308 1782 erat
1343 1726 1493 1781 illum
1528 1728 1700 1782 solum
1744 1727 1883 1795 dici,
1920 1727 2010 1796 qui
2050 1727 2118 1783 de
2149 1728 2242 1784 illo
2264 1735 2656 1801 procreabatur
2704 1737 2897 1805 Patre,
2958 1739 3049 1809 qui
3107 1741 3163 1795 in
3205 1739 3380 1793 forma
3415 1738 3511 1794 Dei
3541 1743 3691 1795 exsi-

449 1827 628 1885 stebat
669 1843 680 1878 :
719 1833 774 1879 et
798 1824 973 1894 imago
1000 1822 1177 1877 fuerat
1204 1820 1493 1875 invisibilis
1533 1819 1667 1885 Dei,
1700 1818 2099 1890 Primogenitus
2142 1822 2407 1880 universa:
2464 1834 2747 1885 creaturae.
2813 1830 3076 1899 Quocirca
3137 1830 3207 1886 ab
3245 1830 3484 1887 Ecclesia
3512 1831 3687 1886 edocti

448 1926 633 1979 sum‘us
687 1921 836 1976 illum
901 1919 1072 1976 solum
1135 1916 1314 1972 colere
1344 1955 1359 1981 ,
1421 1914 1714 1982 venerari,
1785 1916 2049 1984 adorare,

445 2016 664 2072 existat.

1094 2107 1254 2165 CAP.
1282 2104 1372 2160 XI.

447 2202 605 2268 Quod
619 2200 854 2256 Ecclesia
886 2214 1047 2252 unum
1071 2208 1319 2268 agnoscat
1347 2206 1395 2251 et
1423 2205 1602 2268 notum
1636 2194 1801 2268 faciat
1822 2194 2007 2261 Deum,

514 2272 633 2326 licet
680 2287 843 2341 nuper
889 2264 1158 2323 admiserit
1210 2268 1361 2322 illam
1408 2266 1675 2336 formam,
1744 2264 1885 2320 Deus
1936 2270 2012 2335 .de

516 2342 649 2397 Dea.

515 2434 671 2503 Quod
701 2433 746 2490 si
778 2442 963 2488 autem
998 2440 1313 2499 vereantur,
1343 2445 1413 2487 ne
1439 2432 1573 2487 duos
1597 2428 1736 2486 Deos
1769 2443 2012 2500 pronun—

446 2532 608 2583 tiasse
641 2526 912 2588 videatur,
938 2523 1115 2578 sciant
1143 2529 1381 2592 oportet,
1410 2522 1554 2590 quod
1585 2528 1860 2589 utcunque
1885 2518 2012 2573 licet

442 2617 641 2672 Filium
675 2614 1029 2685 proliteamur
1048 2610 1239 2678 Deum,
1264 2627 1402 2666 unus
1427 2621 1635 2676 tamen,
1671 2620 1861 2667 nostra
1889 2624 2011 2666 sen-

445 2710 637 2773 tentia,
680 2709 820 2762 Deus
849 2706 920 2761 sit
947 2722 960 2757 :
998 2703 1088 2759 ille
1118 2703 1395 2768 nimirum,
1428 2703 1521 2772 qui
1553 2702 1702 2757 solus
1745 2697 2010 2770 principio

444 2804 615 2859 caret,
659 2794 750 2863 qui
806 2792 1080 2860 ingenitus
1126 2808 1141 2858 ;
1189 2790 1285 2859 qui
1320 2790 1593 2859 propriam
1624 2804 1654 2843 a
1680 2803 1739 2844 se
1769 2785 2010 2859 possidet

443 2883 779 2939 divinitatem
808 2920 826 2948 ,
858 2882 949 2951 qui
992 2881 1093 2951 ipsi
1127 2881 1349 2948 insuper
1380 2878 1518 2935 Filio
1543 2878 1838 2935 exsistendi
1876 2892 2007 2933 cau-

442 2992 581 3038 sam,
608 2985 663 3029 et
693 2974 873 3028 taliter
902 2972 1201 3029 essisteudi
1225 2971 1394 3027 dedit.
1416 2970 1523 3026 Per
1537 2984 1701 3040 quem
1732 2980 1787 3025 et
1832 2969 2007 3040 ipsum

444 3083 525 3131 se,
553 3065 724 3120 Filius
748 3062 1039 3118 conﬁtetur
1061 3063 1264 3128 vivere,
1297 3063 1386 3117 ubi
1421 3062 1517 3127 sit,
1554 3060 2007 3127 Quemadmodum

440 3173 523 3211 me
549 3157 693 3210 misit
720 3157 891 3209 vivens
931 3152 1095 3210 Pater
1123 3168 1141 3205 :
1178 3164 1226 3208 et
1271 3170 1364 3225 ego
1409 3155 1521 3208 vivo
1552 3168 1646 3223 per
1686 3151 1905 3207 Patrem
1936 3152 2004 3205 ⁸⁷.

442 3249 511 3301 Et
535 3246 971 3317 quemadmodum
1000 3242 1166 3298 Pater
1187 3244 1338 3318 habet
1368 3244 1527 3298 vitam
1576 3244 1630 3297 in
1676 3243 1847 3313 seipse
1880 3258 1898 3297 :
1932 3246 2009 3295 ita

446 3353 649 3407 quoque
696 3345 745 3391 et
790 3332 938 3390 Filio
993 3335 1133 3389 dedit
1184 3334 1373 3389 habere
1420 3336 1581 3388 vitam
1627 3335 1685 3388 in
1735 3334 1907 3403 seipso
1937 3334 2005 3388 ³⁸.

2117 1924 2302 1985 utpote
2366 1921 2457 1990 qui
2524 1922 2807 1991 Dominus,
2883 1923 3164 1992 Servatur,
3214 1933 3269 1980 et
3330 1923 3479 1980 Deus
3541 1923 3687 1978 illius

2759 2108 2913 2162 ΚΕΦ.
2946 2108 3050 2161 IA'.

2112 2219 2302 2284 Ὅπως
2329 2219 2437 2274 ἕνα
2450 2220 2596 2273 Θεὸν
2618 2220 2656 2287 ἡ
2675 2223 3003 2291 Ἐκκλησία
3018 2220 3295 2291 wifes,
3318 2237 3510 2274 καιτοι
3536 2219 3687 2275 Θεὸν

2424 2292 2492 2345 ἐκ
2527 2291 2673 2345 Θεοῦ
2712 2292 2864 2347 εἶναι
2895 2290 3364 2361 παραδεχομένου.

2180 2429 2243 2481 El
2266 2428 2322 2481 δὲ
2359 2428 2521 2497 φόϐον
2559 2429 2739 2492 αὐτοῖς
2778 2432 3012 2501 ἐμποιεῖ,
3047 2430 3119 2501 μή
3150 2447 3223 2499 πη
3255 2428 3362 2499 ἄρα
3389 2426 3483 2480 δύο
3514 2428 3683 2489 Genio:

2110 2517 2221 2589 (59)
2253 2518 2605 2591 ἀναγορεύειν
2630 2520 2859 2587 δόξαιεν,
2882 2522 3137 2585 εστωσαν,
3165 2520 3261 2584 ὡς,
3291 2521 3384 2573 καὶ
3420 2518 3517 2571 τοῦ
3550 2518 3679 2571 rgo;

2110 2608 2248 2680 πρὸς
2279 2608 2437 2679 ἡμῶν
2466 2609 2891 2681 ὁμολογουμένου
2919 2610 3075 2673 Θεοῦ,
3110 2606 3191 2674 εἷς
3220 2610 3285 2665 ἃν
3309 2610 3520 2677 γένοιτο
3547 2607 3681 2673 Θεὸς

2113 2701 2298 2772 μόνος·
2334 2703 2539 2765 ἐκεῖνος
2567 2703 2596 2756 6
2628 2701 2786 2773 μόνος
2813 2702 3043 2774 ἄναρχος
3071 2704 3164 2755 καὶ
3191 2703 3502 2773 ἀγέννητος,
3526 2704 3557 2755 6
3582 2702 3682 2773 τὴν

2110 2791 2337 2862 θεότητα
2356 2791 2558 2845 οἰκείαν
2590 2792 2944 2863 κεκτημένος,
2972 2792 3121 2863 αὐτῷ
3150 2810 3211 2845 τε
3243 2792 3319 2864 τῷ
3349 2792 3465 2863 mp
3495 2793 3592 2847 τοῦ
3614 2790 3683 2845 εἷ-

2110 2900 2221 2949 ναι,
2257 2883 2352 2937 καὶ
2383 2881 2476 2936 τοῦ
2504 2883 2693 2955 τοιῷδε
2714 2880 2875 2948 εἶναι,
2900 2884 3138 2953 γεγονὼς
3159 2882 3352 2948 αἴτιος,
3388 2884 3456 2937 δι’
3493 2884 3553 2937 ὸν
3586 2886 3681 2937 καὶ

2108 2973 2268 3038 αὐτὸς
2293 2977 2322 3027 6
2351 2975 2478 3039 Υίὸς
2502 2976 2754 3047 ὁμολογεῖ
2783 2975 2901 3048 ζῇν,
2937 2976 3193 3045 ἄντικρυς
3223 2975 3425 3043 λέγων·
3470 2976 3680 3041 Καθὼς

2107 3063 2428 3118 ἀπέστειλέ
2445 3081 2522 3134 με
2549 3067 2582 3119 ό
2615 3063 2726 3126 ζῶν
2754 3064 2975 3133 Πατὴρ,
3011 3065 3170 3135 κάγὼ
3197 3064 3267 3125 ζῶ
3303 3065 3401 3118 διὰ
3440 3066 3547 3119 τὸν
3565 3070 3682 3120 Πο-

2107 3155 2265 3224 τέρα.
2308 3158 2418 3210 Καὶ
2452 3155 2653 3226 ὥσπερ
2684 3155 2795 3226 γὰρ
2829 3159 2865 3211 ὁ
2895 3155 3098 3224 Πατὴρ
3122 3156 3273 3223 ζωὴν
3294 3156 3420 3225 ἔχει
3448 3156 3520 3209 ἐν
3542 3156 3681 3209 ἐαυ-

2107 3246 2209 3313 τῷ,
2242 3247 2395 3301 οὕτω
2420 3248 2521 3302 καὶ
2546 3247 2625 3313 τῷ
2659 3247 2767 3314 Υιῷ
2794 3247 2979 3302 ἔδωκε
3011 3247 3164 3317 ζωὴν
3191 3248 3355 3315 ἔχειν
3374 3248 3443 3299 ἐν
3465 3246 3679 3311 ἐαυτῷ.

2107 3341 2197 3395 Διὸ
2226 3341 2320 3395 καὶ
2345 3340 2500 3412 ἡμῶν
2526 3341 2619 3396 καὶ
2643 3340 2836 3395 ἑαυτοῦ
2868 3339 2999 3394 Θεὸν
3029 3336 3163 3393 εἶναι
3195 3339 3432 3391 διδάσκει
3464 3338 3555 3390 τὸν
3576 3339 3687 3390 Πα-

443 3430 618 3494 Quam
649 3426 721 3482 ob
755 3440 975 3482 causam
1036 3435 1278 3480 nostrum
1332 3424 1425 3480 ille
1453 3424 1623 3480 Deum
1673 3435 1796 3481 esse
1843 3427 2007 3481 docet

2117 3432 2242 3505 τέρα
2277 3434 2335 3486 ὲν
2381 3427 2463 3497 οἷς
2504 3450 2687 3504 φησιν·
2732 3432 3074 3502 Ἀνέρχομαι
3109 3431 3258 3498 πρὸς
3298 3430 3406 3483 τὸν
3448 3429 3688 3497 Πατέρα

446 3519 691 3585 Patrem,
715 3527 877 3587 atque
904 3531 1061 3571 suum
1101 3517 1292 3584 Deum,
1329 3516 1415 3571 ubi
1445 3517 1706 3585 loquitur,
1762 3516 1911 3571 Vada
1936 3519 2006 3572 ad

2117 3541 2228 3592 μου
2274 3523 2374 3577 καὶ
2409 3523 2639 3591 Πατέρα
2682 3522 2878 3593 ὑμῶν,
2926 3522 3024 3576 καὶ
3065 3523 3215 3575 Θεόν
3238 3538 3359 3589 μου
3400 3521 3499 3573 καὶ
3531 3521 3690 3574 Θεὸν·

447 3607 664 3664 Patrem
692 3622 886 3673 meum,
917 3619 962 3661 et
991 3608 1206 3661 Patrem
1236 3618 1463 3661 uestrum
1496 3621 1513 3659 :
1559 3606 1725 3662 Deum
1758 3624 1930 3661 meum
1956 3617 2006 3661 et

2117 3614 2295 3685 ὑμῶν.
2327 3615 2435 3669 Καὶ
2466 3614 2706 3685 κεφαλὴν
2728 3615 2785 3667 δὲ
2814 3612 2976 3667 αὑτοῦ
3012 3614 3110 3684 μὲν
3134 3613 3227 3667 τοῦ
3251 3611 3381 3665 Υίοῦ
3408 3612 3500 3665 τὸν
3523 3612 3687 3671 Θεὸν.

445 3701 614 3757 Deum
668 3714 894 3755 uestrum
914 3698 1004 3768 "2:
1032 3699 1127 3754 sed
1159 3707 1216 3755 et
1258 3709 1422 3769 caput
1450 3713 1666 3769 quoque
1713 3697 1839 3753 Filii
1888 3714 2007 3755 esse

2117 3708 2211 3778 τῆς
2240 3707 2286 3761 δ’
2322 3707 2644 3777 Ἐκκλησίας
2696 3705 2788 3759 τὸν
2812 3705 2938 3758 Υίὸν
2983 3705 3013 3757 6
3050 3706 3222 3775 μέγας
3258 3704 3580 3766 ’Δπόστολος
3609 3706 3694 3757 δι-

440 3795 610 3850 Deum
641 3795 795 3849 docet
820 3792 1074 3847 Ecclesia:
1095 3796 1153 3856 >3
1188 3791 1469 3845 alumnum
1512 3807 1743 3861 magnus
1771 3791 2005 3861 Apostoo

2117 3797 2317 3862 δάσκει,
2365 3797 2496 3867 ἡμῖν
2541 3795 2743 3863 λέγων·
2790 3793 3035 3864 Κεφαλὴ
3084 3792 3154 3846 δὲ
3196 3792 3303 3847 τοῦ
3351 3792 3614 3861 Χριστοῦ
3654 3797 3692 3847 ὀ

442 3889 526 3942 lus
548 3888 639 3942 ubi
664 3887 762 3950 ait,
795 3886 963 3955 Caput
991 3895 1166 3938 autem
1197 3883 1413 3950 Christi,
1454 3883 1595 3938 Deus
1621 3895 1696 3938 est
1730 3885 1795 3939 °°.
1847 3884 2005 3941 Nunc

2117 3889 2286 3953 Θεός’
2322 3887 2397 3957 πῆ
2439 3886 2497 3940 δὲ
2540 3885 2667 3956 περὶ
2709 3883 2802 3938 τοῦ
2852 3883 2983 3938 Υιοῦ
3027 3883 3281 3953 φάσκων·
3338 3883 3449 3936 Καὶ
3492 3883 3695 3935 αὐτὸν·

442 3978 639 4032 iterum
672 3978 739 4031 de
764 3976 902 4030 Filio
932 3976 1284 4044 prolocutus:
1322 3976 1488 4042 Atque
1518 3977 1691 4043 ipsum
1733 3977 1873 4030 dedit
1916 3994 2007 4030 ca-

442 4081 535 4140 put
576 4086 734 4139 super
767 4071 964 4133 omnia,
999 4068 1249 4123 Ecclesia:
1284 4085 1396 4123 suae
1436 4084 1551 4137 qute
1582 4080 1656 4122 est
1701 4086 1891 4138 corpus
1920 4071 2004 4138 ip-

440 4163 550 4216 sius
580 4161 646 4194 “'
677 4157 971 4225 Quocirca,
990 4155 1249 4226 princeps
1268 4153 1357 4208 hic
1376 4152 1635 4210 Ecclesiae
1648 4164 1705 4212 et
1721 4157 1831 4211 dux
1855 4158 2005 4214 dica-

442 4263 572 4308 tur:
612 4262 775 4324 caput
805 4262 984 4307 autem
1016 4252 1176 4320 hujus
1208 4253 1314 4305 erit
1339 4252 1500 4304 Pater
1544 4268 1559 4304 :
1610 4251 1683 4304 ita
1727 4266 1869 4305 unus
1906 4252 2007 4305 iste

2107 3980 2290 4034 ἔδωκε
2344 3976 2615 4048 κεφαλὴν
2652 3976 2805 4046 ὑπὲρ
2832 3976 3028 4029 πάντα
3063 3974 3137 4043 τῇ
3176 3974 3517 4042 Ἐκκλησία,
3552 3974 3695 4042 ἣτις

2106 4071 2238 4126 ἐστὶ
2274 4071 2340 4124 τὸ
2375 4067 2545 4139 σῶμα
2572 4068 2779 4123 αὐτοῦ.
2815 4065 3022 4121 Οὐκοῦν
3061 4065 3162 4136 τῆς
3210 4065 3309 4137 μὲν
3356 4064 3695 4133 Ἐκκλησίας

2107 4162 2268 4225 αὐτὸς
2298 4161 2407 4230 (40)
2441 4159 2682 4233 ἀρχηγὸς
2720 4161 2786 4213 ἂν
2836 4158 2945 4230 εἴη,
2976 4160 3071 4211 καὶ
3104 4156 3310 4228 κεφαλὴ
3342 4157 3402 4209 δὲ
3438 4157 3613 4210 αὐτοῦ
3663 4160 3696 4209 6

2107 4253 2318 4323 Πατήρ·
2342 4244 2498 4315 οὗτος
2524 4246 2605 4313 εἷς
2636 4248 2770 4312 Θεὸς
2792 4251 2820 4303 6
2841 4248 2934 4301 τοῦ
2974 4247 3293 4319 μονογενοῦς
3314 4246 3445 4299 Υἱοῦ
3467 4246 3695 4317 Πατὴρ,

441 4346 583 4400 Deus
606 4355 661 4400 et
689 4345 882 4400 unicus
912 4343 1075 4398 fuerit
1108 4343 1201 4412 qui
1232 4352 1317 4396 est
1350 4341 1511 4395 Pater
1538 4340 1659 4395 Filii
1708 4342 2001 4410 unigeniti:

2117 4343 2205 4396 καὶ
2249 4344 2346 4413 μία
2375 4344 2409 4412 ἡ
2443 4343 2535 4395 καὶ
2564 4340 2655 4394 τοῦ
2682 4341 2849 4395 αὑτοῦ
2881 4340 2975 4393 τοῦ
3005 4338 3240 4410 Χριστοῦ
3275 4338 3503 4409 κεφαλή.
3536 4339 3695 4401 Misi;

439 4439 659 4493 unicum
686 4437 851 4492 etiam
880 4443 1049 4505 caput
1079 4435 1249 4503 ipsius
1280 4433 1504 4488 Christi.
1530 4432 1666 4487 Cum
1710 4446 1844 4486 vero
1882 4432 2003 4487 uni-

438 4543 564 4584 cum
598 4528 669 4582 sit
689 4524 1038 4597 principium,
1068 4533 1234 4593 caput
1262 4523 1427 4576 etiam
1478 4521 1701 4574 unicum
1752 4520 1844 4586 sit,
1872 4534 2000 4589 quod

441 4622 601 4674 modo
627 4619 718 4674 llet
739 4629 798 4673 ut
823 4619 932 4673 sint
960 4618 1068 4672 duo
1119 4616 1222 4680 Dii,
1271 4624 1326 4669 et
1364 4630 1468 4668 non
1502 4630 1665 4679 unus,
1692 4628 1884 4683 nempe
1913 4615 2001 4669 ille

436 4711 606 4776 solus,
634 4710 726 4779 qui
754 4709 959 4763 nullum
987 4723 1044 4762 se
1077 4706 1412 4776 superiorem
1463 4705 1660 4759 habet:
1694 4706 1781 4760 cui
1819 4707 1997 4761 nullus

435 4803 575 4857 alius
622 4816 841 4856 causam
893 4799 1221 4856 subsistendi
1269 4796 1539 4852 contulit?
1583 4798 1699 4867 qui,
1741 4808 1800 4853 ut
1839 4813 1996 4854 suum

435 4894 703 4966 peculium
716 4892 1006 4964 quoddam,
1023 4891 1275 4947 deitatem
1302 4890 1737 4960 inprincipiatam
1756 4900 1810 4945 et
1838 4891 1992 4961 inge-

2106 4435 2162 4488 δὲ
2194 4434 2358 4504 οῠσης
2378 4434 2552 4504 ἀρχῆς
2572 4449 2631 4485 τε
2660 4432 2752 4486 καὶ
2778 4431 3038 4502 κεφαλῆς,
3062 4431 3181 4494 πῶς
3204 4431 3271 4485 ἂν
3298 4431 3542 4499 γένοιντο
3564 4430 3699 4484 Θεοὶ

2105 4526 2218 4593 δύο,
2250 4527 2369 4597 οὐχὶ
2399 4526 2456 4579 δὲ
2500 4521 2582 4588 εἷς
2620 4525 2827 4589 ἐκεῖνος
2873 4523 3052 4594 μόνος,
3089 4525 3116 4576 6
3144 4522 3347 4593 μηδένα
3386 4522 3695 4594 ἀνώτερον.

2109 4618 2244 4690 μηδὲ
2276 4617 2465 4671 ἑαυτοῦ
2496 4617 2664 4670 αῐτιον
2695 4615 2881 4685 ἕτερον
2904 4613 3373 4685 ἐπιγραφόμενος;
3400 4614 3609 4667 οἰκεῖον
3636 4613 3701 4667 δὲ

2106 4712 2201 4765 καὶ
2228 4712 2482 4781 ἄναρχον,
2510 4710 2605 4763 καὶ
2627 4708 2919 4777 ἀγέννητον
2945 4706 3046 4775 τῆς
3073 4704 3408 4777 μοναρχικῆς
3433 4703 3701 4769 ἐξουσίας

2105 4803 2203 4876 τὴν
2225 4803 2451 4873 Θεότητα
2474 4800 2831 4872 κεκτημένος,
2856 4800 2949 4852 καὶ
2966 4798 3044 4869 τῷ
3070 4797 3183 4868 Υἱῷ
3200 4797 3297 4868 τῆς
3331 4795 3532 4850 ἑαυτοῦ
3568 4796 3697 4850 θεό-

2105 4895 2264 4966 τητός
2299 4912 2358 4947 τε
2391 4895 2485 4948 καὶ¹
2511 4893 2654 4964 ζωῆς
2680 4892 2963 4964 μεταδοὺς,
2993 4894 3022 4945 6
3052 4891 3112 4945 δὲ
3142 4889 3306 4945 αὐτοῦ
3341 4889 3415 4942 τὰ
3435 4888 3703 4960 σύμπαν-

508 5056 568 5113 ›Ῑ4
613 5048 709 5104 Ed.
742 5046 943 5116 Paris,
971 5063 1095 5119 pag.
1120 5048 1209 5103 70.
1284 5047 1330 5080 "
1360 5047 1499 5104 Psal.
1529 5063 1716 5115 um,
1744 5048 1796 5105 6.
1873 5054 2008 5112 "Jo:

2123 5054 2304 5124 Vl,57.
2380 5053 2427 5085 ⁸⁸
2455 5051 2799 5116 Joan.v,‘26.
2873 5049 3101 5104 ".loan.
3130 5066 3222 5115 υ,
3258 5048 3347 5102 17.
3397 5047 3445 5078 ⁸⁸
3497 5040 3524 5096 ι
3564 5039 3713 5101 Cor.

444 5153 523 5197 κι,
553 5133 642 5191 5.⁴
684 5137 753 5169 ’θ’
780 5134 981 5209 Ephes.
1011 5156 1052 5208 ι,
1082 5138 1171 5206 22,
1205 5135 1296 5197 25,

505 5299 636 5372 (58“)
670 5302 838 5372 Vulgo
868 5302 969 5374 μέν
1001 5313 1055 5359 et
1080 5304 1292 5375 ὑπῆρχε
1325 5302 1418 5357 τοῦ
1451 5300 1587 5356 Θεοῦ
1628 5311 1685 5357 et
1745 5302 1998 5375 μεμάθη-

433 5386 615 5507 κεῖἐο)
649 5432 1017 5562 Διαὲἕρεύειν
1063 5440 1255 5508 δόξαι,
1306 5444 1664 5498 ἐνίστωσαν.
1717 5440 1885 5511 Lege,
1947 5449 2004 5496 et

435 5507 726 5562 distingue.
816 5507 1003 5562 Eamev
1022 5529 1037 5543 ο
1062 5512 1382 5562 ὲνέστωσαν.
1409 5512 1480 5562 Μ-
1504 5511 1827 5562 -Δόεαιεν.
1852 5513 2004 5562 ἵστω-

435 5507 726 5594 (libuit-3:18,
746 5507 1003 5594 ,δόξαιμεν
1022 5529 1037 5543 ο
1062 5507 1382 5594 ἐνέστωσαν.
1409 5512 1481 5594 Μ.ἶ
1504 5545 1571 5554 -
1586 5507 1827 5594 Δόξαι-εν,
1851 5513 2006 5594 loco):

439 5592 538 5628 σαν
553 5578 695 5642 cod.;
726 5582 849 5634 dein
876 5578 1033 5654 vulgo
1057 5582 1124 5654 μὲ
1142 5581 1251 5647 ζῶν
1280 5594 1338 5643 οι
1362 5601 1419 5642 κ.
1447 5583 1636 5653 ὥσπερ
1660 5585 1687 5637 6
1717 5583 1912 5653 Πατήρ
1942 5590 1997 5639 et

437 5644 672 5715 κεφαλὴν
695 5648 792 5716 μὲν
816 5666 866 5703 τ.

2179 5302 2291 5374 (40)
2336 5303 2614 5374 Ἀρχητὸς
2648 5300 2723 5355 ἂν
2765 5302 2875 5368 εἴη.
2908 5300 3069 5374 [forte
3097 5300 3267 5374 deest,
3300 5302 3398 5374 καὶ
3450 5301 3693 5374 κεςξαλή.

2109 5370 2242 5426 Nam
2267 5370 2556 5441 caput'eSt,
2587 5373 2654 5425 de
2704 5385 2811 5439 quo
2850 5370 3025 5424 ταῦτα
3073 5370 3315 5441 στρέφει,
3359 5371 3497 5427 latet
3536 5370 3697 5425 'forte

2108 5440 2418 5498 arianizans
2445 5440 2536 5497 hic
2567 5441 2867 5506 Eusebius,
2911 5442 3061 5496 hisce
3109 5440 3257 5495 enim
3314 5449 3373 5495 et
3412 5442 3698 5495 similibus

2113 5513 2431 5567 testimoniis
2458 5511 2747 5582 utebantur
2776 5510 2945 5582 illi,et
2968 5508 3161 5582 Filium
3192 5508 3310 5582 Dei,
3328 5511 3695 5582 dyupxovpe-

2112 5581 2328 5653 gabant,
2364 5592 2419 5637 et
2462 5581 2653 5653 ἀΐδιον.
2688 5578 2762 5633 Μ.
2790 5610 2857 5622 -
2887 5580 3019 5637 Dein
3046 5580 3205 5651 vulgo
3232 5581 3268 5653 ἡ
3298 5580 3399 5634 τοῦ
3429 5578 3606 5638 αὺτοῦ
3635 5590 3699 5635 et

2113 5650 2319 5718 γένοιτο
2352 5661 2408 5708 et
2430 5650 2550 5721 οὐχὶ
2580 5647 2679 5714 εἷς.
