3838 6222
195 268 304 327 845

1212 264 1298 318 DE
1334 263 1860 321 ECCLESIASTICA
1898 259 2292 319 THEOLOGIA
2333 260 2464 316 LIB.
2502 260 2548 314 Ι.

3335 253 3431 310 ει(

191 401 264 438 τα
306 383 419 455 (ιι)
472 381 945 452 ὑποστησάμενος·
1004 382 1034 433 6
1082 379 1427 433 ἀποστέλλων
1487 378 1675 432 αὐτόν’
1739 380 1768 431 6

1884 385 2113 432 :wratam
2145 391 2268 430 cum
2299 373 2643 430 mouarcltica
2679 379 2950 443 potestate
3003 384 3254 444 suprema
3308 385 3438 442 pos-

193 474 549 546 προστάττων
596 471 766 541 αὐτῷ,
814 473 844 524 6
887 470 1289 541 ἐντελλόμενος·
1351 471 1380 522 6
1414 469 1705 523 διδάσκων·
1742 469 1770 520 6

195 563 376 615 πάντα
407 559 556 630 αὑτῷ
580 559 929 631 παραδιδοὺς,
969 559 998 611 6
1028 557 1263 623 δοξάζων
1303 558 1462 611 αὐτόν
1482 575 1495 587 ·
1537 561 1565 612 6
1601 559 1770 630 ὑπερ-

195 655 346 725 υψῶν
364 671 378 684 ·
414 654 442 704 6
472 651 756 715 ἀναδείξας
779 650 1002 721 βασιλέα
1033 649 1140 703 τῶν
1162 650 1296 703 ὅλων
1317 667 1329 679 ·
1361 652 1390 703 6
1418 652 1596 703 πᾶσαν
1622 650 1771 720 αὐτῷ

193 745 294 817 τὴν
324 743 506 814 κρίσιν
532 740 894 812 παραδιδούς
939 741 968 793 6
1017 741 1108 796 καὶ
1132 743 1277 812 ἡμᾶς
1309 740 1453 812 αὐτῷ
1493 739 1771 794 πείθεσθαι

196 835 548 906 βουλόμενος·
581 835 610 886 6
640 833 731 885 τὸν
764 833 821 885 ἐν
842 831 990 903 δεξιᾷ
1021 834 1121 903 τῆς
1155 831 1622 903 μεγαλοπρεπείας
1675 831 1772 883 αὐ-

192 926 289 978 τοῦ
326 925 574 995 κατέχειν
615 923 800 994 θρόνον
829 924 1278 995 ὲγκελευόμενος;
1321 925 1378 976 ἐν
1409 923 1486 1008 τῷ
1520 940 1773 994 προσφω-

195 1019 308 1070 νεῖν
339 1016 488 1086 αὑτῷ
519 1017 610 1068 καὶ
652 1017 832 1084 λέγειν
851 1035 864 1047 ·
900 1015 1098 1070 Κάθου
1122 1017 1190 1068 ἐκ
1216 1014 1430 1079 δεξιῶν
1459 1031 1597 1084 μου·
1628 1017 1656 1067 6
1685 1015 1772 1068 διὰ

197 1107 371 1159 ταῦτα
406 1107 604 1172 πάντα,
639 1107 735 1159 καὶ
769 1106 932 1161 αὐτοῦ
977 1105 1236 1177 ὑπάρχων
1269 1106 1362 1159 τοῦ
1393 1106 1521 1159 Υἱοῦ
1545 1107 1697 1169 Θεὸς,
1728 1099 1773 1174 ᾧ

198 1198 517 1268 πειθόμενος
546 1200 574 1251 6
605 1197 912 1268 Μονογενὴς
932 1196 1096 1252 αὐτοῦ
1130 1200 1280 1261 παῖς,
1312 1197 1612 1251 ἐκένωσεν
1633 1199 1771 1251 ἑαυ-

197 1289 324 1353 τὸν,
355 1289 758 1342 ἐταπείνωσεν
780 1289 1015 1352 ἑαυτὸν,
1046 1287 1282 1358 μορφὴν
1296 1288 1518 1343 δούλου
1535 1289 1773 1356 ἀνείλη-

195 1395 334 1448 φεν,
356 1377 626 1446 ὑπήκοος
649 1377 826 1448 μέχρι
846 1379 1104 1434 θανάτου
1130 1378 1396 1448 γέγονεν’
1415 1371 1462 1446 ᾧ
1487 1379 1580 1432 καὶ
1603 1395 1773 1450 προσ-

196 1468 440 1540 εύχεται,
465 1463 510 1537 ᾧ
535 1469 806 1524 κελεύοντι
831 1469 1074 1523 πείθεται
1091 1487 1104 1499 ’
1139 1463 1182 1536 ᾧ
1215 1470 1310 1522 καὶ
1337 1469 1647 1540 εὐχαριστεῖ
1665 1485 1678 1498 ·
1714 1467 1773 1520 ὃν

197 1562 294 1616 καὶ
359 1561 516 1632 μόνον
562 1559 812 1632 ἀληθινὸν
863 1559 995 1613 Θεὸν
1029 1559 1278 1630 ἡγεῖσθαι
1320 1561 1464 1631 ἡμᾶς
1512 1559 1772 1624 διδάσκει,

198 1655 424 1726 μείζονά
458 1672 517 1707 τε
551 1650 686 1707 εἶναι
736 1653 927 1708 ἑαυτοῦ
957 1654 1239 1725 ὁμολογεῖ·
1280 1654 1338 1709 ὃν
1371 1655 1462 1707 ἐπὶ
1489 1655 1619 1708 πᾶσι
1652 1653 1774 1707 τού-

1872 468 2078 532 sideus,
2114 466 2308 521 Filium
2343 465 2664 535 participem
2692 457 2823 519 fecit
2851 479 2963 518 sua:
2986 464 3108 518 vita:
3149 474 3206 518 et
3239 463 3440 518 divini-

1845 560 2002 633 .tatis
2032 576 2045 612 :
2077 573 2169 613 sua
2206 557 2385 612 omnia
2418 555 2660 624 subjecta
2698 555 2745 609 ei
2779 555 2999 609 tradidit
3043 573 3057 609 :
3097 570 3222 610 cum
3262 553 3437 620 misit,

1871 651 2152 706 mandavit
2183 650 2285 715 illi,
2319 651 2371 704 in
2405 649 2687 719 praeceptis
2722 637 2888 711 dedit,
2923 647 3126 718 docuit,
3153 649 3335 703 omnia
3362 645 3437 701 illi

1873 743 2112 809 donavit,
2167 741 2316 796 illum
2377 737 2718 812 gloriﬁcavit,
2785 733 2935 790 illum
2989 739 3433 818 superesaltavit,

1871 851 2056 904 regem
2094 835 2470 890 universorum
2508 830 2826 895 declaravit,
2855 829 3117 897 judicium
3159 846 3320 888 omne
3359 833 3436 888 illi

1876 929 2119 991 tradidit,
2162 941 2262 982 nos
2315 925 2484 980 voluit
2534 925 2608 978 illi
2663 923 3060 992 obtemperare,
3107 919 3268 992 jussit
3312 937 3434 979 eum

1873 1022 2056 1076 sedem
2097 1034 2251 1074 suam
2311 1016 2646 1097 consuluere
2699 1034 2728 1071 a
2788 1017 2979 1070 dextra
3021 1013 3439 1085 magniﬁcentiae

1873 1121 2002 1168 suae,
2049 1120 2170 1159 cum
2206 1104 2285 1159 sic
2324 1104 2472 1158 illum
2519 1101 2717 1159 affatus
2757 1107 3200 1173 proloqueretur,
3234 1103 3370 1160 Sede
3404 1121 3440 1158 ιι

1873 1197 2071 1252 dextris
2115 1199 2263 1265 meis,
2293 1198 2384 1268 qui
2417 1198 2487 1252 ob
2517 1197 2617 1252 ista
2638 1197 2848 1266 singula
2880 1208 2934 1252 et
2965 1198 3244 1266 universa,
3272 1199 3439 1268 ipsius

1873 1285 1995 1342 Filii
2011 1290 2233 1344 exsistat
2265 1287 2438 1343 Deus:
2466 1289 2551 1343 cui
2584 1289 2984 1358 obtemperatus
3021 1290 3326 1360 unigenitus
3357 1288 3440 1345 Fi-

1874 1380 2002 1445 lius,
2041 1387 2217 1436 semet
2244 1379 2548 1434 exinanivit
2581 1380 2777 1447 ipsum,
2806 1393 2925 1434 sese
2958 1371 3282 1447 humiliavit,
3323 1379 3438 1437 l'or-

1875 1485 2018 1526 mam
2065 1473 2208 1526 servi
2259 1470 2555 1540 accipiens,
2600 1467 2780 1525 factus
2825 1466 3085 1527 obediens
3115 1486 3306 1541 .usque
3366 1475 3435 1528 ad

1875 1573 2126 1618 mortem.
2155 1562 2328 1628 Quem
2355 1561 2608 1630 precibus
2642 1561 2979 1632 interpellat:
3013 1561 3098 1618 cui
3121 1555 3327 1631 obedit,
3351 1565 3439 1620 cui

1874 1654 2078 1724 gratias
2127 1654 2258 1723 agit,
2306 1667 2466 1722 quem
2529 1654 2702 1707 solum
2755 1653 2972 1708 unicum
3029 1666 3219 1709 verum
3271 1656 3439 1711 Deum

192 1763 309 1810 τοις
339 1747 571 1800 καὶΘεὸν
601 1741 738 1800 εἶναι
765 1748 957 1799 ἑαυτοῦ
988 1747 1194 1810 πάντας
1250 1747 1397 1820 ἡμᾶς
1425 1745 1618 1800 εἰδέναι
1650 1745 1772 1816 βού-

1884 1746 2094 1800 credere
2148 1759 2248 1800 nos
2287 1745 2486 1798 docet:
2529 1759 2690 1814 quem
2737 1759 2794 1799 se
2827 1745 3086 1815 majorem
3128 1746 3435 1816 proﬁtetur,

194 1837 371 1891 λεται.
403 1838 498 1891 Ὀν
524 1837 665 1891 οὕτω
703 1837 993 1902 δοξάζοντα
1015 1837 1104 1891 τὸν
1129 1837 1322 1891 ἑαυτοῦ
1343 1838 1578 1909 Πατέρα,
1612 1841 1773 1909 ἀμοι-

195 1928 370 1994 σαίως
401 1930 757 1996 άντιδοξάζων
793 1932 819 1983 6
851 1930 1061 2002 Πατὴρ,
1095 1931 1189 1984 καὶ¹
1221 1930 1443 2000 Κύριον,
1477 1932 1568 1984 καὶ
1589 1932 1775 2002 Σωτῆ-

195 2039 291 2093 pa,
316 2021 410 2074 καὶ
437 2021 568 2074 Θεὸν
598 2023 707 2074 τῶν
737 2021 892 2086 ὅλων,
919 2022 1012 2074 καὶ
1044 2021 1327 2092 σύνθρονον
1358 2022 1457 2092 τῆς
1486 2022 1650 2076 αὐτοῦ
1681 2022 1777 2092 βα-

196 2111 406 2175 σιλείας
427 2112 680 2179 ἀνέδειξε.
706 2113 772 2164 ’Ἀ
793 2113 857 2183 δὴ
883 2113 1284 2184 πεπαιδευμένη
1309 2116 1342 2184 ἡ
1374 2113 1772 2186 Ἐκκλησίατοῦ

194 2203 356 2269 Θεοῦ,
385 2205 580 2276 ἑαυτῆς
605 2205 702 2274 μὲν
729 2206 821 2258 καὶ
847 2205 998 2268 Θεὸν,
1031 2207 1126 2258 καὶ
1168 2205 1370 2278 Κύριον
1403 2209 1496 2260 καὶ
1529 2209 1772 2279 Σωτῆρα,

195 2295 296 2348 τοῦ
345 2295 389 2348 6‘
416 2297 508 2349 ἐπὶ
542 2297 756 2350 πάντων
786 2297 921 2350 Θεοῦ
952 2297 1078 2349 Υἱὸν
1109 2298 1370 2369 μονογενῆ
1419 2299 1580 2355 αὐτὸν
1613 2299 1774 2368 γινώ-

197 2401 353 2438 σκειν
372 2422 386 2449 ,
413 2389 506 2440 καὶ
531 2389 720 2442 οὐδένα
747 2389 846 2459 μὲν
870 2389 1026 2442 ἄλλον
1045 2387 1152 2442 τῶν
1178 2389 1448 2457 γεννητῶν
1479 2389 1775 2460 ἀναγορεύ-

196 2493 285 2529 ειν
319 2477 450 2531 Θεὸν
477 2477 636 2543 ἀξιοῖ,
668 2479 827 2550 μόνον
849 2480 905 2532 δὲ
941 2479 1127 2533 τοῦτον
1160 2475 1266 2532 οἶδε
1295 2479 1448 2542 Θεὸν,
1476 2479 1534 2532 ὂν
1561 2481 1716 2550 μόνον
1748 2484 1776 2534 6

194 2567 392 2642 Πατὴρ
416 2569 476 2634 ἐξ
500 2570 692 2624 ἑαυτοῦ
721 2571 931 2641 ἐγέννα.
971 2573 1176 2643 ’Ὠσπερ
1205 2567 1296 2625 οὖν
1325 2570 1486 2634 αὐτὸς
1509 2570 1596 2624 διά
1623 2571 1776 2625 Σολο-

203 2658 388 2731 μῶνος
443 2660 680 2732 παρίστη
708 2661 883 2730 λέγων
907 2678 922 2693 ο
969 2661 1089 2730 Πρὸ
1115 2661 1219 2716 τοῦ
1255 2661 1360 2729 ὄρη
1394 2660 1772 2730 ἑδρασθῆναι,

199 2751 320 2820 πρὸ
347 2752 417 2805 δὲ
441 2752 682 2807 πάντων
703 2754 948 2818 βουνῶν
973 2753 1155 2824 γεννᾷ
1184 2771 1279 2824 με,
1315 2747 1416 2807 ὧδέ
1450 2772 1524 2826 πη
1553 2756 1654 2826 ὅρη
1684 2756 1777 2808 καὶ

200 2840 428 2910 βουνοὺς
450 2841 548 2907 τάς
576 2842 726 2906 Θείας
759 2846 852 2898 καὶ
885 2843 1286 2915 ὑπερκοσμίους
1314 2843 1569 2914 δυνάμεις
1602 2845 1774 2897 αίνιτ-

199 2932 449 3003 τόμενος.

841 3200 996 3260 ΚΕΦ.
1046 3206 1145 3258 IB'.

253 3293 350 3360 Ὠς
387 3295 648 3365 ἄρρητος
673 3299 860 3353 αὑτοῦ
885 3301 924 3367 ἠ
943 3299 1012 3352 ἐκ
1042 3299 1149 3354 τοῦ
1181 3299 1410 3367 Πατρός
1438 3299 1741 3369 γέννησις.

279 3387 345 3438 Ei
380 3386 436 3439 δὲ
470 3387 534 3458 δὴ
561 3387 673 3455 (42)
708 3389 1120 3460 περιεργάζοιτό
1148 3407 1252 3453 τις,
1291 3391 1387 3442 καὶ
1417 3389 1533 3452 πῶς
1559 3389 1624 3442 ἂν
1657 3404 1779 3457 γεν-

201 3480 421 3550 νήσειεν
441 3481 470 3532 6
501 3480 654 3544 Θεὸς,
681 3483 797 3547 πῶς
824 3483 868 3535 δ’
894 3482 1045 3537 ἔσται
1070 3483 1260 3556 Πατὴρ
1288 3484 1356 3553 (6)
1387 3483 1640 3536 ἐπέκεινα
1671 3483 1778 3536 τῶν

199 3571 379 3635 ὅλωνς
433 3571 492 3624 τὸ
521 3573 791 3644 τολμηρὸν
817 3574 913 3628 τοῦ
943 3575 1224 3646 πύσματος
1255 3577 1594 3646 κατασιγάσῃ
1621 3577 1650 3628 6
1670 3577 1778 3646 φή-

204 3681 308 3727 σας
328 3682 340 3694 ·
385 3664 684 3731 Βαθύτερά
715 3665 825 3735 (45)
856 3681 970 3718 σου
995 3665 1080 3736 μὴ
1112 3666 1282 3732 ζήτει,
1313 3667 1408 3720 καὶ
1437 3667 1780 3737 ὑψηλότερά

199 3773 325 3810 σου
334 3754 420 3824 μὴ
437 3755 669 3819 ἐξέταζε
693 3773 706 3787 ’
736 3756 775 3810 ἃ
796 3757 1131 3827 προσετὰγη
1160 3775 1276 3824 σοι,
1302 3759 1484 3812 ταῦτα
1513 3759 1774 3815 διανοοῦ·

200 3849 280 3901 οὺ
295 3845 407 3916 γάρ
423 3848 557 3900 ἐστί
569 3862 665 3901 σοι
682 3849 850 3916 χρεία
865 3849 984 3901 τῶν
1010 3848 1303 3917 κρυπτῶν.
1324 3851 1431 3902 Καὶ
1445 3852 1472 3902 6
1491 3851 1698 3915 Παῦλος
1721 3851 1779 3904 δὲ

201 3935 398 3991 εἰπών’
421 3937 490 3990 Ὠ
503 3937 694 4003 βάθος
716 3938 980 3991 πλούτου
1001 3938 1098 3992 καὶ
1123 3941 1358 4008 σοφίας,
1382 3939 1480 3995 καί
1511 3939 1781 4010 γνώσεως

205 4026 396 4081 Θεοῦί
433 4028 511 4092 ὠς
547 4027 984 4096 ἀνεξερεύνητα
1029 4031 1101 4082 τὰ
1143 4030 1392 4098 κρίματα
1426 4030 1653 4086 αὑτοῦί
1682 4031 1782 4083 καὶ

207 4117 667 4187 ἀνεξιχνίαστοι
698 4121 756 4173 al
789 4119 913 4173 ὀδοὶ
943 4120 1164 4174 αὐτοῦ]
1193 4120 1296 4173 Τὸν
1334 4121 1640 4192 περαιτέρω
1671 4139 1779 4190 χω-

207 4212 326 4281 ρεῖν
357 4209 672 4281 τολμῶντα,
705 4210 779 4282 μὴ
811 4211 1117 4280 ἀνεφίκτοις
1158 4212 1452 4282 ἐπιχειρεῖν
1483 4211 1516 4282 ἢ
1552 4211 1782 4264 πειθέτω

203 4299 384 4368 λέγων
403 4301 662 4373 πρότερον
686 4301 866 4364 αὐτὸς,
893 4299 928 4353 ἃ
946 4300 1006 4372 δή
1044 4318 1204 4372 φησιν
1231 4300 1289 4365 ἐξ
1314 4303 1414 4354 οὐκ
1439 4301 1605 4356 ὄντων
1627 4318 1782 4370 γεγο-

1877 1850 2149 1906 quemque
2184 1833 2358 1890 adhuc
2397 1850 2560 1906 super
2586 1835 2791 1903 omnia,
2825 1851 2983 1891 suum
3015 1852 3232 1908 quoque
3272 1839 3438 1894 Deum

1875 1941 2017 1992 esse,
2051 1942 2148 1982 nos
2173 1941 2364 1982 omnes
2398 1937 2453 1981 et
2497 1927 2739 1998 singulos
2770 1928 2912 1982 scire
2956 1929 3145 1985 voluit.
3174 1931 3343 1999 Quem
3372 1932 3440 1987 ad

1877 2019 2039 2074 istum
2077 2019 2292 2074 modum
2337 2012 2555 2073 Patrem
2586 2034 2740 2074 suum
2793 2018 3210 2090 gloriﬁcantem,
3254 2021 3439 2089 Pater,

1875 2111 2165 2167 viceversa
2213 2107 2552 2180 gloriﬁcavit,
2604 2123 2834 2176 eumque
2885 2109 3191 2178 Dominum,
3242 2114 3441 2170 Serva-

1879 2210 2075 2269 torem,
2106 2203 2273 2256 Deum
2303 2200 2702 2268 universorum,
2739 2211 3050 2256 consortem
3093 2204 3176 2258 sui
3221 2219 3441 2275 quoque

1877 2294 2086 2363 imperii
2119 2291 2294 2362 palam
2318 2291 2636 2348 declaravit.
2667 2291 2793 2348 Haec
2821 2308 2851 2347 a
2884 2293 2992 2348 Deo
3025 2295 3213 2350 edocta
3255 2295 3440 2352 Eccle-

1876 2385 1954 2441 sia
1993 2387 2141 2440 illum
2173 2387 2362 2451 Deum,
2391 2381 2697 2450 Dominum,
2725 2385 3092 2456 Servatorem,
3123 2381 3320 2444 Filium
3343 2385 3440 2445 hci

1885 2480 2122 2548 supremi
2158 2477 2502 2550 Unigenitum
2539 2479 2805 2550 agnoscit,
2841 2496 2942 2536 nec
2968 2481 3036 2536 ab
3073 2496 3140 2539 eo
3186 2498 3308 2538 cum
3362 2499 3442 2539 re-

1877 2572 2124 2637 cesserit,
2163 2572 2306 2628 inter
2343 2570 2644 2636 creaturas,
2680 2581 2939 2641 praeterea
2985 2575 3282 2645 quidquam
3311 2591 3439 2644 pro-

1877 2666 2062 2718 ﬁtetur
2107 2662 2298 2718 Deum.
2351 2661 2536 2719 Solum
2599 2661 2752 2717 illum
2787 2663 2984 2733 quippe
3035 2663 3202 2718 Deum
3257 2667 3432 2730 novit,

1874 2771 2037 2826 quem
2062 2755 2234 2811 solum
2280 2755 2347 2811 de
2377 2769 2435 2809 se
2467 2753 2653 2826 genuit
2675 2748 2855 2810 Pater.
2893 2754 3354 2822 Quemadmodum
3387 2764 3442 2810 ct

1876 2848 1993 2917 ipse
2024 2861 2121 2916 per
2158 2844 2502 2903 Salomonem
2542 2847 2784 2918 loquitur
2823 2863 2838 2900 ι
2877 2842 3197 2916 Priusquam
3242 2857 3441 2901 montes

1875 2937 2257 3000 stabilirentur,
2317 2951 2440 3004 ante
2475 2953 2651 2992 omnes
2710 2935 2868 2992 colles
2895 2939 3168 3008 progenuit
3196 2953 3296 2992 me.
3341 2933 3447 2992 Per

1803 3065 1850 3128 ο
1881 3039 2092 3084 montes
2116 3038 2172 3128 et
2201 3028 2369 3084 colles
2421 3029 2495 3084 ibi
2528 3029 2771 3084 indicare
2808 3028 2975 3083 voluit
3015 3027 3228 3084 divinas
3259 3036 3315 3085 et
3347 3041 3443 3084 su-

1879 3119 2277 3189 permundanas
2314 3128 2632 3191 potestates.

2506 3209 2658 3266 CAP.
2701 3209 2810 3265 XII.

1917 3308 1976 3366 Β
2002 3297 2152 3368 Quod
2177 3302 2243 3356 sit
2279 3303 2644 3357 inenarrabilis
2670 3303 2817 3357 illius
2840 3303 2904 3358 de
2930 3292 3096 3359 Patre
3121 3305 3408 3376 generatio.
3457 3299 3462 3312 ’

1949 3392 2106 3460 Quod
2138 3393 2184 3447 si
2211 3393 2331 3462 quis
2365 3394 2632 3449 curiosius
2666 3393 2756 3448 hic
2783 3395 3064 3464 sategerit,
3085 3405 3141 3450 et
3176 3397 3446 3464 quomodo

1879 3485 1950 3539 sit
1979 3485 2068 3540 ille
2099 3483 2245 3539 Deus
2277 3496 2428 3554 roget
2455 3505 2468 3540 :
2499 3485 2769 3555 quomodo
2799 3486 2904 3539 erit
2947 3484 3129 3551 Pater,
3160 3487 3250 3556 qui
3283 3502 3448 3557 super

1878 3576 2059 3630 omnia
2101 3577 2230 3632 est?
2276 3577 2531 3632 audacem
2579 3577 2736 3648 hujus
2785 3575 3016 3631 hominis
3066 3577 3446 3648 interrogatio-

1881 3681 2002 3720 nem
2041 3678 2354 3737 compescet
2381 3668 2426 3723 is
2453 3667 2544 3738 qui
2576 3670 2675 3732 ait,
2706 3663 3069 3734 Profundiora
3092 3676 3141 3722 te
3164 3707 3181 3734 ,
3214 3685 3276 3723 ne
3301 3685 3445 3740 qure-

1879 3755 2064 3809 siveris
2084 3796 2099 3820 ,
2147 3766 2194 3809 et
2236 3754 2521 3810 excelsiora
2569 3765 2618 3809 te
2642 3795 2659 3823 ,
2701 3771 2764 3808 ne
2793 3754 3048 3825 ,exquiras
3075 3770 3094 3808 :
3123 3754 3218 3808 illa
3247 3757 3447 3824 cogite.

1879 3862 1997 3916 qua:
2032 3843 2124 3896 tibi
2151 3843 2418 3911 impemvit
2448 3859 2466 3896 :
2491 3859 2653 3914 neque
2687 3844 2822 3898 enim
2851 3843 2946 3896 tibi
2971 3860 3099 3911 opus
3120 3856 3195 3898 est
3219 3856 3448 3900 secreto-

1881 3951 1999 3991 rum
2025 3937 2106 4001 “;
2139 3945 2194 3991 et
2221 3933 2420 3990 Paulus
2442 3934 2518 3988 ait
2539 3935 2704 3988 etiam
2753 3949 2766 3986 :
2802 3933 2846 3990 0
2871 3933 3096 3988 altitudo
3119 3935 3442 4005 divitiarum,

1880 4028 2152 4097 sapientiae
2178 4036 2226 4081 et
2264 4027 2496 4081 scientiis
2524 4025 2622 4080 Dei
2646 4026 2666 4080 !
2697 4040 2854 4095 quam
2901 4025 3446 4094 incomprehensibilia

1882 4129 2003 4172 sunt
2042 4120 2254 4189 judicia
2282 4118 2442 4189 ejus!
2490 4127 2542 4172 et
2583 4118 3070 4188 impervestigabiles
3103 4122 3198 4176 via:
3235 4121 3348 4192 ejus
3379 4122 3446 4175 ".

1884 4209 2043 4264 llurtc
2068 4223 2200 4264 vero
2231 4223 2642 4278 progressurum
2662 4207 2854 4262 audaci
2886 4209 3129 4265 facinore
3164 4211 3339 4266 adhuc
3368 4209 3452 4265 ul-

1888 4301 2058 4356 terius
2087 4299 2342 4356 cohibere
2378 4299 2570 4354 saltem
2602 4299 2853 4366 debeant,
2899 4307 2958 4354 ut
2983 4300 3256 4357 inaccessa
3298 4316 3454 4372 pror-

204 4393 377 4456 νέναι,
422 4391 536 4456 πῶς
564 4393 657 4445 καὶ
704 4391 825 4444 τίνα
851 4393 1047 4463 τρόπον
1081 4393 1310 4464 ὑπέστη,
1351 4393 1571 4464 μηδαμῆ
1612 4393 1776 4464 μηδα-

1888 4407 1979 4446 sus
2024 4392 2389 4462 aggrediatur,
2417 4407 2480 4447 ea
2511 4405 2632 4462 quae
2677 4400 2803 4446 sunt
2831 4391 2900 4446 ab
2927 4391 3042 4461 ipso
3076 4393 3226 4460 prius
3251 4394 3449 4462 posita,

208 4482 333 4553 μῶς
363 4481 491 4535 ὅντα
515 4482 794 4554 πρότερον.
823 4483 897 4535 Οὐ
922 4483 1030 4556 γάρ
1065 4483 1128 4554 δὴ
1163 4484 1304 4537 κατὰ
1336 4485 1460 4547 τοὺς
1490 4487 1618 4556 παρ’
1651 4486 1780 4556 ἡμῖν

206 4570 480 4642 τεχνίτας,
503 4571 633 4643 ὓλην
661 4573 1130 4642 προῦποκειμένην
1154 4571 1329 4625 λαϐὼν
1353 4575 1472 4635 ταῖς
1495 4574 1698 4644 χερσὶν,
1725 4573 1784 4626 τὸ

206 4662 326 4715 πᾶν
352 4663 692 4733 ἐτεκτήνατο.
723 4663 932 4734 Ὠσπερ
961 4663 1024 4734 δὴ
1068 4663 1242 4727 τοῦτο,
1273 4665 1340 4733 τῇ
1377 4661 1534 4730 φύσει
1567 4663 1782 4733 ἀμήχα-

205 4769 325 4816 νον,
353 4751 474 4805 ὅσον
501 4753 587 4805 ἐπ’
617 4751 941 4824 ἀνθρώποις,
965 4751 1107 4820 λέγω
1135 4752 1190 4804 δὲ
1221 4751 1282 4805 τὸ
1317 4751 1580 4823 μηδαμῶς
1613 4751 1786 4822 ὑπάρ-

206 4861 308 4916 χον
334 4845 399 4897 ἐκ
419 4842 514 4896 τοῦ
540 4843 614 4915 μὴ
648 4843 798 4907 ὄντος
831 4847 910 4907 είς
937 4843 998 4896 τὸ
1023 4840 1160 4898 εἶναι
1190 4845 1480 4914 παράγειν,
1526 4843 1675 4913 αὐτῷ
1696 4843 1785 4897 δυ-

209 4935 372 5001 ’ξατὸν
400 4935 657 5005 κατέστη,
689 4935 784 4988 καὶ
804 4935 992 5005 γέγονε
1026 4935 1136 5006 (44)
1157 4935 1262 4988 τῶν
1286 4935 1419 4988 ὅλων
1450 4933 1697 5006 ποιητὴς,
1724 4935 1784 4987 οὺ

289 5061 351 5119 ᾖ
381 5053 477 5110 Ed.
509 5052 707 5120 Paris.,
742 5070 864 5126 pag.
894 5055 982 5109 7i.

283 5213 400 5288 (μ’)
453 5213 1001 5288 ’Υποστησάμενοᾳ
1027 5215 1199 5288 Deest
1221 5215 1371 5288 αὺτῷ
1395 5256 1410 5281 ,
1445 5231 1665 5288 nempe,
1695 5215 1788 5270 Fi-

204 5285 309 5339 lio.
346 5284 470 5338 Haec
499 5286 702 5348 omnia,
730 5286 797 5339 de
829 5288 1046 5341 homine
1077 5286 1295 5342 Christo
1342 5284 1399 5340 in
1433 5284 1603 5342 sacris
1634 5286 1784 5341 litte-

206 5355 293 5409 ris
326 5354 573 5419 recitata,
606 5358 672 5406 ad
696 5357 950 5409 deitatem
979 5356 1161 5410 retulit
1219 5356 1502 5420 Eusebius,
1534 5357 1782 5410 Arianaea

211 5424 324 5477 lide
347 5439 590 5494 prorsus.
619 5423 691 5478 Μ.
716 5451 783 5462 —-
813 5427 932 5479 Mox
961 5427 1118 5494 vulgo
1143 5426 1232 5478 τὸν
1256 5430 1320 5480 ὲκ
1345 5425 1521 5490 δεξιᾶς
1555 5443 1606 5478 τ.
1634 5442 1691 5494 μ.
1731 5435 1787 5481 et

205 5493 375 5546 ἑταπ.
407 5493 594 5567 ὲαοτὸν
627 5511 683 5547 ιι..
718 5493 1075 5567 6061.1a6tbxl
1103 5497 1415 5567 γενόμενος,
1448 5493 1650 5567 omisso
1673 5511 1786 5567 _se-

205 5574 414 5637 quente
439 5562 681 5637 γέγονεν,
706 5575 758 5637 et
792 5565 886 5618 καὶ
916 5562 1184 5620 κελεύοντι
1217 5562 1270 5622 et
1306 5567 1405 5637 τῆς
1447 5564 1638 5619 ἑαυτοῦ
1651 5565 1782 5636 σβασ.

206 5630 266 5688 ἐι
409 5630 539 5704 ﬁgit.
563 5641 617 5688 et
645 5634 845 5704 Σαλομ,

271 5703 404 5784 με)
445 5701 612 5773 Vulgo
637 5703 700 5776 δή
729 5701 863 5775 utin;
911 5705 1034 5762 dein
1076 5707 1231 5780 vulgo
1283 5706 1384 5778 τῆς
1437 5705 1684 5772 πεύσεως
1735 5714 1788 5765 οι

1887 4483 1954 4538 de
1976 4482 2432 4553 progeneratione
2457 4497 2488 4536 e
2527 4497 2633 4537 non
2661 4481 3055 4539 exsistentibus
3088 4499 3102 4536 :
3137 4485 3280 4552 quod
3311 4498 3450 4554 quo-

1892 4574 2052 4628 modo
2083 4573 2196 4628 ﬁeri
2229 4575 2404 4644 potuit
2449 4573 2610 4629 velim
2661 4575 2895 4644 esplicet
2918 4616 2934 4640 ,
2965 4589 3086 4628 cum
3139 4575 3453 4646 neutiquam

1892 4663 2080 4718 nullibi
2126 4673 2402 4718 exstarent
2433 4664 2539 4718 illa.
2575 4663 2691 4718 Non
2738 4665 2904 4727 enim,
2952 4673 3010 4718 ut
3041 4663 3279 4720 artiﬁces
3313 4666 3465 4736 apud‘

1893 4768 1992 4808 nos
2017 4753 2210 4820 solent,
2244 4754 2527 4808 materiam
2556 4753 2934 4824 praejacentem
2981 4762 3257 4822 acceptam
3286 4754 3455 4808 mani-

1892 4846 2014 4911 hus,
2053 4845 2365 4901 universum
2392 4845 2589 4902 exinde
2637 4845 3038 4901 conformavit:
3073 4845 3168 4901 sed
3195 4855 3256 4900 ut
3279 4845 3453 4916 ipsum

1894 4936 1996 4992 hoc
2047 4949 2252 4993 natura:
2302 4937 2518 5008 quidem
2572 4937 2904 5007 impossibile
2951 4936 3148 5002 fuerat,
3195 4946 3449 5008 quantum

1080 5055 1123 5086 ⁶¹
1146 5054 1296 5113 Eccl.
1332 5069 1415 5120 ιιι,
1444 5053 1539 5113 22.
1618 5055 1663 5087 ⁸³
1688 5052 1847 5110 Rom.
1873 5071 1953 5123 XI,
1981 5056 2072 5115 35.

1888 5218 2232 5288 κατασιγάση
2245 5257 2260 5271 .

1960 5289 2072 5357 (45)
2098 5283 2402 5356 Βαθῦτερά
2429 5303 2566 5341 σου.
2599 5285 2774 5341 Locus
2797 5295 2885 5357 est
2909 5283 3082 5357 Sirae.
3106 5300 3187 5348 ιιι,
3215 5283 3321 5357 22,
3365 5284 3458 5357 ubi

1887 5353 2120 5428 legimus
2149 5353 2504 5428 χαλεπώτερα
2532 5373 2627 5428 σου
2665 5357 2740 5427 μὴ
2789 5356 2961 5426 ζήτει,
2995 5356 3089 5409 καὶ
3137 5353 3461 5428 ἰσχυρότιρά

1889 5425 1983 5480 σου
2009 5427 2082 5498 μὴ
2114 5425 2364 5498 ἐξέταζε,
2400 5425 2486 5480 ubi
2516 5427 2620 5480 alia
2657 5425 2764 5498 sint
2788 5425 2856 5498 in
2888 5430 3133 5498 eamdem
3169 5425 3290 5498 cum
3312 5425 3461 5498 “istis

1890 5493 2231 5552 sent'eu'tiam.
2252 5497 2322 5550 M.
2345 5527 2414 5537 —
2441 5499 2571 5550 Dein
2605 5496 2762 5564 vulgo
2782 5497 3072 5568 ἐπιχωρεῖν
3107 5496 3143 5566 ἦ
3167 5504 3220 5550 et
3250 5493 3286 5549 ἅ
3305 5493 3364 5549 δὲ
3394 5510 3458 5565 φ.

1892 5579 1946 5622 et
1980 5569 2087 5620 πᾶν
2121 5569 2466 5620 ὲπεκτείνατο
2503 5575 2557 5620 et
2582 5570 2936 5636 προαγαγεῖν.
3090 5568 3096 5573 ’

1967 5639 2076 5709 (ιμ’)
2111 5637 2230 5691 Ίὶῦν
2253 5638 2410 5692 ὅλων
2440 5633 2718 5709 ποιηγτῇς.
2740 5633 2852 5709 χνυι
2880 5645 2938 5690 ιιι
2973 5637 3032 5709 in
3061 5635 3303 5709 margine
3333 5633 3454 5709 fuit:

1896 5701 2114 5780 ποῖητῇ,
2146 5710 2326 5768 statim
2353 5706 2515 5764 αὑτοῦ
2545 5705 2661 5759 υἱοῦ
2695 5706 2932 5777 γένησις.
2973 5704 3045 5763 Μ.
3077 5732 3144 5748 --
3183 5701 3320 5763 Dein
3358 5701 3453 5760 τοῦ
