  <div class='ocr_page' id='page_1' title='image "/cluster/home/n/w/nwhite01/storage/ocr_20150623/24/nnc1.0046978259/481.png"; bbox 0 0 3838 6222; ppageno 0'>
   <div class='ocr_carea' id='block_1_1' title="bbox 401 265 3643 334">
    <p class='ocr_par' dir='ltr' id='par_1_1' title="bbox 401 265 3643 334">
     <span class='ocr_line' id='line_1_1' title="bbox 401 265 3643 334; baseline -0.002 -1"><span class='ocrx_word' id='word_1_1' title='bbox 401 276 507 334; x_wconf 66' lang='grc'><strong>84⁸1</strong></span> <span class='ocrx_word' id='word_1_2' title='bbox 1108 268 1377 328; x_wconf 80' lang='lat' dir='ltr'><strong>EUSEBII</strong></span> <span class='ocrx_word' id='word_1_3' title='bbox 1412 266 1894 329; x_wconf 67' lang='lat' dir='ltr'><strong>CESARIENSIS</strong></span> <span class='ocrx_word' id='word_1_4' title='bbox 1932 265 2081 322; x_wconf 85' lang='lat' dir='ltr'><strong>OPP.</strong></span> <span class='ocrx_word' id='word_1_5' title='bbox 2123 265 2303 324; x_wconf 81' lang='lat' dir='ltr'><strong>PARS</strong></span> <span class='ocrx_word' id='word_1_6' title='bbox 2339 266 2430 325; x_wconf 76' lang='lat' dir='ltr'><strong>IV.</strong></span> <span class='ocrx_word' id='word_1_7' title='bbox 2472 300 2542 313; x_wconf 94' lang='lat'>-</span> <span class='ocrx_word' id='word_1_8' title='bbox 2579 267 3000 327; x_wconf 78' lang='lat' dir='ltr'><strong>DOGMATICA.</strong></span> <span class='ocrx_word' id='word_1_9' title='bbox 3532 271 3643 327; x_wconf 67' lang='grc'><strong>848</strong></span> 
     </span>
    </p>
   </div>
   <div class='ocr_carea' id='block_1_2' title="bbox 399 382 1948 459">
    <p class='ocr_par' dir='ltr' id='par_1_2' title="bbox 399 384 1926 459">
     <span class='ocr_line' id='line_1_2' title="bbox 399 384 1926 459; baseline -0.004 -15"><span class='ocrx_word' id='word_1_10' title='bbox 399 388 622 459; x_wconf 82' lang='lat' dir='ltr'><strong>quidem</strong></span> <span class='ocrx_word' id='word_1_11' title='bbox 663 385 731 441; x_wconf 88' lang='lat' dir='ltr'><strong>ad</strong></span> <span class='ocrx_word' id='word_1_12' title='bbox 775 384 1071 441; x_wconf 89' lang='lat' dir='ltr'><strong>humanum</strong></span> <span class='ocrx_word' id='word_1_13' title='bbox 1125 385 1383 454; x_wconf 85' lang='lat' dir='ltr'><strong>operandi</strong></span> <span class='ocrx_word' id='word_1_14' title='bbox 1445 388 1665 441; x_wconf 90' lang='lat' dir='ltr'><strong>modum</strong></span> <span class='ocrx_word' id='word_1_15' title='bbox 1719 392 1926 455; x_wconf 85' lang='lat' dir='ltr'><strong>spectat</strong></span> 
     </span>
    </p>
   </div>
   <div class='ocr_carea' id='block_1_3' title="bbox 2051 382 3641 459">
    <p class='ocr_par' dir='ltr' id='par_1_3' title="bbox 2066 382 3641 457">
     <span class='ocr_line' id='line_1_3' title="bbox 2066 382 3641 457; baseline 0.001 -20"><span class='ocrx_word' id='word_1_16' title='bbox 2066 382 2188 437; x_wconf 83' lang='grc' dir='ltr'>κατ’</span> <span class='ocrx_word' id='word_1_17' title='bbox 2220 383 2525 456; x_wconf 76' lang='grc' dir='ltr'>ἄνθρωπον,</span> <span class='ocrx_word' id='word_1_18' title='bbox 2553 385 2812 457; x_wconf 74' lang='grc' dir='ltr'>ἀρρήτοις</span> <span class='ocrx_word' id='word_1_19' title='bbox 2840 385 2897 439; x_wconf 87' lang='grc' dir='ltr'>δὲ</span> <span class='ocrx_word' id='word_1_20' title='bbox 2931 385 3026 439; x_wconf 78' lang='grc' dir='ltr'><strong>καὶ</strong></span> <span class='ocrx_word' id='word_1_21' title='bbox 3056 383 3356 457; x_wconf 78' lang='grc' dir='ltr'>ἀφράστοις</span> <span class='ocrx_word' id='word_1_22' title='bbox 3381 384 3519 455; x_wconf 80' lang='grc' dir='ltr'>ἡμῖν</span> <span class='ocrx_word' id='word_1_23' title='bbox 3547 384 3641 438; x_wconf 61' lang='grc' dir='ltr'><strong>λῦ-</strong></span> 
     </span>
    </p>
   </div>
   <div class='ocr_carea' id='block_1_4' title="bbox 401 476 1964 546">
    <p class='ocr_par' dir='ltr' id='par_1_4' title="bbox 401 476 1964 546">
     <span class='ocr_line' id='line_1_4' title="bbox 401 476 1964 546; baseline -0.004 -9"><span class='ocrx_word' id='word_1_24' title='bbox 401 481 694 546; x_wconf 87' lang='lat' dir='ltr'><strong>nimirum,</strong></span> <span class='ocrx_word' id='word_1_25' title='bbox 743 479 812 535; x_wconf 92' lang='lat' dir='ltr'><strong>de</strong></span> <span class='ocrx_word' id='word_1_26' title='bbox 859 476 1045 533; x_wconf 90' lang='lat' dir='ltr'><strong>nullibi</strong></span> <span class='ocrx_word' id='word_1_27' title='bbox 1069 478 1367 535; x_wconf 78' lang='lat' dir='ltr'><strong>exsistente</strong></span> <span class='ocrx_word' id='word_1_28' title='bbox 1394 480 1651 544; x_wconf 91' lang='lat' dir='ltr'><strong>materia,</strong></span> <span class='ocrx_word' id='word_1_29' title='bbox 1678 477 1964 533; x_wconf 86' lang='lat' dir='ltr'><strong>essentiam</strong></span> 
     </span>
    </p>
   </div>
   <div class='ocr_carea' id='block_1_5' title="bbox 403 570 1966 642">
    <p class='ocr_par' dir='ltr' id='par_1_5' title="bbox 403 570 1966 642">
     <span class='ocr_line' id='line_1_5' title="bbox 403 570 1966 642; baseline -0.002 -13"><span class='ocrx_word' id='word_1_30' title='bbox 403 588 583 630; x_wconf 86' lang='lat' dir='ltr'><strong>rerum</strong></span> <span class='ocrx_word' id='word_1_31' title='bbox 613 579 978 627; x_wconf 76' lang='lat' dir='ltr'><strong>constructam</strong></span> <span class='ocrx_word' id='word_1_32' title='bbox 1027 570 1162 626; x_wconf 87' lang='lat' dir='ltr'><strong>dare</strong></span> <span class='ocrx_word' id='word_1_33' title='bbox 1196 586 1212 624; x_wconf 88' lang='lat'><strong>:</strong></span> <span class='ocrx_word' id='word_1_34' title='bbox 1242 571 1341 642; x_wconf 91' lang='lat' dir='ltr'><strong>ipsi</strong></span> <span class='ocrx_word' id='word_1_35' title='bbox 1379 579 1559 626; x_wconf 88' lang='lat' dir='ltr'><strong>tamen</strong></span> <span class='ocrx_word' id='word_1_36' title='bbox 1596 570 1966 626; x_wconf 83' lang='lat' dir='ltr'><strong>universitatis</strong></span> 
     </span>
    </p>
   </div>
   <div class='ocr_carea' id='block_1_6' title="bbox 340 662 1962 734">
    <p class='ocr_par' dir='ltr' id='par_1_6' title="bbox 340 662 1962 734">
     <span class='ocr_line' id='line_1_6' title="bbox 340 662 1962 734; baseline -0.003 -13"><span class='ocrx_word' id='word_1_37' title='bbox 340 675 346 681; x_wconf 84' lang='lat'><strong><em>‘</em></strong></span> <span class='ocrx_word' id='word_1_38' title='bbox 398 663 669 721; x_wconf 73' lang='lat' dir='ltr'><strong>conditori</strong></span> <span class='ocrx_word' id='word_1_39' title='bbox 697 663 953 734; x_wconf 76' lang='lat' dir='ltr'><strong>possibile</strong></span> <span class='ocrx_word' id='word_1_40' title='bbox 974 662 1269 733; x_wconf 83' lang='lat' dir='ltr'><strong>fuitplane,</strong></span> <span class='ocrx_word' id='word_1_41' title='bbox 1294 673 1347 720; x_wconf 90' lang='lat' dir='ltr'><strong>et</strong></span> <span class='ocrx_word' id='word_1_42' title='bbox 1370 663 1573 718; x_wconf 80' lang='lat' dir='ltr'><strong>factum</strong></span> <span class='ocrx_word' id='word_1_43' title='bbox 1598 675 1701 719; x_wconf 87' lang='lat' dir='ltr'><strong>est.</strong></span> <span class='ocrx_word' id='word_1_44' title='bbox 1735 663 1962 731; x_wconf 80' lang='lat' dir='ltr'><strong>Captum</strong></span> 
     </span>
    </p>
   </div>
   <div class='ocr_carea' id='block_1_7' title="bbox 398 754 1965 826">
    <p class='ocr_par' dir='ltr' id='par_1_7' title="bbox 398 754 1965 826">
     <span class='ocr_line' id='line_1_7' title="bbox 398 754 1965 826; baseline -0.004 -12"><span class='ocrx_word' id='word_1_45' title='bbox 398 758 504 814; x_wconf 85' lang='lat' dir='ltr'><strong>hoc</strong></span> <span class='ocrx_word' id='word_1_46' title='bbox 553 758 847 812; x_wconf 89' lang='lat' dir='ltr'><strong>humanum</strong></span> <span class='ocrx_word' id='word_1_47' title='bbox 897 755 1229 810; x_wconf 81' lang='lat' dir='ltr'><strong>transcendit</strong></span> <span class='ocrx_word' id='word_1_48' title='bbox 1269 769 1538 826; x_wconf 67' lang='lat' dir='ltr'><strong>prorsus:</strong></span> <span class='ocrx_word' id='word_1_49' title='bbox 1582 768 1756 825; x_wconf 90' lang='lat' dir='ltr'><strong>neque</strong></span> <span class='ocrx_word' id='word_1_50' title='bbox 1807 754 1965 824; x_wconf 90' lang='lat' dir='ltr'><strong>hujus</strong></span> 
     </span>
    </p>
   </div>
   <div class='ocr_carea' id='block_1_8' title="bbox 401 849 1964 921">
    <p class='ocr_par' dir='ltr' id='par_1_8' title="bbox 401 849 1964 921">
     <span class='ocr_line' id='line_1_8' title="bbox 401 849 1964 921; baseline -0.003 -15"><span class='ocrx_word' id='word_1_51' title='bbox 401 851 479 907; x_wconf 86' lang='lat' dir='ltr'><strong>rei</strong></span> <span class='ocrx_word' id='word_1_52' title='bbox 511 852 650 906; x_wconf 86' lang='lat' dir='ltr'><strong>ratio</strong></span> <span class='ocrx_word' id='word_1_53' title='bbox 679 849 1066 921; x_wconf 82' lang='lat' dir='ltr'><strong>comprehendi</strong></span> <span class='ocrx_word' id='word_1_54' title='bbox 1111 862 1364 905; x_wconf 87' lang='lat' dir='ltr'><strong>sermone</strong></span> <span class='ocrx_word' id='word_1_55' title='bbox 1402 857 1497 904; x_wconf 90' lang='lat' dir='ltr'><strong>aut</strong></span> <span class='ocrx_word' id='word_1_56' title='bbox 1524 849 1833 903; x_wconf 90' lang='lat' dir='ltr'><strong>annuntiari</strong></span> <span class='ocrx_word' id='word_1_57' title='bbox 1869 863 1964 916; x_wconf 86' lang='lat' dir='ltr'><strong>po-</strong></span> 
     </span>
    </p>
   </div>
   <div class='ocr_carea' id='block_1_9' title="bbox 397 939 1966 1010">
    <p class='ocr_par' dir='ltr' id='par_1_9' title="bbox 397 939 1966 1010">
     <span class='ocr_line' id='line_1_9' title="bbox 397 939 1966 1010; baseline -0.003 -11"><span class='ocrx_word' id='word_1_58' title='bbox 397 951 525 1001; x_wconf 83' lang='lat' dir='ltr'><strong>test.</strong></span> <span class='ocrx_word' id='word_1_59' title='bbox 572 942 654 998; x_wconf 82' lang='lat' dir='ltr'><strong>Ad</strong></span> <span class='ocrx_word' id='word_1_60' title='bbox 694 942 942 997; x_wconf 92' lang='lat' dir='ltr'><strong>eumdem</strong></span> <span class='ocrx_word' id='word_1_61' title='bbox 990 940 1241 1005; x_wconf 87' lang='lat' dir='ltr'><strong>modum,</strong></span> <span class='ocrx_word' id='word_1_62' title='bbox 1267 949 1323 997; x_wconf 91' lang='lat' dir='ltr'><strong>et</strong></span> <span class='ocrx_word' id='word_1_63' title='bbox 1353 940 1522 995; x_wconf 90' lang='lat' dir='ltr'><strong>multo</strong></span> <span class='ocrx_word' id='word_1_64' title='bbox 1542 939 1759 1010; x_wconf 81' lang='lat' dir='ltr'><strong>quidem</strong></span> <span class='ocrx_word' id='word_1_65' title='bbox 1793 939 1966 1008; x_wconf 87' lang='lat' dir='ltr'><strong>magis</strong></span> 
     </span>
    </p>
   </div>
   <div class='ocr_carea' id='block_1_10' title="bbox 267 1025 1964 1104">
    <p class='ocr_par' dir='ltr' id='par_1_10' title="bbox 267 1025 1964 1104">
     <span class='ocr_line' id='line_1_10' title="bbox 267 1025 1964 1104; baseline -0.003 -13"><span class='ocrx_word' id='word_1_66' title='bbox 267 1025 278 1037; x_wconf 81' lang='grc'><strong>’</strong></span> <span class='ocrx_word' id='word_1_67' title='bbox 396 1034 659 1104; x_wconf 90' lang='lat' dir='ltr'><strong>unigeniti</strong></span> <span class='ocrx_word' id='word_1_68' title='bbox 693 1031 809 1101; x_wconf 80' lang='lat' dir='ltr'><strong>eius</strong></span> <span class='ocrx_word' id='word_1_69' title='bbox 849 1032 970 1087; x_wconf 86' lang='lat' dir='ltr'><strong>Filii</strong></span> <span class='ocrx_word' id='word_1_70' title='bbox 998 1032 1294 1102; x_wconf 74' lang='lat' dir='ltr'><strong>generatio,</strong></span> <span class='ocrx_word' id='word_1_71' title='bbox 1320 1031 1878 1103; x_wconf 85' lang='lat' dir='ltr'><strong>incomprehensibilis</strong></span> <span class='ocrx_word' id='word_1_72' title='bbox 1908 1039 1964 1086; x_wconf 84' lang='lat' dir='ltr'><strong>et</strong></span> 
     </span>
    </p>
   </div>
   <div class='ocr_carea' id='block_1_11' title="bbox 398 1123 1964 1194">
    <p class='ocr_par' dir='ltr' id='par_1_11' title="bbox 398 1123 1964 1194">
     <span class='ocr_line' id='line_1_11' title="bbox 398 1123 1964 1194; baseline -0.004 -12"><span class='ocrx_word' id='word_1_73' title='bbox 398 1124 813 1194; x_wconf 86' lang='lat' dir='ltr'><strong>investigabilis,</strong></span> <span class='ocrx_word' id='word_1_74' title='bbox 843 1138 949 1178; x_wconf 91' lang='lat' dir='ltr'><strong>non</strong></span> <span class='ocrx_word' id='word_1_75' title='bbox 984 1124 1138 1179; x_wconf 88' lang='lat' dir='ltr'><strong>nobis</strong></span> <span class='ocrx_word' id='word_1_76' title='bbox 1157 1123 1515 1189; x_wconf 90' lang='lat' dir='ltr'><strong>solummodo,</strong></span> <span class='ocrx_word' id='word_1_77' title='bbox 1548 1124 1640 1179; x_wconf 92' lang='lat' dir='ltr'><strong>sed</strong></span> <span class='ocrx_word' id='word_1_78' title='bbox 1661 1132 1716 1178; x_wconf 90' lang='lat' dir='ltr'><strong>et</strong></span> <span class='ocrx_word' id='word_1_79' title='bbox 1748 1123 1964 1176; x_wconf 87' lang='lat' dir='ltr'><strong>virtuti-</strong></span> 
     </span>
    </p>
   </div>
   <div class='ocr_carea' id='block_1_12' title="bbox 398 1213 1958 1287">
    <p class='ocr_par' dir='ltr' id='par_1_12' title="bbox 398 1213 1958 1287">
     <span class='ocr_line' id='line_1_12' title="bbox 398 1213 1958 1287; baseline -0.001 -15"><span class='ocrx_word' id='word_1_80' title='bbox 398 1219 498 1273; x_wconf 92' lang='lat' dir='ltr'><strong>bus</strong></span> <span class='ocrx_word' id='word_1_81' title='bbox 548 1216 616 1272; x_wconf 89' lang='lat' dir='ltr'><strong>iis</strong></span> <span class='ocrx_word' id='word_1_82' title='bbox 645 1213 830 1280; x_wconf 80' lang='lat' dir='ltr'><strong>fuerit,</strong></span> <span class='ocrx_word' id='word_1_83' title='bbox 861 1231 985 1287; x_wconf 76' lang='lat' dir='ltr'><strong>qua:</strong></span> <span class='ocrx_word' id='word_1_84' title='bbox 1008 1229 1107 1270; x_wconf 89' lang='lat' dir='ltr'><strong>nos</strong></span> <span class='ocrx_word' id='word_1_85' title='bbox 1151 1214 1312 1285; x_wconf 92' lang='lat' dir='ltr'><strong>longo</strong></span> <span class='ocrx_word' id='word_1_86' title='bbox 1344 1223 1606 1283; x_wconf 85' lang='lat' dir='ltr'><strong>superant</strong></span> <span class='ocrx_word' id='word_1_87' title='bbox 1650 1215 1958 1271; x_wconf 90' lang='lat' dir='ltr'><strong>intervallo.</strong></span> 
     </span>
    </p>
   </div>
   <div class='ocr_carea' id='block_1_13' title="bbox 396 1306 1962 1377">
    <p class='ocr_par' dir='ltr' id='par_1_13' title="bbox 396 1306 1962 1377">
     <span class='ocr_line' id='line_1_13' title="bbox 396 1306 1962 1377; baseline -0.001 -14"><span class='ocrx_word' id='word_1_88' title='bbox 396 1307 677 1377; x_wconf 88' lang='lat' dir='ltr'><strong>Siquidem</strong></span> <span class='ocrx_word' id='word_1_89' title='bbox 700 1306 790 1361; x_wconf 91' lang='lat' dir='ltr'><strong>illa</strong></span> <span class='ocrx_word' id='word_1_90' title='bbox 830 1320 949 1377; x_wconf 72' lang='lat' dir='ltr'><strong>qua:</strong></span> <span class='ocrx_word' id='word_1_91' title='bbox 986 1320 1083 1375; x_wconf 94' lang='lat' dir='ltr'><strong>per</strong></span> <span class='ocrx_word' id='word_1_92' title='bbox 1110 1315 1358 1360; x_wconf 90' lang='lat' dir='ltr'><strong>naturam</strong></span> <span class='ocrx_word' id='word_1_93' title='bbox 1384 1320 1537 1360; x_wconf 89' lang='lat' dir='ltr'><strong>suam</strong></span> <span class='ocrx_word' id='word_1_94' title='bbox 1565 1306 1789 1365; x_wconf 82' lang='lat' dir='ltr'><strong>inferius</strong></span> <span class='ocrx_word' id='word_1_95' title='bbox 1831 1310 1962 1363; x_wconf 87' lang='lat' dir='ltr'><strong>sub-</strong></span> 
     </span>
    </p>
   </div>
   <div class='ocr_carea' id='block_1_14' title="bbox 393 1396 1961 1463">
    <p class='ocr_par' dir='ltr' id='par_1_14' title="bbox 393 1396 1961 1463">
     <span class='ocr_line' id='line_1_14' title="bbox 393 1396 1961 1463; baseline 0.001 -10"><span class='ocrx_word' id='word_1_96' title='bbox 393 1400 615 1463; x_wconf 89' lang='lat' dir='ltr'><strong>sidunt,</strong></span> <span class='ocrx_word' id='word_1_97' title='bbox 642 1407 700 1454; x_wconf 88' lang='lat' dir='ltr'><strong>et</strong></span> <span class='ocrx_word' id='word_1_98' title='bbox 725 1398 794 1455; x_wconf 91' lang='lat' dir='ltr'><strong>ab</strong></span> <span class='ocrx_word' id='word_1_99' title='bbox 822 1396 908 1452; x_wconf 82' lang='lat' dir='ltr'><strong>illa</strong></span> <span class='ocrx_word' id='word_1_100' title='bbox 952 1398 1131 1451; x_wconf 89' lang='lat' dir='ltr'><strong>divina</strong></span> <span class='ocrx_word' id='word_1_101' title='bbox 1168 1396 1523 1452; x_wconf 84' lang='lat' dir='ltr'><strong>inenarrabili</strong></span> <span class='ocrx_word' id='word_1_102' title='bbox 1555 1399 1794 1455; x_wconf 85' lang='lat' dir='ltr'><strong>essentia</strong></span> <span class='ocrx_word' id='word_1_103' title='bbox 1836 1408 1961 1455; x_wconf 90' lang='lat' dir='ltr'><strong>sunt</strong></span> 
     </span>
    </p>
   </div>
   <div class='ocr_carea' id='block_1_15' title="bbox 394 1488 1957 1560">
    <p class='ocr_par' dir='ltr' id='par_1_15' title="bbox 394 1488 1957 1560">
     <span class='ocr_line' id='line_1_15' title="bbox 394 1488 1957 1560; baseline 0.001 -18"><span class='ocrx_word' id='word_1_104' title='bbox 394 1488 704 1560; x_wconf 90' lang='lat' dir='ltr'><strong>longissimo</strong></span> <span class='ocrx_word' id='word_1_105' title='bbox 724 1497 781 1544; x_wconf 82' lang='lat' dir='ltr'><strong>et</strong></span> <span class='ocrx_word' id='word_1_106' title='bbox 824 1488 1063 1545; x_wconf 82' lang='lat' dir='ltr'><strong>inferiori</strong></span> <span class='ocrx_word' id='word_1_107' title='bbox 1101 1496 1275 1544; x_wconf 90' lang='lat' dir='ltr'><strong>tractu</strong></span> <span class='ocrx_word' id='word_1_108' title='bbox 1305 1497 1534 1556; x_wconf 91' lang='lat' dir='ltr'><strong>semota,</strong></span> <span class='ocrx_word' id='word_1_109' title='bbox 1559 1489 1831 1559; x_wconf 89' lang='lat' dir='ltr'><strong>quomodo</strong></span> <span class='ocrx_word' id='word_1_110' title='bbox 1859 1504 1957 1559; x_wconf 89' lang='lat' dir='ltr'><strong>po-</strong></span> 
     </span>
    </p>
   </div>
   <div class='ocr_carea' id='block_1_16' title="bbox 395 1580 1960 1652">
    <p class='ocr_par' dir='ltr' id='par_1_16' title="bbox 395 1580 1960 1652">
     <span class='ocr_line' id='line_1_16' title="bbox 395 1580 1960 1652; baseline 0.002 -18"><span class='ocrx_word' id='word_1_111' title='bbox 395 1582 557 1635; x_wconf 87' lang='lat' dir='ltr'><strong>terint</strong></span> <span class='ocrx_word' id='word_1_112' title='bbox 603 1581 914 1652; x_wconf 80' lang='lat' dir='ltr'><strong>cognitione</strong></span> <span class='ocrx_word' id='word_1_113' title='bbox 963 1596 1061 1637; x_wconf 92' lang='lat' dir='ltr'><strong>sua</strong></span> <span class='ocrx_word' id='word_1_114' title='bbox 1112 1580 1178 1635; x_wconf 90' lang='lat' dir='ltr'><strong>ad</strong></span> <span class='ocrx_word' id='word_1_115' title='bbox 1229 1580 1484 1635; x_wconf 82' lang='lat' dir='ltr'><strong>sublimia</strong></span> <span class='ocrx_word' id='word_1_116' title='bbox 1535 1582 1667 1637; x_wconf 90' lang='lat' dir='ltr'><strong>etin</strong></span> <span class='ocrx_word' id='word_1_117' title='bbox 1694 1581 1960 1637; x_wconf 89' lang='lat' dir='ltr'><strong>altissimo</strong></span> 
     </span>
    </p>
   </div>
   <div class='ocr_carea' id='block_1_17' title="bbox 392 1671 1957 1744">
    <p class='ocr_par' dir='ltr' id='par_1_17' title="bbox 392 1671 1957 1744">
     <span class='ocr_line' id='line_1_17' title="bbox 392 1671 1957 1744; baseline 0.001 -17"><span class='ocrx_word' id='word_1_118' title='bbox 392 1672 588 1741; x_wconf 91' lang='lat' dir='ltr'><strong>posita,</strong></span> <span class='ocrx_word' id='word_1_119' title='bbox 635 1671 922 1744; x_wconf 80' lang='lat' dir='ltr'><strong>aspirare?</strong></span> <span class='ocrx_word' id='word_1_120' title='bbox 963 1672 1064 1740; x_wconf 87' lang='lat' dir='ltr'><strong>Qui</strong></span> <span class='ocrx_word' id='word_1_121' title='bbox 1117 1674 1317 1742; x_wconf 90' lang='lat' dir='ltr'><strong>poterit</strong></span> <span class='ocrx_word' id='word_1_122' title='bbox 1352 1672 1492 1738; x_wconf 82' lang='lat' dir='ltr'><strong>ﬁeri,</strong></span> <span class='ocrx_word' id='word_1_123' title='bbox 1534 1682 1593 1727; x_wconf 92' lang='lat' dir='ltr'><strong>ut</strong></span> <span class='ocrx_word' id='word_1_124' title='bbox 1619 1673 1802 1728; x_wconf 90' lang='lat' dir='ltr'><strong>animo</strong></span> <span class='ocrx_word' id='word_1_125' title='bbox 1835 1675 1957 1743; x_wconf 87' lang='lat' dir='ltr'><strong>quis</strong></span> 
     </span>
    </p>
   </div>
   <div class='ocr_carea' id='block_1_18' title="bbox 2066 474 3645 548">
    <p class='ocr_par' dir='ltr' id='par_1_18' title="bbox 2066 474 3645 548">
     <span class='ocr_line' id='line_1_18' title="bbox 2066 474 3645 548; baseline 0.004 -22"><span class='ocrx_word' id='word_1_126' title='bbox 2066 491 2201 543; x_wconf 85' lang='grc' dir='ltr'>γοις,</span> <span class='ocrx_word' id='word_1_127' title='bbox 2230 474 2371 529; x_wconf 80' lang='grc' dir='ltr'>οὕτω</span> <span class='ocrx_word' id='word_1_128' title='bbox 2402 477 2496 530; x_wconf 79' lang='grc' dir='ltr'>καὶ</span> <span class='ocrx_word' id='word_1_129' title='bbox 2536 475 2672 529; x_wconf 79' lang='grc' dir='ltr'>πολὺ</span> <span class='ocrx_word' id='word_1_130' title='bbox 2705 475 2865 530; x_wconf 86' lang='grc' dir='ltr'>πλέον</span> <span class='ocrx_word' id='word_1_131' title='bbox 2911 476 2947 548; x_wconf 77' lang='grc' dir='ltr'><strong>ἡ</strong></span> <span class='ocrx_word' id='word_1_132' title='bbox 2980 474 3073 529; x_wconf 81' lang='grc' dir='ltr'>τοῦ</span> <span class='ocrx_word' id='word_1_133' title='bbox 3103 475 3440 545; x_wconf 81' lang='grc' dir='ltr'>Μονογενοῦς</span> <span class='ocrx_word' id='word_1_134' title='bbox 3473 478 3645 532; x_wconf 77' lang='grc' dir='ltr'>αὐτοῦ</span> 
     </span>
    </p>
   </div>
   <div class='ocr_carea' id='block_1_19' title="bbox 2064 567 3644 643">
    <p class='ocr_par' dir='ltr' id='par_1_19' title="bbox 2064 567 3644 643">
     <span class='ocr_line' id='line_1_19' title="bbox 2064 567 3644 643; baseline 0.003 -22"><span class='ocrx_word' id='word_1_135' title='bbox 2064 567 2315 639; x_wconf 84' lang='grc' dir='ltr'>γέννησις</span> <span class='ocrx_word' id='word_1_136' title='bbox 2339 568 2752 641; x_wconf 80' lang='grc' dir='ltr'>ἀνεξερεύνητος</span> <span class='ocrx_word' id='word_1_137' title='bbox 2772 570 2865 623; x_wconf 80' lang='grc' dir='ltr'>καὶ</span> <span class='ocrx_word' id='word_1_138' title='bbox 2896 568 3293 641; x_wconf 68' lang='grc' dir='ltr'>ἀνεξιχνίαστος</span> <span class='ocrx_word' id='word_1_139' title='bbox 3316 569 3381 625; x_wconf 78' lang='grc' dir='ltr'>ἂν</span> <span class='ocrx_word' id='word_1_140' title='bbox 3407 571 3519 641; x_wconf 81' lang='grc' dir='ltr'>εἴη,</span> <span class='ocrx_word' id='word_1_141' title='bbox 3544 571 3644 643; x_wconf 72' lang='grc' dir='ltr'><strong>οὐ)</strong></span> 
     </span>
    </p>
   </div>
   <div class='ocr_carea' id='block_1_20' title="bbox 2064 657 3653 730">
    <p class='ocr_par' dir='ltr' id='par_1_20' title="bbox 2064 657 3653 730">
     <span class='ocr_line' id='line_1_20' title="bbox 2064 657 3653 730; baseline 0.003 -21"><span class='ocrx_word' id='word_1_142' title='bbox 2064 658 2215 729; x_wconf 79' lang='grc' dir='ltr'>ἡμῖν,</span> <span class='ocrx_word' id='word_1_143' title='bbox 2240 658 2317 721; x_wconf 84' lang='grc' dir='ltr'>ὡς</span> <span class='ocrx_word' id='word_1_144' title='bbox 2341 657 2407 712; x_wconf 84' lang='grc' dir='ltr'><strong>ἀν</strong></span> <span class='ocrx_word' id='word_1_145' title='bbox 2438 658 2571 730; x_wconf 84' lang='grc' dir='ltr'><strong>φαίη</strong></span> <span class='ocrx_word' id='word_1_146' title='bbox 2601 675 2704 722; x_wconf 85' lang='grc' dir='ltr'>τις,</span> <span class='ocrx_word' id='word_1_147' title='bbox 2753 659 2954 730; x_wconf 79' lang='grc' dir='ltr'>μόνοις,</span> <span class='ocrx_word' id='word_1_148' title='bbox 2995 658 3130 713; x_wconf 80' lang='grc' dir='ltr'><strong>ἀλλά</strong></span> <span class='ocrx_word' id='word_1_149' title='bbox 3159 660 3253 713; x_wconf 72' lang='grc' dir='ltr'>καὶ</span> <span class='ocrx_word' id='word_1_150' title='bbox 3291 659 3495 724; x_wconf 79' lang='grc' dir='ltr'><strong>πάσαις</strong></span> <span class='ocrx_word' id='word_1_151' title='bbox 3522 664 3653 724; x_wconf 84' lang='grc' dir='ltr'>ταῖς</span> 
     </span>
    </p>
   </div>
   <div class='ocr_carea' id='block_1_21' title="bbox 2063 747 3649 822">
    <p class='ocr_par' dir='ltr' id='par_1_21' title="bbox 2063 747 3649 822">
     <span class='ocr_line' id='line_1_21' title="bbox 2063 747 3649 822; baseline 0.001 -21"><span class='ocrx_word' id='word_1_152' title='bbox 2063 747 2363 817; x_wconf 79' lang='grc' dir='ltr'><strong>κρείττοσιν</strong></span> <span class='ocrx_word' id='word_1_153' title='bbox 2388 748 2420 819; x_wconf 78' lang='grc' dir='ltr'>ἢ</span> <span class='ocrx_word' id='word_1_154' title='bbox 2451 748 2572 803; x_wconf 90' lang='grc' dir='ltr'>καθ’</span> <span class='ocrx_word' id='word_1_155' title='bbox 2596 749 2743 820; x_wconf 76' lang='grc' dir='ltr'>ἡμᾶς</span> <span class='ocrx_word' id='word_1_156' title='bbox 2770 749 3054 820; x_wconf 84' lang='grc' dir='ltr'>δυνάμεσι.</span> <span class='ocrx_word' id='word_1_157' title='bbox 3084 748 3166 802; x_wconf 86' lang='grc' dir='ltr'><strong>Τὰ</strong></span> <span class='ocrx_word' id='word_1_158' title='bbox 3187 750 3297 822; x_wconf 82' lang='grc' dir='ltr'>γὰρ</span> <span class='ocrx_word' id='word_1_159' title='bbox 3321 749 3521 821; x_wconf 81' lang='grc' dir='ltr'>μακρῷ</span> <span class='ocrx_word' id='word_1_160' title='bbox 3545 751 3649 821; x_wconf 78' lang='grc' dir='ltr'>τὴν</span> 
     </span>
    </p>
   </div>
   <div class='ocr_carea' id='block_1_22' title="bbox 2063 839 3652 912">
    <p class='ocr_par' dir='ltr' id='par_1_22' title="bbox 2063 839 3652 912">
     <span class='ocr_line' id='line_1_22' title="bbox 2063 839 3652 912; baseline 0.003 -21"><span class='ocrx_word' id='word_1_161' title='bbox 2063 840 2224 907; x_wconf 83' lang='grc' dir='ltr'>φύσιν</span> <span class='ocrx_word' id='word_1_162' title='bbox 2256 839 2651 910; x_wconf 74' lang='grc' dir='ltr'>ὑποϐεϐηκότα,</span> <span class='ocrx_word' id='word_1_163' title='bbox 2706 840 2855 894; x_wconf 90' lang='grc' dir='ltr'><strong>κάτω</strong></span> <span class='ocrx_word' id='word_1_164' title='bbox 2900 857 2957 894; x_wconf 86' lang='grc' dir='ltr'><strong>τε</strong></span> <span class='ocrx_word' id='word_1_165' title='bbox 3003 841 3097 895; x_wconf 73' lang='grc' dir='ltr'>καὶ</span> <span class='ocrx_word' id='word_1_166' title='bbox 3148 840 3486 912; x_wconf 70' lang='grc' dir='ltr'>πορρωτάτω</span> <span class='ocrx_word' id='word_1_167' title='bbox 3544 843 3652 912; x_wconf 88' lang='grc' dir='ltr'><strong>τῆς</strong></span> 
     </span>
    </p>
   </div>
   <div class='ocr_carea' id='block_1_23' title="bbox 2062 931 3648 1004">
    <p class='ocr_par' dir='ltr' id='par_1_23' title="bbox 2062 931 3648 1004">
     <span class='ocr_line' id='line_1_23' title="bbox 2062 931 3648 1004; baseline -0.001 -18"><span class='ocrx_word' id='word_1_168' title='bbox 2062 932 2300 1004; x_wconf 71' lang='grc' dir='ltr'>ἀρρήτου</span> <span class='ocrx_word' id='word_1_169' title='bbox 2338 933 2431 989; x_wconf 78' lang='grc' dir='ltr'>καὶ</span> <span class='ocrx_word' id='word_1_170' title='bbox 2456 931 2645 1004; x_wconf 83' lang='grc' dir='ltr'>θεϊκῆς</span> <span class='ocrx_word' id='word_1_171' title='bbox 2680 931 2996 987; x_wconf 80' lang='grc' dir='ltr'><strong>καθεστῶτα</strong></span> <span class='ocrx_word' id='word_1_172' title='bbox 3022 933 3229 998; x_wconf 80' lang='grc' dir='ltr'><strong>οὐσίας,</strong></span> <span class='ocrx_word' id='word_1_173' title='bbox 3274 933 3392 996; x_wconf 76' lang='grc' dir='ltr'>πῶς</span> <span class='ocrx_word' id='word_1_174' title='bbox 3426 932 3495 987; x_wconf 83' lang='grc' dir='ltr'>ἂν</span> <span class='ocrx_word' id='word_1_175' title='bbox 3521 933 3648 1002; x_wconf 63' lang='grc' dir='ltr'>ἐφί-</span> 
     </span>
    </p>
   </div>
   <div class='ocr_carea' id='block_1_24' title="bbox 2063 1022 3649 1096">
    <p class='ocr_par' dir='ltr' id='par_1_24' title="bbox 2063 1022 3649 1096">
     <span class='ocr_line' id='line_1_24' title="bbox 2063 1022 3649 1096; baseline 0.001 -21"><span class='ocrx_word' id='word_1_176' title='bbox 2063 1040 2210 1076; x_wconf 83' lang='grc' dir='ltr'>κοιτο</span> <span class='ocrx_word' id='word_1_177' title='bbox 2236 1022 2337 1093; x_wconf 88' lang='grc' dir='ltr'><strong>τῆς</strong></span> <span class='ocrx_word' id='word_1_178' title='bbox 2374 1022 2627 1077; x_wconf 76' lang='grc' dir='ltr'><strong>ἐπέκεινα</strong></span> <span class='ocrx_word' id='word_1_179' title='bbox 2660 1025 2754 1078; x_wconf 71' lang='grc' dir='ltr'><strong>καὶ⁹</strong></span> <span class='ocrx_word' id='word_1_180' title='bbox 2785 1024 3044 1077; x_wconf 84' lang='grc' dir='ltr'><strong>ἀνωτάτω</strong></span> <span class='ocrx_word' id='word_1_181' title='bbox 3085 1023 3472 1096; x_wconf 75' lang='grc' dir='ltr'>καταλήψεωςς</span> <span class='ocrx_word' id='word_1_182' title='bbox 3518 1025 3649 1088; x_wconf 84' lang='grc' dir='ltr'><strong>Πῶς</strong></span> 
     </span>
    </p>
   </div>
   <div class='ocr_carea' id='block_1_25' title="bbox 2060 1113 3649 1187">
    <p class='ocr_par' dir='ltr' id='par_1_25' title="bbox 2060 1113 3649 1187">
     <span class='ocr_line' id='line_1_25' title="bbox 2060 1113 3649 1187; baseline 0.001 -20"><span class='ocrx_word' id='word_1_183' title='bbox 2060 1113 2105 1167; x_wconf 85' lang='grc' dir='ltr'>δ’</span> <span class='ocrx_word' id='word_1_184' title='bbox 2133 1113 2199 1168; x_wconf 83' lang='grc' dir='ltr'>ἂν</span> <span class='ocrx_word' id='word_1_185' title='bbox 2217 1114 2285 1168; x_wconf 88' lang='grc' dir='ltr'><strong>τά</strong></span> <span class='ocrx_word' id='word_1_186' title='bbox 2315 1114 2389 1185; x_wconf 82' lang='grc' dir='ltr'>μὴ</span> <span class='ocrx_word' id='word_1_187' title='bbox 2416 1114 2543 1169; x_wconf 75' lang='grc' dir='ltr'>ὄντα</span> <span class='ocrx_word' id='word_1_188' title='bbox 2564 1115 2845 1185; x_wconf 85' lang='grc' dir='ltr'>πρότερον,</span> <span class='ocrx_word' id='word_1_189' title='bbox 2868 1115 2934 1168; x_wconf 79' lang='grc' dir='ltr'>δι’</span> <span class='ocrx_word' id='word_1_190' title='bbox 2963 1115 3128 1168; x_wconf 77' lang='grc' dir='ltr'>αὐτοῦ</span> <span class='ocrx_word' id='word_1_191' title='bbox 3162 1115 3208 1169; x_wconf 80' lang='grc' dir='ltr'>δ’</span> <span class='ocrx_word' id='word_1_192' title='bbox 3236 1117 3301 1169; x_wconf 87' lang='grc' dir='ltr'>ὲκ</span> <span class='ocrx_word' id='word_1_193' title='bbox 3325 1115 3421 1169; x_wconf 80' lang='grc' dir='ltr'>τοῦ</span> <span class='ocrx_word' id='word_1_194' title='bbox 3454 1117 3533 1187; x_wconf 78' lang='grc' dir='ltr'>μὴ</span> <span class='ocrx_word' id='word_1_195' title='bbox 3555 1114 3649 1169; x_wconf 72' lang='grc' dir='ltr'>ὗν-</span> 
     </span>
    </p>
   </div>
   <div class='ocr_carea' id='block_1_26' title="bbox 2060 1200 3651 1279">
    <p class='ocr_par' dir='ltr' id='par_1_26' title="bbox 2060 1200 3651 1279">
     <span class='ocr_line' id='line_1_26' title="bbox 2060 1200 3651 1279; baseline 0.003 -21"><span class='ocrx_word' id='word_1_196' title='bbox 2060 1222 2151 1269; x_wconf 86' lang='grc' dir='ltr'><strong>τος</strong></span> <span class='ocrx_word' id='word_1_197' title='bbox 2184 1207 2263 1270; x_wconf 88' lang='grc' dir='ltr'><strong>είς</strong></span> <span class='ocrx_word' id='word_1_198' title='bbox 2292 1206 2354 1259; x_wconf 78' lang='grc' dir='ltr'>τὸ</span> <span class='ocrx_word' id='word_1_199' title='bbox 2387 1200 2525 1260; x_wconf 75' lang='grc' dir='ltr'>εἶναι</span> <span class='ocrx_word' id='word_1_200' title='bbox 2565 1207 2925 1279; x_wconf 77' lang='grc' dir='ltr'><strong>προαχθέντα,</strong></span> <span class='ocrx_word' id='word_1_201' title='bbox 2958 1206 3053 1261; x_wconf 83' lang='grc' dir='ltr'>τοῦ</span> <span class='ocrx_word' id='word_1_202' title='bbox 3094 1208 3529 1278; x_wconf 85' lang='grc' dir='ltr'>παραγαγόντος,</span> <span class='ocrx_word' id='word_1_203' title='bbox 3563 1211 3651 1262; x_wconf 83' lang='grc' dir='ltr'><strong>αξ-</strong></span> 
     </span>
    </p>
   </div>
   <div class='ocr_carea' id='block_1_27' title="bbox 2060 1297 3646 1371">
    <p class='ocr_par' dir='ltr' id='par_1_27' title="bbox 2060 1297 3646 1371">
     <span class='ocr_line' id='line_1_27' title="bbox 2060 1297 3646 1371; baseline 0.001 -21"><span class='ocrx_word' id='word_1_204' title='bbox 2060 1297 2172 1351; x_wconf 83' lang='grc' dir='ltr'>τίου</span> <span class='ocrx_word' id='word_1_205' title='bbox 2201 1314 2261 1350; x_wconf 86' lang='grc' dir='ltr'><strong>τε</strong></span> <span class='ocrx_word' id='word_1_206' title='bbox 2292 1298 2472 1362; x_wconf 70' lang='grc' dir='ltr'>αὐτοῖς</span> <span class='ocrx_word' id='word_1_207' title='bbox 2500 1298 2599 1370; x_wconf 83' lang='grc' dir='ltr'><strong>τῆς</strong></span> <span class='ocrx_word' id='word_1_208' title='bbox 2622 1297 2905 1371; x_wconf 79' lang='grc' dir='ltr'><strong>ὑπάρξεως</strong></span> <span class='ocrx_word' id='word_1_209' title='bbox 2927 1297 3236 1370; x_wconf 79' lang='grc' dir='ltr'>γενομένου,</span> <span class='ocrx_word' id='word_1_210' title='bbox 3272 1299 3422 1371; x_wconf 82' lang='grc' dir='ltr'>σχοίη</span> <span class='ocrx_word' id='word_1_211' title='bbox 3456 1300 3524 1355; x_wconf 85' lang='grc' dir='ltr'><strong>ἀν</strong></span> <span class='ocrx_word' id='word_1_212' title='bbox 3552 1316 3646 1363; x_wconf 85' lang='grc' dir='ltr'><strong>τις</strong></span> 
     </span>
    </p>
   </div>
   <div class='ocr_carea' id='block_1_28' title="bbox 2061 1387 3644 1461">
    <p class='ocr_par' dir='ltr' id='par_1_28' title="bbox 2061 1387 3644 1461">
     <span class='ocr_line' id='line_1_28' title="bbox 2061 1387 3644 1461; baseline 0.002 -20"><span class='ocrx_word' id='word_1_213' title='bbox 2061 1388 2169 1460; x_wconf 80' lang='grc' dir='ltr'>πρὸ</span> <span class='ocrx_word' id='word_1_214' title='bbox 2207 1387 2308 1460; x_wconf 84' lang='grc' dir='ltr'><strong>τῆς</strong></span> <span class='ocrx_word' id='word_1_215' title='bbox 2336 1390 2603 1458; x_wconf 84' lang='grc' dir='ltr'>γενέσεως</span> <span class='ocrx_word' id='word_1_216' title='bbox 2652 1389 2751 1460; x_wconf 75' lang='grc' dir='ltr'>τὴν</span> <span class='ocrx_word' id='word_1_217' title='bbox 2805 1388 3039 1459; x_wconf 82' lang='grc' dir='ltr'>γνῶσιν;</span> <span class='ocrx_word' id='word_1_218' title='bbox 3088 1391 3267 1442; x_wconf 85' lang='grc' dir='ltr'>Ἤπου</span> <span class='ocrx_word' id='word_1_219' title='bbox 3299 1407 3363 1457; x_wconf 90' lang='grc' dir='ltr'><strong>γε</strong></span> <span class='ocrx_word' id='word_1_220' title='bbox 3395 1391 3558 1461; x_wconf 79' lang='grc' dir='ltr'>ἡμεῖς</span> <span class='ocrx_word' id='word_1_221' title='bbox 3591 1392 3644 1444; x_wconf 78' lang='grc' dir='ltr'>οἱ</span> 
     </span>
    </p>
   </div>
   <div class='ocr_carea' id='block_1_29' title="bbox 2059 1477 3647 1550">
    <p class='ocr_par' dir='ltr' id='par_1_29' title="bbox 2059 1477 3647 1550">
     <span class='ocr_line' id='line_1_29' title="bbox 2059 1477 3647 1550; baseline 0.001 -20"><span class='ocrx_word' id='word_1_222' title='bbox 2059 1477 2255 1549; x_wconf 73' lang='grc' dir='ltr'>χθιζοὶ,</span> <span class='ocrx_word' id='word_1_223' title='bbox 2302 1477 2476 1550; x_wconf 89' lang='grc' dir='ltr'>δέρμα</span> <span class='ocrx_word' id='word_1_224' title='bbox 2522 1479 2615 1533; x_wconf 73' lang='grc' dir='ltr'>καὶ</span> <span class='ocrx_word' id='word_1_225' title='bbox 2669 1477 2840 1550; x_wconf 82' lang='grc' dir='ltr'>κρέας</span> <span class='ocrx_word' id='word_1_226' title='bbox 2876 1477 3247 1549; x_wconf 87' lang='grc' dir='ltr'>ἐνδεδυμένοι·</span> <span class='ocrx_word' id='word_1_227' title='bbox 3296 1479 3506 1543; x_wconf 80' lang='grc' dir='ltr'>ὀστέοις</span> <span class='ocrx_word' id='word_1_228' title='bbox 3542 1479 3647 1532; x_wconf 78' lang='grc' dir='ltr'><strong>καὶ</strong></span> 
     </span>
    </p>
   </div>
   <div class='ocr_carea' id='block_1_30' title="bbox 2059 1568 3643 1642">
    <p class='ocr_par' dir='ltr' id='par_1_30' title="bbox 2059 1568 3643 1642">
     <span class='ocr_line' id='line_1_30' title="bbox 2059 1568 3643 1642; baseline 0.001 -20"><span class='ocrx_word' id='word_1_229' title='bbox 2059 1568 2271 1640; x_wconf 90' lang='grc' dir='ltr'>νεύροις</span> <span class='ocrx_word' id='word_1_230' title='bbox 2308 1571 2626 1641; x_wconf 88' lang='grc' dir='ltr'>ἐνειρμένοι,</span> <span class='ocrx_word' id='word_1_231' title='bbox 2687 1569 2781 1623; x_wconf 78' lang='grc' dir='ltr'>καὶ</span> <span class='ocrx_word' id='word_1_232' title='bbox 2819 1570 2951 1641; x_wconf 86' lang='grc' dir='ltr'>μηδὲ</span> <span class='ocrx_word' id='word_1_233' title='bbox 2983 1570 3052 1624; x_wconf 78' lang='grc' dir='ltr'><strong>τὰ</strong></span> <span class='ocrx_word' id='word_1_234' title='bbox 3082 1569 3204 1625; x_wconf 86' lang='grc' dir='ltr'>καθ’</span> <span class='ocrx_word' id='word_1_235' title='bbox 3234 1572 3380 1642; x_wconf 78' lang='grc' dir='ltr'>ἡμᾶς</span> <span class='ocrx_word' id='word_1_236' title='bbox 3412 1572 3643 1634; x_wconf 83' lang='grc' dir='ltr'>εἰδότες,</span> 
     </span>
    </p>
   </div>
   <div class='ocr_carea' id='block_1_31' title="bbox 2058 1660 3649 1734">
    <p class='ocr_par' dir='ltr' id='par_1_31' title="bbox 2058 1660 3649 1734">
     <span class='ocr_line' id='line_1_31' title="bbox 2058 1660 3649 1734; baseline 0.003 -22"><span class='ocrx_word' id='word_1_237' title='bbox 2058 1660 2159 1732; x_wconf 80' lang='grc' dir='ltr'>τὴν</span> <span class='ocrx_word' id='word_1_238' title='bbox 2193 1661 2320 1732; x_wconf 75' lang='grc' dir='ltr'>περὶ</span> <span class='ocrx_word' id='word_1_239' title='bbox 2357 1660 2467 1715; x_wconf 82' lang='grc' dir='ltr'><strong>τῶν</strong></span> <span class='ocrx_word' id='word_1_240' title='bbox 2493 1661 2748 1732; x_wconf 75' lang='grc' dir='ltr'>ἀρρήτων</span> <span class='ocrx_word' id='word_1_241' title='bbox 2776 1660 3057 1716; x_wconf 84' lang='grc' dir='ltr'>ἀκίνδυνον</span> <span class='ocrx_word' id='word_1_242' title='bbox 3099 1661 3438 1733; x_wconf 85' lang='grc' dir='ltr'>ποιησόμεθα</span> <span class='ocrx_word' id='word_1_243' title='bbox 3471 1663 3649 1734; x_wconf 81' lang='grc' dir='ltr'>ζήτη-</span> 
     </span>
    </p>
   </div>
   <div class='ocr_carea' id='block_1_32' title="bbox 391 1745 1948 1836">
    <p class='ocr_par' dir='ltr' id='par_1_32' title="bbox 391 1764 1948 1836">
     <span class='ocr_line' id='line_1_32' title="bbox 391 1764 1948 1836; baseline -0.001 -14"><span class='ocrx_word' id='word_1_244' title='bbox 391 1776 804 1836; x_wconf 72' lang='lat' dir='ltr'><strong>eaassequatur</strong></span> <span class='ocrx_word' id='word_1_245' title='bbox 850 1765 990 1836; x_wconf 73' lang='lat' dir='ltr'><strong>(qua:</strong></span> <span class='ocrx_word' id='word_1_246' title='bbox 1036 1765 1165 1821; x_wconf 90' lang='lat' dir='ltr'><strong>olim</strong></span> <span class='ocrx_word' id='word_1_247' title='bbox 1214 1766 1436 1821; x_wconf 88' lang='lat' dir='ltr'><strong>omnino</strong></span> <span class='ocrx_word' id='word_1_248' title='bbox 1489 1781 1596 1821; x_wconf 92' lang='lat' dir='ltr'><strong>non</strong></span> <span class='ocrx_word' id='word_1_249' title='bbox 1646 1764 1948 1832; x_wconf 78' lang='lat' dir='ltr'><strong>exstabant,</strong></span> 
     </span>
    </p>
   </div>
   <div class='ocr_carea' id='block_1_33' title="bbox 2051 1745 3646 1836">
    <p class='ocr_par' dir='ltr' id='par_1_33' title="bbox 2060 1753 3646 1827">
     <span class='ocr_line' id='line_1_33' title="bbox 2060 1753 3646 1827; baseline 0.003 -22"><span class='ocrx_word' id='word_1_250' title='bbox 2060 1767 2175 1819; x_wconf 87' lang='grc' dir='ltr'>σιν;</span> <span class='ocrx_word' id='word_1_251' title='bbox 2201 1753 2318 1817; x_wconf 85' lang='grc' dir='ltr'><strong>πῶς</strong></span> <span class='ocrx_word' id='word_1_252' title='bbox 2351 1754 2541 1822; x_wconf 85' lang='grc' dir='ltr'>ἐγέννα</span> <span class='ocrx_word' id='word_1_253' title='bbox 2571 1754 2664 1807; x_wconf 83' lang='grc' dir='ltr'>τὸν</span> <span class='ocrx_word' id='word_1_254' title='bbox 2689 1753 2816 1807; x_wconf 82' lang='grc' dir='ltr'>Υίδν</span> <span class='ocrx_word' id='word_1_255' title='bbox 2841 1754 2869 1807; x_wconf 87' lang='grc' dir='ltr'><strong>ό</strong></span> <span class='ocrx_word' id='word_1_256' title='bbox 2894 1753 3083 1827; x_wconf 80' lang='grc' dir='ltr'>Πατὴρ</span> <span class='ocrx_word' id='word_1_257' title='bbox 3117 1754 3646 1826; x_wconf 77' lang='grc' dir='ltr'>πολυπραγμονοῦν-</span> 
     </span>
    </p>
   </div>
   <div class='ocr_carea' id='block_1_34' title="bbox 390 1857 1952 1928">
    <p class='ocr_par' dir='ltr' id='par_1_34' title="bbox 390 1857 1952 1928">
     <span class='ocr_line' id='line_1_34' title="bbox 390 1857 1952 1928; baseline -0.001 -15"><span class='ocrx_word' id='word_1_258' title='bbox 390 1860 485 1915; x_wconf 89' lang='lat' dir='ltr'><strong>sed</strong></span> <span class='ocrx_word' id='word_1_259' title='bbox 532 1859 598 1915; x_wconf 89' lang='lat' dir='ltr'><strong>de</strong></span> <span class='ocrx_word' id='word_1_260' title='bbox 645 1874 750 1913; x_wconf 90' lang='lat' dir='ltr'><strong>non</strong></span> <span class='ocrx_word' id='word_1_261' title='bbox 785 1872 937 1923; x_wconf 91' lang='lat' dir='ltr'><strong>esse,</strong></span> <span class='ocrx_word' id='word_1_262' title='bbox 968 1857 1034 1911; x_wconf 90' lang='lat' dir='ltr'><strong>ad</strong></span> <span class='ocrx_word' id='word_1_263' title='bbox 1080 1858 1379 1913; x_wconf 85' lang='lat' dir='ltr'><strong>subsistere</strong></span> <span class='ocrx_word' id='word_1_264' title='bbox 1423 1873 1616 1922; x_wconf 90' lang='lat' dir='ltr'><strong>suum,</strong></span> <span class='ocrx_word' id='word_1_265' title='bbox 1660 1873 1759 1928; x_wconf 89' lang='lat' dir='ltr'><strong>per</strong></span> <span class='ocrx_word' id='word_1_266' title='bbox 1785 1857 1952 1912; x_wconf 61' lang='lat' dir='ltr'><strong>Deum</strong></span> 
     </span>
    </p>
   </div>
   <div class='ocr_carea' id='block_1_35' title="bbox 389 1949 1955 2021">
    <p class='ocr_par' dir='ltr' id='par_1_35' title="bbox 389 1949 1955 2021">
     <span class='ocr_line' id='line_1_35' title="bbox 389 1949 1955 2021; baseline -0.002 -15"><span class='ocrx_word' id='word_1_267' title='bbox 389 1959 516 2006; x_wconf 83' lang='lat' dir='ltr'><strong>sunt</strong></span> <span class='ocrx_word' id='word_1_268' title='bbox 556 1949 815 2021; x_wconf 89' lang='lat' dir='ltr'><strong>producta</strong></span> <span class='ocrx_word' id='word_1_269' title='bbox 849 1950 1078 2021; x_wconf 76' lang='lat' dir='ltr'><strong>originis</strong></span> <span class='ocrx_word' id='word_1_270' title='bbox 1108 1960 1383 2005; x_wconf 85' lang='lat' dir='ltr'><strong>auctorem</strong></span> <span class='ocrx_word' id='word_1_271' title='bbox 1411 1988 1426 2014; x_wconf 89' lang='lat'><strong>,</strong></span> <span class='ocrx_word' id='word_1_272' title='bbox 1456 1962 1791 2018; x_wconf 88' lang='lat' dir='ltr'><strong>causamque</strong></span> <span class='ocrx_word' id='word_1_273' title='bbox 1823 1949 1955 2014; x_wconf 85' lang='lat' dir='ltr'><strong>ipsis</strong></span> 
     </span>
    </p>
   </div>
   <div class='ocr_carea' id='block_1_36' title="bbox 388 2040 1953 2110">
    <p class='ocr_par' dir='ltr' id='par_1_36' title="bbox 388 2040 1953 2110">
     <span class='ocr_line' id='line_1_36' title="bbox 388 2040 1953 2110; baseline -0.002 -12"><span class='ocrx_word' id='word_1_274' title='bbox 388 2041 689 2098; x_wconf 80' lang='lat' dir='ltr'><strong>exsistendl</strong></span> <span class='ocrx_word' id='word_1_275' title='bbox 726 2040 1102 2108; x_wconf 80' lang='lat' dir='ltr'><strong>exsistentem)</strong></span> <span class='ocrx_word' id='word_1_276' title='bbox 1128 2051 1252 2095; x_wconf 85' lang='lat' dir='ltr'><strong>ante</strong></span> <span class='ocrx_word' id='word_1_277' title='bbox 1272 2056 1423 2096; x_wconf 89' lang='lat' dir='ltr'><strong>suam</strong></span> <span class='ocrx_word' id='word_1_278' title='bbox 1455 2041 1695 2110; x_wconf 90' lang='lat' dir='ltr'><strong>ipsorum</strong></span> <span class='ocrx_word' id='word_1_279' title='bbox 1722 2041 1953 2109; x_wconf 88' lang='lat' dir='ltr'><strong>primam</strong></span> 
     </span>
    </p>
   </div>
   <div class='ocr_carea' id='block_1_37' title="bbox 387 2130 1955 2205">
    <p class='ocr_par' dir='ltr' id='par_1_37' title="bbox 387 2130 1955 2205">
     <span class='ocr_line' id='line_1_37' title="bbox 387 2130 1955 2205; baseline -0.001 -18"><span class='ocrx_word' id='word_1_280' title='bbox 387 2132 797 2205; x_wconf 85' lang='lat' dir='ltr'><strong>productionem</strong></span> <span class='ocrx_word' id='word_1_281' title='bbox 825 2132 851 2185; x_wconf 68' lang='grc' dir='ltr'>ἲ</span> <span class='ocrx_word' id='word_1_282' title='bbox 888 2131 995 2187; x_wconf 86' lang='lat' dir='ltr'><strong>Aut</strong></span> <span class='ocrx_word' id='word_1_283' title='bbox 1037 2145 1137 2186; x_wconf 90' lang='lat' dir='ltr'><strong>nos</strong></span> <span class='ocrx_word' id='word_1_284' title='bbox 1168 2131 1285 2186; x_wconf 87' lang='lat' dir='ltr'><strong>beri</strong></span> <span class='ocrx_word' id='word_1_285' title='bbox 1331 2142 1492 2201; x_wconf 88' lang='lat' dir='ltr'><strong>atque</strong></span> <span class='ocrx_word' id='word_1_286' title='bbox 1526 2130 1726 2186; x_wconf 87' lang='lat' dir='ltr'><strong>nudius</strong></span> <span class='ocrx_word' id='word_1_287' title='bbox 1761 2131 1955 2187; x_wconf 89' lang='lat' dir='ltr'><strong>tertius</strong></span> 
     </span>
    </p>
   </div>
   <div class='ocr_carea' id='block_1_38' title="bbox 388 2224 1949 2297">
    <p class='ocr_par' dir='ltr' id='par_1_38' title="bbox 388 2224 1949 2297">
     <span class='ocr_line' id='line_1_38' title="bbox 388 2224 1949 2297; baseline -0.001 -17"><span class='ocrx_word' id='word_1_288' title='bbox 388 2225 581 2297; x_wconf 90' lang='lat' dir='ltr'><strong>pellem</strong></span> <span class='ocrx_word' id='word_1_289' title='bbox 621 2225 794 2280; x_wconf 90' lang='lat' dir='ltr'><strong>induti</strong></span> <span class='ocrx_word' id='word_1_290' title='bbox 827 2234 989 2295; x_wconf 90' lang='lat' dir='ltr'><strong>atque</strong></span> <span class='ocrx_word' id='word_1_291' title='bbox 1016 2240 1238 2281; x_wconf 90' lang='lat' dir='ltr'><strong>carnem</strong></span> <span class='ocrx_word' id='word_1_292' title='bbox 1269 2242 1283 2278; x_wconf 93' lang='lat'><strong>:</strong></span> <span class='ocrx_word' id='word_1_293' title='bbox 1319 2225 1533 2280; x_wconf 88' lang='lat' dir='ltr'><strong>ossibus</strong></span> <span class='ocrx_word' id='word_1_294' title='bbox 1572 2234 1738 2295; x_wconf 88' lang='lat' dir='ltr'><strong>atque</strong></span> <span class='ocrx_word' id='word_1_295' title='bbox 1763 2224 1949 2279; x_wconf 85' lang='lat' dir='ltr'><strong>nervis</strong></span> 
     </span>
    </p>
   </div>
   <div class='ocr_carea' id='block_1_39' title="bbox 330 2315 1953 2389">
    <p class='ocr_par' dir='ltr' id='par_1_39' title="bbox 330 2315 1953 2389">
     <span class='ocr_line' id='line_1_39' title="bbox 330 2315 1953 2389; baseline 0 -16"><span class='ocrx_word' id='word_1_296' title='bbox 330 2370 343 2385; x_wconf 67' lang='grc'><em>,</em></span> <span class='ocrx_word' id='word_1_297' title='bbox 387 2315 800 2389; x_wconf 88' lang='lat' dir='ltr'><strong>compaginati:</strong></span> <span class='ocrx_word' id='word_1_298' title='bbox 841 2317 933 2387; x_wconf 87' lang='lat' dir='ltr'><strong>qui</strong></span> <span class='ocrx_word' id='word_1_299' title='bbox 986 2331 1084 2372; x_wconf 88' lang='lat' dir='ltr'><strong>nee</strong></span> <span class='ocrx_word' id='word_1_300' title='bbox 1128 2317 1217 2371; x_wconf 92' lang='lat' dir='ltr'><strong>illa</strong></span> <span class='ocrx_word' id='word_1_301' title='bbox 1264 2316 1481 2386; x_wconf 84' lang='lat' dir='ltr'><strong>quidem</strong></span> <span class='ocrx_word' id='word_1_302' title='bbox 1538 2319 1786 2372; x_wconf 76' lang='lat' dir='ltr'><strong>novimus</strong></span> <span class='ocrx_word' id='word_1_303' title='bbox 1832 2331 1953 2386; x_wconf 70' lang='lat' dir='ltr'><strong>quae</strong></span> 
     </span>
    </p>
   </div>
   <div class='ocr_carea' id='block_1_40' title="bbox 381 2408 1952 2481">
    <p class='ocr_par' dir='ltr' id='par_1_40' title="bbox 381 2408 1952 2481">
     <span class='ocr_line' id='line_1_40' title="bbox 381 2408 1952 2481; baseline 0 -16"><span class='ocrx_word' id='word_1_304' title='bbox 381 2410 535 2481; x_wconf 78' lang='lat' dir='ltr'><strong>juxta</strong></span> <span class='ocrx_word' id='word_1_305' title='bbox 570 2424 670 2465; x_wconf 89' lang='lat' dir='ltr'><strong>nos</strong></span> <span class='ocrx_word' id='word_1_306' title='bbox 697 2410 1003 2465; x_wconf 90' lang='lat' dir='ltr'><strong>consistunt</strong></span> <span class='ocrx_word' id='word_1_307' title='bbox 1026 2449 1044 2477; x_wconf 82' lang='lat'><strong>,</strong></span> <span class='ocrx_word' id='word_1_308' title='bbox 1083 2411 1357 2479; x_wconf 89' lang='lat' dir='ltr'><strong>quomodo</strong></span> <span class='ocrx_word' id='word_1_309' title='bbox 1407 2409 1528 2464; x_wconf 88' lang='lat' dir='ltr'><strong>sine</strong></span> <span class='ocrx_word' id='word_1_310' title='bbox 1557 2408 1798 2478; x_wconf 81' lang='lat' dir='ltr'><strong>periculo</strong></span> <span class='ocrx_word' id='word_1_311' title='bbox 1836 2410 1952 2465; x_wconf 83' lang='lat' dir='ltr'><strong>dis-</strong></span> 
     </span>
    </p>
   </div>
   <div class='ocr_carea' id='block_1_41' title="bbox 385 2500 1955 2573">
    <p class='ocr_par' dir='ltr' id='par_1_41' title="bbox 385 2500 1955 2573">
     <span class='ocr_line' id='line_1_41' title="bbox 385 2500 1955 2573; baseline 0.002 -19"><span class='ocrx_word' id='word_1_312' title='bbox 385 2501 733 2573; x_wconf 89' lang='lat' dir='ltr'><strong>quisitionem</strong></span> <span class='ocrx_word' id='word_1_313' title='bbox 786 2502 853 2558; x_wconf 86' lang='lat' dir='ltr'><strong>de</strong></span> <span class='ocrx_word' id='word_1_314' title='bbox 902 2500 1267 2557; x_wconf 79' lang='lat' dir='ltr'><strong>ineil‘abilibus</strong></span> <span class='ocrx_word' id='word_1_315' title='bbox 1299 2501 1690 2558; x_wconf 80' lang='lat' dir='ltr'><strong>instituemus?</strong></span> <span class='ocrx_word' id='word_1_316' title='bbox 1722 2502 1955 2572; x_wconf 87' lang='lat' dir='ltr'><strong>qualiter</strong></span> 
     </span>
    </p>
   </div>
   <div class='ocr_carea' id='block_1_42' title="bbox 390 2591 1951 2664">
    <p class='ocr_par' dir='ltr' id='par_1_42' title="bbox 390 2591 1951 2664">
     <span class='ocr_line' id='line_1_42' title="bbox 390 2591 1951 2664; baseline -0.001 -15"><span class='ocrx_word' id='word_1_317' title='bbox 390 2599 451 2661; x_wconf 65' lang='grc' dir='ltr'>ιιι</span> <span class='ocrx_word' id='word_1_318' title='bbox 488 2593 683 2649; x_wconf 84' lang='lat' dir='ltr'><strong>Filium</strong></span> <span class='ocrx_word' id='word_1_319' title='bbox 711 2608 867 2649; x_wconf 90' lang='lat' dir='ltr'><strong>suum</strong></span> <span class='ocrx_word' id='word_1_320' title='bbox 906 2595 1195 2664; x_wconf 77' lang='lat' dir='ltr'><strong>progenuit</strong></span> <span class='ocrx_word' id='word_1_321' title='bbox 1224 2591 1410 2660; x_wconf 86' lang='lat' dir='ltr'><strong>Pater,</strong></span> <span class='ocrx_word' id='word_1_322' title='bbox 1440 2603 1748 2661; x_wconf 87' lang='lat' dir='ltr'><strong>satagentes</strong></span> <span class='ocrx_word' id='word_1_323' title='bbox 1781 2613 1795 2649; x_wconf 90' lang='lat'><strong>:</strong></span> <span class='ocrx_word' id='word_1_324' title='bbox 1827 2609 1951 2648; x_wconf 92' lang='lat' dir='ltr'><strong>cum</strong></span> 
     </span>
    </p>
   </div>
   <div class='ocr_carea' id='block_1_43' title="bbox 386 2684 1953 2754">
    <p class='ocr_par' dir='ltr' id='par_1_43' title="bbox 386 2684 1953 2754">
     <span class='ocr_line' id='line_1_43' title="bbox 386 2684 1953 2754; baseline -0.001 -13"><span class='ocrx_word' id='word_1_325' title='bbox 386 2687 670 2741; x_wconf 90' lang='lat' dir='ltr'><strong>innumera</strong></span> <span class='ocrx_word' id='word_1_326' title='bbox 704 2684 812 2741; x_wconf 87' lang='lat' dir='ltr'><strong>sint</strong></span> <span class='ocrx_word' id='word_1_327' title='bbox 839 2684 949 2750; x_wconf 86' lang='lat' dir='ltr'><strong>illa,</strong></span> <span class='ocrx_word' id='word_1_328' title='bbox 975 2699 1093 2753; x_wconf 69' lang='lat' dir='ltr'><strong>qua:</strong></span> <span class='ocrx_word' id='word_1_329' title='bbox 1122 2699 1243 2739; x_wconf 91' lang='lat' dir='ltr'><strong>cum</strong></span> <span class='ocrx_word' id='word_1_330' title='bbox 1292 2684 1359 2739; x_wconf 91' lang='lat' dir='ltr'><strong>ad</strong></span> <span class='ocrx_word' id='word_1_331' title='bbox 1412 2685 1579 2754; x_wconf 88' lang='lat' dir='ltr'><strong>pedes</strong></span> <span class='ocrx_word' id='word_1_332' title='bbox 1622 2686 1783 2740; x_wconf 89' lang='lat' dir='ltr'><strong>etiam</strong></span> <span class='ocrx_word' id='word_1_333' title='bbox 1822 2701 1953 2740; x_wconf 91' lang='lat' dir='ltr'><strong>nos-</strong></span> 
     </span>
    </p>
   </div>
   <div class='ocr_carea' id='block_1_44' title="bbox 384 2778 1950 2850">
    <p class='ocr_par' dir='ltr' id='par_1_44' title="bbox 384 2778 1950 2850">
     <span class='ocr_line' id='line_1_44' title="bbox 384 2778 1950 2850; baseline -0.002 -16"><span class='ocrx_word' id='word_1_334' title='bbox 384 2787 500 2836; x_wconf 91' lang='lat' dir='ltr'><strong>tros</strong></span> <span class='ocrx_word' id='word_1_335' title='bbox 529 2778 935 2850; x_wconf 87' lang='lat' dir='ltr'><strong>provolvantur,</strong></span> <span class='ocrx_word' id='word_1_336' title='bbox 975 2778 1130 2833; x_wconf 84' lang='lat' dir='ltr'><strong>nobis</strong></span> <span class='ocrx_word' id='word_1_337' title='bbox 1161 2786 1342 2833; x_wconf 89' lang='lat' dir='ltr'><strong>tamen</strong></span> <span class='ocrx_word' id='word_1_338' title='bbox 1381 2778 1598 2849; x_wconf 88' lang='lat' dir='ltr'><strong>penitus</strong></span> <span class='ocrx_word' id='word_1_339' title='bbox 1637 2787 1766 2833; x_wconf 88' lang='lat' dir='ltr'><strong>sunt</strong></span> <span class='ocrx_word' id='word_1_340' title='bbox 1795 2778 1950 2832; x_wconf 81' lang='lat' dir='ltr'><strong>inco-</strong></span> 
     </span>
    </p>
   </div>
   <div class='ocr_carea' id='block_1_45' title="bbox 384 2866 1948 2941">
    <p class='ocr_par' dir='ltr' id='par_1_45' title="bbox 384 2866 1948 2941">
     <span class='ocr_line' id='line_1_45' title="bbox 384 2866 1948 2941; baseline -0.002 -17"><span class='ocrx_word' id='word_1_341' title='bbox 384 2870 554 2941; x_wconf 78' lang='lat' dir='ltr'><strong>gnita.</strong></span> <span class='ocrx_word' id='word_1_342' title='bbox 581 2867 843 2939; x_wconf 79' lang='lat' dir='ltr'><strong>Exemplo</strong></span> <span class='ocrx_word' id='word_1_343' title='bbox 881 2882 995 2923; x_wconf 85' lang='lat' dir='ltr'><strong>rem</strong></span> <span class='ocrx_word' id='word_1_344' title='bbox 1039 2868 1198 2923; x_wconf 89' lang='lat' dir='ltr'><strong>istam</strong></span> <span class='ocrx_word' id='word_1_345' title='bbox 1232 2866 1535 2924; x_wconf 88' lang='lat' dir='ltr'><strong>illustrabo.</strong></span> <span class='ocrx_word' id='word_1_346' title='bbox 1558 2868 1766 2937; x_wconf 78' lang='lat' dir='ltr'><strong>Ecquis</strong></span> <span class='ocrx_word' id='word_1_347' title='bbox 1803 2870 1948 2924; x_wconf 89' lang='lat' dir='ltr'><strong>enim</strong></span> 
     </span>
    </p>
   </div>
   <div class='ocr_carea' id='block_1_46' title="bbox 381 2958 1949 3032">
    <p class='ocr_par' dir='ltr' id='par_1_46' title="bbox 381 2958 1949 3032">
     <span class='ocr_line' id='line_1_46' title="bbox 381 2958 1949 3032; baseline 0.001 -17"><span class='ocrx_word' id='word_1_348' title='bbox 381 2963 516 3016; x_wconf 88' lang='lat' dir='ltr'><strong>mihi</strong></span> <span class='ocrx_word' id='word_1_349' title='bbox 549 2961 803 3032; x_wconf 79' lang='lat' dir='ltr'><strong>expedire</strong></span> <span class='ocrx_word' id='word_1_350' title='bbox 833 2961 1057 3031; x_wconf 90' lang='lat' dir='ltr'><strong>poterit,</strong></span> <span class='ocrx_word' id='word_1_351' title='bbox 1090 2958 1271 3014; x_wconf 90' lang='lat' dir='ltr'><strong>anima</strong></span> <span class='ocrx_word' id='word_1_352' title='bbox 1293 2962 1506 3028; x_wconf 76' lang='lat' dir='ltr'><strong>corpori</strong></span> <span class='ocrx_word' id='word_1_353' title='bbox 1531 2960 1801 3029; x_wconf 89' lang='lat' dir='ltr'><strong>quomodo</strong></span> <span class='ocrx_word' id='word_1_354' title='bbox 1817 2975 1949 3016; x_wconf 91' lang='lat' dir='ltr'><strong>con-</strong></span> 
     </span>
    </p>
   </div>
   <div class='ocr_carea' id='block_1_47' title="bbox 381 3050 1942 3122">
    <p class='ocr_par' dir='ltr' id='par_1_47' title="bbox 381 3050 1942 3122">
     <span class='ocr_line' id='line_1_47' title="bbox 381 3050 1942 3122; baseline -0.004 -13"><span class='ocrx_word' id='word_1_355' title='bbox 381 3052 711 3109; x_wconf 89' lang='lat' dir='ltr'><strong>catenatur?</strong></span> <span class='ocrx_word' id='word_1_356' title='bbox 747 3053 981 3122; x_wconf 89' lang='lat' dir='ltr'><strong>qualiter</strong></span> <span class='ocrx_word' id='word_1_357' title='bbox 1026 3051 1152 3106; x_wconf 88' lang='lat' dir='ltr'><strong>inde</strong></span> <span class='ocrx_word' id='word_1_358' title='bbox 1189 3051 1396 3106; x_wconf 79' lang='lat' dir='ltr'><strong>exeat?</strong></span> <span class='ocrx_word' id='word_1_359' title='bbox 1428 3050 1663 3119; x_wconf 89' lang='lat' dir='ltr'><strong>qualiter</strong></span> <span class='ocrx_word' id='word_1_360' title='bbox 1698 3051 1942 3120; x_wconf 89' lang='lat' dir='ltr'><strong>ingressa</strong></span> 
     </span>
    </p>
   </div>
   <div class='ocr_carea' id='block_1_48' title="bbox 381 3141 1947 3216">
    <p class='ocr_par' dir='ltr' id='par_1_48' title="bbox 381 3141 1947 3216">
     <span class='ocr_line' id='line_1_48' title="bbox 381 3141 1947 3216; baseline -0.002 -15"><span class='ocrx_word' id='word_1_361' title='bbox 381 3145 483 3201; x_wconf 80' lang='lat' dir='ltr'><strong>fuit</strong></span> <span class='ocrx_word' id='word_1_362' title='bbox 513 3146 583 3199; x_wconf 89' lang='lat' dir='ltr'><strong>ab</strong></span> <span class='ocrx_word' id='word_1_363' title='bbox 633 3144 832 3198; x_wconf 86' lang='lat' dir='ltr'><strong>initio?</strong></span> <span class='ocrx_word' id='word_1_364' title='bbox 862 3159 982 3213; x_wconf 66' lang='lat' dir='ltr'><strong>qua:</strong></span> <span class='ocrx_word' id='word_1_365' title='bbox 1013 3144 1183 3216; x_wconf 87' lang='lat' dir='ltr'><strong>ipsius</strong></span> <span class='ocrx_word' id='word_1_366' title='bbox 1223 3141 1478 3212; x_wconf 81' lang='lat' dir='ltr'><strong>species?</strong></span> <span class='ocrx_word' id='word_1_367' title='bbox 1524 3141 1703 3212; x_wconf 87' lang='lat' dir='ltr'><strong>qualis</strong></span> <span class='ocrx_word' id='word_1_368' title='bbox 1751 3142 1947 3213; x_wconf 79' lang='lat' dir='ltr'><strong>ﬁgura.</strong></span> 
     </span>
    </p>
   </div>
   <div class='ocr_carea' id='block_1_49' title="bbox 380 3222 1946 3306">
    <p class='ocr_par' dir='ltr' id='par_1_49' title="bbox 380 3222 1946 3306">
     <span class='ocr_line' id='line_1_49' title="bbox 380 3222 1946 3306; baseline -0.001 -13"><span class='ocrx_word' id='word_1_369' title='bbox 380 3237 577 3303; x_wconf 80' lang='lat' dir='ltr'><strong>forma,</strong></span> <span class='ocrx_word' id='word_1_370' title='bbox 600 3222 834 3301; x_wconf 83' lang='lat' dir='ltr'><strong>habitus,</strong></span> <span class='ocrx_word' id='word_1_371' title='bbox 866 3237 1105 3291; x_wconf 88' lang='lat' dir='ltr'><strong>essentia</strong></span> <span class='ocrx_word' id='word_1_372' title='bbox 1130 3235 1154 3289; x_wconf 86' lang='lat'><strong>?</strong></span> <span class='ocrx_word' id='word_1_373' title='bbox 1182 3234 1425 3289; x_wconf 86' lang='lat' dir='ltr'><strong>Nondum</strong></span> <span class='ocrx_word' id='word_1_374' title='bbox 1454 3250 1551 3306; x_wconf 90' lang='lat' dir='ltr'><strong>per</strong></span> <span class='ocrx_word' id='word_1_375' title='bbox 1578 3234 1946 3292; x_wconf 86' lang='lat' dir='ltr'><strong>curiositatem</strong></span> 
     </span>
    </p>
   </div>
   <div class='ocr_carea' id='block_1_50' title="bbox 380 3324 1946 3399">
    <p class='ocr_par' dir='ltr' id='par_1_50' title="bbox 380 3324 1946 3399">
     <span class='ocr_line' id='line_1_50' title="bbox 380 3324 1946 3399; baseline -0.002 -13"><span class='ocrx_word' id='word_1_376' title='bbox 380 3345 555 3386; x_wconf 85' lang='lat' dir='ltr'><strong>meam</strong></span> <span class='ocrx_word' id='word_1_377' title='bbox 586 3327 749 3384; x_wconf 88' lang='lat' dir='ltr'><strong>ullam</strong></span> <span class='ocrx_word' id='word_1_378' title='bbox 790 3340 1037 3382; x_wconf 86' lang='lat' dir='ltr'><strong>naturam</strong></span> <span class='ocrx_word' id='word_1_379' title='bbox 1061 3341 1161 3399; x_wconf 88' lang='lat' dir='ltr'><strong>ego</strong></span> <span class='ocrx_word' id='word_1_380' title='bbox 1184 3324 1484 3382; x_wconf 85' lang='lat' dir='ltr'><strong>daemonum</strong></span> <span class='ocrx_word' id='word_1_381' title='bbox 1507 3325 1759 3398; x_wconf 74' lang='lat' dir='ltr'><strong>indagavi</strong></span> <span class='ocrx_word' id='word_1_382' title='bbox 1787 3343 1802 3383; x_wconf 91' lang='lat'><strong>:</strong></span> <span class='ocrx_word' id='word_1_383' title='bbox 1840 3342 1946 3383; x_wconf 88' lang='lat' dir='ltr'><strong>non</strong></span> 
     </span>
    </p>
   </div>
   <div class='ocr_carea' id='block_1_51' title="bbox 378 3419 1948 3493">
    <p class='ocr_par' dir='ltr' id='par_1_51' title="bbox 378 3419 1948 3493">
     <span class='ocr_line' id='line_1_51' title="bbox 378 3419 1948 3493; baseline -0.002 -14"><span class='ocrx_word' id='word_1_384' title='bbox 378 3421 611 3493; x_wconf 82' lang='lat' dir='ltr'><strong>explicui</strong></span> <span class='ocrx_word' id='word_1_385' title='bbox 665 3420 1001 3476; x_wconf 84' lang='lat' dir='ltr'><strong>substantias</strong></span> <span class='ocrx_word' id='word_1_386' title='bbox 1048 3419 1415 3491; x_wconf 85' lang='lat' dir='ltr'><strong>angelorum:</strong></span> <span class='ocrx_word' id='word_1_387' title='bbox 1450 3433 1556 3474; x_wconf 92' lang='lat' dir='ltr'><strong>non</strong></span> <span class='ocrx_word' id='word_1_388' title='bbox 1601 3419 1836 3490; x_wconf 89' lang='lat' dir='ltr'><strong>qualiter</strong></span> <span class='ocrx_word' id='word_1_389' title='bbox 1887 3435 1948 3476; x_wconf 90' lang='lat' dir='ltr'><strong>se</strong></span> 
     </span>
    </p>
   </div>
   <div class='ocr_carea' id='block_1_52' title="bbox 379 3510 1947 3585">
    <p class='ocr_par' dir='ltr' id='par_1_52' title="bbox 379 3510 1947 3585">
     <span class='ocr_line' id='line_1_52' title="bbox 379 3510 1947 3585; baseline -0.003 -14"><span class='ocrx_word' id='word_1_390' title='bbox 379 3514 615 3571; x_wconf 86' lang='lat' dir='ltr'><strong>habeant</strong></span> <span class='ocrx_word' id='word_1_391' title='bbox 644 3513 1001 3585; x_wconf 86' lang='lat' dir='ltr'><strong>principatus,</strong></span> <span class='ocrx_word' id='word_1_392' title='bbox 1040 3512 1243 3575; x_wconf 86' lang='lat' dir='ltr'><strong>throni,</strong></span> <span class='ocrx_word' id='word_1_393' title='bbox 1280 3510 1680 3568; x_wconf 87' lang='lat' dir='ltr'><strong>dominationes</strong></span> <span class='ocrx_word' id='word_1_394' title='bbox 1711 3528 1727 3566; x_wconf 89' lang='lat'><strong>:</strong></span> <span class='ocrx_word' id='word_1_395' title='bbox 1758 3512 1825 3567; x_wconf 91' lang='lat' dir='ltr'><strong>de</strong></span> <span class='ocrx_word' id='word_1_396' title='bbox 1847 3525 1947 3581; x_wconf 83' lang='lat' dir='ltr'><strong>po-</strong></span> 
     </span>
    </p>
   </div>
   <div class='ocr_carea' id='block_1_53' title="bbox 378 3603 1941 3669">
    <p class='ocr_par' dir='ltr' id='par_1_53' title="bbox 378 3603 1941 3669">
     <span class='ocr_line' id='line_1_53' title="bbox 378 3603 1941 3669; baseline -0.001 -7"><span class='ocrx_word' id='word_1_397' title='bbox 378 3604 667 3662; x_wconf 86' lang='lat' dir='ltr'><strong>testatibus</strong></span> <span class='ocrx_word' id='word_1_398' title='bbox 694 3642 711 3669; x_wconf 90' lang='lat'><strong>,</strong></span> <span class='ocrx_word' id='word_1_399' title='bbox 738 3613 793 3659; x_wconf 90' lang='lat' dir='ltr'><strong>et</strong></span> <span class='ocrx_word' id='word_1_400' title='bbox 846 3604 1031 3658; x_wconf 82' lang='lat' dir='ltr'><strong>mundi</strong></span> <span class='ocrx_word' id='word_1_401' title='bbox 1066 3603 1500 3659; x_wconf 88' lang='lat' dir='ltr'><strong>moderatoribus</strong></span> <span class='ocrx_word' id='word_1_402' title='bbox 1542 3604 1738 3660; x_wconf 82' lang='lat' dir='ltr'><strong>rescivi</strong></span> <span class='ocrx_word' id='word_1_403' title='bbox 1789 3604 1941 3660; x_wconf 88' lang='lat' dir='ltr'><strong>nihil.</strong></span> 
     </span>
    </p>
   </div>
   <div class='ocr_carea' id='block_1_54' title="bbox 377 3693 1948 3766">
    <p class='ocr_par' dir='ltr' id='par_1_54' title="bbox 377 3693 1948 3766">
     <span class='ocr_line' id='line_1_54' title="bbox 377 3693 1948 3766; baseline -0.001 -14"><span class='ocrx_word' id='word_1_404' title='bbox 377 3695 443 3752; x_wconf 80' lang='lat' dir='ltr'><strong>Et</strong></span> <span class='ocrx_word' id='word_1_405' title='bbox 468 3696 514 3752; x_wconf 88' lang='lat' dir='ltr'><strong>si</strong></span> <span class='ocrx_word' id='word_1_406' title='bbox 536 3710 668 3752; x_wconf 89' lang='lat' dir='ltr'><strong>sane</strong></span> <span class='ocrx_word' id='word_1_407' title='bbox 699 3695 767 3750; x_wconf 90' lang='lat' dir='ltr'><strong>ab</strong></span> <span class='ocrx_word' id='word_1_408' title='bbox 795 3695 915 3751; x_wconf 85' lang='lat' dir='ltr'><strong>istis</strong></span> <span class='ocrx_word' id='word_1_409' title='bbox 942 3709 1029 3750; x_wconf 91' lang='lat' dir='ltr'><strong>me</strong></span> <span class='ocrx_word' id='word_1_410' title='bbox 1059 3709 1164 3750; x_wconf 91' lang='lat' dir='ltr'><strong>non</strong></span> <span class='ocrx_word' id='word_1_411' title='bbox 1182 3693 1487 3764; x_wconf 75' lang='lat' dir='ltr'><strong>expediam,</strong></span> <span class='ocrx_word' id='word_1_412' title='bbox 1509 3695 1636 3764; x_wconf 89' lang='lat' dir='ltr'><strong>quid</strong></span> <span class='ocrx_word' id='word_1_413' title='bbox 1665 3695 1794 3751; x_wconf 89' lang='lat' dir='ltr'><strong>mibi</strong></span> <span class='ocrx_word' id='word_1_414' title='bbox 1822 3711 1948 3766; x_wconf 84' lang='lat' dir='ltr'><strong>pro-</strong></span> 
     </span>
    </p>
   </div>
   <div class='ocr_carea' id='block_1_55' title="bbox 376 3786 1943 3860">
    <p class='ocr_par' dir='ltr' id='par_1_55' title="bbox 376 3786 1943 3860">
     <span class='ocr_line' id='line_1_55' title="bbox 376 3786 1943 3860; baseline 0.001 -18"><span class='ocrx_word' id='word_1_415' title='bbox 376 3786 521 3843; x_wconf 78' lang='lat' dir='ltr'><strong>derit</strong></span> <span class='ocrx_word' id='word_1_416' title='bbox 552 3787 880 3858; x_wconf 90' lang='lat' dir='ltr'><strong>investigare</strong></span> <span class='ocrx_word' id='word_1_417' title='bbox 928 3787 1215 3843; x_wconf 87' lang='lat' dir='ltr'><strong>scientiam</strong></span> <span class='ocrx_word' id='word_1_418' title='bbox 1238 3827 1255 3851; x_wconf 93' lang='lat'><strong>,</strong></span> <span class='ocrx_word' id='word_1_419' title='bbox 1284 3786 1351 3842; x_wconf 92' lang='lat' dir='ltr'><strong>de</strong></span> <span class='ocrx_word' id='word_1_420' title='bbox 1377 3786 1580 3843; x_wconf 90' lang='lat' dir='ltr'><strong>deitate</strong></span> <span class='ocrx_word' id='word_1_421' title='bbox 1627 3787 1943 3860; x_wconf 85' lang='lat' dir='ltr'><strong>ingenerata</strong></span> 
     </span>
    </p>
   </div>
   <div class='ocr_carea' id='block_1_56' title="bbox 375 3880 1944 3951">
    <p class='ocr_par' dir='ltr' id='par_1_56' title="bbox 375 3880 1944 3951">
     <span class='ocr_line' id='line_1_56' title="bbox 375 3880 1944 3951; baseline 0.001 -16"><span class='ocrx_word' id='word_1_422' title='bbox 375 3888 432 3935; x_wconf 89' lang='lat' dir='ltr'><strong>et</strong></span> <span class='ocrx_word' id='word_1_423' title='bbox 474 3880 739 3951; x_wconf 89' lang='lat' dir='ltr'><strong>principio</strong></span> <span class='ocrx_word' id='word_1_424' title='bbox 772 3880 922 3935; x_wconf 91' lang='lat' dir='ltr'><strong>omni</strong></span> <span class='ocrx_word' id='word_1_425' title='bbox 970 3881 1249 3950; x_wconf 88' lang='lat' dir='ltr'><strong>superiore</strong></span> <span class='ocrx_word' id='word_1_426' title='bbox 1275 3880 1303 3935; x_wconf 89' lang='lat'><strong>?</strong></span> <span class='ocrx_word' id='word_1_427' title='bbox 1351 3880 1492 3948; x_wconf 86' lang='lat' dir='ltr'><strong>Quid</strong></span> <span class='ocrx_word' id='word_1_428' title='bbox 1526 3880 1593 3936; x_wconf 90' lang='lat' dir='ltr'><strong>de</strong></span> <span class='ocrx_word' id='word_1_429' title='bbox 1645 3882 1944 3937; x_wconf 84' lang='lat' dir='ltr'><strong>inaccessis</strong></span> 
     </span>
    </p>
   </div>
   <div class='ocr_carea' id='block_1_57' title="bbox 375 3972 1942 4044">
    <p class='ocr_par' dir='ltr' id='par_1_57' title="bbox 375 3972 1942 4044">
     <span class='ocr_line' id='line_1_57' title="bbox 375 3972 1942 4044; baseline 0.003 -20"><span class='ocrx_word' id='word_1_430' title='bbox 375 3972 703 4044; x_wconf 62' lang='lat' dir='ltr'><strong>quaestiones</strong></span> <span class='ocrx_word' id='word_1_431' title='bbox 742 3972 1006 4027; x_wconf 84' lang='lat' dir='ltr'><strong>instituo?</strong></span> <span class='ocrx_word' id='word_1_432' title='bbox 1049 3974 1320 4041; x_wconf 87' lang='lat' dir='ltr'><strong>quomodo</strong></span> <span class='ocrx_word' id='word_1_433' title='bbox 1351 3972 1494 4029; x_wconf 87' lang='lat' dir='ltr'><strong>Deus</strong></span> <span class='ocrx_word' id='word_1_434' title='bbox 1533 3974 1797 4044; x_wconf 89' lang='lat' dir='ltr'><strong>prodierit</strong></span> <span class='ocrx_word' id='word_1_435' title='bbox 1829 3976 1942 4032; x_wconf 86' lang='lat' dir='ltr'><strong>Pa—</strong></span> 
     </span>
    </p>
   </div>
   <div class='ocr_carea' id='block_1_58' title="bbox 380 4062 1944 4135">
    <p class='ocr_par' dir='ltr' id='par_1_58' title="bbox 380 4062 1944 4135">
     <span class='ocr_line' id='line_1_58' title="bbox 380 4062 1944 4135; baseline 0.003 -17"><span class='ocrx_word' id='word_1_436' title='bbox 380 4075 463 4120; x_wconf 89' lang='lat' dir='ltr'><strong>ter</strong></span> <span class='ocrx_word' id='word_1_437' title='bbox 489 4062 610 4118; x_wconf 83' lang='lat' dir='ltr'><strong>Filii</strong></span> <span class='ocrx_word' id='word_1_438' title='bbox 647 4063 730 4119; x_wconf 89' lang='lat' dir='ltr'><strong>sui</strong></span> <span class='ocrx_word' id='word_1_439' title='bbox 761 4064 1067 4134; x_wconf 83' lang='lat' dir='ltr'><strong>unigeniti?</strong></span> <span class='ocrx_word' id='word_1_440' title='bbox 1099 4066 1253 4135; x_wconf 90' lang='lat' dir='ltr'><strong>quasi</strong></span> <span class='ocrx_word' id='word_1_441' title='bbox 1287 4080 1391 4120; x_wconf 92' lang='lat' dir='ltr'><strong>non</strong></span> <span class='ocrx_word' id='word_1_442' title='bbox 1419 4064 1690 4122; x_wconf 80' lang='lat' dir='ltr'><strong>suiliceret</strong></span> <span class='ocrx_word' id='word_1_443' title='bbox 1715 4067 1768 4122; x_wconf 90' lang='lat' dir='ltr'><strong>in</strong></span> <span class='ocrx_word' id='word_1_444' title='bbox 1807 4068 1944 4123; x_wconf 86' lang='lat' dir='ltr'><strong>dile-</strong></span> 
     </span>
    </p>
   </div>
   <div class='ocr_carea' id='block_1_59' title="bbox 374 4154 1942 4227">
    <p class='ocr_par' dir='ltr' id='par_1_59' title="bbox 374 4154 1942 4227">
     <span class='ocr_line' id='line_1_59' title="bbox 374 4154 1942 4227; baseline 0.003 -17"><span class='ocrx_word' id='word_1_445' title='bbox 374 4154 449 4210; x_wconf 87' lang='lat' dir='ltr'><strong>cti</strong></span> <span class='ocrx_word' id='word_1_446' title='bbox 479 4156 562 4209; x_wconf 90' lang='lat' dir='ltr'><strong>sui</strong></span> <span class='ocrx_word' id='word_1_447' title='bbox 587 4154 954 4211; x_wconf 88' lang='lat' dir='ltr'><strong>testimonium</strong></span> <span class='ocrx_word' id='word_1_448' title='bbox 992 4167 1215 4225; x_wconf 89' lang='lat' dir='ltr'><strong>paterna</strong></span> <span class='ocrx_word' id='word_1_449' title='bbox 1247 4156 1336 4211; x_wconf 90' lang='lat' dir='ltr'><strong>illa</strong></span> <span class='ocrx_word' id='word_1_450' title='bbox 1367 4171 1495 4223; x_wconf 77' lang='lat' dir='ltr'><strong>vox,</strong></span> <span class='ocrx_word' id='word_1_451' title='bbox 1527 4173 1690 4227; x_wconf 89' lang='lat' dir='ltr'><strong>quam</strong></span> <span class='ocrx_word' id='word_1_452' title='bbox 1713 4159 1779 4215; x_wconf 90' lang='lat' dir='ltr'><strong>de</strong></span> <span class='ocrx_word' id='word_1_453' title='bbox 1801 4160 1942 4216; x_wconf 63' lang='lat' dir='ltr'><strong>celo</strong></span> 
     </span>
    </p>
   </div>
   <div class='ocr_carea' id='block_1_60' title="bbox 373 4244 1940 4317">
    <p class='ocr_par' dir='ltr' id='par_1_60' title="bbox 373 4244 1940 4317">
     <span class='ocr_line' id='line_1_60' title="bbox 373 4244 1940 4317; baseline 0.003 -15"><span class='ocrx_word' id='word_1_454' title='bbox 373 4244 732 4317; x_wconf 76' lang='lat' dir='ltr'><strong>promulgavit</strong></span> <span class='ocrx_word' id='word_1_455' title='bbox 761 4248 967 4315; x_wconf 88' lang='lat' dir='ltr'><strong>dicens,</strong></span> <span class='ocrx_word' id='word_1_456' title='bbox 995 4247 1097 4301; x_wconf 83' lang='lat' dir='ltr'><strong>Hic</strong></span> <span class='ocrx_word' id='word_1_457' title='bbox 1125 4257 1201 4303; x_wconf 79' lang='lat' dir='ltr'><strong>est</strong></span> <span class='ocrx_word' id='word_1_458' title='bbox 1233 4248 1411 4304; x_wconf 82' lang='lat' dir='ltr'><strong>Filius</strong></span> <span class='ocrx_word' id='word_1_459' title='bbox 1438 4266 1582 4306; x_wconf 79' lang='lat' dir='ltr'><strong>meus</strong></span> <span class='ocrx_word' id='word_1_460' title='bbox 1612 4251 1856 4317; x_wconf 82' lang='lat' dir='ltr'><strong>dilectus,</strong></span> <span class='ocrx_word' id='word_1_461' title='bbox 1881 4253 1940 4307; x_wconf 82' lang='lat' dir='ltr'><strong>in</strong></span> 
     </span>
    </p>
   </div>
   <div class='ocr_carea' id='block_1_61' title="bbox 370 4336 1932 4411">
    <p class='ocr_par' dir='ltr' id='par_1_61' title="bbox 370 4336 1932 4411">
     <span class='ocr_line' id='line_1_61' title="bbox 370 4336 1932 4411; baseline 0.003 -20"><span class='ocrx_word' id='word_1_462' title='bbox 370 4352 475 4407; x_wconf 81' lang='lat' dir='ltr'><strong>quo</strong></span> <span class='ocrx_word' id='word_1_463' title='bbox 511 4336 824 4405; x_wconf 81' lang='lat' dir='ltr'><strong>complacui,</strong></span> <span class='ocrx_word' id='word_1_464' title='bbox 858 4337 1027 4408; x_wconf 78' lang='lat' dir='ltr'><strong>ipsum</strong></span> <span class='ocrx_word' id='word_1_465' title='bbox 1058 4339 1238 4393; x_wconf 78' lang='lat' dir='ltr'><strong>audite</strong></span> <span class='ocrx_word' id='word_1_466' title='bbox 1260 4339 1328 4393; x_wconf 81' lang='lat'><strong>“.</strong></span> <span class='ocrx_word' id='word_1_467' title='bbox 1362 4339 1588 4407; x_wconf 80' lang='lat' dir='ltr'><strong>Quodsi</strong></span> <span class='ocrx_word' id='word_1_468' title='bbox 1634 4341 1932 4411; x_wconf 65' lang='lat' dir='ltr'><strong>praecipiat,</strong></span> 
     </span>
    </p>
   </div>
   <div class='ocr_carea' id='block_1_62' title="bbox 2056 1842 3644 1917">
    <p class='ocr_par' dir='ltr' id='par_1_62' title="bbox 2056 1842 3644 1917">
     <span class='ocr_line' id='line_1_62' title="bbox 2056 1842 3644 1917; baseline 0.001 -21"><span class='ocrx_word' id='word_1_469' title='bbox 2056 1857 2167 1906; x_wconf 87' lang='grc' dir='ltr'>τες.</span> <span class='ocrx_word' id='word_1_470' title='bbox 2195 1843 2315 1897; x_wconf 87' lang='grc' dir='ltr'>’Ότι</span> <span class='ocrx_word' id='word_1_471' title='bbox 2338 1843 2395 1897; x_wconf 83' lang='grc' dir='ltr'><strong>δέ</strong></span> <span class='ocrx_word' id='word_1_472' title='bbox 2414 1842 2510 1897; x_wconf 77' lang='grc' dir='ltr'>καὶ</span> <span class='ocrx_word' id='word_1_473' title='bbox 2536 1842 2643 1897; x_wconf 88' lang='grc' dir='ltr'><strong>τῶν</strong></span> <span class='ocrx_word' id='word_1_474' title='bbox 2671 1842 2824 1917; x_wconf 87' lang='grc' dir='ltr'><strong>παρά</strong></span> <span class='ocrx_word' id='word_1_475' title='bbox 2846 1843 3011 1908; x_wconf 86' lang='grc' dir='ltr'>πόδας</span> <span class='ocrx_word' id='word_1_476' title='bbox 3039 1842 3208 1916; x_wconf 83' lang='grc' dir='ltr'>μυρία</span> <span class='ocrx_word' id='word_1_477' title='bbox 3230 1844 3329 1916; x_wconf 78' lang='grc' dir='ltr'>τὴν</span> <span class='ocrx_word' id='word_1_478' title='bbox 3357 1844 3644 1915; x_wconf 80' lang='grc' dir='ltr'>ἡμετέραν</span> 
     </span>
    </p>
   </div>
   <div class='ocr_carea' id='block_1_63' title="bbox 2053 1931 3644 2009">
    <p class='ocr_par' dir='ltr' id='par_1_63' title="bbox 2053 1931 3644 2009">
     <span class='ocr_line' id='line_1_63' title="bbox 2053 1931 3644 2009; baseline 0.001 -23"><span class='ocrx_word' id='word_1_479' title='bbox 2053 1931 2416 2006; x_wconf 81' lang='grc' dir='ltr'>διαδιδράσκει</span> <span class='ocrx_word' id='word_1_480' title='bbox 2445 1932 2645 2003; x_wconf 85' lang='grc' dir='ltr'>γνῶσιν</span> <span class='ocrx_word' id='word_1_481' title='bbox 2670 1932 2829 2005; x_wconf 87' lang='grc' dir='ltr'>δῆλον</span> <span class='ocrx_word' id='word_1_482' title='bbox 2854 1933 2920 1988; x_wconf 85' lang='grc' dir='ltr'><strong>ἀν</strong></span> <span class='ocrx_word' id='word_1_483' title='bbox 2947 1933 3032 2005; x_wconf 82' lang='grc' dir='ltr'>εῐη</span> <span class='ocrx_word' id='word_1_484' title='bbox 3061 1933 3292 1990; x_wconf 85' lang='grc' dir='ltr'>ἐνθένδε.</span> <span class='ocrx_word' id='word_1_485' title='bbox 3315 1934 3414 1996; x_wconf 88' lang='grc' dir='ltr'>Τίς</span> <span class='ocrx_word' id='word_1_486' title='bbox 3438 1934 3549 2009; x_wconf 85' lang='grc' dir='ltr'>γὰρ</span> <span class='ocrx_word' id='word_1_487' title='bbox 3570 1936 3644 1990; x_wconf 79' lang='grc' dir='ltr'>ἂν</span> 
     </span>
    </p>
   </div>
   <div class='ocr_carea' id='block_1_64' title="bbox 2053 2018 3644 2095">
    <p class='ocr_par' dir='ltr' id='par_1_64' title="bbox 2053 2018 3644 2095">
     <span class='ocr_line' id='line_1_64' title="bbox 2053 2018 3644 2095; baseline 0.005 -25"><span class='ocrx_word' id='word_1_488' title='bbox 2053 2020 2229 2072; x_wconf 81' lang='grc' dir='ltr'>εἰπεῖν</span> <span class='ocrx_word' id='word_1_489' title='bbox 2260 2018 2392 2090; x_wconf 75' lang='grc' dir='ltr'>ἔχοι,</span> <span class='ocrx_word' id='word_1_490' title='bbox 2430 2022 2547 2085; x_wconf 86' lang='grc' dir='ltr'>πῶς</span> <span class='ocrx_word' id='word_1_491' title='bbox 2567 2020 2883 2093; x_wconf 87' lang='grc' dir='ltr'>καθεῖρκται</span> <span class='ocrx_word' id='word_1_492' title='bbox 2908 2020 2987 2092; x_wconf 81' lang='grc' dir='ltr'><strong>τῷ</strong></span> <span class='ocrx_word' id='word_1_493' title='bbox 3013 2022 3224 2093; x_wconf 84' lang='grc' dir='ltr'>σώματι</span> <span class='ocrx_word' id='word_1_494' title='bbox 3256 2025 3291 2095; x_wconf 79' lang='grc' dir='ltr'><strong>η</strong></span> <span class='ocrx_word' id='word_1_495' title='bbox 3315 2023 3484 2095; x_wconf 77' lang='grc' dir='ltr'>ψυχὴ,</span> <span class='ocrx_word' id='word_1_496' title='bbox 3517 2026 3644 2088; x_wconf 82' lang='grc' dir='ltr'><strong>πῶς</strong></span> 
     </span>
    </p>
   </div>
   <div class='ocr_carea' id='block_1_65' title="bbox 2052 2108 3643 2187">
    <p class='ocr_par' dir='ltr' id='par_1_65' title="bbox 2052 2108 3643 2187">
     <span class='ocr_line' id='line_1_65' title="bbox 2052 2108 3643 2187; baseline 0.005 -25"><span class='ocrx_word' id='word_1_497' title='bbox 2052 2108 2254 2177; x_wconf 73' lang='grc' dir='ltr'>ἔξεισις</span> <span class='ocrx_word' id='word_1_498' title='bbox 2299 2112 2417 2176; x_wconf 84' lang='grc' dir='ltr'>πῶς</span> <span class='ocrx_word' id='word_1_499' title='bbox 2439 2111 2496 2166; x_wconf 88' lang='grc' dir='ltr'><strong>δέ</strong></span> <span class='ocrx_word' id='word_1_500' title='bbox 2521 2112 2621 2183; x_wconf 82' lang='grc' dir='ltr'><strong>τὴν</strong></span> <span class='ocrx_word' id='word_1_501' title='bbox 2659 2114 2832 2185; x_wconf 82' lang='grc' dir='ltr'>ἀρχὴν</span> <span class='ocrx_word' id='word_1_502' title='bbox 2864 2114 3180 2187; x_wconf 83' lang='grc' dir='ltr'>είσεκρίθη;</span> <span class='ocrx_word' id='word_1_503' title='bbox 3214 2117 3397 2169; x_wconf 81' lang='grc' dir='ltr'>ὁποῖον</span> <span class='ocrx_word' id='word_1_504' title='bbox 3435 2116 3494 2170; x_wconf 81' lang='grc' dir='ltr'>δὲ</span> <span class='ocrx_word' id='word_1_505' title='bbox 3532 2119 3643 2170; x_wconf 76' lang='grc' dir='ltr'><strong>αὐ-</strong></span> 
     </span>
    </p>
   </div>
   <div class='ocr_carea' id='block_1_66' title="bbox 2051 2199 3643 2280">
    <p class='ocr_par' dir='ltr' id='par_1_66' title="bbox 2051 2199 3643 2280">
     <span class='ocr_line' id='line_1_66' title="bbox 2051 2199 3643 2280; baseline 0.006 -8"><span class='ocrx_word' id='word_1_506' title='bbox 2051 2199 2151 2272; x_wconf 80' lang='grc' dir='ltr'><strong>τῆς</strong></span> <span class='ocrx_word' id='word_1_507' title='bbox 2180 2202 2240 2256; x_wconf 80' lang='grc' dir='ltr'>τὸ</span> <span class='ocrx_word' id='word_1_508' title='bbox 2275 2199 2449 2270; x_wconf 52' lang='grc' dir='ltr'>εἶδος</span> <span class='ocrx_word' id='word_1_509' title='bbox 2481 2203 2535 2256; x_wconf 82' lang='grc' dir='ltr'><strong>τι</strong></span> <span class='ocrx_word' id='word_1_510' title='bbox 2570 2205 2631 2257; x_wconf 78' lang='grc' dir='ltr'><strong>τὸ</strong></span> <span class='ocrx_word' id='word_1_511' title='bbox 2669 2205 2887 2276; x_wconf 75' lang='grc' dir='ltr'>σχῆμας</span> <span class='ocrx_word' id='word_1_512' title='bbox 2925 2204 3007 2269; x_wconf 83' lang='grc' dir='ltr'><strong>τίς</strong></span> <span class='ocrx_word' id='word_1_513' title='bbox 3046 2206 3080 2277; x_wconf 68' lang='grc' dir='ltr'>ἡ</span> <span class='ocrx_word' id='word_1_514' title='bbox 3123 2207 3337 2278; x_wconf 73' lang='grc' dir='ltr'><strong>μορφῆς</strong></span> <span class='ocrx_word' id='word_1_515' title='bbox 3371 2207 3456 2271; x_wconf 78' lang='grc' dir='ltr'><strong>τίς</strong></span> <span class='ocrx_word' id='word_1_516' title='bbox 3488 2209 3643 2280; x_wconf 64' lang='grc' dir='ltr'>ἠθύ-</span> 
     </span>
    </p>
   </div>
   <div class='ocr_carea' id='block_1_67' title="bbox 2054 2292 3642 2370">
    <p class='ocr_par' dir='ltr' id='par_1_67' title="bbox 2054 2292 3642 2370">
     <span class='ocr_line' id='line_1_67' title="bbox 2054 2292 3642 2370; baseline 0.008 -26"><span class='ocrx_word' id='word_1_517' title='bbox 2054 2292 2171 2358; x_wconf 89' lang='grc' dir='ltr'>σία;</span> <span class='ocrx_word' id='word_1_518' title='bbox 2206 2292 2373 2348; x_wconf 77' lang='grc' dir='ltr'>Οὔπω</span> <span class='ocrx_word' id='word_1_519' title='bbox 2406 2312 2496 2367; x_wconf 90' lang='grc' dir='ltr'><strong>μοι</strong></span> <span class='ocrx_word' id='word_1_520' title='bbox 2527 2293 2619 2350; x_wconf 77' lang='grc' dir='ltr'><strong>τὸν</strong></span> <span class='ocrx_word' id='word_1_521' title='bbox 2644 2299 2772 2367; x_wconf 79' lang='grc' dir='ltr'>περὶ</span> <span class='ocrx_word' id='word_1_522' title='bbox 2790 2296 3058 2368; x_wconf 82' lang='grc' dir='ltr'>δαιμόνων</span> <span class='ocrx_word' id='word_1_523' title='bbox 3089 2296 3200 2369; x_wconf 72' lang='grc'><strong>(45)</strong></span> <span class='ocrx_word' id='word_1_524' title='bbox 3234 2300 3430 2370; x_wconf 87' lang='grc' dir='ltr'>(λόγον)</span> <span class='ocrx_word' id='word_1_525' title='bbox 3466 2302 3642 2356; x_wconf 86' lang='grc' dir='ltr'>πολυ-</span> 
     </span>
    </p>
   </div>
   <div class='ocr_carea' id='block_1_68' title="bbox 2051 2383 3641 2459">
    <p class='ocr_par' dir='ltr' id='par_1_68' title="bbox 2051 2383 3641 2459">
     <span class='ocr_line' id='line_1_68' title="bbox 2051 2383 3641 2459; baseline 0.008 -26"><span class='ocrx_word' id='word_1_526' title='bbox 2051 2385 2404 2454; x_wconf 86' lang='grc' dir='ltr'>πραγμονεῖν,</span> <span class='ocrx_word' id='word_1_527' title='bbox 2440 2383 2503 2438; x_wconf 87' lang='grc' dir='ltr'><strong>ού</strong></span> <span class='ocrx_word' id='word_1_528' title='bbox 2526 2385 2617 2438; x_wconf 79' lang='grc' dir='ltr'>τὸν</span> <span class='ocrx_word' id='word_1_529' title='bbox 2644 2386 2772 2459; x_wconf 80' lang='grc' dir='ltr'>περὶ</span> <span class='ocrx_word' id='word_1_530' title='bbox 2796 2386 2985 2452; x_wconf 82' lang='grc' dir='ltr'>ούσίας</span> <span class='ocrx_word' id='word_1_531' title='bbox 3012 2387 3258 2456; x_wconf 90' lang='grc' dir='ltr'>ἀγγέλων</span> <span class='ocrx_word' id='word_1_532' title='bbox 3278 2405 3294 2420; x_wconf 76' lang='grc' dir='ltr'><strong>ο</strong></span> <span class='ocrx_word' id='word_1_533' title='bbox 3322 2391 3386 2443; x_wconf 83' lang='grc' dir='ltr'>οὐ</span> <span class='ocrx_word' id='word_1_534' title='bbox 3411 2390 3506 2445; x_wconf 78' lang='grc' dir='ltr'>τὸν</span> <span class='ocrx_word' id='word_1_535' title='bbox 3534 2409 3641 2445; x_wconf 86' lang='grc' dir='ltr'>πε-</span> 
     </span>
    </p>
   </div>
   <div class='ocr_carea' id='block_1_69' title="bbox 2052 2471 3644 2556">
    <p class='ocr_par' dir='ltr' id='par_1_69' title="bbox 2052 2471 3644 2556">
     <span class='ocr_line' id='line_1_69' title="bbox 2052 2471 3644 2556; baseline 0.007 -32"><span class='ocrx_word' id='word_1_536' title='bbox 2052 2471 2108 2544; x_wconf 78' lang='grc' dir='ltr'>ρὶ</span> <span class='ocrx_word' id='word_1_537' title='bbox 2133 2472 2315 2546; x_wconf 86' lang='grc' dir='ltr'>ἀρχῶν</span> <span class='ocrx_word' id='word_1_538' title='bbox 2343 2475 2438 2528; x_wconf 78' lang='grc' dir='ltr'>καὶ</span> <span class='ocrx_word' id='word_1_539' title='bbox 2464 2474 2691 2547; x_wconf 85' lang='grc' dir='ltr'>θρόνων,</span> <span class='ocrx_word' id='word_1_540' title='bbox 2739 2476 2835 2530; x_wconf 81' lang='grc' dir='ltr'>καὶ</span> <span class='ocrx_word' id='word_1_541' title='bbox 2876 2478 3240 2549; x_wconf 85' lang='grc' dir='ltr'>κυριοτήτων·</span> <span class='ocrx_word' id='word_1_542' title='bbox 3286 2478 3349 2531; x_wconf 82' lang='grc' dir='ltr'><strong>ού</strong></span> <span class='ocrx_word' id='word_1_543' title='bbox 3383 2479 3478 2534; x_wconf 83' lang='grc' dir='ltr'>τὸν</span> <span class='ocrx_word' id='word_1_544' title='bbox 3501 2482 3644 2556; x_wconf 76' lang='grc' dir='ltr'>περὶ</span> 
     </span>
    </p>
   </div>
   <div class='ocr_carea' id='block_1_70' title="bbox 2050 2563 3640 2639">
    <p class='ocr_par' dir='ltr' id='par_1_70' title="bbox 2050 2563 3640 2639">
     <span class='ocr_line' id='line_1_70' title="bbox 2050 2563 3640 2639; baseline 0.006 -23"><span class='ocrx_word' id='word_1_545' title='bbox 2050 2563 2329 2630; x_wconf 76' lang='grc' dir='ltr'>ἐξουσιῶν,</span> <span class='ocrx_word' id='word_1_546' title='bbox 2356 2566 2449 2619; x_wconf 79' lang='grc' dir='ltr'>καὶ</span> <span class='ocrx_word' id='word_1_547' title='bbox 2482 2567 2957 2639; x_wconf 86' lang='grc' dir='ltr'>κοσμοκρατόρων.</span> <span class='ocrx_word' id='word_1_548' title='bbox 2991 2570 3054 2622; x_wconf 80' lang='lat' dir='ltr'><strong>Ei</strong></span> <span class='ocrx_word' id='word_1_549' title='bbox 3084 2568 3130 2623; x_wconf 82' lang='grc' dir='ltr'>δ’</span> <span class='ocrx_word' id='word_1_550' title='bbox 3168 2570 3225 2623; x_wconf 82' lang='grc' dir='ltr'>ὲν</span> <span class='ocrx_word' id='word_1_551' title='bbox 3251 2569 3462 2635; x_wconf 81' lang='grc' dir='ltr'>τούτοις</span> <span class='ocrx_word' id='word_1_552' title='bbox 3486 2572 3640 2626; x_wconf 81' lang='grc' dir='ltr'>ᾶπα-</span> 
     </span>
    </p>
   </div>
   <div class='ocr_carea' id='block_1_71' title="bbox 2049 2656 3642 2734">
    <p class='ocr_par' dir='ltr' id='par_1_71' title="bbox 2049 2656 3642 2734">
     <span class='ocr_line' id='line_1_71' title="bbox 2049 2656 3642 2734; baseline 0.005 -25"><span class='ocrx_word' id='word_1_553' title='bbox 2049 2656 2135 2710; x_wconf 89' lang='grc' dir='ltr'><strong>σιν</strong></span> <span class='ocrx_word' id='word_1_554' title='bbox 2164 2657 2570 2730; x_wconf 82' lang='grc' dir='ltr'>ἀμηχανοῦμεν,</span> <span class='ocrx_word' id='word_1_555' title='bbox 2608 2659 2661 2712; x_wconf 87' lang='grc' dir='ltr'><strong>τί</strong></span> <span class='ocrx_word' id='word_1_556' title='bbox 2694 2659 2777 2713; x_wconf 84' lang='grc' dir='ltr'><strong>δεῖ</strong></span> <span class='ocrx_word' id='word_1_557' title='bbox 2813 2659 2913 2732; x_wconf 79' lang='grc' dir='ltr'><strong>τὴν</strong></span> <span class='ocrx_word' id='word_1_558' title='bbox 2942 2659 3070 2733; x_wconf 75' lang='grc' dir='ltr'>περὶ</span> <span class='ocrx_word' id='word_1_559' title='bbox 3110 2660 3210 2733; x_wconf 87' lang='grc' dir='ltr'><strong>τῆς</strong></span> <span class='ocrx_word' id='word_1_560' title='bbox 3246 2661 3486 2734; x_wconf 84' lang='grc' dir='ltr'>ἀνάρχου</span> <span class='ocrx_word' id='word_1_561' title='bbox 3536 2666 3642 2717; x_wconf 72' lang='grc' dir='ltr'>καὶ</span> 
     </span>
    </p>
   </div>
   <div class='ocr_carea' id='block_1_72' title="bbox 2047 2749 3641 2823">
    <p class='ocr_par' dir='ltr' id='par_1_72' title="bbox 2047 2749 3641 2823">
     <span class='ocr_line' id='line_1_72' title="bbox 2047 2749 3641 2823; baseline 0.003 -22"><span class='ocrx_word' id='word_1_562' title='bbox 2047 2749 2344 2820; x_wconf 89' lang='grc' dir='ltr'>ἀγεννήτου</span> <span class='ocrx_word' id='word_1_563' title='bbox 2378 2749 2629 2819; x_wconf 77' lang='grc' dir='ltr'>θεότητος</span> <span class='ocrx_word' id='word_1_564' title='bbox 2658 2750 2858 2819; x_wconf 83' lang='grc' dir='ltr'>γνῶσιν</span> <span class='ocrx_word' id='word_1_565' title='bbox 2888 2751 3294 2823; x_wconf 82' lang='grc' dir='ltr'>διερευνᾶσθαι;</span> <span class='ocrx_word' id='word_1_566' title='bbox 3337 2752 3403 2806; x_wconf 90' lang='grc' dir='ltr'>Τί</span> <span class='ocrx_word' id='word_1_567' title='bbox 3430 2752 3498 2806; x_wconf 81' lang='grc' dir='ltr'>τὰ</span> <span class='ocrx_word' id='word_1_568' title='bbox 3529 2754 3641 2807; x_wconf 85' lang='grc' dir='ltr'>ἀν-</span> 
     </span>
    </p>
   </div>
   <div class='ocr_carea' id='block_1_73' title="bbox 2047 2840 3641 2916">
    <p class='ocr_par' dir='ltr' id='par_1_73' title="bbox 2047 2840 3641 2916">
     <span class='ocr_line' id='line_1_73' title="bbox 2047 2840 3641 2916; baseline 0.003 -24"><span class='ocrx_word' id='word_1_569' title='bbox 2047 2840 2241 2910; x_wconf 84' lang='grc' dir='ltr'>έφικτα</span> <span class='ocrx_word' id='word_1_570' title='bbox 2264 2842 2506 2913; x_wconf 76' lang='grc' dir='ltr'>ἐρωτᾷν;</span> <span class='ocrx_word' id='word_1_571' title='bbox 2540 2841 2656 2907; x_wconf 86' lang='grc' dir='ltr'><strong>πῶς</strong></span> <span class='ocrx_word' id='word_1_572' title='bbox 2681 2840 2810 2896; x_wconf 87' lang='grc' dir='ltr'>Υἱοῦ</span> <span class='ocrx_word' id='word_1_573' title='bbox 2851 2841 3168 2914; x_wconf 73' lang='grc' dir='ltr'>μονογενοῦς</span> <span class='ocrx_word' id='word_1_574' title='bbox 3199 2844 3227 2897; x_wconf 86' lang='grc' dir='ltr'><strong>ό</strong></span> <span class='ocrx_word' id='word_1_575' title='bbox 3255 2842 3387 2908; x_wconf 78' lang='grc' dir='ltr'>Θεὸς</span> <span class='ocrx_word' id='word_1_576' title='bbox 3421 2843 3641 2916; x_wconf 76' lang='grc' dir='ltr'>ὑπέστη</span> 
     </span>
    </p>
   </div>
   <div class='ocr_carea' id='block_1_74' title="bbox 2047 2931 3639 3006">
    <p class='ocr_par' dir='ltr' id='par_1_74' title="bbox 2047 2931 3639 3006">
     <span class='ocr_line' id='line_1_74' title="bbox 2047 2931 3639 3006; baseline 0.002 -22"><span class='ocrx_word' id='word_1_577' title='bbox 2047 2931 2275 3004; x_wconf 82' lang='grc' dir='ltr'>Πατήρ;</span> <span class='ocrx_word' id='word_1_578' title='bbox 2310 2931 2386 2997; x_wconf 85' lang='grc' dir='ltr'>ὡς</span> <span class='ocrx_word' id='word_1_579' title='bbox 2412 2933 2487 3005; x_wconf 82' lang='grc' dir='ltr'>μὴ</span> <span class='ocrx_word' id='word_1_580' title='bbox 2525 2932 2879 3006; x_wconf 84' lang='grc' dir='ltr'>ἀπαρκούσης</span> <span class='ocrx_word' id='word_1_581' title='bbox 2912 2936 3043 3005; x_wconf 71' lang='grc' dir='ltr'>ἡμῖν</span> <span class='ocrx_word' id='word_1_582' title='bbox 3068 2934 3163 3005; x_wconf 86' lang='grc' dir='ltr'><strong>τῆς</strong></span> <span class='ocrx_word' id='word_1_583' title='bbox 3199 2934 3475 3006; x_wconf 84' lang='grc' dir='ltr'>πατρικῆς</span> <span class='ocrx_word' id='word_1_584' title='bbox 3509 2952 3639 3004; x_wconf 77' lang='grc' dir='ltr'><strong>φω-</strong></span> 
     </span>
    </p>
   </div>
   <div class='ocr_carea' id='block_1_75' title="bbox 2047 3019 3639 3095">
    <p class='ocr_par' dir='ltr' id='par_1_75' title="bbox 2047 3019 3639 3095">
     <span class='ocr_line' id='line_1_75' title="bbox 2047 3019 3639 3095; baseline 0.003 -22"><span class='ocrx_word' id='word_1_585' title='bbox 2047 3019 2147 3091; x_wconf 86' lang='grc' dir='ltr'><strong>νῆς</strong></span> <span class='ocrx_word' id='word_1_586' title='bbox 2180 3020 2315 3093; x_wconf 83' lang='grc' dir='ltr'>πρὸς</span> <span class='ocrx_word' id='word_1_587' title='bbox 2348 3021 2651 3092; x_wconf 87' lang='grc' dir='ltr'>μαρτυρίαν</span> <span class='ocrx_word' id='word_1_588' title='bbox 2695 3021 2790 3075; x_wconf 85' lang='grc' dir='ltr'>τοῦ</span> <span class='ocrx_word' id='word_1_589' title='bbox 2829 3022 3159 3095; x_wconf 73' lang='grc' dir='ltr'>Ἀγαπητοῷ</span> <span class='ocrx_word' id='word_1_590' title='bbox 3210 3021 3270 3076; x_wconf 85' lang='grc' dir='ltr'><strong>όν</strong></span> <span class='ocrx_word' id='word_1_591' title='bbox 3324 3024 3639 3094; x_wconf 78' lang='grc' dir='ltr'>ἀνεκήρυξε</span> 
     </span>
    </p>
   </div>
   <div class='ocr_carea' id='block_1_76' title="bbox 1975 3103 3645 3183">
    <p class='ocr_par' dir='ltr' id='par_1_76' title="bbox 1975 3103 3645 3183">
     <span class='ocr_line' id='line_1_76' title="bbox 1975 3103 3645 3183; baseline 0.004 -21"><span class='ocrx_word' id='word_1_592' title='bbox 1975 3103 2017 3162; x_wconf 87' lang='lat' dir='ltr'><strong><em>C</em></strong></span> <span class='ocrx_word' id='word_1_593' title='bbox 2050 3109 2220 3165; x_wconf 85' lang='grc' dir='ltr'>είπών</span> <span class='ocrx_word' id='word_1_594' title='bbox 2241 3127 2256 3143; x_wconf 70' lang='grc'><strong><em>⁸</em></strong></span> <span class='ocrx_word' id='word_1_595' title='bbox 2293 3107 2481 3178; x_wconf 81' lang='grc' dir='ltr'>Οὗτός</span> <span class='ocrx_word' id='word_1_596' title='bbox 2498 3112 2666 3166; x_wconf 85' lang='grc' dir='ltr'>ἐστιν</span> <span class='ocrx_word' id='word_1_597' title='bbox 2701 3115 2736 3168; x_wconf 84' lang='grc' dir='ltr'><em>ὁ</em></span> <span class='ocrx_word' id='word_1_598' title='bbox 2772 3114 2904 3179; x_wconf 73' lang='grc' dir='ltr'>Υἱός</span> <span class='ocrx_word' id='word_1_599' title='bbox 2926 3131 3047 3183; x_wconf 80' lang='grc' dir='ltr'><strong>μου</strong></span> <span class='ocrx_word' id='word_1_600' title='bbox 3078 3117 3113 3168; x_wconf 83' lang='grc' dir='ltr'><strong>ό</strong></span> <span class='ocrx_word' id='word_1_601' title='bbox 3134 3113 3461 3183; x_wconf 73' lang='grc' dir='ltr'>ἀγαπητὸς,</span> <span class='ocrx_word' id='word_1_602' title='bbox 3487 3115 3565 3169; x_wconf 82' lang='grc' dir='ltr'><strong>ἐν</strong></span> <span class='ocrx_word' id='word_1_603' title='bbox 3588 3109 3645 3182; x_wconf 81' lang='grc' dir='ltr'>ᾧ</span> 
     </span>
    </p>
   </div>
   <div class='ocr_carea' id='block_1_77' title="bbox 2047 3197 3639 3273">
    <p class='ocr_par' dir='ltr' id='par_1_77' title="bbox 2047 3197 3639 3273">
     <span class='ocr_line' id='line_1_77' title="bbox 2047 3197 3639 3273; baseline 0.003 -21"><span class='ocrx_word' id='word_1_604' title='bbox 2047 3197 2382 3266; x_wconf 81' lang='grc' dir='ltr'>ηὐδόκησα,</span> <span class='ocrx_word' id='word_1_605' title='bbox 2409 3198 2600 3253; x_wconf 82' lang='grc' dir='ltr'>αὑτοῦ</span> <span class='ocrx_word' id='word_1_606' title='bbox 2622 3200 2889 3256; x_wconf 77' lang='grc' dir='ltr'>ἀκούετε.</span> <span class='ocrx_word' id='word_1_607' title='bbox 2912 3200 2975 3254; x_wconf 73' lang='lat' dir='ltr'><strong>Et</strong></span> <span class='ocrx_word' id='word_1_608' title='bbox 3006 3200 3069 3273; x_wconf 80' lang='grc' dir='ltr'><strong>δὴ</strong></span> <span class='ocrx_word' id='word_1_609' title='bbox 3094 3201 3312 3254; x_wconf 82' lang='grc' dir='ltr'>ἀκούειν</span> <span class='ocrx_word' id='word_1_610' title='bbox 3337 3201 3501 3255; x_wconf 77' lang='grc' dir='ltr'>αὐτοῦ</span> <span class='ocrx_word' id='word_1_611' title='bbox 3536 3206 3639 3271; x_wconf 86' lang='grc' dir='ltr'>ἐγ-</span> 
     </span>
    </p>
   </div>
   <div class='ocr_carea' id='block_1_78' title="bbox 2048 3287 3640 3365">
    <p class='ocr_par' dir='ltr' id='par_1_78' title="bbox 2048 3287 3640 3365">
     <span class='ocr_line' id='line_1_78' title="bbox 2048 3287 3640 3365; baseline 0.003 -23"><span class='ocrx_word' id='word_1_612' title='bbox 2048 3287 2349 3356; x_wconf 86' lang='grc' dir='ltr'>κελεύεται,</span> <span class='ocrx_word' id='word_1_613' title='bbox 2377 3288 2637 3361; x_wconf 82' lang='grc' dir='ltr'>βασιλικῷ</span> <span class='ocrx_word' id='word_1_614' title='bbox 2665 3290 2814 3362; x_wconf 86' lang='grc' dir='ltr'>νόμῳ</span> <span class='ocrx_word' id='word_1_615' title='bbox 2839 3289 3279 3364; x_wconf 82' lang='grc' dir='ltr'>πειθαρχοῦντες,</span> <span class='ocrx_word' id='word_1_616' title='bbox 3306 3292 3640 3365; x_wconf 85' lang='grc' dir='ltr'>ἀκούσωμεν</span> 
     </span>
    </p>
   </div>
   <div class='ocr_carea' id='block_1_79' title="bbox 2046 3376 3640 3457">
    <p class='ocr_par' dir='ltr' id='par_1_79' title="bbox 2046 3376 3640 3457">
     <span class='ocr_line' id='line_1_79' title="bbox 2046 3376 3640 3457; baseline 0.003 -23"><span class='ocrx_word' id='word_1_617' title='bbox 2046 3380 2142 3435; x_wconf 82' lang='grc' dir='ltr'>τοῦ</span> <span class='ocrx_word' id='word_1_618' title='bbox 2176 3381 2458 3453; x_wconf 89' lang='grc' dir='ltr'>ἀγαπητοῦ</span> <span class='ocrx_word' id='word_1_619' title='bbox 2499 3381 2651 3435; x_wconf 83' lang='grc' dir='ltr'><strong>Υίοῦ.</strong></span> <span class='ocrx_word' id='word_1_620' title='bbox 2687 3380 2751 3435; x_wconf 86' lang='grc' dir='ltr'>Τί</span> <span class='ocrx_word' id='word_1_621' title='bbox 2785 3382 2843 3435; x_wconf 85' lang='grc' dir='ltr'>δὲ</span> <span class='ocrx_word' id='word_1_622' title='bbox 2871 3376 3027 3447; x_wconf 80' lang='grc' dir='ltr'>οὗτος</span> <span class='ocrx_word' id='word_1_623' title='bbox 3054 3384 3184 3455; x_wconf 75' lang='grc' dir='ltr'>περὶ</span> <span class='ocrx_word' id='word_1_624' title='bbox 3213 3384 3404 3438; x_wconf 75' lang='grc' dir='ltr'>ἑαυτοῦ</span> <span class='ocrx_word' id='word_1_625' title='bbox 3445 3384 3640 3457; x_wconf 71' lang='grc' dir='ltr'>βούλε-</span> 
     </span>
    </p>
   </div>
   <div class='ocr_carea' id='block_1_80' title="bbox 2046 3469 3641 3546">
    <p class='ocr_par' dir='ltr' id='par_1_80' title="bbox 2046 3469 3641 3546">
     <span class='ocr_line' id='line_1_80' title="bbox 2046 3469 3641 3546; baseline 0.005 -25"><span class='ocrx_word' id='word_1_626' title='bbox 2046 3486 2137 3522; x_wconf 89' lang='grc' dir='ltr'><strong>ται</strong></span> <span class='ocrx_word' id='word_1_627' title='bbox 2195 3471 2341 3541; x_wconf 78' lang='grc' dir='ltr'>ἡμᾶς</span> <span class='ocrx_word' id='word_1_628' title='bbox 2398 3469 2615 3533; x_wconf 75' lang='grc' dir='ltr'>ειδέναι,</span> <span class='ocrx_word' id='word_1_629' title='bbox 2676 3473 3016 3544; x_wconf 76' lang='grc' dir='ltr'>παραστήσει</span> <span class='ocrx_word' id='word_1_630' title='bbox 3049 3471 3255 3541; x_wconf 79' lang='grc' dir='ltr'>λέγων’</span> <span class='ocrx_word' id='word_1_631' title='bbox 3307 3474 3474 3528; x_wconf 77' lang='grc' dir='ltr'><strong>Οὕτω</strong></span> <span class='ocrx_word' id='word_1_632' title='bbox 3517 3478 3641 3546; x_wconf 73' lang='grc' dir='ltr'>γὰρ</span> 
     </span>
    </p>
   </div>
   <div class='ocr_carea' id='block_1_81' title="bbox 2045 3559 3636 3633">
    <p class='ocr_par' dir='ltr' id='par_1_81' title="bbox 2045 3559 3636 3633">
     <span class='ocr_line' id='line_1_81' title="bbox 2045 3559 3636 3633; baseline 0.004 -19"><span class='ocrx_word' id='word_1_633' title='bbox 2045 3559 2361 3631; x_wconf 74' lang='grc' dir='ltr'>ἠγάπησεν</span> <span class='ocrx_word' id='word_1_634' title='bbox 2395 3563 2428 3616; x_wconf 83' lang='grc' dir='ltr'><em>ὁ</em></span> <span class='ocrx_word' id='word_1_635' title='bbox 2457 3561 2601 3627; x_wconf 84' lang='grc' dir='ltr'>Θεὸς</span> <span class='ocrx_word' id='word_1_636' title='bbox 2631 3560 2741 3616; x_wconf 83' lang='grc' dir='ltr'>τὸν</span> <span class='ocrx_word' id='word_1_637' title='bbox 2767 3563 3018 3633; x_wconf 80' lang='grc' dir='ltr'>κόσμον,</span> <span class='ocrx_word' id='word_1_638' title='bbox 3042 3561 3198 3618; x_wconf 82' lang='grc' dir='ltr'>ὥστε</span> <span class='ocrx_word' id='word_1_639' title='bbox 3216 3564 3325 3618; x_wconf 85' lang='grc' dir='ltr'>τὸν</span> <span class='ocrx_word' id='word_1_640' title='bbox 3358 3564 3498 3619; x_wconf 80' lang='grc' dir='ltr'><strong>Υιὸν</strong></span> <span class='ocrx_word' id='word_1_641' title='bbox 3523 3570 3636 3621; x_wconf 81' lang='grc' dir='ltr'><strong>αὑ-</strong></span> 
     </span>
    </p>
   </div>
   <div class='ocr_carea' id='block_1_82' title="bbox 2045 3649 3643 3721">
    <p class='ocr_par' dir='ltr' id='par_1_82' title="bbox 2045 3649 3643 3721">
     <span class='ocr_line' id='line_1_82' title="bbox 2045 3649 3643 3721; baseline 0.004 -16"><span class='ocrx_word' id='word_1_642' title='bbox 2045 3651 2153 3706; x_wconf 77' lang='grc' dir='ltr'>τοῦ</span> <span class='ocrx_word' id='word_1_643' title='bbox 2195 3649 2304 3705; x_wconf 81' lang='grc' dir='ltr'>τὸν</span> <span class='ocrx_word' id='word_1_644' title='bbox 2342 3651 2639 3721; x_wconf 78' lang='grc' dir='ltr'>μονογενῆ</span> <span class='ocrx_word' id='word_1_645' title='bbox 2676 3651 2918 3719; x_wconf 78' lang='grc' dir='ltr'>ἔδωκεν,</span> <span class='ocrx_word' id='word_1_646' title='bbox 2969 3654 3071 3707; x_wconf 74' lang='grc' dir='ltr'>ἵνα</span> <span class='ocrx_word' id='word_1_647' title='bbox 3098 3652 3217 3721; x_wconf 80' lang='grc' dir='ltr'>πᾶς</span> <span class='ocrx_word' id='word_1_648' title='bbox 3255 3657 3289 3709; x_wconf 83' lang='lat' dir='ltr'><strong>d</strong></span> <span class='ocrx_word' id='word_1_649' title='bbox 3328 3659 3643 3711; x_wconf 67' lang='grc' dir='ltr'><strong>,πιστεύων⁹</strong></span> 
     </span>
    </p>
   </div>
   <div class='ocr_carea' id='block_1_83' title="bbox 2044 3741 3639 3819">
    <p class='ocr_par' dir='ltr' id='par_1_83' title="bbox 2044 3741 3639 3819">
     <span class='ocr_line' id='line_1_83' title="bbox 2044 3741 3639 3819; baseline 0.004 -25"><span class='ocrx_word' id='word_1_650' title='bbox 2044 3743 2133 3807; x_wconf 83' lang='grc' dir='ltr'>εὶς</span> <span class='ocrx_word' id='word_1_651' title='bbox 2176 3741 2366 3796; x_wconf 80' lang='grc' dir='ltr'>αὐτὸν</span> <span class='ocrx_word' id='word_1_652' title='bbox 2388 3743 2500 3812; x_wconf 78' lang='grc' dir='ltr'><strong>ὲχῃ</strong></span> <span class='ocrx_word' id='word_1_653' title='bbox 2535 3741 2687 3812; x_wconf 80' lang='grc' dir='ltr'>ζωὴν</span> <span class='ocrx_word' id='word_1_654' title='bbox 2709 3744 2965 3798; x_wconf 84' lang='grc' dir='ltr'>αίώνιον.</span> <span class='ocrx_word' id='word_1_655' title='bbox 3012 3746 3334 3800; x_wconf 82' lang='grc' dir='ltr'>Πιστευτέον</span> <span class='ocrx_word' id='word_1_656' title='bbox 3363 3746 3500 3819; x_wconf 68' lang='grc' dir='ltr'>δῆτα</span> <span class='ocrx_word' id='word_1_657' title='bbox 3531 3752 3639 3801; x_wconf 78' lang='grc' dir='ltr'><strong>αὺ-</strong></span> 
     </span>
    </p>
   </div>
   <div class='ocr_carea' id='block_1_84' title="bbox 2045 3829 3639 3906">
    <p class='ocr_par' dir='ltr' id='par_1_84' title="bbox 2045 3829 3639 3906">
     <span class='ocr_line' id='line_1_84' title="bbox 2045 3829 3639 3906; baseline 0.005 -23"><span class='ocrx_word' id='word_1_658' title='bbox 2045 3829 2144 3900; x_wconf 84' lang='grc' dir='ltr'><strong>τῷ,</strong></span> <span class='ocrx_word' id='word_1_659' title='bbox 2193 3830 2270 3894; x_wconf 87' lang='grc' dir='ltr'><strong>ὡς</strong></span> <span class='ocrx_word' id='word_1_660' title='bbox 2309 3830 2375 3887; x_wconf 87' lang='grc' dir='ltr'>ἂν</span> <span class='ocrx_word' id='word_1_661' title='bbox 2405 3831 2508 3903; x_wconf 88' lang='grc' dir='ltr'><strong>τῆς</strong></span> <span class='ocrx_word' id='word_1_662' title='bbox 2544 3832 2760 3886; x_wconf 78' lang='grc' dir='ltr'>αἰωνίου</span> <span class='ocrx_word' id='word_1_663' title='bbox 2791 3832 3048 3906; x_wconf 82' lang='grc' dir='ltr'>τύχοιμεν</span> <span class='ocrx_word' id='word_1_664' title='bbox 3075 3832 3242 3905; x_wconf 76' lang='grc' dir='ltr'>ζωῆς.</span> <span class='ocrx_word' id='word_1_665' title='bbox 3296 3835 3363 3889; x_wconf 88' lang='lat'><strong>&#39;0</strong></span> <span class='ocrx_word' id='word_1_666' title='bbox 3393 3836 3509 3906; x_wconf 78' lang='grc' dir='ltr'><strong>τὰρ</strong></span> <span class='ocrx_word' id='word_1_667' title='bbox 3535 3852 3639 3891; x_wconf 72' lang='grc' dir='ltr'>πι-</span> 
     </span>
    </p>
   </div>
   <div class='ocr_carea' id='block_1_85' title="bbox 2043 3922 3634 3999">
    <p class='ocr_par' dir='ltr' id='par_1_85' title="bbox 2043 3922 3634 3999">
     <span class='ocr_line' id='line_1_85' title="bbox 2043 3922 3634 3999; baseline 0.005 -26"><span class='ocrx_word' id='word_1_668' title='bbox 2043 3922 2295 3986; x_wconf 81' lang='grc' dir='ltr'>στεύων,</span> <span class='ocrx_word' id='word_1_669' title='bbox 2342 3923 2527 3993; x_wconf 73' lang='grc' dir='ltr'>φησὶν,</span> <span class='ocrx_word' id='word_1_670' title='bbox 2556 3925 2644 3989; x_wconf 84' lang='grc' dir='ltr'>εὶς</span> <span class='ocrx_word' id='word_1_671' title='bbox 2675 3923 2861 3977; x_wconf 82' lang='grc' dir='ltr'>αὐτὸν</span> <span class='ocrx_word' id='word_1_672' title='bbox 2883 3923 3006 3994; x_wconf 73' lang='grc' dir='ltr'>ἔχει</span> <span class='ocrx_word' id='word_1_673' title='bbox 3038 3923 3193 3993; x_wconf 79' lang='grc' dir='ltr'>ζωὴν</span> <span class='ocrx_word' id='word_1_674' title='bbox 3228 3924 3492 3991; x_wconf 79' lang='grc' dir='ltr'>αίὼνιον,</span> <span class='ocrx_word' id='word_1_675' title='bbox 3529 3930 3634 3999; x_wconf 79' lang='grc' dir='ltr'>οὐχ</span> 
     </span>
    </p>
   </div>
   <div class='ocr_carea' id='block_1_86' title="bbox 2043 4007 3636 4086">
    <p class='ocr_par' dir='ltr' id='par_1_86' title="bbox 2043 4007 3636 4086">
     <span class='ocr_line' id='line_1_86' title="bbox 2043 4007 3636 4086; baseline 0.003 -23"><span class='ocrx_word' id='word_1_676' title='bbox 2043 4010 2072 4063; x_wconf 87' lang='grc' dir='ltr'><strong>ό</strong></span> <span class='ocrx_word' id='word_1_677' title='bbox 2102 4007 2382 4078; x_wconf 86' lang='grc' dir='ltr'>γινώσκων</span> <span class='ocrx_word' id='word_1_678' title='bbox 2414 4011 2560 4074; x_wconf 82' lang='grc' dir='ltr'>ὅπως</span> <span class='ocrx_word' id='word_1_679' title='bbox 2581 4011 2645 4063; x_wconf 87' lang='grc' dir='ltr'><strong>ἐκ</strong></span> <span class='ocrx_word' id='word_1_680' title='bbox 2667 4009 2760 4064; x_wconf 83' lang='grc' dir='ltr'>τοῦ</span> <span class='ocrx_word' id='word_1_681' title='bbox 2797 4012 3011 4084; x_wconf 71' lang='grc' dir='ltr'>Πατρός</span> <span class='ocrx_word' id='word_1_682' title='bbox 3045 4011 3386 4084; x_wconf 84' lang='grc' dir='ltr'>γεγέννηται·</span> <span class='ocrx_word' id='word_1_683' title='bbox 3423 4013 3487 4066; x_wconf 85' lang='grc' dir='ltr'>οὐ</span> <span class='ocrx_word' id='word_1_684' title='bbox 3517 4017 3636 4086; x_wconf 69' lang='grc' dir='ltr'>γὰρ</span> 
     </span>
    </p>
   </div>
   <div class='ocr_carea' id='block_1_87' title="bbox 2046 4099 3635 4176">
    <p class='ocr_par' dir='ltr' id='par_1_87' title="bbox 2046 4099 3635 4176">
     <span class='ocr_line' id='line_1_87' title="bbox 2046 4099 3635 4176; baseline 0.004 -22"><span class='ocrx_word' id='word_1_685' title='bbox 2046 4099 2238 4154; x_wconf 77' lang='grc' dir='ltr'>ἄντινι</span> <span class='ocrx_word' id='word_1_686' title='bbox 2267 4100 2434 4172; x_wconf 80' lang='grc' dir='ltr'>μετῆν</span> <span class='ocrx_word' id='word_1_687' title='bbox 2468 4101 2611 4172; x_wconf 79' lang='grc' dir='ltr'>ζωῆς</span> <span class='ocrx_word' id='word_1_688' title='bbox 2640 4102 2881 4166; x_wconf 75' lang='grc' dir='ltr'>αἰωνίου,</span> <span class='ocrx_word' id='word_1_689' title='bbox 2914 4105 2967 4156; x_wconf 82' lang='grc' dir='ltr'><strong>εί</strong></span> <span class='ocrx_word' id='word_1_690' title='bbox 2997 4103 3062 4173; x_wconf 83' lang='grc' dir='ltr'>δὴ</span> <span class='ocrx_word' id='word_1_691' title='bbox 3106 4102 3249 4157; x_wconf 76' lang='grc' dir='ltr'>τοῦτ’</span> <span class='ocrx_word' id='word_1_692' title='bbox 3275 4104 3518 4176; x_wconf 73' lang='grc' dir='ltr'>εἴρηται,</span> <span class='ocrx_word' id='word_1_693' title='bbox 3546 4108 3635 4160; x_wconf 74' lang='grc' dir='ltr'>ὅτι</span> 
     </span>
    </p>
   </div>
   <div class='ocr_carea' id='block_1_88' title="bbox 2042 4188 3635 4266">
    <p class='ocr_par' dir='ltr' id='par_1_88' title="bbox 2042 4188 3635 4266">
     <span class='ocr_line' id='line_1_88' title="bbox 2042 4188 3635 4266; baseline 0.006 -23"><span class='ocrx_word' id='word_1_694' title='bbox 2042 4188 2261 4257; x_wconf 78' lang='grc' dir='ltr'>Μηδεὶς</span> <span class='ocrx_word' id='word_1_695' title='bbox 2285 4189 2438 4261; x_wconf 76' lang='grc' dir='ltr'>ἔγνω</span> <span class='ocrx_word' id='word_1_696' title='bbox 2479 4191 2588 4245; x_wconf 85' lang='grc' dir='ltr'>τὸν</span> <span class='ocrx_word' id='word_1_697' title='bbox 2614 4192 2847 4262; x_wconf 79' lang='grc' dir='ltr'>Πατέρα</span> <span class='ocrx_word' id='word_1_698' title='bbox 2884 4196 2938 4248; x_wconf 81' lang='grc' dir='ltr'>εὶ</span> <span class='ocrx_word' id='word_1_699' title='bbox 2963 4193 3050 4264; x_wconf 79' lang='grc' dir='ltr'>μὴ</span> <span class='ocrx_word' id='word_1_700' title='bbox 3084 4197 3120 4249; x_wconf 78' lang='grc' dir='ltr'><em>ὁ</em></span> <span class='ocrx_word' id='word_1_701' title='bbox 3153 4196 3314 4262; x_wconf 76' lang='grc' dir='ltr'>Υἱός·</span> <span class='ocrx_word' id='word_1_702' title='bbox 3336 4198 3498 4266; x_wconf 80' lang='grc' dir='ltr'>μηδὲ</span> <span class='ocrx_word' id='word_1_703' title='bbox 3521 4200 3635 4253; x_wconf 80' lang='grc' dir='ltr'>τὸν</span> 
     </span>
    </p>
   </div>
   <div class='ocr_carea' id='block_1_89' title="bbox 2051 4280 3633 4355">
    <p class='ocr_par' dir='ltr' id='par_1_89' title="bbox 2051 4280 3633 4355">
     <span class='ocr_line' id='line_1_89' title="bbox 2051 4280 3633 4355; baseline 0.008 -23"><span class='ocrx_word' id='word_1_704' title='bbox 2051 4280 2189 4333; x_wconf 83' lang='grc' dir='ltr'>Υἱόν</span> <span class='ocrx_word' id='word_1_705' title='bbox 2221 4296 2312 4346; x_wconf 85' lang='grc' dir='ltr'><strong>τις</strong></span> <span class='ocrx_word' id='word_1_706' title='bbox 2346 4281 2500 4350; x_wconf 71' lang='grc' dir='ltr'>ἔγνω</span> <span class='ocrx_word' id='word_1_707' title='bbox 2546 4284 2600 4336; x_wconf 82' lang='grc' dir='ltr'>ει</span> <span class='ocrx_word' id='word_1_708' title='bbox 2625 4281 2704 4351; x_wconf 81' lang='grc' dir='ltr'>μὴ</span> <span class='ocrx_word' id='word_1_709' title='bbox 2736 4284 2924 4353; x_wconf 83' lang='grc' dir='ltr'>μόνος</span> <span class='ocrx_word' id='word_1_710' title='bbox 2970 4287 3005 4338; x_wconf 83' lang='grc' dir='ltr'><strong>ό</strong></span> <span class='ocrx_word' id='word_1_711' title='bbox 3031 4284 3337 4355; x_wconf 72' lang='grc' dir='ltr'>γεννήσας</span> <span class='ocrx_word' id='word_1_712' title='bbox 3366 4289 3564 4343; x_wconf 75' lang='grc' dir='ltr'>αὐτὸν</span> <span class='ocrx_word' id='word_1_713' title='bbox 3596 4294 3633 4344; x_wconf 80' lang='grc' dir='ltr'><em>ὁ</em></span> 
     </span>
    </p>
   </div>
   <div class='ocr_carea' id='block_1_90' title="bbox 2041 4370 3632 4449">
    <p class='ocr_par' dir='ltr' id='par_1_90' title="bbox 2041 4370 3632 4449">
     <span class='ocr_line' id='line_1_90' title="bbox 2041 4370 3632 4449; baseline 0.007 -25"><span class='ocrx_word' id='word_1_714' title='bbox 2041 4370 2264 4440; x_wconf 75' lang='grc' dir='ltr'>Πατήρ.</span> <span class='ocrx_word' id='word_1_715' title='bbox 2311 4372 2578 4444; x_wconf 82' lang='grc' dir='ltr'>Ἀπαρκεῖ</span> <span class='ocrx_word' id='word_1_716' title='bbox 2604 4373 2890 4446; x_wconf 83' lang='grc' dir='ltr'>τοιγαροῦν</span> <span class='ocrx_word' id='word_1_717' title='bbox 2914 4376 3047 4446; x_wconf 80' lang='grc' dir='ltr'>ἡμῖν</span> <span class='ocrx_word' id='word_1_718' title='bbox 3077 4377 3110 4447; x_wconf 78' lang='grc' dir='ltr'><strong>ἡ</strong></span> <span class='ocrx_word' id='word_1_719' title='bbox 3140 4378 3322 4442; x_wconf 82' lang='grc' dir='ltr'>πίστις</span> <span class='ocrx_word' id='word_1_720' title='bbox 3350 4381 3489 4449; x_wconf 85' lang='grc' dir='ltr'>πρὸς</span> <span class='ocrx_word' id='word_1_721' title='bbox 3518 4398 3632 4435; x_wconf 87' lang='grc' dir='ltr'>σω-</span> 
     </span>
    </p>
   </div>
   <div class='ocr_carea' id='block_1_91' title="bbox 372 4428 1948 4541">
    <p class='ocr_par' dir='ltr' id='par_1_91' title="bbox 372 4428 1942 4541">
     <span class='ocr_line' id='line_1_91' title="bbox 372 4428 1942 4503; baseline 0.006 -21"><span class='ocrx_word' id='word_1_722' title='bbox 372 4429 516 4484; x_wconf 84' lang='lat' dir='ltr'><strong>hunc</strong></span> <span class='ocrx_word' id='word_1_723' title='bbox 537 4428 749 4495; x_wconf 90' lang='lat' dir='ltr'><strong>audire,</strong></span> <span class='ocrx_word' id='word_1_724' title='bbox 782 4430 1036 4485; x_wconf 84' lang='lat' dir='ltr'><strong>mandato</strong></span> <span class='ocrx_word' id='word_1_725' title='bbox 1067 4430 1192 4486; x_wconf 87' lang='lat' dir='ltr'><strong>huic</strong></span> <span class='ocrx_word' id='word_1_726' title='bbox 1217 4432 1365 4501; x_wconf 89' lang='lat' dir='ltr'><strong>regio</strong></span> <span class='ocrx_word' id='word_1_727' title='bbox 1394 4434 1829 4503; x_wconf 86' lang='lat' dir='ltr'><strong>obtemperantes</strong></span> <span class='ocrx_word' id='word_1_728' title='bbox 1849 4436 1942 4492; x_wconf 79' lang='lat' dir='ltr'><strong>Fi-</strong></span> 
     </span>
     <span class='ocr_line' id='line_1_92' title="bbox 372 4512 1888 4541; baseline 0 0"><span class='ocrx_word' id='word_1_729' title='bbox 372 4519 495 4541; x_wconf 63' lang='grc' dir='ltr'><strong>κη-..</strong></span> <span class='ocrx_word' id='word_1_730' title='bbox 556 4520 800 4541; x_wconf 57' lang='grc' dir='ltr'><strong>Δει--.--μ-</strong></span> <span class='ocrx_word' id='word_1_731' title='bbox 850 4536 910 4541; x_wconf 72' lang='grc'><strong>---</strong></span> <span class='ocrx_word' id='word_1_732' title='bbox 938 4524 997 4541; x_wconf 71' lang='grc' dir='ltr'>ιε-</span> <span class='ocrx_word' id='word_1_733' title='bbox 1026 4539 1127 4541; x_wconf 32' lang='lat' dir='ltr'><strong>HW-</strong></span> <span class='ocrx_word' id='word_1_734' title='bbox 1196 4524 1235 4541; x_wconf 78' lang='grc' dir='ltr'><strong>Λ</strong></span> <span class='ocrx_word' id='word_1_735' title='bbox 1294 4540 1297 4541; x_wconf 65' lang='lat'>,</span> <span class='ocrx_word' id='word_1_736' title='bbox 1332 4512 1343 4541; x_wconf 73' lang='grc' dir='ltr'><strong><em>ἆ</em></strong></span> <span class='ocrx_word' id='word_1_737' title='bbox 1681 4529 1733 4541; x_wconf 86' lang='grc' dir='ltr'><strong>..ι</strong></span> <span class='ocrx_word' id='word_1_738' title='bbox 1797 4530 1810 4541; x_wconf 88' lang='grc'><em>.</em></span> <span class='ocrx_word' id='word_1_739' title='bbox 1876 4531 1888 4541; x_wconf 91' lang='grc'><strong>.</strong></span> 
     </span>
    </p>
   </div>
   <div class='ocr_carea' id='block_1_92' title="bbox 2051 4428 3632 4541">
    <p class='ocr_par' dir='ltr' id='par_1_92' title="bbox 2051 4428 3632 4541">
     <span class='ocr_line' id='line_1_93' title="bbox 2051 4428 3632 4541; baseline 0.007 -26"><span class='ocrx_word' id='word_1_740' title='bbox 2051 4428 2252 4533; x_wconf 61' lang='grc' dir='ltr'>ιήριον,</span> <span class='ocrx_word' id='word_1_741' title='bbox 2273 4464 2309 4534; x_wconf 80' lang='grc' dir='ltr'><strong>ἡ</strong></span> <span class='ocrx_word' id='word_1_742' title='bbox 2339 4428 2470 4518; x_wconf 73' lang='grc' dir='ltr'>Θεὸν</span> <span class='ocrx_word' id='word_1_743' title='bbox 2494 4428 2715 4536; x_wconf 72' lang='grc' dir='ltr'>Πατέρα</span> <span class='ocrx_word' id='word_1_744' title='bbox 2746 4428 3506 4541; x_wconf 55' lang='grc' dir='ltr'><strong>τὲαντωὲράτοραἓπᾴῥέχοῦᾇῖι</strong></span> <span class='ocrx_word' id='word_1_745' title='bbox 3523 4428 3632 4541; x_wconf 51' lang='grc' dir='ltr'><strong>’ᾗ-</strong></span> 
     </span>
    </p>
   </div>
   <div class='ocr_carea' id='block_1_93' title="bbox 371 4519 1940 4598">
    <p class='ocr_par' dir='ltr' id='par_1_93' title="bbox 371 4519 1940 4598">
     <span class='ocr_line' id='line_1_94' title="bbox 371 4519 1940 4598; baseline 0.009 -25"><span class='ocrx_word' id='word_1_746' title='bbox 371 4519 500 4575; x_wconf 82' lang='grc' dir='ltr'>Ιίιιιιι</span> <span class='ocrx_word' id='word_1_747' title='bbox 550 4520 805 4577; x_wconf 86' lang='lat' dir='ltr'><strong>dileetum</strong></span> <span class='ocrx_word' id='word_1_748' title='bbox 845 4524 1151 4581; x_wconf 89' lang='lat' dir='ltr'><strong>audiamus.</strong></span> <span class='ocrx_word' id='word_1_749' title='bbox 1193 4524 1472 4591; x_wconf 88' lang='lat' dir='ltr'><strong>Quodnam</strong></span> <span class='ocrx_word' id='word_1_750' title='bbox 1508 4542 1641 4583; x_wconf 88' lang='lat' dir='ltr'><strong>vero</strong></span> <span class='ocrx_word' id='word_1_751' title='bbox 1679 4529 1815 4585; x_wconf 91' lang='lat' dir='ltr'><strong>illud</strong></span> <span class='ocrx_word' id='word_1_752' title='bbox 1845 4531 1940 4598; x_wconf 87' lang='lat' dir='ltr'><strong>sit,</strong></span> 
     </span>
    </p>
   </div>
   <div class='ocr_carea' id='block_1_94' title="bbox 368 4610 1937 4687">
    <p class='ocr_par' dir='ltr' id='par_1_94' title="bbox 368 4610 1937 4687">
     <span class='ocr_line' id='line_1_95' title="bbox 368 4610 1937 4687; baseline 0.011 -27"><span class='ocrx_word' id='word_1_753' title='bbox 368 4610 513 4679; x_wconf 87' lang='lat' dir='ltr'><strong>quod</strong></span> <span class='ocrx_word' id='word_1_754' title='bbox 536 4624 635 4666; x_wconf 90' lang='lat' dir='ltr'><strong>nos</strong></span> <span class='ocrx_word' id='word_1_755' title='bbox 659 4610 728 4666; x_wconf 87' lang='lat' dir='ltr'><strong>de</strong></span> <span class='ocrx_word' id='word_1_756' title='bbox 758 4612 937 4681; x_wconf 85' lang='lat' dir='ltr'><strong>seipse</strong></span> <span class='ocrx_word' id='word_1_757' title='bbox 962 4612 1260 4686; x_wconf 82' lang='lat' dir='ltr'><strong>intelligere</strong></span> <span class='ocrx_word' id='word_1_758' title='bbox 1289 4615 1538 4681; x_wconf 89' lang='lat' dir='ltr'><strong>volebat,</strong></span> <span class='ocrx_word' id='word_1_759' title='bbox 1571 4619 1685 4687; x_wconf 89' lang='lat' dir='ltr'><strong>ipse</strong></span> <span class='ocrx_word' id='word_1_760' title='bbox 1709 4635 1809 4677; x_wconf 88' lang='lat' dir='ltr'><strong>nos</strong></span> <span class='ocrx_word' id='word_1_761' title='bbox 1837 4624 1937 4677; x_wconf 90' lang='lat' dir='ltr'><strong>do-</strong></span> 
     </span>
    </p>
   </div>
   <div class='ocr_carea' id='block_1_95' title="bbox 374 4700 1940 4778">
    <p class='ocr_par' dir='ltr' id='par_1_95' title="bbox 374 4700 1940 4778">
     <span class='ocr_line' id='line_1_96' title="bbox 374 4700 1940 4778; baseline 0.01 -25"><span class='ocrx_word' id='word_1_762' title='bbox 374 4700 537 4769; x_wconf 81' lang='lat' dir='ltr'><strong>cebit,</strong></span> <span class='ocrx_word' id='word_1_763' title='bbox 556 4700 644 4755; x_wconf 82' lang='lat' dir='ltr'><strong>ubi</strong></span> <span class='ocrx_word' id='word_1_764' title='bbox 662 4702 771 4756; x_wconf 83' lang='lat' dir='ltr'><strong>ait:</strong></span> <span class='ocrx_word' id='word_1_765' title='bbox 801 4702 893 4758; x_wconf 83' lang='lat' dir='ltr'><strong>Sic</strong></span> <span class='ocrx_word' id='word_1_766' title='bbox 911 4706 1050 4759; x_wconf 83' lang='lat' dir='ltr'><strong>enim</strong></span> <span class='ocrx_word' id='word_1_767' title='bbox 1077 4704 1212 4761; x_wconf 80' lang='lat' dir='ltr'><strong>Deus</strong></span> <span class='ocrx_word' id='word_1_768' title='bbox 1232 4707 1415 4761; x_wconf 73' lang='lat' dir='ltr'><strong>dilexit</strong></span> <span class='ocrx_word' id='word_1_769' title='bbox 1434 4712 1709 4778; x_wconf 83' lang='lat' dir='ltr'><strong>mundum,</strong></span> <span class='ocrx_word' id='word_1_770' title='bbox 1739 4722 1795 4766; x_wconf 78' lang='lat' dir='ltr'><strong>ut</strong></span> <span class='ocrx_word' id='word_1_771' title='bbox 1829 4712 1940 4769; x_wconf 82' lang='lat' dir='ltr'><strong>Fi-</strong></span> 
     </span>
    </p>
   </div>
   <div class='ocr_carea' id='block_1_96' title="bbox 372 4789 1938 4871">
    <p class='ocr_par' dir='ltr' id='par_1_96' title="bbox 372 4789 1938 4871">
     <span class='ocr_line' id='line_1_97' title="bbox 372 4789 1938 4871; baseline 0.011 -28"><span class='ocrx_word' id='word_1_772' title='bbox 372 4789 502 4845; x_wconf 79' lang='lat' dir='ltr'><strong>lium</strong></span> <span class='ocrx_word' id='word_1_773' title='bbox 535 4806 690 4845; x_wconf 77' lang='lat' dir='ltr'><strong>suum</strong></span> <span class='ocrx_word' id='word_1_774' title='bbox 720 4793 1043 4864; x_wconf 79' lang='lat' dir='ltr'><strong>unigenitum</strong></span> <span class='ocrx_word' id='word_1_775' title='bbox 1076 4797 1244 4860; x_wconf 86' lang='lat' dir='ltr'><strong>daret,</strong></span> <span class='ocrx_word' id='word_1_776' title='bbox 1274 4810 1329 4852; x_wconf 81' lang='grc' dir='ltr'><strong>ιιι</strong></span> <span class='ocrx_word' id='word_1_777' title='bbox 1361 4802 1528 4855; x_wconf 82' lang='lat' dir='ltr'><strong>omnis</strong></span> <span class='ocrx_word' id='word_1_778' title='bbox 1558 4803 1650 4871; x_wconf 87' lang='lat' dir='ltr'><strong>qui</strong></span> <span class='ocrx_word' id='word_1_779' title='bbox 1688 4807 1850 4858; x_wconf 76' lang='lat' dir='ltr'><strong>credit</strong></span> <span class='ocrx_word' id='word_1_780' title='bbox 1882 4808 1938 4861; x_wconf 80' lang='lat' dir='ltr'><strong>in</strong></span> 
     </span>
    </p>
   </div>
   <div class='ocr_carea' id='block_1_97' title="bbox 367 4887 1943 4967">
    <p class='ocr_par' dir='ltr' id='par_1_97' title="bbox 367 4887 1943 4967">
     <span class='ocr_line' id='line_1_98' title="bbox 367 4887 1943 4967; baseline 0.011 -31"><span class='ocrx_word' id='word_1_781' title='bbox 367 4898 483 4937; x_wconf 75' lang='lat' dir='ltr'><strong>sum</strong></span> <span class='ocrx_word' id='word_1_782' title='bbox 501 4899 603 4938; x_wconf 84' lang='lat' dir='ltr'><strong>non</strong></span> <span class='ocrx_word' id='word_1_783' title='bbox 628 4895 826 4952; x_wconf 78' lang='lat' dir='ltr'><strong>pereat,</strong></span> <span class='ocrx_word' id='word_1_784' title='bbox 844 4888 933 4942; x_wconf 71' lang='lat' dir='ltr'><strong>sed</strong></span> <span class='ocrx_word' id='word_1_785' title='bbox 946 4887 1131 4943; x_wconf 84' lang='lat' dir='ltr'><strong>habeat</strong></span> <span class='ocrx_word' id='word_1_786' title='bbox 1147 4891 1302 4943; x_wconf 74' lang='lat' dir='ltr'><strong>vitam</strong></span> <span class='ocrx_word' id='word_1_787' title='bbox 1316 4905 1561 4948; x_wconf 64' lang='lat' dir='ltr'><strong>a&#39;temam</strong></span> <span class='ocrx_word' id='word_1_788' title='bbox 1576 4896 1642 4953; x_wconf 76' lang='lat'><strong>“.</strong></span> <span class='ocrx_word' id='word_1_789' title='bbox 1686 4896 1760 4951; x_wconf 88' lang='lat' dir='ltr'><strong>Illi</strong></span> <span class='ocrx_word' id='word_1_790' title='bbox 1781 4899 1943 4967; x_wconf 87' lang='lat' dir='ltr'><strong>igitur</strong></span> 
     </span>
    </p>
   </div>
   <div class='ocr_carea' id='block_1_98' title="bbox 366 4978 1932 5060">
    <p class='ocr_par' dir='ltr' id='par_1_98' title="bbox 366 4978 1932 5060">
     <span class='ocr_line' id='line_1_99' title="bbox 366 4978 1932 5060; baseline 0.012 -31"><span class='ocrx_word' id='word_1_791' title='bbox 366 4978 694 5032; x_wconf 88' lang='lat' dir='ltr'><strong>credendum</strong></span> <span class='ocrx_word' id='word_1_792' title='bbox 742 4987 863 5041; x_wconf 87' lang='lat' dir='ltr'><strong>est,</strong></span> <span class='ocrx_word' id='word_1_793' title='bbox 919 4991 977 5033; x_wconf 90' lang='lat' dir='ltr'><strong>ut</strong></span> <span class='ocrx_word' id='word_1_794' title='bbox 1004 4982 1170 5036; x_wconf 90' lang='lat' dir='ltr'><strong>vitam</strong></span> <span class='ocrx_word' id='word_1_795' title='bbox 1201 4993 1459 5041; x_wconf 72' lang='lat' dir='ltr'><strong>azternmtt</strong></span> <span class='ocrx_word' id='word_1_796' title='bbox 1508 5003 1932 5060; x_wconf 85' lang='lat' dir='ltr'><strong>consequamur.</strong></span> 
     </span>
    </p>
   </div>
   <div class='ocr_carea' id='block_1_99' title="bbox 362 5069 1931 5142">
    <p class='ocr_par' dir='ltr' id='par_1_99' title="bbox 362 5069 1931 5142">
     <span class='ocr_line' id='line_1_100' title="bbox 362 5069 1931 5142; baseline 0.01 -18"><span class='ocrx_word' id='word_1_797' title='bbox 362 5069 497 5125; x_wconf 84' lang='lat' dir='ltr'><strong>Nam</strong></span> <span class='ocrx_word' id='word_1_798' title='bbox 533 5071 626 5141; x_wconf 93' lang='lat' dir='ltr'><strong>qui</strong></span> <span class='ocrx_word' id='word_1_799' title='bbox 651 5070 706 5126; x_wconf 91' lang='lat' dir='ltr'><strong>iu</strong></span> <span class='ocrx_word' id='word_1_800' title='bbox 733 5086 881 5136; x_wconf 91' lang='lat' dir='ltr'><strong>eum,</strong></span> <span class='ocrx_word' id='word_1_801' title='bbox 911 5072 1104 5142; x_wconf 90' lang='lat' dir='ltr'><strong>inquit,</strong></span> <span class='ocrx_word' id='word_1_802' title='bbox 1136 5076 1331 5141; x_wconf 89' lang='lat' dir='ltr'><strong>credit,</strong></span> <span class='ocrx_word' id='word_1_803' title='bbox 1367 5078 1532 5134; x_wconf 91' lang='lat' dir='ltr'><strong>habet</strong></span> <span class='ocrx_word' id='word_1_804' title='bbox 1573 5082 1739 5135; x_wconf 84' lang='lat' dir='ltr'><strong>vitam</strong></span> <span class='ocrx_word' id='word_1_805' title='bbox 1770 5093 1931 5139; x_wconf 73' lang='lat' dir='ltr'><strong>aeter-</strong></span> 
     </span>
    </p>
   </div>
   <div class='ocr_carea' id='block_1_100' title="bbox 359 5163 1932 5237">
    <p class='ocr_par' dir='ltr' id='par_1_100' title="bbox 359 5163 1932 5237">
     <span class='ocr_line' id='line_1_101' title="bbox 359 5163 1932 5237; baseline 0.011 -22"><span class='ocrx_word' id='word_1_806' title='bbox 359 5176 515 5229; x_wconf 84' lang='lat' dir='ltr'><strong>nam;</strong></span> <span class='ocrx_word' id='word_1_807' title='bbox 556 5177 661 5218; x_wconf 94' lang='lat' dir='ltr'><strong>non</strong></span> <span class='ocrx_word' id='word_1_808' title='bbox 694 5163 786 5236; x_wconf 90' lang='lat' dir='ltr'><strong>qui</strong></span> <span class='ocrx_word' id='word_1_809' title='bbox 819 5168 1103 5237; x_wconf 85' lang='lat' dir='ltr'><strong>cognoscit</strong></span> <span class='ocrx_word' id='word_1_810' title='bbox 1139 5171 1414 5237; x_wconf 87' lang='lat' dir='ltr'><strong>quomodo</strong></span> <span class='ocrx_word' id='word_1_811' title='bbox 1436 5180 1602 5227; x_wconf 89' lang='lat' dir='ltr'><strong>natus</strong></span> <span class='ocrx_word' id='word_1_812' title='bbox 1630 5185 1716 5229; x_wconf 94' lang='lat' dir='ltr'><strong>est</strong></span> <span class='ocrx_word' id='word_1_813' title='bbox 1738 5175 1806 5231; x_wconf 84' lang='lat' dir='ltr'><strong>de</strong></span> <span class='ocrx_word' id='word_1_814' title='bbox 1829 5175 1932 5232; x_wconf 80' lang='lat' dir='ltr'><strong>Pa-</strong></span> 
     </span>
    </p>
   </div>
   <div class='ocr_carea' id='block_1_101' title="bbox 2046 4551 3627 4632">
    <p class='ocr_par' dir='ltr' id='par_1_101' title="bbox 2046 4551 3627 4632">
     <span class='ocr_line' id='line_1_102' title="bbox 2046 4551 3627 4632; baseline 0.008 -27"><span class='ocrx_word' id='word_1_815' title='bbox 2046 4551 2294 4617; x_wconf 87' lang='grc' dir='ltr'>νώσκειν,</span> <span class='ocrx_word' id='word_1_816' title='bbox 2322 4555 2417 4607; x_wconf 77' lang='grc' dir='ltr'>καὶ</span> <span class='ocrx_word' id='word_1_817' title='bbox 2444 4555 2537 4609; x_wconf 87' lang='grc' dir='ltr'>τὸν</span> <span class='ocrx_word' id='word_1_818' title='bbox 2576 4555 2835 4627; x_wconf 86' lang='grc' dir='ltr'>μονογενῆ</span> <span class='ocrx_word' id='word_1_819' title='bbox 2866 4556 3033 4610; x_wconf 81' lang='grc' dir='ltr'>αὐτοῦ</span> <span class='ocrx_word' id='word_1_820' title='bbox 3065 4559 3191 4612; x_wconf 81' lang='grc' dir='ltr'>Υίδν</span> <span class='ocrx_word' id='word_1_821' title='bbox 3218 4561 3627 4632; x_wconf 75' lang='grc' dir='ltr'>ἐπιγράφεσθαι</span> 
     </span>
    </p>
   </div>
   <div class='ocr_carea' id='block_1_102' title="bbox 2046 4644 3629 4719">
    <p class='ocr_par' dir='ltr' id='par_1_102' title="bbox 2046 4644 3629 4719">
     <span class='ocr_line' id='line_1_103' title="bbox 2046 4644 3629 4719; baseline -0.008 -2"><span class='ocrx_word' id='word_1_822' title='bbox 2046 4644 2291 4715; x_wconf 46' lang='grc' dir='ltr'><strong>λπῆρα·</strong></span> <span class='ocrx_word' id='word_1_823' title='bbox 2335 4647 2432 4711; x_wconf 86' lang='grc' dir='ltr'>Ὃς</span> <span class='ocrx_word' id='word_1_824' title='bbox 2478 4646 2542 4718; x_wconf 80' lang='grc' dir='ltr'><strong>δὴ</strong></span> <span class='ocrx_word' id='word_1_825' title='bbox 2593 4647 2727 4719; x_wconf 76' lang='grc' dir='ltr'>πρὸς</span> <span class='ocrx_word' id='word_1_826' title='bbox 2773 4650 2879 4712; x_wconf 81' lang='grc' dir='ltr'>τοῖς</span> <span class='ocrx_word' id='word_1_827' title='bbox 2928 4649 3127 4714; x_wconf 84' lang='grc' dir='ltr'>ἀλλοις,</span> <span class='ocrx_word' id='word_1_828' title='bbox 3183 4651 3278 4705; x_wconf 76' lang='grc' dir='ltr'>καὶ</span> <span class='ocrx_word' id='word_1_829' title='bbox 3332 4653 3490 4706; x_wconf 74' lang='grc' dir='ltr'>ταῦθ’</span> <span class='ocrx_word' id='word_1_830' title='bbox 3523 4650 3629 4709; x_wconf 76' lang='grc' dir='ltr'>ὧδε</span> 
     </span>
    </p>
   </div>
   <div class='ocr_carea' id='block_1_103' title="bbox 2047 4736 3630 4819">
    <p class='ocr_par' dir='ltr' id='par_1_103' title="bbox 2047 4736 3630 4819">
     <span class='ocr_line' id='line_1_104' title="bbox 2047 4736 3630 4819; baseline 0.015 -32"><span class='ocrx_word' id='word_1_831' title='bbox 2047 4736 2351 4807; x_wconf 84' lang='grc' dir='ltr'>παρεδίδου,</span> <span class='ocrx_word' id='word_1_832' title='bbox 2379 4736 2550 4807; x_wconf 85' lang='grc' dir='ltr'>λέγων</span> <span class='ocrx_word' id='word_1_833' title='bbox 2566 4754 2581 4769; x_wconf 71' lang='grc'><strong>⁸</strong></span> <span class='ocrx_word' id='word_1_834' title='bbox 2618 4738 2688 4792; x_wconf 89' lang='grc' dir='ltr'><strong>Τὸ</strong></span> <span class='ocrx_word' id='word_1_835' title='bbox 2710 4741 3146 4809; x_wconf 74' lang='grc' dir='ltr'>γεγεννημένον</span> <span class='ocrx_word' id='word_1_836' title='bbox 3174 4742 3242 4795; x_wconf 77' lang='grc' dir='ltr'>ἐκ</span> <span class='ocrx_word' id='word_1_837' title='bbox 3263 4741 3375 4811; x_wconf 85' lang='grc' dir='ltr'>τῆς</span> <span class='ocrx_word' id='word_1_838' title='bbox 3395 4745 3630 4819; x_wconf 61' lang='grc' dir='ltr'>σαρκρς</span> 
     </span>
    </p>
   </div>
   <div class='ocr_carea' id='block_1_104' title="bbox 2044 4827 3629 4906">
    <p class='ocr_par' dir='ltr' id='par_1_104' title="bbox 2044 4827 3629 4906">
     <span class='ocr_line' id='line_1_105' title="bbox 2044 4827 3629 4906; baseline 0.004 -26"><span class='ocrx_word' id='word_1_839' title='bbox 2044 4827 2203 4895; x_wconf 79' lang='grc' dir='ltr'>σάρξ</span> <span class='ocrx_word' id='word_1_840' title='bbox 2220 4829 2370 4892; x_wconf 88' lang='grc' dir='ltr'>ἐστι,</span> <span class='ocrx_word' id='word_1_841' title='bbox 2420 4830 2518 4883; x_wconf 76' lang='grc' dir='ltr'>καὶ</span> <span class='ocrx_word' id='word_1_842' title='bbox 2550 4829 2618 4885; x_wconf 84' lang='grc' dir='ltr'>τὸ</span> <span class='ocrx_word' id='word_1_843' title='bbox 2661 4832 3095 4901; x_wconf 72' lang='grc' dir='ltr'>γεγεννημένον</span> <span class='ocrx_word' id='word_1_844' title='bbox 3117 4833 3186 4886; x_wconf 77' lang='grc' dir='ltr'>ἐκ</span> <span class='ocrx_word' id='word_1_845' title='bbox 3213 4834 3322 4888; x_wconf 84' lang='grc' dir='ltr'>τοῦ</span> <span class='ocrx_word' id='word_1_846' title='bbox 3358 4838 3629 4906; x_wconf 74' lang='grc' dir='ltr'>πνεύμα-</span> 
     </span>
    </p>
   </div>
   <div class='ocr_carea' id='block_1_105' title="bbox 2041 4918 3627 4992">
    <p class='ocr_par' dir='ltr' id='par_1_105' title="bbox 2041 4918 3627 4992">
     <span class='ocr_line' id='line_1_106' title="bbox 2041 4918 3627 4992; baseline 0.008 -22"><span class='ocrx_word' id='word_1_847' title='bbox 2041 4932 2144 4984; x_wconf 87' lang='grc' dir='ltr'><strong>τος</strong></span> <span class='ocrx_word' id='word_1_848' title='bbox 2188 4918 2424 4989; x_wconf 81' lang='grc' dir='ltr'>πνεῦμὰ</span> <span class='ocrx_word' id='word_1_849' title='bbox 2464 4920 2623 4973; x_wconf 74' lang='grc' dir='ltr'>ἐστι’</span> <span class='ocrx_word' id='word_1_850' title='bbox 2674 4921 2910 4992; x_wconf 81' lang='grc' dir='ltr'>πνεῦμα</span> <span class='ocrx_word' id='word_1_851' title='bbox 2947 4923 3017 4977; x_wconf 82' lang='grc' dir='ltr'>δὲ</span> <span class='ocrx_word' id='word_1_852' title='bbox 3044 4927 3079 4980; x_wconf 81' lang='grc' dir='ltr'><em>ὁ</em></span> <span class='ocrx_word' id='word_1_853' title='bbox 3101 4926 3265 4991; x_wconf 81' lang='grc' dir='ltr'>Θεός.</span> <span class='ocrx_word' id='word_1_854' title='bbox 3303 4927 3397 4979; x_wconf 84' lang='grc' dir='ltr'><strong>Διὸ</strong></span> <span class='ocrx_word' id='word_1_855' title='bbox 3429 4928 3627 4982; x_wconf 77' lang='grc' dir='ltr'>ἕπεται</span> 
     </span>
    </p>
   </div>
   <div class='ocr_carea' id='block_1_106' title="bbox 2037 5008 3625 5085">
    <p class='ocr_par' dir='ltr' id='par_1_106' title="bbox 2037 5008 3625 5085">
     <span class='ocr_line' id='line_1_107' title="bbox 2037 5008 3625 5085; baseline 0.007 -26"><span class='ocrx_word' id='word_1_856' title='bbox 2037 5010 2199 5074; x_wconf 83' lang='grc' dir='ltr'>νοεῖν,</span> <span class='ocrx_word' id='word_1_857' title='bbox 2245 5008 2321 5083; x_wconf 85' lang='grc' dir='ltr'><strong>ὡς</strong></span> <span class='ocrx_word' id='word_1_858' title='bbox 2365 5010 2461 5062; x_wconf 61' lang='grc' dir='ltr'><strong>καὶ⁵</strong></span> <span class='ocrx_word' id='word_1_859' title='bbox 2487 5010 2548 5063; x_wconf 82' lang='grc' dir='ltr'>τὸ</span> <span class='ocrx_word' id='word_1_860' title='bbox 2587 5014 2982 5085; x_wconf 83' lang='grc' dir='ltr'>γεγεννημένον</span> <span class='ocrx_word' id='word_1_861' title='bbox 3011 5017 3078 5069; x_wconf 80' lang='grc' dir='ltr'><strong>ἐκ</strong></span> <span class='ocrx_word' id='word_1_862' title='bbox 3100 5015 3196 5069; x_wconf 75' lang='grc' dir='ltr'>τοῦ</span> <span class='ocrx_word' id='word_1_863' title='bbox 3223 5015 3358 5070; x_wconf 83' lang='grc' dir='ltr'>Θεοῦ</span> <span class='ocrx_word' id='word_1_864' title='bbox 3387 5017 3526 5082; x_wconf 77' lang='grc' dir='ltr'>Θεὸς</span> <span class='ocrx_word' id='word_1_865' title='bbox 3554 5018 3625 5072; x_wconf 83' lang='grc' dir='ltr'>ἂν</span> 
     </span>
    </p>
   </div>
   <div class='ocr_carea' id='block_1_107' title="bbox 2035 5097 3623 5179">
    <p class='ocr_par' dir='ltr' id='par_1_107' title="bbox 2035 5097 3623 5179">
     <span class='ocr_line' id='line_1_108' title="bbox 2035 5097 3623 5179; baseline 0.007 -29"><span class='ocrx_word' id='word_1_866' title='bbox 2035 5097 2143 5169; x_wconf 73' lang='grc' dir='ltr'>εἴη.</span> <span class='ocrx_word' id='word_1_867' title='bbox 2175 5100 2323 5170; x_wconf 84' lang='grc' dir='ltr'><strong>’Ὀσῳ</strong></span> <span class='ocrx_word' id='word_1_868' title='bbox 2359 5100 2416 5153; x_wconf 86' lang='grc' dir='ltr'>δὲ</span> <span class='ocrx_word' id='word_1_869' title='bbox 2468 5102 2567 5173; x_wconf 87' lang='grc' dir='ltr'><strong>τῆς</strong></span> <span class='ocrx_word' id='word_1_870' title='bbox 2609 5103 2844 5172; x_wconf 87' lang='grc' dir='ltr'>γεώδους</span> <span class='ocrx_word' id='word_1_871' title='bbox 2891 5107 3092 5179; x_wconf 81' lang='grc' dir='ltr'>σαρκὸς</span> <span class='ocrx_word' id='word_1_872' title='bbox 3130 5109 3160 5160; x_wconf 88' lang='grc' dir='ltr'><strong>ό</strong></span> <span class='ocrx_word' id='word_1_873' title='bbox 3203 5107 3623 5166; x_wconf 79' lang='grc' dir='ltr'>ἐπέκειναοτῶν</span> 
     </span>
    </p>
   </div>
   <div class='ocr_carea' id='block_1_108' title="bbox 2032 5186 3618 5274">
    <p class='ocr_par' dir='ltr' id='par_1_108' title="bbox 2032 5186 3618 5274">
     <span class='ocr_line' id='line_1_109' title="bbox 2032 5186 3618 5274; baseline 0.008 -33"><span class='ocrx_word' id='word_1_874' title='bbox 2032 5186 2167 5242; x_wconf 72' lang='grc' dir='ltr'>ὅλων</span> <span class='ocrx_word' id='word_1_875' title='bbox 2191 5189 2322 5256; x_wconf 83' lang='grc' dir='ltr'>Θεὸς</span> <span class='ocrx_word' id='word_1_876' title='bbox 2354 5192 2788 5266; x_wconf 85' lang='grc' dir='ltr'>ἀπηλλοτρίωται</span> <span class='ocrx_word' id='word_1_877' title='bbox 2833 5197 2926 5251; x_wconf 80' lang='grc' dir='ltr'>καὶ</span> <span class='ocrx_word' id='word_1_878' title='bbox 2966 5198 3379 5270; x_wconf 80' lang='grc' dir='ltr'>ἁπεσχοίνισται</span> <span class='ocrx_word' id='word_1_879' title='bbox 3411 5203 3480 5274; x_wconf 76' lang='grc' dir='ltr'>τῇ</span> <span class='ocrx_word' id='word_1_880' title='bbox 3514 5201 3618 5271; x_wconf 76' lang='grc' dir='ltr'><strong>φύ-</strong></span> 
     </span>
    </p>
   </div>
   <div class='ocr_carea' id='block_1_109' title="bbox 434 5298 2271 5393">
    <p class='ocr_par' dir='ltr' id='par_1_109' title="bbox 434 5298 2271 5393">
     <span class='ocr_line' id='line_1_110' title="bbox 434 5298 2271 5393; baseline 0.019 -41"><span class='ocrx_word' id='word_1_881' title='bbox 434 5304 493 5361; x_wconf 59' lang='lat' dir='ltr'><strong>a‘B</strong></span> <span class='ocrx_word' id='word_1_882' title='bbox 532 5298 633 5356; x_wconf 87' lang='lat' dir='ltr'><strong>Ed.</strong></span> <span class='ocrx_word' id='word_1_883' title='bbox 658 5302 858 5370; x_wconf 89' lang='lat' dir='ltr'><strong>Paris.,</strong></span> <span class='ocrx_word' id='word_1_884' title='bbox 885 5319 1009 5376; x_wconf 84' lang='lat' dir='ltr'><strong>pag.</strong></span> <span class='ocrx_word' id='word_1_885' title='bbox 1037 5306 1126 5365; x_wconf 70' lang='lat'><strong>72.</strong></span> <span class='ocrx_word' id='word_1_886' title='bbox 1222 5309 1267 5342; x_wconf 84' lang='grc'><strong>⁸³</strong></span> <span class='ocrx_word' id='word_1_887' title='bbox 1288 5309 1478 5368; x_wconf 81' lang='lat' dir='ltr'><strong>Matth.</strong></span> <span class='ocrx_word' id='word_1_888' title='bbox 1511 5316 1708 5383; x_wconf 79' lang='lat' dir='ltr'><strong>xvu,5.</strong></span> <span class='ocrx_word' id='word_1_889' title='bbox 1801 5319 1852 5354; x_wconf 79' lang='lat'>“</span> <span class='ocrx_word' id='word_1_890' title='bbox 1875 5320 2035 5380; x_wconf 80' lang='lat' dir='ltr'><strong>Joan.</strong></span> <span class='ocrx_word' id='word_1_891' title='bbox 2068 5343 2152 5393; x_wconf 82' lang='grc' dir='ltr'>ιιι.</span> <span class='ocrx_word' id='word_1_892' title='bbox 2186 5331 2271 5386; x_wconf 77' lang='grc'>16.</span> 
     </span>
    </p>
   </div>
   <div class='ocr_carea' id='block_1_110' title="bbox 358 5501 1922 5591">
    <p class='ocr_par' dir='ltr' id='par_1_110' title="bbox 358 5501 1922 5591">
     <span class='ocr_line' id='line_1_111' title="bbox 358 5501 1922 5591; baseline 0 0"><span class='ocrx_word' id='word_1_893' title='bbox 358 5501 761 5591; x_wconf 59' lang='grc' dir='ltr'><strong>ῗέῗῗῖσὶἶὶνῖος</strong></span> <span class='ocrx_word' id='word_1_894' title='bbox 783 5505 955 5591; x_wconf 71' lang='grc' dir='ltr'>αίῖίου</span> <span class='ocrx_word' id='word_1_895' title='bbox 984 5538 1051 5591; x_wconf 63' lang='grc' dir='ltr'>Τ</span> <span class='ocrx_word' id='word_1_896' title='bbox 1084 5510 1239 5583; x_wconf 76' lang='grc' dir='ltr'>σχοίη</span> <span class='ocrx_word' id='word_1_897' title='bbox 1265 5510 1330 5591; x_wconf 58' lang='grc' dir='ltr'>ἓν</span> <span class='ocrx_word' id='word_1_898' title='bbox 1360 5514 1698 5591; x_wconf 64' lang='grc' dir='ltr'><strong>τῆίῖτριὲηης</strong></span> <span class='ocrx_word' id='word_1_899' title='bbox 1727 5520 1922 5591; x_wconf 76' lang='grc' dir='ltr'>γεννή-</span> 
     </span>
    </p>
   </div>
   <div class='ocr_carea' id='block_1_111' title="bbox 2031 5522 3616 5614">
    <p class='ocr_par' dir='ltr' id='par_1_111' title="bbox 2031 5522 3616 5614">
     <span class='ocr_line' id='line_1_112' title="bbox 2031 5522 3616 5614; baseline 0.013 -35"><span class='ocrx_word' id='word_1_900' title='bbox 2031 5522 2349 5614; x_wconf 19' lang='lat' dir='ltr'><strong>Peinivulgo</strong></span> <span class='ocrx_word' id='word_1_901' title='bbox 2377 5530 2437 5584; x_wconf 87' lang='grc' dir='ltr'><strong>δν</strong></span> <span class='ocrx_word' id='word_1_902' title='bbox 2464 5532 2698 5614; x_wconf 46' lang='grc' dir='ltr'>ἐκήρυξε</span> <span class='ocrx_word' id='word_1_903' title='bbox 2724 5535 2900 5606; x_wconf 88' lang='grc' dir='ltr'>λέγων</span> <span class='ocrx_word' id='word_1_904' title='bbox 2918 5547 2986 5614; x_wconf 87' lang='lat' dir='ltr'><strong>_et</strong></span> <span class='ocrx_word' id='word_1_905' title='bbox 3009 5540 3058 5592; x_wconf 86' lang='grc' dir='ltr'><strong>εί</strong></span> <span class='ocrx_word' id='word_1_906' title='bbox 3086 5538 3143 5593; x_wconf 80' lang='grc' dir='ltr'>δὲ</span> <span class='ocrx_word' id='word_1_907' title='bbox 3176 5540 3403 5614; x_wconf 84' lang='grc' dir='ltr'>ἀκούειν</span> <span class='ocrx_word' id='word_1_908' title='bbox 3438 5554 3490 5598; x_wconf 84' lang='lat' dir='ltr'><strong>et</strong></span> <span class='ocrx_word' id='word_1_909' title='bbox 3520 5561 3616 5614; x_wconf 76' lang='grc' dir='ltr'>γι-</span> 
     </span>
    </p>
   </div>
   <div class='ocr_carea' id='block_1_112' title="bbox 360 5568 1948 5725">
    <p class='ocr_par' dir='ltr' id='par_1_112' title="bbox 360 5568 1924 5725">
     <span class='ocr_line' id='line_1_113' title="bbox 360 5568 1924 5660; baseline 0.021 -46"><span class='ocrx_word' id='word_1_910' title='bbox 360 5579 497 5628; x_wconf 82' lang='grc' dir='ltr'>σεως</span> <span class='ocrx_word' id='word_1_911' title='bbox 530 5568 710 5656; x_wconf 63' lang='lat' dir='ltr'><strong>(codtl.</strong></span> <span class='ocrx_word' id='word_1_912' title='bbox 746 5576 1030 5645; x_wconf 87' lang='grc' dir='ltr'>γενέσεως)</span> <span class='ocrx_word' id='word_1_913' title='bbox 1062 5568 1239 5650; x_wconf 59' lang='grc' dir='ltr'>τ.”γνί</span> <span class='ocrx_word' id='word_1_914' title='bbox 1262 5584 1329 5639; x_wconf 69' lang='grc' dir='ltr'>Κ.</span> <span class='ocrx_word' id='word_1_915' title='bbox 1358 5568 1535 5654; x_wconf 57' lang='grc' dir='ltr'><strong>ρί99ί</strong></span> 
     </span>
     <span class='ocr_line' id='line_1_114' title="bbox 360 5632 1378 5725; baseline 0.02 -38"><span class='ocrx_word' id='word_1_916' title='bbox 360 5632 394 5704; x_wconf 70' lang='grc' dir='ltr'><strong>ἦ</strong></span> <span class='ocrx_word' id='word_1_917' title='bbox 426 5639 713 5725; x_wconf 26' lang='lat' dir='ltr'><strong>ﬂagitasti;</strong></span> <span class='ocrx_word' id='word_1_918' title='bbox 741 5655 795 5696; x_wconf 90' lang='lat' dir='ltr'><strong>et</strong></span> <span class='ocrx_word' id='word_1_919' title='bbox 813 5648 1183 5725; x_wconf 71' lang='grc' dir='ltr'>ποιησώμεθα.</span> <span class='ocrx_word' id='word_1_920' title='bbox 1321 5721 1334 5725; x_wconf 93' lang='lat'><strong>_</strong></span> <span class='ocrx_word' id='word_1_921' title='bbox 1370 5723 1378 5725; x_wconf 20' lang='grc' dir='ltr'><em>Α</em></span> 
     </span>
    </p>
   </div>
   <div class='ocr_carea' id='block_1_113' title="bbox 2051 5568 3615 5725">
    <p class='ocr_par' dir='ltr' id='par_1_113' title="bbox 2051 5568 3615 5725">
     <span class='ocr_line' id='line_1_115' title="bbox 2051 5568 3615 5654; baseline 0.013 -75"><span class='ocrx_word' id='word_1_922' title='bbox 2051 5568 2349 5653; x_wconf 35' lang='grc' dir='ltr'><strong>ῑέᾁιὶᾶῖιὲἷ</strong></span> <span class='ocrx_word' id='word_1_923' title='bbox 2378 5568 2435 5640; x_wconf 64' lang='lat' dir='ltr'><strong>u;</strong></span> <span class='ocrx_word' id='word_1_924' title='bbox 2464 5568 2698 5654; x_wconf 61' lang='grc' dir='ltr'>εἳιηιννι</span> <span class='ocrx_word' id='word_1_925' title='bbox 2725 5568 2900 5606; x_wconf 63' lang='grc' dir='ltr'>λειω*</span> <span class='ocrx_word' id='word_1_926' title='bbox 2930 5568 2986 5592; x_wconf 68' lang='grc' dir='ltr'>σι</span> <span class='ocrx_word' id='word_1_927' title='bbox 3009 5568 3058 5592; x_wconf 64' lang='grc' dir='ltr'>δι</span> <span class='ocrx_word' id='word_1_928' title='bbox 3086 5568 3143 5593; x_wconf 76' lang='grc' dir='ltr'>νει</span> <span class='ocrx_word' id='word_1_929' title='bbox 3176 5568 3403 5647; x_wconf 43' lang='lat' dir='ltr'><strong>tamen!</strong></span> <span class='ocrx_word' id='word_1_930' title='bbox 3438 5568 3490 5598; x_wconf 57' lang='grc' dir='ltr'><strong>τι</strong></span> <span class='ocrx_word' id='word_1_931' title='bbox 3520 5568 3615 5614; x_wconf 75' lang='grc' dir='ltr'><strong>τι·</strong></span> 
     </span>
     <span class='ocr_line' id='line_1_116' title="bbox 2051 5604 3615 5725; baseline 0.005 -8"><span class='ocrx_word' id='word_1_932' title='bbox 2051 5604 2812 5725; x_wconf 57' lang='grc' dir='ltr'><strong>εοῠημονογεὲῖτξηίἐνξὲτῗὲγὲῗ</strong></span> <span class='ocrx_word' id='word_1_933' title='bbox 2836 5608 2988 5725; x_wconf 54' lang='lat' dir='ltr'><strong>“iiii</strong></span> <span class='ocrx_word' id='word_1_934' title='bbox 2998 5614 3615 5725; x_wconf 51' lang='grc' dir='ltr'><strong>Ζὲῗτὲὲἒέέὲξέἕηῒ</strong></span> 
     </span>
    </p>
   </div>
   <div class='ocr_carea' id='block_1_114' title="bbox 597 5643 1183 5730">
    <p class='ocr_par' dir='ltr' id='par_1_114' title="bbox 597 5643 1183 5730">
     <span class='ocr_line' id='line_1_117' title="bbox 597 5643 1183 5730; baseline 0.014 -35"><span class='ocrx_word' id='word_1_935' title='bbox 597 5643 713 5730; x_wconf 57' lang='grc' dir='ltr'><strong>ξυξξς</strong></span> <span class='ocrx_word' id='word_1_936' title='bbox 741 5655 795 5730; x_wconf 65' lang='lat' dir='ltr'><strong>et</strong></span> <span class='ocrx_word' id='word_1_937' title='bbox 813 5643 1183 5730; x_wconf 64' lang='grc' dir='ltr'>ποιησώμεθσζ.</span> 
     </span>
    </p>
   </div>
   <div class='ocr_carea' id='block_1_115' title="bbox 358 5632 595 5776">
    <p class='ocr_par' dir='ltr' id='par_1_115' title="bbox 358 5632 595 5776">
     <span class='ocr_line' id='line_1_118' title="bbox 358 5632 595 5776; baseline 0 0"><span class='ocrx_word' id='word_1_938' title='bbox 358 5632 394 5704; x_wconf 71' lang='grc'><strong>’⁵</strong></span> <span class='ocrx_word' id='word_1_939' title='bbox 426 5632 595 5776; x_wconf 51' lang='lat' dir='ltr'><strong>iiii</strong></span> 
     </span>
    </p>
   </div>
   <div class='ocr_carea' id='block_1_116' title="bbox 591 5672 2510 5762">
    <p class='ocr_par' dir='ltr' id='par_1_116' title="bbox 591 5672 2510 5762">
     <span class='ocr_line' id='line_1_119' title="bbox 591 5672 2510 5762; baseline 0.014 -68"><span class='ocrx_word' id='word_1_940' title='bbox 591 5672 710 5762; x_wconf 54' lang='grc' dir='ltr'>ἵεις</span> <span class='ocrx_word' id='word_1_941' title='bbox 741 5672 1183 5730; x_wconf 71' lang='grc' dir='ltr'>ειπυιησωμευα.</span> <span class='ocrx_word' id='word_1_942' title='bbox 1600 5726 1613 5739; x_wconf 38' lang='grc'><strong>⁸</strong></span> <span class='ocrx_word' id='word_1_943' title='bbox 2028 5672 2123 5718; x_wconf 83' lang='grc' dir='ltr'>τοῦ</span> <span class='ocrx_word' id='word_1_944' title='bbox 2163 5673 2421 5742; x_wconf 85' lang='grc' dir='ltr'>μονογενῆ</span> <span class='ocrx_word' id='word_1_945' title='bbox 2463 5672 2510 5724; x_wconf 85' lang='grc' dir='ltr'>Υ</span> 
     </span>
     <span class='ocr_line' id='line_1_120' title="bbox 618 5713 2510 5762; baseline 0 0"><span class='ocrx_word' id='word_1_946' title='bbox 618 5713 1105 5762; x_wconf 70' lang='grc' dir='ltr'>ολυποανιιονειν-</span> <span class='ocrx_word' id='word_1_947' title='bbox 1136 5721 1291 5762; x_wconf 72' lang='grc' dir='ltr'>Ιὶρρει</span> <span class='ocrx_word' id='word_1_948' title='bbox 1321 5721 1477 5762; x_wconf 63' lang='grc' dir='ltr'><strong>’λῆνῆυ</strong></span> <span class='ocrx_word' id='word_1_949' title='bbox 1526 5742 1716 5762; x_wconf 72' lang='lat' dir='ltr'><strong>nnnnnn</strong></span> <span class='ocrx_word' id='word_1_950' title='bbox 1769 5728 1814 5762; x_wconf 76' lang='lat' dir='ltr'><strong>Il</strong></span> <span class='ocrx_word' id='word_1_951' title='bbox 1850 5759 1919 5762; x_wconf 91' lang='lat'>__</span> <span class='ocrx_word' id='word_1_952' title='bbox 2024 5733 2085 5762; x_wconf 69' lang='grc' dir='ltr'>-λ</span> <span class='ocrx_word' id='word_1_953' title='bbox 2129 5751 2289 5762; x_wconf 47' lang='lat' dir='ltr'><strong>una“</strong></span> <span class='ocrx_word' id='word_1_954' title='bbox 2344 5749 2388 5762; x_wconf 78' lang='lat'><strong>_.</strong></span> <span class='ocrx_word' id='word_1_955' title='bbox 2414 5742 2443 5762; x_wconf 70' lang='grc' dir='ltr'><strong>Δ</strong></span> <span class='ocrx_word' id='word_1_956' title='bbox 2482 5742 2510 5762; x_wconf 73' lang='lat' dir='ltr'><strong>c</strong></span> 
     </span>
    </p>
   </div>
   <div class='ocr_carea' id='block_1_117' title="bbox 618 5713 1948 5823">
    <p class='ocr_par' dir='ltr' id='par_1_117' title="bbox 618 5713 1920 5798">
     <span class='ocr_line' id='line_1_121' title="bbox 618 5713 1920 5798; baseline 0.02 -36"><span class='ocrx_word' id='word_1_957' title='bbox 618 5713 1106 5784; x_wconf 72' lang='grc' dir='ltr'>ολυπραγμονεῖν.</span> <span class='ocrx_word' id='word_1_958' title='bbox 1134 5721 1293 5778; x_wconf 86' lang='lat' dir='ltr'><strong>Deest</strong></span> <span class='ocrx_word' id='word_1_959' title='bbox 1321 5721 1499 5795; x_wconf 71' lang='grc' dir='ltr'>λόγον,</span> <span class='ocrx_word' id='word_1_960' title='bbox 1526 5726 1733 5798; x_wconf 83' lang='lat' dir='ltr'><strong>opinor.</strong></span> <span class='ocrx_word' id='word_1_961' title='bbox 1766 5728 1920 5787; x_wconf 71' lang='grc' dir='ltr'><strong>Μ.-</strong></span> 
     </span>
    </p>
   </div>
   <div class='ocr_carea' id='block_1_118' title="bbox 2051 5713 3394 5823">
    <p class='ocr_par' dir='ltr' id='par_1_118' title="bbox 2051 5713 3394 5823">
     <span class='ocr_line' id='line_1_122' title="bbox 2051 5713 3394 5787; baseline 0.01 -68"><span class='ocrx_word' id='word_1_962' title='bbox 2051 5713 2119 5787; x_wconf 29' lang='grc' dir='ltr'><strong>ζδ-</strong></span> <span class='ocrx_word' id='word_1_963' title='bbox 2163 5713 2421 5742; x_wconf 56' lang='grc' dir='ltr'>,ηηνη</span> <span class='ocrx_word' id='word_1_964' title='bbox 2471 5713 2588 5725; x_wconf 75' lang='grc' dir='ltr'>-..η</span> <span class='ocrx_word' id='word_1_965' title='bbox 2614 5713 2812 5748; x_wconf 48' lang='lat' dir='ltr'><strong>“ww.</strong></span> <span class='ocrx_word' id='word_1_966' title='bbox 2837 5713 3066 5750; x_wconf 58' lang='grc' dir='ltr'>...ηιμ</span> <span class='ocrx_word' id='word_1_967' title='bbox 3132 5713 3192 5744; x_wconf 70' lang='grc' dir='ltr'>υς,</span> <span class='ocrx_word' id='word_1_968' title='bbox 3224 5713 3310 5734; x_wconf 73' lang='grc' dir='ltr'>υς.</span> <span class='ocrx_word' id='word_1_969' title='bbox 3342 5713 3394 5736; x_wconf 82' lang='grc' dir='ltr'><strong>ι.</strong></span> 
     </span>
     <span class='ocr_line' id='line_1_123' title="bbox 2051 5742 3394 5823; baseline 0.014 -34"><span class='ocrx_word' id='word_1_970' title='bbox 2051 5771 2055 5783; x_wconf 60' lang='grc' dir='ltr'><strong>ι</strong></span> <span class='ocrx_word' id='word_1_971' title='bbox 2129 5751 2309 5806; x_wconf 85' lang='grc' dir='ltr'>γεγεν.</span> <span class='ocrx_word' id='word_1_972' title='bbox 2339 5749 2393 5797; x_wconf 90' lang='lat' dir='ltr'><strong>et</strong></span> <span class='ocrx_word' id='word_1_973' title='bbox 2414 5742 2613 5807; x_wconf 85' lang='grc' dir='ltr'>θ.Θεός</span> <span class='ocrx_word' id='word_1_974' title='bbox 2637 5747 2753 5800; x_wconf 84' lang='grc' dir='ltr'>ἐστι</span> <span class='ocrx_word' id='word_1_975' title='bbox 2786 5756 2839 5804; x_wconf 88' lang='lat' dir='ltr'><strong>et</strong></span> <span class='ocrx_word' id='word_1_976' title='bbox 2871 5764 3036 5820; x_wconf 85' lang='grc' dir='ltr'>σαρκ.</span> <span class='ocrx_word' id='word_1_977' title='bbox 3065 5752 3394 5823; x_wconf 77' lang='grc' dir='ltr'>γεννήσεως.</span> 
     </span>
    </p>
   </div>
   <div class='ocr_carea' id='block_1_119' title="bbox 2562 5674 3615 5752">
    <p class='ocr_par' dir='ltr' id='par_1_119' title="bbox 2562 5674 3615 5752">
     <span class='ocr_line' id='line_1_124' title="bbox 2562 5674 3615 5752; baseline 0.013 -25"><span class='ocrx_word' id='word_1_978' title='bbox 2562 5674 2812 5752; x_wconf 71' lang='grc' dir='ltr'>νύπογρ.</span> <span class='ocrx_word' id='word_1_979' title='bbox 2837 5674 3066 5750; x_wconf 78' lang='grc' dir='ltr'>Σωτῆρα</span> <span class='ocrx_word' id='word_1_980' title='bbox 3087 5695 3100 5709; x_wconf 90' lang='grc'><strong>·</strong></span> <span class='ocrx_word' id='word_1_981' title='bbox 3132 5674 3196 5744; x_wconf 76' lang='grc' dir='ltr'>ὃς</span> <span class='ocrx_word' id='word_1_982' title='bbox 3224 5682 3310 5734; x_wconf 90' lang='grc' dir='ltr'><strong>δέ.</strong></span> <span class='ocrx_word' id='word_1_983' title='bbox 3342 5681 3513 5741; x_wconf 83' lang='lat' dir='ltr'><strong>Porro</strong></span> <span class='ocrx_word' id='word_1_984' title='bbox 3537 5685 3615 5752; x_wconf 72' lang='grc' dir='ltr'><strong>ὡς</strong></span> 
     </span>
    </p>
   </div>
   <div class='ocr_carea' id='block_1_120' title="bbox 3766 5552 3771 5677">
    <p class='ocr_par' dir='ltr' id='par_1_120' title="bbox 3766 5552 3771 5677">
     <span class='ocr_line' id='line_1_125' title="bbox 3766 5552 3771 5677; baseline 0 -12"><span class='ocrx_word' id='word_1_985' title='bbox 3766 5566 3771 5677; x_wconf 65' lang='lat' dir='ltr'><em>J</em></span> 
     </span>
    </p>
   </div>
  </div>
