3838 6222
197 387 304 442 M9

1224 383 1312 440 DE
1353 381 1888 441 ECCLESIASTICA
1931 382 2325 442 TIIEOLOGIA
2367 386 2499 443 LIB.
2538 387 2580 442 I.

3344 393 3451 452 850

198 527 305 572 σει,
331 518 568 578 meum)
593 507 698 578 χρὴ
727 507 866 560 νοεῖν
895 507 989 560 καὶ
1014 507 1114 577 τῆς
1142 506 1250 559 τῶν
1272 507 1490 578 σαρκῶν
1518 505 1763 575 γενέσεω‹

1889 513 1988 559 tre.
2015 505 2182 562 Nemo
2209 509 2351 563 enim
2379 517 2490 564 tum
2519 509 2685 564 vitam
2717 519 3139 580 consequeretur
3163 521 3445 581 aeternam,

197 597 672 670 ἀπηλλοτριῶσθαι
704 598 794 651 τὸν
822 597 1042 668 τρόπον,
1074 596 1196 651 καθ’
1224 597 1282 651 ὃν
1314 599 1343 650 6
1365 597 1553 668 Πατὴρ
1585 595 1778 665 ἐγέννα

194 691 286 742 τὸν
313 689 458 743 Υἰόν.
503 689 578 742 οὑ
607 687 715 761 γάρ
754 707 806 742 τι
848 687 1190 760 προϊέμενος,
1234 687 1345 742 οὐδ’
1377 687 1774 759 ἀλλοιούμενος,

193 781 316 834 ούδέ
345 798 410 850 γε
439 779 756 852 παθητικῶς
781 780 1114 852 κινούμενος,
1136 781 1245 833 οὐδ’
1278 780 1417 845 ὅλως
1446 797 1500 833 τι
1517 781 1625 834 τῶν
1647 782 1776 852 ἡμῖν

195 872 674 942 συνεγνωσμένων,
710 871 1014 942 ὑπομένων,
1050 871 1246 943 ὑφίστη
1279 872 1462 926 αὑτόν.
1498 873 1633 926 Οὐδὲ
1667 874 1776 944 γὰρ

195 961 358 1032 σῶμα
385 957 475 1033 ἦν,
505 962 581 1026 ὡς
614 962 914 1034 ἀπόρροιαν
940 962 1049 1032 (46)
1083 962 1116 1034 ἢ
1162 963 1407 1034 μείωσιν,
1464 962 1498 1034 ἢ
1533 962 1773 1026 ἔκτασιν,

192 1054 226 1124 ἢ
273 1054 595 1125 μεταϐολὴν,
636 1054 670 1125 ἢ
703 1055 933 1127 τροπὴν,
978 1055 1011 1126 ἤ
1043 1056 1193 1125 ῥοὴν,
1243 1056 1276 1127 ἢ
1322 1056 1509 1128 μέρος,
1541 1057 1576 1128 ἢ
1607 1056 1776 1120 πάθος

193 1145 283 1195 ἐπ’
314 1143 464 1214 αὺτῷ
489 1143 837 1213 λογίσασθαιο
869 1145 1074 1200 τούτων
1105 1147 1152 1201 δ’
1187 1147 1343 1210 ἐκτὸς
1384 1148 1640 1203 ἁπάντων
1677 1150 1775 1222 ἄῤ·

195 1239 360 1306 ρητον
388 1239 519 1307 ἡμῖν
565 1238 658 1290 καὶ
689 1237 1117 1307 άνεπιλόγιστον,
1155 1240 1354 1310 μᾶλλον
1386 1241 1442 1294 δὲ
1477 1242 1624 1315 πάσῃ
1653 1259 1776 1312 γεν-

192 1333 330 1399 νητῇ
366 1328 525 1397 φύσει
547 1329 964 1401 ἀνεξερεύνητον
997 1331 1090 1383 καὶ
1120 1331 1520 1402 ἀνεξιχνίαστον
1551 1334 1649 1404 τὴν
1678 1352 1772 1404 γε-

190 1422 539 1492 νεσιουργίαν
585 1422 804 1494 ὑφίστη.
845 1424 1012 1494 Γεννᾷ
1046 1425 1144 1495 μὲν
1171 1423 1266 1481 οὖν
1298 1426 1392 1480 καὶ
1434 1427 1463 1480 ὁ
1498 1427 1649 1498 ἥλιος
1677 1427 1772 1500 τὴν

190 1513 404 1584 αὐγὴν,
446 1513 663 1582 λέγεται
705 1514 760 1567 δὲ
797 1515 891 1568 καὶ
930 1517 960 1568 6
998 1516 1126 1581 Υἱὸς
1171 1519 1538 1588 ἀπαύγασμα
1579 1521 1773 1588 φωτὸς

188 1606 388 1659 ἀϊδίου
419 1606 516 1659 καὶ
539 1607 902 1676 ἀπαύγασμα
926 1607 1037 1678 τῆς
1061 1608 1267 1676 δόξης,
1295 1611 1355 1663 οὑ
1381 1611 1479 1682 μὲν
1504 1611 1643 1664 κατά
1673 1613 1772 1684 τὴν

188 1697 456 1770 αἰσθητὴν
487 1697 580 1750 τοῦ
605 1699 780 1766 φωτὸς
805 1700 988 1754 εἰκόνα
1013 1701 1288 1769 (ἐπέκεινα
1312 1701 1420 1773 γάρ
1446 1702 1646 1766 παντὸς
1675 1720 1773 1756 πα-

192 1790 593 1861 ραδείγματος),
616 1791 878 1862 ἀρρήτοις
907 1793 1069 1846 αὑτὸν
1107 1796 1200 1847 καὶ
1243 1795 1645 1867 ἀκαταλήπτοις
1687 1798 1768 1851 λό-

187 1899 309 1949 γοις
335 1881 554 1953 ὑφίστη,
575 1883 671 1935 καὶ
695 1883 882 1937 τοῦτον
904 1883 1002 1938 ἕνα
1032 1885 1124 1938 καὶ
1144 1887 1442 1958 Μονογενῆ.
1474 1889 1764 1944 Δυσσεϐὦν

183 1972 246 2025 δὲ
279 1971 372 2024 καὶ
408 1970 582 2026 ἀθέων
623 1972 854 2044 ἀνδρῶν,
903 1974 1000 2046 τὴν
1028 1975 1286 2030 πολύθεον
1318 1975 1526 2047 πλάνην
1547 1996 1767 2050 νενοση-

184 2064 383 2129 κότων,
413 2066 822 2136 ἀποπεφράχθω
865 2068 974 2121 πᾶν
1007 2067 1199 2138 στόμα,
1237 2071 1285 2123 οἰ
1323 2069 1416 2124 τοῦ
1450 2071 1770 2142 μονογενοῦς

185 2155 322 2209 Υίοῠ
345 2156 441 2227 τὴν
463 2157 734 2229 ἐξαίρετον
754 2161 849 2212 καὶ
871 2159 1174 2225 ἰδιάζουσαν
1190 2161 1440 2234 γέννησιν
1465 2166 1544 2228 εἰς
1567 2164 1770 2235 πλῆθος

182 2249 616 2313 καταὸάλλοντες
656 2251 887 2319 Πατέρα
913 2251 1147 2322 ἀνδρῶν
1187 2271 1251 2308 τε
1282 2254 1432 2309 θεῶν·
1462 2258 1768 2330 τε-άνειρή-

183 2353 368 2404 κασιν,
433 2339 570 2411 ὁμοῦ
620 2341 718 2411 μὲν
769 2341 965 2412 ἄνδρας
1012 2343 1264 2414 μίξαντες
1312 2344 1474 2409 Θεοῖς,
1520 2345 1656 2418 ὁμοῦ
1709 2348 1765 2402 δὲ

181 2430 400 2494 τούτοις
429 2431 646 2503 ὁμοφυῆ
680 2432 772 2486 καὶ
799 2433 892 2486 τὸν
926 2435 1085 2488 αὑτὸν
1111 2437 1490 2508 εἰσηγούμενοι
1525 2440 1765 2511 Πατέρα.

195 2523 340 2575 Ἀλλ’
369 2523 489 2576 οὑδὲ
531 2523 629 2594 μὲν
658 2523 906 2596 ἐνεργείᾳ
931 2525 1217 2599 δαιμονικῇ
1250 2528 1311 2580 τὸ
1334 2528 1592 2592 δυσσεϐὲς
1616 2531 1768 2585 τουτὶ

180 2613 281 2667 καὶ
314 2614 472 2669 ἄθεον
503 2616 812 2686 προήκαντο
849 2617 1019 2687 ῥῆμα,
1051 2615 1128 2688 τῷ
1153 2617 1330 2690 θνητῷ
1362 2620 1456 2674 καὶ
1481 2621 1767 2696 παθητικῷ

178 2707 280 2758 καὶ
320 2705 677 2777 ἁμαρτητικῴ
704 2707 850 2776 γένει
881 2707 986 2760 τῶν
1025 2707 1326 2780 ἀνθρώπων
1367 2712 1624 2782 ὁμοφυεῖς
1673 2716 1767 2769 καὶ

176 2797 484 2864 ὁμοπαθεῖς
516 2795 692 2859 θεοὺς,
731 2797 826 2850 καὶ
862 2796 953 2850 τὸν
995 2797 1201 2851 τούτων
1231 2799 1406 2853 κοινὸν
1445 2802 1766 2874 ὑποθέμενοι

179 2888 424 2958 Πατέρα,
477 2887 692 2951 πάντως
729 2904 832 2941 που
868 2891 980 2953 τοῖς
1009 2891 1195 2943 παισὶν
1227 2894 1711 2964 παρωμοιωμένον,
1737 2898 1766 2950 6

176 2980 224 3033 δ’
250 2979 697 3050 ὲκκλησιαστικὺς
721 2980 895 3051 κήρυξ
922 2981 1038 3044 ἐνὸς
1066 2981 1198 3034 Θεοῦ
1219 2981 1316 3036 ἕνα
1353 2987 1613 3057 μονογενῆ
1637 2986 1764 3041 Υἱὸν

177 3075 296 3135 τοῖς
346 3074 510 3126 πᾶσιν
567 3072 949 3144 ἀνακηρύττει,
1003 3073 1061 3127 ὃν
1122 3074 1262 3146 ὑπὲρ
1319 3077 1416 3146 τῆς
1479 3076 1586 3130 τῶν
1649 3095 1766 3147 γεν-

1879 598 1924 653 si
1977 599 2091 654 haec
2133 601 2371 656 conditio
2403 611 2602 657 statuta
2649 601 2882 658 fuisset:
2916 604 3074 673 quia,
3105 603 3277 659 Nemo
3305 610 3448 661 norit

1880 685 2099 742 Patrem
2129 689 2230 744 nisi
2275 688 2466 756 Filius,
2482 707 2642 759 neque
2677 689 2878 746 Filium
2904 694 3021 762 quis
3045 695 3184 749 novit
3213 697 3317 750 nisi
3347 696 3451 751 Pa-

1877 791 1958 835 ter
1979 784 2144 845 solus,
2173 785 2262 852 qui
2296 783 2446 836 illum
2493 785 2760 852 generavit
2789 785 2854 840 ⁸⁸.
2903 784 3108 840 Sufﬁcit
3132 800 3264 858 ergo
3294 790 3449 843 nobis

1878 873 1944 925 ad
1975 873 2204 929 salutem
2241 874 2374 928 lides
2397 913 2414 936 ,
2449 889 2510 929 ea
2561 890 2680 943 qua:
2718 876 2882 929 Deum
2911 878 3067 930 nobis
3095 878 3317 932 exhibet
3354 878 3448 933 Pa-

1880 969 2016 1016 trem
2042 999 2058 1025 ,
2087 962 2513 1031 omnipotentem
2545 1003 2560 1029 ,
2595 975 2648 1018 et
2699 962 2894 1018 Filium
2948 965 3121 1032 ipsius
3165 965 3447 1035 subsignat

1881 1053 2252 1108 Servatorem.
2287 1053 2388 1120 Qui
2417 1063 2471 1108 et
2510 1054 2625 1115 ipse
2667 1053 2808 1109 inter
2834 1054 2940 1109 alia
2974 1054 3128 1109 nobis
3155 1053 3257 1108 ista
3298 1069 3447 1108 com-

1880 1146 2156 1200 mendavit
2186 1146 2469 1216 inquiens:
2501 1146 2653 1212 Quod
2691 1156 2872 1199 natum
2907 1155 2984 1200 est
3025 1161 3091 1200 ea:
3113 1161 3292 1211 carne,
3323 1159 3446 1200 euro

1879 1246 1955 1292 est
1985 1255 2005 1303 ;
2031 1249 2077 1292 et
2108 1239 2247 1308 quod
2291 1252 2468 1300 natum
2519 1248 2593 1292 est
2624 1253 2688 1291 ea:
2729 1239 2916 1303 spiritu
2940 1277 2956 1302 ,
2997 1237 3215 1307 spiritus
3244 1247 3319 1290 est
3357 1236 3442 1303 “;

1878 1328 2020 1385 Deus
2067 1340 2242 1384 autem
2287 1331 2504 1394 spiritus
2537 1340 2611 1383 est
2651 1329 2716 1380 °’.
2753 1329 3102 1397 Consequens
3149 1327 3312 1396 igitur
3338 1335 3445 1392 est,

1874 1433 1936 1478 ut
1958 1421 2503 1492 intelligamus,quod
2535 1429 2718 1474 natum
2741 1430 2826 1474 est
2857 1419 2924 1474 de
2956 1419 3085 1485 Deo,
3117 1417 3285 1472 Deum
3301 1432 3442 1472 esse.

1878 1515 2147 1582 Quantum
2180 1529 2308 1568 vero
2339 1513 2482 1567 Dens
2507 1514 2595 1568 ille
2632 1513 3007 1567 universorum
3040 1524 3200 1578 super
3225 1522 3442 1563 carnem

1876 1609 2015 1664 hanc
2040 1619 2316 1664 terrenam
2353 1607 2620 1663 exaltatus
2647 1645 2664 1670 ,
2708 1606 2776 1660 ab
2827 1605 2974 1659 illius
3023 1603 3185 1658 modo
3217 1600 3445 1656 recessit

1872 1709 1928 1756 et
1954 1715 2212 1755 mensura
2241 1717 2255 1754 :
2283 1699 2336 1754 in
2389 1707 2598 1754 tantum
2633 1697 2790 1752 nobis
2819 1697 2998 1751 animo
3028 1692 3442 1763 concipiendum

1871 1802 1957 1848 est
1989 1832 2004 1856 ,
2053 1793 2269 1846 modum
2318 1791 2469 1845 illum
2496 1830 2512 1856 ,
2552 1789 2848 1844 secundum
2876 1802 3034 1856 quem
3069 1785 3229 1840 Pater
3261 1785 3444 1854 genuit

1879 1884 2099 1949 Filium,
2135 1882 2320 1937 multis
2353 1881 2568 1950 quidem
2603 1880 2935 1949 parasangis,
2967 1877 3244 1933 carnalem
3276 1893 3440 1947 gene-

1873 1973 2027 2027 randi
2071 1973 2286 2026 tnodum
2323 1984 2673 2039 exsuperare.
2711 1975 2768 2032 >14
2822 1968 3007 2036 Neque
3050 1969 3193 2022 enim
3237 1967 3441 2036 aliquid

1871 2064 2193 2130 emittentlo,
2229 2062 2425 2118 nedum
2474 2063 2590 2131 ipse
2641 2061 2901 2116 alteratus
2925 2100 2941 2124 ,
2977 2069 3070 2112 aut
3103 2075 3199 2128 per
3229 2059 3440 2128 passio-

1872 2173 1994 2213 nem
2032 2156 2264 2212 aﬂ‘ectus
2303 2155 2635 2225 aliqualiter,
2659 2166 2754 2221 et,
2784 2165 2845 2209 ut
2894 2154 3175 2224 expediam
3228 2150 3438 2213 verbo,

1871 2249 2006 2304 nihil
2035 2263 2222 2304 eorum
2258 2248 2561 2310 subeundo,
2601 2261 2721 2316 quae
2755 2246 2957 2302 nostris
2984 2244 3177 2298 animis
3196 2253 3326 2298 sunt
3349 2257 3442 2298 co-

1868 2341 2108 2411 gnitione
2141 2338 2621 2408 apprehensibilia,
2652 2337 2802 2392 illum
2831 2337 3126 2392 subsistere
3157 2333 3306 2389 fecit.
3321 2331 3440 2389 Non

1867 2433 2011 2488 enim
2045 2447 2245 2502 corpus
2277 2440 2395 2487 erat
2424 2431 2591 2494 Patri,
2644 2438 2704 2484 ut
2737 2428 2991 2482 eﬂluxum
3034 2429 3170 2496 ipsi,
3198 2425 3441 2482 diminu-

1871 2527 2094 2590 tionem,
2133 2523 2536 2590 extensionem,
2564 2521 3094 2582 transmutationem,
3130 2517 3442 2572 conversio-

1869 2633 1990 2674 nem
2018 2656 2036 2685 ,
2063 2615 2264 2671 ﬂuxum
2291 2654 2309 2682 ,
2338 2625 2521 2686 partes
2541 2653 2556 2679 ,
2592 2614 2902 2685 passionem
2947 2611 3305 2666 attribuamus
3331 2609 3440 2664 ullo

1868 2719 2045 2781 pacto.
2076 2709 2158 2764 Ab
2209 2707 2329 2762 istis
2359 2715 2540 2761 autem
2576 2706 2834 2759 omnibus
2882 2703 3020 2757 liber
3051 2712 3106 2758 et
3153 2709 3396 2757 semotus
3421 2739 3436 2766 ,

1866 2798 2232 2868 generationis
2268 2797 2485 2851 modum
2534 2795 2736 2850 subivit
2761 2793 2874 2858 ille,
2908 2807 3013 2847 non
3040 2791 3436 2860 explicabilem,

1867 2887 2461 2957 incomprehensibilem
2499 2911 2510 2941 ;
2551 2887 2660 2941 imo
2684 2894 2741 2940 et
2770 2885 3034 2939 universae
3062 2893 3434 2937 creaturarum

1867 2991 2072 3036 naturae
2100 3019 2116 3046 ,
2150 2980 2310 3035 nullis
2339 2979 2582 3048 vestigiis
2631 2977 2960 3034 odorandam
2988 3016 3006 3045 ,
3038 2975 3183 3028 nulla
3216 2974 3438 3028 investi-

1866 3075 2088 3142 gatione
2139 3058 2550 3142 assequendam.
2594 3068 2872 3140 Progignit
2921 3070 3136 3135 quidem
3177 3063 3436 3135 splendov

179 3161 365 3226 vnrtiiv
433 3162 688 3217 ἁπάντων
757 3163 1027 3234 σωτηρίας
1087 3180 1146 3216 τε
1210 3165 1305 3218 καὶ
1347 3166 1602 3236 προνοίας
1659 3169 1762 3238 ὑφ-

1871 3181 1980 3220 rern
2009 3165 2076 3221 de
2102 3180 2160 3221 se
2189 3164 2291 3220 sol.
2325 3163 2536 3218 Dicitur
2570 3171 2748 3217 autem
2776 3160 2966 3225 Filius,
3015 3159 3262 3227 splendor
3299 3155 3437 3209 lucis

181 3245 330 3318 ίστη.

1867 3269 2078 3313 (eterna:
2109 3258 2154 3291 ⁸⁸
2189 3275 2203 3312 :
2251 3267 2298 3312 et
2337 3255 2523 3325 gloria:
2545 3254 2794 3324 splendor
2823 3253 2889 3318 ",
2935 3253 3031 3306 sed
3079 3264 3186 3304 non
3237 3259 3434 3301 secun-

179 3336 314 3390 dum
361 3337 500 3395 lucis
552 3338 828 3396 sensibilis
857 3340 1169 3410 imaginem.
1211 3340 1345 3396 Nam
1381 3359 1546 3414 supra
1577 3349 1756 3404 omnis
1793 3350 2024 3420 exempli
2095 3348 2500 3404 similitudinem
2529 3386 2546 3411 ,
2613 3342 3076 3401 inenarrabilihus
3101 3355 3226 3396 eum
3261 3338 3435 3393 modis

178 3442 236 3486 et
292 3431 873 3503 incomprehendendis
921 3436 1177 3506 produxit
1239 3437 1402 3495 Pater
1451 3459 1464 3494 :
1520 3457 1752 3514 eumque
1791 3461 1957 3504 unum
1991 3455 2048 3501 et
2096 3444 2469 3515 Unigenitum.
2536 3440 2725 3510 Intpiis
2786 3448 2962 3494 autem
3002 3436 3274 3502 omnibus,
3305 3443 3361 3490 et
3401 3450 3432 3488 a

178 3525 388 3594 pietate
429 3527 690 3594 remotis,
735 3543 826 3598 qut
879 3530 1070 3584 morbo
1115 3529 1366 3586 laborant
1411 3533 1477 3589 de
1531 3535 1754 3592 deorum
1793 3539 2161 3602 multitudine,
2224 3536 2548 3592 obturantur
2607 3549 2702 3589 ora
2738 3550 2750 3588 :
2788 3533 2877 3599 qui
2909 3531 3234 3602 singularem
3271 3531 3431 3584 istam

176 3629 239 3675 et
261 3630 518 3676 aeternam
545 3622 805 3693 unigeniti
845 3623 962 3678 Filii
1002 3625 1440 3696 generationem,
1474 3629 1527 3684 in
1564 3632 1966 3690 multitudinem
2028 3634 2282 3688 deorsum
2344 3628 2676 3699 conjiciunt,
2734 3625 2952 3680 Patrem
3028 3626 3299 3679 hominum
3335 3637 3434 3678 no—

178 3716 456 3773 minantes
495 3718 851 3789 deorumque,
895 3719 1141 3776 homines
1183 3722 1285 3777 diis
1309 3726 1757 3797 commiscentes,
1796 3728 2012 3786 Patrem
2041 3737 2406 3801 supponentes
2466 3727 2550 3783 his
2612 3739 2993 3795 congenerem.
3029 3723 3168 3788 Alii,
3199 3737 3295 3790 per
3319 3721 3430 3776 dae-

179 3821 409 3862 monum
465 3807 877 3877 operationem,
931 3808 1153 3875 impium
1216 3811 1358 3867 istud
1417 3817 1634 3870 verbum
1701 3827 1757 3871 et
1794 3819 2062 3874 atlteismo
2119 3820 2336 3889 plenum
2409 3817 2704 3889 protulere,
2752 3817 2880 3872 deos
2919 3828 3275 3883 congeneres,
3331 3812 3431 3868 iis-

179 3899 418 3966 demque
451 3897 792 3969 passionibus
823 3895 1111 3965 obnoxios,
1136 3899 1331 3968 quibus
1367 3904 1616 3969 mortale,
1673 3907 1946 3974 passibile,
2017 3917 2071 3963 et
2135 3907 2411 3978 peccabile
2432 3921 2602 3977 genus
2647 3905 2925 3960 hominum
2955 3903 3429 3974 subjacet,hornm

175 3990 429 4045 omnium
480 3999 534 4044 et
579 3988 912 4058 singulorum
973 3988 1188 4045 Patrem
1256 3990 1447 4060 Deum,
1497 3996 1724 4066 singulis
1771 4007 1826 4052 et
1877 4001 2146 4056 universis
2190 4002 2500 4055 assimilari.
2548 3997 2736 4054 Pramo
2781 4007 2960 4052 autem
3014 3995 3431 4053 Ecclesiasticus

179 4082 344 4134 unius
372 4081 485 4146 Dei,
514 4095 676 4135 unum
710 4081 1012 4146 annuntiat,
1040 4090 1096 4136 et
1135 4084 1472 4152 unigenitum
1500 4087 1695 4143 Filium
1729 4108 1742 4144 :
1783 4105 1942 4160 quem
1998 4093 2160 4149 Pater
2209 4095 2278 4148 ad
2324 4092 2553 4150 salutem
2587 4093 3005 4156 universorum,

180 4172 578 4241 providendum
609 4173 896 4236 creaturis,
926 4175 1221 4231 subsistere
1247 4176 1398 4232 fecit.

831 4265 989 4318 ΚΕΦ.
1003 4265 1097 4320 ΙΓ¹.

175 4355 315 4407 Ὅτι
355 4355 651 4423 ἀναγκαία
689 4344 788 4430 καί
824 4357 1120 4430 σωτήριος
1159 4358 1286 4430 τοῖς
1330 4357 1523 4422 πᾶσιν
1575 4363 1610 4430 ἡ
1654 4362 1760 4418 τοῦ

716 4427 850 4480 Υἱοῦ
884 4426 1226 4484 ἐπιστασία.
1277 4431 1280 4434 ’

263 4519 481 4590 Ἐπειδὴ
505 4521 613 4590 γὰρ
633 4522 667 4590 ὴ
692 4519 800 4574 τῶν
831 4520 1128 4589 γεγονότων
1151 4521 1311 4590 φύσις
1341 4522 1398 4575 ἐν
1430 4522 1640 4594 σώμασι
1664 4524 1758 4577 καὶ

173 4613 514 4682 ἀσωμάτοις,
547 4611 812 4681 ἐμψύχοις
835 4628 894 4664 τε
926 4612 1018 4664 καὶ
1041 4611 1286 4684 ἀψύχοις,
1315 4613 1550 4681 λογικοῖς
1578 4632 1637 4666 τε
1663 4617 1756 4669 καὶ

173 4705 413 4773 ἀλόγοις,
462 4703 674 4774 θνητοῖς
712 4721 772 4756 τε
815 4703 909 4756 καὶ
935 4703 1237 4769 ἀθανάτοις,
1272 4706 1333 4758 τὸ
1374 4706 1627 4778 διάφορον
1660 4723 1753 4759 κε-

175 4799 426 4868 κτημένη
450 4836 466 4861 ,
495 4796 574 4866 τῷ
607 4796 747 4869 ὑπὲρ
773 4797 989 4851 πάντων
1023 4799 1114 4850 καὶ
1141 4798 1235 4851 ἐπὶ
1265 4800 1480 4852 πάντων
1506 4799 1624 4870 Θεῷ
1655 4817 1751 4852 πε-
1797 4826 1804 4834 -

172 4890 359 4953 ’άζειν
387 4890 480 4941 καὶ
507 4887 612 4941 τῶν
635 4888 736 4959 τῆς
760 4888 924 4941 αὑτοῦ
957 4889 1209 4960 θεότητος
1243 4889 1619 4961 μαρμαρυγῶν
1652 4891 1749 4961 οὑχ

167 4999 206 5023 η
227 4995 261 5034 α
293 4998 351 5032 τε
385 4975 452 5051 ἦν
490 4980 734 5050 μετέχειν
763 4980 831 5033 δι’
861 4980 1166 5051 ὑπερϐολὴν
1195 4981 1292 5051 τῆς
1317 4981 1424 5036 ἀπὸ
1452 4979 1544 5033 τοῦ
1575 4981 1752 5052 κρείτ-

169 5089 327 5135 ³ιονος
348 5071 656 5141 ἐλλείψεως,
691 5071 906 5143 μακράν
933 5071 990 5124 δὲ
1030 5072 1124 5125 καὶ
1151 5072 1505 5144 πορρωτάτω,
1536 5071 1748 5141 φύσεως

169 5161 448 5234 ἀσθενείᾳ,
479 5161 736 5215 διολισθὲν
761 5163 825 5216 ἂν
854 5160 962 5233 εἴη,
992 5161 1101 5232 (47)
1140 5165 1188 5215 εἰ
1222 5162 1296 5234 μὴ
1321 5163 1454 5216 Θεοῦ
1501 5163 1751 5234 Σωτῆρος

3088 4099 3142 4144 et
3206 4089 3428 4161 singulis

2474 4267 2626 4325 CAP.
2671 4267 2804 4322 XIII.

1937 4361 2090 4427 Quod
2119 4360 2370 4414 adventus
2401 4357 2529 4413 Filii
2565 4360 2803 4413 omnibus
2833 4359 2992 4430 fuerit
3033 4359 3280 4414 salutaris
3309 4369 3358 4413 et

2478 4446 2819 4485 necessarius.

1933 4521 2377 4591 Quandoquidem
2409 4535 2541 4575 vero
2590 4535 2770 4574 rerum
2813 4527 3289 4590 progeneratarum
3331 4534 3428 4573 na-

1860 4625 1999 4678 tura,
2036 4629 2158 4683 qnae
2183 4612 2544 4669 differentiam
2581 4613 2773 4680 sortita
2810 4620 2895 4666 est
2921 4611 3297 4680 multiplicem,
3329 4625 3428 4679 per

1857 4719 2150 4772 c0rporeas
2176 4715 2228 4760 et
2255 4705 2604 4773 incorporeas
2637 4707 2903 4758 essentias
2922 4743 2937 4769 ,
2963 4704 3230 4758 animatas
3258 4713 3315 4758 et
3339 4705 3425 4758 in-

1857 4800 2126 4854 animatas
2158 4839 2172 4863 ,
2200 4800 2495 4853 rationales
2519 4839 2531 4860 .
2558 4808 2614 4852 et
2644 4796 3020 4863 irrationales,
3067 4799 3317 4854 mortales
3372 4807 3428 4854 et

1857 4889 2194 4944 immortales
2219 4931 2234 4954 ,
2285 4892 2718 4962 appropinquare
2750 4890 2858 4946 Deo
2884 4929 2901 4956 ,
2929 4891 3018 4960 qui
3051 4906 3212 4960 super
3243 4893 3424 4945 omnia

1853 4989 1909 5034 et
1941 4995 2036 5049 per
2070 4981 2252 5034 omnia
2281 4990 2495 5050 praeest,
2519 4986 2576 5044 >3
2614 4980 2757 5034 illius
2779 4980 3079 5034 divinitatis
3107 4980 3424 5050 Splendorcs

1854 5070 2000 5124 nullo
2053 5071 2212 5124 modo
2258 5071 2435 5139 potuit
2473 5070 2796 5139 participare
2825 5109 2839 5133 ,
2883 5069 2954 5123 ob
3005 5067 3223 5121 nimiam
3277 5067 3421 5119 illam

1854 5177 2005 5216 suam
2042 5163 2406 5217 delicientiam
2432 5202 2447 5226 ,
2476 5176 2572 5232 per
2620 5176 2779 5231 quam
2819 5178 2847 5214 a
2886 5168 3077 5215 natura
3127 5159 3214 5213 illa
3253 5156 3421 5212 subli-

169 5253 332 5322 ἔτυχε
383 5250 596 5323 βοηθοῦ,
635 5251 857 5315 εἰκότως
888 5253 921 5322 ἡ
955 5253 1192 5324 πατρικὴ
1228 5252 1628 5324 φιλανθρωπία,
1663 5255 1752 5306 τὸν

1877 5255 2097 5310 nissima
2137 5265 2463 5312 semovetur.
2499 5253 2648 5308 Unde
2677 5267 2874 5324 magno
2897 5292 2912 5320 ,
2960 5254 3071 5307 imo
3105 5251 3419 5321 longissimo

248 5420 313 5480 r14
342 5415 436 5471 Ed.
472 5415 668 5482 Paris.,
691 5431 849 5487 pagg.
871 5415 1052 5480 75,74.
1083 5415 1335 5472 "Matth.
1374 5415 1886 5488 xt,27.f°Joan.m,
1922 5413 1975 5468 6.
2015 5413 2232 5468 "Joan.
2255 5413 2435 5480 mai.
2511 5411 2700 5480 "Sap.
2731 5427 2836 5477 vn,
2867 5410 2955 5465 26.
3035 5409 3320 5479 “ﬂebm,
3360 5411 3412 5466 5.

249 5651 360 5724 (ιδ)
390 5653 560 5728 Vtugo
588 5657 690 5728 καὶ
726 5654 979 5728 μείωσιν,
1003 5653 1123 5728 dein
1154 5654 1278 5725 ῥοὴν
1308 5664 1360 5709 et
1387 5673 1732 5728 γεννησιουρ-

165 5726 383 5798 γίανςι
413 5724 504 5776 καὶ
527 5725 556 5776 6
583 5724 816 5798 mitiget
839 5726 937 5777 ἀπ.
959 5724 1335 5798 δόξηςίροιτον
1374 5724 1628 5798 αἰσθητόν
1673 5724 1730 5782 et

167 5797 228 5848 αἱ
253 5793 422 5864 ἀΐδιον
455 5801 509 5847 et
540 5793 964 5858 καταϐάλλοντες
991 5806 1045 5848 et
1073 5795 1227 5864 ἀνδρ.
1259 5797 1350 5851 καὶ
1382 5793 1541 5853 θεῶνζ
1588 5797 1722 5854 Dein

167 5866 322 5920 ἄλλοι
353 5863 409 5917 δὲ
449 5864 546 5935 μέν
569 5875 623 5920 et
651 5865 729 5931 τῷ
756 5865 903 5933 διαφ.
937 5865 1040 5934 Mp.
1067 5867 1135 5919 ῑσ.
1164 5863 1239 5918 τό.

1921 5662 2030 5733 (4⁸7)
2067 5665 2134 5717 El
2156 5662 2242 5732 μὴ
2285 5663 2434 5733 Θεοῦ
2462 5661 2774 5731 Σωτήριος.
2811 5659 2894 5733 Ita
2928 5659 3134 5733 legend.
3192 5660 3414 5733 omnino

1844 5726 1991 5800 patet
2013 5726 2194 5808 [vulgo
2222 5726 2461 5808 εἴη-μή]⁹
2491 5726 2694 5798 ειίιιὶἶιι,
2722 5726 3004 5805 χωροῦντᾶ
3024 5730 3128 5804 [sic
3157 5739 3206 5787 et
3225 5726 3412 5808 codd.]

1841 5804 2030 5875 nempe
2057 5805 2239 5860 lilium.
2281 5804 2347 5859 M.
2423 5804 2439 5806 “
2805 5804 2812 5805 ί
3403 5804 3416 5810 κ
