3838 6222
405 395 502 450 851

1078 394 1348 453 EUSEBH
1389 395 1872 454 CA'ZSARIENSIS
1911 395 2061 454 OPP.
2102 397 2280 454 PARS
2319 399 2407 456 IV.
2445 431 2514 442 —
2555 397 2969 458 DOGMATlCA.

3530 395 3649 458 851

405 511 712 575 in'ervallo,
739 519 963 582 propter
985 485 1285 565 naturalem
1316 526 1469 566 suam
1502 511 1872 568 intlrmitatem
1903 513 1956 567 al

2076 514 2239 568 αὑτοῦ
2286 515 2548 587 μονογενῆ
2595 516 2767 570 Παῖδα
2813 516 2904 568 ἐπὶ
2941 515 3073 568 πᾶσι
3123 512 3374 584 καθίστη,
3422 512 3518 566 καὶ
3553 509 3653 567 διὰ

405 605 495 659 ἱΙΙο
523 604 851 670 excidisset,
882 603 987 658 nisi
1032 603 1197 664 Deum
1232 602 1534 670 adiutorem
1571 605 1746 676 ipsum
1780 607 1966 660 nanci-

405 705 669 762 sceretur,
705 704 933 763 paterna
964 695 1056 748 illa
1098 695 1190 750 Dei
1223 695 1615 760 misericordia,
1649 711 1746 751 nec
1778 699 1968 751 imme-

405 789 531 855 rito,
563 803 720 844 suum
751 788 941 844 Filium
989 788 1323 862 unigenitum
1353 803 1516 858 super
1545 803 1736 846 omnes
1765 789 1970 844 consti-

403 881 527 946 tuit,
561 890 746 950 utpote
769 881 858 951 qui
889 895 987 951 per
1015 880 1196 934 omnia
1215 889 1562 947 commearet,
1585 881 1835 936 omnibus
1853 882 1968 937 loco

403 973 764 1027 moderatoris
793 971 1130 1041 prasideret,
1167 981 1220 1025 et
1249 972 1368 1026 illos
1396 971 1616 1041 largiter
1637 972 1703 1026 de
1733 988 1828 1028 sua
1855 989 1969 1028 mu-

402 1062 678 1116 niﬁcentia
717 1062 990 1133 irrigaret.
1041 1061 1320 1118 Universis
1359 1063 1626 1130 siquidem
1667 1073 1720 1119 et
1747 1064 1970 1134 singulis

401 1169 526 1210 eum
577 1153 760 1220 Pater,
791 1156 880 1222 qui
913 1164 1216 1224 genuerat,
1263 1168 1369 1209 tam
1421 1155 1510 1224 qui
1543 1165 1670 1211 sunt
1713 1157 1766 1211 in
1793 1157 1966 1224 caalis,

401 1257 565 1316 quam
598 1248 690 1316 qui
731 1261 891 1318 super
922 1256 1114 1314 terras,
1149 1257 1420 1317 pastorem
1453 1247 1732 1303 constituit
1762 1257 1818 1303 et
1840 1248 1967 1303 Ser-

400 1347 640 1392 vatorem
665 1379 680 1398 ,
709 1348 1011 1396 curatorem
1056 1339 1202 1392 dedit
1238 1349 1291 1392 et
1335 1339 1630 1405 custodem,
1696 1339 1964 1394 medicum

403 1432 463 1484 et'
482 1431 898 1499 gubernatorem
943 1430 1138 1484 solum.
1175 1429 1248 1483 Illi
1283 1445 1464 1486 rerum
1498 1430 1735 1485 omnium
1764 1429 1966 1500 guber-

401 1520 598 1574 nacula
645 1521 696 1574 iu
750 1536 942 1576 manus
992 1519 1174 1584 dedit,
1209 1521 1298 1589 qui
1328 1530 1384 1574 et
1418 1521 1504 1574 illa
1540 1521 1880 1590 produceret,
1912 1529 1968 1575 et

400 1612 664 1681 producta
717 1623 1051 1681 procuraret.
1086 1613 1139 1666 ld
1167 1615 1309 1682 quod
1343 1615 1458 1682 ipse
1486 1613 1680 1678 docet,
1730 1613 1818 1666 ubi
1868 1614 1962 1677 ait,

401 1703 595 1760 Omnia
615 1705 743 1758 mihi
767 1705 964 1776 tradita
1000 1716 1117 1759 sunt
1163 1723 1196 1760 a
1224 1704 1382 1760 Patre
1404 1724 1514 1761 meo
1541 1708 1608 1762 ⁷⁸.
1640 1707 1705 1762 Et
1736 1722 1918 1762 rursus
1947 1725 1959 1761 :

400 1794 566 1849 Pater
593 1797 728 1851 enim
755 1796 925 1867 diligit
955 1795 1002 1849 Ρ
1007 1798 1178 1862 ilium,
1203 1809 1249 1852 et
1274 1800 1446 1853 omnia
1471 1799 1548 1852 illi
1571 1800 1627 1874 in
1659 1816 1845 1853 manus
1875 1801 1965 1854 de-

2073 606 2287 659 πάντων
2316 607 2615 678 χωροῦντα,
2644 609 2738 661 καί¹
2769 611 2880 672 τοῖς
2903 609 3068 661 πᾶσιν
3105 608 3518 671 ἐπιστατοῦντα,
3547 609 3652 661 καὶ

2071 695 2170 760 τὰς
2221 695 2280 761 ἐξ
2335 697 2497 751 αὑτοῦ
2558 697 2820 769 χορηγίας
2872 697 3194 769 ὲπάρδοντα.
3260 699 3482 752 Πάντων
3533 698 3654 770 γὰρ

2070 788 2300 860 ἁθρόως,
2333 791 2441 842 τῶν
2474 807 2532 844 τε
2561 793 2678 845 κατ’
2704 791 2950 863 οὐρανὸν,
2984 791 3077 844 καὶ
3108 791 3215 845 τῶν
3259 793 3350 844 ὲπί
3385 791 3489 861 γῆς
3533 809 3656 845 ποι-

2073 880 2209 949 μένα
2261 879 2355 932 καὶ
2396 881 2643 952 Σωτῆρα,
2692 881 2960 952 κηδεμόνα
3009 897 3069 933 τε
3116 880 3211 933 καὶ
3257 879 3492 948 φύλακα,
3549 880 3656 932 καὶ

2073 970 2254 1041 ἰατρὸν
2277 1011 2291 1034 ,
2341 971 2436 1024 καὶ
2483 971 2817 1044 κυϐερνήτην
2867 971 3026 1042 μόνον
3077 972 3238 1026 αὑτὸν
3293 972 3321 1023 ὸ
3372 972 3655 1040 γεννήσας

2071 1063 2310 1129 ἀνέδειξε
2363 1063 2572 1134 Πατὴρ,
2618 1065 2717 1135 τῆς
2754 1064 2860 1118 τῶν
2902 1063 3038 1120 ὅλων
3086 1061 3395 1126 συστάσεώς
3441 1079 3503 1115 τε
3546 1062 3651 1116 καὶ

2067 1154 2384 1224 διοικήσεως
2427 1155 2571 1226 μόνῳ
2590 1156 2716 1218 τοὺς
2741 1154 2933 1218 οἴακας
2949 1155 3084 1224 (47')
3101 1153 3409 1225 ἐγχειρίσας
3428 1171 3439 1182 ·
3459 1153 3488 1205 δ
3505 1152 3652 1205 διδάο

2072 1262 2188 1298 σκει
2231 1245 2400 1314 λέγων
2433 1247 2622 1310 αὑτός·
2675 1245 2878 1324 Πάντα
2914 1262 3017 1315 μοι
3057 1245 3352 1313 παρεδόθη
3385 1245 3501 1300 ὑπὸ
3530 1243 3646 1298 τοῦ

2067 1339 2295 1406 Πατρός
2303 1356 2441 1406 μου.
2462 1339 2571 1391 Καὶ
2585 1333 2758 1402 αὖθις,
2777 1338 2837 1390 '0
2846 1337 2954 1407 γὰρ
2972 1338 3170 1407 Πατὴρ
3188 1336 3351 1406 φιλεῖ
3366 1336 3469 1389 τὸν
3480 1335 3646 1396 Υἱὸν.

2069 1430 2166 1490 καὶ
2196 1428 2392 1482 πάντα
2418 1429 2676 1482 δέδωκεν-
2711 1429 2781 1481 ὲν
2807 1428 2880 1497 τῇ
2916 1427 3070 1497 χειρί
3099 1428 3305 1483 αὐτοῦ.
3347 1428 3405 1480 '0
3430 1428 3500 1490 δ’,
3548 1421 3648 1480 οἷα

2069 1521 2231 1590 σοφὸς
2257 1520 2612 1591 κυϐερνήτης,
2644 1520 2734 1572 τὸν
2757 1519 2955 1591 κλῆρον
2984 1518 3135 1590 παρὰ
3157 1518 3251 1572 τοῦ
3280 1518 3492 1590 Πατρὸς
3514 1518 3647 1571 ὑπο-

2063 1611 2402 1681 δεδεγμένος,
2438 1610 2632 1674 ἐπιϐὰς
2662 1610 2754 1663 τοῦ
2806 1611 3116 1680 σύμπαντος
3161 1611 3387 1680 κόσμου,
3433 1612 3546 1665 ἀνω
3576 1627 3645 1664 τε

2068 1704 2204 1775 πρὸς
2227 1704 2317 1757 τὸν
2344 1703 2516 1756 αὑτοῦ·
2530 1703 2748 1774 Πατέρα
2773 1702 3004 1774 βλέπων,
3036 1703 3156 1771 ἄγει
3177 1704 3266 1756 καί
3293 1703 3445 1772 φέρει
3470 1702 3649 1770 πηδα-

2064 1798 2287 1870 λιουχῶν
2314 1800 2374 1853 τὸ
2395 1800 2522 1864 πᾶν,
2551 1800 2670 1853 οὐδὲ
2709 1799 2771 1853 τὸ
2813 1795 3172 1869 σμικρότατον
3221 1794 3329 1848 τῶν
3368 1793 3646 1864 δεομένων

399 1887 566 1940 dit“.
615 1885 770 1956 Isque
815 1887 962 1942 velut
1014 1889 1247 1955 prudens
1279 1891 1609 1960 gubernator
1654 1890 1956 1961 quispiam,

2065 1891 2166 1960 τῆς
2215 1890 2274 1956 ἐξ
2327 1889 2490 1943 αὑτοῦ
2536 1889 2797 1962 χορηγίας
2838 1887 3113 1960 παρορῶν,
3141 1886 3250 1948 οὐδ’
3279 1884 3644 1956 ὑπερφρονῶν

399 1988 600 2032 sortem
632 1971 776 2035 illam
810 1983 897 2036 ubi
932 1983 998 2037 de
1027 1981 1185 2037 Patre
1216 1993 1546 2053 susceperat,
1595 1999 1756 2053 super
1804 2001 1960 2040 mun-

400 2071 525 2126 dum
567 2076 869 2134 ascendens
907 2076 1221 2146 universum
1247 2117 1264 2144 ,
1295 2091 1614 2144 sursumque
1648 2078 1714 2131 ad
1748 2076 1961 2131 Patrem

399 2179 557 2218 suum
585 2165 831 2228 intuitus,
861 2149 1266 2220 universitatem
1317 2181 1496 2220 rerum
1529 2167 1674 2238 agit,
1713 2166 1816 2222 fert
1847 2182 1963 2223 mo-

400 2257 640 2313 derando
674 2256 908 2328 singula,
941 2272 1042 2316 nec
1071 2257 1153 2312 vel
1189 2257 1579 2316 minutissimas
1611 2274 1696 2314 res
1739 2274 1839 2329 ope
1884 2259 1963 2330 ip-

400 2348 512 2405 sius
544 2363 812 2420 operaque
840 2349 1142 2417 indigentes
1162 2391 1177 2415 ,
1207 2351 1425 2424 insuper
1465 2350 1664 2416 habet,
1695 2361 1786 2405 aut
1817 2352 1962 2407 vilis-

399 2440 565 2495 simas
601 2440 902 2509 despectui.
953 2440 1198 2511 Cumque
1245 2441 1447 2512 jugiter
1496 2427 1716 2510 assistat
1766 2443 1957 2497 horum

397 2534 624 2604 singulis
647 2573 663 2598 ,
699 2533 894 2604 cuique
923 2535 1000 2587 rei
1034 2533 1227 2588 dividit
1262 2549 1326 2589 ea
1357 2549 1474 2603 qua:
1522 2535 1828 2608 conducunt
1861 2551 1875 2588 :
1907 2543 1962 2589 et

400 2618 653 2696 tanquam
689 2626 927 2685 medicus
973 2628 1279 2697 suppeditat
1337 2627 1628 2691 universis,
1663 2640 1782 2696 quae
1813 2624 1960 2680 salu-

398 2727 504 2773 tem
550 2718 796 2776 videntur
863 2717 1109 2773 allatura.
1167 2718 1302 2773 Hinc
1349 2718 1634 2773 admodum
1674 2732 1911 2787 congrue
1941 2756 1956 2782 ,

396 2827 572 2880 neque
602 2813 768 2870 vitam
805 2811 1132 2883 abhorrebat
1159 2811 1471 2884 victumque
1503 2811 1817 2864 humanum.
1851 2807 1957 2865 Sed

395 2920 518 2962 cum
548 2906 618 2960 ab
647 2904 793 2958 omni
815 2912 958 2958 retro
988 2903 1332 2974 antiquitate,
1365 2887 1661 2956 subsidium
1695 2899 1958 2956 subminio

393 2995 604 3056 strabat
653 2991 954 3062 alilueuter,
990 2991 1299 3046 hominibus
1353 2990 1444 3058 qui
1498 3005 1528 3044 a
1561 2989 1760 3045 saeculo
1807 2989 1962 3043 vise-3

395 3095 545 3149 runt.
602 3085 711 3139 Deo
739 3085 880 3137 caris
909 3095 962 3136 et
998 3083 1192 3146 amicis
1222 3102 1236 3137 ε
1275 3097 1415 3137 nunc
1437 3083 1671 3136 humana
1697 3081 1868 3136 forma
1897 3097 1957 3138 se

395 3175 833 3244 conspiciendum
881 3174 1162 3235 insinuans
1207 3173 1503 3248 majoribus
1558 3171 1950 3230 Hebraeorum:

2069 1981 2175 2034 τῶν
2215 1981 2596 2054 βραχυτάτων.
2637 1981 2728 2034 Διὸ
2753 1979 2837 2052 δὴ,
2877 1981 2986 2042 τοῖς
3013 1979 3197 2041 πᾶσιν,
3219 1975 3342 2030 ἐπεὶ
3371 1977 3645 2046 πάρεστιν

2069 2073 2309 2143 ἑκάστῳ,
2343 2073 2522 2144 νέμων
2547 2073 2615 2125 τὰ
2647 2071 2949 2142 πρόσφορα,
2977 2071 3042 2140 τῇ
3078 2086 3138 2122 τε
3169 2067 3275 2121 τῶν
3313 2065 3447 2120 ὅλων
3475 2066 3640 2137 θερα-

2070 2165 2196 2236 πείᾳ
2227 2164 2382 2234 δίκην
2416 2163 2597 2234 ἰατροῦ
2635 2161 2705 2216 τὰ
2743 2162 2978 2233 ἁρμόδια
3002 2160 3136 2231 πρὸς
3166 2158 3437 2230 σωτηρίαν
3464 2159 3642 2228 ἐπαρ-

2067 2254 2198 2309 κῶν.
2235 2254 2396 2310 Ὅθεν
2429 2255 2652 2314 εἰκότως
2683 2253 2804 2307 οὐδὲ
2845 2252 2938 2306 τοῦ
2963 2251 3082 2305 κατ’
3118 2249 3401 2322 ἄνθρωπον
3434 2249 3639 2319 ὑπερε-

2067 2351 2302 2422 φρόνησε
2353 2349 2492 2420 βίου,
2546 2348 2681 2402 ἀλλὰ
2738 2347 2831 2408 καὶ
2884 2347 3050 2400 πάλαι
3099 2345 3365 2415 πρότερον
3409 2346 3523 2404 τοῖς
3574 2342 3640 2407 ἐξ

2066 2442 2257 2506 αἰῶνος
2286 2441 2552 2511 φιλοθέοις
2580 2439 2804 2510 ἀνδράσι
2833 2437 2930 2510 τὴν
2954 2435 3013 2503 ἐξ
3037 2435 3200 2490 αὑτοῦ
3232 2437 3491 2506 παρεῖχεν
3521 2436 3646 2486 ἑπι-

2066 2535 2304 2604 κουρίαν,
2340 2529 2441 2589 ὧδε
2479 2534 2576 2605 μὲν
2610 2531 2931 2604 ἀνθρωπείῳ
2964 2531 3198 2601 σχήματι
3223 2531 3333 2590 τοῖς
3365 2525 3638 2596 Ἐϐραίων

2065 2625 2432 2696 προπάτορσιν
2456 2624 2892 2694 ἐπιφαινόμενος,
2915 2616 3015 2674 ὧδε
3037 2621 3093 2674 δὲ
3128 2621 3238 2682 τοῖς
3255 2617 3460 2671 τούτων
3498 2617 3640 2675 ἁπο-

2063 2716 2236 2784 γόνοις
2274 2715 2561 2786 ἁρμοδίους
2607 2715 3018 2784 διαταττόμενος
3067 2712 3281 2783 νόμους,
3331 2709 3429 2780 ήδη
3458 2707 3516 2760 δὲ
3539 2708 3640 2762 καὶ

2061 2810 2172 2871 τοῖς
2203 2808 2510 2878 μετέπειτα,
2538 2807 2627 2861 διὰ
2653 2805 2963 2879 προφητῶν,
2995 2804 3289 2876 μελλούσης
3315 2799 3480 2854 αὑτοῦ
3510 2799 3637 2852 θεο-

2063 2899 2285 2968 φανείας
2311 2901 2508 2954 ἅπασιν
2532 2899 2827 2970 ἐκλάμψειν
2851 2894 3419 2970 ἁνθρώποις,ὲξεδίδου
3446 2891 3638 2945 θεσπί-

2064 3011 2261 3062 σματα.
2315 2993 2402 3056 Ὠς
2445 2993 2502 3045 δὲ
2543 2993 2572 3046 ό
2617 2990 2728 3062 (48)
2784 2989 2985 3043 τούτων
3035 2987 3374 3058 προσήλαυνε
3415 2985 3632 3056 χρόνος,

2061 3086 2240 3157 ἔργοις
2295 3083 2528 3155 ἐπλήρου
2580 3083 2824 3136 παλαιῶν
2876 3079 3140 3152 χρησμῶν
3191 3077 3632 3147 ἀποτελέσματα,

2063 3162 2155 3230 καί
2184 3175 2248 3246 δὴ
2278 3175 2456 3248 παρῆν
2477 3174 2662 3229 λοιπὸν
2695 3169 2895 3243 ἀναμὶξ
2921 3171 2997 3242 τῷ
3030 3169 3206 3241 θνητῷ
3235 3169 3334 3239 βίῳ
3364 3167 3477 3238 (49)
3506 3181 3636 3220 συν-

395 3242 545 3320 nunc
582 3279 711 3320 vero
744 3263 975 3333 posteris
1013 3245 1257 3328 illorum,
1297 3242 1468 3332 leges
1511 3263 1642 3331 ipsis
1692 3277 1956 3333 congruas

2063 3242 2470 3338 αγελαξόμενος.
2521 3265 2692 3328 Αὐτός
2745 3242 2810 3317 τε
2859 3260 2929 3334 ἦν
2969 3265 2998 3316 ὁ
3035 3261 3127 3314 τοῦ
3153 3260 3287 3313 Θεοῦ
3332 3275 3526 3330 μονογε
3541 3258 3633 3328 θὴς

393 3356 744 3428 promulgans
777 3374 791 3411 :
829 3364 886 3409 et
913 3363 1187 3423 postremo
1215 3367 1312 3423 per
1338 3353 1648 3424 prophetas,
1678 3355 1958 3410 vaticiniis

394 3447 583 3513 variis,
618 3446 757 3516 apud
802 3445 1176 3514 posteritatem
1200 3484 1214 3505 .
1251 3459 1405 3498 suam
1428 3442 1662 3499 divinam
1697 3445 1835 3500 inter
1862 3445 1958 3499 bo-

395 3540 573 3611 Inines
601 3537 1056 3614 dispensationem
1093 3534 1264 3589 multo
1289 3543 1416 3589 ante
1442 3535 1791 3590 annuntians.
1815 3534 1958 3603 Qua-

396 3647 516 3691 rum
544 3613 786 3708 quidetn,
816 3613 955 3699 apud
985 3626 1236 3682 saculum
1274 3627 1423 3696 prius
1453 3626 1792 3682 oraculorum
1815 3642 1958 3682 com-

393 3723 745 3792 plementum,
797 3720 887 3773 ubi
924 3730 1134 3788 tempus
1165 3719 1498 3786 advenerat,
1529 3720 1903 3788 consignatum
1933 3761 1948 3784 ,

393 3813 568 3885 reipsa
595 3810 847 3865 ell‘ectum
881 3809 1051 3863 dedit.
1089 3808 1298 3876 Suique
1328 3807 1552 3875 factum,
1588 3816 1648 3863 ut
1676 3809 1952 3879 deinceps,

392 3904 531 3974 apud
577 3902 826 3956 homines
872 3900 1110 3954 humano
1148 3914 1301 3954 more
1329 3908 1666 3956 versaretur.
1718 3899 1956 3970 Eratque

391 3993 702 4070 unigenitus
749 3991 838 4045 Dei
878 3989 1048 4072 lf‘ilius
1078 3991 1215 4056 ipse,
1260 3989 1353 4060 qui
1395 3991 1447 4044 in
1483 3990 1716 4060 imagine
1747 3991 1952 4056 divina,

390 4065 610 4140 hoc-rest
633 4097 862 4151 corpore
890 4065 1250 4136 instrumento
1279 4120 1295 4145 ,
1326 4097 1449 4135 cum
1483 4081 1721 4136 humano
1760 4098 1956 4154 genere

387 4175 854 4231 conversationem
887 4173 1074 4227 habuit
1101 4213 1115 4238 ,
1146 4172 1386 4227 docendo
1407 4213 1421 4238 ,
1451 4173 1695 4229 sanando
1718 4216 1732 4242 ,
1762 4175 1955 4230 divinas

387 4283 499 4324 suae
545 4265 826 4337 sapientiae
864 4251 1124 4330 inell'abili
1177 4264 1423 4318 doctrina
1469 4265 1849 4320 Instituendo:
1890 4274 1948 4331 >14

385 4361 587 4430 quique
622 4359 817 4422 adhuc,
849 4357 914 4411 ad
944 4367 1133 4412 nutum
1172 4357 1252 4412 sui
1285 4355 1464 4410 Patris
1491 4397 1507 4423 ,
1541 4362 1609 4413 de
1641 4360 1953 4413 misericor-

383 4451 470 4506 dia
503 4450 621 4520 ejus
649 4449 999 4519 exsuperanti
1033 4464 1204 4517 usque
1233 4448 1298 4502 ad
1333 4459 1520 4519 portas
1545 4452 1734 4524 mortis
1759 4455 1948 4526 evasit,

2060 3362 2203 3425 Υἱὸς,
2227 3362 2302 3423 ὡς
2327 3361 2384 3412 ἐν
2411 3358 2684 3429 ἀγάλματι
2715 3356 2862 3427 θείῳ,
2890 3355 2966 3426 τῷ
2990 3356 3083 3409 τοῦ
3115 3353 3363 3425 σώματος
3388 3352 3629 3423 ὀργάνῳ,

2056 3453 2133 3522 τῷ
2186 3452 2292 3506 τῶν
2340 3451 2638 3524 ἀνθρώπων
2684 3449 2991 3520 καθομιλῶν
3039 3449 3185 3518 γένει
3231 3445 3628 3509 διδασκαλίαις,

2057 3545 2368 3616 θεραπείαις
2393 3543 2576 3596 ἐνθέου
2613 3543 2804 3612 σοφίας
2828 3581 2842 3602 ,
2877 3542 3205 3613 ἀπορρήτοις
3237 3539 3626 3607 παιδεύμασιν.

2057 3637 2166 3709 (50)
2201 3637 2338 3707 Ἤδη
2382 3636 2438 3688 δὲ
2487 3635 2664 3688 αὐτῶν
2712 3633 2871 3705 μέχρι
2919 3632 3148 3685 θανάτου
3197 3630 3379 3683 πυλῶν
3427 3629 3627 3700 ἤλαυνε

2057 3727 2320 3800 πατρικοῦ
2365 3725 2628 3797 νεύματος
2671 3723 3079 3796 ὑπερϐαλλούσῃ
3113 3721 3506 3792 φιλανθρωπίᾳ,
3547 3719 3629 3783 ὡς

2056 3817 2121 3870 ἂν
2149 3816 2242 3869 καὶ
2281 3815 2406 3878 τοὺς
2437 3815 2563 3886 τῇδε
2609 3813 2711 3883 τῆς
2754 3813 2948 3866 ἑαυτοῦ
2983 3810 3334 3875 καταξιώσειε
3380 3810 3624 3881 χάριτος,

2056 3907 2148 3960 ἐπὶ
2196 3907 2293 3978 τὴν
2342 3907 2468 3978 παρ’
2506 3903 2654 3975 αὑτῷ
2697 3905 2841 3969 ζωὴν
2876 3903 3243 3976 παρελκύσας.
3292 3900 3450 3955 Οὕτω
3488 3899 3626 3964 Θεὸς

2051 3994 2118 4068 ἦν
2151 3997 2209 4049 ὲν
2239 3996 2454 4068 Χριστῷ
2495 3997 2696 4067 κόσμον
2731 3995 3112 4048 καταλλάσσων
3140 3991 3348 4063 ἑαυτῷ”
3391 3993 3484 4045 καὶ
3521 3990 3626 4062 τὴν

2053 4090 2314 4161 ένσαρκον
2355 4089 2642 4159 ὑπέμεινεν
2689 4088 3020 4157 οἰκονομίαν,
3063 4086 3241 4158 προὼν
3291 4085 3390 4156 μὲν
3429 4083 3623 4154 αὐτῆς,

2052 4181 2144 4234 καὶ
2171 4179 2557 4252 προῦπάρχων,
2595 4179 2805 4250 θεότητι
2835 4178 3108 4248 πατρικῆς
3133 4177 3287 4246 δόξης
3321 4175 3626 4246 τετιμημέ-

2051 4289 2138 4336 νος
2158 4291 2170 4302 ·
2198 4272 2258 4324 οὑ
2284 4272 2390 4344 μὴν
2427 4291 2443 4322 ι
2463 4273 2752 4342 ἁρπαγμὸν
2779 4270 3077 4342 ἡγούμενος
3106 4270 3165 4322 τὸ
3192 4263 3331 4321 εἷναι
3363 4267 3454 4320 ῐσα
3477 4265 3622 4338 Θεῷ,

2056 4383 2073 4414 ‹
2103 4363 2291 4416 ἑαυτὸν
2326 4363 2370 4415 δ’
2401 4358 2492 4416 οὖν
2522 4362 2781 4426 κενώσας,
2822 4365 2916 4416 καὶ
2961 4363 3172 4432 μορφὴν
3199 4361 3388 4415 δούλου
3417 4359 3623 4425 λαϐὼν,

2056 4473 2073 4521 ι
2108 4453 2463 4507 ἐταπείνωσεν
2495 4453 2704 4530 ἑαυτὸν,
2737 4455 2974 4524 ὑπήκοος
3012 4453 3088 4523 τῷ
3126 4453 3298 4523 Πατρὶ
3329 4451 3625 4521 γενόμενος

381 4559 490 4614 quo
517 4553 573 4598 et
603 4541 756 4608 illos,
787 4541 880 4612 qui
929 4541 1002 4596 ibi
1053 4541 1458 4619 detinebantur,
1497 4543 1683 4613 gratia:
1733 4558 1948 4626 quoque

2063 4565 2074 4597 t
2113 4545 2273 4616 μέχρι
2328 4545 2577 4610 θανάτου,
2619 4564 2638 4596 ι
2696 4547 2782 4610 ἵν’,
2841 4545 3028 4615 ὥσπερ
3068 4546 3096 4597 ὁ
3137 4543 3365 4606 θάνατος
3407 4543 3472 4596 δι’
3499 4544 3624 4607 ἐνὸς

383 4636 673 4707 participes
702 4649 813 4702 suae
850 4633 1052 4689 laceret
1077 4673 1092 4699 ,
1125 4635 1190 4686 ad
1214 4634 1380 4708 vitam
1413 4647 1517 4686 una
1541 4646 1719 4711 secum
1767 4643 1946 4694 extra-

379 4741 518 4786 ctos.
565 4731 644 4783 Ad
678 4729 838 4783 ismm
863 4712 1084 4782 modum
1118 4727 1259 4781 Deus
1290 4727 1342 4779 in
1387 4726 1603 4781 Christo
1624 4735 1762 4791 erat,
1789 4743 1945 4781 mun-

378 4824 504 4878 dum
534 4820 896 4879 reconcilians
941 4819 1084 4874 sibi:
1117 4819 1196 4874 sic
1231 4820 1283 4872 in
1315 4833 1480 4896 carne
1527 4819 1702 4873 obivit
1725 4833 1944 4875 (econo-

377 4918 542 4972 miam
575 4955 590 4982 ,
625 4922 914 4983 antequam
947 4913 1061 4981 ipse
1119 4911 1481 4975 subsistebat,
1524 4911 1808 4966 divinitate
1858 4927 1943 4980 pa-

373 5018 544 5064 terna:
570 5007 756 5078 gloriae
799 5005 1096 5060 honoratus
1123 5020 1139 5058 :
1173 5017 1278 5057 non
1315 5002 1554 5071 rapinam
1587 5003 1790 5057 ducens
1821 5016 1942 5058 esse

2051 4637 2464 4708 ἁμαρτήσαντος
2509 4636 2792 4708 ἀνθρώπου
2838 4637 3035 4699 παντὸς
3087 4635 3476 4705 κατεκυρίευσε
3527 4637 3625 4704 γέ-

2050 4745 2193 4792 νους,
2230 4727 2372 4780 οὕτω
2399 4728 2490 4781 καὶ
2523 4729 2555 4800 ἡ
2588 4727 2802 4792 αἰώνιος
2829 4728 2942 4800 ζωὴ
2963 4727 3050 4780 διὰ
3079 4727 3180 4797 τῆς
3207 4727 3375 4780 αὑτοῦ
3396 4727 3624 4797 χάριτος

2049 4819 2157 4872 τῶν
2215 4821 2327 4893 (51)
2376 4823 2455 4886 εἰς
2509 4821 2669 4874 αὑτὸν
2728 4819 3134 4892 [πιστευόντων]
3197 4820 3292 4872 καὶ
3345 4819 3412 4872 δι’
3451 4819 3618 4874 αὑτοῦ

2048 4911 2124 4981 τῷ
2171 4911 2288 4983 Θεῷ
2338 4913 2430 4966 καὶ
2461 4914 2636 4984 Πατρὶ
2671 4912 2834 4968 αὑτοῦ
2883 4911 3318 4984 γνωριζομένων,
3371 4910 3620 4980 βασιλεύ-

2049 5021 2210 5060 σειεν.

369 5103 634 5174 aequalem
681 5103 824 5167 Deo,
855 5100 1203 5170 semetipsum
1238 5107 1418 5152 tamen
1463 5097 1788 5176 exinaniens
1814 5138 1830 5162 ,
1883 5107 1939 5173 et
1977 5098 2204 5154 formam
2274 5103 2412 5158 servi
2487 5116 2769 5160 assumens
2797 5145 2811 5171 ,
2858 5101 3160 5183 humiliavit
3187 5113 3246 5157 se
3277 5099 3455 5162 factus
3480 5100 3612 5156 obe-

455 5293 514 5351 ὥ
549 5285 647 5340 Ed.
678 5285 877 5349 Paris.,
903 5299 1026 5355 pag.
1051 5285 1138 5339 75.
1228 5285 1274 5316 "°
1304 5283 1490 5341 Matth.
1515 5301 1591 5351 ιι,
1616 5285 1704 5339 27.
1781 5285 1824 5317 τί
1849 5284 1956 5341 Joal

2063 5302 2119 5351 ll,
2145 5286 2232 5340 55.

441 5503 1127 5576 (l7‘)r'Vttlgn‘syxr-.tpﬁaag
1145 5515 1199 5560 et
1229 5506 1394 5559 πᾶσιν
1432 5506 1556 5558 ἐπεὶ
1593 5505 1851 5576 πάρεστιν
1895 5513 1948 5560 et

366 5565 412 5640 ᾧ
443 5573 499 5643 δὲ
531 5565 629 5643 μέν
661 5565 988 5638 εινῶδέτοῖς.

441 5642 555 5709 (48)
594 5645 656 5695 '0
700 5647 926 5698 τούτων
969 5645 1364 5712 προσέλαυνε.
1423 5645 1657 5699 Τούτων.
1703 5645 1940 5710 Nempe,

369 5713 566 5786 quibus
605 5713 926 5786 πολυμερῶς
971 5717 1074 5786 καὶ
1125 5717 1497 5786 πολυτρόπως,
1561 5727 1740 5782 patres
1806 5715 1935 5786 olim

376 5782 639 5856 allocutus
666 5782 758 5856 est
783 5800 795 5834 :
830 5783 1255 5856 ideolegenduut
1281 5782 1605 5856 παρέλαυνε,
1629 5785 1895 5856 praeteriit
1917 5802 1931 5839 :

382 5851 612 5919 explicat
637 5852 802 5917 enim,
833 5853 971 5920 quod
1007 5854 1220 5922 ponitur
1249 5870 1276 5908 a
1317 5851 1377 5910 BL
1426 5854 1588 5910 Paulo
1617 5851 1682 5910 ad
1711 5853 1841 5911 lleb.
1881 5869 1928 5922 ι,

289 6093 592 6164 Δ.

2050 5477 2216 5580 1M.
2248 5537 2313 5546 ——
2349 5505 2463 5561 Mox
2491 5507 2649 5580 vulgo
2672 5507 2763 5561 καὶ
2793 5507 3099 5580 δὲ-παρείη.

2246 5577 2814 5651 ξυναγεᾼαζόμενρς.
2842 5576 3498 5651 [ιὀτίεσυναυλιζόμενος.
3531 5581 3601 5638 Π.

2114 5646 2225 5721 (50)
2252 5647 2420 5721 Vulgo
2448 5647 2546 5721 ήδη
2571 5648 2634 5721 δή
2660 5658 2714 5702 et
2735 5647 2841 5718 Mp.
2872 5665 2962 5721 γρ.
2995 5650 3119 5721 ᾃδου
3166 5650 3284 5705 loco
3318 5646 3600 5714 ’θανάτου;

2041 5716 2161 5769 dein
2208 5716 2478 5789 vulgo'rﬁ'
2518 5716 2748 5789 θεότητι,
2774 5716 2828 5773 et
2878 5716 2969 5772 ἶσα
3006 5716 3073 5775 ἐι
3102 5721 3220 5784 ἐνὸς
3261 5721 3603 5792 ἁμαρτάνον-

2047 5805 2098 5840 τΟ
2133 5828 2144 5840 .

2099 5805 2216 5923 liii)
2231 5860 2334 5923 Εἰς
2350 5859 2551 5916 αὐτόν.
2571 5859 2608 5914 Α
2620 5872 2804 5924 nparct
2827 5863 3008 5919 deesse
3030 5863 3116 5918 hic
3133 5864 3512 5918 πιστευόντων.
3529 5861 3597 5917 li.
