3838 6222
211 293 321 359 853

1204 299 1294 355 DE
1331 300 1862 359 ECCLESIASTICA
1898 303 2288 361 TIIEOLOGIA
2322 304 2448 359 LIB.
2490 308 2526 358 Ι.

3350 307 3453 363 δεδι

212 411 373 470 diens
396 409 543 467 Patri
567 424 738 482 usque
765 413 831 467 ad
889 421 1140 469 mortem.
1208 415 1283 471 Ita
1321 425 1379 471 ut
1410 419 1857 487 quemadmodum
1896 435 2045 477 mors
2078 436 2174 491 per
2201 435 2364 475 unum
2389 420 2660 478 hominem
2694 431 3026 493 peccantem,
3056 424 3109 479 in
3141 437 3309 494 genus
3335 427 3454 479 uni-

212 522 435 565 versum
471 509 749 564 dominata
793 509 966 565 fuerat
997 527 1011 563 :
1039 511 1124 567 sic
1155 518 1212 565 et
1254 512 1364 566 vita
1415 523 1636 575 aeterna,
1687 528 1784 582 per
1822 513 1992 581 ipsius
2052 516 2278 586 gratiam
2303 555 2318 579 ,
2354 514 2639 584 imperium
2705 517 2761 571 in
2798 531 2894 573 eos
2942 531 3130 573 omnes
3162 515 3453 585 obtineret.

209 600 308 673 qui
342 602 397 657 in
424 599 575 658 illum
622 601 909 656 crederent
930 642 946 665 ,
971 610 1025 656 et
1053 616 1149 669 per
1175 601 1322 657 illum
1347 647 1362 671 ,
1396 603 1504 660 Deo
1538 615 1594 660 et
1642 603 1788 661 Patri
1828 605 2017 674 ipsius,
2054 607 2254 677 cogniti
2287 603 2818 663 commendarentur.

854 694 1012 746 ΚΕΦ.
1049 694 1145 747 ιιν.

210 784 342 842 ὀτι
380 787 639 856 εὐλόγως
675 786 715 856 ή
756 785 1085 856 Ἐκκλησία
1126 784 1197 839 τὰ
1233 786 1386 856 αὐτὰ
1411 786 1797 856 φρονήσαντα

424 853 729 920 Σαϐελλίφ
753 853 1110 922 Μάρκελλον
1144 853 1569 925 ἀπεδοκίμασε.

282 944 523 1008 Εἰκότως
554 942 668 1015 (52)
717 942 789 1018 δὴ
823 942 997 997 ταῦτα
1030 943 1376 1016 κηρύττουσα
1407 947 1441 1015 ἡ
1479 945 1792 1018 Ἐκκλησία,

207 1036 404 1108 ὥσπερ
429 1053 482 1089 τι
511 1034 767 1104 κίϐδηλον
789 1023 1255 1106 ’παραχαράξαντα
1278 1036 1539 1106 νόμισμα,
1570 1036 1668 1106 τὴν
1698 1035 1796 1107 ἀρ-

207 1143 370 1198 νησιν
394 1125 490 1179 τοῦ
525 1123 656 1179 Υίοῦ
706 1123 807 1189 τοῦ
857 1123 992 1179 Θεοῦ
1014 1165 1028 1190 ,
1073 1124 1164 1179 τὸν
1209 1125 1491 1181 Σασέλλιον
1545 1125 1795 1181 ἀπεδοκί-

210 1235 387 1291 μασε,
419 1216 595 1271 καίτοι
645 1216 778 1270 Θεὸν
802 1215 900 1269 ἕνα
947 1216 1165 1279 εἰδέναι,
1203 1215 1314 1288 (55)
1345 1217 1440 1270 καὶ
1464 1216 1604 1288 πλὴν
1626 1216 1790 1271 αὐτοῦ

209 1305 291 1378 μὴ
316 1302 478 1373 εἶναι,
516 1304 820 1377 Μαρκέλλῳ
853 1302 1248 1375 παραπλησίως
1278 1304 1505 1373 λέγοντα
1525 1322 1539 1335 ο
1569 1305 1663 1358 καὶ
1695 1306 1794 1359 αὐ-

202 1398 305 1454 τοῦ
344 1398 402 1452 δὲ
447 1397 542 1451 τοῦ
574 1396 826 1469 Σωτῆρος
857 1395 1014 1468 ἡμῶν
1051 1397 1101 1450 ol
1142 1397 1568 1469 πρωτοκήρυκες
1607 1396 1792 1451 Ἐὗιω-

203 1490 396 1553 ναίους
428 1485 707 1559 ὠνόμαζον
742 1486 1002 1559 Έόραῖκῇ
1047 1489 1203 1565 φωνῇ’
1224 1527 1239 1551 ,
1269 1486 1382 1555 (54)
1414 1505 1662 1558 πτωχους
1689 1487 1790 1558 τὴν

204 1578 454 1647 διάνοιαν
485 1574 908 1641 ἀποκαλοῦντες,
936 1577 1065 1640 τοὺς
1100 1575 1197 1628 ἕνα
1225 1575 1323 1647 μὲν
1352 1576 1485 1630 Θεὸν
1535 1576 1791 1645 λέγοντας

207 1670 430 1739 εἰδέναι,
462 1670 557 1723 καὶ
594 1667 690 1722 τοῦ
715 1667 968 1739 Σωτῆρος
1000 1667 1063 1720 τὸ
1097 1667 1257 1738 σῶμα
1299 1665 1374 1745 μὴ
1402 1666 1787 1739 ἀρνουμένους,

205 1760 395 1835 «mea
423 1760 515 1814 τοῦ
548 1758 675 1813 Υίοῦ
703 1758 930 1830 θεότητα
965 1757 1041 1830 μὴ
1073 1759 1301 1823 εἰδότας.
1338 1758 1450 1813 Καὶ
1493 1758 1584 1813 τὸν
1616 1759 1789 1830 Σαμο-

207 1852 382 1919 σατέα
406 1852 470 1925 δὴ
497 1853 700 1922 καίπερ
741 1850 949 1923 Ἰησοῦν
984 1851 1078 1905 τὸν
1115 1851 1351 1922 Χριστὸν
1378 1849 1472 1904 τοῦ
1490 1850 1628 1904 Θεοῦ
1651 1847 1788 1905 εῖναι

202 1944 547 2012 διδάσκοντα,
577 1942 710 1997 Θεόν
731 1959 792 1996 τε
822 1941 919 1996 ἕνα
945 1943 1037 1996 τὸν
1068 1943 1161 1996 ἐπὶ
1188 1943 1406 1997 πάντων
1432 1942 1633 2013 ὁμοίως
1659 1944 1788 2012 ὁμο-

201 2145 358 2204 τριον
386 2126 676 2197 ἀπέφηναν
729 2127 781 2179 οί
817 2125 1255 2196 ὲκκλησιαστικοὶ
1291 2124 1553 2196 Πατέρες,
1594 2124 1676 2178 ὅτι
1712 2126 1786 2197 μὴ

204 2221 303 2273 καὶ
327 2219 459 2273 Υἱὸν
480 2217 638 2281 Θεοῦ,
667 2218 762 2272 καὶ
789 2217 942 2282 Θεὸν,
967 2217 1073 2289 πρὸ
1099 2216 1198 2288 τῆς
1229 2216 1497 2286 ἑνσάρκου
1522 2214 1789 2284 γενέσεως

201 2310 338 2365 ὅντα
366 2310 458 2364 τὸν
486 2309 723 2382 Χριστὸν
747 2308 1033 2381 ὡμολόγει.
1074 2306 1212 2361 Ἀλλ’
1237 2300 1390 2370 οὗτος
1419 2307 1518 2376 μὲν
1537 2346 1552 2370 ,
1598 2305 1674 2370 ὡς
1704 2307 1788 2370 είς

201 2401 297 2455 τὸν
332 2400 567 2473 Χριστὸν
599 2400 840 2467 ἀσεϐῶν,
874 2400 975 2471 τῆς
1006 2398 1331 2469 Ἐκκλησίας
1365 2398 1528 2453 αὐτοῦ
1570 2396 1787 2469 μακρὰν

198 2490 495 2563 1ὴλαύνετο⁸
531 2490 815 2557 Σαόέλλιος
841 2491 907 2559 δ’,
939 2491 1014 2555 ὡς
1043 2491 1124 2555 είς
1145 2490 1311 2545 αὐτὸν
1339 2488 1671 2561 πλημμελῶν
1694 2489 1787 2542 τὸν

202 2584 449 2667 Πατέρα,
477 2582 538 2638 ὃν
559 2583 687 2637 Υίὸν
716 2582 896 2652 λέγειν
929 2581 1151 2652 ἐτόλμα,
1183 2581 1280 2652 τὴν
1319 2581 1441 2652 ῐσην
1467 2582 1579 2645 τοῖς
1606 2579 1787 2644 ἀθέοις

201 2673 558 2751 αἰρεσιώταις
589 2673 780 2744 ὑπεῖχε
811 2672 1100 2744 τιμωρίαν.
1151 2671 1264 2743 (55)
1308 2672 1389 2726 Τά
1432 2671 1522 2726 ῐσα
1565 2671 1611 2725 δ’
1636 2670 1787 2743 αὐτῷ

202 2764 560 2835 ῥπειδόμενος
584 2763 900 2835 Μάρκελλος
948 2762 1160 2828 παθεῖν,
1219 2763 1539 2834 καινοτέραν
1595 2759 1784 2842 ἐξεῦρε

202 2859 273 2928 τῇ
309 2856 490 2931 πλάνῃ
518 2858 785 2928 μηχανὴν,
808 2855 942 2910 Θεὸν
968 2855 1177 2909 καὶτὸν
1209 2856 1268 2908 ὲν
1304 2854 1453 2926 αὐτῷ
1484 2854 1655 2923 Λόγον
1687 2854 1784 2908 ἕνα

206 2949 312 3021 μὲν
354 2944 494 3003 εἶναι
539 2947 870 3022 ὁριζόμενος,
906 2946 1000 3000 δύο
1035 2946 1080 3000 δ’
1114 2944 1264 3017 αὐτῷ
1295 2946 1507 3020 Πατρὸς
1535 2945 1629 2999 καὶ
1654 2943 1783 2997 Υίοῦ

200 3041 566 3113 χαριζόμενος
601 3040 918 3112 ἑπηγορίας.
965 3039 1042 3093 Οὐ
1079 3037 1184 3110 μὴν
1213 3037 1434 3101 ἔλαθεν,
1464 3036 1571 3090 οὐδ’
1596 3036 1786 3105 ἐξέφυ-

201 3147 327 3200 γεν,
359 3130 456 3201 ὀψέ
490 3147 620 3184 ποτε
649 3129 921 3200 φωραθεὶς
943 3132 1055 3194 τοῖς
1080 3128 1194 3199 (56)
1219 3128 1380 3192 αὐτὸς
1410 3126 1573 3182 αὐτοῦ
1600 3127 1784 3181 δικτύ-

197 3242 311 3288 οις.
349 3222 518 3294 Πλὴν,
539 3222 635 3276 καὶ
659 3222 786 3294 πρὶν
813 3220 1035 3286 ἁλῶναι,
1069 3218 1367 3291 συνειδήσει
1396 3217 1781 3288 πληττόμενος,

200 3317 289 3379 εἰς
312 3313 624 3385 ἀποσκευὴν
645 3313 745 3383 τῆς
773 3312 1046 3377 ὑπονοίας,
1074 3310 1411 3388 βλασφημεῖν
1438 3309 1664 3381 ὥρμητο
1690 3309 1783 3363 τὸν

202 3405 517 3461 Σασέλλιον.

1810 706 1860 760 Α

2494 697 2644 753 CAP.
2690 696 2828 752 XIV.
2922 692 2952 713 ”

1943 784 2097 850 Quod
2128 784 2390 863 Ecclesia,
2422 802 2514 863 nec
2536 790 2814 863 immerito,
2845 788 3153 863 Marcellum
3183 794 3409 863 ejecerit,

2041 859 2275 910 eamdem
2310 872 2427 910 cum
2451 856 2681 913 Sabellio
2713 858 2966 927 foventem
2995 856 3309 928 opinion'em.

1966 944 2097 1001 Jure
2126 947 2332 1015 optimo
2374 947 2641 1015 Ecclesia,
2669 964 2788 1019 qua:
2833 951 3112 1006 veritatem
3137 952 3294 1008 istam
3328 969 3451 1025 pro-

1896 1035 2104 1101 ﬁtetur,
2135 1035 2425 1093 Sabellium
2450 1054 2481 1093 a
2513 1054 2571 1095 se
2601 1038 2855 1109 reiectum
2889 1040 3181 1112 ablegavit,
3211 1043 3301 1110 qui
3334 1052 3453 1098 tan-

1893 1141 2055 1198 quam
2096 1128 2457 1184 adulterinum
2512 1130 2778 1210 qnoddam
2823 1132 3128 1199 nomisma,
3182 1131 3303 1187 Filii
3359 1135 3452 1190 Dei

1893 1220 2667 1292 consignavitabnegationcm
2699 1240 2715 1276 :
2768 1231 3044 1293 utcunque
3074 1239 3238 1279 unum
3284 1225 3450 1280 Deum

1893 1312 1983 1367 ille
2029 1313 2377 1368 conﬁteretur
2402 1353 2425 1377 ι
2451 1322 2542 1379 et,
2577 1314 3025 1382 quemadmodum
3057 1331 3202 1375 nunc
3223 1316 3450 1373 Marcelo

1894 1402 1997 1468 lus,
2062 1403 2239 1473 palam
2274 1404 2708 1477 proloqueretur,
2745 1420 2805 1460 se
2835 1405 3049 1469 nonnisi
3089 1421 3253 1461 unum
3281 1407 3450 1462 Deum

1890 1493 2223 1560 agniturum.
2260 1493 2368 1548 Sed
2399 1503 2455 1548 et
2486 1493 2790 1551 Servatoris
2824 1498 2991 1552 nostri
3021 1498 3180 1569 primi
3212 1497 3285 1554 illi
3313 1514 3452 1569 pra:-

1889 1598 2054 1641 cones
2082 1584 2390 1653 Ebionaeos,
2418 1585 2524 1641 hoc
2555 1595 2640 1642 est
2662 1588 2957 1655 mendicos,
2995 1588 3256 1647 Hebraice
3277 1590 3451 1647 nomi-

1892 1685 2093 1731 narunt
2117 1676 2257 1741 illos,
2288 1687 2510 1746 propter
2539 1676 2840 1733 intellectus
2885 1680 3161 1750 animique
3188 1681 3448 1736 mendici-

1891 1777 2076 1833 tatem,
2109 1767 2204 1839 qui
2238 1783 2298 1823 se
2330 1768 2496 1824 Deum
2529 1784 2693 1823 unum
2736 1777 2944 1823 tantum
2997 1770 3276 1840 agnituros
3301 1771 3448 1826 dice-

1889 1856 2038 1921 bant,
2063 1865 2117 1912 et
2146 1844 2273 1912 licet
2299 1872 2518 1913 carnem
2542 1857 2741 1914 Christi
2775 1874 2878 1913 non
2931 1859 3288 1930 abnegarent,
3322 1859 3444 1915 Filii

1891 1959 2067 2004 tamen
2092 1948 2184 2004 Dei
2225 1949 2562 2006 divinitatem
2601 1965 2705 2006 non
2742 1949 3065 2015 fatebantur.
3098 1951 3204 2016 Sed
3234 1961 3287 2007 et
3311 1951 3450 2008 Pau-

94 2026 99 2031 ”
201 2035 467 2115 λσγοῦντα
495 2034 797 2106 Μαρκέλλῳ
815 2074 831 2101 ,
861 2034 967 2106 τῆς.
1000 2033 1322 2103 Ἑκκλησίας
1342 2032 1436 2087 τοῦ
1461 2032 1596 2086 Θεοῦ
1631 2033 1783 2087 ἀλλό-

1895 2037 2001 2091 lum
2037 2038 2103 2092 de
2127 2038 2432 2104 Samosata,
2465 2039 2698 2094 alienum
2755 2040 2824 2095 ab
2869 2040 3110 2096 Ecclesia
3137 2044 3447 2119 pronuntia-

1891 2137 2014 2181 runt
2035 2126 2227 2182 Patres
2248 2128 2628 2194 ecclesiastici,
2655 2130 2781 2186 licet
2804 2129 2985 2185 Jesutn
3019 2131 3113 2186 Dei
3167 2131 3443 2187 Christum

1889 2219 2234 2286 proteretur
2262 2234 2277 2272 :
2313 2219 2476 2274 Deum
2521 2236 2684 2275 unum
2710 2237 2870 2292 super
2893 2237 3100 2289 omnes,
3128 2223 3354 2293 perinde
3381 2237 3446 2278 ac

1889 2304 2197 2373 Marcellus,
2246 2320 2588 2380 agnosceret,
2627 2322 2913 2381 propterea
2945 2313 3087 2383 quod
3116 2306 3223 2368 nOn
3282 2313 3442 2369 simul

1888 2400 2139 2455 crederet
2170 2399 2444 2456 Christum
2471 2401 2640 2457 fuisse
2687 2401 2880 2457 Filium
2915 2403 3009 2460 Dei
3037 2415 3093 2460 et
3127 2406 3292 2460 Deum
3318 2414 3445 2461 ante

1888 2502 2038 2543 suam
2091 2490 2538 2548 incarnationem.
2572 2492 2857 2561 Quocirca,
2889 2494 3054 2551 veluti
3093 2496 3145 2550 in
3169 2495 3442 2552 Christum

1889 2579 2105 2650 impius,
2142 2579 2297 2658 longe
2350 2582 2450 2637 fuit
2499 2584 2566 2639 ab
2617 2586 2853 2641 Ecclesia
2883 2586 3080 2642 Christi
3114 2586 3441 2642 eliminatos.

1889 2671 2155 2729 Sabellius
2185 2673 2402 2745 insuper
2432 2682 2491 2739 ›Ῑ‹
2522 2677 2682 2732 veluti
2714 2678 2909 2748 impius
2930 2678 3168 2748 inipsum
3201 2677 3440 2742 Patrem,

1887 2780 2047 2836 quem
2081 2765 2273 2820 Filium
2313 2768 2581 2837 appellare
2608 2784 2770 2825 ausus
2803 2768 2999 2835 fuerat,
3026 2770 3269 2825 eamdem
3303 2784 3445 2838 quo-

1886 2871 1991 2925 que
2018 2869 2232 2925 poenam
2278 2871 2399 2911 cum
2431 2857 2694 2913 hmreticis
2716 2859 2994 2929 sacrilegis
3022 2858 3243 2913 subivit.
3300 2854 3443 2912 lar-

1886 2946 2055 3000 eellus
2108 2947 2312 3001 veritus
2351 2961 2417 3002 ne
2448 2948 2561 3017 pari
2591 2963 2711 3002 cum
2734 2948 2823 3003 illo
2856 2962 3012 3018 poena
3069 2947 3438 3015 mulctaretur,

1887 3036 2077 3090 haeresi
2113 3051 2224 3092 sua:
2271 3037 2576 3092 machinam
2617 3037 3035 3092 sulllaminandte
3071 3053 3259 3093 novam
3289 3037 3445 3092 adiu-

1884 3127 2066 3193 venit;
2131 3128 2295 3182 Deum
2325 3136 2485 3197 atque
2510 3128 2743 3184 Verbum
2775 3130 2826 3184 in
2871 3129 2999 3196 Deo,
3033 3145 3195 3184 unum
3224 3130 3440 3203 quidem

1886 3217 2310 3283 determinando,
2332 3221 2429 3272 sed
2456 3219 2629 3274 eidem
2659 3220 2926 3290 geminam
2961 3219 3439 3287 nomenclaturam,

1886 3309 2062 3364 Patris
2126 3319 2285 3378 atque
2334 3308 2452 3363 Filii
2506 3309 2827 3378 adaptando.
2905 3309 3012 3365 Sed
3050 3324 3223 3379 neque
3253 3309 3341 3364 ille
3366 3309 3439 3364 ita

1805 3396 1848 3453 C
1883 3401 2040 3455 latuit
2070 3418 2085 3455 :
2118 3415 2217 3455 nec
2249 3415 2371 3455 sero
2404 3401 2529 3454 licet
2561 3400 2829 3466 irretitus,
2872 3415 2967 3455 sua
3012 3400 3179 3470 ipsius
3208 3400 3339 3456 retia
3365 3399 3445 3455 ef-

203 3499 401 3571 (ugere
426 3497 623 3569 potuit.
656 3496 725 3554 At
757 3497 1076 3563 enimvero,
1125 3496 1437 3566 priusquam
1505 3495 2019 3565 deprehenderetur,
2086 3495 2424 3551 conscientia
2493 3495 2803 3549 stimulante
2852 3495 3093 3570 propria,
3125 3503 3184 3548 ut
3224 3508 3438 3553 omnem

204 3612 241 3653 a
271 3612 335 3652 se
357 3595 722 3667 suspicionem
754 3594 1092 3658 amoliretur,
1110 3595 1179 3657 ad
1208 3591 1501 3648 Sabellium
1526 3591 1776 3662 prorupit
1813 3592 2250 3647 conviciandum.

837 3689 995 3744 ΚΕΦ.
1046 3688 1149 3749 ιΕτ.

214 3780 471 3848 Ὀιοίοις
485 3779 714 3852 ῥήμασι
723 3777 1069 3852 Μάρκελλος
1087 3777 1195 3852 τὸν
1208 3778 1532 3852 Σαϐέλλιον
1543 3776 1774 3852 ἔκοπτε,

317 3846 829 3921 προσποῖούμενοῤ
859 3848 946 3919 μὴ
978 3850 1052 3904 τὰ
1084 3849 1189 3902 la'a
1211 3847 1370 3914 αὐτῷ
1402 3846 1663 3918 φρονεῖν.

285 3940 473 4002 Ὅπως
497 3937 556 3992 δί
585 3938 679 3992 τὸν
708 3937 877 4010 ἄνδρα
907 3937 1150 3992 διέϐαλεν
1189 3937 1446 4009 ὀνομαστὶ
1477 3935 1778 4008 μνημονεύ-

208 4048 311 4097 σας
345 4028 530 4094 αὐτοῦ,
564 4030 887 4093 ἐπάκουσον,
913 4028 1086 4095 ταῦτα
1112 4029 1238 4100 περὶ
1279 4026 1444 4083 αὐτοῦ
1479 4029 1779 4099 γράφοντος

204 4124 402 4185 αὐταῖς
423 4120 736 4185 συλλαϐαἶςο
772 4140 792 4173 ε
812 4119 1095 4185 Σαόέλλιος
1124 4106 1233 4191 γὰρ
1264 4120 1358 4173 καὶ
1387 4119 1549 4183 αὐτὸς
1572 4118 1671 4189 τῆς
1695 4118 1779 4188 ὀρ-

212 4232 243 4272 σ,
271 4209 375 4281 θῆς
415 4210 702 4283 όλισθήσας
757 4210 1008 4276 πίστεως,
1062 4208 1186 4262 οὔτε
1235 4208 1327 4262 τὸν
1370 4207 1501 4262 Θεὸν
1537 4204 1778 4279 ἀκριϐῶς

211 4324 234 4354 ε
270 4303 435 4372 ἔγνω,
463 4301 589 4356 οὔτε
613 4301 705 4356 τὸν
746 4301 899 4371 ἅγιον
929 4300 1094 4356 αὐτοῦ
1120 4299 1311 4370 Λόγον.
1353 4298 1410 4353 '0
1435 4297 1544 4368 7&p
1586 4297 1660 4370 μὴ
1687 4298 1778 4352 τὸν

212 4415 239 4453 ι,
271 4394 445 4462 Λόγον
461 4393 623 4463 γνοὺς
643 4392 878 4464 ἠγνόησε
904 4393 999 4446 καὶ
1022 4391 1115 4445 τὸν
1136 4390 1376 4462 Πατέρα.
1421 4389 1629 4456 Οὐδεὶς
1667 4390 1778 4460 φὰρ

2514 3683 2665 3745 CAP.
2698 3684 2813 3741 XV.

1886 3820 2089 3886 Quibus
2125 3820 2292 3874 verbis
2356 3817 2642 3872 Marcellus
2694 3817 2985 3874 Sabelliunt
3023 3815 3279 3884 concidit,
3314 3820 3443 3875 dunt

2222 3890 2288 3943 ab
2315 3906 2375 3944 eo
2407 3905 2461 3944 se
2492 3889 2655 3945 uideri
2684 3891 2789 3944 vult
2815 3889 3109 3944 dissentire.

1955 4022 2091 4079 Audi
2133 4039 2262 4080 vero
2304 4023 2499 4095 quibus
2536 4024 2627 4080 ille
2663 4024 2841 4080 verbis
2871 4022 3162 4079 Sabellium
3196 4032 3440 4088 accusat,

1884 4114 1939 4169 in
1972 4114 2173 4184 quibus
2222 4115 2370 4170 illum
2418 4116 2703 4186 compellat
2729 4116 2796 4170 de
2819 4117 3054 4171 nomine.
3094 4114 3233 4170 Sunt
3261 4124 3442 4169 autem

1883 4222 2005 4277 quae
2028 4206 2219 4264 scribit
2254 4207 2371 4262 haec
2416 4208 2712 4278 ipsissima.
2743 4205 2831 4279 [Η.
2877 4205 3168 4278 XXXVIII]
3200 4225 3220 4257 ι
3251 4206 3444 4262 δεδειι

1890 4317 1907 4347 ι
1938 4297 2040 4353 lius
2073 4307 2253 4352 autem
2281 4298 2371 4352 ille
2403 4312 2525 4353 cum
2550 4313 2579 4352 a
2606 4307 2752 4353 recta
2792 4296 2896 4352 llde
2946 4296 3233 4357 deviasset,
3268 4309 3443 4364 neque

1890 4407 1908 4440 ι
1948 4389 2112 4442 Deum
2150 4398 2341 4444 exacte
2399 4389 2760 4459 agnoscebat,
2815 4402 2988 4459 neque
3038 4386 3439 4442 sanctissimum

168 4488 231 4535 'c
268 4480 417 4545 οἶδε,
464 4486 619 4557 φησι,
663 4484 769 4538 τὸν
821 4482 1054 4551 Πατέρα
1119 4484 1172 4536 εὶ
1209 4481 1295 4551 μὴ
1363 4484 1396 4535 ό
1457 4481 1610 4548 Υἱὸς,
1666 4480 1780 4553 (57)

1895 4499 1909 4532 ι
1948 4464 2065 4545 eius
2108 4479 2362 4536 Verbum.
2402 4480 2533 4534 Nam
2564 4481 2656 4550 qui
2688 4480 2928 4535 Verbum
2959 4477 3251 4539 nesciebat,
3298 4478 3345 4533 is
3391 4487 3444 4533 et

210 4597 229 4627 ε
263 4576 562 4641 τουτέστιν,
598 4577 628 4630 ό
655 4574 825 4643 Λόγος
851 4574 918 4628 δι’
948 4573 1113 4628 αὑτοῦ
1144 4573 1243 4645 τὴν
1280 4572 1373 4627 τοῦ
1409 4572 1620 4644 Πατρὸς
1646 4589 1781 4644 παρ-

212 4689 232 4720 c
268 4668 387 4738 ἔχει
420 4665 640 4736 γνῶσιν.
681 4664 839 4720 Οὕτω
899 4664 1007 4737 γὰρ
1042 4666 1135 4718 καὶ
1164 4663 1301 4736 πρὸς
1343 4663 1467 4727 τοὺς
1501 4663 1778 4735 οἰομένους

211 4775 235 4809 ι
275 4755 575 4828 τηνικαῦτα
617 4754 724 4809 τῶν
765 4754 1033 4809 Ἰουδαίων
1079 4753 1277 4808 εἰδέναι
1325 4753 1418 4807 τὸν
1447 4751 1600 4819 Θεὸν,
1650 4753 1777 4808 ἀθε-

285 4874 347 4944 >11
384 4869 484 4927 Ed.
508 4869 709 4936 Paris.,
732 4885 854 4941 pag.
886 4870 976 4928 76.
1035 4871 1085 4910 ⁷²-
1112 4869 1300 4929 Matth.
1329 4886 1409 4937 ιι,
1436 4870 1529 4928 27.

306 5025 395 5097 52)
423 5026 595 5096 Vulgo
619 5026 677 5081 δέ
696 5036 750 5097 et
775 5025 934 5095 Θεοῦ,
961 5027 1267 5081 Σαόέλλιον.
1456 5096 1465 5097 ί
1594 5096 1601 5097 ί
1723 5082 1733 5091 .

309 5095 400 5164 5'5)
462 5095 570 5150 Kal
626 5095 812 5163 πλήν.
870 5097 1183 5151 Audendum
1236 5099 1344 5160 hic,
1387 5096 1470 5152 vel
1515 5096 1655 5164 ἑνός,
1696 5095 1780 5150 vel

208 5162 390 5238 αὐτοῦ
407 5166 533 5238 [hoc
560 5177 649 5238 est
671 5169 722 5220 in
743 5162 1132 5238 codd.],_etiam
1160 5167 1378 5238 et_6évau,
1397 5183 1494 5238 pro
1522 5162 1681 5238 εἶναι.
1706 5166 1776 5223 Μ.

285 5235 705 5310 (54)]ζτωχοὺς
739 5235 856 5310 τὴν
876 5235 1163 5310 διάνοιαν.
1187 5235 1479 5310 Transtulit
1513 5237 1583 5310 ab
1630 5238 1778 5310 lgna-

213 5305 315 5367 tin'.
354 5307 421 5360 ad
460 5305 791 5378 Philadelph.
828 5307 939 5378 και
966 5306 1110 5378 έστιν
1127 5307 1163 5360 ό
1185 5307 1442 5378 τοιοῦτος,
1466 5306 1635 5378 πένης
1678 5306 1775 5377 τὴν

210 5378 452 5432 διάνοιαν
482 5376 559 5439 ὡς
585 5376 814 5446 ἐπίκλην
851 5375 1066 5442 Ἐϐιών,
1096 5380 1163 5429 de
1206 5377 1289 5430 his
1318 5375 1537 5445 Origen.
1590 5375 1776 5446 contra

212 5449 447 5510 Celsum,
479 5446 569 5500 lib.
601 5461 658 5511 tl,
707 5445 780 5500 Oi
821 5446 927 5517 ἀπὸ
968 5446 1234 5517 Ἰουδαίων
1274 5447 1352 5510 είς
1380 5445 1645 5517 ίΧριστὸν
1689 5464 1777 5499 πι-

215 5517 527 5587 στεύοντες,
580 5517 640 5569 οὐ
701 5515 1132 5587 καταλελοίπιιισι⁸
1171 5515 1263 5569 τὸν
1320 5515 1546 5586 πάτριον
1591 5516 1774 5587 νόμον.

213 5587 402 5658 Bia-Sat.
460 5586 565 5658 γὰρ
616 5587 734 5658 κατ’
784 5586 978 5658 αὐτὸν.
1029 5584 1303 5656 ἐπώνυμοι
1347 5584 1447 5658 τῆς
1494 5584 1778 5658 κατὰ-τὴν

216 5655 441 5739 ἐκδοχὴν
474 5654 878 5739 πτωχείαςητρῦ
903 5656 1067 5739 νόμου
1097 5654 1467 5739 γεγενημένοι.
1500 5654 1688 5739 ’βσιρν
1717 5654 1777 5708 τε

217 5726 326 5797 γὰρ
340 5725 373 5779 ὅ
395 5725 784 5799 πτωχὸςπαρὰ
824 5726 1094 5791 Ἰουδαίοις
1118 5725 1389 5782 καλεῖται·
1453 5725 1543 5780 καὶ
1591 5725 1778 5780 Ἑὸιω-

1892 4588 1910 4621 ‹
1951 4570 2159 4625 Patrem
2197 4571 2381 4640 utiqtte
2409 4571 2707 4638 ignorabat.
2742 4567 2909 4623 Nemo
2928 4569 3083 4629 enim,
3115 4566 3308 4646 inquit;
3330 4564 3439 4620 1³η.

1889 4682 1907 4713 ι
1950 4673 2077 4716 trem
2104 4664 2239 4716 nouit
2270 4663 2368 4716 nisi
2392 4660 2564 4716 Filius
2590 4663 2660 4728 ",
2683 4662 2787 4717 hoc
2838 4671 2924 4715 est
2974 4659 3209 4714 Verbum
3233 4674 3331 4729 per
3360 4674 3429 4713 se.

1894 4774 1911 4805 ι
1954 4752 2130 4809 Patris
2159 4755 2518 4824 cognitionem
2541 4753 2775 4808 exhibet.
2824 4751 2936 4807 Hoc
2983 4752 3128 4806 enim
3157 4750 3319 4807 modo
3345 4747 3429 4804 ιυ-

1733 5013 1808 5098 {7
1884 5028 2023 5098 ναῖοι
2076 5025 2519 5098 χρηματίζουσιν,
2546 5026 2595 5079 oi
2634 5025 2776 5098 ἀπὸ-
2797 5023 3082 5098 Ἰουδαίωνι
3106 5024 3198 5098 τὸν
3234 5022 3423 5098 Ἰησοῦι

1882 5096 1957 5159 ὡς
2000 5092 2231 5168 Χριστὸν
2252 5095 2702 5168 παραδεξάμενοι,
2727 5093 2881 5151 M.—
2910 5094 3034 5151 Mos
3062 5095 3217 5165 vulgo
3247 5092 3420 5164 ένσάρ

1884 5167 2173 5237 κουῃγεννή
2182 5182 2338 5237 σεως.

1953 5230 2064 5307 (55)
2092 5230 2262 5307 Vulgo
2292 5235 2359 5289 τὰ
2394 5236 2439 5307 δέ
2467 5230 2556 5290 [ba
2581 5234 2728 5307 αὐτῷ
2750 5244 2805 5289 et
2835 5232 3143 5307 eﬁécpeu7sv.

1954 5301 2067 5375 (56)
2096 5301 2223 5371 Τοῖξ
2255 5305 2457 5371 αὐτοῖς
2479 5306 2664 5361 αὐτοῦ
2698 5301 2980 5375 δικτύοις.
3015 5301 3196 5375 Deest
3220 5301 3438 5375 aliquid

1879 5371 2156 5431 sententiae
2178 5375 2483 5440 t‘ulcieudas,
2510 5377 2778 5431 irretitum
2805 5373 2917 5427 vult
2942 5373 3059 5428 suis
3107 5371 3339 5431 retibus.
3360 5371 3434 5427 II.

1877 5477 1947 5486 —
1961 5446 2127 5499 Codd.
2149 5447 2263 5508 τοῖς
2280 5444 2440 5509 αὐτὸς
2465 5444 2664 5511 αὐτοῦς
2695 5444 2818 5498 dein
2848 5442 3007 5513 vulgo
3030 5442 3327 5498 διέσαλλεν.

1949 5513 2058 5585 (57)
2071 5515 2391 5569 Τουτέστινὸ
2410 5515 2564 5584 λόγος
2585 5533 2600 5546 ο
2628 5514 2777 5585 ὁγὰρ
2794 5513 2950 5585 λόγος
2964 5513 3031 5585 δι’
3046 5513 3208 5585 αὐτοῦ
3235 5515 3278 5568 Β
3293 5523 3347 5568 et
3366 5527 3432 5585 Ρ.

1949 5527 2391 5585 (δυἰουτεστινο
2411 5527 2564 5584 λόγος
2585 5533 2600 5546 ·
2628 5527 2777 5585 ογαρ
2795 5527 2950 5582 Αογος
2964 5527 3030 5568 δι’
3046 5527 3208 5568 αῡτου
3236 5527 3278 5568 tt
3293 5527 3347 5568 et

1879 5585 1948 5640 78
1978 5587 2043 5639 A.
2076 5585 2206 5657 Dein
2238 5585 2397 5657 vulgo
2425 5585 2677 5657 παρέχοι,
2718 5599 2839 5657 mos
2869 5584 3044 5657 οὐδεὶς
3075 5583 3360 5657 γινώσκει,
3416 5599 3433 5643 ;

1888 5604 1948 5640 Ιδ
1978 5604 2043 5639 Α.
2076 5604 2206 5640 υθιη
2238 5604 2397 5652 vulgo
2425 5604 2503 5639 πα
2542 5604 2677 5657 εχοι,
2718 5604 2839 5639 mox
2869 5604 3044 5647 ουοεις
3075 5604 3330 5652 γινωσκει
3365 5604 3433 5643 ll;

1880 5670 2043 5733 porro
2061 5654 2216 5730 vulgo
2236 5654 2487 5728 ῆτφίιλει.
2507 5604 2552 5714 fi
2576 5655 2780 5712 induxit
2810 5654 3071 5727 ἀκριϐῶς,
3105 5669 3223 5712 mox
3246 5707 3261 5717 ,
3280 5653 3437 5733 vulgo

1880 5724 2103 5803 treat?-
