3838 6222
412 343 517 399 855

1077 336 1348 396 EUSEBII
1386 334 1867 393 CASSABIENSIS
1901 334 2054 393 OPP.
2093 332 2276 390 PARS
2315 333 2401 389 IV.
2429 363 2496 373 -
2533 331 2954 390 DOGMATICA.

3555 328 3668 386 858

415 479 434 511 s
473 459 618 514 dmos
646 455 961 527 alloquitur,
994 457 1084 526 qui
1113 465 1242 513 tunc
1263 456 1523 526 temporis
1551 471 1610 512 se
1637 455 1805 510 Deum
1837 454 1974 511 scire

2086 471 2106 507 ι
2145 452 2370 516 τοῦντας
2395 450 2440 504 δ’
2462 449 2625 506 αὑτοῦ
2668 450 2758 504 τὸν
2787 449 2979 519 Λόγον,
3027 447 3094 502 δι’
3121 440 3182 501 οὗ
3210 446 3371 518 μόνον
3393 443 3670 514 γινώσκε-

414 573 428 600 ι
475 549 899 614 arbitrabantur,
953 547 1185 603 Verbum
1216 559 1396 603 autem
1435 547 1528 602 Dei
1580 548 1974 617 repudiabant;

415 662 429 689 ι
469 653 578 708 quo
607 647 787 695 tamen
813 639 903 694 ille
939 638 1056 695 solo
1098 638 1426 692 intermedio
1463 635 1878 707 agnoscebatur,
1903 635 1981 690 ait

413 749 433 780 ι
475 731 642 786 enim:
675 728 844 785 Nemo
875 731 1014 784 nouit
1045 728 1258 784 Patrem
1289 731 1387 783 nisi
1415 727 1612 796 Filius,
1631 738 1678 782 et
1699 729 1784 782 cui
1805 726 1980 782 Filius

416 839 436 873 ι
471 821 806 876 reuelabit".
831 821 967 876 Nam
998 837 1120 878 cum
1156 821 1263 875 alio
1289 821 1482 892 quovis
1526 820 1686 876 modo
1733 819 1981 890 impossi-

418 932 437 964 ι
481 913 587 967 bile
613 913 804 969 fuisset
856 893 1184 984 cognoscere
1216 913 1403 980 Deum,
1461 926 1558 983 per
1599 927 1756 966 suum
1812 911 1981 980 ipsius

415 1025 434 1056 ι
483 1005 737 1072 Verbum,
772 1005 854 1060 sui
877 1007 1236 1076 cognitionem
1271 1007 1579 1061 hominibus
1611 1004 1753 1060 Deus
1780 1005 1979 1074 imper—

415 1114 436 1148 ι
474 1096 667 1164 Iiebat,
697 1107 758 1152 ut
785 1112 1002 1152 errasse
1037 1097 1186 1151 illum
1219 1097 1526 1152 certissime
1573 1106 1806 1158 constet,
1857 1112 1980 1150 cum

423 1205 442 1238 ι
481 1203 654 1256 neque
677 1187 890 1242 Patrem
925 1189 1196 1244 exactiore
1231 1190 1408 1252 modo,
1445 1203 1621 1258 neque
1651 1189 1767 1256 ejus
1788 1187 1980 1242 Filium

425 1299 445 1332 s
487 1281 827 1352 intelligeret.
869 1302 888 1336 ι
925 1283 1050 1338 llaec
1086 1284 1199 1351 ipsa
1227 1282 1518 1337 Marcellus
1567 1283 1844 1336 mandavit
1900 1283 1983 1336 lit-

421 1375 572 1442 teris,
605 1375 731 1430 dum
770 1390 828 1430 se
862 1363 974 1428 vult
1001 1389 1234 1445 purgare
1278 1390 1307 1428 a
1335 1375 1639 1446 suspicione
1671 1376 1816 1429 omni
1877 1373 1980 1428 Sa-

415 1470 733 1524 bellianismi
767 1488 779 1522 :
811 1469 902 1524 sed
936 1468 1119 1538 lingua
1157 1477 1364 1522 tantum
1393 1479 1448 1522 et
1479 1482 1610 1522 voce
1641 1475 1816 1522 tenus.
1848 1465 1981 1520 Nam

411 1571 674 1629 quantum
709 1562 775 1615 ad
804 1561 967 1614 animi
993 1562 1316 1616 sententiam
1345 1562 1453 1624 sui,
1491 1571 1698 1615 etcum
1751 1559 1842 1614 illo
1887 1560 1984 1613 lto-

414 1653 556 1706 mine
582 1652 1008 1722 conspirantem,
1040 1652 1229 1706 iisdem
1282 1653 1478 1722 quibus
1504 1652 1612 1716 ille,
1647 1651 1767 1706 telis
1816 1650 1982 1704 conti-

413 1757 514 1797 xus
555 1757 676 1798 esse
708 1743 1164 1812 deprehenditur,
1199 1754 1257 1798 ut
1306 1744 1435 1798 mihi
1469 1744 1685 1813 quidem
1740 1743 1868 1796 illud
1919 1743 1974 1795 in

2085 565 2104 598 ‹
2143 565 2232 600 ται
2268 545 2297 598 ὁ
2333 544 2483 609 Θεὸς,
2531 543 2715 613 ἔλεγεν
2738 541 2984 607 ὀὐδεὶς
3014 538 3383 611 ἐπιγινώσκει
3405 537 3518 592 τὸν
3545 541 3671 591 Πα-

2085 657 2103 690 ι
2143 637 2282 708 τέρα
2315 640 2369 692 εί
2389 637 2476 709 μὴ
2511 640 2544 692 ὁ
2583 635 2744 702 Υἱὸς,
2768 634 2864 688 καὶ
2891 627 3029 701 ᾧᾶν
3047 637 3079 688 ό
3104 631 3232 698 Υἱὸς
3254 631 3668 698 ἀποκαλύψει.

2086 747 2105 780 ι
2145 729 2362 798 Ἐπειδὴ
2397 727 2508 798 γὰρ
2536 727 2798 780 ἆδύνατον
2831 720 2898 795 ἦν
2925 725 3125 796 ἑτέρως
3145 722 3346 792 γνῶναι
3384 722 3479 774 τὸν
3508 721 3668 783 Θεὸν,

2086 837 2104 870 ι
2143 818 2231 872 διὰ
2283 817 2376 875 τοῦ
2433 817 2563 872 ἰδίου
2616 816 2790 884 Λόγου
2833 810 3024 877 εἰδέναι
3080 814 3242 868 αὑτὸν
3280 815 3405 876 τοὺς
3447 812 3672 884 ἀνθρὼ‹

2085 929 2104 961 ‹
2137 927 2270 974 πους
2308 909 2567 972 διδάσκει,
2601 907 2741 961 ὥστε
2764 905 2968 976 ἐσφάλη
3020 905 3118 975 μὲν
3153 905 3420 966 κάκεῖνος,
3469 903 3545 974 μὴ
3579 903 3671 956 τὸν

2085 1023 2108 1076 ι
2149 1003 2366 1076 Πατέρα
2417 1005 2512 1059 καὶ
2548 1003 2638 1056 τὸν
2681 1001 2869 1055 τούτου
2915 1000 3086 1068 Λόγον
3128 999 3369 1070 ἀκριϐῶς
3416 998 3606 1065 γνούς.
3644 1015 3665 1048 ι

2080 1095 2264 1150 Ταῦτα
2285 1096 2602 1169 Μάρκελλος
2632 1095 2837 1164 ἔγραφε
2863 1133 2876 1155 ,
2907 1091 3006 1162 τῆς
3043 1091 3133 1144 τοῦ
3168 1088 3512 1153 Σαϐελλίζειν
3539 1090 3672 1140 ὑπο-

2081 1190 2228 1253 νοίας
2262 1188 2543 1259 καθαίρων
2568 1187 2781 1250 ἑαυτὸν,
2817 1185 2980 1255 μέχρι
3011 1183 3196 1252 φωνῆς
3228 1183 3322 1235 καὶ
3352 1182 3515 1249 λόγου
3539 1199 3552 1208 ·
3599 1183 3667 1250 τῇ

2081 1296 2144 1348 γε
2175 1280 2271 1349 μὲν
2301 1278 2523 1351 γνώμῃ,
2556 1279 2648 1332 καὶ
2692 1279 2757 1348 τῇ
2796 1275 2930 1347 πρὸς
2969 1274 3059 1328 τὸν
3099 1273 3266 1343 ἄνδρα
3313 1270 3669 1352 ὁμοφροσύνῃ

2082 1371 2361 1425 ἁλίσκεται
2400 1374 2511 1433 τοῖς
2545 1371 2727 1432 αὐτοῖς
2779 1367 2971 1436 ἐκείνῳ
3021 1366 3473 1437 περιπειρόμενος
3517 1363 3674 1434 βέλε-

2084 1481 2188 1517 σιν.
2230 1462 2317 1526 Ὡς
2349 1463 2534 1532 ἔμοιγε
2562 1464 2657 1516 καὶ⁸
2683 1462 2750 1516 δι’
2778 1461 2942 1533 εὐχῆς
2981 1459 3221 1530 ὑπῆρξεν
3254 1456 3319 1510 ἂν
3349 1456 3410 1509 τὸ
3439 1456 3514 1527 μὴ
3540 1457 3669 1509 τότε

2085 1557 2266 1619 αὐτοῖς
2303 1555 2467 1609 αὐτὸν
2497 1556 2813 1628 περιπεσεῖν
2840 1572 2852 1585 ⁸
2906 1552 3022 1606 νυνὶ
3064 1551 3120 1605 δὲ
3148 1551 3339 1604 κάκιον
3382 1549 3415 1620 ἢ
3452 1551 3672 1611 ἐκεῖνος

2085 1647 2418 1717 πλημμελῶν
2445 1649 2711 1716 φαίνεται.
2729 1647 2788 1699 ὐ
2804 1645 2902 1717 μὲν
2927 1644 3035 1716 γὰρ
3049 1644 3188 1714 τάχα
3218 1660 3318 1695 που
3355 1640 3672 1711 σφαλλόμεο

2085 1755 2172 1802 νος
2191 1739 2372 1808 ἠγνόει
2396 1755 2411 1769 ο
2453 1741 2481 1792 ὁ
2512 1739 2590 1804 δὲ,
2619 1737 2896 1809 ὁμολογῶν
2917 1735 3181 1806 ἐσφάλθαι
3205 1734 3316 1804 (58)
3347 1733 3437 1787 τὸν
3467 1732 3672 1803 ἄνδρα,

410 1835 554 1890 votis
588 1834 681 1899 sit,
720 1850 791 1890 ne
827 1837 880 1890 in
919 1835 1076 1902 hujus
1108 1836 1438 1890 mentionem
1479 1833 1783 1889 istiusmodi
1845 1833 1974 1888 inci-

2086 1831 2312 1884 κάπειτα
2359 1831 2520 1884 αὑτὸν
2565 1830 2722 1884 ὠθῶν
2773 1830 2866 1884 ἐπὶ
2899 1829 2990 1882 τὸν
3042 1826 3294 1900 προφανῆ
3343 1827 3443 1896 τῆς
3490 1825 3674 1894 αὐτῆς

411 1928 580 1982 disset
611 1947 626 1982 :
660 1928 802 1982 ultra
854 1928 1005 1982 illam
1030 1930 1230 1998 quippe
1258 1929 1471 1982 videtur
1516 1941 1837 1997 progressus
1873 1927 1978 1980 im-

410 2017 631 2084 pietate.
665 2016 757 2070 llle
776 2017 920 2073 enim
943 2016 1211 2081 fortassis,
1241 2031 1337 2084 per
1362 2015 1723 2085 ignorantiam
1743 2015 1973 2069 erravit:

416 2114 474 2170 AR
512 2107 602 2164 ille
624 2117 827 2177 autem,
858 2112 1096 2178 quicum
1135 2112 1459 2165 conﬁteatur
1523 2109 1674 2164 illum
1711 2109 1982 2164 hominem
2023 2111 2330 2176 aberrasse,
2396 2120 2450 2166 et
2486 2122 2662 2167 tamen
2726 2115 3076 2181 semetipsum
3113 2111 3166 2165 in
3213 2108 3353 2164 idem
3397 2108 3644 2177 protrusi

2082 1922 2397 1987 δυσσεϐείας
2465 1923 2729 1994 κρημνὸν,
2803 1922 3057 1993 οὐδεμιᾶς
3130 1920 3329 1988 γένοιτ’
3379 1918 3446 1976 ἂν
3512 1917 3674 1981 ἄξιος

2086 2014 2433 2087 συγγνώμης.
2466 2016 2624 2072 Ἀλλὰ
2651 2017 2759 2087 γὰρ
2789 2012 3208 2085 διασκεψώμεθα
3234 2012 3302 2069 τὰ
3338 2012 3674 2136 λελεγμέναί

2086 2126 2307 2136 ...__..-..-
2400 2120 2444 2136 Δ.
2486 2122 2660 2136 .-.μη
2728 2115 3075 2136 -.._.-....-..._
3113 2111 3164 2136 ξ..
3213 2108 3352 2136 πλη...
3397 2108 3642 2136 ..-Μ-...ς

411 2201 698 2257 manifeste
753 2204 1108 2274 praecipitium
1163 2203 1491 2272 impietatis,
1551 2204 1712 2260 venia
1752 2217 1975 2274 prorsus
2013 2206 2158 2259 omni
2185 2206 2459 2276 indignum
2490 2221 2550 2263 se
2579 2207 2849 2278 prestitit.
2877 2205 2987 2263 Sed
3042 2206 3159 2276 ipsa
3192 2204 3309 2276 ejus
3369 2205 3512 2261 dicta
3578 2205 3668 2258 in-

411 2295 806 2362 trospiciamus.

1018 2389 1170 2445 CAP.
1203 2389 1358 2462 lxvr.

411 2478 685 2543 Quomodo
712 2497 740 2534 e
782 2483 893 2535 suis
923 2482 1092 2549 ipsius
1120 2483 1285 2536 verbis
1309 2482 1712 2549 deprehenditur
1736 2483 1973 2536 eamdem

445 2550 615 2613 ipsam
645 2552 943 2618 opinionem
975 2568 1092 2604 cum
1125 2549 1356 2606 Sabellio
1397 2549 1589 2620 fovere,
1632 2552 1941 2608 Marcellus.

478 2639 749 2709 imprimis
777 2642 906 2696 illud
934 2645 1145 2708 statuit,
1190 2658 1291 2698 nec
1321 2644 1611 2698 Sabellium
1645 2659 1746 2709 nec
1762 2642 1977 2699 Judteos

408 2732 692 2799 agnovisse
729 2733 916 2801 Deum,
949 2748 1015 2788 eo
1039 2738 1181 2802 quod
1209 2735 1443 2790 Verbum
1476 2737 1813 2806 ignorabant.
1843 2735 1976 2791 Ver-

410 2823 536 2878 bum
572 2839 701 2879 vero
731 2824 1007 2894 quodnam
1056 2826 1416 2896 intelligebat,
1451 2827 1844 2895 dispiciendum
1877 2844 1974 2884 no-

405 2912 491 2968 bis
519 2923 624 2971 est.
676 2913 952 2985 Siquidem
1015 2916 1209 2972 Filium
1249 2918 1340 2972 Dei
1389 2919 1744 2988 unigenitum,
1799 2920 1976 2974 subsi-

407 3016 640 3062 stentem
671 3008 853 3062 vivum
875 3022 1016 3072 esse,
1052 3008 1330 3065 enimvero
1364 3010 1505 3064 hunc
1533 3010 1604 3065 ita
1637 3025 1812 3080 neque
1840 3013 1979 3080 ipse-

2710 2390 2866 2444 ΚΕΦ.
2908 2390 3023 2456 ις’.

2083 2482 2279 2546 Ὅπως
2316 2481 2628 2535 ἁλίσκεται
2659 2480 2758 2534 διὰ
2785 2481 2904 2550 τῶν⁵
2929 2481 3116 2535 αὐτοῦ
3151 2481 3384 2550 φωνῶν,
3405 2481 3480 2535 τὰ
3508 2482 3676 2537 αὐτὰ

2293 2550 2372 2615 τῷ
2399 2551 2696 2615 Σαϐελλίῳ
2726 2548 2988 2616 δοξάζων
3017 2554 3051 2605 ὁ
3077 2548 3454 2619 Μάρκελλος.

2153 2643 2374 2714 Πρῶτον
2417 2643 2514 2712 μὲν
2557 2638 2648 2697 οῦν
2694 2644 2833 2714 μήτε
2876 2642 2967 2696 τὸν
3001 2642 3309 2708 Σαϐἐλλιον,
3347 2645 3487 2715 μήτε
3526 2645 3670 2697 Ἰου-

2081 2737 2262 2800 δαίους
2291 2736 2594 2806 ήγνωκέναι
2607 2736 2695 2791 τὸν
2710 2736 2842 2789 Θεὸν
2858 2735 2981 2808 ἔφη,
3006 2735 3085 2807 τῷ
3107 2736 3182 2808 μὴ
3201 2737 3289 2790 τὸν
3300 2737 3470 2804 Λόγον
3485 2739 3676 2806 ἠγνω-

2085 2827 2237 2880 κέναι
2264 2827 2476 2891 αὐτούς.
2496 2826 2605 2898 (59)
2622 2825 2931 2897 Σκέψασθαι
2959 2827 3017 2882 δὲ
3053 2829 3157 2900 χρὴ
3197 2829 3377 2881 ὁποῖον
3407 2828 3672 2881 ὑποτιθε-

2083 2936 2172 2972 ται
2205 2919 2403 2988 Λόγον·
2457 2919 2519 2971 El
2566 2918 2665 2988 μὲν
2697 2915 2806 2988 γὰρ
2837 2917 2930 2971 τὸν
2964 2918 3090 2971 Υἱὺν
3115 2918 3208 2972 τοῦ
3253 2917 3388 2971 Θεοῦ
3423 2919 3514 2971 τὸν
3562 2937 3669 2989 μο-

2086 3011 2298 3082 νογενῆ,
2330 3011 2420 3064 τὸν
2453 3009 2761 3079 ὑφεστῶτα,
2812 3011 2902 3066 καὶ
2947 3010 3127 3076 ζῶντα
3147 3049 3163 3073 ,
3209 3009 3323 3063 ἀλλ’
3359 3009 3466 3063 οὐδ’
3495 3009 3669 3075 αὐτὸς

409 3108 519 3151 met
551 3098 786 3167 agnovit.
809 3097 1052 3167 Cumque
1101 3099 1356 3155 Servatur
1394 3109 1579 3155 noster
1617 3102 1974 3157 diversimolle

2086 3101 2270 3156 τοῦτον
2305 3101 2465 3170 ἔγνω.
2497 3101 2702 3155 Αὐτίκα
2732 3103 2776 3155 δ’
2803 3096 2918 3166 οῦν,
2958 3102 3051 3156 τοῦ
3092 3102 3344 3173 Σωτῆρος
3368 3100 3526 3172 ἡμῶν
3551 3102 3673 3155 δια-

409 3187 735 3241 mentionem
772 3185 892 3242 Filii
948 3187 1181 3244 fecerit:
1224 3199 1278 3243 et
1319 3189 1595 3244 multoties
1625 3189 1974 3261 Uuigenitum

2086 3193 2262 3262 φόρως
2295 3191 2764 3264 μνημονεύσαντως
2795 3192 2887 3246 τοῦ
2930 3193 3082 3256 Υἱοῦ,
3113 3193 3206 3246 καὶ
3252 3191 3513 3256 πολλάκις
3568 3210 3673 3263 μο-

409 3273 558 3326 illum
589 3273 964 3344 appellaverit,
996 3291 1098 3330 nec
1124 3276 1320 3330 alicubi
1355 3290 1414 3331 se
1440 3274 1678 3331 Verbum
1738 3278 1976 3330 nomina-

407 3362 568 3426 verit,
604 3363 698 3416 sed
737 3363 937 3433 ubique
962 3379 1057 3433 per
1075 3363 1361 3434 Evangelia
1396 3379 1456 3419 se
1479 3365 1570 3419 Dei
1606 3364 1798 3419 Filium
1824 3381 1978 3420 usur-

408 3454 622 3522 paverit
653 3471 667 3508 :
695 3453 764 3507 ob
793 3468 1020 3524 eamque
1051 3455 1224 3524 ipsam
1261 3455 1698 3521 confessionem,
1761 3455 1973 3510 Petrum

403 3543 622 3597 beatum
651 3545 1025 3612 praedicaverit
1069 3557 1290 3616 prepter
1337 3547 1484 3600 illam
1526 3548 1921 3603 confessionem
1956 3564 1969 3599 :

409 3631 489 3688 Tu
526 3649 580 3688 es
601 3635 692 3689 ille
715 3634 976 3700 Christus,
1010 3634 1185 3690 Filius
1218 3636 1313 3690 Dei
1341 3622 1445 3691 vivi
1470 3638 1516 3668 ⁷⁸
1544 3653 1562 3691 :
1601 3639 1751 3708 cujus
1781 3638 1978 3692 revela-

407 3723 608 3777 tionem
661 3739 691 3778 a
742 3723 902 3778 Patre
935 3725 1236 3796 profectam
1269 3728 1316 3782 ei
1359 3729 1498 3781 dixit
1527 3729 1848 3793 innotuisse,
1885 3729 1973 3782 ubi

405 3817 759 3883 testificatur,
797 3817 994 3874 Beatus
1027 3837 1102 3886 es,
1131 3820 1314 3874 Simon
1333 3820 1591 3891 Barjona,
1637 3825 1904 3892 quiamro
1927 3833 1975 3876 et

408 3910 624 3980 sanguis
653 3912 751 3965 hoc
795 3913 888 3966 tibi
921 3928 1024 3966 non
1062 3914 1328 3982 reuelauit,
1369 3916 1460 3969 sed
1499 3914 1665 3968 Pater
1714 3933 1858 3969 meus
1885 3916 1972 3985 qui

408 4011 482 4055 est
507 4002 562 4054 in
584 4001 728 4057 caelis
782 4003 849 4058 ".
893 4002 990 4057 Vir
1018 4003 1122 4058 iste
1154 4004 1505 4067 admirabilis,
1545 4006 1828 4061 obturatas
1879 4007 1977 4059 ha-

407 4092 544 4148 bens
575 4107 760 4157 aures,
783 4093 897 4148 haec
926 4094 1140 4149 disertis
1183 4094 1364 4150 verbis
1416 4096 1604 4151 scribit
1634 4113 1646 4148 :
1686 4115 1705 4148 ι
1741 4096 1806 4152 Ει
1836 4097 1976 4151 hanc

408 4184 579 4254 ipsam
618 4183 688 4238 ob
716 4184 976 4240 rationem
1003 4186 1189 4240 nullibi
1225 4202 1283 4241 se
1319 4186 1512 4240 Filium
1545 4187 1638 4241 Dei
1685 4189 1973 4252 nominat,

410 4275 612 4344 ubique
639 4281 818 4328 autem
841 4274 1038 4332 Filium
1093 4277 1350 4345 hominis,
1401 4286 1458 4330 ut
1487 4292 1582 4347 per
1634 4279 1773 4335 hanc
1817 4295 1972 4334 suam

406 4366 826 4433 confessionem,
858 4377 1044 4423 notum
1078 4367 1299 4431 faceret,
1336 4384 1457 4422 eum
1492 4369 1582 4440 qui
1635 4385 1819 4425 revera
1854 4381 1974 4426 erat

2081 3282 2271 3353 νογενῆ
2306 3281 2433 3338 Υἱὸν
2473 3283 2802 3347 ἀνειπόντος,
2837 3282 2933 3336 καὶ
2961 3282 3227 3353 μηδέποτε
3257 3282 3428 3348 Λόγον
3469 3282 3673 3335 ἑαυτὸν

2079 3375 2531 3439 ἀποκαλέσαντος,
2574 3374 2660 3427 διὰ
2687 3374 2900 3429 πάντων
2937 3374 2994 3427 δὲ
3021 3373 3129 3426 τῶν
3159 3371 3503 3441 Εὑαγγελίων
3535 3373 3672 3426 Υῑὺν

2078 3467 2212 3522 Θεοῦ
2239 3464 2376 3522 εἶναι
2399 3467 2728 3532 διδάξαντος,
2764 3468 2848 3534 ἐφ’
2885 3459 2930 3534 ᾧ
2974 3464 3069 3519 zeal.
3107 3464 3404 3536 μακαρίζει
3433 3465 3524 3517 τὸν
3558 3466 3672 3519 Πέ-

2078 3578 2203 3631 τρον
2233 3560 2512 3632 εἰρηκότα,
2545 3559 2628 3613 Σὺ
2654 3555 2716 3613 εἴ
2741 3561 2774 3612 ό
2801 3558 3076 3625 Χριστὸς,
3113 3561 3147 3612 ό
3181 3559 3316 3622 Υἱὸς
3367 3557 3475 3611 τοῦ
3506 3557 3670 3612 Θεοῦ

2077 3650 2183 3704 τοῦ
2213 3650 2454 3719 ζῶντος·
2485 3654 2579 3705 καὶ
2606 3651 2703 3722 τὴν
2735 3649 2936 3721 γνῶσιν
2969 3649 3119 3720 αὐτῷ
3151 3649 3553 3720 ἀποκαλύψεως
3567 3649 3670 3703 τοῦ

2078 3740 2290 3812 Πατρδς
2316 3741 2594 3808 γεγονέναι
2627 3741 2892 3811 μαρτυρεῖ
2915 3757 3114 3810 φησας,
3137 3739 3441 3806 Μακάριος
3469 3735 3546 3805 εἷ,
3568 3740 3674 3793 Σί-

2072 3848 2202 3900 μων
2223 3829 2509 3898 Βαριωνᾶ,
2541 3833 2630 3885 ὅτι
2659 3832 2815 3901 σὰρξ
2846 3833 2945 3886 καὶ
2970 3826 3114 3900 αΤμα
3146 3833 3259 3885 οὐκ
3300 3829 3675 3898 ἀπεκάλυψέ

2079 3935 2198 3984 σοι,
2229 3921 2366 3974 ἀλλ’
2411 3922 2444 3973 ὁ
2477 3919 2676 3990 Πατήρ
2696 3938 2819 3990 μου
2849 3923 2882 3974 ὁ
2929 3918 3238 3987 οἰιράνιοςο
3281 3921 3310 3972 ὁ
3349 3919 3674 3990 θαυμαστὸς

2077 4006 2229 4076 οὗτος
2258 4011 2446 4081 ὥσπερ
2478 4011 2806 4082 βεϐυσμένος
2835 4009 2903 4064 τὰ
2945 4004 3080 4075 ὦτα,
3119 4010 3292 4064 ταῦτα
3336 4011 3482 4065 κατὰ
3513 4011 3673 4077 λέξιν

2075 4100 2275 4170 γράφει
2298 4119 2310 4132 ·
2348 4120 2366 4154 ι
2408 4103 2519 4155 Καὶ
2561 4103 2649 4156 διὰ
2673 4101 2831 4156 τοῦτο
2853 4103 2951 4173 οὑχ
2983 4102 3112 4156 Υίὺν
3151 4101 3285 4155 Θεοῦ
3316 4103 3512 4156 ἑαυτὸν
3543 4104 3670 4155 ὀνο-

2081 4209 2100 4240 ι
2143 4192 2322 4262 μάζει,
2355 4192 2488 4246 ἀλλὰ
2510 4193 2783 4264 πανταχοῦ
2814 4194 2941 4246 Υἱὸν
2959 4193 3244 4264 ἀνθρώπου
3267 4194 3462 4247 ἑαυτὸν
3489 4193 3670 4262 λέγει.

2081 4301 2100 4333 ι
2141 4284 2227 4336 ἵνα
2262 4283 2350 4337 διά
2392 4285 2492 4356 τῆς
2545 4285 2799 4356 τοιαύτης
2832 4285 3158 4356 ὁμολογίας,
3214 4283 3328 4354 (60)
3383 4285 3535 4338 Θέσει
3571 4286 3671 4338 τὸν

2081 4393 2100 4424 ι
2141 4374 2444 4446 ἄνθρωπον,
2473 4375 2561 4428 διὰ
2590 4376 2689 4447 τῆς
2710 4376 2845 4448 πρὸς
2859 4375 3020 4429 αὐτὸν
3053 4375 3503 4440 κοινωνίας,Υίὺν
3524 4377 3673 4430 Θεοῦ

405 4457 582 4515 Filius
603 4459 858 4527 hominis,
880 4469 1100 4530 propter
1127 4461 1555 4515 communionem
1581 4461 1746 4527 illam,
1780 4461 1972 4539 Filium

2086 4484 2104 4516 ι
2145 4466 2395 4534 γενέσθαι
2437 4468 2853 4539 παρασκευάσῃ,
2892 4487 2910 4520 ι
2967 4466 3128 4538 Ὁρᾷς
3189 4468 3342 4529 ὅπως
3375 4468 3505 4520 Υἱὸν
3563 4471 3673 4539 μὲν

406 4551 501 4606 Dei
536 4553 908 4608 constitutum.
952 4571 971 4604 ι
997 4551 1153 4607 Vides
1181 4561 1378 4617 autem,
1413 4554 1552 4621 quod
1584 4569 1687 4608 non
1734 4537 1895 4609 audet
1927 4570 1974 4610 se

2086 4559 2244 4612 αὑτὸν
2273 4559 2369 4612 τοῦ
2392 4537 2531 4613 Θεοῦ
2559 4537 2840 4630 ὁμολογεῖν
2876 4561 2938 4613 οὐ
2963 4537 3156 4630 τολμᾷ,
3188 4559 3264 4624 ὼς
3285 4561 3353 4614 ἂν
3392 4560 3468 4632 μὴ
3497 4537 3673 4614 ἐκπέ-

411 4644 504 4697 Dei
561 4643 756 4700 Filium
803 4644 1084 4713 profiteri:
1137 4660 1204 4698 ne
1248 4660 1277 4698 a
1319 4646 1572 4712 dogmate
1638 4645 1728 4698 illo
1767 4647 1974 4701 excidat

2086 4667 2161 4702 σοι
2187 4647 2280 4701 τοῦ
2312 4648 2602 4703 Σαϐελλίου
2623 4651 2910 4721 δόγματος·
2936 4649 3063 4702 Υἱὸν
3086 4649 3141 4702 δὲ
3162 4648 3456 4719 ἀνθρώπου
3482 4650 3669 4715 καλεῖ,

407 4736 737 4791 Sabelliano.
777 4737 976 4792 Filium
1028 4752 1162 4792 vero
1201 4737 1456 4801 hominis,
1494 4745 1716 4806 propter
1755 4752 1974 4792 carnem

2086 4739 2139 4793 St‘
2169 4740 2235 4811 ἢν
2263 4739 2517 4811 ἀνείληφε
2553 4742 2749 4812 σάρκα.
2781 4742 2892 4796 Καὶ
2951 4739 3124 4809 Λόγον
3183 4739 3242 4792 δὲ
3290 4739 3359 4792 δι’
3386 4740 3514 4794 ὅλου
3568 4742 3671 4795 τοῦ

405 4825 552 4879 illam
613 4841 774 4895 quam
821 4828 1135 4897 assumpsit,
1188 4827 1454 4881 nominat.
1519 4825 1753 4880 Verbum
1792 4835 1972 4881 autem

2086 4833 2277 4884 οίκείου
2315 4834 2746 4904 συγγράμματος
2779 4831 3034 4903 ὀνομάζει
3069 4831 3306 4902 συνεχῶς
3355 4835 3670 4904 ἐπισημαι-

403 4913 607 4985 ubique
639 4915 693 4970 in
728 4916 820 4972 illo
840 4932 940 4972 suo
963 4917 1165 4986 scripto
1199 4915 1486 4987 compellat
1515 4914 1875 4984 frequentius,
1917 4924 1974 4972 ut

2086 4919 2316 4989 ρόμενος,
2349 4921 2427 4984 ὡς
2455 4922 2605 4974 οὐδὲν
2636 4922 2745 4993 (61)
2773 4921 2958 4993 ἕτερον
2995 4915 3062 4991 ἦν
3107 4920 3295 4988 Λόγος.
3340 4921 3453 4974 Καὶ
3492 4924 3556 4975 ἐν
3579 4918 3669 4988 οἷς

401 5005 668 5061 indicaret
689 5005 845 5072 illud,
875 5006 977 5060 nisi
995 5005 1250 5086 Verbum,
1276 5005 1408 5061 nihil
1435 5021 1658 5069 prorsus
1678 5007 1968 5063 exstitisse.

474 5128 534 5186 >14
570 5121 666 5179 Ed.
693 5120 892 5189 Paris.,
924 5138 1049 5194 pag.
1081 5123 1170 5176 77.
1229 5123 1298 5182 ".
1343 5123 1533 5178 Matth.
1562 5121 1749 5187 xt,27.
1813 5125 1860 5154 τι
1892 5121 2081 5176 Matth.
2113 5139 2222 5188 χιι,
2253 5123 2336 5176 16.

470 5283 583 5355 (58)
620 5283 803 5367 'ango
843 5285 1127 5367 βισφάλβαι
1191 5292 1246 5340 et
1307 5283 1500 5339 ἑαυτὸν
1551 5278 1688 5338 ῶθεν
1743 5296 1799 5339 et
1825 5285 1974 5352 ἄξιος

403 5349 1216 5508 fifiiiiiilié‘iéi’iiiéi.
1251 5423 1336 5508 ".3.
1386 5423 1680 5508 ιθεοιίῒίηιη
1707 5424 1969 5508 φοινία

331 5515 344 5529 ι
405 5493 672 5566 Sabellius
701 5497 950 5566 meminit
979 5493 1137 5564 λόγου
1153 5496 1336 5566 .quid
1371 5493 1468 5562 per
1517 5495 1671 5565 λόγον
1707 5497 1970 5566 intelligat

2071 5011 2116 5067 δ’
2142 5009 2232 5065 οὖν
2262 5013 2354 5065 τὸν
2385 5011 2667 5066 Σαϐέλλιον
2701 5012 3528 5085 καταμέμφεται,παρατίθεται
3559 5014 3667 5086 μὲν

2417 5129 2462 5157 ⁷⁸
2494 5133 2627 5183 tnta.
2660 5131 2745 5195 16,
2788 5137 2873 5192 17.

2079 5289 2304 5364 obscura
2337 5309 2354 5360 ;
2393 5293 2753 5364 hoc_voleﬁhat,
2782 5292 2875 5346 τὸν
2902 5291 3209 5364 ἄνθρωπον,
3242 5305 3436 5361 nempe
3466 5296 3655 5363 φύσει,

2077 5359 2222 5430 fit-lcet
2253 5362 2450 5417 laetum
2492 5362 2582 5416 Dei
2634 5363 2847 5421 Filium.
2885 5359 3102 5430 propter
3144 5365 3288 5416 illam
3339 5359 3655 5424 κοινωνίαν.

2074 5427 2244 5504 Μηέττ
2270 5433 2398 5487 Dein
2429 5433 2595 5504 vung
2614 5433 2711 5504 μὲν
2735 5431 2869 5486 Θεοῦ
2886 5427 3058 5504 ἀὐτὸν
3079 5433 3228 5504 ὁμολ.

2141 5501 2253 5575 (61)
2283 5500 2632 5575 Ἕτερονίῆιῖ·
2663 5507 2696 5558 ό
2716 5503 2925 5573 Λόγος.
2956 5500 3173 5575 Ιιθεοξεί
3205 5501 3280 5575 μὴ
3308 5504 3338 5557 ὁ
3367 5503 3567 5575 Λόγος,
3600 5506 3654 5560 id

407 5565 700 5639 videamus.
733 5565 872 5620 Num
908 5566 1118 5639 filium?
1150 5565 1237 5620 Μ.
1260 5567 1472 5620 -Μοιι
1519 5570 1676 5639 vulgo
1701 5565 1967 5639 μηδέποτε
2068 5565 2212 5626 enim
2232 5565 2372 5638 'vult,
2406 5565 2551 5629 nullo
2577 5565 2686 5630 alio
2722 5565 2940 5639 nomine
2973 5565 3320 5639 appellatalii.
3345 5605 3419 5614 —
3451 5565 3654 5632 51.Ἰίηο

401 5631 593 5708 {atrch
634 5633 791 5702 λόγον
813 5645 868 5708 et
893 5636 1054 5708 μοῦᾼὸ
1082 5639 1397 5708 επουράνιος
1428 5645 1483 5689 et
1527 5630 1680 5700 οὗτος
1701 5630 1712 5636 ’
1731 5630 1963 5708 ὑπερϐε-

401 5701 758 5776 ϐυομένος-ει
786 5701 907 5758 υἱὸν
932 5701 1230 5776 ἀνΩρώπου’
1249 5708 1336 5761 ἵνα
1361 5708 1470 5776 διά.

477 5772 788 5843 (60)Θέσει
842 5776 946 5830 τὸν
996 5772 1324 5845 ἄνθρωπον.
1382 5774 1685 5846 Trajectitia
1729 5785 1872 5845 sunt,
1906 5787 1959 5833 et

2070 5641 2351 5726 legendum
2375 5647 2419 5699 si
2449 5645 2577 5714 quid
2632 5645 2787 5726 XllICO
2828 5637 2896 5726 ἦν
2927 5643 2960 5710 ἢ
3009 5637 3168 5712 λόγος
3228 5642 3300 5700 cf.
3335 5660 3389 5714 p.
3427 5646 3532 5700 117
3565 5646 3647 5711 D;

2067 5727 2226 5781 porro
2263 5716 2419 5786 vulgo
2442 5715 2796 5788 παρατίθεται
2826 5715 2941 5777 τάς.
