3838 6222
161 360 276 416 857

1066 393 1074 404 ι
1143 362 1236 419 DE
1271 362 1813 427 ECCLESIASTICA
1853 363 2262 422 THEDLOGIA
2297 363 2428 422 LIB.
2467 363 2511 422 I.

3308 357 3418 425 εδδ

162 474 263 538 τὰς
304 471 400 527 τοῦ
429 473 684 546 Σωτῆρος
710 473 915 550 φωνὰς,
954 475 1022 530 δι’
1064 467 1140 531 ὧν
1169 477 1274 550 ἔφη
1300 495 1314 509 ·
1351 478 1564 546 Οὐδεὶς
1592 478 1745 550 ἔγνω

1852 478 1908 532 In
1943 478 2037 534 illo
2061 486 2242 533 autem
2265 492 2425 548 passu
2457 491 2564 548 quo
2597 476 2894 534 Sabellium
2948 455 3193 545 accusat,
3247 475 3416 534 verba

159 565 272 619 τὸν
292 563 526 634 Πατέρα
547 568 600 620 εί
626 566 713 636 μὴ
744 569 778 621 ό
815 566 969 635 Υἱὸς,
1000 567 1098 621 καὶ
1124 561 1172 635 ᾧ
1196 570 1272 624 ἂν
1304 573 1338 625 ό
1363 571 1496 638 Υἱὸς
1516 572 1742 625 ἀποκα-

158 658 369 724 λύψει.
403 657 616 729 Ὠσπερ
657 656 715 711 δέ
763 657 1234 730 ἐπανορθούμενος
1263 661 1453 727 αύτὰς,
1495 663 1616 716 ἀντὶ
1646 661 1742 716 τοῦ

166 747 312 801 Υἱοῦ
351 749 548 818 Λόγον
587 744 743 811 αὖθις
787 749 1067 820 ὀνομάζει,
1104 744 1207 804 ὦδε
1240 751 1432 820 λέγων·
1472 771 1491 802 ι
1533 751 1745 819 Οὐδείς

160 857 183 892 s
223 838 335 910 τὰρ
354 834 502 905 οἶδε,
529 841 683 911 φησὶ,
713 841 819 896 τόν
844 844 1075 912 Πατέρα
1097 847 1149 898 εὶ
1181 843 1268 913 μὴ
1307 847 1340 898 ό
1376 845 1527 910 Υἱὸς,
1560 844 1746 897 τουτέ-

160 949 182 982 s
224 949 340 985 στιν
382 934 412 986 ό
459 935 670 1004 Λόγος,
710 953 728 984 ι
758 936 852 988 καὶ
885 936 1170 1008 ἐπιφέρει·
1205 955 1224 988 ι
1259 937 1315 990 '0
1341 937 1448 1007 γὰρ
1478 937 1648 1005 Λόγος
1675 937 1742 990 δι’

165 1042 183 1074 ι
234 1023 427 1076 ἐαυτοῦ
455 1023 552 1095 τὴν
563 1024 776 1096 Πατρὸς
795 1026 1020 1096 παρέχει
1051 1025 1273 1095 γνῶσιν,
1302 1046 1318 1076 ι
1344 1026 1438 1079 καὶ
1458 1024 1743 1096 προστίθη⁴

158 1131 268 1168 σιν·
299 1134 317 1166 ι
359 1115 641 1170 Ἀδύνατον
671 1111 738 1187 ἦν
770 1117 968 1187 ἑτέρως
994 1117 1195 1185 γνῶναι
1213 1117 1302 1170 τὸν
1318 1117 1518 1188 Θεὸν,ἢ
1542 1116 1628 1171 διὰ
1647 1116 1741 1171 τοῦ

164 1205 329 1259 «ἰδίου
341 1207 540 1274 Λόγου.
557 1209 693 1262 »Καὶ
710 1204 862 1270 αὖθις
878 1211 1090 1277 Λόγον,
1112 1209 1231 1261 ἀντὶ
1247 1208 1338 1262 τοῦ
1365 1208 1521 1272 Υἱοῦ,
1538 1208 1736 1278 τίθησυ

159 1299 260 1351 καὶ
294 1298 386 1351 τὸν
412 1298 565 1367 ἅγιον
603 1299 766 1352 αὐτοῦ
803 1299 974 1368 Λόγον
1009 1298 1291 1354 ἀποκαλεῖ.
1347 1299 1457 1352 Καὶ
1497 1301 1554 1352 ἐν
1599 1299 1742 1354 οὔτω

159 1389 520 1462 βραχυτάτοις
554 1392 761 1462 ῥήμασι
793 1388 1052 1454 πολλάκις
1104 1391 1200 1461 μὲν
1233 1392 1603 1461 ἐμνημόνευσε
1638 1391 1740 1446 Λό-

155 1500 281 1552 γου,
317 1483 448 1536 Υἱοῦ
468 1483 523 1536 δὲ
548 1483 654 1536 οὐδ’
673 1483 839 1548 ἅπαξ.
869 1484 1024 1537 ’Λλλὰ
1042 1485 1136 1537 καὶ
1165 1485 1332 1554 αὐτὴν
1355 1484 1449 1537 τοῦ
1488 1485 1738 1556 Σωτῆρος

161 1575 452 1644 μεταποιεῖ
479 1573 578 1644 τὴν
601 1573 778 1644 ῥῆσιν,
804 1575 925 1628 ἀντὶ
956 1573 1072 1638 τοῦ,
1091 1575 1119 1626 ό
1138 1574 1265 1638 Υἱὸς
1285 1573 1526 1642 ἐπάγων,
1552 1574 1739 1629 τουτέ-

160 1679 281 1715 στιν
321 1665 355 1716 ό
385 1665 576 1732 Λόγος
597 1706 612 1728 ,
657 1663 777 1734 ούχὶ
813 1663 1012 1734 μᾶλλον
1043 1663 1141 1734 τῆς
1175 1663 1268 1716 τοῦ
1305 1663 1432 1720 Υἱοῦ
1464 1664 1736 1734 σημασίας

161 1755 508 1829 ἁρμοζούσης
538 1759 602 1826 τῇ
625 1755 718 1810 τοῦ
750 1757 962 1828 Πατρὸς
997 1757 1286 1828 ἐπηγορίᾳ.
1318 1755 1479 1808 Ὅθεν
1511 1755 1733 1818 εἰκότως

155 1853 186 1902 ὁ
210 1850 311 1919 μὲν
331 1848 518 1922 Σωτὴρ
549 1848 840 1919 προσφυῶς
870 1849 1148 1918 ἐφήρμοσε
1175 1849 1239 1918 τῇ
1267 1845 1358 1900 τοῦ
1390 1847 1599 1916 [ἰατρὸς
1635 1845 1734 1918 τὴν
1767 1831 1806 1886 Β

157 1940 252 1994 τοῦ
283 1939 414 1993 Υῐοῦ
448 1939 709 2008 συζυγίαν
727 1957 740 1970 ο
760 1941 788 1992 ὁ
829 1938 884 1992 δὲ
916 1938 1007 1991 τὸν
1038 1937 1164 1990 Υἱὸν
1190 1939 1361 1990 εἰπεῖν
1390 1936 1734 2008 παραιτησά-

162 2048 326 2102 μενος
346 2032 458 2086 άνω
480 2031 628 2085 κάτω
654 2031 746 2085 τὸν
775 2030 945 2098 Λόγον
974 2028 1084 2098 (69.)
1117 2029 1301 2100 θρυλεί
1331 2029 1425 2081 καὶ
1445 2026 1734 2082 Σαϐελλίω

161 2126 260 2195 μὲν
310 2125 626 2194 κατηγορεῖ,
678 2122 771 2176 τὸν
818 2122 946 2174 Υἱὸν
1000 2119 1334 2192 ἀρνουμένου
1355 2137 1368 2150 ·
1426 2120 1618 2173 ταύτὸν
1677 2120 1734 2173 δέ

155 2217 414 2289 πράττων
459 2216 673 2286 ἐκείνῳ,
709 2213 1122 2286 σχηματίζεται,
1165 2216 1232 2286 τῇ
1263 2213 1382 2268 κατ’
1412 2211 1574 2266 αὑτοῦ
1616 2212 1733 2265 δια-

153 2309 284 2381 ϐολῇ
305 2310 408 2382 τὴν
425 2312 524 2380 τῆς
553 2308 870 2375 κακοδοξίας
894 2308 1150 2361 ὑπόνοιαν
1175 2307 1442 2361 ἐκκλίνειν
1467 2306 1729 2377 οἰόμενος.

151 2403 217 2454 Εἰ
249 2401 350 2471 μὲν
377 2396 471 2455 οῦν
495 2399 574 2470 τῷ
595 2400 864 2472 Σαϐελλίῳ
895 2399 1170 2471 μέμφεται
1197 2399 1290 2454 τὸν
1319 2399 1448 2452 Υἱὸν
1475 2398 1568 2453 τοῦ
1596 2397 1731 2452 Θεοῦ

147 2491 497 2566 ἀρνουμένῳ,
547 2493 723 2563 ἐαυτῷ
745 2494 1008 2564 πρότερον
1029 2492 1168 2564 χρῆν
1203 2490 1516 2562 μέμψασθαι
1538 2508 1553 2522 ·
1594 2493 1644 2545 εί
1674 2491 1731 2544 δὲ

145 2587 238 2640 ὅτι
275 2585 338 2639 ὃν
369 2585 531 2651 αὐτὸς
571 2586 799 2658 ὡρίζετο
832 2586 1024 2654 Λόγον,
1059 2585 1343 2648 Σαϐἐλλιος
1384 2583 1601 2654 ἠγνόειο
1631 2584 1732 2639 οὐκ

143 2676 331 2750 ὀρθῶς
353 2675 511 2731 τοῦτό
535 2695 598 2746 γε
624 2679 832 2751 ᾐτιᾶτο.
867 2677 1006 2731 Οὔτε
1031 2676 1139 2748 γὰρ
1161 2675 1470 2741 Σαϐέλλιον,
1491 2675 1603 2729 οὔτ’
1631 2676 1732 2730 αύ-

142 2770 281 2835 τοὺς
323 2769 628 2835 Ἰουδαίους,
661 2771 788 2833 τοὺς
813 2769 905 2823 τὸν
929 2768 1163 2841 Χριστὸν
1188 2767 1282 2821 τοῦ
1300 2766 1435 2820 Θεοῦ
1467 2766 1732 2839 ἀρνουμέ-

144 2879 300 2926 νους,
333 2862 392 2915 ὄν
417 2879 550 2932 φησι
575 2861 902 2933 Μάρκελλος.
916 2863 973 2914 ἐν
1002 2861 1079 2932 τῷ
1106 2859 1224 2930 Θεῷ
1255 2856 1394 2912 εἶναι
1421 2859 1594 2928 Λόγον
1611 2900 1625 2924 ,
1660 2857 1728 2910 δι’

143 2949 214 3008 οὗ
237 2954 428 3008 Μωσεί
455 2953 550 3006 καὶ
582 2955 695 3017 τοῖς
729 2954 1034 3025 προφήταις
1057 2951 1483 3024 κεχρημάτικεν,
1531 2949 1730 3020 ἀγνοῆο

148 3063 267 3109 σαι,
304 3043 491 3098 τοῦτον
533 3044 589 3097 δὲ
618 3043 862 3116 ἀκριϐῶς
895 3043 1114 3108 εἰδέναι,
1145 3043 1240 3096 καὶ
1273 3044 1302 3096 ό
1328 3044 1435 3106 πᾶς
1463 3040 1603 3094 εἴποι
1638 3039 1724 3107 ἂν,

1847 568 2156 625 Servatoris
2209 569 2696 633 commemoravit,
2739 569 2937 638 quibus
2968 569 3083 624 ait:
3121 567 3290 622 Nemo
3319 583 3416 622 tto-

1843 661 1915 715 υἱι
1942 656 2158 713 Patrem
2183 659 2284 712 nisi
2316 656 2514 724 Filius,
2537 670 2584 713 et
2602 661 2687 712 cui
2715 658 2890 715 Filius
2914 660 3069 714 voluit
3095 659 3323 714 revelare
3343 659 3411 714 ".

1845 751 1976 818 Quae
2021 750 2148 805 dum
2200 749 2414 815 recitat,
2457 759 2712 820 tanquam
2781 761 3152 816 correcturus,
3199 757 3258 816 >14
3314 767 3414 822 pro

1847 841 1992 896 Filio
2047 841 2276 898 Verbum
2321 855 2447 897 eum
2504 841 2822 896 nominavit.
2879 842 2970 898 Sic
3019 842 3160 898 enim
3215 841 3408 896 fatur:

1851 952 1869 985 ι
1916 932 2086 988 Nemo
2110 934 2247 986 novit
2299 931 2516 986 Patrem
2544 933 2643 986 nisi
2674 930 2872 999 Filius,
2904 934 3008 988 hoc
3034 942 3120 988 est
3161 931 3410 1000 Verbum,

1848 1043 1866 1076 ι
1901 1025 2103 1094 quibus
2138 1023 2289 1078 addit
2325 1044 2337 1079 :
2379 1022 2616 1078 Verbum
2651 1023 2849 1078 etenim
2877 1038 2973 1092 per
3006 1037 3067 1078 se
3106 1022 3284 1078 Patris
3313 1039 3410 1079 ex-

1849 1137 1869 1169 ‹
1900 1116 2050 1171 hibet
2077 1116 2441 1187 cognitionem
2469 1131 2485 1170 :
2513 1114 2709 1184 quibus
2742 1113 3029 1183 adjungit;
3073 1113 3410 1184 lmpossibile

1849 1231 1867 1262 ι
1899 1208 2163 1278 siquidem
2191 1215 2313 1262 erat
2336 1205 2581 1274 alioquin
2606 1205 2772 1260 Deum
2797 1219 3146 1277 cognoscere,
3185 1205 3288 1260 nisi
3312 1219 3409 1275 per

1846 1322 1864 1354 ι
1899 1302 2172 1372 proprium
2202 1299 2370 1371 ipsius
2409 1298 2666 1356 Verbum.
2704 1318 2724 1354 ι
2761 1299 2958 1355 Iterum
2981 1309 3160 1356 autem
3191 1314 3289 1369 pro
3319 1299 3410 1355 Fin

1840 1393 1911 1448 lio
1973 1393 2254 1449 substituit
2321 1390 2584 1448 Verbum:
2617 1399 2674 1447 et
2710 1402 2956 1448 sanctum
3013 1390 3129 1462 ejus
3176 1391 3407 1448 Verbum

1839 1485 2100 1540 nominat.
2139 1483 2294 1553 Smpe
2323 1499 2550 1540 numero
2584 1491 2764 1539 autem
2801 1499 2898 1554 per
2941 1497 3101 1540 voces
3127 1495 3235 1539 tam
3269 1497 3406 1554 pau-

1837 1578 2088 1633 cissimas
2121 1576 2306 1644 Verbi,
2341 1575 2526 1631 nullibi
2563 1584 2744 1631 autem
2790 1575 2937 1640 Filii,
2976 1575 3303 1632 mentionem
3333 1574 3408 1631 I'a-

1835 1669 1932 1724 cit.
1962 1666 2101 1735 Quin
2127 1678 2182 1725 et
2212 1668 2387 1739 ipsam
2439 1665 2748 1724 Servatoris
2798 1669 3091 1724 dictionem
3140 1666 3407 1724 transfor-

1843 1768 1954 1813 mat
1989 1775 2004 1812 :
2039 1759 2127 1814 ubi
2165 1773 2264 1830 pro
2298 1759 2460 1826 Filio,
2493 1759 2780 1824 subinlert.
2840 1760 2946 1816 hoe
2993 1769 3078 1816 est
3127 1760 3402 1820 Verbum:

1837 1851 2000 1921 idque
2023 1866 2147 1906 cum
2178 1849 2302 1907 Filii
2339 1853 2652 1924 appellatio,
2691 1853 2861 1908 multo
2913 1853 3083 1923 magis
3104 1851 3406 1922 paternita-

1837 1943 1905 1997 tis
1927 1942 2191 2000 vocabulo
2215 1944 2540 2002 conveniret
2579 1961 2739 2015 quam
2770 1943 2931 2001 Verbi
2963 1962 2978 1999 :
3021 1959 3142 1999 cum
3183 1954 3240 2000 et
3290 1945 3408 2012 ipse

1836 2032 2096 2090 Servator
2120 2034 2275 2106 juxta
2325 2037 2757 2108 congruentiam,
2813 2036 3005 2091 Filium
3059 2049 3182 2092 cum
3245 2033 3408 2090 Patre

1835 2125 2204 2195 copulaverat.
2266 2127 2345 2183 Ita
2389 2142 2606 2198 semper
2663 2128 2934 2198 refugiens
2985 2127 3404 2198 appellationem

1834 2217 1976 2281 Filii,
2007 2218 2264 2288 Verbum,
2293 2233 2488 2276 vocem
2520 2235 2722 2291 susque
2748 2219 2922 2290 deque
2955 2227 3154 2274 versat.
3187 2216 3408 2284 ,Sabel-

1834 2309 1964 2364 lium
1993 2318 2141 2365 certe
2179 2309 2401 2364 damnat
2439 2309 2798 2384 abnegantem
2843 2309 3061 2374 Filium,
3111 2317 3167 2364 et
3225 2317 3402 2362 tamen

1832 2414 1893 2456 se
1917 2397 2252 2455 conformem
2275 2399 2450 2454 eidem
2475 2409 2693 2469 praestat
2719 2417 2732 2455 :
2762 2399 2916 2468 quasi
2952 2407 3134 2468 posset
3179 2407 3236 2454 et
3291 2397 3404 2454 vel-

1833 2493 1929 2562 let,
1979 2493 2050 2549 ab
2094 2493 2239 2550 illius
2272 2492 2654 2558 accusatione,
2711 2493 3076 2562 suspicionem
3132 2492 3408 2548 haereseos

1831 2585 2069 2642 amoliri.
2097 2585 2230 2643 Cum
2257 2586 2300 2642 si
2327 2585 2489 2641 vellet
2513 2585 2804 2642 Sabellium
2835 2586 2904 2641 ob
2938 2585 2991 2640 id
3020 2585 3194 2654 ipsum
3219 2584 3404 2639 redar-

1830 2693 2015 2751 gnere,
2043 2681 2190 2750 quod
2215 2676 2414 2732 Filium
2440 2677 2530 2732 ille
2567 2677 2662 2734 Dei
2693 2677 3011 2747 abnegaret,
3047 2677 3400 2747 semetipsum

1830 2778 1956 2826 ante
1974 2783 2099 2826 eum
2130 2769 2365 2826 debebat
2394 2783 2674 2826 accusare.
2703 2769 2856 2838 Quod
2883 2769 2931 2824 si
2956 2767 3226 2825 Sabellius
3250 2768 3403 2838 igno-

1830 2862 2009 2927 rabat,
2031 2875 2190 2931 quem
2222 2871 2380 2917 vocat
2421 2862 2538 2932 ipse
2574 2862 2837 2928 Verbum,
2881 2878 2986 2917 non
3022 2870 3141 2916 erat
3165 2861 3268 2916 hoc
3300 2875 3400 2914 no-

1829 2954 1974 3011 mine
1997 2955 2346 3012 incusandus.
2375 2956 2511 3011 Nam
2555 2969 2655 3012 nec
2675 2965 2826 3012 certe
2845 2954 3140 3020 Sabellius,
3186 2969 3254 3010 ne
3279 2953 3405 3023 qui-

1830 3045 1951 3100 dem
2000 3043 2170 3102 Judtei
2223 3047 2316 3116 qui
2374 3046 2649 3104 Christum
2687 3046 2834 3102 illum
2879 3047 2974 3103 Dei
3037 3046 3402 3111 abnuebant,

143 3138 213 3191 οὑ
243 3137 404 3208 μόνον
436 3137 703 3191 Ἰουδαίων
731 3135 866 3190 ἀλλὰ
895 3136 988 3190 καὶ
1028 3135 1312 3207 Ἑλλήνων.
1366 3135 1597 3203 Λογικὸν
1620 3131 1730 3205 γὰρ

1836 3150 1990 3206 quem
2018 3135 2306 3223 Marcellus
2335 3137 2588 3205 atﬁrmat,
2627 3139 2680 3194 in
2714 3140 2827 3195 Deo
2861 3137 3098 3193 Verbum
3123 3151 3262 3200 esse,
3305 3150 3403 3206 per

141 3230 236 3292 τίς
261 3229 362 3282 ούκ
381 3227 447 3281 ἂν
465 3228 848 3300 ὁμολογήσειεν
874 3224 1013 3281 εἶναι
1040 3227 1132 3281 τὸν
1155 3226 1308 3291 Θεὸν,
1325 3225 1401 3289 ὡς
1428 3225 1522 3278 καὶ
1545 3224 1727 3294 σοφὸν,

144 3321 248 3382 καὶ
271 3321 476 3390 ἀγαθὸν
506 3321 600 3375 καὶ⁵
629 3321 855 3376 δυνατόν
877 3338 893 3386 ;
927 3319 1216 3383 Σαϐἐλλιος
1240 3319 1296 3372 δέ
1319 3319 1478 3372 τοῦτο
1510 3317 1608 3389 μὲν
1631 3317 1733 3370 οὐκ

143 3413 219 3474 ἂν
267 3413 528 3485 ἀρνηθείη
569 3413 802 3479 είδέναι;
845 3413 927 3466 ὅτι
960 3412 1016 3466 δὲ
1048 3412 1122 3484 μὴ
1167 3412 1260 3464 καὶ
1293 3410 1422 3464 Υἱὸν
1461 3408 1555 3463 τοῦ
1593 3406 1730 3462 Θεοῦ

144 3504 331 3569 ζῶντα
367 3505 460 3558 καὶ
488 3503 796 3573 ὑφεστῶτα,
822 3503 956 3557 ὄντα
977 3520 1035 3558 τε
1057 3503 1150 3556 κα)⁵
1179 3501 1413 3573 προόντα
1444 3500 1542 3570 τῆς
1596 3517 1731 3572 σαρ-

143 3598 246 3661 κός
303 3597 574 3668 ὁμολογεῖ.
613 3596 832 3667 Ταύτης
867 3597 1029 3649 ἕνεκα
1075 3595 1175 3666 τῆς
1212 3594 1348 3664 πρὸς
1412 3591 1730 3664 Μάρκελλον

145 3686 493 3757 συμφωνίας,
529 3686 730 3756 ὁμοίως
769 3685 922 3756 αὐτῷ
957 3686 1056 3756 τῆς
1088 3684 1182 3738 τοῦ
1219 3684 1356 3738 Θεοῦ
1410 3683 1734 3754 Ἐκκλησίας

142 3779 346 3849 ἠλάθη.
382 3778 503 3842 Πῶς
525 3779 582 3832 δὲ
605 3778 676 3832 τὰ
709 3778 801 3835 ἴσα
829 3778 1147 3850 Μάρκελλος
1169 3777 1246 3848 τῷ
1268 3776 1542 3848 Σαϐελλίῳ
1573 3776 1734 3848 ἐφρό-

140 3889 250 3934 νει,
285 3871 442 3941 δῆλος
493 3869 560 3925 ἂν
609 3870 696 3940 εἴη
745 3870 806 3935 ἐξ
839 3863 914 3924 ὧν
959 3869 1018 3925 ἓν
1054 3871 1150 3924 καὶ
1204 3870 1398 3924 ταύτὸν
1455 3864 1596 3923 εἶναι
1643 3867 1734 3921 τὸν

139 3964 281 4015 Θεὸν
334 3963 430 4042 καὶ
487 3963 579 4016 τὸν
632 3963 798 4017 αὐτοῦ
829 3963 998 4032 Λόγον
1046 3962 1398 4028 διεστείλατο,
1463 3961 1594 4016 ποτὲ
1635 3960 1735 4032 μὲν

140 4056 332 4118 αὐτοῖς
365 4056 603 4126 ῥήμασιν
631 4053 820 4108 εἰπών.

1832 3240 1993 3297 quem
2015 3225 2218 3282 Mosem
2241 3216 2247 3223 ’
2274 3237 2330 3284 et
2369 3229 2662 3300 prophetas
2711 3228 3108 3297 alloquebatur.
3145 3225 3259 3282 Imo
3294 3241 3402 3281 non

1831 3315 1932 3372 soli
1955 3315 2200 3372 seJudzei
2229 3317 2334 3374 hoc
2385 3319 2567 3374 dicent
2625 3319 2869 3390 apprime
2922 3317 3260 3388 intelligere,
3306 3315 3404 3374 sed

1831 3407 1932 3476 ipsi
1967 3408 2134 3463 etiam
2166 3409 2389 3480 pagani.
2417 3408 2553 3464 Nam
2577 3409 2701 3479 quis
2725 3425 2828 3464 non
2865 3409 3031 3464 Deum
3079 3416 3261 3465 mente
3283 3421 3405 3465 esse

1833 3499 2116 3568 praeditum
2143 3500 2423 3567 fatebitur,
2455 3511 2516 3558 ut
2568 3501 2894 3571 sapientem,
2951 3509 3014 3555 ut
3069 3500 3268 3556 bonum
3295 3539 3314 3564 ,
3343 3513 3404 3553 τι

1832 3591 2148 3658 potentem?
2182 3589 2451 3646 Sabellius
2479 3591 2628 3647 nullo
2650 3601 2798 3646 certe
2839 3601 2998 3646 modo
3051 3597 3312 3645 lateretur
3340 3603 3404 3646 se

1829 3682 1932 3737 hoc
1964 3682 2236 3751 ignorare.
2265 3684 2406 3750 Quin
2455 3683 2651 3738 Filium
2676 3682 2770 3738 Dei
2795 3683 2976 3737 vivum
3010 3693 3066 3737 et
3100 3681 3404 3736 subsisten-

1830 3784 1958 3842 tem,
2104 3786 2160 3832 et
2183 3784 2348 3840 esset,
2375 3785 2430 3831 et
2460 3786 2584 3831 ante
2613 3789 2833 3830 carnem
2869 3783 3204 3844 assumptam
3233 3779 3398 3838 esset,

1829 3875 2172 3937 agnosceret.
2211 3865 2280 3922 Et
2312 3877 2488 3922 tamen
2528 3866 2598 3922 ob
2619 3865 2763 3920 hanc
2791 3865 2960 3935 ipsam
2985 3878 3108 3919 cum
3138 3863 3242 3918 hoc
3269 3860 3405 3916 Mar-

1831 3958 1969 4014 cello
1996 3960 2540 4025 contesserationem,
2565 3959 2773 4030 ejectus
2801 3957 2890 4013 ille
2927 3955 3029 4011 fuit
3060 3953 3131 4010 ab
3159 3953 3404 4013 Ecclesia

1832 4051 1948 4108 Dei.
1975 4049 2096 4118 Quo
2149 4063 2309 4124 pacto
2367 4063 2550 4108 autem
2608 4051 2892 4107 Marcellus
2927 4051 3159 4115 dicatur,
3211 4047 3400 4103 eadem

141 4161 271 4199 cum
300 4144 537 4201 Sabellio
566 4147 841 4216 opinatus,
907 4147 1254 4205 manifestum
1321 4147 1452 4211 (iet,
1507 4153 1793 4216 propterea
1831 4145 1972 4215 quod
2009 4160 2175 4200 unum
2225 4155 2388 4216 atque
2443 4145 2586 4202 idem
2629 4145 2947 4218 proﬁteatur
2992 4143 3185 4207 Deum,
3239 4148 3404 4211 atque

142 4237 319 4308 ipsius
347 4235 443 4292 Dei
473 4235 730 4304 Verbum,
766 4239 919 4295 hisce
957 4241 1250 4311 aliquando
1281 4240 1462 4297 verbis
1487 4252 1642 4294 usus.

781 4335 942 4391 ΚΕΦ.
982 4335 1084 4392 1Ζ’.

142 4423 353 4490 ὀπως
386 4422 622 4492 ἠρνεῖτο
651 4424 853 4496 γυμνῇ
859 4425 980 4551 alii).
971 4427 1207 4550 φεραλῇ
1238 4427 1354 4496 τὴν
1384 4428 1728 4483 ὑπόστασιν

779 4513 888 4551 του
989 4515 1090 4551 ου.

779 4513 888 4551 του
936 4513 1090 4553 ιἰου.

223 4607 243 4640 t
278 4589 343 4642 Ei
383 4588 482 4660 μὲν
505 4588 614 4659 γὰρ
643 4589 678 4660 ἡ
707 4588 802 4643 τοῦ
838 4589 950 4659 (6'5)
995 4589 1309 4662 πνεύματος
1351 4589 1595 4656 ἐξέτασις
1639 4589 1728 4660 γί-

149 4699 170 4732 σ
216 4696 401 4747 γνοιτο
459 4665 616 4750 μόνη,
652 4679 710 4734 ἐν
759 4680 854 4734 καὶ
889 4681 1085 4734 ταύτὸν
1131 4681 1362 4745 εἰκότως
1394 4681 1529 4736 ave
1559 4680 1730 4748 Λόγος

155 4792 176 4822 ι
219 4768 361 4825 εῖναι
389 4770 467 4842 τῷ
492 4771 612 4843 Θεῷ
640 4773 901 4840 φαίνοιτοο
925 4791 946 4825 s
973 4772 1086 4840 (64)
1114 4773 1246 4827 ποτέ
1272 4772 1330 4826 δὲ
1366 4773 1728 4844 παραϐάλλων

135 4864 221 4936 τῷ
252 4864 581 4936 ἀνθρωπείῳ
619 4864 764 4934 λόγῳ
803 4863 898 4918 τὸν
937 4863 1033 4918 τοῦ
1079 4863 1239 4928 Θεοῦ,
1279 4863 1374 4918 καὶ
1434 4864 1720 4934 ἐπιλέγων,

141 4977 162 5009 ι
201 4957 262 5008 ἓν
313 4955 409 5010 καὶ
437 4956 633 5010 ταύτὸν
668 4951 808 5009 εἶναι
841 4954 922 5027 τῷ
974 4953 1300 5026 ἀνθρωπείῳ
1342 4955 1434 5009 τὸν
1487 4956 1546 5008 ὲν
1575 4953 1724 5024 αύτῷ

143 5067 163 5101 ι
203 5047 402 5116 Λόγον,
452 5047 629 5123 ούδενὶ
660 5044 1026 5118 χωριζόμενον
1056 5047 1228 5118 ἑτέρῳ
1259 5047 1293 5119 ἢ
1348 5047 1485 5120 μόνῃ
1520 5047 1588 5117 τῇ
1621 5044 1721 5116 τῆς

219 5186 282 5244 νῙ4
316 5178 418 5236 Ed.
455 5179 657 5246 Paris.,
685 5195 807 5253 pag.
840 5181 931 5248 78,
959 5181 1047 5237 79.
1123 5181 1170 5212 ’⁸
1204 5181 1394 5238 Matth.
1420 5183 1610 5248 x1,‘27.

221 5393 340 5466 (62)
375 5391 544 5472 Valeo
575 5391 802 5472 θριὲλλει
844 5395 1111 5472 ςι,,ὲχρῆν
1164 5395 1337 5468 μέμψο
1394 5407 1452 5454 ει
1485 5398 1725 5472 ὁρίζεται

145 5463 328 5537 λόγον
344 5474 400 5518 et
426 5463 744 5537 Μάρκελλος
763 5463 1053 5537 Σαόελλίῷ.

223 5534 338 5606 (65)
391 5533 736 5606 Πνεύματος
763 5533 1062 5606 ἐξέτασις.
1120 5533 1270 5603 Vult,
1298 5535 1509 5606 opinor,
1539 5546 1598 5594 ut
1639 5552 1726 5596 se-

144 5605 389 5660 cundant
420 5605 699 5669 deitatem,
734 5605 826 5657 vel
847 5605 1081 5660 divinam
1119 5605 1388 5662 rationem
1417 5608 1727 5665 considere-

147 5689 278 5748 mus
304 5673 626 5748 Myov,_n_am
648 5671 895 5748 πνεῦμα,
928 5675 1026 5748 ipsi
1049 5675 1264 5748 ponitur
1283 5691 1382 5748 pro
1412 5676 1522 5748 Deo
1552 5696 1567 5732 :
1598 5680 1727 5748 quia

147 5693 278 5728 111118
306 5693 626 5755 Αογονκιιξιῐῐι
658 5693 895 5756 πνεῦμα,
926 5693 1026 5756 ιρει
1049 5693 1264 5744 ροηιιιιι·
1283 5693 1382 5748 pro
1413 5693 1522 5733 Deo
1552 5696 1567 5732 ε
1598 5693 1687 5803 Ὣη

147 5744 416 5815 Servator
445 5745 608 5815 dixit,
637 5742 777 5798 Deus
806 5755 1025 5815 spiritus
1059 5755 1132 5801 est
1159 5744 1341 5815 (Joan.
1373 5761 1448 5815 tv,
1475 5747 1590 5815 24).
1616 5787 1630 5802 .
1672 5786 1687 5800 .

224 5813 339 5881 (64)
372 5813 521 5868 Ποτέ
549 5812 616 5868 δὲ
655 5813 1074 5884 παρασὼιλων.
1127 5809 1444 5884 Marcellus,
1490 5809 1725 5878 Verbum

2357 4332 2417 4391 »Β
2455 4324 2610 4382 CAP.
2648 4324 2812 4383 XVII.

1939 4416 2093 4484 Quod
2115 4417 2544 4486 manifestissime
2569 4427 2807 4489 pernegel
2836 4416 3145 4488 hypostasin
3170 4413 3328 4469 Filii.

1903 4529 1924 4563 ι
1965 4511 2054 4583 [Β.
2079 4509 2218 4565 LXII
2240 4510 2363 4567 coll.
2389 4526 2444 4581 p.
2499 4509 2650 4583 £07.]
2679 4509 2953 4580 Siquidem
2975 4508 3142 4563 solius
3179 4505 3404 4575 spiritus

1837 4621 1856 4656 ι
1899 4603 2206 4672 disquisitio
2268 4603 2382 4666 ﬁat,
2434 4602 2677 4666 omnino,
2740 4617 2840 4657 nec
2898 4599 3115 4668 injuria,
3158 4595 3399 4652 Verbum

1833 4714 1852 4747 ι
1894 4710 2056 4749 unum
2083 4705 2244 4764 atque
2273 4695 2414 4750 idem
2445 4711 2569 4750 cum
2602 4694 2712 4750 Deo
2743 4690 3009 4747 videbitur
3027 4705 3168 4745 esse.
3188 4708 3208 4741 ι
3233 4687 3400 4745 Com-

1827 4801 2034 4856 ponens
2081 4795 2259 4841 autem
2305 4785 2591 4857 aliquando
2632 4783 2869 4840 Verbum
2899 4781 2992 4836 Dei
3015 4794 3136 4835 cum
3161 4779 3404 4834 humano

1830 4873 2025 4938 verbo,
2084 4872 2332 4944 adiungit
2376 4891 2390 4927 :
2427 4891 2448 4925 ι
2502 4871 2674 4927 Unum
2715 4881 2878 4940 atque
2912 4885 3007 4940 per
3027 4867 3211 4925 omnis
3252 4866 3402 4923 idem

1833 4981 1854 5015 ι
1894 4980 2016 5019 cum
2063 4966 2284 5019 homine
2313 4979 2435 5018 esse
2487 4964 2615 5018 illud
2661 4964 2802 5034 quod
2839 4963 2892 5016 in
2919 4963 3034 5032 ipso
3063 4961 3222 5021 inest,
3264 4957 3398 5013 Ver-

1832 5074 1852 5107 ι
1893 5057 2020 5112 bum
2067 5057 2238 5113 nihilo
2265 5057 2480 5128 quidem
2523 5056 2592 5112 ab
2635 5055 2742 5111 alio
2784 5054 3245 5115 discriminatum,
3293 5046 3398 5105 nisi

1825 5398 1942 5462 Dei,
1966 5409 2089 5453 cum
2125 5393 2359 5450 hominis
2387 5393 2554 5450 verbo
2582 5393 2971 5462 componebat,
2998 5400 3049 5446 et
3093 5387 3394 5462 eversos?»

1822 5477 1880 5541 et
1903 5457 2254 5541 προφορικόν,
2284 5465 2562 5541 legendum
2587 5463 2668 5535 τῷ
2691 5457 2749 5518 ἐν
2767 5461 3059 5541 άνθριῖξπῳ,
3084 5475 3188 5541 ιιοιι
3211 5457 3395 5541 tridu-

1825 5529 2100 5609 θρωᾶπίῳζ
2129 5543 2275 5609 patet
2294 5529 2363 5589 ei
2385 5534 2547 5609 paulo
2567 5529 2704 5609 post
2711 5529 3086 5609 sequentibus.
3103 5529 3392 5609 _M.—-_—Dein

1825 5555 2100 5661 υρωτπιις,
2129 5555 2275 5606 patet
2294 5555 2362 5589 CX
2385 5555 2547 5602 paulo
2567 5555 2690 5600 νοδι
2711 5555 3086 5602 sequenttuua.
3105 5555 3392 5585 Πιο--υῦιη

1822 5609 2051 5692 suum-“
2081 5605 2219 5692 ὴνθ-
2255 5622 2320 5692 με
2351 5604 2506 5692 ρὺδὲγ
2555 5607 2642 5690 ἔτι
2674 5599 2765 5692 ἢν·
2807 5599 3394 5692 ἓῖο.ττο,.ν-ι1¹βεξ.ειεφη

1825 5671 2008 5748 ψενόι
2028 5671 2236 5741 τούτοις
2256 5671 2422 5748 αὐτὸν
2453 5673 2640 5739 εἰπὼν,
2667 5671 2761 5748 πρ.
2799 5683 2854 5729 ct
2882 5671 3130 5746 χωρῆσαι
3163 5679 3218 5728 et
3267 5671 3391 5741 ἐπιτ-

1829 5744 2051 5804 σκόπτει
2073 5757 2126 5805 et
2154 5747 2213 5802 ού
2245 5746 2352 5822 γὰρ
2385 5744 2449 5801 ἄν
2479 5756 2530 5803 ct
2555 5744 2774 5818 παρείη.
