3838 6222
445 370 554 434 859

1146 365 1416 422 EUSEBII
1453 365 1920 424 CESABIENSIS
1956 366 2106 424 OPP.
2149 366 2325 424 PARS
2359 367 2450 424 IV.
2489 397 2558 412 —
2594 366 3014 424 DOGMATICA.

453 508 478 545 ε
514 487 692 558 operis
723 488 1091 544 tantummodo
1125 488 1384 544 eﬂicacia.
1431 508 1452 542 ι
1482 489 1748 557 Quocirca
1789 491 1880 545 ubi
1939 488 2012 542 ita

2132 506 2142 540 ι
2179 487 2430 560 πράξεως
2468 488 2736 560 ἐνεργείᾳ.
2765 507 2784 540 ι
2809 488 3030 561 Διόπερ,
3064 488 3193 542 ποτὲ
3234 489 3330 559 μὲν
3355 488 3702 560 ἀπεφαίνετο

447 581 653 646 statuit,
705 579 1019 650 priusquam
1075 581 1305 635 memdus
1363 582 1752 649 produceretur
1784 623 1808 654 ,_
1881 581 2015 653 nihil

448 671 673 726 omnino
723 679 918 738 praeter
989 669 1156 732 Deum
1223 669 1511 734 exstitisse.
1566 681 1623 726 et
1685 671 1811 726 alibi
1864 671 2018 732 hisce

447 759 579 828 ipsis
617 758 799 814 verbis
847 759 1060 813 utitur:
1109 778 1128 810 ι
1165 757 1302 815 eum
1349 759 1588 814 nondum
1636 761 1739 814 iste
1786 760 2016 815 mundus

453 870 474 904 ι
515 851 807 921 productus
850 849 1043 917 fuerat,
1095 859 1292 925 praeter
1332 851 1497 906 Deum
1536 850 1753 921 quidem
1817 851 2015 917 solum,

455 961 475 995 ι
516 943 651 998 nihil
704 951 824 998 erat
875 941 1054 1009 aliud;
1087 961 1106 994 ι
1149 953 1203 996 et
1247 941 1335 997 ubi
1384 941 1624 996 divinum
1690 941 1820 998 illud
1884 941 2017 997 Ver-

450 1035 618 1100 bum,
688 1041 872 1089 nostro
927 1033 1223 1097 indicativo.
1278 1047 1374 1102 per
1433 1033 1619 1088 omnia
1698 1033 2018 1089 assimilavit

449 1129 636 1192 verbo,
686 1127 738 1182 in
778 1127 972 1196 quibus
1007 1126 1107 1182 ista
1141 1125 1335 1180 scribit
1389 1125 1482 1197 [Β.
1540 1124 1628 1180 LV
1664 1127 1785 1182 coll.
1843 1141 1896 1194 p.
1948 1125 2018 1181 59

454 1218 516 1274 Ι).
550 1219 651 1273 ιιι
680 1220 738 1274 D.
769 1217 974 1290 £258.]
1019 1233 1078 1271 ιι
1120 1216 1578 1284 Quemadmodum
1633 1233 1720 1272 res
1755 1219 2018 1273 universa:

459 1329 478 1362 ι
519 1325 638 1379 quae
665 1310 939 1380 producta:
963 1308 1194 1374 luerunt,
1220 1325 1250 1363 a
1277 1307 1438 1364 Patre
1465 1309 1900 1380 producebantur
1921 1323 2017 1377 per

463 1421 481 1452 σ
524 1399 780 1467 Verbum,
838 1401 904 1454 ad
935 1400 1182 1456 eumdem
1207 1400 1421 1455 modum
1451 1409 1505 1458 et
1525 1416 1645 1471 qua:
1677 1417 1706 1454 a
1753 1400 1912 1456 Patre
1933 1400 2017 1455 di-

459 1512 477 1542 c
514 1493 794 1552 cebantur,
826 1507 921 1563 per
937 1492 1173 1548 Verbum
1209 1494 1437 1549 indicem
1459 1494 1812 1550 edebantur.»
1838 1494 2018 1564 Atque

454 1586 552 1650 ita,
580 1598 701 1638 cum
732 1583 834 1638 hoc
860 1592 1014 1653 pacto
1057 1583 1408 1639 indicativum
1434 1583 1658 1638 verbum
1693 1583 2012 1654 compellas-

453 1683 538 1729 set
581 1674 776 1744 ipsum.
813 1688 1064 1730 sermone
1111 1675 1488 1744 progrediente
1535 1682 1714 1728 tamen
1763 1674 2014 1728 eumdem

454 1766 628 1834 ipsum
675 1779 702 1817 a
735 1763 894 1818 Patre
924 1765 1335 1834 inseparabilem
1359 1765 1696 1834 pronuntiat,
1725 1764 1865 1833 quod
1893 1779 2014 1832 spe-

451 1861 568 1908 ctat
607 1853 675 1907 ad
723 1853 1046 1924 hypostasin
1103 1871 1292 1922 suam,
1352 1870 1626 1923 unumque
1677 1870 1800 1910 cum
1857 1853 2016 1910 Patre

454 1952 618 2014 atque
664 1943 802 1998 idem
854 1945 1032 2008 docet,
1083 1946 1230 2000 hisce
1276 1945 1503 2000 verbis:
1545 1965 1565 1997 ι
1607 1945 1786 2016 Atque
1847 1945 2014 2011 istud,

458 2052 479 2084 ι
519 2034 731 2103 opinor,
784 2036 875 2106 qui
909 2046 1054 2090 recte
1100 2037 1284 2091 volunt
1325 2050 1538 2105 sapere,
1585 2027 2015 2091 non'admodum

459 2141 480 2174 σ
517 2124 806 2180 diﬁiculter
832 2125 1108 2180 collecturi
1140 2135 1265 2180 sunt
1295 2127 1362 2180 ab
1389 2126 1513 2180 exili
1545 2127 1780 2196 quodam
1833 2138 1886 2182 et
1911 2127 2016 2182 hu-

459 2233 479 2266 σ
521 2213 631 2268 mili
680 2214 822 2270 inter
852 2215 1097 2270 homines
1119 2215 1383 2286 exemplo.
1411 2215 1544 2270 Nam
1576 2232 1674 2271 uec
1697 2219 2014 2283 humanum,

459 2326 478 2356 ‹
527 2304 595 2360 ab
625 2305 842 2360 homine
872 2308 1114 2386 verbum,
1142 2317 1410 2376 potestate
1446 2310 1625 2378 quivis
1657 2318 1711 2364 et
1741 2310 2018 2381 hypostasi

459 2417 477 2448 σ
521 2397 875 2466 separaverit.
912 2397 1002 2452 Est
1035 2398 1182 2453 enim
1211 2399 1458 2466 verbum,
1486 2415 1650 2454 unum
1683 2408 1845 2470 atque
1878 2401 2018 2456 idem

459 2505 478 2536 ο
511 2502 634 2542 cum
661 2488 876 2543 homine
907 2503 922 2541 :
953 2503 1058 2543 non
1082 2488 1238 2542 aliter
1263 2489 1483 2544 omnino
1513 2491 2016 2560 separabile,qualn

461 2597 484 2628 σ
518 2577 684 2632 solius
724 2578 1056 2647 operationis
1100 2575 1315 2632 elfectu.
1349 2597 1368 2631 ι
1394 2577 1509 2646 Qua
1562 2579 1913 2634 similitudine
1962 2590 2019 2634 et

457 2667 583 2722 alibi
614 2683 741 2723 usus
767 2677 869 2734 est,
903 2670 988 2724 ubi
1022 2670 1098 2724 ait
1128 2669 1218 2742 [Β.
1254 2669 1386 2743 LVI]
1416 2688 1429 2724 :
1467 2688 1487 2722 ι
1517 2670 1862 2740 Quaecunque
1894 2681 2020 2725 sunt

461 2778 481 2810 σ
525 2773 644 2828 quae
667 2757 825 2814 Pater
848 2758 994 2828 loqui
1025 2759 1465 2830 deprehenditur,
1511 2761 1600 2814 illa
1631 2761 1812 2814 omnia
1841 2761 2020 2832 prolo-

461 2867 481 2901 ο
522 2849 705 2920 quitur
735 2865 831 2917 per
861 2847 1094 2904 Verbum
1143 2865 1321 2904 suum.
1366 2853 1543 2920 Atque
1595 2852 1698 2906 hoc
1753 2852 1806 2906 iu
1866 2853 2022 2909 nobis

465 2957 485 2994 ι
529 2941 659 3008 ipsis
685 2951 909 3010 apparet
934 2954 1057 2994 esse
1089 2941 1181 3002 ita,
1212 2941 1476 3011 siquidem
1499 2943 1681 3012 parvis
1711 2942 1870 2997 liceat
1901 2959 2019 2997 ma-

464 3050 483 3083 ς
523 3047 628 3102 ειη
655 3047 996 3102 componere.
1048 3030 1181 3086 Nam
1211 3047 1544 3102 quaecunque
1595 3049 1690 3089 nos
1734 3034 1886 3103 juxta
1923 3053 2022 3090 uo-

463 3155 472 3166 ~
526 3133 698 3176 strum
728 3136 916 3191 posse,
958 3123 1138 3176 dicere
1169 3122 1250 3176 vel
1289 3122 1470 3178 facere
1507 3127 1891 3196 cupiverimus,
1927 3143 2022 3192 per

465 3229 488 3265 σ
526 3221 767 3266 nostrum
817 3228 916 3268 nos
964 3213 1190 3268 verbum
1236 3215 1326 3270 illa
1355 3214 1547 3271 eﬂ‘ecta
1575 3218 1786 3273 damus.
1842 3237 1861 3270 ι
1897 3217 2024 3274 Haec

460 3318 560 3358 nos
601 3313 814 3372 oportet
858 3305 1172 3362 existimare
1219 3322 1329 3362 non
1356 3309 1533 3363 minus
1570 3308 1884 3365 Marcellum
1943 3311 2025 3366 di-

461 3400 674 3447 centem
715 3393 922 3458 audire,
960 3411 1122 3464 quam
1159 3394 1474 3454 Sabellium.
1517 3398 1626 3455 Nisi
1676 3399 1815 3456 forte
1841 3402 2023 3456 riden-

459 3485 587 3539 dum
628 3485 847 3541 volebat
875 3486 1168 3542 Sabelliqu
1214 3487 1500 3546 Marcellus
1539 3491 1858 3561 propinare;
1899 3493 2024 3562 quia

463 3593 570 3633 non
621 3575 876 3645 audebat,
939 3579 1081 3649 quod
1129 3595 1294 3636 ausus
1319 3591 1404 3637 est
1459 3583 1591 3652 ipse,
1626 3583 1858 3639 Verbum
1900 3585 2028 3640 illud

461 3668 558 3724 Dei
597 3669 981 3737 iudicativum,
1026 3675 1172 3742 quod
1211 3674 1483 3729 existimat
1539 3684 1780 3743 tantum,
1831 3676 2026 3731 Filium

462 3762 558 3818 Dei
599 3763 900 3819 nominare.
942 3764 1102 3820 Certe
1153 3781 1260 3821 non
1310 3781 1376 3822 eo
1403 3767 1646 3838 prorupit
1689 3767 1735 3822 is
1782 3768 2025 3833 insania-,

465 3862 525 3907 ut
558 3868 888 3922 sermonem,
943 3870 1038 3926 per
1088 3858 1268 3910 omnia
1306 3857 1544 3912 humano
1593 3859 1924 3913 simillimum
1967 3865 2025 3923 ᾗ

466 3944 578 3999 Deo
602 3944 842 3999 omnium
891 3960 1147 4013 supremo
1179 3946 1405 4001 auderet
1434 3946 1728 4002 ascribere.
1780 3946 1888 4001 Sed
1929 3962 2032 4002 nec

461 4048 531 4088 eo
555 4035 800 4090 stultitiae
829 4035 1064 4098 devenit,
1095 4045 1152 4089 ut
1188 4036 1412 4090 verbum
1447 4037 1662 4107 aliquod
1715 4052 1818 4091 nou
1852 4039 2032 4093 subsi-

464 4143 636 4202 stens,
682 4132 880 4188 Filium
934 4133 1028 4188 Dei
1059 4133 1382 4188 nominaret.
1438 4131 1700 4199 Quocirca
1736 4133 1827 4203 qui
1867 4149 2031 4188 unum

465 4224 600 4279 dixit
641 4224 808 4278 Deum
855 4223 1142 4290 Sabellius,
1194 4221 1387 4277 Filium
1411 4238 1538 4277 vero
1569 4223 1876 4292 abnegavit,
1906 4239 2035 4278 cou-

464 4325 792 4387 sequenter,
849 4316 1140 4371 secundum
1193 4331 1344 4371 suam
1397 4315 1815 4384 suppositionem
1885 4330 2036 4369 eum-

461 4408 583 4462 dem
637 4407 924 4463 allirmavit
948 4405 1186 4470 Patrem,
1220 4421 1380 4475 quem
1419 4414 1475 4461 et
1513 4403 1726 4459 Filium.
1758 4404 2038 4461 Marcellus

2118 579 2222 651 πρὸ
2244 580 2342 650 τῆς
2367 579 2462 633 τοῦ
2493 580 2701 650 κόσμου
2747 579 3056 643 συστάσεως
3098 579 3264 652 μηδὲν
3311 581 3505 651 ἕτερον
3553 577 3703 635 εἶναι

2119 665 2257 744 πλὴν
2297 671 2432 726 Θεοῦ
2452 712 2467 735 ,
2527 672 2622 742 καὶ
2673 671 2837 726 πάλιν
2883 672 3064 736 αὐτοῖς
3102 673 3338 744 ῥήμασιν
3374 672 3593 741 ἔλεγεν,
3625 675 3704 728 ὅτι

2122 783 2140 814 ‹
2189 764 2353 835 μήπω
2385 763 2479 817 τοῦ
2511 764 2714 836 κόσμου
2740 763 3041 833 γεγονότος,
3063 764 3215 817 οὐδὲν
3254 763 3442 836 ἕτερον
3466 759 3538 835 ἦν
3561 763 3703 833 πλὴν

2123 874 2141 904 r
2186 855 2320 908 Θεοῦ
2371 855 2566 926 μόνου⁸
2610 874 2629 906 ›
2681 855 2812 908 ποτὲ
2851 853 2910 908 δὲ
2945 853 3023 926 τῷ
3060 855 3314 926 ἡμετέρῳ
3366 855 3702 927 σημαντικᾷ

2118 947 2260 1018 λόγῳ
2295 947 2386 1000 τὸν
2418 945 2512 1000 τοῦ
2539 945 2672 1000 Θεοῦ
2704 945 3060 1018 παρέϐαλλεν,
3091 948 3150 1000 ὲν
3173 941 3256 1011 οἷς
3284 939 3387 1000 ὧδε
3408 947 3668 1018 ἔγραφεν
3694 964 3704 975 ·

2123 1058 2142 1090 ι
2167 1040 2380 1110 Ὥσπερ
2405 1037 2476 1092 τὰ
2495 1039 2755 1107 γεγονότα
2783 1037 2961 1093 πάντα
2989 1037 3092 1092 ὑπὸ
3123 1037 3218 1091 τοῦ
3253 1038 3472 1109 llatpr
3493 1037 3589 1091 διὰ
3610 1039 3705 1092 τοῦ

2123 1148 2141 1179 ι
2189 1129 2362 1197 Λόγου
2402 1128 2644 1197 γέγονεν,
2697 1127 2842 1181 οὕτω
2876 1127 2972 1180 καὶ
3022 1127 3090 1180 τὰ
3139 1127 3406 1197 λεγόμενα
3446 1126 3556 1179 ὑπὸ
3610 1126 3705 1178 τοῦ

2122 1239 2141 1267 σ
2183 1219 2397 1291 Πατρὸς
2425 1218 2514 1273 διὰ
2543 1217 2638 1271 τοῦ
2669 1218 2841 1286 Λόγου
2866 1217 3209 1288 σημαίνεται.
3251 1235 3271 1268 ι
3313 1217 3425 1271 Καὶ
3452 1216 3520 1288 δὴ
3541 1215 3706 1284 λόγον

2119 1308 2447 1382 σημαντικὸν
2470 1311 2528 1364 ὲν
2569 1309 2777 1372 τούτοις
2808 1308 2970 1362 αὑτὸν
3010 1307 3266 1371 ἀνειπὼν,
3305 1307 3512 1378 προῖὼν
3548 1307 3703 1374 ἑξῆς,

2119 1400 2418 1473 ἀχώριστον
2463 1399 2725 1470 αὑτὸντῇ
2770 1399 3083 1463 ὑποστάσει,
3110 1397 3168 1454 ἓν
3199 1399 3294 1451 καὶ
3321 1398 3521 1452 ταύτὸν
3555 1395 3705 1451 εἶναι

2115 1493 2192 1563 τῷ
2240 1493 2416 1564 Πατρὶ
2463 1491 2820 1561 παρίστησιν,
2865 1481 2968 1541 ὧδέ
3011 1505 3088 1559 πη
3139 1487 3340 1556 λέγων·
3383 1505 3404 1537 ‹
3443 1485 3708 1539 Τοῦτοδὲ

2123 1603 2142 1635 ι
2188 1584 2366 1655 ῥᾴδιον
2389 1579 2538 1653 οἶμαι
2553 1585 2667 1646 τοῖς
2691 1579 3031 1652 εὐφρονοῦσι,
3065 1580 3160 1633 καὶ
3187 1578 3297 1632 ἀπὸ
3321 1577 3521 1650 μικροῦ
3550 1593 3707 1640 τινος

2123 1695 2138 1726 ι
2186 1675 2279 1728 καὶ
2292 1672 2545 1728 ταπεινοῦ
2561 1673 2681 1726 καθ’
2699 1675 2730 1743 ή
2740 1673 2847 1742 μᾶς
2860 1669 3298 1742 παραδείγματος
3320 1669 3547 1738 γνῶναι.
3563 1667 3707 1720 Οὐδὲ

2125 1785 2140 1816 ι
2183 1764 2292 1837 γὰρ
2325 1765 2417 1818 τὸν
2447 1763 2540 1818 τοῦ
2561 1761 2848 1835 ἀνθρώπου
2869 1761 3026 1830 λόγον
3040 1761 3266 1832 δυνάμει
3287 1761 3382 1813 καὶ
3401 1760 3707 1815 ὑποστάσει

2127 1877 2145 1909 ι
2186 1857 2416 1928 χωρίσαι
2439 1858 2545 1910 τινὶ
2575 1855 2816 1910 δυνατόν.
2849 1855 2946 1908 Ἐν
2987 1853 3097 1924 γάρ
3125 1855 3240 1905 ὲστι
3271 1851 3366 1906 καὶ
3394 1850 3597 1904 ταύτὸν
3627 1851 3708 1921 τῷ

2129 1969 2146 2002 ι
2187 1948 2455 2021 ἀνθρώπῳ
2479 1949 2508 2001 ό
2534 1947 2709 2017 λόγος,
2751 1947 2845 2000 καὶ⁹
2868 1946 3044 2000 οὐδενὶ
3087 1945 3454 2017 χωριζόμενος
3503 1943 3705 2021 έτέρῳι

2129 2062 2146 2094 ι
2191 2043 2226 2112 ἢ
2257 2017 2396 2113 μόνῃ
2428 2017 2498 2112 τῇ
2526 2039 2627 2110 τῆς
2656 2039 2910 2111 πράξεως
2941 2037 3215 2109 ἐνεργείᾳ.
3248 2054 3266 2086 ο
3308 2036 3418 2090 Καὶ
3445 2017 3612 2098 amt;
3640 2026 3706 2104 τῇ

2122 2135 2256 2205 αὐτῇ
2295 2133 2558 2205 κέχρηται
2589 2131 2755 2183 εἰκόνι
2787 2132 2844 2183 ὲν
2883 2125 2966 2193 οἷς
2994 2145 3126 2200 φησι
3145 2145 3158 2158 ·
3197 2146 3216 2179 ι
3255 2127 3441 2181 Πάντα
3466 2126 3580 2196 γὰρ
3604 2126 3710 2180 ὅσα

2130 2246 2148 2277 ι
2191 2225 2256 2279 ἂν
2287 2227 2316 2278 ό
2351 2224 2540 2296 Πατὴρ
2567 2221 2725 2295 λέγῃ,
2748 2221 2921 2275 ταῦτα
2967 2217 3244 2290 πανταχοῦ
3277 2218 3368 2271 διὰ
3392 2218 3497 2270 τοῦ
3524 2218 3708 2286 Λόγου

2130 2338 2147 2369 ‹
2187 2317 2359 2387 λέγων
2391 2317 2655 2387 φαίνεται.
2675 2313 2845 2369 Τοῦτο
2874 2315 2932 2369 δὲ
2958 2313 3116 2384 δῆλόν
3149 2313 3389 2366 ἐστικαὶ
3417 2313 3514 2382 ἀφ’
3537 2311 3704 2383 ἡμῶν

2129 2429 2148 2460 ι
2195 2409 2396 2472 αὐτῶν,
2432 2409 2531 2462 ὅσα
2562 2406 2733 2479 μικρά
2768 2405 3024 2477 μεγάλοις
3048 2404 3140 2458 καὶ
3170 2404 3335 2468 θείοις
3374 2403 3704 2457 ἀπεικάσαι.

2131 2523 2148 2554 ι
2195 2502 2305 2555 Καὶ
2350 2502 2516 2572 ἡμεῖς
2544 2499 2673 2570 γὰρ,
2712 2497 2888 2552 πάντα
2917 2497 3020 2550 ὃσα
3046 2494 3112 2549 ἂν
3153 2494 3428 2565 θέλωμεν,
3463 2492 3615 2547 κατά
3645 2491 3712 2546 τὸ

2130 2614 2148 2645 ι
2186 2591 2406 2646 δυνατὸν
2434 2589 2610 2656 λέγειν
2635 2605 2696 2640 τε
2728 2588 2822 2642 καὶ⁵
2845 2588 3037 2651 ποιεῖν,
3054 2584 3133 2656 τῷ
3155 2584 3412 2656 ἡμετέρῳ
3437 2583 3710 2654 ποιοῦμεν

2131 2705 2148 2736 (
2188 2685 2350 2755 λόγῳ.
2396 2701 2415 2735 ι
2447 2678 2633 2735 Ταῦτα
2664 2679 2725 2733 οὐ
2769 2678 2968 2750 μᾶλλον
3000 2676 3320 2748 Μαρκέλλου
3349 2675 3707 2747 ἢΣαδελλίου

2125 2777 2367 2846 λέγοντος
2411 2771 2628 2827 ἀκούειν
2665 2771 2928 2842 προσήκει
2949 2767 3208 2839 νομίζειν,
3233 2769 3282 2821 εί
3317 2767 3393 2838 μὴ
3416 2767 3525 2838 ἀρα
3557 2766 3710 2820 τοῖτ⁹

2125 2865 2461 2920 ὲπισκὼπτοι
2489 2861 2760 2932 Σαδελλίῳ
2790 2859 3231 2932 Μάρκελλος,ὅτι
3259 2857 3334 2929 μὴ
3361 2858 3596 2921 ἀναιδῶς
3615 2857 3708 2911 τὸν

2126 2964 2184 3014 ὲν
2211 2957 2289 3028 τῷ
2315 2955 2434 3027 Θεῷ
2462 2953 2795 3026 σημαντικὸν
2823 2953 3014 3020 Λόγον,
3055 2950 3133 3015 ὡς
3163 2950 3326 3014 αὐτὸς
3347 2949 3538 3014 οἴεται,
3575 2949 3709 3002 Υἰὸν

2126 3049 2325 3120 ἐτόλμα
2344 3045 2646 3118 ὀνομάζειν.
2678 3045 2752 3098 Οὐ
2777 3043 2886 3115 γὰρ
2913 3039 2979 3097 αὖ
3012 3041 3246 3112 τοσαύτη
3274 3040 3422 3112 αύτῷ
3437 3039 3707 3110 λογισμοῦ

2127 3143 2306 3214 παρῆν
2329 3142 2503 3203 ἀνοια,
2522 3139 2597 3203 ὼς
2626 3137 2796 3206 Λόγον
2825 3136 3023 3207 ὁμοίως
3039 3131 3366 3205 ἀνθρώποις,
3390 3131 3487 3185 καὶ
3514 3130 3599 3200 τῷ
3617 3131 3711 3182 ἐπὶ

2127 3234 2343 3288 πάντων
2376 3233 2573 3287 διδόναι
2603 3229 2740 3300 Θεῷ.
2785 3227 2909 3281 Οὐδ’
2937 3226 3109 3290 οὑτως
3141 3224 3347 3295 ἠλίθιος
3375 3218 3466 3294 ἦν,
3495 3222 3575 3284 ὡς
3618 3221 3711 3274 τὸν

2130 3325 2204 3397 μὴ
2226 3323 2509 3394 ὑφεστῶτα
2531 3322 2717 3391 λόγον,
2745 3319 2873 3373 Υίὸν
2889 3317 3023 3372 Θεοῦ
3044 3316 3246 3371 καλεῖν.
3271 3315 3491 3384 Διόπερ,
3516 3311 3712 3365 Σαϐέλ-

2125 3417 2236 3481 λιος
2290 3417 2386 3469 ἕνα
2441 3415 2573 3468 Θεὸν
2626 3410 2816 3476 εἰπὼν,
2871 3409 2964 3463 τὸν
3023 3408 3081 3462 δὲ
3128 3407 3256 3460 Υίὸν
3302 3404 3710 3476 ἀρνησάμενος.

2127 3507 2409 3579 ἑπομένως
2446 3509 2513 3576 τῇ
2559 3502 2708 3574 αύτῷ
2736 3501 2954 3574 δοθείσῃ
2988 3497 3261 3561 ὑποθέσει,
3289 3496 3380 3550 τὸν
3411 3495 3576 3550 αὐτὸν
3600 3494 3714 3546 Πα-

2127 3599 2260 3667 τέρα
2282 3592 2418 3649 εῖναι
2439 3597 2532 3647 καὶ
2547 3592 2674 3646 Υίόν
2696 3591 2919 3660 ἔφασκε.
2938 3587 3256 3660 Μάρκελλος
3277 3586 3333 3639 δὲ
3352 3585 3486 3656 (65),
3510 3583 3714 3654 discito;

2129 3687 2323 3757 ἐκείνῳ
2347 3684 2404 3738 ἓν
2429 3685 2524 3737 καὶ
2545 3681 2741 3737 ταύτὸν
2771 3675 2910 3733 εἶναι
2946 3678 3038 3731 τὸν
3059 3677 3211 3742 Θεὸν,
3246 3675 3340 3729 καὶ
3362 3675 3453 3727 τὸν
3480 3675 3537 3727 ἐν
3561 3673 3717 3742 αὐτῷ

2131 3773 2302 3841 Λόγον
2334 3770 2528 3834 διδοὺς,
2566 3770 2741 3840 μάτην
2769 3765 3032 3834 ἐσφάλθαι
3060 3763 3148 3817 τὸν
3173 3761 3481 3824 Σαόέλλιον,
3514 3762 3636 3833 οὐχὶ
3655 3761 3716 3813 δὲ

2133 3866 2226 3918 καί
2251 3862 2440 3917 ἑαυτὸν
2468 3860 2736 3931 ὁμολογεῖ.
2782 3858 2853 3911 Ἣ
2903 3857 3014 3928 γὰρ
3051 3855 3299 3908 κάκεῖνον
3347 3851 3714 3923 ἀποδέχεσθαι

2133 3954 2290 4026 χρῆν,
2318 3952 2352 4023 ἢ
2385 3953 2479 4005 καὶ
2516 3947 2680 4004 αὑτὸν
2717 3945 3028 4019 μέμφεσθαι
3053 3961 3068 3974 ο
3102 3945 3137 4016 ἢ
3177 3944 3531 4016 μεμφόμενον
3569 3944 3716 3996 ἐκεῖ-

2135 4064 2247 4112 νον,
2285 4045 2383 4116 τὴν
2420 4042 2612 4114 ὁμοίαν
2645 4039 2795 4111 αύτῷ
2834 4035 3153 4102 κακοδοξίαν
3193 4035 3582 4106 ἐκτρέπεσθαι,
3619 4036 3719 4087 καὶ

2139 4135 2213 4206 μὴ
2241 4130 2676 4205 ἀνδριαντοποιοῦ
2714 4129 2870 4198 δίκην
2907 4125 3253 4179 ὑποτίθεσθαι
3295 4123 3390 4177 τὸν
3435 4123 3595 4188 Θεὸν,
3645 4127 3717 4193 τῇ

2137 4225 2329 4280 ἑαυτοῦ
2370 4223 2664 4294 ὲνθυμήσει
2692 4221 2785 4274 καὶ
2809 4217 2885 4288 τῷ
2911 4217 3025 4288 ἰδίῳ
3045 4215 3292 4287 λογισμῷ
3332 4213 3723 4286 προσδιαλεγιό⁹

2143 4335 2320 4392 μενον,
2355 4316 2514 4370 αὐτόν
2541 4331 2600 4368 τε
2630 4311 2806 4383 ἑαυτῷ
2841 4309 3344 4383 παρακελευόμενον
3365 4307 3571 4376 λέγειν,
3600 4306 3719 4376 (66)

2143 4411 2276 4478 Ἀγε
2321 4406 2655 4476 ποιήσωμεν,
2698 4401 2800 4477 ἀγε
2845 4399 3139 4471 πλάσωμεν
3184 4397 3505 4469 ἀνδριάνταᾴ
3563 4397 3723 4451 οὕτω

462 4515 592 4555 vero
622 4501 714 4572 qui
752 4500 974 4564 perinde
1028 4507 1192 4568 atque
1238 4498 1326 4552 ille
1360 4500 1523 4553 Deum
1568 4513 1732 4551 unum
1785 4499 2023 4567 idemque

2141 4500 2248 4569 γὰρ
2269 4498 2362 4551 καὶ
2381 4495 2472 4549 τὸν
2481 4494 2612 4547 Θεὸν
2629 4491 2905 4564 εἰρηκέναι
2917 4491 3000 4554 τὸ,
3017 4489 3368 4560 Ποιήσωμεν
3381 4489 3723 4558 ἄνθρωπον,

463 4595 736 4648 statuebat
764 4609 886 4650 cum
921 4591 1098 4648 Verbo
1123 4607 1242 4656 suo,
1271 4591 1453 4660 inepte
1480 4601 1704 4646 accusat
1729 4591 2027 4646 Sabellium

461 4686 688 4753 erroris,
716 4701 938 4755 prorsus
965 4687 1066 4740 nisi
1099 4701 1158 4740 se
1181 4695 1236 4740 et
1263 4699 1476 4739 errasse
1503 4683 1754 4740 fateatur.
1786 4683 1918 4738 Nam
1951 4684 2034 4738 vel

465 4793 590 4833 cum
635 4778 870 4832 Sabellio
899 4779 1220 4846 conspirare
1271 4777 1524 4841 debebat,
1564 4776 1649 4830 vel
1679 4777 2030 4843 semetipsum

466 4872 820 4939 redarguere.
860 4880 953 4925 aut
993 4871 1038 4926 si
1089 4869 1417 4939 redarguere
1457 4867 1755 4922 Sabellium
1797 4865 2031 4930 volebat,

465 4965 710 5018 eamdem
757 4979 974 5034 pravam
1009 4980 1161 5019 suam
1207 4963 1455 5017 ltmresim
1499 4959 1751 5027 abiurare
1781 4974 1904 5014 eum
1944 4959 2036 5012 de-

465 5057 633 5112 cuit:
676 5071 776 5112 nec
825 5057 1118 5112 admodum
1173 5055 1404 5124 alicujus
1449 5063 1645 5109 statuze
1695 5050 2033 5114 conﬂatoris,

468 5151 636 5205 Deum
675 5164 979 5220 supposuere
1017 5149 1432 5219 colloquentem,
1465 5161 1586 5199 cum
1617 5159 1712 5199 sua
1737 5141 2032 5197 ratiocina-

472 5245 640 5306 tione,
685 5251 742 5298 et
787 5242 951 5296 animi
1009 5242 1090 5296 sui
1148 5239 1550 5310 intelligentia:
1595 5237 1881 5306 ipsumque
1935 5228 2038 5284 sibi

472 5333 574 5402 ipsi
599 5336 950 5405 imperantem
981 5334 1322 5390 introducere
1350 5334 1417 5388 ad
1451 5332 1594 5386 hunc
1635 5328 1853 5384 modum
1886 5341 1900 5376 :
1934 5322 2038 5376 Fa-

561 5479 621 5537 ›Ῑ‹
655 5475 752 5531 Ed.
775 5474 970 5544 Paris.,
998 5492 1120 5547 pag.
1159 5475 1247 5532 80.

571 5635 636 5690 65
689 5637 858 5704 Vulgo
882 5639 1078 5709 ὁμοίως
1109 5638 1258 5694 αὑτῶ
1281 5648 1332 5693 et
1354 5637 1506 5690 ἀποδ.
1538 5638 1725 5708 ἐχρῆν.

548 5635 659 5774 ξϐθζ
693 5710 823 5774 Ἄγε
860 5693 1241 5774 ποιήσωμεν..
1265 5709 1569 5773 Legeml’um
1605 5709 1725 5774 ποιή

571 5706 823 5780 66)7”Αγε
860 5706 1240 5780 ποιήσ-(ιιμεινκ⁷
1265 5706 1949 5780 Ιλρκειιιίιιιιιἶποιήσῳμεν,
1988 5712 2044 5780 ut

481 5775 613 5832 altas
641 5774 910 5844 habetur,
955 5774 1134 5836 statim
1172 5797 1266 5850 pro
1307 5779 1607 5847 μηδέποτε,
1656 5774 1878 5833 restitue
1918 5774 2044 5826 ποτὲ

2140 4593 2264 4663 ἔφη,
2294 4589 2426 4661 μηδὲ
2437 4587 2567 4640 ποτὲ
2598 4585 2696 4657 μὲν
2715 4583 3033 4647 ἐνδιάθετον,
3057 4583 3132 4646 ὡς
3155 4583 3241 4636 ἐπ’
3253 4580 3527 4653 ἀνθρώπῳ
3541 4582 3723 4651 λόγον,

2143 4683 2271 4737 ποτὲ
2312 4680 2368 4733 δὲ
2393 4676 2748 4750 σημαντικὸν,
2765 4676 2840 4739 ὡς
2855 4675 2948 4728 τὸν
2981 4677 3038 4728 ὲν
3061 4677 3190 4746 ἡμῖν
3217 4673 3554 4744 προφορικὸν
3579 4714 3594 4734 ,
3630 4673 3727 4726 καὶ

2142 4781 2199 4830 ὲν
2236 4774 2314 4846 τῷ
2330 4771 2449 4842 Θεῷ
2479 4768 2842 4824 ὑποτίθεσθαι.
2875 4766 3062 4820 Ταῦτα
3086 4767 3195 4837 γάρ
3224 4765 3514 4819 Σαϐελλὲου
3539 4765 3576 4836 ἢ
3594 4767 3728 4818 ἰου-

2142 4867 2308 4920 δαίων
2338 4862 2483 4925 τινὸς
2515 4859 2626 4914 τῶν
2651 4859 2741 4913 τὸν
2773 4857 2902 4912 Υίὸν
2932 4857 3029 4909 τοῦ
3067 4855 3203 4909 Θεοῦ
3239 4853 3728 4926 ἀπαρακαλύπτως

2141 4955 2485 5028 ἀρνουμένων
2501 4950 2724 5006 ἀνεκτὸν
2747 4946 2814 5022 ἦν
2848 4948 3046 5020 μᾶλλον
3063 4945 3096 5017 ἢ
3117 4942 3443 5016 Χριστιανοῦ
3477 4943 3730 5011 λέγοντος

2143 5047 2382 5103 ἀκούειν.
2422 5047 2481 5100 '0
2503 5045 2569 5111 δ’,
2589 5043 2776 5114 ὥσπερ
2797 5037 3335 5110 ὲγκαλλωπιζόμενος
3362 5038 3429 5106 τῇ
3460 5036 3729 5106 Ἰουδαϊκῇ

2141 5137 2476 5209 διδασκαλίᾳ,
2502 5139 2566 5208 τῇ
2591 5133 2888 5205 Ἐκκλησία
2915 5129 3150 5202 Χριστοῦ
3181 5129 3312 5199 περὶ
3351 5127 3446 5180 τοῦ
3491 5127 3567 5198 μὴ
3597 5122 3732 5179 εἶναι

2142 5232 2234 5284 τὸν
2268 5231 2394 5284 Υίὸν
2434 5227 2528 5282 τοῦ
2569 5225 2727 5290 Θεοῦ,
2775 5224 2835 5278 τὸ
2881 5222 3139 5287 δυσσεϐὲς
3197 5220 3348 5272 τουτὶ⁸
3411 5218 3509 5271 καὶ
3574 5217 3730 5270 ἄθεον

2148 5323 2356 5392 εἰσάγει
2388 5321 2585 5392 δόγμα,
2619 5317 2728 5390 πρὸ
2761 5315 2856 5369 τοῦ
2898 5315 2990 5367 τὸν
3026 5313 3229 5384 κόσμον
3270 5308 3530 5378 γενέσθαι
3567 5306 3729 5378 μηδὲν

2199 5629 2276 5682 ἐν.
2317 5626 2386 5680 Μ.
2410 5657 2477 5666 --
2497 5623 2666 5694 Vulgo
2697 5637 2855 5694 supra
2893 5620 3240 5694 πλάσσῳμεν.
3265 5613 3386 5694 hic):
3412 5612 3591 5694 vulgo

2184 5700 2382 5770 hami.
2426 5705 2480 5748 et
2512 5685 2663 5770 ὲκκλ.
2696 5685 2787 5746 τοῦ
2820 5708 2906 5764 χρ.
2942 5701 2992 5747 et
3025 5685 3131 5740 τοῦ
3152 5685 3471 5754 ποιηθέντος
3509 5685 3654 5752 αὐτῷ
3679 5693 3731 5736 et

2155 5763 2415 5825 παραδεδε
2426 5783 2478 5832 ιγ
2486 5763 2662 5835 μένον.
