3838 6222
125 375 236 434 8M

1094 379 1181 435 DE
1227 376 1766 436 ECCLESIASTICA
1807 375 2205 433 TIIEOLOGIA
2243 374 2370 434 LIB.
2412 375 2452 434 I.

3299 383 3403 437 διε

125 496 320 568 ἕτερον
353 493 492 552 εἶναι
530 498 668 571 πλὴν
699 500 835 554 Θεοῦ
870 500 1054 572 μόνου,
1083 499 1150 553 δι’
1180 500 1302 554 ὅλου
1330 497 1424 552 τοῦ
1461 499 1701 571 πονηθέν-

1823 499 2030 554 ciamus
2061 497 2312 566 agedum,
2356 499 2583 566 agedum
2620 498 2907 566 litigamus,
2962 514 3064 570 age
3095 500 3324 558 conﬂem
3340 516 3404 555 us

123 605 226 652 τος
243 589 392 660 αὐτῷ
417 592 846 664 συγγράμματος
866 592 1310 657 κατασκευάζων,
1333 591 1402 644 ἶν’
1415 591 1701 665 άποκλείσς

1821 599 2078 644 statuam.
2109 588 2186 642 Ita
2219 590 2362 643 enim
2393 591 2650 659 supponit
2687 591 2851 645 Deum
2896 591 3186 663 aliquand’o
3213 597 3392 665 prolo-

120 679 208 750 τῷ
250 682 366 754 ΥΞῷ
410 682 508 754 τὴν
560 685 811 756 πάροδον.
857 685 1017 739 Ἀλλά
1048 685 1143 739 καὶ
1175 684 1496 754 σεμνύνεται
1529 683 1712 754 αὐχῶν

122 774 228 826 ’ἐνα
285 773 416 829 Θεὸν
462 775 678 829 εἰδέναι·
729 777 805 841 ὡς
861 777 981 847 οὐχὶ
1030 777 1126 830 καὶ
1153 776 1310 848 ἡμῶν
1335 776 1494 830 τοῦτο
1524 776 1712 844 λεγόν-

119 883 262 928 των,
292 866 384 920 τὸν
412 867 540 921 Υίδν
586 869 678 922 τοῦ
708 869 842 922 Θεοῦ
877 869 1092 940 ἀληθῶς
1129 867 1259 921 Υίὸν
1304 865 1444 922 εἶναι
1473 867 1710 939 παραδε-

122 957 182 1010 δε
191 957 451 1028 ιγμένων,
491 962 620 1032 παρ’
637 961 800 1014 αὐτοῦ
815 978 874 1014 τε
891 978 965 1032 ίμε
973 961 1408 1033 μαθηκότωνένα
1423 960 1710 1032 γνωρίζειν

121 1049 285 1116 Θεὸν,
319 1052 481 1106 αὐτόν
512 1071 570 1106 τε
594 1049 731 1108 εἶναι
754 1054 886 1108 Θεὸν
919 1055 1053 1126 ὁμοῦ
1077 1057 1172 1110 καὶ
1194 1054 1415 1126 Πατέρα
1433 1051 1546 1124 (67)
1575 1052 1706 1106 Υίοῦ

118 1142 224 1195 τοῦ
260 1143 602 1214 μονογενοῦς,
630 1146 823 1201 ἑαυτοῦ
838 1148 1045 1220 δηλαδὴι
1056 1148 1208 1212 δντος
1221 1147 1435 1219 ἀληθῶς
1449 1144 1580 1199 Υἱοῦ
1603 1144 1709 1216 πρὸ

119 1233 350 1288 πάντων
378 1235 589 1290 αἰώνων
623 1237 682 1302 ἐξ
718 1238 882 1292 αὐτοῦ
907 1239 1298 1310 γεγενημένου,
1325 1239 1419 1290 καὶ
1447 1236 1507 1290 οὐ
1549 1236 1707 1307 μόνον

115 1323 302 1393 Λόγου
347 1327 682 1399 κεκλημένου
734 1329 840 1402 πρὸ
872 1330 969 1401 τῆς
1010 1329 1325 1400 ἀναλήψεως
1354 1328 1454 1398 τῆς
1484 1327 1713 1398 supr-bs;

114 1419 264 1489 ὅπερ
292 1419 320 1471 ό
349 1421 596 1488 γενναῖος
636 1420 952 1493 διορίζεται,
1003 1420 1138 1474 ἀλλὰ
1176 1421 1270 1472 καὶ
1315 1418 1488 1490 μυρία
1519 1417 1703 1488 ἔτερα,

111 1512 147 1562 ὁ
166 1511 228 1564 δὲ
262 1509 370 1564 κᾶν
398 1511 592 1583 τούτῳ,
621 1513 721 1584 τῆς
742 1512 894 1577 θείας
913 1513 1139 1585 Γραφῆς
1166 1513 1580 1584 καταψεύδεται,
1600 1513 1707 1584 πρὸ

109 1605 224 1675 τῆς
283 1606 549 1677 ἐνσάρκου
609 1607 912 1678 παρουσίας
964 1607 1128 1679 μηδὲν
1165 1607 1353 1686 ἕτερον
1407 1607 1704 1679 κεκλῆσθαι

112 1697 287 1752 αὑτὸν
309 1697 797 1771 ἀπισχυριξόμενος
823 1700 856 1769 ἢ
879 1699 1066 1768 Λόγον.
1377 1707 1380 1710 ’

1819 689 2024 743 culum,
2057 677 2346 732 Faciamus
2375 680 2636 733 hominem
2665 681 2730 736 ⁷⁷.
2755 681 3030 752 Nusquam
3054 695 3206 740 certe
3238 692 3394 739 vocat

1818 771 2053 826 Verbum
2090 773 2235 827 intus
2263 772 2636 837 constitutum,
2665 777 2935 842 quomodo
2967 775 3116 844 loqui
3152 790 3268 830 mos
3300 785 3394 830 est

1817 865 1869 918 in
1905 865 2186 918 humanis:
2212 876 2269 918 at
2305 865 2573 919 interdum
2616 875 2770 920 vocat
2805 868 3178 931 indicativum,
3219 868 3392 922 simil-

1813 958 1999 1013 limmn
2033 968 2220 1014 nostro
2249 961 2412 1014 verbo
2436 959 2729 1029 prolatitio.
2760 961 2916 1015 Esset
2940 961 3043 1016 hoc
3073 961 3127 1015 in
3155 960 3394 1016 Sabellio

1813 1052 2032 1120 quidem
2111 1052 2430 1108 tolerabile:
2461 1053 2545 1106 vel
2591 1054 2640 1107 in
2675 1052 2984 1108 Iudaeorum
3052 1053 3236 1122 aliquo
3296 1053 3393 1124 qui

1811 1145 1930 1198 sine
1959 1145 2409 1212 tergiversatione
2439 1146 2614 1215 aliqua
2652 1145 2844 1200 Filium
2869 1145 2967 1212 Dei
2993 1153 3392 1216 pernegaturus

1811 1246 1953 1290 esset
1990 1257 2004 1292 :
2042 1247 2097 1289 at
2130 1239 2251 1307 quis
2287 1239 2403 1293 haec
2431 1238 2700 1292 dicentem
2726 1237 3098 1293 Christianum
3125 1237 3298 1293 ferat?
3323 1239 3394 1293 At

1813 1328 1904 1383 ille
1950 1329 2109 1384 veluti
2147 1331 2238 1399 qui
2294 1331 2619 1402 gloriaretur
2665 1331 2733 1386 de
2781 1330 3097 1396 Judaismo,
3161 1331 3391 1402 impium

1813 1421 2006 1492 dogma
2044 1433 2206 1490 atque
2245 1425 2468 1478 atheum
2509 1423 2807 1477 introducit
2856 1423 2908 1476 in
2949 1421 3269 1487 Eccleslam,
3301 1421 3391 1476 Fi-

1813 1513 1942 1569 lium
1969 1515 2062 1570 Dei
2085 1517 2398 1586 neutiquam
2430 1517 2727 1581 exstitisse,
2773 1527 2901 1570 ante
2944 1514 3130 1568 mundi
3182 1514 3388 1584 produ-

1813 1605 2044 1661 ctionem
2076 1626 2088 1661 :
2122 1623 2243 1661 cum
2271 1608 2388 1662 solo
2419 1607 2524 1662 Deo
2555 1618 2783 1676 excepto
2815 1607 2947 1661 nihil
2969 1607 3130 1677 plane
3151 1615 3391 1661 exstaret

1813 1699 1930 1752 ibi:
1975 1699 2186 1769 hocque
2235 1699 2410 1771 ipsum
2460 1700 2836 1764 constabilire,
2875 1715 2974 1771 per
3019 1699 3210 1767 scripti
3242 1698 3390 1752 illius

114 1791 206 1845 sui
239 1806 553 1861 processum
583 1801 814 1847 conatur
848 1794 1162 1849 universum
1196 1812 1210 1848 :
1251 1795 1302 1848 in
1333 1809 1455 1850 eum
1508 1794 1694 1859 linem,
1729 1801 1789 1849 ut
1819 1793 1958 1850 Filio
2023 1810 2242 1850 omnem
2307 1797 2512 1850 aditum
2547 1797 2613 1849 ad
2659 1795 3071 1850 subsistentiam
3123 1792 3389 1849 interclu-

111 1890 236 1943 dat.
275 1887 384 1944 Sed
417 1898 471 1945 et
499 1890 720 1960 insuper
751 1891 1102 1947 vehementer
1136 1892 1415 1960 gloriatur,
1451 1906 1509 1946 se
1540 1907 1703 1944 unum
1745 1894 2119 1946 tantummodo
2165 1893 2329 1948 Deum
2400 1909 2730 1964 agnoscere:
2795 1893 2951 1962 quasi
2986 1893 3088 1948 hoc
3133 1907 3230 1948 nos
3281 1906 3386 1946 non

112 1982 509 2038 conﬁteremur
538 1999 661 2039 cum
686 1985 800 2052 illo,
831 1986 922 2055 qui
954 1995 1132 2041 tamen
1166 1986 1256 2040 Dei
1290 2002 1473 2040 revera
1505 1986 1700 2040 Filium
1740 2001 1864 2042 esse
1915 1987 2249 2056 accepimus,
2297 1997 2352 2044 et
2410 1988 2478 2043 ab
2517 1989 2746 2056 ipsomet
2785 1988 2950 2042 etiam
3015 1987 3155 2042 Filio
3220 2003 3388 2042 unum

113 2077 290 2132 Deum
325 2093 623 2149 agnoscere
658 2081 836 2136 edocti
877 2081 1099 2144 fuimus,
1132 2081 1416 2151 ipsumque
1451 2082 1617 2136 Deum
1637 2096 1758 2138 esse
1797 2083 1958 2138 simul
1979 2095 2142 2153 atque
2163 2083 2374 2139 Patrem
2403 2083 2526 2138 Filii
2550 2084 2840 2155 unigeniti,
2869 2084 2953 2138 sui
2977 2083 3387 2154 nempcipsius,

108 2171 210 2239 qui
246 2187 348 2226 nos
385 2173 465 2228 sic
489 2175 691 2240 docuit,
734 2177 826 2246 qui
877 2191 1002 2231 vere
1040 2176 1206 2231 Filius
1245 2177 1544 2238 exsistebat
1569 2187 1697 2232 ante
1743 2179 1924 2232 omnia
1966 2179 2186 2245 saecula,
2229 2181 2296 2234 dc
2331 2179 2423 2234 illo
2473 2178 2636 2234 Patre
2693 2180 2928 2250 genitus,
2955 2193 3114 2249 quem
3151 2193 3256 2232 non
3293 2193 3384 2232 so-

108 2266 227 2320 lum
273 2267 512 2322 Verbum
584 2273 909 2341 compellare
957 2271 1198 2328 solemus
1229 2313 1244 2338 ,
1297 2272 1459 2328 etiam
1498 2281 1624 2327 ante
1664 2284 1973 2344 susceptam
1998 2289 2239 2339 carnem,
2276 2274 2352 2327 uti
2382 2273 2531 2327 illum
2577 2271 2981 2328 circumscribit
3043 2272 3220 2332 bonus
3281 2271 3388 2326 iste

104 2366 222 2430 vir,
258 2365 356 2420 sed
389 2365 569 2421 multis
596 2365 716 2422 aliis
750 2368 1063 2423 nominibus
1091 2407 1106 2430 ,
1160 2368 1253 2438 qui
1319 2367 1422 2423 hoc
1481 2367 1596 2437 ipso
1646 2367 1911 2423 mendacii
1973 2369 2220 2440 coarguit
2246 2366 2608 2437 Scripturam,
2653 2366 2780 2421 dum
2832 2365 3208 2422 vehementius
3240 2379 3388 2420 asse-

100 2467 272 2514 verat
327 2457 476 2513 illum
525 2460 670 2516 nullo
701 2460 808 2515 alio
855 2461 1076 2515 nomine
1130 2460 1406 2516 exstitisse
1435 2469 1646 2530 notum,
1678 2468 1808 2514 ante
1839 2474 1991 2514 suam
2026 2459 2481 2514 incarnationem.

759 2556 916 2609 ΚΕΦ.
957 2557 1064 2608 IH'.

98 2644 320 2716 Ὃςτως
366 2644 482 2713 πρὸ
528 2643 604 2716 τῆ
610 2666 642 2712 ς
689 2646 1198 2716 ἐνανθρωπήσεως
1267 2645 1447 2702 οὐδὲν
1497 2646 1705 2716 ἕτερον

177 2713 647 2787 ἔφασκεν-εἷναι
675 2717 782 2770 τὸν
827 2713 965 2772 Υίὸν
988 2713 1036 2786 ἢ
1056 2719 1270 2787 Λόγον,
1317 2715 1478 2784 αὐτῷ
1511 2713 1705 2787 μόὶνον

179 2785 397 2853 ὅμοιον
423 2785 502 2852 τῷ
527 2787 663 2856 παρ’
687 2785 1039 2856 ἀνθρώποιςι

192 2875 534 2928 Ἐπάκουσον
580 2874 733 2944 γοῦν,
775 2876 852 2939 ὡς
887 2867 1322 2941 διαϐεϐαιοῦται,
1371 2875 1553 2937 αὐτοῖς
1605 2873 1703 2945 ῥήμ-

103 2983 251 3040 μασι
304 2965 491 3021 τοῦτον
531 2968 758 3040 γράφων
798 2968 890 3022 τὸν
929 2968 1162 3040 τρόπον·
1219 2987 1238 3020 ι
1285 2968 1448 3020 ’Ὥστε
1497 2982 1702 3020 παντα-

104 3083 127 3115 ‹
181 3062 347 3133 κόθεν
379 3062 491 3133 (68)
528 3063 646 3116 ἐστὶ
685 3061 865 3133 δῆλον,
900 3063 1064 3134 μηδὲν
1097 3062 1284 3134 ἕτερον
1324 3063 1391 3133 τῇ
1439 3061 1703 3132 ἀῐδιότητι

108 3175 127 3205 ι
179 3151 282 3206 τοῦ
306 3151 478 3220 Λόγου
508 3151 800 3224 ἁρμόττειν
825 3151 1015 3223 ὄνομα,
1053 3151 1086 3222 ἧ
1115 3150 1284 3217 τοῦθ’,
1316 3151 1453 3221 ὅπερ
1475 3151 1504 3203 ὁ
1534 3148 1704 3218 ἁγιώ-

104 3267 127 3299 σ
179 3262 349 3309 τατος
380 3243 475 3298 τοῦ
506 3243 641 3298 Θεοῦ
686 3243 933 3316 μαθητὴς
972 3243 1066 3296 καὶ
1098 3241 1394 3304 ἀπόστολος
1428 3240 1700 3312 Ἰωάννης,

105 3359 125 3391 ι
180 3341 245 3390 ὲν
297 3338 438 3408 ἀρχῇ
488 3336 583 3390 τοῦ
637 3334 970 3404 Εὑαγγελίου
1021 3334 1264 3408 εἴρηκεν.
1321 3332 1540 3404 Ἐπειδὴ
1594 3332 1702 3404 γὰρ

107 3417 134 3482 ι⁸
187 3428 334 3500 μετὰ
378 3427 478 3500 τὴν
522 3429 623 3498 τῆς
677 3427 878 3500 σαρκὸς
916 3427 1181 3497 ἀνάληψιν
1228 3425 1464 3497 Χριστός
1508 3441 1569 3477 τε
1610 3424 1704 3478 καὶ

103 3541 125 3572 ι
193 3521 407 3592 Ἰησοῦς
434 3519 778 3593 κηρύττεται,
811 3517 922 3590 ζωή
957 3536 1016 3571 τε
1050 3518 1144 3571 καὶ
1182 3517 1332 3583 ὁδὸς,
1386 3517 1483 3570 καὶ
1521 3516 1703 3588 ἡμέρα

107 3631 128 3662 ι
183 3613 282 3665 καὶ
317 3611 646 3678 ἀνάστασις,
693 3610 788 3664 καὶ
837 3609 976 3680 θύρα
1041 3609 1135 3663 καὶ
1182 3608 1382 3680 ἄρτος,
1429 3607 1525 3660 καὶ
1571 3607 1625 3660 εί
1646 3624 1701 3661 τι

107 3722 127 3754 ι
177 3703 376 3780 ἕτερον
431 3703 538 3757 ὑπὸ
597 3701 708 3756 τῶν
755 3702 914 3755 θείων
961 3700 1278 3772 ὀνομάζοιτο
1331 3699 1584 3772 Γραφῶν,
1639 3698 1700 3752 οὐ

109 3817 126 3847 ι
185 3795 343 3866 παρὰ
398 3794 554 3849 τοῦτο
596 3797 810 3866 ἀγνοεῖν
853 3796 1011 3866 ,ἡμᾶς
1057 3795 1324 3864 προσήκει
1382 3792 1443 3846 τὸ
1489 3792 1703 3864 πρῶτον

2261 2585 2265 2589 -
2342 2551 2584 2619 HsCAP.
2637 2551 2817 2609 XVIII.

1808 2648 1964 2723 Quod
1993 2649 2210 2723 affirmet
2259 2644 2609 2723 ilium_ante
2637 2651 2963 2723 assumptum
3003 2658 3222 2723 carnem

1875 2711 2092 2786 prorsus
2128 2717 2276 2770 aliud
2308 2716 2568 2770 exstitisse
2588 2729 2746 2783 quam
2799 2711 3043 2775 Verbum,
3077 2713 3381 2768 consimilli-

1878 2805 2023 2842 mum
2045 2788 2277 2841 humano
2307 2787 2482 2840 verbo.

1876 2882 2012 2936 Audi
2034 2892 2218 2935 autem
2236 2879 2508 2950 quomodo
2523 2879 2625 2932 hoc
2645 2877 2819 2948 ipsum
2837 2875 3052 2938 doceat,
3072 2875 3200 2930 dum
3219 2875 3389 2931 diser-

1805 2971 1876 3027 tis
1899 2972 2116 3042 quidem
2145 2969 2417 3024 verbisita
2451 2968 2641 3024 scribit
2670 2967 2761 3041 [R.
2784 2965 3055 3040 XXXVII}
3080 2984 3124 3021 ιι
3146 2966 3294 3020 Adeo
3328 2975 3388 3020 t

1810 3081 1830 3114 ¢
1875 3062 2030 3133 plane
2052 3063 2197 3118 omni
2217 3062 2378 3117 modo
2409 3061 2756 3117 manifestum
2783 3061 2964 3128 fuerit,
2985 3061 3190 3116 nullum
3220 3059 3386 3115 alium

1810 3170 1829 3202 ε
1873 3165 2066 3208 nomen
2093 3152 2378 3206 aeternitati
2402 3149 2560 3206 Verbi
2578 3153 2963 3207 convenienter
2983 3150 3384 3215 ascribendum,

1809 3263 1828 3296 ι
1871 3261 2028 3314 quam
2056 3245 2159 3300 hoc
2183 3243 2382 3314 ipsum,
2405 3245 2549 3315 quod
2578 3259 2608 3298 a
2639 3244 2984 3300 sanctissimo
3018 3243 3112 3298 Dei
3139 3243 3389 3314 apostolo

1809 3354 1835 3388 ι
1871 3347 1926 3390 et
1955 3337 2223 3405 discipulo
2266 3335 2498 3403 Joanne,
2550 3337 2602 3390 in
2643 3337 2914 3407 principio
2943 3337 3164 3406 ponitur
3202 3334 3385 3390 Evan-

1811 3449 1830 3481 ι
1870 3429 2014 3499 gelii.
2081 3429 2362 3500 Siquidem
2414 3430 2480 3494 is,
2540 3439 2663 3498 post
2716 3437 3048 3499 assumptam
3115 3441 3383 3492 carnem,

1811 3541 1832 3573 ι
1869 3522 2116 3578 Christus
2154 3530 2209 3576 et
2232 3519 2390 3575 Jesus
2407 3520 2994 3591 praedicatur,vitaque
3017 3527 3074 3574 et
3103 3519 3211 3582 via,
3244 3519 3378 3583 dies,

1811 3633 1828 3664 ι
1875 3614 2224 3678 resurrectio,
2260 3614 2484 3679 ostium,
2515 3612 2691 3682 panis,
2727 3622 2782 3670 et
2814 3627 2933 3682 qua:
2955 3620 3152 3668 caetera
3183 3610 3257 3666 illi
3286 3624 3385 3665 no-

1811 3725 1828 3755 I
1877 3706 2018 3762 miua
2078 3706 2130 3760 iu
2191 3704 2490 3776 Scripturis
2539 3703 2925 3784 .sacrosanctis
2985 3703 3377 3764 ascribuutur,

1813 3817 1835 3855 ι
1878 3809 2056 3854 tamen
2096 3815 2203 3859 non
2234 3799 2492 3854 debemus
2534 3799 2807 3868 ignorare,
2841 3797 2984 3867 quod
3029 3795 3280 3866 princeps
3305 3793 3380 3850 illi

111 3912 129 3943 ι
182 3892 383 3974 ὄνομα,
417 3889 498 3965 ὅτι
537 3888 710 3958 Λόγος
751 3887 860 3958 (69)
905 3883 997 3959 ἦν.
1040 3886 1139 3939 Διὰ
1167 3885 1327 3938 τοῦτο
1370 3883 1500 3956 γὰρ,
1535 3883 1631 3938 καὶ
1678 3885 1701 3936 ό

1815 3909 1832 3941 ι
1879 3904 2070 3947 nomen
2122 3887 2358 3944 Verbum
2409 3887 2606 3951 fuerat.
2638 3885 2719 3944 Ob
2769 3887 2909 3968 hanc
2941 3887 3113 3956 ipsam
3161 3898 3381 3940 causam

106 4003 126 4035 ι
174 3982 490 4053 ἁγιώτατος
529 3981 920 4052 εὐαγγελιστὴς
948 3980 1042 4033 καὶ
1079 3978 1324 4051 μαθητὴς
1346 3977 1438 4032 τοῦ
1467 3975 1694 4049 Κυρίου,

105 4097 125 4129 ε
177 4075 392 4146 σφόδρα
425 4073 742 4146 ἐγρηγορὼς
771 4073 850 4152 τῷ
882 4071 1173 4144 πνεύματι,
1202 4071 1300 4142 τῆς
1333 4069 1538 4124 ἄνωθεν
1574 4086 1702 4141 μνη-

104 4191 123 4221 ι
178 4167 428 4241 μονεύων
461 4167 669 4239 ἀρχῆς,
712 4167 806 4220 καὶ
861 4165 1085 4238 μηδενὸς
1122 4163 1235 4236 (70)
1279 4161 1566 4233 νεωτέρου,
1605 4161 1701 4214 Ἐν

103 4281 124 4313 ι
174 4259 343 4331 ἀρχῇ
384 4255 520 4330 ἦνό
558 4259 766 4339 Λόγος,
812 4256 938 4330 ἔφη.
981 4255 1080 4310 καὶ
1120 4258 1153 4309 ό
1190 4255 1380 4324 Λόγος
1427 4249 1508 4323 ἦν
1551 4249 1700 4322 πρὸς

105 4374 124 4406 ι
172 4353 293 4418 τὸν
329 4342 499 4416 Θεὸν,
527 4335 624 4426 καὶ
666 4335 810 4416 Θεὸς
845 4345 925 4420 ἦν
959 4351 992 4402 ό
1020 4349 1229 4418 Λόγος,
1265 4347 1353 4399 ἵνα
1381 4344 1530 4417 δείξῃ
1562 4342 1616 4396 εῐ
1643 4361 1697 4396 τι

106 4466 125 4492 ι
175 4443 372 4520 καινὸν
397 4444 491 4498 καὶ
529 4441 790 4517 νεώτερον
818 4441 1008 4511 ὄνομα,
1039 4439 1181 4493 τοῦτ’
1220 4438 1328 4492 ἀπὸ
1361 4437 1458 4507 τῆς
1507 4435 1699 4506 καινῆς

105 4559 126 4592 ι
177 4537 334 4608 αὑτῷ
381 4537 477 4590 καὶ
514 4535 642 4600 νέας
671 4533 879 4606 ὑπῆρξε
912 4531 1054 4588 κατὰ
1099 4532 1277 4602 σάρκα
1318 4528 1646 4598 οἰκονομίας.
1674 4545 1692 4578 ι

102 4634 218 4686 Καὶ
252 4619 396 4700 ἑξῆς⁵
433 4628 705 4698 ἐπιλέγει⁸
748 4645 766 4677 ι
795 4611 1025 4688 Οὐκοῦν,
1071 4621 1176 4694 πρὸ
1223 4621 1322 4691 μὲν
1364 4617 1458 4672 τοῦ
1507 4616 1700 4670 κατελ-

107 4747 126 4778 ι
177 4707 446 4779 θεῖνὴκαὶ
496 4721 584 4775 διὰ
628 4720 727 4804 ﬁt;
765 4717 1040 4791 Παρθένου
1083 4714 1373 4786 τεχθῆναι,
1421 4712 1592 4779 Λόγος
1629 4705 1698 4780 ἦν

94 4841 111 4868 ι
180 4819 370 4893 μόνον.
409 4816 585 4879 Ἐπεὶ,
614 4813 668 4865 τί
697 4812 810 4884 (71)
845 4812 1031 4882 ἓτερον
1061 4804 1152 4880 ἦν,
1187 4807 1292 4877 πρὸ
1323 4805 1417 4858 τοῦ
1463 4805 1562 4875 τὴν
1601 4804 1696 4856 ἀν-

95 4934 111 4962 ι
176 4909 469 4981 θρωπίνην
493 4907 781 4964 ἀναλαϐεῖν
808 4906 987 4976 σάρκα
1017 4901 1079 4954 τὸ
1116 4899 1372 4953 κατελθὸν
1403 4897 1490 4950 ἐπ’
1531 4894 1696 4966 ὲσχά-

95 5029 111 5056 ι
174 5022 297 5059 των
323 5001 432 5055 τῶν
473 4999 732 5074 ήμερῷν;
889 4996 982 5049 καὶ
1016 4992 1179 5055 αὐτὸς
1222 4989 1448 5061 ἔγραφε.
1497 4987 1606 5040 Καὶ
1637 4987 1698 5039 τὸ

95 5119 111 5146 ι
172 5093 444 5166 γεννηθὲν
471 5071 537 5146 ὲκ
584 5071 683 5162 τῆς
728 5071 887 5158 ἁγίας
920 5086 1218 5159 Παρθένου,
1259 5084 1410 5136 οὐδὲν
1441 5082 1627 5153 ἕτερον
1661 5081 1694 5150 ἢ

96 5213 113 5241 ι
179 5189 426 5256 Λόγος.»
478 5184 590 5238 Καὶ
635 5183 797 5237 πάλιν
847 5179 1130 5251 ἐπιφέρειο
1187 5197 1204 5228 ι
1240 5175 1510 5246 Πρότερον
1565 5174 1694 5246 γὰρ,

1807 3998 1825 4030 ι
1869 3979 2243 4033 sanctissimus
2284 3977 2613 4047 evangelista
2669 3986 2724 4031 et
2785 3974 3082 4045 discipulus
3132 3973 3378 4038 Domini,

1811 4087 1831 4121 ι
1876 4068 2028 4124 valde
2053 4070 2270 4140 quidem
2298 4069 2385 4123 ille
2409 4070 2600 4139 spiritu
2630 4068 2890 4140 vigilans,
2921 4068 3011 4122 ubi
3038 4066 3205 4130 illius,
3233 4064 3380 4135 quod

1811 4183 1829 4215 ι
1866 4174 1985 4219 erat
2007 4163 2075 4217 ab
2103 4163 2249 4219 omni
2282 4173 2430 4217 retro
2463 4163 2768 4217 aeternitate
2804 4161 3060 4230 principii
3103 4159 3376 4223 meminit,

1809 4275 1828 4306 ι
1875 4270 1973 4308 nec
2001 4254 2226 4310 inferius
2253 4255 2618 4320 descendens,
2650 4253 2718 4308 In
2751 4253 3032 4324 principio,
3068 4253 3227 4316 dixit,
3265 4259 3378 4304 erat

1808 4365 1826 4397 ι
1877 4343 2140 4400 Verbum:
2171 4355 2220 4399 et
2272 4344 2493 4400 Verbum
2556 4355 2668 4399 erat
2706 4344 2847 4413 apud
2889 4344 3102 4397 Deum:
3139 4353 3186 4397 et
3237 4341 3375 4395 Deus

1807 4458 1824 4489 ι
1861 4447 1971 4492 erat
2019 4436 2154 4491 illud
2205 4437 2434 4496 Verbum
2450 4437 2520 4502 ⁷⁸,
2574 4448 2632 4491 ut
2661 4438 2740 4492 sic
2778 4435 3116 4498 ostenderet,
3153 4434 3202 4488 si
3228 4433 3374 4502 quod

1808 4549 1824 4581 ι
1867 4530 2011 4584 aliud
2039 4531 2104 4585 de
2127 4544 2265 4585 novo
2287 4541 2343 4585 et
2365 4529 2624 4585 novitium
2655 4528 2730 4582 illi
2765 4527 3126 4596 adaptabatur
3152 4539 3373 4590 nomen,

1807 4641 1825 4672 ι
1870 4622 1995 4676 illud
2021 4621 2070 4677 ei
2104 4621 2420 4686 accessisse,
2455 4636 2483 4674 a
2517 4635 2652 4673 nova
2685 4618 2773 4671 illa
2803 4632 2898 4672 sua
2931 4613 3226 4670 secundum
3251 4629 3376 4669 car-

1807 4733 1824 4766 ι
1869 4729 1988 4768 nem
2014 4713 2436 4784 dispensatione.
2487 4730 2514 4764 »μ
2542 4709 2750 4776 Quibus
2776 4706 3027 4776 adiunxit
3054 4707 3107 4760 in
3141 4720 3376 4775 sequen-

1801 4807 1981 4861 tibus:
2019 4825 2038 4858 ι
2075 4807 2344 4873 Quocirca
2371 4804 2684 4878 priusquam
2709 4801 2814 4855 huc
2842 4799 2910 4853 ad
2949 4814 3048 4854 nos
3076 4799 3371 4854 descende-

1808 4917 1826 4950 ι
1870 4906 1971 4964 ret,
2005 4908 2059 4954 et
2103 4900 2169 4953 de
2220 4898 2436 4968 Virgine
2477 4903 2810 4960 nasceretur,
2841 4891 3070 4948 Verbum
3105 4906 3205 4946 nec
3239 4905 3376 4960 prat-

1803 5011 1824 5044 ι
1866 5005 2007 5046 terea
2040 4992 2328 5061 quidquam
2354 4991 2473 5046 fuit.
2499 4989 2633 5044 Nam
2661 4989 2787 5060 quid
2825 4995 2942 5041 erat
2964 4984 3138 5049 aliud,
3165 4997 3376 5052 quaeso,

1805 5104 1822 5135 ι
1869 5085 2176 5153 priusquam
2215 5084 2501 5136 humanam
2550 5091 2850 5136 assumeret
2883 5091 3124 5139 carnem,
3152 5076 3202 5129 id
3232 5073 3379 5143 quod

1805 5196 1824 5228 ‹
1867 5177 2141 5231 descendit
2170 5176 2222 5228 in
2247 5175 2554 5230 novissimis
2586 5173 2811 5229 diebus?
2837 5170 2976 5242 quod
3011 5178 3065 5222 et
3100 5167 3272 5230 ipsum
3309 5165 3379 5220 ab

96 5298 114 5330 ι
174 5278 379 5346 ὥσπερ
423 5273 681 5336 πολλάκις
713 5272 871 5343 ἔφην,
897 5270 1047 5324 οὐδὲν
1076 5269 1260 5339 ἕτερον
1290 5263 1359 5339 ἦν
1392 5265 1427 5336 ἢ
1456 5265 1645 5334 Λόγος.
1671 5283 1690 5316 ι

1814 5286 1826 5320 ι
1865 5283 1931 5324 eo
1964 5268 2221 5337 scriptum
2246 5264 2563 5321 allirmatur.
2592 5266 2898 5329 Enimvero,
2928 5258 3068 5331 quod
3092 5259 3159 5314 de
3189 5265 3378 5311 sancta

187 5425 253 5484 >14
297 5417 395 5502 Ed.
421 5416 763 5486 Parjsqpag.
787 5413 873 5470 8|.
924 5413 968 5458 ⁷7
1003 5411 1140 5480 (ἒβη,
1177 5428 1219 5478 t,
1251 5407 1342 5462 26.
1416 5405 1462 5438 ⁷⁸
1489 5403 1647 5461 Joan.
1673 5420 1712 5471 ι,
1747 5405 1798 5460 l.

1873 5576 1985 5644 (69)
2011 5575 2179 5641 Vulgo
2210 5575 2305 5628 ὢν.

1875 5633 1986 5716 (70)
2013 5633 2142 5701 Post
2166 5650 2217 5699 b.
2254 5662 2301 5697 v.
2335 5643 2399 5697 Il.
2425 5643 2682 5714 ὀνόματος
2699 5639 2942 5712 ἐμνήσθη
2961 5637 3040 5692 vel
3057 5635 3231 5692 simile
3248 5633 3382 5708 quid

1803 5718 2069 5773 excidisse
2097 5717 2286 5770 credit.

1873 5789 1984 5860 (7i)
2010 5787 2180 5860 Vulgo
2208 5782 2273 5859 ἦν
2304 5785 2520 5857 ἕτεροις
2554 5799 2676 5842 mox
2717 5780 2871 5852 vulgo
2901 5776 3126 5850 ἔγραψε.

181 5582 308 5655 (67-)
341 5581 627 5655 ,Καιὴΐίὸν
647 5577 1036 5655 memorie.
1088 5573 1260 5655 Patet_
1299 5572 1583 5655 legendum
1610 5572 1700 5654 (ex

112 5639 437 5711 coililfdedi
465 5639 686 5722 Πατέρᾷ
716 5639 848 5722 Υἰοῦ
881 5649 973 5722 τοῦ
997 5639 1118 5718 μον.
1155 5654 1204 5699 et
1229 5639 1400 5722 delevi
1443 5657 1567 5722 mox
1590 5639 1699 5695 τῶν

116 5736 247 5779 ante
282 5712 518 5789 aicbvwv)
545 5712 765 5791 Πατέρα
792 5719 923 5791 Υἱοῦ
979 5712 1319 5791 μονογενοῦςτ
1366 5712 1557 5791 Statim
1589 5728 1702 5791 _I_'e-

113 5776 322 5854 ἑξὲίίη,
356 5795 442 5846 ὅδε
469 5776 574 5846 iam
601 5776 774 5859 τούτῳ
803 5789 906 5859 [sic
936 5776 993 5846 ei
1015 5776 1196 5857 ροαὶιη
1233 5776 1396 5855 vulgo
1415 5776 1561 5839 ὦδεῖ.
1589 5782 1660 5836 M.

187 5865 308 5937 (68)
342 5863 506 5935 Vulgo
539 5864 654 5918 ἐστὶ
679 5861 856 5933 δῆλον.
