3838 6222
453 340 560 398 863

1125 336 1395 396 EUSEBII
1434 338 1918 397 CESARIENSIS
1954 340 2107 397 OPP.
2148 341 2330 398 PARS
2365 341 2454 398 IV.
2497 375 2566 386 —
2602 344 3023 403 DOGMATICA.
3622 345 3707 400 εει

398 517 400 520 ,
461 479 479 511 ι
522 457 742 528 Virgine
774 457 1126 520 nascebatur.
1170 458 1302 513 nihil
1337 458 1438 513 nisi
1480 459 1714 514 Verbum
1745 471 1882 516 erat.
1927 480 1945 512 ι
1978 461 2042 516 Ει

2174 462 2255 516 Lai.
2283 463 2636 535 προστίθησιν
2662 460 2818 528 αὖθις
2846 464 3072 533 φάσκων
3090 481 3103 494 °
3141 483 3159 516 ι
3193 464 3252 518 '0
3286 463 3386 534 μὲν
3415 461 3534 532 γὰρ
3558 461 3710 527 Λόγος

454 545 726 604 subinfert
742 548 918 604 denuo
939 547 1032 620 [Β.
1061 546 1222 603 XLIII
1239 548 1363 605 coll.
1389 565 1443 619 p.
1466 550 1559 612 55,
1579 549 1638 603 D.
1660 549 1729 604 R‘.
1762 548 2029 623 XXXVIJ

458 662 475 692 ι
526 641 686 696 Prius
717 642 888 707 enim,
921 644 996 697 uti
1029 644 1230 697 dictum
1259 651 1343 698 est
1373 658 1535 712 smpe,
1579 643 1711 697 nihil
1762 644 1865 699 nisi
1902 643 2035 699 Ver-

457 751 474 780 ‹
521 732 865 786 buml'uerat.
908 751 927 785 ι
977 733 1058 787 Ad
1103 748 1222 803 quae
1265 733 1518 801 deinceps
1567 733 1831 787 accedunt
1885 734 2030 788 ista:

456 843 474 872 ι
521 823 758 879 Verbum
785 824 999 893 quidem
1034 825 1084 879 in
1127 825 1394 896 principio
1433 834 1570 888 erat.
1598 825 1731 880 nihil
1768 826 2035 881 exsistens

459 935 476 962 ε
521 915 692 981 aliud,
719 931 881 985 quam
907 915 1166 972 Verbum.
1203 917 1378 974 Verbo
1407 918 1748 973 autem’huic
1779 919 2034 974 adunitus

459 1026 476 1054 ι
526 1007 710 1070 homo,
741 1022 862 1061 cum
888 1008 1036 1077 prius
1053 1023 1156 1062 non
1176 1017 1350 1075 esset,
1379 1010 1540 1064 homo
1562 1008 1742 1074 ﬁebat,
1770 1009 1910 1079 quod
1936 1024 2035 1064 nos

457 1118 473 1148 ‹
527 1097 710 1153 docuit
751 1096 1028 1154 Joannes:
1065 1099 1135 1154 Et
1183 1099 1406 1156 Verbum
1454 1116 1580 1154 caro
1626 1104 1824 1170 factum
1856 1110 1933 1155 est
1964 1102 2034 1165 τ’.

460 1209 478 1239 ι
521 1197 580 1244 ut
623 1190 790 1246 solius
836 1189 998 1246 Verbi
1036 1192 1287 1248 videatur
1323 1195 1391 1248 ob
1444 1194 1549 1248 hoc
1600 1194 1772 1263 ipsum
1837 1192 2038 1250 fecisse

461 1301 480 1329 ι
525 1283 876 1338 mentionem.
923 1282 1057 1338 Nam
1106 1285 1220 1339 sive
1253 1284 1477 1349 Christi,
1509 1300 1604 1340 seu
1635 1284 1870 1340 nominis
1906 1282 2035 1341 Jesu

460 1396 478 1425 ι
526 1377 871 1432 meminerint
900 1391 1072 1432 sacrm
1089 1377 1328 1442 Litterae,
1357 1377 1606 1432 videntur
1625 1378 1711 1432 his
1729 1377 2037 1432 nominibus

463 1486 480 1518 ι
518 1467 845 1538 compellare
867 1466 1106 1522 Verbum
1150 1468 1280 1523 illud
1324 1468 1441 1533 Dei,
1485 1473 1543 1532 .14
1584 1478 1707 1538 post
1730 1479 2035 1536 susceptam

463 1578 479 1606 ε
523 1573 766 1616 carnem.
830 1558 984 1626 Quod
1027 1559 1070 1612 si
1130 1559 1256 1630 quis
1306 1560 1575 1630 receperit
1603 1574 1660 1615 se
1692 1569 2036 1616 ostensurum

463 1671 479 1699 ι
526 1663 717 1705 nomen
751 1649 972 1718 Christi,
1004 1649 1164 1712 Filii,
1196 1660 1322 1705 ante
1355 1650 1492 1704 Novi
1520 1650 1860 1706 Testamenti
1899 1659 2038 1704 tem-

463 1761 480 1790 ς
523 1757 652 1810 pora
673 1752 1015 1811 usurpatum,
1042 1752 1096 1797 et
1117 1740 1288 1798 Verbo
1312 1742 1629 1811 ascriptum,
1650 1741 1696 1796 is
1717 1740 1855 1797 sciat
1874 1754 2036 1810 opor-

2139 569 2158 606 ι
2205 556 2264 607 ὲν
2311 555 2453 626 ἀρχῇ
2491 551 2580 627 ἦν,
2620 557 2785 629 μηδὲν
2831 557 3017 628 ἕτερον
3060 556 3136 610 ὣν
3180 557 3214 627 ἢ
3256 555 3453 624 Λόγος⁶
3483 555 3517 608 ὁ
3552 553 3612 606 δὲ

2139 665 2158 697 ι
2204 646 2362 718 Λόγῳ
2398 647 2619 712 ὲνωθεὶς
2667 647 2976 720 ἅνθρωπος,
3019 649 3120 702 οὑκ
3151 649 3227 702 ὢν
3265 649 3542 719 πρότερον
3577 643 3722 712 γέγεν

2139 757 2159 790 σ
2206 756 2294 792 νεν
2340 739 2644 811 ἄνθρωπος,
2674 740 2751 804 ὡς
2792 740 3032 795 διδάσκει
3080 741 3226 812 ἡμᾶς
3276 739 3389 811 (τε)
3428 738 3721 806 Ἰωάννης·

2142 847 2161 880 ι
2208 829 2384 884 Καὶό
2431 833 2625 900 Λόγος
2671 829 2830 899 σὰρξ
2879 829 3135 900 ἐγένετο.
3190 826 3291 881 Διά
3336 826 3502 879 τοῦτο
3551 824 3728 876 τοίνυν

2141 941 2160 973 ι
2207 921 2300 975 τοῦ
2333 923 2506 990 Λόγου
2537 921 2898 994 μνημονεύων
2940 922 3186 991 φαίνεται
3233 920 3413 991 μόνον.
3448 920 3584 971 Εἴτε
3626 915 3731 985 γὰρ

2142 1033 2162 1067 ι
2221 1016 2416 1086 Ἰησοῦ,
2455 1015 2565 1068 εἴτε
2598 1014 2833 1086 Χριστοῦ
2865 1015 3125 1085 ὀνόματος
3167 1012 3499 1085 μνημονεύοι
3540 1011 3579 1079 ἡ
3615 1008 3734 1060 θεία

2141 1123 2161 1157 ⁸
2209 1104 2418 1176 Γραφῆν
2445 1104 2534 1158 τδν
2570 1104 2707 1175 μετὰ
2735 1105 2835 1174 τῆς
2858 1103 3202 1176 ἀνθρωπίνης
3239 1101 3370 1157 ὄντα
3399 1097 3619 1171 σαρκὸς
3640 1094 3737 1149 τοῦ

2145 1217 2164 1250 ι
2211 1197 2347 1250 Θεοῦ
2381 1199 2552 1266 Λόγον
2577 1196 2867 1268 ὀνομάζειν
2907 1197 3176 1267 φαίνεται.
3208 1196 3273 1248 Ei
3294 1194 3350 1247 δέ
3384 1210 3478 1255 τις.
3499 1190 3608 1244 καὶ
3630 1189 3740 1260 τρὶ

2143 1309 2162 1341 ι
2207 1290 2307 1360 τῆς
2339 1289 2483 1352 Νέας
2505 1287 2798 1358 Διαθήκης,
2820 1287 2928 1358 (7'5)
2959 1286 3052 1340 τοῦ
3083 1284 3342 1356 Χριστοῦ,
3370 1281 3508 1336 Υίοῦ
3539 1281 3741 1350 ὄνομα,

2143 1401 2162 1434 ι
2211 1381 2320 1448 (74)
2346 1379 2422 1451 τῷ
2456 1381 2613 1451 Λόγῳ
2645 1381 2790 1451 μόνῳ
2833 1379 3104 1432 δεικνύναι
3141 1375 3399 1431 δύνασθαι
3450 1371 3743 1441 ὲπαγγῦ-

2143 1493 2163 1524 ι
2207 1473 2370 1536 λοιτο,
2397 1471 2619 1542 εὑρήσει
2649 1471 2808 1524 τοῦτο
2836 1468 3187 1542 προφητικῶς
3222 1466 3538 1538 εἰρημένον.
3569 1483 3590 1516 ι
3631 1465 3750 1517 Kal.

2143 1564 2261 1635 μεθ’
2303 1563 2466 1634 ἔτερα
2514 1564 2711 1633 ἐπάγει
2753 1562 2963 1632 λέγων’
3013 1579 3031 1610 ι
3063 1559 3301 1622 Εἰκότως
3342 1554 3438 1610 οὑν
3481 1555 3602 1626 πρὸ
3644 1554 3750 1623 τῆς

2146 1675 2165 1708 ι
2209 1655 2436 1709 καθόδου
2479 1655 2640 1710 τοῦτο
2706 1650 2797 1727 ἦν,
2856 1656 2991 1727 ὅπερ
3039 1652 3297 1714 πολλάκις
3343 1649 3586 1720 ἔφαμεν,
3630 1647 3751 1716 (ῒὸ)

2148 1767 2167 1798 ι
2201 1747 2416 1816 Λόγος·
2449 1747 2588 1818 μετά
2628 1749 2685 1802 δὲ
2717 1747 2815 1819 τὴν
2846 1747 3089 1811 κάθοδον,
3119 1745 3214 1798 καὶ
3253 1744 3348 1816 τὴν
3390 1744 3492 1814 τῆς
3536 1741 3756 1812 σαρκὸς

468 1851 485 1882 ι
532 1842 628 1898 tet,
667 1833 783 1888 haec
827 1833 1010 1888 omnia
1046 1833 1364 1904 prophetice
1419 1832 1495 1886 ita
1531 1831 1696 1887 dicta.
1736 1850 1756 1885 ι
1810 1831 1879 1886 Ει
1919 1838 2042 1901 post

2217 1815 2484 1910 ἀνάληψιν
2545 1815 2817 1911 διαφόρων
2883 1839 2977 1892 καὶ
3040 1838 3150 1891 τῶν
3204 1834 3521 1906 ὲπηγοριῶν
3559 1831 3752 1906 ,τετύ-

459 1933 655 1979 caetera
691 1923 960 1980 subinfert
997 1923 1249 1994 inquiens
1275 1941 1292 1976 ι
1328 1941 1348 1976 ι
1387 1923 1506 1980 Non
1539 1923 1810 1980 immerito
1839 1923 2036 1994 igitur,

467 2035 484 2063 ο
533 2015 638 2078 iam
688 2031 831 2087 saepe
875 2009 1138 2081 diximus,
1177 2025 1304 2071 ante
1349 2031 1506 2072 suum
1546 2017 1866 2072 descensum
1923 2025 2042 2072 erat

2154 1949 2174 1982 ι
2219 1947 2373 2002 χηκε.
2404 1950 2422 1983 ι
2465 1931 2653 1985 Ταῦτα
2698 1932 2797 2004 μὲν
2825 1929 2938 1995 οὑν,
2963 1932 3030 1985 δι’
3065 1924 3139 1984 ὧν
3164 1927 3486 2000 Μάρκελλος
3520 1925 3757 1978 eum-

2146 2041 2259 2087 ται,
2298 2023 2388 2076 τὸν
2427 2024 2525 2095 μὲν
2555 2025 2682 2078 Υἱδν
2709 2024 2802 2077 τοῦ
2839 2023 2974 2077 Θεοῦ
3001 2023 3096 2077 τὸν
3130 2022 3279 2085 ὄντα,
3310 2020 3406 2073 καὶ
3432 2018 3624 2083 ζῶντα
3655 2018 3758 2070 καὶ

465 2129 481 2157 ι
525 2105 759 2161 Verbum
786 2125 800 2160 :
831 2117 954 2178 post
985 2107 1306 2162 descensum
1329 2115 1385 2162 et
1409 2109 1589 2163 carnis
1610 2107 2033 2176 assumptionem

2174 2113 2353 2184 11106);
2381 2113 2506 2168 Υίὸν
2538 2115 2666 2169 ὄντα
2691 2114 3044 2188 ἀρνούμενος,
3089 2113 3261 2182 Λόγον
3298 2111 3355 2164 δὲ
3390 2109 3554 2181 ψιλὸν
3592 2107 3757 2160 εἰσά-

465 2222 484 2254 ι
525 2204 704 2258 varias
746 2203 941 2258 exinde
986 2201 1376 2272 appellationes
1417 2202 1674 2257 obtinuit.
1735 2221 1754 2255 ι
1795 2201 1862 2256 Et
1921 2201 2036 2256 haec

2174 2224 2272 2259 ων.
2311 2191 2591 2262 Δέδεικται
2624 2207 2681 2262 δὲ
2712 2207 2801 2261 διά
2831 2205 2939 2259 τῶν
2983 2203 3290 2276 ἔμπροσθεν
3318 2197 3758 2272 παρατεθεισῶν

459 2303 588 2348 sunt
615 2294 832 2364 quidem
871 2291 982 2355 illa,
1037 2292 1236 2362 quibus
1263 2291 1700 2355 demonstratur,
1723 2289 2033 2345 Marcellum

2174 2300 2305 2353 κὺτοῦ
2337 2301 2529 2370 φωνῶν
2567 2301 2662 2353 καὶ
2688 2301 2868 2354 ὁποῖον
2898 2300 3059 2354 αὑτὸν
3091 2295 3229 2350 εἷναι
3252 2295 3422 2364 Λόγον
3452 2290 3760 2346 ὑπετίθετο

460 2385 857 2453 deprehensum
879 2382 1080 2438 Filium
1109 2383 1201 2437 Dei
1220 2381 1366 2436 illum
1396 2382 1664 2437 viventem
1703 2395 1832 2436 vere
1854 2390 1908 2436 et
1937 2396 2035 2436 ex-

462 2482 743 2536 sistentem
785 2493 914 2535 vere
947 2479 1246 2549 abnegasse
1275 2495 1289 2530 :
1327 2487 1382 2534 et
1413 2477 1613 2532 nudum
1655 2487 1864 2534 tantum
1898 2477 2034 2533 Ver-

460 2571 919 2642 bumimaginari.
954 2569 1062 2625 Sed
1087 2579 1144 2625 et
1173 2571 1393 2640 insuper
1426 2579 1669 2641 apparet,
1706 2585 1774 2624 ex
1809 2572 1876 2626 iis
1915 2586 2036 2640 qum

459 2662 515 2717 in
545 2662 977 2733 praecedentibus
1005 2661 1072 2716 de
1113 2660 1283 2731 ipsius
1325 2659 1464 2716 libro
1508 2661 1682 2732 posita
1734 2669 1884 2727 sunt,
1945 2677 2038 2716 cu-

455 2750 698 2822 iusmodi
729 2752 880 2806 illum
905 2753 1142 2807 Verbum
1171 2765 1292 2807 esse
1320 2751 1663 2822 opinabatur,
1691 2767 1814 2806 cum
1845 2766 2037 2807 exem-

461 2841 554 2914 plo
578 2844 645 2898 de
670 2843 907 2899 humano
935 2842 1103 2897 verbo
1129 2852 1392 2897 uteretur.
1443 2841 1620 2898 Unum
1648 2856 1841 2912 nempe
1865 2843 2038 2898 idem—

2145 2393 2553 2464 παραδείγματι
2585 2393 2864 2465 χρώμενος
2901 2391 2979 2463 τῷ
3012 2390 3339 2462 ἀνθρωπείῳ
3380 2388 3555 2455 λόγῳ,
3586 2386 3650 2437 ’ἐν
3699 2400 3758 2435 τε

2144 2485 2240 2536 καὶ
2271 2485 2467 2539 ταὺτδν
2496 2481 2636 2538 εἶναι
2667 2486 2841 2554 λέγων
2875 2483 3038 2538 αὑτὸν
3077 2483 3156 2553 τῷ
3188 2479 3328 2551 Θεῷ.
3355 2479 3470 2532 Καὶ
3501 2477 3574 2546 δὴ
3617 2473 3763 2528 ταύο

2143 2594 2244 2649 την
2288 2577 2461 2650 ἀρχὴν
2513 2578 2995 2649 ὑποστησάμενος,
3053 2574 3360 2637 ἀκολούθως
3401 2574 3465 2624 ἐκ
3498 2569 3610 2638 τῆς
3665 2567 3760 2620 δο-

2145 2666 2332 2738 θείσης
2360 2666 2508 2738 αὑτῷ
2557 2668 2908 2730 ὑποστάσεως
2951 2666 3042 2718 ἐπὶ
3087 2664 3150 2717 τὸ
3181 2658 3623 2730 καταψεύδεσθαι
3655 2657 3762 2725 τῆς

2145 2757 2505 2814 θεοπνεύστου
2535 2761 2757 2832 Γραφῆς
2792 2757 3149 2830 διαστρόφους
3176 2773 3237 2808 τε
3271 2753 3442 2823 αὑτῆς
3471 2747 3762 2805 ποιεῖσθαι

2142 2850 2244 2915 τὰς
2269 2853 2584 2925 ἑρμηνείας.

461 2952 571 3006 que
617 2936 763 2991 illum
818 2951 940 2992 cum
988 2936 1097 2990 Deo
1147 2951 1267 2991 esse
1317 2944 1583 2991 statuens.
1638 2934 1750 2991 Hoc
1781 2940 1848 2990 ad
1903 2937 2048 2996 hunc
2122 2945 2346 3000 modum
2413 2949 2710 3003 constituto
2738 2945 3010 3016 principio
3053 2951 3452 3011 consequenter
3482 2937 3555 2991 ad
3603 2935 3757 2990 hanc

462 3045 616 3086 suam
669 3029 1123 3098 suppositionem,
1180 3029 1355 3096 pergit
1400 3029 1465 3084 ad
1536 3028 1879 3085 mendacium
1933 3030 2229 3103 Scriptura:
2294 3037 2723 3110 impingendum,
2795 3047 2851 3094 et
2894 3037 2960 3092 ad
3013 3035 3162 3090 illam
3230 3027 3756 3100 interpretandam,

465 3124 733 3178 detortum
756 3122 811 3177 in
850 3123 1174 3178 sententiam
1204 3139 1377 3178 suam.

1095 3215 1246 3272 CAP.
1289 3217 1430 3272 XIX.

465 3309 622 3383 Quod
647 3327 814 3383 sacra:
831 3309 1143 3383 θεέ-ἔρευναν,
1169 3327 1272 3364 non
1297 3310 1660 3383 tantummodo
1692 3309 1921 3365 Verbum
1951 3331 2050 3383 ap-

534 3382 722 3450 pellent
755 3381 849 3435 Dei
883 3379 1103 3443 Filium,
1135 3383 1225 3434 sed
1261 3382 1516 3434 sexcentis
1551 3381 1670 3435 aliis
1699 3383 1918 3438 diversis
1959 3379 2054 3438 no-

536 3453 788 3517 minibus,
815 3453 977 3511 etiam
1003 3461 1124 3504 ante
1149 3451 1569 3504 incarnationem
1591 3468 1766 3507 suam.

543 3541 618 3597 De
641 3543 838 3610 quibus
860 3544 1104 3612 quidem,
1125 3541 1171 3596 si
1196 3541 1248 3596 in
1284 3542 1557 3612 praesenti,
1584 3543 1858 3614 paulisper
1883 3545 2052 3616 dispi-

470 3641 703 3701 ciamus,
740 3651 852 3690 non
895 3635 1129 3690 absurde
1155 3634 1398 3689 facturos
1420 3633 1768 3700 arbitramur,
1798 3645 1857 3691 ut
1881 3637 2051 3706 ignari

469 3729 664 3782 harum
695 3743 876 3781 rerum
913 3726 1240 3796 intelligant,
1281 3726 1484 3781 nullam
1522 3725 1683 3798 plane
1713 3727 2051 3798 Scripturam

472 3820 622 3875 illius
658 3820 844 3875 favere
881 3819 1146 3889 Opinioni,
1174 3817 1266 3888 qui
1305 3817 1536 3874 novitati
1581 3819 1807 3873 studens
1841 3834 1872 3872 a
1907 3827 2053 3873 recta

471 3913 580 3966 ﬁde
619 3911 896 3967 aberravit
921 3927 931 3961 :
961 3910 1072 3965 imo
1095 3909 1255 3980 plane
1285 3909 1620 3964 contrarium
1660 3909 2056 3979 proloquantur

473 4018 665 4059 omnes
681 4020 693 4055 :
711 4002 1078 4058 etocclamant
1092 4000 1210 4058 suis
1224 3999 1549 4056 testimoniis
1567 4011 1752 4056 contra
1771 4015 2055 4071 perversas

472 4095 646 4166 ipsius
685 4093 1046 4148 narrationes.
1079 4092 1312 4148 Omnino
1341 4101 1521 4146 autem
1553 4107 1774 4146 necesse
1793 4090 2054 4146 fuitistud

478 4182 721 4256 aggredi,
752 4192 1038 4251 propterea
1081 4182 1224 4252 quod
1255 4191 1404 4247 sunt,
1432 4181 1522 4250 qui
1557 4181 1862 4248 suspiciunt
1891 4181 2053 4235 istum

475 4275 776 4343 hominem,
825 4291 893 4329 ne
943 4274 1065 4344 quis
1129 4272 1366 4327 fortasse
1419 4271 1488 4326 de
1517 4271 1732 4326 illorum
1806 4286 2054 4336 numero,

476 4383 573 4439 per
632 4381 910 4422 sacrarum
999 4364 1328 4420 Litterarum
1409 4363 1794 4435 ignorantiam,
1867 4363 2056 4418 existi-

475 4469 590 4515 met
627 4459 793 4516 l'erire
827 4460 974 4514 illum
994 4472 1214 4527 scopum
1255 4455 1521 4510 veritatis.
1563 4455 1741 4532 Atque
1769 4453 1901 4508 illud
1931 4465 2057 4509 ante

475 4553 584 4609 alia
618 4553 672 4607 in
707 4553 1066 4622 quaestionem
1097 4563 1377 4613 vocemus,
1419 4547 1562 4618 quod
1592 4543 1862 4601 aﬂirmare
1892 4563 2056 4603 ausus

476 4655 581 4710 cst,
615 4645 813 4700 Filium
848 4645 935 4700 Dei
961 4643 1105 4698 nullo
1128 4642 1236 4697 alio
1268 4641 1508 4705 nomine,
1544 4639 1648 4695 nisi
1677 4640 1841 4696 Verbi
1869 4651 2054 4696 notum

479 4735 860 4807 appellatione,
925 4734 1240 4805 priusquam
1304 4733 1370 4788 de
1422 4731 1649 4801 Virgine
1705 4741 2047 4787 nasceretur.

477 4821 644 4893 quue
670 4824 740 4879 ob
776 4838 896 4878 eam
921 4837 1143 4877 causam
1170 4821 1315 4892 quod
1343 4831 1472 4876 ante
1494 4821 1838 4892 praesentiam
1869 4822 2050 4876 incar-

476 4915 718 4971 nationis
748 4913 882 4971 nihil
907 4914 1050 4968 aliud
1097 4921 1155 4980 ›Ῑ‹
1205 4895 1366 4983 quam
1408 4914 1646 4969 Verbum
1674 4921 1795 4968 erat
1827 4931 1840 4968 :
1879 4927 2057 4981 neque

477 5008 587 5062 alio
619 5008 730 5063 ullo
794 5008 1038 5074 nomine,
1080 5007 1184 5063 nisi
1233 5006 1549 5076 prophetice
1579 5015 1887 5060 vocaretur.
1925 5004 2059 5060 Ver-

558 5133 618 5194 ὦ
653 5127 749 5186 Ed.
783 5126 979 5194 Paris.,
1011 5142 1135 5196 pag.
1177 5125 1358 5192 82,85.
1397 5125 1440 5157 7’
1470 5123 1630 5178 Joau.
1662 5139 1701 5179 ι.
1724 5123 1814 5177 M.

557 5268 672 5341 (72)
715 5267 886 5337 Vulgo
914 5269 959 5341 ὀί
980 5268 1154 5321 Ἰωάν.
1186 5265 1252 5321 Β.
1287 5265 1509 5319 alterum
1533 5263 1818 5335 ἄνθρωπος
1839 5262 1979 5318 delet
2012 5276 2042 5316 e

2174 5262 2385 5341 legend.
2446 5263 2765 5341 ὑπόστασιν,
2804 5262 2907 5341 ,ηερ

485 5340 608 5393 mox
649 5340 1003 5411 povoviscrih.

488 5400 839 5541 1"(733)1“1‘013
889 5406 1172 5478 Χριστοῦ,
1227 5405 1335 5461 τοῦ
1376 5405 1539 5460 Υἱοῦ.
1607 5402 1845 5475 Legeud.
1892 5403 1926 5472 ἢ
1967 5400 2062 5456 τοῦ

544 5495 644 5533 ζου.
733 5519 744 5531 .

543 5479 644 5533 ἰοῦ.
678 5480 744 5531 Μ.

563 5550 674 5620 (74)
709 5548 800 5615 Τῷ
835 5550 995 5620 λόγῳ
1037 5548 1223 5620 μόνῳ.
1284 5543 1530 5620 Obscure
1560 5585 1574 5610 ,
1633 5553 1688 5599 et
1747 5541 2062 5620 imperfecte

492 5613 806 5690 llltltl,:QIlDtl
839 5613 1090 5690 τιῖίλόγῖρ
1123 5618 1287 5689 μόνῳ.
1326 5619 1465 5671 idem
1495 5628 1610 5680 est,
1642 5630 1705 5690 ac
1739 5615 1784 5669 si
1828 5613 2059 5690 diceret,

489 5689 571 5759 τῷ
611 5683 754 5760 λόγῳ
785 5683 944 5760 μονον
1003 5683 1161 5760 avet;
1203 5683 1373 5760 deest
1400 5696 1584 5760 autem
1610 5755 1620 5760 _
1647 5683 2061 5760 διαφερόμενον,

493 5754 938 5830 προστιθέμενον,
972 5770 1064 5812 aut
1093 5759 1266 5830 simile
1288 5757 1436 5830 quid.
1470 5755 1725 5830 Δοθείσης
1755 5754 2064 5830 estnom-

496 5825 771 5896 στάσεως,⁷
799 5839 956 5884 antea
986 5828 1205 5884 utemini
1234 5826 1485 5879 ὑπόθεσιν
1517 5826 1797 5896 scriptum,
1839 5825 1925 5880 ubi
1948 5832 2065 5881 erat

2077 3226 2124 3290 C

2796 3221 2954 3273 ΚΕΦ.
2997 3218 3096 3271 ΙΘθ.

2155 3314 2435 3388 Ὅπως-αὶ
2465 3311 2611 3388 ρεῖαι
2629 3311 2858 3388 Γραφᾳί
2891 3311 2962 3364 οὐ
2981 3309 3184 3388 ιμόνρν
3204 3306 3421 3388 A‘dror‘,

2217 3376 2406 3453 μυρία
2440 3376 2688 3453 Αὲτεραξ
2716 3376 2814 3453 καὶ
2886 3376 3028 3453 apd;
3060 3376 3168 3453 ’τῆ-ς
3228 3376 3757 3442 ὲνανθρωπήσεως

2222 3448 2524 3523 ὦιῖόμαζον
2554 3448 2664 3506 τὸν
2694 3451 2831 3506 Υὶὸν
2861 3450 2966 3505 τοῦ
2999 3448 3167 3503 Θεοῦ.

2226 3545 2340 3615 (76)
2380 3538 2480 3597 Ὧν
2513 3543 2793 3615 βραχείας,
2822 3542 2914 3594 ἐπὶ
2941 3539 3032 3592 τοῦ
3069 3537 3355 3609 παρόντος,
3390 3534 3584 3597 καλῶς
3609 3534 3761 3605 ἔχειν

2154 3637 2327 3707 ὲφάνη
2356 3654 2444 3707 μοι
2472 3632 2886 3705 διασκέψασθαι,
2915 3635 3026 3696 τοῖς
3055 3649 3111 3683 τε
3137 3628 3425 3699 ἀγνοοῦσιν
3455 3626 3759 3692 ἐπιδεῖξαι,

2154 3729 2231 3793 ὡς
2273 3729 2496 3800 οὑδεμία
2543 3728 2642 3800 μὲν
2674 3726 2824 3797 αὑτῴ
2867 3723 3238 3796 νεωτερίζοντι
3271 3721 3368 3774 καὶ
3419 3721 3522 3791 τῆς
3564 3720 3763 3789 ὑγιοῦς

2157 3823 2544 3894 ὲκτρεπομένῳ
2596 3821 2831 3882 πίστεως
2881 3818 3096 3888 συνᾴδει
3161 3813 3372 3887 Γραφὴ,
3432 3812 3766 3866 τούναντίον

2157 3908 2213 3961 δὲ
2249 3911 2418 3961 πᾶσαι
2461 3907 2932 3978 ἀντιφθέγγονται,
2966 3904 3062 3959 καὶ
3107 3899 3585 3974 ἀντιμαρτυροῦσι
3634 3904 3768 3963 ταῖς

2157 4001 2256 4053 οὑκ
2291 3999 2466 4071 ὀρθῶς
2502 3998 2649 4070 αὑτῷ
2689 3997 3162 4070 παραληφθείσαις
3201 3995 3547 4065 διηγήσεσιν.
3575 3993 3766 4061 Ὅπερ

2158 4094 2322 4164 ἐχρῆν
2357 4093 2590 4164 μάλιστα
2620 4095 2731 4157 τοῖς
2775 4092 2868 4146 τὸν
2902 4090 3072 4162 ἄνδρα
3103 4087 3335 4160 τιμῶσιν
3377 4085 3760 4158 ἐνδείξασθαι,

2165 4189 2366 4258 μήποτ’
2405 4186 2516 4257 ἄρα
2540 4203 2624 4250 τις
2685 4185 2865 4239 αὑτῶν
2893 4183 3120 4256 ἀπειρίᾳ
3152 4181 3263 4235 τῶν
3306 4181 3470 4234 θείων
3513 4182 3765 4249 ἀναγνω-

2165 4281 2350 4350 μάτων
2399 4279 2686 4349 τυγχάνειν
2727 4278 2889 4332 αὑτὸν
2935 4276 3030 4330 τοῦ
3086 4277 3186 4347 τῆς
3235 4274 3497 4348 ἀληθείας
3547 4276 3760 4330 σκοποῦ

2160 4371 2450 4441 νομίσειεν.
2485 4371 2597 4424 Καὶ
2623 4371 2686 4439 δὴ
2719 4369 2906 4423 τοῦτον
2932 4368 3148 4441 πρῶτον
3172 4367 3598 4438 διασκοπητέον,
3631 4368 3664 4420 ὃ
3695 4368 3757 4438 δὴ

2161 4464 2255 4516 καὶ
2279 4463 2614 4535 τετόλμηκεν
2643 4462 3046 4534 ἀποφήνασθαι,
3075 4461 3204 4532 πρὶν
3252 4459 3516 4530 τεχθῆναι
3542 4459 3634 4513 διὰ
3661 4461 3758 4530 τῆς

2163 4550 2441 4622 Παρθένου
2470 4551 2560 4605 τὸν
2575 4552 2701 4604 Υἰὸν
2720 4550 2814 4603 τοῦ
2837 4550 2997 4614 Θεοῦ,
3026 4550 3100 4620 μὴ
3124 4549 3236 4617 (77)
3254 4547 3562 4617 κεκλῆσθαι
3585 4548 3756 4619 ἑτέρῳ

2163 4641 2446 4712 ὀνόματιῆ
2482 4641 2672 4710 Λόγον.
2707 4641 2858 4712 Μηδὲ
2907 4641 3015 4711 γὰρ
3046 4635 3182 4692 εἶναι
3221 4639 3383 4692 αὑτόν
3416 4657 3469 4692 τι
3511 4639 3623 4710 πρὸ
3661 4639 3756 4710 τῆς

2161 4732 2427 4802 ὲνσάρκου
2450 4731 2750 4804 παρουσίας
2771 4731 2802 4802 ἢ
2829 4731 3020 4799 Λόγον,
3047 4729 3170 4800 μηδ’
3187 4727 3508 4799 ὠνομάσθαι
3530 4729 3754 4799 ἑτέρως.

2161 4825 2209 4876 εἰ
2251 4824 2325 4895 μὴ
2369 4823 2478 4893 ἀρα
2517 4823 2902 4895 προφητικῶςο
2947 4823 3118 4890 Λόγον
3182 4819 3291 4890 γὰρ
3345 4815 3487 4874 εἷναί
3546 4838 3610 4874 τε
3666 4823 3755 4874 καὶ

2164 4913 2502 4984 ὠνομάσθαι,
2534 4915 2630 4967 καὶ
2672 4913 2824 4966 οὐδὲν
2869 4912 3056 4982 ἕτερον
3106 4912 3324 4980 φάσκει,
3368 4909 3510 4981 μετά
3564 4911 3623 4965 δὲ
3660 4913 3755 4982 τὴν

2168 5004 2431 5075 ενσαρκον
2465 5004 2785 5082 παρουσίαν,
2825 5003 3096 5076 διαφόρων
3144 5002 3239 5056 καὶ
3291 5001 3400 5054 τῶν
3438 5003 3754 5073 ἐπηγοριῶν

2960 5275 3062 5384 ΕΙνο
3107 5259 3483 5325 ὑποστάσεως,
3545 5256 3746 5329 legend.

2173 5331 2482 5406 ὑποθέσεως
2508 5334 2585 5406 [et
2600 5334 2688 5406 psic
2709 5331 2941 5406 _codd.]._

2242 5405 2355 5472 (75)
2375 5399 2561 5475 Vulgo
2589 5404 2618 5475 ό
2649 5403 2820 5470 Λόγος
2851 5399 3067 5475 εἰᾼίιιίιτι
3099 5399 3350 5454 ὑπέθετο.

2238 5470 2351 5542 (76)
2367 5470 2585 5542 Initium
2609 5473 2778 5541 ipsum
2802 5473 2920 5541 capi
2931 5471 3007 5542 ti_s_
3015 5473 3366 5542 depravatum
3395 5477 3501 5542 est,
3533 5470 3743 5542 legend.

2171 5537 2303 5616 περὶ
2336 5537 2433 5598 ⁷ὧν
2482 5543 2603 5616 διάμ
2816 5537 2923 5598 etc.
2957 5537 3032 5594 Μ.
3059 5537 3130 5581 4-
3163 5538 3287 5594 M0:
3323 5540 3486 5610 vulgo
3529 5541 3747 5614 οὐδεμία

2167 5611 2316 5670 αὑτῶ
2343 5631 2390 5670 ν.
2422 5624 2477 5668 et
2503 5617 2532 5667 ὁ
2561 5613 2618 5666 δὲ
2636 5611 2759 5666 καί.

2239 5667 2355 5768 (7⁸7)
2379 5667 2479 5768 DAN;
2495 5682 2828 5768 κεκλήσθω.
2842 5679 2954 5762 1Ψο
2970 5678 3285 5768 κεκλῇσθαι.
3303 5678 3582 5768 δεμ-μοι
3602 5682 3749 5753 vulgo

2171 5751 2484 5828 ὠνομάσθαι
2519 5755 2702 5826 ἕτερον
2734 5764 2789 5810 et
2814 5752 2966 5806 τοῦτο
3002 5752 3056 5804 δὲ
3083 5751 3176 5805 οὑν
3202 5767 3298 5820 πρ.
3326 5751 3572 5806 δεκτέον.
