3838 6222
71 269 184 326 865

1065 260 1153 319 DE
1187 260 1725 320 ECCLESIASTICA
1764 257 2162 318 THEOLOGIA
2201 256 2332 312 LIB.
2372 255 2416 312 l.

3225 255 3334 314 866

73 391 458 464 τετυχηκέναι.
502 388 674 443 Τοῦτο
698 387 764 458 δὴ
795 382 892 442 οὖν
921 384 1139 458 πρῶτον
1169 385 1406 452 δεκτέον,
1431 384 1658 458 ἀμαθῶς

1770 384 1892 439 bum
1918 397 2048 438 vero
2063 391 2120 438 et
2141 390 2265 438 erat
2287 391 2399 436 tum
2422 389 2476 436 et
2500 377 2800 443 dicebatur,
2825 387 2882 433 et
2905 377 3045 434 nihil
3073 378 3241 435 aliud.
3265 383 3335 435 At

75 487 176 540 καὶ
212 485 319 538 τῶν
352 483 512 536 Θείων
556 479 790 555 Γραφῶν
829 478 1297 551 ἀνεπιστημόνως,
1332 477 1492 532 αὑτὸν
1525 478 1661 532 ἀπο-

78 579 413 651 φηνάμενον.

732 836 888 891 ΚΕΦ.
930 837 1015 890 Κ’.

74 929 444 1001 Παραθέσεις
476 928 573 1001 καί
613 928 914 1001 ἑρμηνεῖαι
955 925 1188 1001 μερρκα)
1209 921 1346 1001 ,τῶν
1392 922 1512 1001 ἀπὸ
1551 923 1661 994 τῆς

147 994 313 1068 delat-
356 994 602 1069 Γραφῆς
629 994 1012 1063 ἀποδείξεων,
1030 994 1034 995 ⁷
1051 997 1121 1050 ἐν
1148 996 1314 1061 ὅλοις
1343 994 1661 1062 τριάκοντα

145 1073 518 1142 κεφαλαίοις.

145 1171 218 1218 α’.
256 1161 481 1236 Πρῶτον
529 1161 629 1232 μὲν
661 1158 770 1231 γὰρ
804 1158 966 1222 αὐτὸς
1001 1160 1028 1212 6
1066 1157 1207 1221 θεῖος
1268 1156 1662 1228 εὐαγγελιστὴς

85 1255 367 1326 Ἰωάννης,
385 1254 414 1306 6
432 1252 495 1324 δὴ
513 1252 648 1323 (77‘)
668 1251 840 1319 Λόγον
856 1250 1017 1304 αὐτὸν
1044 1249 1300 1312 ἀνειπὼν,
1319 1250 1419 1302 οὐκ
1443 1251 1521 1312 εἰς
1553 1265 1661 1314 μα-

71 1348 233 1420 κρὸν,
270 1346 387 1400 ἀλλ’
433 1343 595 1408 εὐθὺς
643 1344 738 1396 καὶ
780 1342 934 1414 παρὰ
985 1343 1120 1396 πόδα
1153 1341 1286 1396 Θεὸν
1325 1341 1485 1395 αὑτὸν
1522 1340 1659 1394 ὠνό-

72 1457 240 1512 μασε,
287 1439 500 1509 φήσας·
559 1435 670 1490 Καὶ
725 1433 872 1499 Θεὸς
906 1429 984 1503 ἦν
1016 1437 1050 1488 ὁ
1095 1434 1306 1502 Λόγος.
1356 1433 1662 1502 Δυνάμενος

69 1531 207 1601 γοῦν
233 1531 431 1595 εἰπεῖν,
460 1528 574 1600 (78)
599 1527 694 1581 καὶ
715 1527 850 1581 Θεοῦ
878 1521 946 1598 ἦν
968 1527 997 1578 ὁ
1033 1523 1224 1594 Λόγος,
1249 1523 1407 1577 τοῦτο
1438 1525 1533 1596 μὲν
1561 1525 1660 1577 οὐκ

68 1625 204 1695 ἔφη,
231 1623 308 1685 ὡς
330 1622 395 1676 ἂν
436 1622 510 1693 μή
542 1637 624 1684 τις
652 1619 815 1674 αὑτὸν
851 1617 930 1688 τῷ
959 1616 1110 1690 παρὰ
1138 1614 1442 1688 ἀνθρώποις
1473 1617 1659 1687 ὅμοιον

68 1712 216 1770 εἶναι
272 1715 498 1784 φήσειε’
548 1711 680 1765 Θεὸν
723 1711 781 1764 δὲ
831 1709 994 1764 αὐτὸν
1035 1708 1222 1773 καλεῖ,
1267 1708 1330 1760 τὸ
1385 1707 1660 1779 ὑπερφυὲς
1696 1751 1735 1806 Β

67 1805 169 1861 τοῦ
205 1807 337 1875 περὶ
385 1804 548 1858 αὐτὸν
595 1801 933 1874 θεοπρεποῦς
977 1799 1320 1872 ἀξιώματος,
1369 1799 1511 1853 οὕτω
1544 1799 1655 1852 δει-

70 1915 232 1961 κνυς.

141 1991 214 2062 β¹-
252 1987 509 2050 Μεταϐὰς
538 1986 594 2039 δὲ
633 1986 718 2056 ἐφ’
744 1985 934 2056 ἑτέραν
978 1983 1219 2038 ἐπίνοιαν
1263 1983 1362 2056 τῆς
1393 1982 1520 2055 περὶ
1565 1983 1660 2036 αὺ-

66 2083 165 2136 τοῦ
215 2080 520 2150 δοξολογίας
539 2120 554 2144 ,
596 2079 726 2144 Φῶς
773 2077 933 2130 αὑτὸν
964 2075 1247 2147 ὠνόμασε,
1285 2075 1660 2147 προῦπάρχειν

65 2173 239 2229 αὑτὸν
289 2172 387 2242 τῆς
442 2170 538 2223 τοῦ
604 2169 854 2240 σώματος
900 2166 1253 2238 ἀναλήψεως,
1317 2164 1459 2218 κατὰ
1501 2162 1660 2217 τοῦτο

64 2269 210 2322 αὐτὸ
266 2264 548 2338 δηλώσας,
611 2264 670 2317 ὲν
731 2256 813 2326 οἷς
870 2261 998 2332 περὶ
1043 2259 1138 2313 τοῦ
1197 2256 1503 2313 Βαπτιστοῦ
1552 2275 1658 2329 φη-

64 2381 180 2418 σινο

135 2455 212 2526 γ’.
261 2454 384 2507 Οὐκ
420 2447 501 2522 ἦν
549 2448 778 2515 ἐκεῖνος
825 2445 893 2500 τὸ
931 2443 1074 2515 φῶς,
1115 2441 1254 2497 ἀλλ’
1296 2442 1397 2494 ἵνα
1437 2457 1660 2510 μαρτυ-

53 2551 238 2620 ρήσῃ
264 2545 400 2616 περὶ
426 2543 534 2599 τοῦ
562 2541 774 2612 φωτὸς,
802 2539 834 2594 ὃ
861 2536 1087 2609 φωτίζει
1116 2535 1312 2588 πάντα
1349 2534 1663 2620 ἄνθρωπον

58 2619 404 2712 ἐρχόμενον
448 2639 533 2703 εὶς
571 2634 676 2688 τὸν
727 2635 981 2702 κόσμον.
1031 2629 1128 2682 Ἐν
1170 2625 1251 2692 τῷ
1308 2627 1514 2694 κόσμῳ
1558 2619 1657 2695 ἦν,

60 2734 167 2790 καὶ
215 2735 248 2787 ό
284 2731 514 2799 κόσμος
560 2725 634 2779 δι’
679 2723 864 2778 αὑτοῦ
914 2719 1173 2790 ἐγένετο,
1209 2717 1308 2770 καὶ
1354 2713 1387 2769 ὀ
1430 2715 1660 2783 κόσμος

60 2825 264 2883 αὑτὸν
312 2825 424 2877 οὐκ
453 2822 627 2890 ἔγνω.
657 2818 762 2882 Εἰς
809 2813 882 2867 τὰ
918 2811 1039 2866 ἴδια
1079 2807 1248 2881 ἦλθε,
1291 2806 1390 2860 καὶ
1422 2808 1477 2859 οἱ
1523 2805 1661 2858 ἴδιοι

61 2916 262 2971 αὐτὸν
291 2914 364 2966 οὺ
412 2907 773 2978 παρέλαϐον.
813 2904 976 2974 Ὁρᾷς
1019 2903 1166 2963 ὅπως
1211 2896 1422 2961 τούτοις
1458 2897 1520 2950 οὐ
1559 2896 1662 2950 A6-

61 3025 164 3078 τον
201 3005 388 3078 μόνον,
412 3002 488 3065 ὡς
516 2998 690 3053 ἐδόκει
729 2993 1058 3066 Μαρκέλλῳ,
1086 2989 1222 3045 ἀλλὰ
1252 2991 1345 3044 καὶ
1378 2989 1531 3052 Θεὸν,
1562 2988 1661 3041 καὶ

1761 481 2046 544 postquam
2079 487 2243 528 carne
2291 481 2505 542 sumpta
2534 470 2772 535 advenit,
2823 471 3060 527 diversis
3111 472 3331 538 quidem

1763 563 1934 618 titulis
1971 563 2355 634 usurpabatur.
2387 561 2542 628 Quod
2589 562 2656 617 ab
2695 561 2790 617 illo
2828 561 2903 616 ita
2930 563 3189 632 positum,
3214 561 3336 618 ’ἰω-

1760 655 1936 724 perite
1961 655 2188 718 dictum,
2219 664 2274 708 et
2296 668 2392 723 per
2421 667 2690 708 summam
2728 651 3132 722 Seripiurarum
3176 652 3328 722 igno-

1763 746 2017 815 rantiam,
2043 756 2168 802 ante
2195 745 2376 801 omnia
2417 726 2898 799 demonstrandum
2917 753 3022 799 est.

2390 835 2544 892 CAP.
2585 834 2705 889 XX.

1761 949 2060 1020 Proposin
2099 967 2193 1021 per
2237 960 2416 1019 partes
2443 967 2470 1005 e
2497 953 2662 1006 sacris
2711 949 2945 1014 Litteris,
2977 958 3025 1004 et
3055 947 3334 1019 explicata

1919 1023 1924 1028 ’
2221 1037 2330 1076 xxx
2369 1023 2871 1075 demonstrationes.

1835 1161 1888 1214 t.
1926 1156 2193 1227 Imprimis
2237 1155 2565 1227 evangelista
2619 1154 2859 1210 Joannes
2921 1153 3060 1222 ipse,
3118 1151 3211 1222 qui
3271 1153 3339 1206 de

1762 1249 1926 1306 Verbi
1959 1249 2324 1321 appellatione
2369 1263 2492 1304 eum
2524 1247 2770 1318 agnovit,
2803 1261 2908 1302 non
2939 1244 3126 1302 multis
3164 1243 3338 1299 inter-

1760 1342 1975 1412 positis,
2006 1342 2135 1412 quin
2181 1342 2384 1406 statim,
2420 1349 2476 1395 et
2527 1339 2582 1394 in
2632 1341 2916 1410 procinctu
2965 1337 3132 1404 velut,
3169 1337 3339 1392 Deum

1761 1435 2012 1490 eumdem
2046 1434 2299 1504 appellat,
2330 1432 2584 1502 inquiens
2618 1450 2631 1486 :
2661 1431 2731 1484 Et
2766 1430 2907 1486 Deus
2934 1439 3048 1485 erat
3092 1427 3339 1484 Verbum.

1762 1526 1896 1581 Cum
1931 1526 2076 1581 enim
2113 1526 2163 1581 ei
2208 1524 2370 1580 facile
2395 1524 2589 1580 fuisset
2613 1524 2796 1580 dicere
2825 1541 2839 1576 :
2867 1530 2924 1578 et
2957 1523 3196 1577 divinum
3219 1533 3340 1576 erat

1761 1616 2024 1684 Verbum,
2061 1616 2166 1671 hoc
2196 1632 2305 1672 non
2354 1617 2428 1670 ita
2478 1616 2682 1685 posuit,
2715 1630 2784 1670 ne
2813 1615 2939 1686 quis
2969 1613 3121 1668 illum
3150 1614 3340 1682 opina-

1763 1717 1919 1761 retur
1966 1706 2200 1761 similem
2255 1708 2493 1761 liumano
2541 1706 2756 1760 cuidam
2805 1706 2972 1760 verbo
3016 1704 3336 1760 exstitisse:

1761 1802 1857 1855 sed
1886 1799 2123 1871 appellat
2153 1815 2275 1855 enin
2309 1799 2478 1854 Deum
2508 1815 2520 1852 :
2546 1814 2652 1869 quo
2682 1799 2879 1854 divina:
2912 1798 3191 1870 dignitatis
3223 1797 3340 1868 ejus

1760 1891 2274 1946 excellentissimam
2316 1891 2577 1946 indicaret
2603 1901 2872 1944 naturam.

1830 1984 1885 2038 2.
1928 1982 2226 2038 Transiens
2286 1983 2415 2038 hinc
2486 1984 2552 2037 ad
2613 1981 2774 2036 aliam
2840 1979 3337 2035 considerationem

1761 2074 2073 2144 quamdam,
2106 2073 2254 2128 illius
2298 2087 2460 2144 quam
2493 2073 2730 2128 habebat
2758 2069 3195 2141 gloriﬁcationis,
3227 2069 3338 2121 Lu-

1761 2181 1870 2219 cem
1922 2166 2072 2220 illum
2119 2173 2301 2231 vocat,
2337 2174 2393 2221 et
2439 2180 2538 2236 per
2565 2164 2716 2220 illum
2747 2164 2923 2234 ipsum
2959 2162 3170 2218 titulum
3203 2177 3369 2233 prae-_

1761 2257 2038 2312 exstitisse
2070 2269 2193 2311 eum
2225 2256 2470 2311 indicare
2497 2255 2668 2310 voluit
2700 2264 2825 2310 ante
2849 2263 3187 2322 assumptum
3217 2269 3341 2308 cor-

1761 2364 1862 2418 pus
1888 2364 2044 2404 suum
2075 2367 2088 2402 :
2119 2348 2387 2417 siquidem
2412 2347 2477 2402 de
2505 2347 2749 2415 Baptista
2788 2345 3000 2401 locutus
3017 2345 3094 2400 ait
3113 2363 3126 2399 :
3145 2392 3160 2412 ,

1832 2441 1886 2496 5.
1926 2440 2054 2495 Non
2081 2448 2197 2494 erat
2229 2439 2318 2492 ille
2353 2437 2466 2502 lux,
2500 2439 2589 2492 sed
2627 2448 2684 2492 ut
2711 2438 3066 2493 testimonium
3103 2435 3344 2506 perhibe-

1762 2545 1839 2589 ret
1869 2534 1934 2587 de
1963 2533 2160 2586 lumine
2199 2530 2316 2598 illo,
2343 2530 2482 2601 quod
2522 2529 2789 2583 illuminat
2832 2545 3035 2583 onmem
3075 2530 3342 2582 hominem

1761 2625 2119 2681 venientemin
2154 2624 2290 2677 hunc
2313 2623 2589 2676 mundum.
2623 2619 2690 2674 In
2727 2623 2922 2674 mundo
2952 2631 3091 2686 erat,
3123 2629 3172 2674 et
3193 2635 3342 2672 munv

1761 2717 1860 2769 dus
1881 2730 1973 2786 per
2003 2715 2174 2784 ipsum
2203 2713 2378 2784 factus
2399 2722 2496 2777 est,
2521 2721 2569 2766 et
2601 2711 2829 2765 mundus
2867 2727 2985 2764 eum
3013 2728 3116 2764 non
3143 2726 3342 2780 cogno-

1762 2811 1850 2862 vit.
1884 2807 1950 2859 In
1979 2806 2198 2875 propria
2227 2805 2390 2868 venit,
2427 2812 2477 2858 et
2507 2805 2591 2857 sui
2642 2819 2762 2856 eum
2803 2819 2906 2856 non
2949 2815 3247 2871 receperunt
3269 2804 3340 2858 ”.

1764 2898 1926 2954 Vides
1957 2908 2162 2964 autem,
2195 2906 2251 2951 ut
2292 2896 2347 2950 in
2386 2896 2505 2951 istis
2556 2911 2663 2950 non
2698 2893 2936 2949 Verbum
2973 2895 3342 2963 solummodo,

1762 2993 1856 3048 sed
1907 3001 1962 3045 et
2009 2991 2174 3046 Deum
2222 2997 2279 3044 et.
2334 2988 2534 3052 lucem,
2568 2987 2721 3040 illum
2775 2985 3102 3050 nominavit,
3151 2995 3342 3042 contra

62 3103 190 3173 φῶς
233 3097 401 3153 αὑτὸν
431 3095 704 3165 ὠνόμασε,
739 3087 1113 3162 προϋπάρχειν
1148 3101 1207 3138 τε
1243 3083 1406 3139 αὐτὸν
1435 3081 1658 3150 ἐδίδαξε,

1770 3100 1923 3156 quam
1988 3081 2242 3137 Marcello
2304 3081 2616 3136 videbatur.
2671 3077 3072 3133 Praeexstiiisse
3129 3092 3349 3147 quoque

62 3197 164 3250 καὶ
205 3193 304 3246 τὸν
348 3190 552 3259 κόσμον
579 3185 646 3240 δι’
673 3181 839 3238 αὐτοῦ
867 3179 1170 3251 γεγονέναι.
1197 3178 1405 3247 Ὥσπερ
1436 3176 1545 3247 γὰρ
1572 3174 1661 3228 διὰ

60 3288 163 3342 τοῦ
211 3282 353 3338 Θεοῦ
416 3278 526 3353 (79)
594 3277 770 3346 Λόγου
817 3271 1175 3344 γεγεννῆσθαι
1215 3269 1282 3322 τὰ
1314 3269 1519 3335 πάντα,
1568 3269 1663 3321 καὶ

61 3380 245 3452 χωρὶς
275 3374 444 3429 αὐτοῦ
483 3368 739 3441 γενέσθαι
786 3366 938 3420 οὐδὲν
982 3363 1348 3436 προείρηκεν,
1394 3358 1536 3414 οὕτω
1568 3360 1663 3412 καὶ

61 3475 156 3528 διὰ
185 3469 306 3541 (80)
344 3466 439 3522 τοῦ
471 3465 646 3534 φωτός
666 3480 681 3495 ο
711 3463 766 3514 '0
792 3460 904 3530 γὰρ
931 3459 1178 3527 κόσμος,
1202 3455 1358 3526 φησὶ,
1385 3454 1459 3508 δι’
1475 3453 1662 3508 αὑτοῦ

59 3565 337 3636 ἐγένετο.
374 3560 464 3624 Ὡς
501 3554 638 3611 εἶναι
671 3555 728 3609 ἓν
767 3553 862 3608 καὶ
902 3550 1096 3604 ταύτὸν
1135 3549 1202 3603 τὸ
1246 3546 1372 3618 φῶς
1414 3545 1513 3601 καὶ
1555 3545 1664 3602 τὸν

65 3658 226 3713 Θεὸν
264 3656 483 3724 Λόγον.
512 3650 699 3719 Λέγων
726 3647 784 3700 δὲ
816 3646 883 3700 δι’
912 3643 1077 3698 αὑτοῦ
1113 3640 1494 3712 γεγεννῆσθαι,
1531 3640 1664 3693 ποτὲ

68 3746 173 3816 μὲν
202 3742 304 3796 τὸν
336 3740 561 3809 κόσμον,
595 3735 726 3789 ποτὲ
764 3733 820 3785 δὲ
863 3731 930 3785 τὰ
963 3731 1161 3794 πάντα,
1211 3729 1272 3782 τὸ
1311 3727 1418 3799 (81)
1455 3728 1663 3799 ὑπηρε-

62 3836 226 3890 τικὸν
255 3831 356 3887 τοῦ
390 3829 524 3884 Θεοῦ
554 3827 875 3900 παρίστησι.
916 3823 1224 3894 Δυνάμενος
1259 3819 1389 3891 γοῦν
1429 3823 1457 3874 6
1499 3821 1664 3888 εὐαγ-

65 3924 334 3998 γελιστὴς
390 3924 582 3979 εἰπεῖν,
631 3918 835 3972 Πάν-τα
887 3915 989 3970 ὑπ’
1037 3913 1222 3968 αὐτοῦ
1271 3912 1527 3983 ἐγένετο,
1570 3911 1666 3964 καὶ

62 4018 263 4083 αὖθις,
302 4014 412 4070 Kal
450 4017 483 4068 ό
521 4012 750 4080 κόσμος
776 4009 877 4064 ὑπ’
903 4005 1090 4062 αὑτοῦ
1119 4005 1376 4075 ἐγένετο,
1402 4005 1521 4075 οὐχ,
1562 4005 1664 4058 ὑπ’

60 4109 289 4174 αὐτοῦ,
324 4107 449 4178 ἔφη,
483 4104 617 4158 ἀλλὰ
642 4103 715 4156 δι’
738 4099 923 4155 αὑτοῦ
955 4094 1035 4170 ἦν
1064 4113 1078 4128 °
1106 4098 1169 4150 ἵν’
1193 4097 1339 4167 ἡμᾶς
1369 4095 1666 4168 ἀναπέμψῃ

61 4209 162 4260 ἐπὶ
192 4206 301 4274 τὴν
328 4201 437 4254 τῶν
465 4199 602 4251 ὅλων
633 4192 947 4265 ποιητικὴν,
978 4188 1073 4242 τοῦ
1113 4188 1324 4259 Πατρὸς
1358 4185 1661 4240 αὑθεντίαν.

76 4296 251 4352 Ἀλλὰ
284 4292 386 4347 καὶ
414 4295 446 4346 ὁ
476 4291 735 4359 κόσμος,
763 4285 946 4355 φησὶν,
988 4279 1174 4336 αὐτὸν
1205 4281 1315 4333 οὐκ
1346 4278 1520 4348 ἔγνω.
1561 4278 1665 4332 Τὸν

58 4389 122 4443 δὲ
163 4388 268 4441 ἐπὶ
313 4384 530 4436 πάντων
557 4379 689 4433 Θεὸν
719 4378 974 4447 φυσικαῖς
1006 4373 1237 4434 ἐννοίαις
1268 4372 1504 4434 ἅπαντες
1531 4372 1663 4442 ὁμο⁴

1764 3175 1994 3231 aﬂirinat
2052 3175 2202 3229 illum
2250 3189 2264 3226 :
2315 3181 2370 3226 et
2425 3171 2686 3225 mundum
2747 3185 2845 3239 per
2896 3170 3074 3239 ipsum
3135 3170 3345 3225 factum

1763 3269 1953 3324 fuisse.
1979 3265 2447 3335 Quemadmodum
2475 3265 2623 3318 enim
2651 3262 2708 3317 in
2729 3261 3164 3331 praecedentibus
3192 3264 3347 3318 dixe-

1763 3369 1870 3428 rat,
1901 3360 2082 3416 omnia
2107 3357 2366 3429 producta
2398 3355 2569 3410 fuisse
2595 3369 2691 3424 per
2730 3353 2969 3408 Verbum
2995 3353 3114 3421 Dei,
3139 3364 3195 3409 et
3223 3354 3346 3409 sine

1763 3453 1856 3508 illo
1915 3451 2049 3507 nihil
2089 3450 2252 3522 plane
2303 3456 2693 3519 procreatum,
2755 3445 2834 3500 ita
2886 3460 3104 3515 quoque
3152 3455 3208 3500 et
3249 3461 3347 3515 per

1763 3542 1939 3598 lucem
1969 3541 2088 3594 ait:
2118 3537 2264 3592 Nam
2296 3535 2548 3598 mundus,
2593 3532 2795 3603 inquit,
2831 3523 2938 3601 μετ’
2966 3532 3118 3585 illum
3168 3533 3343 3599 [actus

1764 3643 1860 3696 est,
1900 3641 1962 3686 ut
1993 3633 2065 3686 ita
2098 3643 2238 3683 unus
2270 3628 2520 3692 idemque
2553 3622 2738 3689 fuerit,
2767 3619 2909 3686 Lux,
2941 3628 2996 3675 et
3027 3619 3172 3674 Deus
3211 3617 3341 3672 Ver-

1766 3729 1908 3781 bum.
1925 3721 2173 3790 Guinque
2205 3735 2303 3790 per
2331 3718 2478 3773 illum
2511 3713 2745 3770 allirmet
2775 3712 2978 3768 factum
3010 3727 3154 3767 nunc
3185 3727 3345 3766 mun-

1765 3823 1918 3883 dum,
1957 3829 2100 3870 nunc
2157 3823 2356 3870 caetera
2404 3809 2614 3874 omnia,
2662 3806 2973 3862 subindicai
3023 3791 3174 3859 illum
3230 3803 3346 3858 Deo

1765 3907 2225 3965 subniiiiistrasse.
2255 3900 2390 3956 Nam
2427 3903 2490 3963 ἧς
2521 3911 2644 3953 cum
2691 3903 2878 3966 posset
2909 3893 2978 3947 ad
3017 3893 3182 3948 istum
3228 3906 3343 3946 mo-

1767 4001 1891 4056 dum
1915 3996 2160 4070 proferre
2181 3989 2510 4061 evangelista
2538 4004 2552 4041 :
2592 3987 2788 4042 Omnia
2816 3986 2882 4040 ab
2913 3983 3006 4039 illo
3030 3984 3172 4053 facta
3193 3991 3342 4048 sunt,

1768 4102 1930 4160 atque
1964 4091 2158 4144 iterum
2191 4101 2206 4140 :
2237 4083 2471 4138 Mundus
2503 4085 2566 4134 ab
2600 4078 2694 4132 illo
2724 4077 2900 4147 factus
2942 4085 3040 4145 est,
3075 4089 3182 4130 non
3211 4074 3342 4132 illud

1766 4185 1967 4257 posuit,
1999 4183 2063 4236 ab
2090 4197 2150 4235 eo
2175 4195 2193 4234 :
2227 4178 2321 4233 sed
2350 4192 2442 4246 per
2465 4191 2604 4231 eum.
2646 4172 2765 4239 Quo
2798 4170 3010 4227 scilicet
3039 4169 3344 4225 remitteret

1768 4295 1863 4336 nos
1909 4277 1976 4332 ad
2028 4272 2394 4329 autlienticaiii
2424 4266 2604 4323 Patris
2632 4264 2817 4321 omnia
2845 4261 3066 4319 creandi
3100 4269 3342 4332 potesta-

1769 4385 1898 4425 tem.
1946 4367 2054 4422 Sed
2103 4374 2150 4420 et
2190 4365 2443 4426 mundus,
2476 4360 2674 4429 inquit,
2708 4358 2881 4426 ipsum
2925 4369 3030 4407 non
3079 4351 3343 4421 cognovit.

61 4477 332 4548 λογοῦσιν
370 4473 666 4545 ἄνθρωποι,
695 4469 789 4522 καὶ
821 4465 1029 4539 πρῶτοί
1065 4481 1128 4534 γε
1165 4463 1432 4517 Ἰουδαίων
1475 4463 1660 4526 παῖδες

1770 4461 1901 4518 Cum
1933 4462 2124 4525 Deum,
2154 4456 2250 4527 qui
2300 4455 2372 4510 sit
2416 4466 2580 4523 super
2608 4447 2814 4512 omnia,
2853 4460 2953 4517 per
2981 4443 3230 4499 notiones
3262 4441 3348 4494 in—r

61 4574 132 4625 ἐκ
165 4569 286 4622 τῶν
340 4559 692 4636 προφητικῶν
744 4557 974 4631 Γραφῶν
1022 4553 1548 4626 χειραγωγούμενοι,
1587 4551 1663 4615 ὡς

61 4665 168 4720 καὶ
201 4659 372 4723 αὐτὸς
403 4657 638 4728 παρίστη
674 4650 1012 4724 Μάρκελλος,
1039 4651 1095 4702 ὲν
1121 4652 1234 4713 τοῖς
1276 4647 1400 4718 ἑξῆς
1433 4644 1659 4718 προϊών.

62 4753 296 4811 Οὐκοῦν
330 4752 515 4822 ’ἑτερος
539 4743 608 4818 ἦν
639 4739 812 4807 οὗτος,
837 4743 895 4796 ὃν
919 4745 948 4795 6
979 4741 1183 4812 κόσμος
1217 4741 1316 4792 οὐκ
1347 4739 1506 4808 ἔγνω,
1531 4737 1664 4800 Θεὸς

62 4851 165 4903 καὶ
182 4847 385 4915 Λόγος,
413 4841 528 4913 ιρῶς
547 4839 806 4910 ὑπάρχων
835 4853 894 4889 τε
911 4835 1003 4888 καὶ
1018 4832 1406 4905 ὠνομασμένος
1425 4849 1440 4860 -
1461 4831 1576 4900 φῶς
1597 4829 1656 4882 δὲ

59 4943 170 4996 οὐκ
185 4937 474 5008 αἰσθητὸν,
494 4932 617 4986 οὐδὲ
634 4932 744 5004 (82)
761 4927 979 5001 σαρκῶν
993 4928 1125 4999 (8⁸2⁸)
1140 4925 1447 4996 ὀφθαλμοὺς
1462 4923 1662 4995 ὁμοίως

142 5134 211 5194 ›Ι‹
239 5123 344 5180 Ed.
373 5123 578 5184 Paris.,
613 5135 737 5191 pag.
763 5117 852 5174 ει.
935 5116 983 5148 ⁸ο
1014 5113 1172 5170 Joaii.
1205 5128 1244 5177 i,
1280 5110 1338 5178 8,
1375 5110 1463 5165 ll.

166 5335 296 5390 Τι’)
319 5332 490 5390 Vulgo
521 5331 629 5385 ὅδε.

139 5335 296 5408 (77')
319 5335 490 5402 Vulgo
521 5335 629 5385 ὅδε.
1584 5384 1598 5396 ο

138 5406 267 5479 (78)
301 5404 410 5479 καί
438 5403 582 5479 Θεὸς
601 5400 682 5470 ἦν
709 5401 742 5453 ὁ
764 5397 974 5479 Λόγος.
1005 5384 1654 5479 Ιιηοηκαιλδείοςᾶᾱξιὶὲο

61 5454 264 5534 cod-(1:,
278 5454 350 5528 1—.—
351 5454 573 5543 ’Θεοῦᾙ
597 5454 808 5543 poterat
843 5454 1082 5543 joa'nn_es
1116 5454 1340 5543 dixisse,
1366 5454 1490 5543 καῖ.

60 5527 418 5623 ἦῦ”ξ’)όγος,
441 5555 496 5596 at
517 5527 672 5623 dixit,
700 5539 799 5623 καὶ
827 5537 975 5623 Θεὸς
988 5532 1088 5608 ἦν,
1117 5527 1495 5623 ali‘quiiinal'i‘ud

62 5599 362 5689 δέρων,ίὸ
381 5599 634 5683 ’ἱρωτίζει
660 5599 842 5689 ’πάντα
880 5599 1166 5689 avdaciin
1181 5619 1196 5669 ;
1211 5599 1511 5689 ivinutillate1
1525 5599 1658 5689 citat

537 5663 903 5759 vapudﬂueni
928 5663 1152 5759 degitur
1172 5663 1193 5736 ξ
1216 5667 1404 5756 ἦνξτὸ,
1423 5663 1565 5759 φῶς.
1593 5663 1661 5759 τξό

62 5744 380 5828 ἀληῶνὸν
393 5754 425 5809 ὂ
440 5744 686 5824 φωτίζει.
711 5744 947 5806 MZ—lnl
949 5764 1005 5802 ra
1016 5744 1177 5817 νυιεο
1193 5744 1565 5814 προϋπάρχειν
1579 5750 1658 5788 τε.

1769 4555 1906 4608 sitas
1935 4568 1963 4606 a
1994 4559 2188 4605 natura
2221 4552 2554 4618 cognoscant
2580 4555 2772 4596 omnes
2801 4555 2816 4593 :
2847 4533 3116 4605 imprimis
3159 4543 3342 4586 autem

1769 4646 1864 4702 lilii
1905 4644 2232 4708 Judaiorum,
2301 4635 2720 4694 manuductione
2759 4629 3166 4698 Scripturarum
3218 4637 3346 4692 pro-

1769 4737 2149 4808 pheticarum,
2197 4730 2343 4801 quod
2401 4725 2780 4798 progrediente
2845 4731 3096 4774 sermone
3158 4713 3346 4770 docuit

1769 4829 1999 4899 ipsemet
2031 4823 2337 4879 Marcellus.
2370 4818 2638 4887 Quocirca
2682 4821 2802 4869 erat
2846 4809 2986 4865 alius
3026 4809 3130 4863 iste
3173 4820 3339 4875 quem

1771 4896 2006 4977 mundus
2050 4933 2156 4973 non
2193 4913 2464 4986 cognovit,
2514 4909 2657 4964 Deus
2695 4913 2860 4975 atque
2905 4900 3169 4964 Verbum,
3221 4896 3342 4952 Lux

1856 5307 1947 5362 79)
1975 5305 2079 5359 Ἴσ.
2113 5304 2274 5373 λόγον
2297 5297 2557 5373 ΜικΜυξ
2579 5293 2738 5373 vulgo
2760 5289 2880 5345 οὐδὲ
2909 5287 2968 5373 ἒΙν
3005 5302 3178 5373 πρτω
3246 5352 3262 5372 ,

1856 5309 1947 5362 79)
1975 5309 2079 5359 "Ic.
2113 5309 2274 5373 λόγον
2297 5309 2403 5370 Μρ.
2435 5309 2557 5352 Mox
2579 5309 2738 5366 vuigo
2760 5309 2880 5345 ουοε
2909 5309 2968 5342 εν
3005 5309 3100 5358 πρ.

1833 5309 1948 5452 isi)
1978 5375 2088 5430 Τοῦ
2123 5373 2350 5452 φοιτάσι
2410 5369 2605 5452 ἷο.τάρ
2644 5359 3208 5452 κόσμρςλὲξεειῖἳιν
3234 5350 3338 5452 ζΞν

1761 5439 2052 5522 «sum
2075 5439 2183 5514 γάρ
2219 5439 2308 5522 ἦν,
2338 5442 2434 5522 {cal
2459 5442 2488 5492 ὁ
2515 5439 2720 5522 κεξςμος

1763 5507 1853 5592 qui
1876 5507 1979 5592 lux.
2001 5507 2119 5592 erat
2144 5507 2199 5570 et
2227 5507 2635 5592 «licebatiir._!l.
2668 5578 2680 5592 .
2760 5573 2786 5585 η
2849 5571 2914 5592 Α
2947 5567 3055 5592 ΩΑ,

2000 5565 2405 5656 Ῠᾶἆιρετικόν..
2435 5581 2598 5636 Forte
2622 5565 2814 5644 αὑτοῦ,
2843 5571 2922 5644 τῷ
2947 5567 3086 5638 Θεῷ.
3119 5565 3194 5623 Μ.

1842 5651 1956 5723 (82)
1983 5651 2154 5723 Vulgo
2175 5651 2458 5724 σαρκικᾴν.

1838 5721 1975 5802 (8Τ)
2010 5721 2142 5782 Οὐδὲ
2174 5721 2322 5800 digit,
2353 5721 2461 5794 Mp.

2783 5435 2816 5486 ι’
2844 5426 3028 5486 αὑτοῦ.
3065 5426 3174 5482 Hoc
3227 5431 3356 5490 est,‘
