3838 6222
483 242 590 301 867

1153 237 1422 295 EUSEBII
1459 232 1941 293 CESARIENSIS
1977 231 2128 290 OPP.
2168 230 2354 288 PARS
2392 229 2485 287 iV.
2525 247 2594 271 -‘-
2631 227 3056 295 DOGMATICA.

3653 219 3746 273 866

483 359 757 415 exsistens
781 365 836 413 et
861 357 1160 429 appellatus
1174 356 1289 413 lux.
1319 324 1437 412 ius
1468 364 1651 412 autem
1683 371 1788 412 non
1824 354 2061 411 sensibi-

2182 352 2298 424 ξλίῳ
2345 349 2610 422 φωτίζον
2661 349 2804 405 οὕτω
2847 349 2956 421 γὰρ
3007 347 3075 402 ἂν
3125 345 3219 400 καὶ
3261 345 3296 416 ή
3359 339 3474 396 τῶν
3536 335 3747 406 ἀλόγων

484 449 575 515 iis,
610 464 717 506 non
749 447 1050 520 corporalis
1082 465 1096 502 :
1124 463 1228 502 non
1261 462 1382 517 qua:
1415 448 1628 512 oculos,
1657 456 1718 501 ut
1744 444 1826 501 sol
1858 445 2058 500 illumi-

485 549 632 598 raret
657 561 675 597 :
718 555 842 595 nam
876 541 956 596 sic
984 539 1126 594 illius
1161 539 1298 595 adeo
1347 540 1640 610 participes
1683 539 1879 594 tierent
1907 551 2060 592 crea-

485 643 620 689 turae
656 632 1018 688 irrationales.
1061 631 1218 688 Nunc
1245 631 1423 704 qualis
1451 640 1572 686 erat
1601 630 1690 685 ille
1721 630 1816 684 lux
1839 645 1940 686 nos
1964 631 2060 686 do-

2161 443 2314 509 ζώων
2388 445 2549 515 φύσις
2624 445 2871 514 μετεῖχεν
2943 438 3132 493 αὑτοῦ.
3191 436 3327 490 Νυνὶ
3384 433 3442 486 δὲ
3506 430 3748 484 διδάσκει

2157 538 2342 590 ὁποῖον
2398 532 2468 607 ἦν
2525 535 2674 606 φῶς,
2722 534 2930 602 λέγων⁸
2978 528 3100 586 Ἶιν
3156 527 3269 598 (85)
3338 523 3407 578 τὸ
3469 521 3640 592 φῶς,
3693 520 3747 571 τὸ

2159 625 2410 696 φωτίζον
2451 626 2648 680 πάντα
2671 625 2983 694 ἄνθρωπον
3020 621 3344 690 ἐρχόμενον
3366 618 3456 681 είς
3481 614 3591 667 τὸν
3615 611 3752 665 κεῖσ-

484 737 596 792 cet,
626 725 922 795 inquiens:
952 725 1085 779 Erat
1132 733 1310 779 autem
1353 723 1450 778 lux
1493 723 1806 779 illuminans
1851 738 2060 777 omnem

2182 738 2292 775 tor.
2329 719 2466 791 (85⁸)
2493 719 2668 774 Μόνον
2697 721 2805 790 ἄρα
2831 708 2900 789 ἦν
2932 714 3232 785 ἀνθρώπων
3247 711 3308 764 τὸ
3343 707 3568 777 λογικὸν
3600 705 3754 758 τοῦτο

483 825 748 879 hominem
775 820 1054 875 uenientem
1089 817 1146 872 in
1166 817 1304 872 hunc
1333 817 1610 870 mundum.
1643 815 1725 868 Ad
1758 813 1902 870 solos
1931 827 2061 881 ergo

484 911 733 967 homines
781 907 1088 978 pertinebat
1143 905 1425 962 rationalis
1483 907 1589 960 ista
1642 905 1755 960 lux.
1791 903 2058 972 Quocirca

482 1017 581 1073 per
609 1001 909 1073 potentiam
939 1015 1093 1054 suam
1123 998 1382 1067 praeditus
1414 997 1702 1053 intellectu
1729 1008 1786 1053 et
1817 997 2056 1061 ratione,

483 1097 577 1168 qui
621 1103 705 1150 est
747 1095 862 1160 lux,
893 1094 960 1148 ad
1009 1092 1302 1162 imaginem
1351 1105 1506 1146 suam
1542 1099 1599 1146 et
1648 1089 2059 1145 similitudinem

483 1180 777 1244 rationales
833 1184 1043 1240 animas
1091 1194 1147 1240 et
1192 1182 1560 1254 intelligentes
1615 1181 1888 1252 produxit.
1943 1180 2060 1236 Non

482 1289 604 1336 erat
629 1283 760 1351 ergo
783 1270 871 1355 illa
897 1278 988 1332 lux
1024 1277 1332 1342 sensibilis;
1364 1285 1422 1330 ut
1457 1289 1632 1346 neque
1662 1276 1806 1331 Deus
1829 1283 1948 1330 erat
1975 1273 2062 1328 ille

483 1371 577 1442 qui
614 1378 700 1427 est
729 1371 896 1439 super
917 1371 1194 1424 universa.
1234 1366 1380 1423 Deus
1405 1369 1551 1423 enim
1586 1365 1675 1421 lux
1702 1375 1809 1432 est,
1835 1376 1892 1422 et
1920 1375 2064 1421 tene-

481 1463 595 1518 brae
619 1478 724 1518 non
757 1469 883 1516 sunt
911 1461 964 1514 in
1000 1473 1086 1514 eo.
1112 1458 1228 1513 Lux
1251 1466 1435 1512 autem
1470 1466 1555 1511 est
1576 1456 1880 1520 inaccessa,
1915 1457 2062 1524 quod

481 1549 772 1625 Apostolus
809 1553 988 1618 docet,
1021 1550 1111 1604 ubi
1144 1553 1221 1604 ait
1251 1567 1266 1604 :
1296 1548 1488 1604 Lucem
1518 1549 1770 1603 habitans
1823 1549 2060 1602 inacces-

481 1665 620 1713 sam,
647 1647 799 1716 quem
851 1659 1000 1699 nemo
1029 1641 1177 1706 vidit,
1220 1643 1311 1697 sed
1353 1659 1445 1695 nec
1472 1652 1642 1710 potest
1668 1641 1842 1695 videre
1864 1640 1932 1696 δι.
1961 1639 2063 1694 Ille

483 1747 660 1793 autem
689 1737 745 1790 in
778 1737 974 1790 mundo
1016 1743 1151 1800 erat,
1183 1734 1496 1788 illuminans
1553 1749 1756 1786 omnem
1799 1733 2064 1786 hominem

483 1831 771 1885 uenientem
827 1828 886 1881 i'n
937 1827 1214 1880 mundum.
1267 1824 1377 1880 Sed
1421 1833 1478 1879 et
1521 1825 1781 1890 mundus,
1828 1824 1926 1888 ait,
1967 1838 2066 1894 per

483 1923 629 1977 lianc
659 1919 836 1975 lucem
867 1918 1045 1973 iactus
1076 1927 1232 1985 erat;
1274 1918 1555 1984 nimirum,
1582 1917 1726 1987 quod
1777 1930 2065 1986 supremus

483 2013 670 2077 Pater,
695 2027 792 2082 per
817 2001 1017 2067 Filium
1055 2013 1214 2065 suum
1257 2008 1511 2064 universa
1561 2009 1939 2064 constituerat.
1970 2009 2066 2061 At-

483 2118 593 2174 que
636 2105 709 2159 ita
763 2112 874 2159 tres
923 2103 1042 2158 istte
1095 2097 1510 2173 appellationes,
1557 2101 1612 2154 in
1666 2115 1833 2155 unum
1885 2099 2063 2154 locum

483 2201 758 2266 congestas
806 2207 838 2247 a
891 2191 1164 2262 theolOgo,
1203 2180 1259 2244 in
1298 2190 1569 2261 principio
1613 2189 1919 2260 Scriptura:
1950 2205 2065 2246 sua:

482 2288 761 2359 leguntur,
788 2299 910 2355 qua:
937 2285 1024 2354 pie
1049 2283 1270 2354 quidem
1305 2290 1362 2338 et
1393 2283 1514 2339 sine
1559 2282 1672 2338 ulla
1708 2281 1944 2348 offensa,
1969 2299 2066 2352 po-

483 2385 741 2434 testatem
791 2374 1096 2447 insigniunt
1156 2365 1284 2429 Filii
1339 2373 1476 2441 Dei,
1526 2388 1724 2446 nempe
1789 2363 2064 2442 Verbum,

483 2470 630 2526 Deus
653 2477 820 2540 atque
848 2468 964 2525 lux.

553 2565 610 2620 6.
651 2562 910 2632 Quartam
947 2562 1036 2618 his
1068 2559 1311 2616 annectit
1352 2559 1496 2615 idem
1530 2573 1597 2615 eo
1618 2558 1758 2627 loco,
1804 2559 2068 2632 Unigeni-

487 2671 600 2715 tum
630 2659 906 2730 appellans
927 2656 1050 2713 istis
1069 2655 1332 2712 vocibus:
1354 2654 1424 2708 Et
1470 2653 1694 2710 Verbum
1715 2673 1840 2711 caro
1864 2657 2067 2726 factum

495 2765 595 2820 est,
635 2764 685 2808 et
713 2751 964 2806 habitavit
990 2750 1046 2803 in
1075 2742 1266 2804 nobis:
1300 2747 1370 2802 Et
1405 2747 1634 2802 vidimus
1659 2747 1883 2818 gloriam
1927 2751 2064 2820 ejus,

487 2848 714 2920 gloriam
753 2846 908 2917 quasi
943 2830 1210 2914 Unigeniti
1236 2859 1269 2896 a
1319 2841 1502 2908 Patre,
1530 2844 1745 2914 plenum
1782 2845 1973 2918 gratia:
2016 2855 2068 2900 et

492 2939 732 2994 ueritatis
753 2938 824 2994 ⁸³.
860 2935 938 3019 ita
966 2951 1182 3007 quoque
1209 2944 1263 2990 et
1293 2933 1612 3006 Unigenitus
1643 2937 1929 2992 dicebatur
1953 2936 2066 3004 ille,

484 3034 800 3105 priusquam
869 3030 1273 3086 incarnaretur.
1327 3027 1464 3082 Nam
1529 3037 1808 3098 utcunque
1879 3037 2067 3084 nostra
2097 3069 2140 3126 ο

486 3137 673 3186 causa,
698 3119 843 3190 quod
867 3119 944 3173 ait
976 3136 991 3172 :
1016 3116 1156 3172 Caro
1177 3118 1355 3187 factus
1377 3129 1451 3173 est
1477 3114 1680 3173 Sermo.
1707 3116 2071 3174 Nihilominus

486 3227 589 3268 nos
626 3211 727 3282 ipsi
781 3210 979 3280 quibus
1015 3209 1259 3264 revelare
1308 3214 1368 3273 >3
1416 3210 1668 3281 dignatus
1697 3220 1782 3264 est
1817 3209 2073 3264 divinita-

489 3313 602 3362 tem
630 3318 809 3372 suam,
846 3305 1161 3372 neutiquam
1208 3303 1261 3358 in
1309 3316 1530 3358 carnem
1581 3302 1957 3372 respicientes,
1988 3310 2074 3358 est

489 3394 639 3451 enim
675 3408 804 3449 caro
844 3395 988 3450 servi
1045 3393 1242 3460 forma,
1275 3394 1368 3450 sed
1416 3393 1471 3448 in
1510 3393 1678 3464 ipsius
1723 3392 1953 3463 gloriam
1989 3393 2073 3447 in-

489 3497 729 3552 tuentes,
760 3502 880 3558 quae
927 3499 1084 3542 extra
1133 3487 1352 3557 quidem
1403 3500 1604 3555 corpus
1647 3500 1677 3539 a
1724 3495 1908 3540 mente
1938 3499 2071 3554 pura

489 3579 686 3636 visitur
729 3590 785 3634 et
820 3580 1102 3644 defaecata,
1147 3580 1380 3635 vidimus
1409 3578 1529 3648 ejus
1558 3577 1809 3648 gloriam,
1840 3576 2070 3645 gloriam

489 3669 841 3738 ineﬂabilem,
869 3678 922 3724 et
976 3680 1196 3740 captum
1245 3667 1542 3739 quemlibet
1589 3667 1885 3722 humanum
1919 3674 2070 3720 tran-

489 3766 868 3828 scendentem,
895 3763 1111 3832 qualem
1147 3761 1406 3816 nimirum
1441 3759 1566 3829 quis
1615 3757 1900 3830 itnaginari
1943 3757 2073 3813 velit

493 3857 729 3926 gloriam
784 3853 1061 3925 Unigeniti
1114 3853 1231 3908 Dei.
1291 3851 1421 3906 Erat
1469 3860 1653 3905 autem
1681 3866 1711 3906 a
1744 3852 1929 3916 Patre,
1965 3837 2072 3904 ista

493 3950 691 4022 gloria.
729 3946 1136 4002 Animadvertis
1173 3960 1280 4001 non
1309 3944 1399 3999 hic
1422 3944 1551 4010 dici,
1578 3943 1811 3998 vidimus
1837 3943 2070 4012 gloriam

493 4042 632 4110 ejus,
670 4039 898 4112 gloriam
936 4038 1099 4093 veluti
1132 4035 1320 4104 Verbi,
1364 4053 1430 4092 ne
1471 4047 1582 4090 tum
1624 4050 1747 4091 cum
1776 4034 1987 4089 dixerat
2016 4034 2069 4089 in

492 4131 964 4204 praecedentibus;
1000 4130 1226 4185 Verbum
1289 4145 1414 4183 caro
1457 4129 1658 4198 factum
1701 4128 1824 4194 fuit,
1867 4127 1962 4182 sed
2015 4135 2074 4180 ut

493 4223 722 4293 intelligi
767 4231 949 4292 posset
980 4220 1281 4292 cujusmodi
1337 4218 1572 4274 Verbum
1607 4207 1700 4273 ille
1737 4230 1859 4270 eum
1905 4230 2075 4287 pone-

496 4327 600 4383 ret,
649 4315 916 4390 (minime
953 4315 1170 4384 quidem
1226 4312 1581 4367 indicativum
1611 4326 1625 4364 :
1657 4325 1784 4364 nam
1831 4310 2071 4366 Verbum

2161 814 2296 884 φῶς.
2336 812 2427 867 Διὸ
2450 814 2676 884 δυνάμει
2720 813 2882 883 νοερᾷ
2918 810 3013 864 καὶ
3042 809 3232 876 ὶογικῇ
3272 803 3372 867 τὰς
3407 802 3531 855 κατ’
3572 798 3756 851 εἰκόνα

2160 910 2257 981 τὴν
2291 906 2453 961 αὐτοῦ
2487 906 2581 960 καὶ
2619 904 2877 976 ὁμοίωσιν
2921 897 3294 969 πεποιημένας
3333 893 3519 964 ψυχὰς
3561 888 3757 981 vespa;

2161 978 2256 1053 καὶ
2286 997 2512 1067 λογικὰς
2540 993 2926 1067 ἀπειργάζετο.
2963 992 3050 1054 Ὠς
3076 989 3133 1042 δὲ
3157 989 3253 1041 οὐκ
3289 983 3556 1054 αἰσθητὸν
3599 978 3760 1046 ἐτύγ-

2163 1109 2292 1164 χανε
2331 1091 2467 1161 φῶς,
2497 1090 2669 1153 οὕτως
2711 1086 2922 1141 οὐδὲτὸ
2968 1084 3222 1137 ἐπέκεινα
3255 1079 3364 1132 τῶν
3407 1078 3552 1132 ὅλων
3597 1073 3760 1135 aint;

2161 1187 2191 1238 6
2217 1185 2348 1246 Θεὸς
2369 1179 2457 1254 ἦν.
2499 1181 2560 1234 'O
2592 1180 2703 1250 γὰρ
2751 1178 2883 1241 Θεὸς
2935 1176 3050 1247 φῶς
3093 1178 3228 1236 ἐστι,
3273 1171 3369 1225 καὶ
3412 1168 3615 1223 σκοτία
3664 1166 3760 1218 οὐκ

2164 1275 2310 1329 ἔστιν
2344 1275 2399 1327 ἐν
2434 1271 2583 1340 αὐτῷ
2603 1271 2850 1342 οὐδεμία,
2885 1267 2995 1323 Καὶ
3033 1267 3143 1339 γὰρ
3178 1269 3207 1320 6
3256 1265 3353 1336 μὲν
3387 1257 3506 1331 φῶς
3547 1257 3762 1328 ἀπρόσ-

2167 1385 2276 1422 ιτον
2299 1363 2388 1438 ἦν,
2411 1365 2485 1430 ὡς
2512 1367 2540 1418 6
2566 1365 2708 1427 θεῖος
2748 1361 3068 1423 Ἀπόστολος
3097 1358 3374 1420 διδάσκει,
3407 1353 3615 1420 λέγων’

2163 1436 2342 1514 οἰκῶν
2384 1460 2733 1526 ἀπρόσιτον,
2790 1453 2862 1509 ὃν
2918 1453 3081 1508 εἶδεν
3127 1450 3360 1516 οὐδεὶς,
3422 1444 3556 1500 οὐδ’
3617 1436 3764 1496 185?!-

2163 1551 2432 1606 δύναται.
2479 1550 2529 1602 '0
2561 1548 2613 1601 δ’
2651 1549 2720 1601 ἐν
2756 1546 2837 1612 τῷ
2877 1542 3081 1614 κόσμῳ
3116 1539 3213 1613 ἦν,
3257 1537 3520 1610 φωτίζων
3563 1533 3766 1586 πάντα

2165 1644 2480 1712 ἄνθρωπον
2507 1643 2832 1711 ἐρχόμενον
2876 1639 2963 1704 εὶς
3003 1636 3110 1690 τὸν
3151 1635 3402 1702 κόσμον.
3454 1627 3631 1682 Ἀλλὰ
3673 1625 3765 1678 καὶ

2094 1706 2138 1761 Β
2171 1741 2200 1792 6
2239 1706 2459 1807 κόσμος,
2495 1706 2660 1804 φησι,
2698 1729 2786 1784 διὰ
2830 1729 2983 1784 τοῦδε
3034 1725 3126 1780 τοῦ
3174 1724 3350 1794 φωτὸς
3380 1720 3621 1790 γέγονε.

2171 1805 2505 1902 κρείττονος,
2545 1825 2747 1897 δηλαδὴ
2798 1822 2892 1876 τοῦ
2941 1818 3154 1890 Πατρὸς
3209 1814 3297 1869 διὰ
3349 1812 3446 1867 τοῦ
3511 1809 3660 1864 Υίοῦ

2173 1899 2281 1976 πάν
2315 1919 2724 1990 συνισταμένου.
2755 1917 2916 1988 Τρεῖς
2952 1914 3049 1984 μὲν
3077 1911 3141 1981 δὴ
3174 1901 3333 1964 αὗται
3365 1905 3508 1960 κατὰ
3533 1903 3601 1956 τὸ
3633 1899 3767 1954 αὐτὸ

2171 2011 2279 2065 τῶν
2305 2010 2399 2064 τοῦ
2438 2008 2568 2062 Υίοῦ
2606 2007 2699 2061 τοῦ
2731 2004 2864 2059 Θεοῦ
2897 2003 3009 2074 (86)
3047 1998 3359 2071 δυναμένων
3391 1993 3640 2065 εὔφημοι
3675 1990 3764 2043 καὶ

2172 2101 2413 2165 εὐσεσεῖς
2463 2098 2754 2170 ὲπηγορίαι
2791 2095 2870 2168 τῷ
2924 2092 3159 2162 θεολόγῳ
3194 2090 3293 2160 τῆς
3324 2085 3557 2160 Γραφῇ
3605 2083 3766 2151 ἀρχο-

2175 2194 2322 2265 μένῳ
2360 2189 2829 2265 παρελείφθησανο
2860 2181 2889 2241 6
2921 2185 3114 2254 Λόγος,
3155 2181 3252 2235 καὶ
3295 2181 3324 2234 6
3367 2177 3526 2240 Θεὸς,
3563 2173 3669 2227 καὶ
3709 2171 3764 2223 τὸ

2174 2287 2308 2358 φῶς.

2243 2560 2307 2614 δ’.
2352 2557 2490 2629 Ἤδη
2559 2552 2618 2610 δὲ
2671 2555 2764 2610 καὶ
2829 2552 3097 2624 τετάρτην
3167 2547 3526 2621 ὴροστίθησιν
3581 2547 3615 2600 6
3671 2543 3765 2600 αὖ·

2173 2652 2286 2715 τὸς,
2320 2648 2602 2718 Μονογενῆ
2653 2647 2745 2700 τὸν
2799 2645 2960 2700 αὑτὸν
3013 2639 3323 2703 ἀποκαλῶν,
3365 2640 3424 2692 ὲν
3470 2631 3556 2700 οἷς
3599 2648 3733 2706 (φησι
3751 2649 3763 2664 ⁸

2175 2743 2285 2799 Καὶ
2344 2746 2377 2797 ό
2435 2739 2625 2811 Λόγος
2685 2737 2841 2807 σὰρξ
2910 2734 3179 2805 ἐγένετο,
3236 2732 3337 2786 καὶ
3403 2728 3767 2795 ἐσκήνοκγεπ·

2175 2837 2246 2890 ἐν
2299 2834 2463 2905 ἡμῖν,
2536 2831 2635 2886 καὶ
2691 2827 3061 2898 ἐθεασάμεθα
3118 2824 3237 2894 τὴν
3301 2821 3493 2887 δόξαν
3551 2817 3762 2881 αὑτοῦ,

2176 2927 2366 2992 δόξαν
2437 2927 2517 2992 ὡς
2579 2920 2960 2992 Μονογενοῦς
3036 2919 3198 2988 παρὰ
3273 2915 3538 2984 Πατρός,
3610 2912 3764 2977 πλή-

2169 3039 2288 3090 ρης
2344 3018 2584 3089 χάριτος
2637 3014 2736 3068 καὶ
2786 3013 3094 3082 ἀληθείας.
3149 3008 3359 3064 Οὐκοῦν
3410 3007 3506 3060 καὶ
3563 3007 3596 3058 6
3655 3005 3763 3058 Μοο

2173 3112 2399 3183 νογενὴς
2445 3108 2539 3163 τοῦ
2588 3104 2724 3160 Θεοῦ
2781 3105 2909 3177 πρὶν
2965 3103 3001 3174 ἢ
3047 3102 3146 3168 τὴν
3207 3101 3385 3171 σάρκα
3442 3095 3759 3152 ὰναλαῦεἰν,

2172 3201 2561 3276 ἐχρημάτιζεν.
2607 3199 2672 3252 Ei
2730 3197 2838 3268 γὰρ
2893 3194 2991 3248 καὶ
3043 3194 3114 3248 τὰ
3175 3191 3445 3263 μάλιστα,
3490 3188 3669 3259 φησι,
3705 3184 3766 3276 δι’

2173 3273 2341 3369 ἡμᾶς,
2373 3297 2402 3349 6
2436 3297 2627 3364 Λόγος
2649 3289 2805 3358 σὰρξ
2824 3287 3084 3358 ἐγένετο,
3121 3285 3234 3340 ἀλλ’
3267 3285 3417 3354 ὅμως
3462 3283 3664 3352 ἡμεῖς.
3693 3273 3765 3341 οἷς

2172 3387 2509 3460 κατηξίωσεν
2539 3382 2874 3450 ἐνδείξασθαι
2898 3380 2996 3452 τὴν
3028 3377 3220 3432 ἑαυτοῦ
3258 3376 3489 3446 θεότητα
3510 3413 3529 3439 ,
3558 3373 3667 3426 οὐκ
3696 3373 3765 3432 είς

2170 3482 2271 3553 τὴν
2295 3481 2473 3551 σάρκα
2506 3475 2840 3548 ἀφορῶντες,
2865 3473 3004 3543 αὕτη
3049 3469 3158 3541 γὰρ
3192 3469 3305 3539 (85)
3349 3465 3538 3539 μορφὴ
3582 3463 3766 3518 δούλου

2169 3569 2260 3644 ἦν,
2297 3571 2409 3626 ἀλλ’
2435 3572 2515 3634 εἰς
2539 3569 2638 3642 τὴν
2666 3566 2825 3633 δόξαν
2854 3562 3020 3618 αὑτοῦ
3056 3562 3154 3636 τὴν
3183 3560 3342 3624 ἐκτὸς
3382 3558 3480 3612 τοῦ
3513 3557 3766 3628 σώματος

2172 3665 2249 3736 νῷ
2274 3662 2500 3734 καθαρῷ
2527 3660 2933 3732 θεωρουμένην,
2968 3653 3312 3725 ἐθεασάμεθα
3343 3650 3444 3722 τὴν
3472 3650 3642 3718 δόξαν
3686 3649 3769 3702 air

2173 3759 2290 3824 τοῦ,
2343 3757 2502 3822 δόξαν
2561 3754 2801 3828 ἄρρητον
2858 3750 2954 3804 καὶ
3004 3748 3183 3801 πάντα
3237 3743 3449 3814 θνητῶν
3505 3741 3765 3812 λογισμὸν

2175 3848 2628 3922 ὑπερϐαίνουσαν,
2661 3840 2854 3899 ὁποίαν
2872 3846 2958 3908 τις
2977 3836 3433 3912 ἐννοήσειεδόξαν
3461 3833 3602 3888 Υίοῦ
3635 3831 3764 3887 Θεοῦ

2178 3942 2517 4016 μονογενοῦς.
2560 3936 2668 3993 Ἦν
2705 3937 2762 3992 δὲ
2806 3935 2945 4008 αὕτη
3001 3932 3152 4006 παρὰ
3201 3929 3297 3984 τοῦ
3350 3927 3572 4000 [ἰατρὸς
3623 3927 3765 3993 δόξα,

2183 4038 2347 4108 Ὀρᾷς
2373 4075 2387 4099 ,
2419 4035 2567 4096 ὅπως
2611 4030 2711 4084 οὐκ
2747 4023 2899 4096 εἷπε,
2933 4026 3027 4081 καὶ
3074 4020 3418 4093 ἐθεασάμεθα
3463 4019 3571 4092 τὴν
3619 4018 3768 4082 δόξαν

2174 4128 2359 4193 αὐτοῦ,
2389 4124 2544 4190 δόξαν
2568 4123 2644 4186 ὡς
2674 4121 2870 4190 Λόγου,
2898 4117 3076 4173 καίτοι
3126 4111 3422 4187 προειπὼν,
3479 4110 3550 4163 '0
3581 4112 3767 4178 Λότος

2173 4217 2328 4286 σὰρξ
2357 4214 2614 4285 ἐγένετο,
2642 4211 2756 4264 ἀλλ’
2787 4211 2873 4264 ἵνα
2889 4207 3076 4280 διδάξῃ
3111 4207 3292 4258 ὁποῖον
3321 4203 3485 4257 αὐτὸν
3527 4201 3766 4270 ὑπεστή-

2176 4329 2306 4366 σατο
2332 4311 2523 4379 Λόγοψ
2556 4307 2659 4378 (ὅτι
2691 4304 2765 4377 μὴ
2789 4303 3142 4377 σημαντικὸν,
3166 4301 3283 4364 πῶς
3301 4300 3412 4370 γὰρ
3444 4299 3547 4352 καὶ
3576 4292 3689 4352 οἷόν
3713 4313 3762 4348 τε

495 4411 713 4482 quidem
753 4408 882 4474 tale,
913 4422 1043 4463 caro
1077 4404 1196 4461 ﬁeri
1245 4404 1527 4475 nequibat)
1553 4403 1904 4473 Unigenitum
1934 4418 2066 4472 pra:-

2182 4401 2245 4478 ἦν
2266 4405 2358 4459 τὸν
2383 4403 2622 4457 τοιοῦτον
2647 4401 2826 4471 σάρκα
2859 4395 3111 4466 γενέσθαι
3133 4412 3148 4457 ς
3173 4393 3193 4464 )
3246 4391 3570 4460 ἀναγκαίως
3611 4392 3764 4445 Μονο-

496 4505 730 4569 diserat,
760 4513 816 4558 et
862 4501 1088 4570 gloriam
1148 4497 1264 4570 ejus
1302 4496 1486 4563 talem,
1539 4497 1756 4568 qualem
1796 4489 1921 4551 Filii
1971 4493 2068 4552 Dei

497 4596 763 4667 unigeniti
812 4593 1042 4664 gloriam
1076 4590 1447 4661 intelligimus.
1478 4588 1543 4643 Et
1567 4588 1795 4660 gloriam
1841 4588 1915 4643 illi
1951 4603 2071 4643 eam

495 4702 524 4740 a
559 4684 719 4741 Patre
770 4699 982 4755 quoque
1035 4685 1194 4739 docet
1240 4691 1297 4735 et
1348 4697 1454 4737 non
1503 4681 1720 4736 aliunde
1767 4679 2072 4736 advenisse.

494 4781 631 4836 Nam
674 4795 774 4836 nec
813 4780 1131 4850 ingenitam,
1174 4795 1273 4835 nec
1312 4777 1583 4849 principio
1632 4785 1930 4844 carentem,
1973 4790 2075 4832 nec

492 4887 527 4927 a
569 4887 629 4928 se
664 4887 990 4943 possessam,
1029 4882 1086 4926 et
1126 4887 1231 4926 non
1279 4870 1501 4925 aliunde
1545 4869 1776 4941 gloriam
1811 4869 2069 4934 habebat,

496 4967 593 5024 sed
621 4981 655 5020 ιι
681 4965 842 5020 Patre
887 4980 987 5020 suo
1037 4975 1318 5034 acceptam
1352 4982 1365 5019 :
1395 4962 1539 5033 quod
1597 4963 1759 5017 docet
1812 4963 1929 5032 ipse
1983 4959 2071 5016 in-

498 5061 697 5131 quiens
726 5074 740 5112 :
775 5057 959 5125 Pater,
997 5056 1236 5130 gloriﬁca
1271 5072 1353 5110 me
1395 5055 1566 5126 gloria
1595 5052 1691 5107 illa
1735 5069 1893 5123 quam
1930 5053 2071 5122 apud

501 5165 554 5211 te
599 5155 785 5220 habui,
831 5163 954 5208 ante
1006 5151 1430 5207 constitutionem
1474 5149 1628 5203 istius
1674 5147 1860 5202 mundi
1883 5146 1950 5212 ⁸³,
1977 5146 2068 5202 cui

2181 4498 2312 4568 γενῆ
2371 4494 2532 4550 αὐτὸν
2583 4493 2832 4566 προεῖπε.
2874 4489 2986 4542 Καὶ
3016 4486 3114 4558 τὴν
3159 4482 3315 4550 δόξαν
3342 4482 3509 4537 αὑτοῦ
3569 4483 3762 4553 ταύτην

2183 4588 2322 4645 εἶναι
2346 4582 2622 4652 διδάσκει,
2672 4583 2792 4638 καθ’
2825 4583 2892 4653 ἢν
2928 4584 3127 4635 νοεῖται
3161 4575 3460 4650 μονογενὴς-
3495 4574 3604 4628 τοῦ
3639 4573 3759 4629 Θεοῦ

2181 4682 2327 4746 Υίὸς.
2379 4679 2674 4750 Ύπάρχειν
2699 4692 2758 4729 τε
2787 4672 2898 4745 (86)
2933 4670 3102 4742 αὐτῷ,
3132 4665 3308 4741 φησὶ,’
3330 4667 3432 4739 τὴν
3467 4666 3639 4733 δόξαν
3677 4665 3760 4719 οὐκ

2183 4773 2403 4830 ἄλλοθεν
2431 4771 2465 4844 ἢ
2497 4769 2647 4843 παρὰ
2671 4766 2764 4820 τοῦ
2792 4763 3004 4837 Πατρός
3027 4776 3042 4790 ·
3070 4760 3132 4814 οὐ
3167 4759 3276 4831 γὰρ
3303 4757 3633 4828 ἀγέννητον,
3657 4755 3760 4810 οὑᾶ

2183 4869 2440 4939 ἄναρχον,
2468 4861 2589 4917 οὐδὲ
2624 4860 2919 4931 ίδιόκτητον
2952 4851 3066 4927 εἶχε
3091 4854 3192 4924 τὴν
3215 4853 3372 4917 δόξαν
3390 4892 3406 4918 ,
3434 4850 3579 4906 ἀλλὰ
3629 4847 3760 4921 παρ,

2179 4958 2273 5013 τοῦ
2330 4955 2541 5029 Πατρὺς
2574 4951 2752 5006 λαϐών
2806 4949 2937 5022 (87).
2992 4945 3060 5002 ’0
3089 4946 3152 5018 δὴ
3189 4945 3284 4999 καὶ
3323 4943 3486 5006 αὐτὸς
3528 4943 3759 5029 παρίστι

2180 5051 2373 5122 λέγων,
2392 5026 2604 5115 Πάτερ,
2640 5043 2908 5108 δόξασόν
2932 5057 3010 5110 με
3032 5037 3108 5117 τῇ
3140 5037 3312 5105 δόξῃ,
3335 5033 3419 5103 ἢν
3455 5029 3632 5102 εἶχον
3659 5026 3758 5099 πρί

2179 5145 2287 5200 τοῦ
2319 5143 2426 5197 τὸν
2457 5142 2689 5210 κόσμον
2718 5138 2870 5191 εἶναι
2891 5132 3052 5205 παρὰ
3075 5131 3198 5188 σοί.
3233 5133 3330 5184 Ὃν
3354 5127 3451 5182 καὶ
3481 5123 3758 5198 ἀμείϐεται

577 5321 636 5381 ›Ῑ‹
666 5315 765 5372 Ed.
808 5314 1008 5384 Paris.,
1035 5331 1160 5388 pag.
1188 5315 1276 5372 85.
1350 5314 1395 5347 "
1418 5315 1438 5372 ι
1464 5311 1607 5371 Tim.
1627 5329 1700 5381 vn,
1734 5313 1822 5372 i6.
1898 5311 1944 5345 ⁸¹
1968 5306 2124 5368 Joan.
2159 5308 2296 5375 1,14.
2373 5307 2420 5340 ³³
2443 5304 2604 5365 Joan.
2626 5318 2762 5372 xv",
2793 5301 2848 5357 5.

577 5477 688 5545 (83)
711 5473 819 5532 Ἦν
848 5479 877 5531 6
903 5477 1062 5546 ὶόγος
1091 5477 1267 5548 vulgo.

573 5544 710 5619 (83‘)
743 5548 936 5602 Μόνων
963 5544 1214 5619 ΜόνΜυί
1247 5548 1405 5619 vulgo
1438 5548 1678 5604 διδάσκει
1709 5544 2040 5609 Λπόστολος.

603 5617 697 5707 ﬁt?
721 5619 928 5707 ἱερέα·
947 5617 1266 5707 δυνάμεν-
1303 5617 1452 5707 Et":
1480 5622 1633 5707 adeo
1670 5619 2067 5707 ἔκρτιιξέξῖιξξγ·

602 5686 693 5758 85)
725 5687 894 5761 Vulgo
935 5706 1043 5748 om.
1090 5686 1203 5742 καί.
1238 5689 1382 5745 lnl'ra
1427 5689 1614 5758 θνητὸν
1670 5686 1754 5742 )’“
1794 5686 2070 5758 ὖήπερὸάλο

2185 5473 2477 5612 λοῖἕὲἷίσ.
2511 5538 2659 5612 αὐτῷ
2690 5538 2772 5594 vel
2801 5531 2968 5592 αὑτοῦ
3007 5536 3140 5612 Mp_.,
3162 5534 3323 5604 vulgo
3338 5531 3548 5612 ἀοῖόν.

2399 5593 2570 5685 Vulgo
2595 5593 2702 5670 ὅδε,
2728 5619 2795 5685 et_
2812 5627 2932 5685 mox
2965 5593 3236 5685 παράοου
3254 5593 3574 5677 ξιιὲδόξασά
3599 5593 3754 5658 σεται

2178 5694 2235 5742 et
2258 5677 2424 5740 αὑτοῦ
2461 5677 2662 5745 πάντες
2691 5691 2741 5736 et
2772 5679 2963 5733 ἀκούει
2996 5677 3131 5731 Σαὸ.
