3838 6222
130 275 237 333 859

1087 271 1171 326 DE
1209 268 1742 328 ECCLESIASTICA
1782 266 2175 326 THEOLOGIA
2214 268 2349 327 LIB.
2388 268 2428 325 l.

3274 263 3379 320 870

129 389 310 458 λέγων
340 388 370 441 6
399 387 611 460 Πατήρ·
650 386 760 443 Καὶ
791 385 1055 451 ἐδόξασα
1100 385 1200 439 καί
1228 384 1413 439 πάλιν
1449 384 1708 449 δοξάσω.

1823 386 2147 452 respondens
2186 383 2262 436 ait
2304 381 2469 437 Pater
2500 395 2516 435 :
2545 378 2614 434 Et
2645 380 2943 450 gloriﬁcaui
2986 387 3057 444 te,
3091 389 3138 434 et
3186 379 3375 434 iterum

130 484 246 537 Kal.
285 482 365 536 ἔτι
414 482 614 554 μᾶλλον
653 482 755 555 τὴν
805 481 1102 535 ὑπόστασιν
1146 479 1310 533 αὑτοῦ
1348 479 1658 548 συνίστησιν
1684 480 1713 532 6

130 572 300 637 αὐτὸς
347 571 737 644 εὑαγγελιστὴς
769 572 1079 643 ἐπιφέρων,
1145 571 1395 641 Ἰωάννης
1444 571 1715 642 μαρτυρεῖ

128 665 263 736 περὶ
288 663 452 716 αὑτοῦ
479 663 573 716 καὶ
598 662 838 735 κέκραγε
878 662 1051 731 λέγων
1077 680 1091 693 θ
1121 658 1314 730 Οὗτος
1344 660 1423 734 ἦν
1453 666 1485 716 ό
1520 664 1713 716 ὀπίσω

128 768 250 819 μου
271 750 594 819 ἐρχόμενος
617 789 631 815 ,
662 751 731 817 ὃς
760 751 1100 821 ἔμπροσθέν
1133 768 1251 819 μου
1288 752 1533 822 γέγονεν
1554 791 1569 815 ,
1622 752 1712 806 ὅτι

131 842 365 911 πρῶτός
388 861 506 913 μου
547 841 647 916 ἦν,
683 843 773 897 ὅτι
823 844 893 898 ἐκ
938 843 1047 897 τοῦ
1094 841 1486 911 πληρώματος
1525 843 1710 896 αὐτοῦ

129 933 307 1002 ἡμεῖς
334 934 558 1002 πάντες
606 936 916 1005 ἐλάϐομεν.
971 934 1132 987 Ἀλλὰ
1182 933 1410 1004 βοῶντος
1446 936 1710 993 Ἰωάννου,

131 1025 216 1077 ὅτι
243 1025 461 1096 πρῶτος
502 1023 571 1097 ἦν
608 1026 771 1080 αὑτοῦ
798 1064 813 1091 ,
838 1026 937 1079 οὐκ
978 1026 1163 1079 ἀκούει
1203 1027 1231 1079 ό
1260 1026 1376 1089 νέος
1404 1025 1710 1087 Σαόέλλιος,

131 1116 311 1171 καίτοι
338 1117 479 1170 κατὰ
499 1118 679 1189 σάρκα
697 1118 906 1189 προῆγε
951 1116 1045 1170 τοῦ
1073 1115 1289 1189 (88-89)
1327 1116 1424 1187 τὴν
1450 1118 1662 1185 γένεσιν
1684 1118 1713 1169 ό

131 1207 445 1278 Βαπτιστὴς
488 1208 757 1277 Ἰωάννης.
790 1206 915 1271 Πῶς
947 1200 1040 1259 οὖν
1062 1204 1418 1276 μαρτύρεται,
1453 1205 1537 1257 ὅτι
1562 1204 1710 1275 πρῶ-

128 1315 227 1364 τος
254 1298 416 1353 αὑτοῦ
451 1292 517 1370 ἦν
541 1302 638 1369 ;τῇ
665 1298 764 1369 μὲν
791 1298 900 1369 γὰρ
923 1299 1066 1352 κατὰ
1094 1299 1270 1369 σάρκα
1301 1298 1577 1367 γεννήσει,
1612 1295 1711 1349 οὐκ

128 1386 202 1462 ἦν
226 1390 441 1462 πρῶτος
467 1390 632 1444 αὑτοῦ
656 1380 683 1444 ό
706 1391 896 1461 Σωτήρ
920 1406 935 1421 ⁸
970 1388 1169 1443 οὐκοῦν
1191 1389 1313 1442 καθ’
1346 1389 1374 1441 ὃ
1399 1387 1733 1459 Μονογενὴςλ

127 1475 201 1552 ἦν
230 1477 324 1533 τοῦ
345 1478 503 1544 Θεοῦ,
533 1477 745 1549 πρῶτος
774 1474 843 1549 ἦν
871 1477 965 1531 τοῦ
994 1478 1262 1537 Ἰωάννου.
1289 1477 1383 1531 καὶ
1405 1476 1711 1548 ἔμπροσθεν

131 1570 301 1624 αὑτοῦ
325 1571 567 1639 γέγονεν.
597 1565 723 1641 'Ap’
744 1566 837 1624 οὖν
857 1570 1162 1641 ἐπιδέχεται
1176 1570 1349 1623 ταῦτα
1372 1570 1464 1622 ἐπὶ
1488 1567 1577 1622 τὸν
1601 1570 1713 1622 Πα-

129 1661 273 1733 τέρα
294 1662 387 1715 καὶ
400 1660 532 1715 Θεὸν
556 1660 661 1715 τῶν
680 1661 816 1721 ὅλων
850 1660 1236 1732 ἀναφέρεσθαι,
1264 1660 1298 1732 ἢ
1333 1660 1426 1713 ἐπὶ
1456 1658 1711 1737 ἀνούσιον

1813 474 2117 544 glariﬁcabo
2136 474 2204 527 “.
2262 474 2366 528 Sed
2408 474 2587 528 adhuc
2625 472 2854 527 ulterius
2905 471 3238 542 evangelista
3289 470 3378 525 ille

1812 565 1955 619 idem
1983 564 2051 619 de
2079 562 2357 634 bypostasi
2383 563 2556 633 ipsius
2579 563 2829 633 perhibet
2858 562 3250 628 testimonium,
3285 563 3374 616 ubi

1811 654 2045 710 Joannes
2092 655 2334 725 Baptista
2383 654 2748 709 testimonium
2780 654 2829 707 ei
2860 653 3151 723 perhibuit,
3174 663 3231 709 et
3260 655 3377 709 cla-

1814 749 1983 803 mavit
2012 749 2196 803 dicens
2229 747 2378 802 :Hic
2424 756 2537 801 erat
2579 748 2667 816 qui
2696 754 2809 815 post
2851 762 2932 799 me
2976 747 3207 811 ueniens,
3255 756 3377 798 ante

1813 860 1894 897 me
1924 841 2096 911 factus
2127 851 2224 907 est,
2255 842 2378 912 quia
2411 843 2559 909 prior
2586 855 2666 893 me
2711 849 2845 904 erat,
2875 841 3000 909 quia
3042 841 3105 893 de
3148 841 3376 908 plenitu-

1812 940 1935 992 dine
1961 938 2075 1009 ejus
2103 954 2277 991 omnes
2307 936 2597 1003 accepimus
2613 936 2681 992 ⁸⁸.
2725 936 2830 991 Sed
2864 934 3185 989 clamantem
3208 931 3377 987 Joaneo

1813 1046 1936 1086 nem
1966 1030 2108 1099 quod
2158 1030 2307 1098 prior
2344 1027 2463 1097 ipso
2502 1025 2684 1092 fuerit,
2712 1026 2981 1082 Sabellius
3039 1040 3146 1079 non
3204 1025 3374 1089 audit,

1813 1136 2087 1193 utcunque
2128 1123 2195 1177 de
2226 1122 2579 1191 generatione
2616 1112 2756 1187 ap'ud
2788 1117 3003 1173 Patrem
3030 1116 3273 1185 Baptista
3297 1117 3380 1171 in.

1813 1217 2070 1272 stituebat
2125 1228 2449 1269 sermonem.
2501 1211 2783 1278 Quomodo
2826 1210 2990 1277 igitur
3034 1208 3082 1263 ei
3133 1206 3380 1262 testimo-

1812 1310 1959 1363 nium
1987 1307 2253 1376 perbibet,
2291 1305 2436 1374 quod
2465 1312 2592 1359 ante
2629 1302 2804 1372 ipsum
2849 1298 3010 1354 erat?
3036 1298 3203 1354 Certe
3232 1297 3376 1366 quod

1813 1407 2023 1468 spectat
2074 1396 2257 1451 carnis
2301 1394 2742 1466 generationem,
2781 1389 3042 1446 Servator
3101 1402 3209 1442 non
3258 1394 3381 1440 erat

1813 1498 1939 1543 ante
1959 1503 2081 1543 eum
2111 1502 2126 1539 :
2157 1488 2469 1542 necessario
2494 1485 2605 1539 vult
2642 1484 2937 1539 secundum
2965 1494 3109 1546 eam,
3139 1493 3244 1547 qua
3282 1476 3378 1531 Dei

1812 1580 2011 1634 dicitur
2046 1578 2385 1649 Unigenitus.
2429 1575 2736 1632 Secundum
2787 1574 2931 1629 hanc
2986 1575 3136 1640 prior
3173 1568 3380 1623 Joanne

1814 1663 1939 1729 fuit,
1970 1674 2027 1720 et
2053 1675 2180 1719 ante
2214 1679 2337 1718 eum
2399 1661 2749 1716 nascebatur.
2792 1657 3109 1712 Patieturne
3158 1655 3261 1708 ista
3311 1655 3379 1708 ad

134 1751 611 1806 mlavundc‘ca'rov
626 1753 683 1804 ὲν
712 1750 793 1821 τῷ
822 1749 939 1821 Θεῷ
976 1749 1146 1818 Λόγον
1158 1750 1246 1803 τὸν
1283 1748 1441 1802 αὐτὸν
1477 1748 1606 1801 ὄντα
1636 1746 1715 1818 τῷ

1823 1747 2025 1803 Patrem
2059 1757 2114 1803 et
2143 1748 2518 1802 universorum
2547 1745 2714 1799 Deum
2744 1742 2961 1806 referri,
2992 1755 3060 1794 an
3091 1740 3271 1809 pctius
3306 1738 3376 1790 ad

132 1843 291 1915 Θεῷς
338 1845 450 1897 Καὶ
480 1843 596 1907 πῶς
632 1843 698 1898 ἂν
725 1843 811 1913 εἴη
833 1842 1054 1896 δυνατὸν
1082 1842 1211 1913 περὶ
1242 1841 1335 1895 τοῦ
1366 1839 1441 1912 μὴ
1472 1840 1714 1910 ὑφεστῶ-

132 1953 229 1999 τος
254 1935 413 2003 λόγου
429 1934 682 2004 λέγεσθαι
702 1936 782 1999 τὸ,
810 1930 1187 2004 Ἐμπροσθέν
1207 1950 1325 2001 μου
1346 1931 1553 2002 γέγονε
1576 1946 1594 1993 -;
1619 1930 1715 1993 Τίς

130 2027 182 2079 δ’
214 2024 357 2079 οὕτω
382 2025 596 2097 μανείη,
630 2025 705 2090 ὡς
759 2025 978 2096 νομίσαι
1012 2022 1263 2094 Ἰωάννην
1294 2021 1385 2075 τὸν
1407 2022 1714 2092 Βαπτιστὴν

132 2119 268 2188 περὶ
283 2116 378 2170 τοῦ
394 2116 530 2171 Θεοῦ
546 2116 653 2171 τῶν
672 2116 808 2170 ὅλων
823 2115 1100 2187 εἰρηκέναι
1115 2114 1585 2183 τὺ,Ἔμπροσθέν
1596 2130 1714 2182 μου

130 2207 348 2277 req-ore
365 2249 382 2273 ,
414 2209 509 2261 καὶ
552 2210 636 2263 ὅτι
690 2207 919 2278 πρῶτός
939 2225 1059 2279 μου
1082 2203 1196 2277 ἧν;
1223 2205 1428 2259 Οὐκοῦν
1451 2205 1716 2260 δέδεικται

130 2299 227 2353 διὰ
268 2302 474 2353 τούτων
530 2301 896 2372 πῳῦπάρχων
942 2300 1042 2369 τῆς
1090 2297 1332 2352 Ἰωάννου
1384 2298 1659 2367 γενέσεως.
1688 2298 1717 2350 6

132 2392 581 2464 θεολογούμενος,
616 2393 711 2446 καὶ
767 2391 1073 2462 ἔμπροσθεν
1116 2388 1280 2444 αὐτοῦ
1323 2388 1560 2459 γεγονὼς
1605 2388 1716 2453 [90)

134 2484 374 2555 συνέστη
395 2503 453 2539 τε
486 2486 547 2539 οὐ
584 2485 742 2557 μόνον
778 2484 949 2553 Λόγος
968 2525 983 2549 ,
1013 2482 1149 2537 ἀλλὰ
1184 2483 1276 2536 καὶ
1303 2481 1433 2545 Θεὸς
1458 2481 1550 2535 καὶ
1580 2480 1715 2548 φῶς,

130 2579 235 2632 καὶ
257 2577 590 2648 Μονογεςνὴς,
622 2577 729 2649 πρὸ
761 2576 861 2646 τῆς
900 2575 1164 2647 ὲνσάρκου
1207 2575 1505 2647 παρουσίας
1548 2572 1719 2645 ὑπάρ-

130 2687 251 2740 χων
278 2686 339 2723 τε
366 2670 463 2723 καὶ
486 2668 889 2740 ὠνομασμένος.
916 2668 1132 2722 Τούτων
1165 2666 1221 2720 δὲ
1253 2665 1415 2719 πόθεν
1454 2665 1488 2725 ἡ
1521 2664 1718 2732 γνῶσις

131 2762 217 2833 τῷ
249 2760 630 2831 εὐαγγελιστῇ,
660 2759 819 2822 αὐτὸς
855 2758 1083 2829 δηλώσει
1105 2756 1277 2824 λέγων
1308 2754 1465 2826 ἑξῆς,
1496 2758 1524 2807 6
1548 2755 1720 2809 Μονο-

132 2854 309 2924 γενὴς
340 2853 467 2916 Υίδς
501 2855 531 2907 6
552 2851 626 2905 ὣν
659 2853 738 2914 εἰς
758 2852 849 2904 τὸν
877 2850 1074 2903 κόλπον
1098 2848 1190 2903 τοῦ
1217 2847 1431 2918 Πατρὸς
1450 2886 1465 2910 ,
1514 2848 1721 2907 ἐκεῖνος

132 2944 470 3016 ἐξηγήσατο.
524 2944 687 3015 Ὁρᾷς
738 2940 889 3012 παρὰ
939 2940 1083 3004 τίνος
1126 2937 1410 3010 μεμάθηκε
1453 2934 1547 2989 τοῦ
1593 2935 1718 2988 Υίοῦ

133 3037 243 3107 τὴν
270 3035 568 3103 θεολογίαν.

1815 1841 2040 1915 verbum
2087 1838 2513 1894 involuntarium
2554 1845 2608 1890 et
2646 1834 2943 1889 inexistens
2978 1832 3033 1886 in
3061 1831 3204 1896 Deo,
3236 1830 3379 1899 quod

1816 1948 1937 1987 cum
1954 1931 2064 1986 Deo
2093 1931 2232 1986 idem
2255 1929 2326 1985 sit
2345 1929 2368 1982 ?
2389 1929 2493 1984 Sed
2512 1928 2577 1982 de
2602 1927 2765 1981 verbo
2789 1942 2894 1981 non
2921 1922 3272 1987 subsistente,
3294 1932 3379 1974 est

1817 2019 2149 2092 impossibile
2169 2029 2231 2074 ut
2256 2019 2471 2074 dicatur
2510 2016 2643 2071 illud
2676 2032 2691 2069 :
2728 2016 2864 2069 Ante
2906 2029 2988 2068 me
3027 2011 3221 2081 fuerat.
3245 2010 3379 2077 Quis

1818 2117 1953 2168 adeo
1984 2113 2208 2167 insanus
2239 2119 2343 2173 est,
2375 2119 2434 2163 ut
2464 2108 2715 2177 Opinetur
2739 2106 3038 2175 Baptistam
3073 2104 3138 2158 de
3158 2102 3378 2157 univer-

1819 2220 2000 2263 sorum
2044 2204 2157 2259 Deo
2208 2202 2396 2257 isthaac
2454 2213 2744 2267 usurpasse
2774 2214 2789 2251 :
2819 2196 2954 2251 Erat
2992 2205 3112 2249 ante
3168 2209 3269 2258 me,
3324 2203 3382 2248 et

1817 2299 1965 2368 prius
1988 2311 2066 2349 me
2110 2295 2317 2364 genitus
2340 2301 2415 2346 est
2438 2292 2464 2345 ?
2500 2295 2557 2354 >14
2588 2289 2726 2344 llinc
2756 2288 2921 2358 igitur
2948 2287 3379 2342 demonstratum

1819 2399 1927 2453 est,
1958 2402 2082 2443 eum
2130 2386 2199 2441 de
2246 2383 2403 2450 cujus
2442 2380 2727 2436 divinitate
2759 2380 2959 2450 agitur,
2989 2385 3116 2432 ante
3140 2375 3379 2447 genitum

1817 2480 2079 2537 Joannem
2134 2475 2479 2533 substitisse:
2514 2480 2570 2527 et
2616 2471 2767 2542 prius
2805 2468 2896 2524 illo
2944 2468 3179 2539 genitum
3211 2466 3382 2521 exsti-

1821 2570 2001 2626 tisse:
2040 2567 2132 2638 qui
2183 2581 2289 2622 non
2327 2563 2499 2620 solum
2548 2562 2705 2616 modo
2759 2559 3022 2624 Verbum,
3077 2557 3174 2614 sed
3219 2558 3380 2619 Deus,

1821 2661 1939 2726 lux,
1970 2658 2314 2730 Unigenitus,
2345 2665 2472 2710 ante
2498 2653 2789 2708 adventum
2816 2650 2870 2704 in
2899 2663 3064 2704 carne
3089 2656 3143 2704 et
3185 2654 3302 2703 erat
3325 2655 3383 2701 et

1821 2752 2123 2808 dicebatur.
2185 2748 2339 2805 Unde
2395 2761 2526 2801 vero
2578 2745 2694 2799 hac
2743 2740 2983 2811 cognitio
3037 2736 3384 2807 evangelista;

1821 2840 2267 2910 accesserit,ipse
2285 2854 2384 2895 nos
2411 2836 2623 2893 docebit
2649 2835 2702 2889 in
2726 2830 3104 2901 sequentibus,
3125 2826 3385 2897 Unigeni-

1822 2941 1910 2987 tus
1948 2931 2140 2995 Filius,
2183 2930 2276 3000 qui
2306 2938 2425 2984 erat
2463 2929 2515 2981 in
2555 2926 2675 2981 sinu
2711 2922 2914 2985 Patris,
2940 2922 3054 2989 ipse
3080 2916 3381 2974 enarravit.

1826 3022 1986 3076 Vides
2011 3020 2170 3076 Verbi
2202 3018 2502 3075 divinitatis
2539 3016 2776 3071 rationes
2803 3011 2942 3067 unde
2964 3008 3174 3065 didicit.

211 3127 275 3180 ε’.
306 3129 381 3181 Οὐ
410 3090 515 3198 γὰρ
548 3126 752 3196 Μωσῆς
775 3140 938 3194 φησιν
963 3121 1096 3193 (91),
1144 3120 1265 3174 οὐδὲ
1305 3118 1598 3192 προφητῶν
1639 3137 1719 3183 τις

1893 3112 1945 3169 5.
1986 3112 2104 3168 Non
2150 3110 2362 3182 Moyses
2409 3110 2504 3175 ait,
2540 3107 2634 3163 sed
2678 3119 2780 3161 nec
2819 3100 3198 3173 prophetarum
3239 3097 3389 3169 quis-

133 3217 253 3270 τῶν
284 3216 423 3287 μετὰ
449 3214 651 3269 Μωσέα
671 3231 684 3245 ο
715 3211 835 3265 οὐδέ
860 3228 925 3280 γε
944 3210 1190 3279 ἀγγέλων
1214 3227 1318 3272 τις,
1346 3209 1380 3279 ἣ
1408 3208 1514 3261 τῶν
1547 3225 1726 3279 κρειτ-

135 3307 317 3361 τόνων
362 3304 644 3374 δυνάμεων
664 3342 678 3367 ,
709 3301 823 3356 ἀλλ’
846 3300 1007 3364 αὐτὸς
1039 3301 1067 3353 6
1117 3300 1408 3370 μονογενὴς
1434 3298 1560 3360 Υίὸς
1584 3298 1723 3351 τοῦτ’

136 3397 470 3468 δξηγήσατο.
496 3393 701 3449 Ούκοῦν
743 3397 773 3448 6
812 3394 909 3465 μὲν
950 3392 1177 3464 ἀόρατος
1217 3389 1348 3453 Θεὸς
1390 3390 1489 3443 οὐκ
1533 3388 1727 3460 ἐξηγή-

140 3506 283 3545 σατο
302 3529 319 3554 ,
354 3490 384 3542 6
428 3488 486 3541 δὲ
536 3486 826 3558 μονογενὴς
866 3483 992 3547 Υἱὸς
1038 3482 1231 3553 ὁρατὸς
1266 3480 1585 3551 γενόμενος,
1629 3480 1726 3550 τὴν

140 3581 281 3652 περὶ
302 3579 395 3633 τοῦ
424 3579 637 3650 Πατρός
667 3575 972 3650 ἀνθρώποις
998 3575 1256 3644 ἐξήγησιν
1285 3564 1593 3642 ἐποιήσατο,
1621 3571 1729 3623 ἓτε-

143 3696 244 3751 ρος
288 3677 365 3731 ὣν
406 3674 606 3747 δηλαδὴ
652 3672 801 3744 παρὰ
828 3672 918 3725 τὸν
969 3671 1199 3740 ἀόρατον
1252 3668 1384 3722 Θεόν
1404 3684 1417 3698 ⁸
1460 3665 1596 3721 ἀλλὰ
1634 3666 1727 3719 καὶ

143 3768 522 3842 πῳῦπὰρχων
548 3762 641 3837 ἦν,
675 3765 776 3818 οὐκ
819 3765 876 3817 ὲν
902 3765 970 3834 τῇ
1017 3761 1224 3832 διανοίᾳ
1255 3757 1344 3813 τοῦ
1373 3758 1585 3830 Πατρὸς
1606 3796 1621 3821 ,
1653 3758 1728 3819 ὡς

144 3858 329 3911 ὲδόκει
355 3855 680 3927 Μαρκέλλῳ,
712 3854 827 3908 ἀλλ’
851 3854 908 3906 ὲν
938 3855 1050 3916 τοῖς
1072 3850 1290 3913 κόλποις
1324 3847 1515 3912 αὐτοῦ,
1541 3846 1688 3899 ὥσπε
1696 3864 1729 3918 ρ

146 3950 271 4020 (92)
296 3948 361 4019 δὴ
389 3950 520 4017 ἡμῖν
549 3944 877 4017 ἐπήγγελται
899 3944 930 3997 ό
961 3941 1151 4014 Σωτὴρ
1173 3941 1253 4004 είς
1273 3940 1504 4002 κόλπους
1535 3937 1729 4008 Ἀϐρα-

146 4044 236 4112 ὰμ
262 4041 360 4094 καὶ
396 4037 580 4092 Ἰσαὰκ
606 4038 698 4090 καὶ
733 4033 926 4089 Ἰακὼϐ
953 4028 1446 4091 διαναπαύσασθαι,
1471 4027 1615 4082 οὕτω
1636 4028 1729 4081 καὶ

145 4138 178 4187 ὁ
213 4133 346 4195 Υἱὸς
373 4135 451 4194 είς
471 4131 561 4183 τὸν
590 4130 787 4183 κόλπον
813 4122 882 4198 ἦν
911 4124 1005 4178 τοῦ
1030 4124 1243 4195 [ἰατρὸς
1264 4163 1281 4189 ,
1310 4123 1407 4192 οὐχ
1453 4118 1535 4184 εἷς
1579 4120 1672 4173 καὶ
1701 4121 1730 4171 6

147 4224 319 4286 αὐτὸς
358 4222 434 4276 ὢν
461 4221 537 4293 τῷ
575 4220 768 4291 Πατρὶ,
798 4217 921 4269 ἐπεὶ
953 4215 1086 4286 μηδὲ
1115 4208 1275 4285 ἡμεῖς
1300 4212 1455 4266 αὐτοὶ
1494 4209 1729 4282 ἐσόμεθα

147 4318 269 4380 τοῖς
294 4315 470 4383 ἁγίοις
510 4312 800 4381 πατράσιν.
845 4307 1005 4361 Ἀλλὰ
1029 4306 1137 4377 γὰρ
1163 4305 1257 4358 ἐπὶ
1295 4303 1507 4367 τούτοις
1552 4304 1726 4373 τήρει,

1824 3206 1969 3277 piam
2000 3210 2124 3274 post
2163 3200 2403 3273 Moysem
2427 3214 2443 3253 :
2467 3213 2572 3255 non
2603 3212 2635 3252 e
2677 3207 2903 3251 numero
2931 3189 3268 3261 angelorum,
3294 3199 3390 3242 aut

1826 3296 2137 3354 sublimium
2166 3292 2364 3363 aliquis
2389 3298 2716 3361 potestatum
2748 3303 2763 3341 :
2788 3285 2882 3341 sed
2921 3284 3037 3353 ipse
3063 3280 3233 3337 Filius
3259 3280 3387 3334 uni-

1825 3388 2062 3458 genitus,
2102 3387 2206 3441 hoc
2240 3383 2554 3440 enarrabat.
2609 3378 2935 3449 Uuigenitus
2968 3373 3161 3437 Filius,
3206 3371 3387 3428 factus

1824 3476 2078 3540 visibilis,
2114 3476 2511 3530 enarrationem
2555 3471 2622 3526 de
2657 3468 2818 3523 Patre
2848 3465 2991 3536 apud
3033 3464 3280 3519 homines
3302 3464 3389 3517 in-

1826 3570 2087 3625 stituebat
2108 3567 2274 3630 alius,
2297 3578 2489 3633 nempe
2511 3562 2809 3624 exaistens,
2849 3558 2917 3613 ab
2944 3554 3199 3611 invisibili
3237 3553 3346 3608 Deo
3369 3570 3384 3607 :

1826 3659 1921 3715 sed
1944 3669 1999 3714 et
2027 3672 2202 3725 prater
2214 3654 2443 3731 sistebat
2475 3652 2567 3706 ille
2600 3666 2732 3715 non,
2760 3648 2903 3718 quod
2931 3644 3183 3700 Marcello
3213 3643 3388 3698 visum

1826 3758 1929 3814 est,
1968 3748 2022 3803 in
2071 3757 2254 3802 mente
2292 3744 2505 3808 Patris;
2530 3741 2624 3797 sed
2667 3741 2721 3794 in
2766 3740 2888 3793 sinu
2929 3735 3086 3805 ejus:
3118 3734 3389 3805 quomodo

1828 3838 2078 3905 promisit
2130 3836 2387 3891 Servatur
2443 3832 2618 3897 nobis,
2675 3844 2775 3885 nos
2824 3829 2879 3882 in
2919 3828 3043 3883 sinu
3088 3826 3386 3890 Abraham,

1828 3928 1997 3996 Isaac,
2028 3935 2083 3983 et
2112 3918 2280 3982 Jacob
2317 3923 2597 3996 quieturos
2629 3937 2644 3977 :
2676 3921 2752 3976 ita
2785 3928 2841 3976 et
2882 3918 2999 3988 ipse
3033 3924 3156 3972 erat
3185 3915 3239 3969 in
3266 3913 3387 3970 sinu

1828 4020 2027 4086 Patris,
2053 4033 2162 4075 non
2188 4032 2329 4073 unus
2365 4016 2615 4084 idemque
2639 4028 2760 4068 cum
2791 4025 2890 4067 suo
2914 4009 3095 4063 Patre.
3122 4005 3254 4061 Nam
3292 4020 3390 4061 nec

1829 4127 1929 4167 nos
1957 4111 2124 4167 futuri
2156 4123 2348 4165 sumus
2375 4108 2538 4163 iidem
2571 4120 2693 4160 cum
2734 4101 2938 4158 sanctis
2981 4100 3087 4155 illis
3124 4099 3388 4169 patribus.

1830 4205 1937 4261 Sed
1966 4213 2023 4259 et
2064 4203 2193 4259 illud
2237 4202 2460 4271 insuper
2489 4195 2886 4254 observandum
2917 4193 3086 4257 venit,
3127 4190 3272 4261 quod
3302 4189 3393 4244 ubi

1829 4296 1996 4353 semel
2010 4295 2241 4351 Verbum
2261 4292 2659 4353 nominaverat,
2687 4285 2933 4343 eumdem
2960 4283 3123 4339 etiam
3148 4290 3203 4336 et
3226 4281 3394 4336 Deum

148 4370 307 4470 ὅπως
481 4405 540 4459 τὸ
554 4370 700 4467 ἅπαξ
719 4400 980 4472 ὀνομάσαι
998 4370 1168 4466 Λόγον
1191 4395 1286 4450 καὶ
1299 4394 1429 4448 Θεὸν
1451 4394 1541 4448 τὸν
1568 4370 1719 4449 αύτὸν

1830 4397 1885 4443 et
1911 4387 2086 4443 lucem
2123 4384 2281 4449 dixit,
2304 4392 2360 4438 et
2388 4381 2729 4451 Unigeuitum
2761 4374 3068 4447 appellavit,
3104 4381 3161 4427 et
3198 4370 3393 4425 Filium

149 4501 425 4562 ἀνειπεῖν,
457 4497 551 4551 καὶ
574 4496 687 4565 φῶς
710 4491 1074 4554 ἀποκαλέσαι,
1105 4487 1201 4542 xal
1231 4485 1508 4556 Μονογενῆ
1537 4485 1723 4555 φάναι,

152 4593 255 4647 καὶ
279 4591 407 4643 Υίὸν
432 4587 565 4642 Θεοῦ
608 4584 968 4658 ὁμολογῆσαι,
998 4584 1097 4637 οὐκ
1135 4581 1214 4635 ἔτι
1243 4578 1413 4647 Λόγον
1450 4576 1725 4648 ὀνομάζει,

152 4684 298 4740 ἀλλᾶ
329 4682 424 4736 καὶ
453 4679 614 4733 αὐτὸν
642 4676 827 4730 λοιπὸν
864 4676 1065 4746 ἱστορεῖ
1112 4673 1203 4727 τὸν
1234 4672 1498 4742 Σωτῆρα,
1532 4670 1592 4723 ού
1623 4668 1726 4721 Λό-

152 4794 254 4845 γον
284 4773 477 4827 ἑαυτὸν
499 4768 875 4824 ἀποκαλοῦντα
898 4804 913 4830 ,
959 4765 1095 4820 ἀλλὰ
1129 4765 1256 4819 Υίὸν
1285 4764 1380 4817 καὶ
1427 4760 1726 4830 Μονογενῆ,

154 4868 252 4922 καὶ
286 4865 420 4934 φῶς,
454 4864 547 4917 καὶ
572 4861 716 4932 ζωὴν
739 4898 756 4926 ,
799 4859 892 4911 καὶ
917 4856 1207 4927 ἀλήθειαν,
1240 4855 1335 4908 καὶ
1357 4852 1494 4907 ἄλλα
1530 4851 1728 4922 μυρία·

152 4962 351 5028 ὥσπερ
372 4954 466 5010 οὖν
488 4954 720 5010 ἀκοῦσαι
752 4952 1013 5026 πάρεστιν
1033 4947 1198 5003 αὐτοῦ
1223 4940 1324 5001 ὧδέ
1351 4962 1430 5017 πη
1451 4942 1731 4997 διδάσκον-

152 5066 251 5111 τος
272 5065 289 5079 ο
326 5048 487 5100 Οὕτω
507 5044 617 5114 γὰρ
642 5041 956 5112 ἠγάπησεν
970 5043 1002 5095 ό
1023 5036 1165 5104 Θεὸς
1187 5036 1294 5091 τὸν
1305 5035 1555 5104 κόσμον,
1576 5029 1731 5084 ὥστε

154 5141 272 5196 τὸν
318 5136 452 5192 Υίόν
474 5134 657 5189 αὐτοῦ
698 5133 804 5187 τὸν
823 5127 1120 5201 μονογενῆ
1159 5126 1382 5183 ἔδωκεν
1404 5163 1419 5187 ,
1453 5123 1555 5176 ἵνα
1613 5116 1732 5186 πᾶς

1832 4479 1926 4535 Dei
1956 4478 2263 4533 conﬁtetur.
2297 4472 2408 4529 Nec
2465 4471 2719 4541 deinceps
2752 4469 2902 4523 illum
2949 4464 3185 4519 Verbum
3233 4476 3393 4515 usur-

1832 4584 1945 4645 pat,
1976 4572 2073 4627 sed
2100 4579 2155 4626 et
2184 4567 2527 4624 Servatorem
2553 4566 2959 4621 commemorat,
2978 4556 3196 4623 insuper
3220 4550 3394 4620 ipsum

1835 4640 1894 4717 se
1923 4658 2193 4717 dicentem
2232 4671 2342 4712 non
2369 4655 2627 4717 Verbum,
2661 4650 2755 4704 sed
2794 4646 2990 4701 Filium
3033 4640 3393 4710 unigenitum,

1834 4752 2032 4819 lucem,
2066 4750 2255 4814 vitam,
2298 4744 2605 4806 veritatem,
2638 4748 2695 4794 et
2720 4743 2975 4793 sexcenta
3010 4734 3229 4803 quidem
3264 4730 3391 4785 alia.

1830 4844 2096 4900 Nimirum
2125 4841 2314 4897 audire
2341 4840 2469 4893 licet
2500 4836 2674 4907 ipsum
2714 4832 2795 4887 sic
2826 4832 3110 4884 docentem
3140 4843 3157 4880 :
3188 4823 3277 4879 Sic
3313 4826 3397 4877 di-

1832 4934 1962 4988 lexit
2006 4932 2147 4987 Deus
2190 4930 2465 4991 mundum,
2511 4934 2567 4977 ut
2610 4919 2812 4974 Filium
2858 4934 3013 4972 suum
3073 4915 3397 4984 unigenitum

1836 5031 2007 5089 daret,
2036 5033 2093 5078 ut
2119 5023 2287 5075 omnis
2316 5019 2405 5091 qui
2437 5016 2609 5070 credet
2655 5015 2710 5066 in
2742 5027 2859 5065 eum
2896 5025 2998 5062 non
3031 5018 3205 5075 pereat
3230 5005 3297 5058 ⁸⁸.
3332 5004 3398 5058 Ει

1838 5118 2071 5174 iterum:
2100 5104 2285 5185 Neque
2327 5114 2465 5167 enim
2510 5109 2653 5163 misit
2712 5106 2853 5161 Deus
2907 5101 3107 5156 Filium
3158 5115 3309 5153 suum
3343 5099 3399 5151 in

238 5326 304 5387 ὦ
328 5319 430 5375 Ed.
450 5316 649 5385 Parim,
678 5330 803 5387 pag.
827 5310 919 5368 86.
990 5309 1038 5342 “
1069 5307 1226 5366 Joan.
1255 5320 1354 5371 xu,
1380 5302 1471 5358 28.
1526 5300 1572 5333 ⁸⁸
1597 5298 1719 5355 Joau

1823 5340 1825 5355 .
1857 5294 1944 5362 15,
1978 5294 2061 5348 16.
2135 5293 2180 5325 ⁸⁸
2211 5289 2366 5346 Joan.
2398 5304 2482 5354 ιιι,
2509 5287 2595 5343 16.

214 5514 215 5517 Ἴ
240 5560 459 5633 (88—89)
487 5557 652 5629 Vulgo
675 5555 884 5633 πατρός
904 5563 959 5611 et
988 5550 1123 5608 infra
1147 5546 1361 5619 πρῶτος
1392 5542 1556 5599 αὐτοῦ
1576 5536 1645 5614 ἦν
1680 5549 1737 5596 et

158 5628 261 5690 ἑπὶ
285 5628 537 5687 ἀκούσιον
561 5628 615 5683 et
635 5628 881 5699 νομίσας.

744 5698 806 5751 ού
840 5681 999 5765 vulgo
1030 5700 1083 5748 et
1110 5692 1205 5746 τοῦ
1236 5688 1365 5744 Υίοῦ
1395 5681 1697 5761 θεολογίαν.

1908 5525 2354 5605 (9ΙῌἏλλξρῠδὲ
2397 5521 2721 5605 προφητῶν
2775 5517 3037 5605 τις-..ηερ
3076 5522 3160 5573 est
3189 5527 3317 5574 vera
3336 5511 3400 5569 le-

1841 5588 1966 5660 ctib.
1994 5588 2487 5669 M.:—,(Ego_codd.
2508 5588 2726 5651 secutus
2751 5607 2869 5649 sum
2897 5588 2917 5659 )

1909 5672 2020 5744 (92)
2060 5666 2336 5739 Vulgoiéé.
