3838 6222
410 260 507 317 871
1155 243 1428 310 EUSEBII
1463 245 1945 309 CESARIENSIS
1982 246 2134 308 OPP.
2177 240 2360 305 PARS
2393 240 2483 305 IV.
2521 276 2590 288 —
2626 243 3046 303 DOGMATICA.
3575 249 3685 304 872

411 374 693 438 mundum,
731 379 788 424 ut
809 368 1012 439 judicet
1047 366 1390 420 mundum".
1432 365 1496 419 Et
1526 367 1687 418 tertio
1713 382 1726 416 :
1757 365 1861 429 Qui
1888 380 1991 417 non

2103 364 2129 416 ό
2185 363 2490 416 πιστεύων
2527 363 2616 428 εις
2645 359 2835 416 αὑτὸν
2868 360 2956 431 μὴ
2975 360 3292 428 ἀπόληται.
3323 360 3437 415 Kal
3470 361 3648 416 πάλιν
3666 379 3678 390 ·

409 464 602 526 credit,
625 462 742 529 jam
773 459 1050 528 judicatus
1098 467 1196 520 est,
1230 457 1355 526 quia
1385 471 1490 508 non
1521 455 1692 506 credit
1716 455 1770 507 in
1801 469 1991 506 nomen

2103 456 2171 510 οὐ
2221 454 2332 524 γὰρ
2389 453 2753 508 ἀπέστειλεν
2798 455 2832 506 d
2895 452 3039 518 Θεὸς
3088 451 3198 506 τὸν
3251 452 3388 506 Υίὸν
3431 455 3522 519 εὶς
3575 453 3687 508 τὸν

409 551 672 624 unigeniti
723 547 854 603 Filii
887 547 980 602 Dei
1003 548 1069 600 ⁸⁸.
1104 545 1182 601 lta
1221 546 1324 600 hoc
1353 545 1407 598 in
1435 544 1549 598 loco
1581 543 1775 596 iterum
1804 558 1820 596 :
1850 541 1990 596 Deus

2103 549 2345 616 κόσμον,
2378 545 2480 600 ἵνα
2506 546 2680 616 κρίνῃ
2701 544 2809 599 τὸν
2837 547 3088 614 κόσμον.
3127 545 3238 598 Καὶ
3270 541 3428 609 αὖθις
3450 566 3466 582 ο
3507 547 3569 598 Ὀ
3617 546 3687 599 δὲ

411 644 557 698 dedit
587 651 634 695 et
653 640 794 694 misit
819 636 1244 702 Fitium,mundi
1267 634 1640 697 Servatorem;
1670 645 1725 688 et
1747 634 1839 703 qui
1875 636 1992 688 mit-

2103 639 2174 708 μὴ
2209 639 2514 692 πιστεύων
2559 635 2684 706 ἤδη
2707 635 2992 705 κέκριται,
3027 636 3119 690 6n
3164 639 3236 690 οὐ
3271 639 3687 690 πεπίστευκεν

414 717 651 801 tebatur,
674 740 794 788 eral.
823 732 1046 787 omnino
1067 730 1202 785 alius
1227 746 1256 784 a
1279 730 1545 784 mittente.
1577 726 1838 794 Quocirca
1860 728 1991 782 mihi

412 827 631 882 videtur
653 823 911 880 Servator
927 823 980 878 in
1005 821 1378 890 sequentibus,
1407 829 1662 890 tanquam
1681 817 1992 873 Marcellum

413 927 471 974 et
510 927 739 974 caeteros
767 917 861 985 qui
919 924 1127 970 natura:
1146 912 1266 969 Filii
1312 913 1572 978 invident,
1616 912 1996 984 pronuntiasse

413 1013 562 1085 quod
587 1012 845 1081 scriptum
867 1019 949 1064 est
972 1027 984 1063 :
1003 1007 1192 1062 Nonne
1213 1010 1268 1063 in
1292 1007 1400 1076 leqe
1423 1019 1592 1063 vestra
1611 1008 1862 1075 scriptum
1883 1016 1991 1060 est:

423 1111 484 1172 ᾖ
521 1105 632 1176 Ego
677 1105 812 1169 dixi,
845 1103 918 1156 dii
956 1103 1098 1156 estis.
1145 1100 1249 1156 Eos
1293 1102 1430 1154 dixit
1473 1101 1618 1163 deos,
1654 1100 1722 1153 ad
1751 1116 1881 1168 quos
1912 1099 1996 1168 [a-

417 1211 560 1254 ctum
579 1206 655 1252 est
679 1198 887 1251 verbum
913 1195 1008 1248 Dei
1027 1208 1044 1246 :
1060 1210 1220 1264 neque
1245 1194 1429 1262 poterit
1455 1192 1670 1246 dissolvi
1692 1189 1993 1260 Scriptura.

418 1289 583 1356 Quem
631 1287 794 1340 Pater
827 1284 1197 1353 sanctiﬁcavit,
1232 1295 1280 1338 et
1327 1286 1382 1337 in
1427 1285 1679 1337 mundum
1714 1284 1877 1346 misit,
1904 1299 1995 1336 vos

417 1381 591 1434 dicitis
620 1395 638 1433 :
665 1381 816 1444 Quod
843 1378 1193 1445 blasphemas,
1222 1375 1468 1445 quoniam
1494 1375 1630 1440 dixi,
1651 1375 1788 1443 quod
1819 1371 1996 1428 Filius

418 1473 516 1528 Dei
542 1489 656 1526 sum
677 1471 745 1524 ⁸⁸.
772 1470 1008 1524 Audisne
1049 1469 1136 1522 hic
1182 1467 1392 1537 quoties
1431 1481 1490 1520 se
1523 1465 1778 1520 Servalor
1825 1466 1998 1520 nomi-

419 1573 511 1619 net
548 1578 659 1617 non
694 1559 951 1624 Verbum,
981 1559 1073 1612 sed
1113 1556 1310 1610 Filium
1356 1564 1411 1608 et
1440 1553 1785 1624 Unigenitum
1817 1571 1829 1607 :
1864 1570 1997 1622 qua-

418 1655 544 1709 liter
591 1665 714 1707 sese
750 1665 780 1704 a
814 1649 974 1704 Patre
1029 1647 1253 1701 missum
1299 1645 1490 1700 doceat
1528 1663 1542 1698 :
1575 1653 1629 1698 et
1685 1643 1994 1713 priusquam

419 1748 746 1810 mitteretur,
789 1739 1184 1796 sanctiﬁcatum
1218 1756 1234 1806 ;
1283 1748 1373 1804 et,
1394 1736 1874 1806 quemadmodum,
1903 1751 1998 1788 eos

418 1837 508 1908 qui
541 1842 835 1906 gravantur
857 1830 1100 1886 conliteri
1133 1830 1309 1900 ipsum
1339 1827 1534 1882 Filium
1561 1841 1680 1882 esse
1702 1825 1820 1890 Dei,
1847 1841 1999 1899 ave;-

418 1936 585 1992 setur,
612 1942 644 1982 e
674 1924 870 1980 divinis
901 1922 1201 1990 Scripturis
1235 1919 1456 1983 docens,
1485 1919 1627 1987 quod
1659 1931 1764 1972 non
1790 1925 1996 1971 tantum

422 2019 516 2072 ﬁlii
553 2017 668 2082 Dei,
722 2016 819 2071 sed
852 2015 1014 2068 etiam
1050 2013 1122 2066 dii
1165 2010 1422 2065 mortales
1449 2010 1696 2065 homines
1725 2007 1997 2087 appellen-

423 2119 514 2165 tur
545 2127 560 2164 :
593 2117 652 2164 ut
691 2109 912 2162 minime
946 2105 1264 2173 blaspheme
1291 2103 1494 2156 dictum
1523 2102 1807 2166 habeatur,
1830 2101 2000 2153 conli-

426 2200 530 2256 teri
561 2199 712 2254 illum
736 2196 920 2260 simul,
945 2205 1001 2250 et
1029 2194 1122 2250 Dei
1148 2192 1368 2257 Filium,
1395 2203 1452 2246 et
1487 2191 1679 2254 Deum,
1716 2205 1875 2259 quem
1900 2189 2001 2243 Pa-

420 2303 510 2349 ter
543 2288 902 2345 sanetiﬁcavit
931 2295 985 2340 et
1013 2287 1065 2340 in
1105 2285 1361 2339 mundum
1387 2283 1555 2337 misit.
1585 2281 1724 2347 Quid
1754 2295 1886 2350 ergo
1912 2279 2000 2334 ille

420 2382 753 2454 patiebatur,
782 2381 872 2450 qui
901 2387 1023 2449 post
1053 2377 1216 2432 hasce
1245 2389 1405 2430 voces
1427 2389 1590 2430 ausus
1625 2382 1710 2428 est
1734 2373 1998 2427 exsertim

421 2474 625 2541 dicere,
649 2471 889 2528 Verbum
915 2485 1037 2524 esse
1062 2468 1235 2534 illum,
1255 2481 1357 2522 nec
1386 2475 1646 2537 praeterea
1670 2465 1995 2536 quidquam:

421 2572 586 2632 atque
623 2561 692 2618 ob
719 2576 838 2617 eam
876 2575 1096 2615 causam
1138 2559 1212 2612 ita
1259 2557 1486 2612 totidem
1523 2557 1705 2612 verbis
1735 2556 1996 2619 scribere,

421 2653 516 2726 [Β.
542 2652 712 2709 XXIV
749 2652 872 2708 coll.
916 2660 970 2722 p.
999 2649 1092 2723 42]
1126 2668 1146 2702 ι
1185 2647 1306 2704 Νοιι
1344 2649 1585 2704 nominat
1625 2663 1749 2703 eum
1785 2647 1874 2703 Dei
1909 2647 2001 2702 Fi-

426 2760 449 2796 ι
493 2743 626 2798 lium
663 2758 678 2797 :
706 2745 802 2798 sed
824 2741 1020 2811 ubique
1035 2741 1230 2795 Filium
1255 2739 1486 2794 hominis
1513 2741 1702 2808 seipse
1733 2738 1998 2809 appellat,

427 2853 448 2888 ι
493 2835 660 2891 utsic
691 2850 787 2904 per
818 2832 1123 2889 isﬁusmodi
1149 2830 1572 2894 confessionem,
1592 2833 1869 2885 hominem
1902 2847 2000 2885 ua-

426 2947 448 2982 ι
493 2927 739 2983 turaliter
758 2928 1130 2992 exsisteutem,
1166 2924 1260 2980 Dei
1303 2925 1498 2980 Filium
1539 2923 1737 2979 factum
1779 2939 2004 2994 persua-

2092 734 2180 798 εὶς
2220 730 2288 786 τὸ
2316 730 2506 800 ὄνομα
2553 727 2662 783 τοῦ
2733 727 3105 798 μονογενοῦς
3155 720 3292 782 Υίοῦ
3342 727 3451 782 τοῦ
3502 728 3682 783 Θεοῦ.

2093 824 2205 877 Καὶ
2261 821 2496 876 ἐνταῦθα
2558 821 2752 876 πάλινο
2815 818 2881 872 '0
2943 820 3063 889 μὲν
3113 819 3260 886 Θεὸς
3300 819 3506 873 ἐδίδου
3580 818 3683 873 καὶ

2093 915 2434 971 ἀπέστελλε
2476 913 2584 969 τὸν
2619 912 2755 968 Υἱόν
2796 911 3039 981 Σωτῆρα
3083 911 3191 966 τοῦ
3234 909 3472 981 κόσμου
3492 951 3506 975 ,
3557 912 3590 963 6
3626 911 3690 966 δὲ

2093 1008 2449 1063 ἀπεστέλλετο
2512 1006 2700 1078 ’ἕτερος
2761 1006 2836 1059 ὣν
2898 1005 3098 1077 δηλαδὴ
3171 1003 3324 1076 παρὰ
3392 1005 3486 1058 τὸν
3546 1006 3688 1060 ἀπο-

2095 1104 2403 1158 στέλλοντα.
2433 1102 2546 1154 ’Διό
2589 1119 2678 1173 μοι
2733 1101 2882 1155 δοκεῖ
2930 1100 3019 1154 διὰ
3075 1099 3182 1152 τῶν
3219 1098 3383 1168 ἐξῆς,
3425 1098 3500 1161 ὡς
3541 1099 3687 1170 πρὸς

2094 1191 2257 1248 αὑτὸν
2289 1192 2605 1263 Μάρκελλον
2635 1192 2724 1246 καὶ
2753 1189 2890 1262 πρὸς
2912 1193 3038 1255 τοὺς
3071 1191 3564 1261 διαφθονουμὲνους

2094 1284 2189 1338 τοῦ
2215 1284 2346 1336 Υίοῦ
2377 1283 2536 1353 φύσει
2574 1282 2992 1354 ἀναγεγράφθαι
3032 1283 3196 1351 αὐτὸς
3229 1285 3259 1336 6
3287 1284 3480 1353 Σωτὴρ
3520 1285 3688 1354 ἡμῶν

2096 1375 2365 1448 εἰρηκώς·
2403 1378 2526 1429 Οὐκ
2561 1375 2694 1429 ἔστι
2721 1373 3127 1446 γεγῬαμμένον
3155 1375 3225 1427 ἐν
3256 1373 3338 1440 τῷ
3360 1377 3560 1443 νόμῳ,
3597 1373 3691 1428 ὅτι

2095 1468 2210 1538 ἐγὼ
2227 1465 2384 1522 εἶπα·
2415 1469 2547 1521 Θεοί
2576 1468 2748 1535 sors;
2784 1469 2828 1519 Ε
2835 1470 2853 1520 ὶ
2873 1467 3141 1532 ἐκείνους
3158 1461 3288 1519 εἷπε
3309 1466 3505 1532 θεοὺς,
3529 1467 3693 1535 πρὸς

2098 1559 2207 1624 οὒς
2230 1562 2263 1612 ό
2295 1561 2477 1630 λόγος
2500 1558 2738 1628 ἐγένετο
2757 1559 2864 1612 τοῦ
2888 1559 3057 1612 Θεοῦο
3085 1559 3183 1612 καὶ
3207 1560 3280 1612 οὺ
3301 1557 3558 1612 δύναται
3577 1562 3695 1612 λυ-

2100 1649 2275 1718 θῆναι
2297 1652 2334 1718 ἡ
2359 1649 2591 1720 Πραφή.
2612 1653 2715 1704 Ὃν
2735 1653 2769 1704 ὁ
2789 1649 2992 1718 Πατὴρ
3013 1651 3249 1720 ἡγίασε,
3277 1649 3378 1703 καὶ
3399 1650 3686 1704 ἀπέστει-

2097 1745 2207 1796 λεν
2223 1745 2308 1808 είς
2325 1742 2431 1796 τὸν
2450 1743 2700 1812 κόσμον,
2723 1743 2893 1812 ὑμεῖς
2910 1742 3134 1812 λέγετε,
3159 1742 3249 1796 ὅτι
3265 1743 3692 1811 βλασφημεῖς,

2099 1833 2188 1887 ὅτι
2209 1829 2401 1898 εἶπον,
2423 1833 2554 1898 Υἱὸς
2585 1833 2692 1887 τοῦ
2725 1833 2875 1888 Θεοῦ
2916 1836 3053 1903 εἰμι.
3079 1831 3322 1897 Ἀκούεις
3347 1833 3543 1895 ὁσάκις
3571 1831 3693 1903 (93)

2098 1926 2258 1989 αὐτὸς
2273 1929 2300 1980 6
2315 1925 2503 1997 Σωτὴρ
2519 1926 2714 1979 ἑαυτὸν
2732 1927 2792 1979 οὐ
2806 1927 2996 1995 Λόγον,
3010 1925 3146 1980 ἀλλὰ
3163 1925 3291 1980 Υἰδν
3305 1926 3585 1996 ὠνόμασε,
3598 1926 3697 1978 καὶ

2098 2018 2376 2088 Μονογενῆ
2413 2021 2730 2090 προσεῖπενο
2748 2019 2896 2081 ὅπως
2925 2018 2982 2070 δὲ
3005 2018 3340 2071 ἀπεστάλθαι
3361 2018 3580 2079 ἑαυτὸν,
3598 2017 3697 2068 καὶ

2099 2107 2356 2179 ἡγιάσθαι
2386 2109 2491 2180 πρὸ
2516 2110 2611 2162 τοῦ
2635 2108 3005 2180 ἀποσταλῆναι
3039 2106 3143 2160 ὑπὸ
3170 2109 3264 2162 τοῦ
3283 2108 3493 2180 Πατρὸς
3510 2109 3696 2162 ἐδεδα-

2102 2216 2221 2263 σκε,
2258 2200 2351 2254 καὶ¹
2366 2201 2442 2264 ὡς
2462 2201 2590 2265 τοὺς
2606 2199 2898 2264 ὀκνοῦντας
2923 2201 3051 2254 Υἱὸν
3076 2201 3238 2255 αὐτὸν
3263 2202 3550 2280 ὀμολογείν
3594 2202 3696 2255 τοῦ

2100 2289 2235 2345 Θεοῦ
2257 2292 2515 2359 δυσωπεῖ,
2545 2292 2811 2346 διδάσκων
2837 2295 2901 2346 ἐκ
2924 2295 3023 2365 τῆς
3049 2294 3198 2358 θείας
3238 2294 3462 2365 Γραφῆς
3479 2333 3496 2357 ,
3519 2295 3600 2357 ὡς
3626 2295 3695 2347 οῦ

2104 2385 2263 2454 μόνον
2281 2384 2388 2437 uiol
2405 2383 2561 2449 Θεοῦ,
2577 2383 2714 2436 ἀλλὰ
2729 2383 2821 2436 καὶ
2841 2383 2954 2437 θεοὶ
2981 2384 3163 2455 θνητοὶ
3177 2385 3273 2458 τὴν
3304 2385 3467 2454 φύσιν
3490 2386 3698 2458 ἄνδρες

2101 2483 2408 2554 ἐκλήθησαν
2429 2499 2443 2514 ο
2474 2482 2555 2537 διὸ
2577 2484 2651 2555 μὴ
2694 2485 2892 2556 χρῆναι
2921 2482 3162 2554 νομίζειν
3201 2481 3523 2552 βλάσφημον
3549 2478 3698 2535 εἶναι

2100 2575 2162 2628 τὸ
2212 2576 2308 2628 καὶ
2348 2575 2476 2630 Υἱδν
2523 2575 2658 2629 Θεοῦ
2707 2576 2802 2630 καὶ
2835 2575 2969 2628 Θεὸν
3008 2575 3291 2645 ὁμολογεῖν
3331 2575 3390 2626 δν
3431 2575 3461 2626 ὀ
3492 2574 3697 2644 Πατὴρ

2102 2666 2298 2736 ὴγίασε
2324 2667 2418 2720 καὶ
2445 2667 2761 2722 ἀπέστειλεν
2787 2668 2866 2732 εἰς
2892 2665 2985 2720 τὸν
3028 2666 3252 2736 κόσμον.
3291 2665 3357 2717 Τί
3389 2661 3484 2718 οῦν
3518 2666 3699 2735 ἐχρῆν

2102 2759 2295 2813 παθεῖν
2343 2759 2435 2813 τὸν
2482 2759 2619 2830 μετά
2667 2758 2767 2823 τὰς
2798 2758 3066 2822 τοσαύτας
3113 2757 3296 2826 φωνὰς
3333 2757 3696 2828 τολμήσαντα

2104 2847 2292 2918 φάναι,
2313 2846 2422 2918 (94)
2441 2865 2460 2898 ι
2494 2848 2616 2902 ὅλον
2638 2844 2775 2902 εἶναι
2805 2848 2990 2913 αὑτὸν,
3008 2848 3103 2902 καὶ
3132 2847 3283 2900 οὐδὲν
3304 2846 3514 2916 ἕτερον,
3546 2865 3565 2898 ι
3597 2847 3699 2899 αὐ-

2103 2940 2308 3007 τολεξεί
2340 2957 2400 2994 τε
2426 2940 2704 3012 εἰρηκότα,
2742 2959 2760 2992 ι
2792 2942 2886 2995 καὶ
2911 2939 3000 2996 διὰ
3025 2939 3214 3002 τοῦτο,
3241 2940 3340 3010 οὐχ
3371 2940 3502 2994 Υίὸν
3549 2939 3695 2992 Θεοῦ

429 3041 450 3075 ι
496 3024 642 3090 deat,
685 3037 784 3092 per
826 3019 1133 3088 hujusmodi
1165 3035 1285 3074 eum
1316 3018 1425 3073 Deo
1467 3015 1925 3072 communionem.
1969 3033 1988 3068 ι

2111 3050 2131 3084 ι
2163 3031 2324 3085 αὐτὸν
2343 3028 2616 3102 ὀνομάζει,
2639 3030 2774 3084 ἀλλὰ
2799 3029 3075 3101 πανταχοῦ
3102 3030 3226 3082 Υίὸν
3253 3027 3546 3101 ἀνθρώπου
3571 3031 3696 3081 ἐαυ-

421 3111 551 3170 ﬂsec
579 3129 704 3169 cum
761 3112 1013 3167 dicantur
1059 3125 1090 3164 a
1125 3109 1402 3176 Marcello,
1458 3108 1628 3164 miror
1669 3121 1769 3176 ego
1804 3108 2000 3176 quibus

2109 3142 2128 3175 ι
2161 3123 2251 3176 τὸν
2283 3122 2449 3191 λέγει,
2486 3123 2574 3176 ἴνα
2606 3121 2694 3174 διὰ
2722 3123 2822 3192 τῆς
2847 3121 3101 3193 τοιαύτης
3127 3121 3416 3192 ὁμολογίας
3449 3119 3564 3191 (95)
3598 3120 3696 3172 θέ-

422 3207 596 3264 oculis
650 3215 848 3262 contra
907 3203 1088 3270 tueri,
1147 3202 1344 3271 quibus
1386 3199 1590 3255 labellis
1631 3201 2004 3254 contradicere

423 3309 506 3355 tot
537 3300 734 3354 audeat
775 3295 1118 3352 testimoniis.
1147 3293 1286 3360 Quin
1332 3301 1386 3347 et
1425 3291 1616 3346 ducem
1669 3306 1791 3346 esse
1830 3292 2002 3362 ipsum

422 3404 484 3445 se
505 3387 766 3444 Servator
810 3387 886 3440 ait
913 3393 1275 3455 congruenter
1305 3382 1372 3438 iis
1409 3397 1529 3453 qua:
1573 3385 1640 3437 de
1699 3382 1818 3438 luce
1878 3391 2006 3437 sunt

423 3480 704 3550 praedicta,
729 3476 865 3550 Ego,
901 3478 1175 3548 inquiens,
1209 3493 1324 3531 sum
1352 3477 1448 3530 tua:
1486 3475 1670 3530 mundi
1687 3477 1756 3530 °°.
1804 3478 1870 3531 Et
1905 3480 2006 3532 ite-

423 3583 544 3625 rum
575 3585 590 3622 :
621 3567 733 3638 Ego
763 3584 879 3621 sum
911 3567 1024 3633 tum,
1055 3576 1103 3621 et
1130 3568 1409 3630 veritas,et
1438 3567 1543 3620 vita
1563 3565 1631 3619 θ’.
1653 3565 1718 3620 Et
1746 3566 2001 3621 demum:

425 3659 544 3715 Lux
580 3660 716 3715 venit
745 3660 801 3714 in
830 3661 1106 3724 mundum,
1145 3670 1194 3713 et
1225 3660 1520 3712 dilexerunt
1552 3659 1788 3714 homines
1837 3662 2005 3730 magis

425 3752 665 3809 tenebras
687 3768 844 3823 quam
872 3752 1041 3806 lucem
1065 3754 1131 3805 ".
1151 3750 1301 3818 Quod
1328 3751 1374 3805 si
1407 3751 1530 3821 quis
1553 3752 1873 3822 interroget,
1903 3769 2005 3806 uu-

425 3847 494 3899 de
545 3844 789 3908 advenit,
835 3841 1184 3911 respondebit
1235 3841 1282 3896 is
1318 3842 1409 3911 qui
1457 3841 1640 3906 dixit,
1676 3841 1779 3907 Qui
1818 3843 2006 3896 desur-

428 3950 545 3988 sum
587 3934 718 3988 venit
767 3948 923 4002 super
973 3948 1152 3985 omnes
1193 3943 1265 3985 est
1296 3931 1366 3998 “,
1400 3942 1455 3986 et
1492 3931 1596 3997 Qui
1635 3933 1698 3986 de
1749 3932 1876 3987 caelo
1919 3949 2007 3987 ve-

431 4024 529 4090 nit,
553 4022 694 4092 quod
729 4022 876 4084 vidit,
901 4032 948 4075 et
975 4022 1194 4088 audivit,
1239 4024 1570 4090 testiﬁcatur.
1597 4023 1642 4054 “
1673 4023 1804 4090 Quis
1827 4035 2008 4078 autem

431 4123 550 4169 erat
568 4114 657 4167 ille
690 4115 782 4184 qui
813 4114 878 4168 de
909 4112 1047 4167 ccelo
1077 4113 1272 4167 venit?
1316 4112 1452 4168 Num
1501 4130 1606 4169 non
1648 4130 1776 4170 caro
1797 4155 1812 4179 ,
1847 4129 2010 4183 quam

433 4205 727 4274 assumpsit
769 4204 1077 4260 Servator?
1133 4204 1520 4275 Nequaquam,
1569 4209 1662 4262 sed
1707 4197 1819 4276 ipSe
1872 4214 2010 4271 erat,

432 4311 626 4366 nempe
651 4297 739 4350 lux
760 4297 1197 4367 Verbum,atque
1223 4297 1383 4361 Deus,
1412 4296 1734 4368 Unigenitus
1770 4289 2008 4354 existens

2109 3232 2129 3267 ι
2159 3230 2242 3266 σει
2285 3213 2377 3266 τὸν
2407 3210 2504 3266 ἀνθ
2514 3228 2694 3282 ρωπον
2715 3252 2731 3277 ,
2760 3211 2849 3266 διὰ
2897 3211 2998 3283 τῆς
3026 3211 3163 3281 πρὸς
3189 3209 3350 3274 αὑτὸν
3378 3210 3697 3273 κοινωνίας,

2109 3323 2129 3356 ι
2156 3303 2287 3365 Υἱὺν
2332 3301 2469 3356 Θεοῦ
2514 3301 2769 3370 γενέσθαι
2819 3301 3238 3374 παρασκευάσῃ.
3273 3317 3294 3352 s
3345 3299 3538 3352 Ταῦτα
3581 3299 3697 3369 γὰρ

2103 3393 2420 3468 Μάρκελλος
2461 3391 2632 3446 εἰπὼν
2653 3432 2668 3457 ,
2697 3393 2798 3446 οὐκ
2837 3389 2934 3446 οἷδ’
2964 3393 3112 3456 ὅπως
3141 3391 3348 3455 ὁποίοις
3386 3390 3697 3461 ὀφθαλμοῖς

2101 3481 2214 3548 οἷός
2243 3501 2304 3536 τε
2342 3479 2410 3555 ἦν
2437 3483 2776 3537 ἀντιϐλέπειν
2794 3523 2809 3548 ,
2840 3481 2874 3552 ἢ
2911 3482 3084 3546 ποίοις
3128 3481 3363 3552 χείλεσιν
3393 3483 3696 3551 ἀντιφθέγ-

2101 3575 2316 3645 γεσθαι,
2341 3576 2463 3637 ταῖς
2492 3573 2784 3637 τοσαύταις
2819 3572 3167 3644 μαρτυρίαις.
3208 3573 3318 3625 Καὶ
3352 3571 3471 3641 φῶς
3504 3571 3564 3624 δὲ
3591 3572 3694 3624 αῦ-

2102 3669 2193 3722 τὸν
2223 3664 2361 3721 εἶναι
2379 3667 2409 3719 6
2437 3665 2626 3738 Σωτὴρ
2653 3666 2915 3737 παρίστη,
2942 3664 3250 3736 συμφώνως
3278 3667 3394 3727 τοῖς
3427 3666 3562 3735 περὶ
3597 3664 3694 3718 τοῦ

2105 3758 2282 3827 φωτὸς
2312 3755 2727 3826 προαποδοθεῖσι
2753 3796 2768 3819 ,
2792 3754 2966 3822 λέγων
2986 3793 3001 3819 ,
3018 3753 3164 3823 Ἐγώ
3194 3756 3310 3824 ειμι
3341 3753 3410 3806 τὸ
3439 3753 3697 3822 τοῦ

2104 3850 2356 3918 κόσμου.
2380 3847 2490 3900 Kal
2502 3846 2687 3900 πάλινο
2705 3845 2845 3916 Ἐγώ
2862 3849 2978 3916 εἰμι
2995 3845 3059 3899 τὸ
3077 3843 3222 3916 φῶς,
3241 3845 3339 3899 καὶ
3357 3847 3398 3914 ἡ
3414 3845 3695 3912 ἀλήθεια,

2106 3942 2204 3994 καὶ
2226 3943 2263 4010 ἡ
2283 3939 2416 4009 ζωή.
2438 3940 2546 3994 Καὶ
2572 3935 2728 4002 αὖθις
2745 3954 2759 3968 ⁵
2780 3939 2902 3992 Ὅτι
2921 3937 2989 3992 τό
3008 3936 3136 4008 φῶς
3155 3937 3459 4004 ἐλήλυθεν
3480 3940 3574 4005 είς
3590 3938 3698 3992 τὸν

2107 4032 2356 4100 κόσμον,
2401 4029 2500 4084 καὶ
2539 4029 2868 4100 ἠγάπησαν
2912 4032 2968 4082 οἱ
3007 4028 3304 4096 ἄνθρωποι
3331 4026 3586 4098 μᾶλλον
3629 4029 3698 4082 τὸ

2108 4121 2329 4186 σκότος
2359 4121 2397 4189 ἢ
2423 4119 2491 4173 τὸ
2514 4120 2659 4188 φῶς.
2693 4120 2802 4173 Καὶ
2832 4118 2888 4172 εῐ
2909 4119 2974 4188 γέ
3005 4136 3090 4182 τις
3115 4119 3323 4189 ἔροιτο,
3361 4119 3535 4172 πόθεν
3568 4119 3696 4188 ἐλή-

2110 4212 2288 4278 λυθεν,
2323 4214 2702 4284 ἀποκρινεῖται
2723 4215 2752 4266 6
2783 4212 2972 4276 εἰπὼν,
3017 4213 3072 4266 Ὁ
3103 4213 3323 4268 ἄνωθεν
3339 4212 3698 4282 ἐρχόμενος,

2111 4305 2310 4360 ἐπάνω
2341 4304 2584 4360 πάντων
2601 4305 2802 4370 ἐστὶν,
2832 4307 2946 4371 καὶ,
2993 4306 3057 4359 '0
3083 4307 3152 4360 ἐκ
3180 4306 3286 4360 τοῦ
3303 4306 3576 4378 οὐρανοῦ
3608 4308 3696 4376 ἑρ-

431 4396 488 4443 et
515 4387 708 4445 Filius.
748 4389 797 4445 Is
822 4388 911 4442 illa
942 4389 1124 4444 omnia
1159 4404 1278 4460 quae
1301 4390 1454 4456 vidit,
1483 4401 1537 4444 et
1563 4389 1788 4456 audivit,
1815 4392 2000 4446 testill-

2105 4399 2378 4468 χόμενος,
2417 4398 2450 4452 ὃ
2483 4398 2704 4468 ἑώρακε
2735 4398 2836 4451 καὶ
2862 4398 3124 4468 ἤκουσε,
3148 4401 3461 4470 μαρτυρεῖ.
3510 4405 3613 4469 Τίς
3650 4406 3697 4457 6'

432 4488 608 4537 catur.
640 4483 722 4536 An
751 4482 956 4536 audivit
979 4482 1092 4536 haec
1115 4491 1169 4535 et
1204 4481 1356 4547 vidit,
1374 4497 1506 4537 cum
1540 4483 1593 4536 in
1635 4483 1795 4538 ter-ris
1822 4498 2004 4537 versa-

432 4572 631 4627 retur?
662 4571 798 4637 Non,
824 4574 918 4628 sed
950 4574 1118 4644 prius.
1157 4573 1228 4627 At
1262 4588 1508 4642 quaenam
1546 4573 1635 4628 illa
1680 4585 1858 4642 erant,
1884 4591 2004 4645 quae

433 4673 491 4716 et
513 4664 666 4730 vidit,
691 4665 792 4718 nisi
823 4664 986 4720 Pater
1013 4666 1036 4720 ?
1070 4665 1241 4732 Quem
1292 4664 1380 4719 ille
1411 4666 1638 4732 audivit,
1678 4677 1876 4736 praeter
1903 4667 2007 4722 Pa-

435 4754 609 4808 trem?
638 4755 787 4811 Adeo
809 4765 988 4811 autem
1010 4757 1365 4828 semetipsum
1389 4756 1627 4812 Verbum
1663 4773 2006 4829 nequaquam

435 4845 852 4916 signiﬁcativum
876 4863 996 4904 esse
1020 4849 1297 4920 professus
1328 4858 1433 4917 est,
1469 4857 1526 4915 ᾖ(
1553 4852 1646 4905 sed
1661 4850 1857 4906 Filium
1883 4867 2006 4907 vere

435 4938 616 4992 vivum
673 4951 730 4994 et
775 4941 1159 4999 subsistentem
1185 4987 1200 5013 ,
1235 4955 1294 5002 ut
1338 4948 1412 5002 ita
1449 4946 1614 5001 fuerit
1656 4945 2002 5017 prolocutus,

436 5029 599 5084 Pater
615 5031 785 5104 diligit
815 5030 1037 5102 Filium,
1054 5044 1104 5090 et
1134 5038 1311 5092 omnia
1335 5038 1552 5092 tradidit
1574 5038 1631 5091 in
1656 5055 1817 5092 manu
1845 5041 1956 5107 ejus
1981 5056 1996 5092 :

435 5122 525 5190 qui
553 5124 715 5177 credit
750 5125 804 5177 in
836 5122 1060 5192 Filium,
1089 5129 1247 5182 vitam
1281 5131 1435 5184 habet
1473 5138 1728 5184 aeternam
1766 5130 1838 5182 ”.
1865 5130 2002 5185 Cre-

2104 4486 2172 4562 ἦν
2200 4492 2228 4542 ὀ
2259 4491 2550 4561 ἐρχόμενος
2571 4492 2636 4543 ἐκ
2655 4488 2750 4542 τοῦ
2773 4491 3000 4562 οὐρανοῦ
3024 4507 3040 4556 ;
3073 4492 3222 4562 Μήτι
3245 4509 3311 4562 γε
3355 4495 3390 4566 ἡ
3430 4495 3599 4568 σὰρξ,
3628 4499 3697 4568 ἠν

2105 4583 2392 4653 ἀνείληφεν
2417 4585 2445 4635 6
2475 4581 2706 4652 Σωτήρ;
2739 4581 3024 4653 Οὐδαμῶς,
3062 4583 3180 4635 ἀλλ’
3215 4586 3381 4649 αὐτὸς
3423 4587 3693 4658 δηλονότι,

2103 4675 2164 4728 τὸ
2187 4674 2320 4744 φῶς,
2355 4674 2451 4728 καὶ
2477 4676 2506 4727 6
2542 4673 2713 4742 Λόγος
2735 4714 2750 4738 ,
2784 4675 2877 4727 καὶ
2904 4677 2934 4728 6
2961 4675 3094 4738 Θεὸς
3114 4716 3130 4740 ,
3159 4678 3255 4731 καὶ
3289 4679 3318 4730 ὀ
3349 4681 3692 4754 Μονογενὴς,

2105 4767 2202 4821 καὶ
2235 4767 2263 4819 6
2297 4766 2446 4831 Υἱὸς,
2467 4765 2630 4830 αὐτὸς
2663 4764 2738 4818 ὣν
2755 4767 2928 4820 ταῦτα
2964 4767 3159 4822 πάντα.
3210 4771 3280 4822 Ἀ
3323 4769 3552 4842 ἑώρακε
3591 4777 3696 4827 τοί-

2105 4876 2200 4913 νυν
2229 4851 2383 4921 οὗτος
2406 4857 2501 4911 καὶ
2525 4857 2561 4911 ἃ
2585 4858 2808 4928 ἢκουσε,
2847 4859 3008 4930 φησὶ,
3044 4863 3330 4932 μαρτυρεῖ.
3363 4865 3586 4920 Οὐκοῦν
3607 4866 3696 4919 καὶ

2103 4946 2252 5019 ἑώρα
2277 4948 2373 5000 καὶ
2392 4947 2594 5017 ἤκουσε
2633 4947 2763 5018 πρὶν
2805 4948 2898 5000 ἐπὶ
2927 4947 3028 5018 γῆς
3069 4948 3262 5002 ἐλθεῖν.
3293 4948 3430 5005 Τίνα
3455 4952 3518 5006 δὲ
3552 4953 3694 5024 ἐώρα

2109 5037 2220 5111 (96)
2253 5041 2287 5112 ἢ
2321 5041 2414 5094 τὸν
2444 5039 2696 5111 Πατέρας
2725 5037 2881 5102 Τίνος
2908 5039 2965 5092 δὲ
2992 5041 3222 5111 ἣκουσεν
3256 5041 3292 5113 ἢ
3318 5041 3416 5096 τοῦ
3442 5045 3689 5118 Πατρόςς

2109 5131 2252 5186 οὕτω
2293 5132 2352 5186 δὲ
2386 5131 2582 5186 ἑαυτὸν
2601 5171 2618 5198 ,
2654 5131 2715 5185 οὐ
2754 5130 2926 5203 Λόγον
2967 5133 3300 5205 σημαντικὸν
3319 5173 3337 5202 ,
3381 5136 3526 5191 ἀλλὰ
3571 5136 3692 5191 Υἰὺν

509 5275 932 5365 βοΕιιὲθειξ-ῐεη
965 5294 1086 5350 pag.
1117 5279 1216 5365 pg.
1288 5282 1516 5365 ξ’..Ι-οιιο.
1541 5299 1627 5365 tu,
1659 5281 1748 5365 ll:
1785 5281 2035 5365 _lbi_d.
2059 5285 2180 5365 18L
2204 5287 2274 5365 ff
2300 5287 2470 5365 _Joa_n_.
2494 5309 2564 5358 κ,
2595 5294 2788 5353 54-56.
2859 5296 2908 5333 ’⁸
2937 5295 3091 5356 Joan.
3130 5311 3247 5365 vm,
3281 5296 3375 5356 Β.
3456 5297 3507 5332 ⁹¹
3535 5296 3686 5357 Josu.

435 5359 527 5400 xu
577 5345 630 5402 6.
710 5347 757 5380 ⁹²
805 5345 980 5405 30am
1004 5345 1085 5421 ιιῖ,
1109 5351 1200 5411 19.

510 5542 621 5625 (Q5)
648 5545 820 5619 Vulgo
851 5563 962 5604 om.
992 5552 1154 5619 αὑτός
1177 5569 1192 5623 ;
1219 5568 1340 5610 mox
1383 5551 1542 5628 vulgo
1599 5557 1916 5631 ἀπεστάλθη
1942 5569 1998 5616 et

424 5613 573 5666 Θεου
619 5616 764 5681 Υἱός.

509 5683 620 5756 (94)
655 5685 759 5758 Μμ.
789 5687 861 5743 ίσ.
887 5688 1060 5760 λόγον.

1299 5346 1632 5411 "lbid.51.
1707 5351 1920 5409 "Ibid.
1968 5355 2058 5412 se.
2133 5357 2336 5415 "Ibid.
2390 5346 2603 5430 τάδε.

2177 5564 2290 5639 (95)
2316 5565 2424 5639 Ἄρ.
2451 5582 2522 5623 ta.
2559 5569 2742 5639 φύσει.

2177 5635 2288 5708 (96)
2317 5635 2487 5712 νυιευ
2510 5635 2624 5697 καί.
