  <div class='ocr_page' id='page_1' title='image "/cluster/home/n/w/nwhite01/storage/ocr_20150623/24/nnc1.0046978259/494.png"; bbox 0 0 3838 6222; ppageno 0'>
   <div class='ocr_carea' id='block_1_1' title="bbox 202 298 1749 379">
    <p class='ocr_par' dir='ltr' id='par_1_1' title="bbox 202 298 1749 359">
     <span class='ocr_line' id='line_1_1' title="bbox 202 298 1749 359; baseline 0.005 -7"><span class='ocrx_word' id='word_1_1' title='bbox 202 298 312 353; x_wconf 82' lang='grc'>875</span> <span class='ocrx_word' id='word_1_2' title='bbox 1140 298 1238 354; x_wconf 76' lang='grc' dir='ltr'><strong>-ΒΕ</strong></span> <span class='ocrx_word' id='word_1_3' title='bbox 1276 298 1749 359; x_wconf 67' lang='lat' dir='ltr'><strong>ECCLESIASTiC</strong></span> 
     </span>
    </p>
   </div>
   <div class='ocr_carea' id='block_1_2' title="bbox 1853 298 3433 379">
    <p class='ocr_par' dir='ltr' id='par_1_2' title="bbox 1853 303 3433 379">
     <span class='ocr_line' id='line_1_2' title="bbox 1853 303 3433 379; baseline 0.011 -21"><span class='ocrx_word' id='word_1_4' title='bbox 1853 303 2238 379; x_wconf 80' lang='lat' dir='ltr'><strong>THEOLOGIA</strong></span> <span class='ocrx_word' id='word_1_5' title='bbox 2275 308 2403 363; x_wconf 81' lang='lat' dir='ltr'><strong>LIB.</strong></span> <span class='ocrx_word' id='word_1_6' title='bbox 2446 308 2489 364; x_wconf 82' lang='grc'><strong>1.</strong></span> <span class='ocrx_word' id='word_1_7' title='bbox 3330 319 3433 377; x_wconf 71' lang='grc'><strong>874</strong></span> 
     </span>
    </p>
   </div>
   <div class='ocr_carea' id='block_1_3' title="bbox 200 406 1749 502">
    <p class='ocr_par' dir='ltr' id='par_1_3' title="bbox 200 406 1748 483">
     <span class='ocr_line' id='line_1_3' title="bbox 200 406 1748 483; baseline 0.001 -20"><span class='ocrx_word' id='word_1_8' title='bbox 200 409 420 483; x_wconf 86' lang='grc' dir='ltr'>ἀληθῶς</span> <span class='ocrx_word' id='word_1_9' title='bbox 473 406 654 472; x_wconf 66' lang='grc' dir='ltr'>ζῶντα</span> <span class='ocrx_word' id='word_1_10' title='bbox 716 410 810 463; x_wconf 74' lang='grc' dir='ltr'><strong>καὶ</strong></span> <span class='ocrx_word' id='word_1_11' title='bbox 864 408 1151 479; x_wconf 75' lang='grc' dir='ltr'><strong>ὑφεστῶτα</strong></span> <span class='ocrx_word' id='word_1_12' title='bbox 1210 410 1513 477; x_wconf 80' lang='grc' dir='ltr'>ἐδίδασκεν,</span> <span class='ocrx_word' id='word_1_13' title='bbox 1556 412 1631 477; x_wconf 85' lang='grc' dir='ltr'>ὡς</span> <span class='ocrx_word' id='word_1_14' title='bbox 1691 414 1748 466; x_wconf 82' lang='grc' dir='ltr'><strong>λέ</strong></span> 
     </span>
    </p>
   </div>
   <div class='ocr_carea' id='block_1_4' title="bbox 1853 406 3437 502">
    <p class='ocr_par' dir='ltr' id='par_1_4' title="bbox 1879 414 3437 502">
     <span class='ocr_line' id='line_1_4' title="bbox 1879 414 3437 502; baseline 0.01 -33"><span class='ocrx_word' id='word_1_15' title='bbox 1879 414 2055 470; x_wconf 89' lang='lat' dir='ltr'><strong>dimus</strong></span> <span class='ocrx_word' id='word_1_16' title='bbox 2083 415 2284 484; x_wconf 90' lang='lat' dir='ltr'><strong>itaque,</strong></span> <span class='ocrx_word' id='word_1_17' title='bbox 2308 419 2450 486; x_wconf 87' lang='lat' dir='ltr'><strong>quod</strong></span> <span class='ocrx_word' id='word_1_18' title='bbox 2498 417 2692 474; x_wconf 87' lang='lat' dir='ltr'><strong>Filium</strong></span> <span class='ocrx_word' id='word_1_19' title='bbox 2742 437 2899 477; x_wconf 91' lang='lat' dir='ltr'><strong>suum</strong></span> <span class='ocrx_word' id='word_1_20' title='bbox 2932 423 3074 481; x_wconf 90' lang='lat' dir='ltr'><strong>Deus</strong></span> <span class='ocrx_word' id='word_1_21' title='bbox 3107 440 3225 481; x_wconf 92' lang='lat' dir='ltr'><strong>cum</strong></span> <span class='ocrx_word' id='word_1_22' title='bbox 3249 429 3437 502; x_wconf 85' lang='lat' dir='ltr'><strong>dilige-</strong></span> 
     </span>
    </p>
   </div>
   <div class='ocr_carea' id='block_1_5' title="bbox 201 501 1749 578">
    <p class='ocr_par' dir='ltr' id='par_1_5' title="bbox 201 501 1749 575">
     <span class='ocr_line' id='line_1_5' title="bbox 201 501 1749 575; baseline 0.001 -15"><span class='ocrx_word' id='word_1_23' title='bbox 201 523 320 574; x_wconf 84' lang='grc' dir='ltr'>γειν</span> <span class='ocrx_word' id='word_1_24' title='bbox 340 546 356 568; x_wconf 89' lang='grc'><strong>,</strong></span> <span class='ocrx_word' id='word_1_25' title='bbox 389 503 454 559; x_wconf 87' lang='grc' dir='ltr'><strong><em>Ὅ</em></strong></span> <span class='ocrx_word' id='word_1_26' title='bbox 475 506 677 573; x_wconf 82' lang='grc' dir='ltr'>Πατὴρ</span> <span class='ocrx_word' id='word_1_27' title='bbox 713 501 916 575; x_wconf 78' lang='grc' dir='ltr'>ἀγαπᾷ</span> <span class='ocrx_word' id='word_1_28' title='bbox 942 504 1049 558; x_wconf 87' lang='grc' dir='ltr'>τὸν</span> <span class='ocrx_word' id='word_1_29' title='bbox 1096 504 1231 559; x_wconf 81' lang='grc' dir='ltr'><strong>Υἱὸν</strong></span> <span class='ocrx_word' id='word_1_30' title='bbox 1259 505 1359 558; x_wconf 80' lang='grc' dir='ltr'>καί</span> <span class='ocrx_word' id='word_1_31' title='bbox 1387 506 1581 560; x_wconf 83' lang='grc' dir='ltr'>πάντα</span> <span class='ocrx_word' id='word_1_32' title='bbox 1601 507 1749 561; x_wconf 81' lang='grc' dir='ltr'>δέδω</span> 
     </span>
    </p>
   </div>
   <div class='ocr_carea' id='block_1_6' title="bbox 1853 501 3436 578">
    <p class='ocr_par' dir='ltr' id='par_1_6' title="bbox 1853 501 3436 578">
     <span class='ocr_line' id='line_1_6' title="bbox 1853 501 3436 578; baseline 0.011 -20"><span class='ocrx_word' id='word_1_33' title='bbox 1853 513 1854 516; x_wconf 76' lang='lat'>‘</span> <span class='ocrx_word' id='word_1_34' title='bbox 1882 517 1962 559; x_wconf 91' lang='lat' dir='ltr'><strong>ret</strong></span> <span class='ocrx_word' id='word_1_35' title='bbox 1990 505 2170 571; x_wconf 89' lang='lat' dir='ltr'><strong>Pater,</strong></span> <span class='ocrx_word' id='word_1_36' title='bbox 2197 508 2381 562; x_wconf 89' lang='lat' dir='ltr'><strong>omnia</strong></span> <span class='ocrx_word' id='word_1_37' title='bbox 2409 509 2511 578; x_wconf 91' lang='lat' dir='ltr'><strong>ipsi</strong></span> <span class='ocrx_word' id='word_1_38' title='bbox 2557 510 2610 564; x_wconf 92' lang='lat' dir='ltr'><strong>in</strong></span> <span class='ocrx_word' id='word_1_39' title='bbox 2640 527 2831 568; x_wconf 86' lang='lat' dir='ltr'><strong>manus</strong></span> <span class='ocrx_word' id='word_1_40' title='bbox 2864 516 3104 571; x_wconf 87' lang='lat' dir='ltr'><strong>tradidit.</strong></span> <span class='ocrx_word' id='word_1_41' title='bbox 3144 501 3436 577; x_wconf 83' lang='lat' dir='ltr'><strong>Attenden-</strong></span> 
     </span>
    </p>
   </div>
   <div class='ocr_carea' id='block_1_7' title="bbox 203 594 1749 695">
    <p class='ocr_par' dir='ltr' id='par_1_7' title="bbox 203 594 1749 667">
     <span class='ocr_line' id='line_1_7' title="bbox 203 594 1749 667; baseline 0.001 -16"><span class='ocrx_word' id='word_1_42' title='bbox 203 615 311 651; x_wconf 74' lang='grc' dir='ltr'>κεν</span> <span class='ocrx_word' id='word_1_43' title='bbox 337 594 415 649; x_wconf 79' lang='grc' dir='ltr'>ἐν</span> <span class='ocrx_word' id='word_1_44' title='bbox 454 596 531 666; x_wconf 81' lang='grc' dir='ltr'>τῇ</span> <span class='ocrx_word' id='word_1_45' title='bbox 563 598 715 666; x_wconf 82' lang='grc' dir='ltr'>χειρί</span> <span class='ocrx_word' id='word_1_46' title='bbox 766 598 983 652; x_wconf 76' lang='grc' dir='ltr'>αὐτοῦ·</span> <span class='ocrx_word' id='word_1_47' title='bbox 1017 600 1050 651; x_wconf 90' lang='grc' dir='ltr'><strong>ό</strong></span> <span class='ocrx_word' id='word_1_48' title='bbox 1098 598 1396 651; x_wconf 78' lang='grc' dir='ltr'>πιστεύων</span> <span class='ocrx_word' id='word_1_49' title='bbox 1422 598 1534 667; x_wconf 88' lang='lat'><strong>(97)</strong></span> <span class='ocrx_word' id='word_1_50' title='bbox 1561 601 1646 664; x_wconf 80' lang='grc' dir='ltr'><strong>είς</strong></span> <span class='ocrx_word' id='word_1_51' title='bbox 1670 599 1749 653; x_wconf 79' lang='grc' dir='ltr'>τὸι</span> 
     </span>
    </p>
   </div>
   <div class='ocr_carea' id='block_1_8' title="bbox 1853 594 3437 695">
    <p class='ocr_par' dir='ltr' id='par_1_8' title="bbox 1875 596 3437 695">
     <span class='ocr_line' id='line_1_8' title="bbox 1875 596 3437 695; baseline 0.013 -46"><span class='ocrx_word' id='word_1_52' title='bbox 1875 596 1998 650; x_wconf 90' lang='lat' dir='ltr'><strong>dum</strong></span> <span class='ocrx_word' id='word_1_53' title='bbox 2038 608 2120 653; x_wconf 85' lang='lat' dir='ltr'><strong>est</strong></span> <span class='ocrx_word' id='word_1_54' title='bbox 2163 612 2325 667; x_wconf 89' lang='lat' dir='ltr'><strong>porro</strong></span> <span class='ocrx_word' id='word_1_55' title='bbox 2367 601 2556 655; x_wconf 91' lang='lat' dir='ltr'><strong>sedulo</strong></span> <span class='ocrx_word' id='word_1_56' title='bbox 2596 602 2661 657; x_wconf 90' lang='lat' dir='ltr'><strong>ad</strong></span> <span class='ocrx_word' id='word_1_57' title='bbox 2694 603 2846 670; x_wconf 92' lang='lat' dir='ltr'><strong>illud,</strong></span> <span class='ocrx_word' id='word_1_58' title='bbox 2882 609 3081 674; x_wconf 84' lang='lat' dir='ltr'><strong>omnia,</strong></span> <span class='ocrx_word' id='word_1_59' title='bbox 3118 620 3301 695; x_wconf 82' lang='lat' dir='ltr'><strong>utpote</strong></span> <span class='ocrx_word' id='word_1_60' title='bbox 3326 629 3437 685; x_wconf 86' lang='lat' dir='ltr'><strong>quo</strong></span> 
     </span>
    </p>
   </div>
   <div class='ocr_carea' id='block_1_9' title="bbox 213 686 1749 769">
    <p class='ocr_par' dir='ltr' id='par_1_9' title="bbox 213 686 1749 760">
     <span class='ocr_line' id='line_1_9' title="bbox 213 686 1749 760; baseline 0.001 -17"><span class='ocrx_word' id='word_1_61' title='bbox 213 690 356 743; x_wconf 80' lang='grc' dir='ltr'><strong>Υἱὸν</strong></span> <span class='ocrx_word' id='word_1_62' title='bbox 387 688 511 756; x_wconf 75' lang='grc' dir='ltr'>ἔχει</span> <span class='ocrx_word' id='word_1_63' title='bbox 545 686 697 757; x_wconf 80' lang='grc' dir='ltr'>ζωὴν</span> <span class='ocrx_word' id='word_1_64' title='bbox 738 689 997 743; x_wconf 73' lang='grc' dir='ltr'>αἰώνιον.</span> <span class='ocrx_word' id='word_1_65' title='bbox 1051 689 1400 760; x_wconf 88' lang='grc' dir='ltr'>Πιστεύωμεν</span> <span class='ocrx_word' id='word_1_66' title='bbox 1437 690 1647 757; x_wconf 93' lang='grc' dir='ltr'>τοίνυν,</span> <span class='ocrx_word' id='word_1_67' title='bbox 1692 693 1749 744; x_wconf 85' lang='grc' dir='ltr'><strong>ὅτ</strong></span> 
     </span>
    </p>
   </div>
   <div class='ocr_carea' id='block_1_10' title="bbox 1853 686 3450 769">
    <p class='ocr_par' dir='ltr' id='par_1_10' title="bbox 1877 691 3450 769">
     <span class='ocr_line' id='line_1_10' title="bbox 1877 691 3450 769; baseline 0.01 -29"><span class='ocrx_word' id='word_1_68' title='bbox 1877 701 2054 742; x_wconf 89' lang='lat' dir='ltr'><strong>rerum</strong></span> <span class='ocrx_word' id='word_1_69' title='bbox 2085 691 2324 745; x_wconf 90' lang='lat' dir='ltr'><strong>omnium</strong></span> <span class='ocrx_word' id='word_1_70' title='bbox 2359 693 2722 749; x_wconf 77' lang='lat' dir='ltr'><strong>subsistentia:</strong></span> <span class='ocrx_word' id='word_1_71' title='bbox 2754 691 3279 769; x_wconf 81' lang='lat' dir='ltr'><strong>comprehendantur</strong></span> <span class='ocrx_word' id='word_1_72' title='bbox 3304 724 3317 759; x_wconf 85' lang='lat'><strong>:</strong></span> <span class='ocrx_word' id='word_1_73' title='bbox 3338 724 3450 761; x_wconf 77' lang='grc' dir='ltr'>ιιιι-.</span> 
     </span>
    </p>
   </div>
   <div class='ocr_carea' id='block_1_11' title="bbox 200 780 1773 856">
    <p class='ocr_par' dir='ltr' id='par_1_11' title="bbox 200 780 1773 856">
     <span class='ocr_line' id='line_1_11' title="bbox 200 780 1773 856; baseline 0.003 -24"><span class='ocrx_word' id='word_1_74' title='bbox 200 781 294 833; x_wconf 79' lang='grc' dir='ltr'><strong>τὸν</strong></span> <span class='ocrx_word' id='word_1_75' title='bbox 317 780 443 834; x_wconf 81' lang='grc' dir='ltr'>Υίδν</span> <span class='ocrx_word' id='word_1_76' title='bbox 471 780 700 850; x_wconf 84' lang='grc' dir='ltr'>ἀγαπῶν</span> <span class='ocrx_word' id='word_1_77' title='bbox 723 781 956 852; x_wconf 76' lang='grc' dir='ltr'>ὁΠατὴρ</span> <span class='ocrx_word' id='word_1_78' title='bbox 988 780 1163 835; x_wconf 88' lang='grc' dir='ltr'>πάντα</span> <span class='ocrx_word' id='word_1_79' title='bbox 1181 780 1407 835; x_wconf 84' lang='grc' dir='ltr'>δέδωκεν</span> <span class='ocrx_word' id='word_1_80' title='bbox 1440 783 1497 835; x_wconf 83' lang='grc' dir='ltr'>ἐν</span> <span class='ocrx_word' id='word_1_81' title='bbox 1534 786 1599 854; x_wconf 81' lang='grc' dir='ltr'>τῇ</span> <span class='ocrx_word' id='word_1_82' title='bbox 1628 785 1773 856; x_wconf 75' lang='grc' dir='ltr'>χειρὶ</span> 
     </span>
    </p>
   </div>
   <div class='ocr_carea' id='block_1_12' title="bbox 201 872 1771 944">
    <p class='ocr_par' dir='ltr' id='par_1_12' title="bbox 201 872 1771 944">
     <span class='ocr_line' id='line_1_12' title="bbox 201 872 1771 944; baseline 0.003 -20"><span class='ocrx_word' id='word_1_83' title='bbox 201 872 387 926; x_wconf 71' lang='grc' dir='ltr'>αὑτοῦ.</span> <span class='ocrx_word' id='word_1_84' title='bbox 436 872 737 944; x_wconf 85' lang='grc' dir='ltr'><strong>Ἐπιμελῶς</strong></span> <span class='ocrx_word' id='word_1_85' title='bbox 763 872 820 927; x_wconf 87' lang='grc' dir='ltr'>δὲ</span> <span class='ocrx_word' id='word_1_86' title='bbox 849 873 1176 944; x_wconf 84' lang='grc' dir='ltr'>προσεκτέον</span> <span class='ocrx_word' id='word_1_87' title='bbox 1207 872 1285 943; x_wconf 82' lang='grc' dir='ltr'><strong>τῷ</strong></span> <span class='ocrx_word' id='word_1_88' title='bbox 1306 873 1501 928; x_wconf 81' lang='grc' dir='ltr'>πάντα</span> <span class='ocrx_word' id='word_1_89' title='bbox 1530 874 1632 944; x_wconf 79' lang='grc' dir='ltr'>τῆς</span> <span class='ocrx_word' id='word_1_90' title='bbox 1663 877 1771 930; x_wconf 89' lang='grc' dir='ltr'><strong>τῶν</strong></span> 
     </span>
    </p>
   </div>
   <div class='ocr_carea' id='block_1_13' title="bbox 201 965 1768 1037">
    <p class='ocr_par' dir='ltr' id='par_1_13' title="bbox 201 965 1768 1037">
     <span class='ocr_line' id='line_1_13' title="bbox 201 965 1768 1037; baseline 0.003 -19"><span class='ocrx_word' id='word_1_91' title='bbox 201 966 474 1037; x_wconf 81' lang='grc' dir='ltr'>γεννητῶν</span> <span class='ocrx_word' id='word_1_92' title='bbox 515 965 797 1037; x_wconf 84' lang='grc' dir='ltr'><strong>ὑπάρξεως</strong></span> <span class='ocrx_word' id='word_1_93' title='bbox 824 965 1079 1019; x_wconf 82' lang='grc' dir='ltr'>ἁπάντων</span> <span class='ocrx_word' id='word_1_94' title='bbox 1104 965 1483 1037; x_wconf 83' lang='grc' dir='ltr'>περιληπτικῷ</span> <span class='ocrx_word' id='word_1_95' title='bbox 1521 967 1635 1019; x_wconf 77' lang='grc' dir='ltr'>δντι</span> <span class='ocrx_word' id='word_1_96' title='bbox 1660 1008 1673 1031; x_wconf 95' lang='grc'><strong>,</strong></span> <span class='ocrx_word' id='word_1_97' title='bbox 1701 969 1768 1022; x_wconf 89' lang='grc' dir='ltr'>δι’</span> 
     </span>
    </p>
   </div>
   <div class='ocr_carea' id='block_1_14' title="bbox 194 1051 1766 1130">
    <p class='ocr_par' dir='ltr' id='par_1_14' title="bbox 194 1051 1766 1130">
     <span class='ocr_line' id='line_1_14' title="bbox 194 1051 1766 1130; baseline 0 -19"><span class='ocrx_word' id='word_1_98' title='bbox 194 1051 259 1111; x_wconf 79' lang='grc' dir='ltr'>οὗ</span> <span class='ocrx_word' id='word_1_99' title='bbox 292 1058 353 1112; x_wconf 81' lang='grc' dir='ltr'>τὸ</span> <span class='ocrx_word' id='word_1_100' title='bbox 389 1058 613 1129; x_wconf 82' lang='grc' dir='ltr'>μέγεθος</span> <span class='ocrx_word' id='word_1_101' title='bbox 641 1060 739 1128; x_wconf 83' lang='grc' dir='ltr'><strong>τῆς</strong></span> <span class='ocrx_word' id='word_1_102' title='bbox 758 1058 853 1112; x_wconf 89' lang='grc' dir='ltr'><strong>τοῦ</strong></span> <span class='ocrx_word' id='word_1_103' title='bbox 878 1058 1008 1112; x_wconf 85' lang='grc' dir='ltr'>Υίοῦ</span> <span class='ocrx_word' id='word_1_104' title='bbox 1042 1058 1137 1112; x_wconf 90' lang='grc' dir='ltr'><strong>τοῦ</strong></span> <span class='ocrx_word' id='word_1_105' title='bbox 1166 1058 1301 1111; x_wconf 86' lang='grc' dir='ltr'>Θεοῦ</span> <span class='ocrx_word' id='word_1_106' title='bbox 1334 1058 1634 1130; x_wconf 87' lang='grc' dir='ltr'>δυνάμεως,</span> <span class='ocrx_word' id='word_1_107' title='bbox 1671 1059 1766 1112; x_wconf 78' lang='grc' dir='ltr'>ἴδοι</span> 
     </span>
    </p>
   </div>
   <div class='ocr_carea' id='block_1_15' title="bbox 194 1148 1769 1222">
    <p class='ocr_par' dir='ltr' id='par_1_15' title="bbox 194 1148 1769 1222">
     <span class='ocr_line' id='line_1_15' title="bbox 194 1148 1769 1222; baseline 0.002 -20"><span class='ocrx_word' id='word_1_108' title='bbox 194 1148 263 1202; x_wconf 79' lang='grc' dir='ltr'>ἄν</span> <span class='ocrx_word' id='word_1_109' title='bbox 290 1166 394 1212; x_wconf 88' lang='grc' dir='ltr'>τις,</span> <span class='ocrx_word' id='word_1_110' title='bbox 428 1150 687 1220; x_wconf 81' lang='grc' dir='ltr'>ἐννοήσας</span> <span class='ocrx_word' id='word_1_111' title='bbox 709 1149 810 1220; x_wconf 84' lang='grc' dir='ltr'><strong>ὅσῃ</strong></span> <span class='ocrx_word' id='word_1_112' title='bbox 844 1150 937 1202; x_wconf 75' lang='grc' dir='ltr'><strong>καὶ</strong></span> <span class='ocrx_word' id='word_1_113' title='bbox 969 1150 1131 1221; x_wconf 79' lang='grc' dir='ltr'>ὁποίᾳ</span> <span class='ocrx_word' id='word_1_114' title='bbox 1168 1150 1313 1220; x_wconf 72' lang='grc' dir='ltr'>χειρὶ</span> <span class='ocrx_word' id='word_1_115' title='bbox 1353 1151 1500 1222; x_wconf 86' lang='grc' dir='ltr'>παρὰ</span> <span class='ocrx_word' id='word_1_116' title='bbox 1531 1151 1623 1205; x_wconf 88' lang='grc' dir='ltr'><strong>τοῦ</strong></span> <span class='ocrx_word' id='word_1_117' title='bbox 1657 1154 1769 1205; x_wconf 89' lang='grc' dir='ltr'>Πα-</span> 
     </span>
    </p>
   </div>
   <div class='ocr_carea' id='block_1_16' title="bbox 191 1241 1762 1316">
    <p class='ocr_par' dir='ltr' id='par_1_16' title="bbox 191 1241 1762 1316">
     <span class='ocr_line' id='line_1_16' title="bbox 191 1241 1762 1316; baseline 0.003 -23"><span class='ocrx_word' id='word_1_118' title='bbox 191 1242 322 1311; x_wconf 79' lang='grc' dir='ltr'>τρὸς</span> <span class='ocrx_word' id='word_1_119' title='bbox 353 1241 672 1295; x_wconf 81' lang='grc' dir='ltr'>ὑπεδέδεκτο</span> <span class='ocrx_word' id='word_1_120' title='bbox 705 1241 804 1313; x_wconf 83' lang='grc' dir='ltr'>τὴν</span> <span class='ocrx_word' id='word_1_121' title='bbox 851 1241 957 1295; x_wconf 92' lang='grc' dir='ltr'><strong>τῶν</strong></span> <span class='ocrx_word' id='word_1_122' title='bbox 1005 1241 1173 1295; x_wconf 71' lang='grc' dir='ltr'>ὄντων</span> <span class='ocrx_word' id='word_1_123' title='bbox 1213 1243 1466 1297; x_wconf 83' lang='grc' dir='ltr'>ἁπάντων</span> <span class='ocrx_word' id='word_1_124' title='bbox 1512 1243 1762 1316; x_wconf 72' lang='grc' dir='ltr'>ὕπαρξιν.</span> 
     </span>
    </p>
   </div>
   <div class='ocr_carea' id='block_1_17' title="bbox 192 1330 1761 1403">
    <p class='ocr_par' dir='ltr' id='par_1_17' title="bbox 192 1330 1761 1403">
     <span class='ocr_line' id='line_1_17' title="bbox 192 1330 1761 1403; baseline 0.001 -19"><span class='ocrx_word' id='word_1_125' title='bbox 192 1332 257 1384; x_wconf 77' lang='lat' dir='ltr'><strong>Ei</strong></span> <span class='ocrx_word' id='word_1_126' title='bbox 286 1331 395 1401; x_wconf 84' lang='grc' dir='ltr'><strong>γὰρ</strong></span> <span class='ocrx_word' id='word_1_127' title='bbox 426 1330 489 1401; x_wconf 81' lang='grc' dir='ltr'>δὴ</span> <span class='ocrx_word' id='word_1_128' title='bbox 518 1330 687 1399; x_wconf 85' lang='grc' dir='ltr'><strong>μέγας</strong></span> <span class='ocrx_word' id='word_1_129' title='bbox 716 1331 745 1382; x_wconf 97' lang='lat'><strong>6</strong></span> <span class='ocrx_word' id='word_1_130' title='bbox 790 1330 1012 1400; x_wconf 86' lang='grc' dir='ltr'>σύμπας</span> <span class='ocrx_word' id='word_1_131' title='bbox 1053 1330 1281 1399; x_wconf 86' lang='grc' dir='ltr'>οὐρανός</span> <span class='ocrx_word' id='word_1_132' title='bbox 1317 1348 1375 1384; x_wconf 88' lang='grc' dir='ltr'><strong>τε</strong></span> <span class='ocrx_word' id='word_1_133' title='bbox 1417 1332 1509 1385; x_wconf 81' lang='grc' dir='ltr'><strong>καὶ</strong></span> <span class='ocrx_word' id='word_1_134' title='bbox 1541 1332 1761 1403; x_wconf 79' lang='grc' dir='ltr'>κόσμος,</span> 
     </span>
    </p>
   </div>
   <div class='ocr_carea' id='block_1_18' title="bbox 191 1419 1764 1495">
    <p class='ocr_par' dir='ltr' id='par_1_18' title="bbox 191 1419 1764 1495">
     <span class='ocr_line' id='line_1_18' title="bbox 191 1419 1764 1495; baseline 0.002 -20"><span class='ocrx_word' id='word_1_135' title='bbox 191 1423 287 1475; x_wconf 77' lang='grc' dir='ltr'><strong>καὶ</strong></span> <span class='ocrx_word' id='word_1_136' title='bbox 329 1423 534 1474; x_wconf 87' lang='grc' dir='ltr'>τούτων</span> <span class='ocrx_word' id='word_1_137' title='bbox 576 1421 656 1473; x_wconf 74' lang='grc' dir='ltr'>ἔτι</span> <span class='ocrx_word' id='word_1_138' title='bbox 725 1421 923 1492; x_wconf 81' lang='grc' dir='ltr'>μακρῷ</span> <span class='ocrx_word' id='word_1_139' title='bbox 976 1419 1259 1491; x_wconf 86' lang='grc' dir='ltr'>κρείττονα</span> <span class='ocrx_word' id='word_1_140' title='bbox 1306 1422 1399 1476; x_wconf 77' lang='grc' dir='ltr'><strong>καὶ</strong></span> <span class='ocrx_word' id='word_1_141' title='bbox 1446 1423 1764 1495; x_wconf 83' lang='grc' dir='ltr'>διαφέροντα</span> 
     </span>
    </p>
   </div>
   <div class='ocr_carea' id='block_1_19' title="bbox 187 1510 1764 1584">
    <p class='ocr_par' dir='ltr' id='par_1_19' title="bbox 187 1510 1764 1584">
     <span class='ocr_line' id='line_1_19' title="bbox 187 1510 1764 1584; baseline 0.003 -21"><span class='ocrx_word' id='word_1_142' title='bbox 187 1512 445 1580; x_wconf 76' lang='grc' dir='ltr'>τυγχάνει</span> <span class='ocrx_word' id='word_1_143' title='bbox 489 1510 558 1564; x_wconf 77' lang='grc' dir='ltr'>τὰ</span> <span class='ocrx_word' id='word_1_144' title='bbox 606 1511 859 1564; x_wconf 75' lang='grc' dir='ltr'>ἐπέκεινα</span> <span class='ocrx_word' id='word_1_145' title='bbox 881 1511 988 1564; x_wconf 88' lang='grc' dir='ltr'><strong>τῶν</strong></span> <span class='ocrx_word' id='word_1_146' title='bbox 1030 1510 1322 1582; x_wconf 81' lang='grc' dir='ltr'>ὁρωμένων</span> <span class='ocrx_word' id='word_1_147' title='bbox 1364 1514 1423 1566; x_wconf 80' lang='grc' dir='ltr'>ὲν</span> <span class='ocrx_word' id='word_1_148' title='bbox 1456 1514 1764 1584; x_wconf 76' lang='grc' dir='ltr'>ἀσωμάτοις</span> 
     </span>
    </p>
   </div>
   <div class='ocr_carea' id='block_1_20' title="bbox 1873 778 3427 867">
    <p class='ocr_par' dir='ltr' id='par_1_20' title="bbox 1873 778 3427 867">
     <span class='ocr_line' id='line_1_20' title="bbox 1873 778 3427 867; baseline 0.015 -36"><span class='ocrx_word' id='word_1_149' title='bbox 1873 778 1939 833; x_wconf 94' lang='lat' dir='ltr'><strong>de</strong></span> <span class='ocrx_word' id='word_1_150' title='bbox 1981 787 2037 834; x_wconf 92' lang='lat' dir='ltr'><strong>et</strong></span> <span class='ocrx_word' id='word_1_151' title='bbox 2077 780 2262 837; x_wconf 84' lang='lat' dir='ltr'><strong>videre</strong></span> <span class='ocrx_word' id='word_1_152' title='bbox 2299 782 2568 852; x_wconf 83' lang='lat' dir='ltr'><strong>quispiam</strong></span> <span class='ocrx_word' id='word_1_153' title='bbox 2625 798 2808 856; x_wconf 85' lang='lat' dir='ltr'><strong>posset</strong></span> <span class='ocrx_word' id='word_1_154' title='bbox 2859 792 3279 860; x_wconf 73' lang='lat' dir='ltr'><strong>magnitudinem</strong></span> <span class='ocrx_word' id='word_1_155' title='bbox 3328 814 3427 867; x_wconf 84' lang='lat' dir='ltr'><strong>po-</strong></span> 
     </span>
    </p>
   </div>
   <div class='ocr_carea' id='block_1_21' title="bbox 1874 869 3434 958">
    <p class='ocr_par' dir='ltr' id='par_1_21' title="bbox 1874 869 3434 958">
     <span class='ocr_line' id='line_1_21' title="bbox 1874 869 3434 958; baseline 0.016 -37"><span class='ocrx_word' id='word_1_156' title='bbox 1874 869 2054 924; x_wconf 73' lang='lat' dir='ltr'><strong>tentia:</strong></span> <span class='ocrx_word' id='word_1_157' title='bbox 2084 870 2206 925; x_wconf 88' lang='lat' dir='ltr'><strong>Filii</strong></span> <span class='ocrx_word' id='word_1_158' title='bbox 2249 873 2377 941; x_wconf 88' lang='lat' dir='ltr'><strong>Dei;</strong></span> <span class='ocrx_word' id='word_1_159' title='bbox 2406 874 2531 929; x_wconf 88' lang='lat' dir='ltr'><strong>dum</strong></span> <span class='ocrx_word' id='word_1_160' title='bbox 2570 880 2852 948; x_wconf 77' lang='lat' dir='ltr'><strong>recogitet,</strong></span> <span class='ocrx_word' id='word_1_161' title='bbox 2893 894 3150 953; x_wconf 89' lang='lat' dir='ltr'><strong>quantam</strong></span> <span class='ocrx_word' id='word_1_162' title='bbox 3192 889 3434 958; x_wconf 90' lang='lat' dir='ltr'><strong>qualem-</strong></span> 
     </span>
    </p>
   </div>
   <div class='ocr_carea' id='block_1_22' title="bbox 1870 961 3435 1039">
    <p class='ocr_par' dir='ltr' id='par_1_22' title="bbox 1870 961 3435 1039">
     <span class='ocr_line' id='line_1_22' title="bbox 1870 961 3435 1039; baseline 0.016 -25"><span class='ocrx_word' id='word_1_163' title='bbox 1870 976 1974 1028; x_wconf 89' lang='lat' dir='ltr'><strong>que</strong></span> <span class='ocrx_word' id='word_1_164' title='bbox 1996 961 2049 1016; x_wconf 93' lang='lat' dir='ltr'><strong>in</strong></span> <span class='ocrx_word' id='word_1_165' title='bbox 2092 979 2309 1021; x_wconf 89' lang='lat' dir='ltr'><strong>manum</strong></span> <span class='ocrx_word' id='word_1_166' title='bbox 2374 968 2572 1024; x_wconf 89' lang='lat' dir='ltr'><strong>tradita</strong></span> <span class='ocrx_word' id='word_1_167' title='bbox 2617 972 2688 1025; x_wconf 89' lang='lat' dir='ltr'><strong>sit</strong></span> <span class='ocrx_word' id='word_1_168' title='bbox 2723 989 2752 1026; x_wconf 90' lang='lat' dir='ltr'><strong>a</strong></span> <span class='ocrx_word' id='word_1_169' title='bbox 2797 972 2960 1032; x_wconf 85' lang='lat' dir='ltr'><strong>Patre</strong></span> <span class='ocrx_word' id='word_1_170' title='bbox 2998 992 3178 1034; x_wconf 91' lang='lat' dir='ltr'><strong>rerum</strong></span> <span class='ocrx_word' id='word_1_171' title='bbox 3216 984 3435 1039; x_wconf 80' lang='lat' dir='ltr'><strong>univer-</strong></span> 
     </span>
    </p>
   </div>
   <div class='ocr_carea' id='block_1_23' title="bbox 1868 1054 3432 1133">
    <p class='ocr_par' dir='ltr' id='par_1_23' title="bbox 1868 1054 3432 1133">
     <span class='ocr_line' id='line_1_23' title="bbox 1868 1054 3432 1133; baseline 0.018 -30"><span class='ocrx_word' id='word_1_172' title='bbox 1868 1066 2047 1106; x_wconf 88' lang='lat' dir='ltr'><strong>sarum</strong></span> <span class='ocrx_word' id='word_1_173' title='bbox 2080 1054 2445 1111; x_wconf 85' lang='lat' dir='ltr'><strong>subsistentia.</strong></span> <span class='ocrx_word' id='word_1_174' title='bbox 2481 1058 2539 1114; x_wconf 88' lang='lat' dir='ltr'><strong>Si</strong></span> <span class='ocrx_word' id='word_1_175' title='bbox 2585 1078 2834 1133; x_wconf 82' lang='lat' dir='ltr'><strong>magnum</strong></span> <span class='ocrx_word' id='word_1_176' title='bbox 2890 1068 2963 1121; x_wconf 89' lang='lat' dir='ltr'><strong>sit</strong></span> <span class='ocrx_word' id='word_1_177' title='bbox 3006 1070 3202 1126; x_wconf 66' lang='lat' dir='ltr'><strong>coelum</strong></span> <span class='ocrx_word' id='word_1_178' title='bbox 3244 1075 3432 1132; x_wconf 91' lang='lat' dir='ltr'><strong>ethoc</strong></span> 
     </span>
    </p>
   </div>
   <div class='ocr_carea' id='block_1_24' title="bbox 1868 1142 3432 1234">
    <p class='ocr_par' dir='ltr' id='par_1_24' title="bbox 1868 1142 3432 1234">
     <span class='ocr_line' id='line_1_24' title="bbox 1868 1142 3432 1234; baseline 0.019 -43"><span class='ocrx_word' id='word_1_179' title='bbox 1868 1142 2198 1210; x_wconf 86' lang='lat' dir='ltr'><strong>universum,</strong></span> <span class='ocrx_word' id='word_1_180' title='bbox 2223 1158 2368 1204; x_wconf 89' lang='lat' dir='ltr'><strong>certe</strong></span> <span class='ocrx_word' id='word_1_181' title='bbox 2401 1165 2518 1218; x_wconf 75' lang='lat' dir='ltr'><strong>qua:</strong></span> <span class='ocrx_word' id='word_1_182' title='bbox 2546 1167 2704 1221; x_wconf 87' lang='lat' dir='ltr'><strong>supra</strong></span> <span class='ocrx_word' id='word_1_183' title='bbox 2735 1164 2860 1210; x_wconf 91' lang='lat' dir='ltr'><strong>sunt</strong></span> <span class='ocrx_word' id='word_1_184' title='bbox 2883 1158 2982 1212; x_wconf 90' lang='lat' dir='ltr'><strong>ista</strong></span> <span class='ocrx_word' id='word_1_185' title='bbox 3004 1161 3177 1216; x_wconf 86' lang='lat' dir='ltr'><strong>oculis</strong></span> <span class='ocrx_word' id='word_1_186' title='bbox 3205 1179 3432 1234; x_wconf 81' lang='lat' dir='ltr'><strong>usurpa-</strong></span> 
     </span>
    </p>
   </div>
   <div class='ocr_carea' id='block_1_25' title="bbox 1870 1234 3430 1320">
    <p class='ocr_par' dir='ltr' id='par_1_25' title="bbox 1870 1234 3430 1320">
     <span class='ocr_line' id='line_1_25' title="bbox 1870 1234 3430 1320; baseline 0.017 -36"><span class='ocrx_word' id='word_1_187' title='bbox 1870 1242 1940 1299; x_wconf 87' lang='lat' dir='ltr'><strong>ta,</strong></span> <span class='ocrx_word' id='word_1_188' title='bbox 1968 1234 2019 1288; x_wconf 80' lang='lat' dir='ltr'><strong>in</strong></span> <span class='ocrx_word' id='word_1_189' title='bbox 2049 1239 2408 1305; x_wconf 86' lang='lat' dir='ltr'><strong>potestatibus</strong></span> <span class='ocrx_word' id='word_1_190' title='bbox 2430 1242 2778 1300; x_wconf 81' lang='lat' dir='ltr'><strong>subsistentia</strong></span> <span class='ocrx_word' id='word_1_191' title='bbox 2805 1248 3159 1320; x_wconf 89' lang='lat' dir='ltr'><strong>incorporeis,</strong></span> <span class='ocrx_word' id='word_1_192' title='bbox 3186 1256 3430 1310; x_wconf 86' lang='lat' dir='ltr'><strong>incorru-</strong></span> 
     </span>
    </p>
   </div>
   <div class='ocr_carea' id='block_1_26' title="bbox 1866 1327 3426 1417">
    <p class='ocr_par' dir='ltr' id='par_1_26' title="bbox 1866 1327 3426 1417">
     <span class='ocr_line' id='line_1_26' title="bbox 1866 1327 3426 1417; baseline 0.016 -39"><span class='ocrx_word' id='word_1_193' title='bbox 1866 1327 2165 1395; x_wconf 87' lang='lat' dir='ltr'><strong>ptibilibus,</strong></span> <span class='ocrx_word' id='word_1_194' title='bbox 2200 1330 2627 1404; x_wconf 82' lang='lat' dir='ltr'><strong>intelligibilibus</strong></span> <span class='ocrx_word' id='word_1_195' title='bbox 2653 1348 2708 1393; x_wconf 89' lang='lat' dir='ltr'><strong>et</strong></span> <span class='ocrx_word' id='word_1_196' title='bbox 2746 1341 2966 1407; x_wconf 86' lang='lat' dir='ltr'><strong>divinis,</strong></span> <span class='ocrx_word' id='word_1_197' title='bbox 3004 1344 3173 1401; x_wconf 89' lang='lat' dir='ltr'><strong>multo</strong></span> <span class='ocrx_word' id='word_1_198' title='bbox 3209 1349 3426 1417; x_wconf 86' lang='lat' dir='ltr'><strong>quidem</strong></span> 
     </span>
    </p>
   </div>
   <div class='ocr_carea' id='block_1_27' title="bbox 1866 1419 3427 1509">
    <p class='ocr_par' dir='ltr' id='par_1_27' title="bbox 1866 1419 3427 1509">
     <span class='ocr_line' id='line_1_27' title="bbox 1866 1419 3427 1509; baseline 0.017 -38"><span class='ocrx_word' id='word_1_199' title='bbox 1866 1419 2014 1473; x_wconf 89' lang='lat' dir='ltr'><strong>hisce</strong></span> <span class='ocrx_word' id='word_1_200' title='bbox 2060 1430 2185 1478; x_wconf 91' lang='lat' dir='ltr'><strong>sunt</strong></span> <span class='ocrx_word' id='word_1_201' title='bbox 2212 1423 2519 1494; x_wconf 89' lang='lat' dir='ltr'><strong>majora,et</strong></span> <span class='ocrx_word' id='word_1_202' title='bbox 2550 1429 2617 1483; x_wconf 89' lang='lat' dir='ltr'><strong>ab</strong></span> <span class='ocrx_word' id='word_1_203' title='bbox 2666 1431 2783 1487; x_wconf 80' lang='lat' dir='ltr'><strong>istis</strong></span> <span class='ocrx_word' id='word_1_204' title='bbox 2828 1434 2985 1506; x_wconf 85' lang='lat' dir='ltr'><strong>longe</strong></span> <span class='ocrx_word' id='word_1_205' title='bbox 3028 1436 3427 1509; x_wconf 90' lang='lat' dir='ltr'><strong>discrepantia:</strong></span> 
     </span>
    </p>
   </div>
   <div class='ocr_carea' id='block_1_28' title="bbox 1862 1514 3430 1597">
    <p class='ocr_par' dir='ltr' id='par_1_28' title="bbox 1862 1514 3430 1597">
     <span class='ocr_line' id='line_1_28' title="bbox 1862 1514 3430 1597; baseline 0.018 -35"><span class='ocrx_word' id='word_1_206' title='bbox 1862 1525 2033 1581; x_wconf 66' lang='lat' dir='ltr'><strong>eaque</strong></span> <span class='ocrx_word' id='word_1_207' title='bbox 2061 1514 2129 1568; x_wconf 89' lang='lat' dir='ltr'><strong>ab</strong></span> <span class='ocrx_word' id='word_1_208' title='bbox 2158 1515 2277 1571; x_wconf 92' lang='lat' dir='ltr'><strong>istis</strong></span> <span class='ocrx_word' id='word_1_209' title='bbox 2303 1518 2578 1588; x_wconf 84' lang='lat' dir='ltr'><strong>universa,</strong></span> <span class='ocrx_word' id='word_1_210' title='bbox 2606 1538 2727 1592; x_wconf 72' lang='lat' dir='ltr'><strong>qua:</strong></span> <span class='ocrx_word' id='word_1_211' title='bbox 2758 1540 2880 1580; x_wconf 89' lang='lat' dir='ltr'><strong>cum</strong></span> <span class='ocrx_word' id='word_1_212' title='bbox 2908 1537 3124 1597; x_wconf 87' lang='lat' dir='ltr'><strong>captum</strong></span> <span class='ocrx_word' id='word_1_213' title='bbox 3151 1541 3430 1589; x_wconf 85' lang='lat' dir='ltr'><strong>transcen—</strong></span> 
     </span>
    </p>
   </div>
   <div class='ocr_carea' id='block_1_29' title="bbox 188 1601 1749 1692">
    <p class='ocr_par' dir='ltr' id='par_1_29' title="bbox 188 1602 1749 1674">
     <span class='ocr_line' id='line_1_29' title="bbox 188 1602 1749 1674; baseline 0.003 -19"><span class='ocrx_word' id='word_1_214' title='bbox 188 1604 285 1656; x_wconf 77' lang='grc' dir='ltr'><strong>καὶ</strong></span> <span class='ocrx_word' id='word_1_215' title='bbox 315 1602 631 1671; x_wconf 81' lang='grc' dir='ltr'>ἀφθάρτοις,</span> <span class='ocrx_word' id='word_1_216' title='bbox 659 1605 870 1674; x_wconf 84' lang='grc' dir='ltr'>νοεραῖς</span> <span class='ocrx_word' id='word_1_217' title='bbox 892 1620 951 1656; x_wconf 91' lang='grc' dir='ltr'><strong>τε</strong></span> <span class='ocrx_word' id='word_1_218' title='bbox 975 1603 1070 1657; x_wconf 77' lang='grc' dir='ltr'><strong>καὶ</strong></span> <span class='ocrx_word' id='word_1_219' title='bbox 1102 1603 1277 1667; x_wconf 79' lang='grc' dir='ltr'>θείαις</span> <span class='ocrx_word' id='word_1_220' title='bbox 1311 1604 1593 1673; x_wconf 82' lang='grc' dir='ltr'>ὑφεστῶτα</span> <span class='ocrx_word' id='word_1_221' title='bbox 1614 1606 1749 1660; x_wconf 74' lang='grc' dir='ltr'>δυνάι</span> 
     </span>
    </p>
   </div>
   <div class='ocr_carea' id='block_1_30' title="bbox 1853 1601 3430 1692">
    <p class='ocr_par' dir='ltr' id='par_1_30' title="bbox 1862 1601 3430 1692">
     <span class='ocr_line' id='line_1_30' title="bbox 1862 1601 3430 1692; baseline 0.018 -38"><span class='ocrx_word' id='word_1_222' title='bbox 1862 1601 1991 1657; x_wconf 88' lang='lat' dir='ltr'><strong>dant</strong></span> <span class='ocrx_word' id='word_1_223' title='bbox 2042 1615 2302 1671; x_wconf 89' lang='lat' dir='ltr'><strong>nostrum,</strong></span> <span class='ocrx_word' id='word_1_224' title='bbox 2336 1620 2574 1666; x_wconf 88' lang='lat' dir='ltr'><strong>nostram</strong></span> <span class='ocrx_word' id='word_1_225' title='bbox 2610 1628 2827 1684; x_wconf 88' lang='lat' dir='ltr'><strong>quoque</strong></span> <span class='ocrx_word' id='word_1_226' title='bbox 2878 1617 3430 1692; x_wconf 71' lang='lat' dir='ltr'><strong>refugiuntcognitio-</strong></span> 
     </span>
    </p>
   </div>
   <div class='ocr_carea' id='block_1_31' title="bbox 190 1694 1749 1775">
    <p class='ocr_par' dir='ltr' id='par_1_31' title="bbox 190 1694 1749 1769">
     <span class='ocr_line' id='line_1_31' title="bbox 190 1694 1749 1769; baseline 0.006 -25"><span class='ocrx_word' id='word_1_227' title='bbox 190 1710 340 1763; x_wconf 86' lang='grc' dir='ltr'>μεσι,</span> <span class='ocrx_word' id='word_1_228' title='bbox 386 1694 561 1746; x_wconf 84' lang='grc' dir='ltr'>πάντα</span> <span class='ocrx_word' id='word_1_229' title='bbox 603 1711 664 1746; x_wconf 88' lang='grc' dir='ltr'><strong>τε</strong></span> <span class='ocrx_word' id='word_1_230' title='bbox 709 1695 810 1748; x_wconf 80' lang='grc' dir='ltr'>ὅσα</span> <span class='ocrx_word' id='word_1_231' title='bbox 856 1694 949 1749; x_wconf 83' lang='grc' dir='ltr'><strong>τὸν</strong></span> <span class='ocrx_word' id='word_1_232' title='bbox 995 1696 1264 1767; x_wconf 79' lang='grc' dir='ltr'>ἡμέτερον</span> <span class='ocrx_word' id='word_1_233' title='bbox 1325 1696 1749 1769; x_wconf 82' lang='grc' dir='ltr'>διαδιδράσκοντα</span> 
     </span>
    </p>
   </div>
   <div class='ocr_carea' id='block_1_32' title="bbox 1853 1694 3431 1775">
    <p class='ocr_par' dir='ltr' id='par_1_32' title="bbox 1864 1694 3431 1775">
     <span class='ocr_line' id='line_1_32' title="bbox 1864 1694 3431 1775; baseline 0.017 -30"><span class='ocrx_word' id='word_1_234' title='bbox 1864 1708 2007 1748; x_wconf 86' lang='lat' dir='ltr'><strong>nem.</strong></span> <span class='ocrx_word' id='word_1_235' title='bbox 2037 1694 2138 1750; x_wconf 85' lang='lat' dir='ltr'><strong>Ista</strong></span> <span class='ocrx_word' id='word_1_236' title='bbox 2183 1700 2361 1755; x_wconf 86' lang='lat' dir='ltr'><strong>omnia</strong></span> <span class='ocrx_word' id='word_1_237' title='bbox 2392 1711 2448 1757; x_wconf 85' lang='lat' dir='ltr'><strong>et.</strong></span> <span class='ocrx_word' id='word_1_238' title='bbox 2492 1703 2698 1775; x_wconf 77' lang='lat' dir='ltr'><strong>singula</strong></span> <span class='ocrx_word' id='word_1_239' title='bbox 2738 1722 2859 1761; x_wconf 91' lang='lat' dir='ltr'><strong>cum</strong></span> <span class='ocrx_word' id='word_1_240' title='bbox 2909 1713 3067 1766; x_wconf 86' lang='lat' dir='ltr'><strong>unica</strong></span> <span class='ocrx_word' id='word_1_241' title='bbox 3102 1712 3191 1767; x_wconf 90' lang='lat' dir='ltr'><strong>illa</strong></span> <span class='ocrx_word' id='word_1_242' title='bbox 3237 1730 3431 1774; x_wconf 64' lang='lat' dir='ltr'><strong>manu</strong></span> 
     </span>
    </p>
   </div>
   <div class='ocr_carea' id='block_1_33' title="bbox 184 1758 1749 1870">
    <p class='ocr_par' dir='ltr' id='par_1_33' title="bbox 184 1758 1749 1855">
     <span class='ocr_line' id='line_1_33' title="bbox 184 1758 1749 1855; baseline 0.005 -19"><span class='ocrx_word' id='word_1_243' title='bbox 184 1758 333 1846; x_wconf 75' lang='grc' dir='ltr'>νοῦν,</span> <span class='ocrx_word' id='word_1_244' title='bbox 360 1783 458 1853; x_wconf 80' lang='grc' dir='ltr'><strong>τὴν</strong></span> <span class='ocrx_word' id='word_1_245' title='bbox 484 1784 757 1855; x_wconf 81' lang='grc' dir='ltr'>ἡμετέραν</span> <span class='ocrx_word' id='word_1_246' title='bbox 798 1784 998 1852; x_wconf 88' lang='grc' dir='ltr'>γνῶσιν</span> <span class='ocrx_word' id='word_1_247' title='bbox 1018 1758 1281 1840; x_wconf 50' lang='grc' dir='ltr'>’λανθάνει</span> <span class='ocrx_word' id='word_1_248' title='bbox 1301 1802 1316 1817; x_wconf 75' lang='grc' dir='ltr'><strong><em>ο</em></strong></span> <span class='ocrx_word' id='word_1_249' title='bbox 1347 1758 1551 1843; x_wconf 74' lang='grc' dir='ltr'>τούτῶν</span> <span class='ocrx_word' id='word_1_250' title='bbox 1590 1790 1749 1844; x_wconf 84' lang='grc' dir='ltr'>ἀπάν-</span> 
     </span>
    </p>
   </div>
   <div class='ocr_carea' id='block_1_34' title="bbox 1853 1758 3427 1870">
    <p class='ocr_par' dir='ltr' id='par_1_34' title="bbox 1865 1758 3427 1870">
     <span class='ocr_line' id='line_1_34' title="bbox 1865 1758 3427 1870; baseline 0.017 -33"><span class='ocrx_word' id='word_1_251' title='bbox 1865 1784 1984 1840; x_wconf 87' lang='lat' dir='ltr'><strong>Filii</strong></span> <span class='ocrx_word' id='word_1_252' title='bbox 2021 1785 2114 1842; x_wconf 90' lang='lat' dir='ltr'><strong>Dei</strong></span> <span class='ocrx_word' id='word_1_253' title='bbox 2159 1791 2419 1861; x_wconf 82' lang='lat' dir='ltr'><strong>unigeniti</strong></span> <span class='ocrx_word' id='word_1_254' title='bbox 2462 1758 2858 1865; x_wconf 61' lang='lat' dir='ltr'><strong>apprehendat,</strong></span> <span class='ocrx_word' id='word_1_255' title='bbox 2883 1758 3139 1870; x_wconf 41' lang='lat' dir='ltr'><strong>pot-entia:</strong></span> 
     </span>
    </p>
   </div>
   <div class='ocr_carea' id='block_1_35' title="bbox 184 1873 1758 1953">
    <p class='ocr_par' dir='ltr' id='par_1_35' title="bbox 184 1873 1758 1953">
     <span class='ocr_line' id='line_1_35' title="bbox 184 1873 1758 1953; baseline 0.005 -27"><span class='ocrx_word' id='word_1_256' title='bbox 184 1890 294 1926; x_wconf 82' lang='grc' dir='ltr'><strong>των</strong></span> <span class='ocrx_word' id='word_1_257' title='bbox 336 1873 434 1943; x_wconf 85' lang='grc' dir='ltr'><strong>μία</strong></span> <span class='ocrx_word' id='word_1_258' title='bbox 463 1873 557 1926; x_wconf 88' lang='grc' dir='ltr'><strong>τοῦ</strong></span> <span class='ocrx_word' id='word_1_259' title='bbox 586 1874 922 1942; x_wconf 87' lang='grc' dir='ltr'>Μονογενοῦς</span> <span class='ocrx_word' id='word_1_260' title='bbox 964 1876 1092 1929; x_wconf 86' lang='grc' dir='ltr'>Υίοῦ</span> <span class='ocrx_word' id='word_1_261' title='bbox 1131 1876 1225 1930; x_wconf 91' lang='grc' dir='ltr'><strong>τοῦ</strong></span> <span class='ocrx_word' id='word_1_262' title='bbox 1275 1878 1407 1931; x_wconf 83' lang='grc' dir='ltr'>Θεοῦ</span> <span class='ocrx_word' id='word_1_263' title='bbox 1446 1880 1567 1951; x_wconf 79' lang='grc' dir='ltr'>χεὶρ</span> <span class='ocrx_word' id='word_1_264' title='bbox 1603 1898 1758 1953; x_wconf 84' lang='grc' dir='ltr'>περι-</span> 
     </span>
    </p>
   </div>
   <div class='ocr_carea' id='block_1_36' title="bbox 180 1962 1760 2045">
    <p class='ocr_par' dir='ltr' id='par_1_36' title="bbox 180 1962 1760 2045">
     <span class='ocr_line' id='line_1_36' title="bbox 180 1962 1760 2045; baseline 0.007 -30"><span class='ocrx_word' id='word_1_265' title='bbox 180 1962 540 2036; x_wconf 83' lang='grc' dir='ltr'>δραττομένη,</span> <span class='ocrx_word' id='word_1_266' title='bbox 572 1965 669 2035; x_wconf 81' lang='grc' dir='ltr'>τῆς</span> <span class='ocrx_word' id='word_1_267' title='bbox 697 1966 1158 2036; x_wconf 83' lang='grc' dir='ltr'>ἀπειρομεγέθους</span> <span class='ocrx_word' id='word_1_268' title='bbox 1178 1969 1339 2022; x_wconf 85' lang='grc' dir='ltr'>αὑτοῦ</span> <span class='ocrx_word' id='word_1_269' title='bbox 1360 1970 1643 2042; x_wconf 88' lang='grc' dir='ltr'>δυνάμεως</span> <span class='ocrx_word' id='word_1_270' title='bbox 1664 1975 1760 2045; x_wconf 84' lang='grc' dir='ltr'><strong>τὴν</strong></span> 
     </span>
    </p>
   </div>
   <div class='ocr_carea' id='block_1_37' title="bbox 180 2056 1760 2134">
    <p class='ocr_par' dir='ltr' id='par_1_37' title="bbox 180 2056 1760 2134">
     <span class='ocr_line' id='line_1_37' title="bbox 180 2056 1760 2134; baseline 0.006 -25"><span class='ocrx_word' id='word_1_271' title='bbox 180 2056 385 2128; x_wconf 74' lang='grc' dir='ltr'>ἀρετὴν</span> <span class='ocrx_word' id='word_1_272' title='bbox 419 2057 788 2111; x_wconf 77' lang='grc' dir='ltr'>ἐπιδείκνυται</span> <span class='ocrx_word' id='word_1_273' title='bbox 826 2058 957 2129; x_wconf 84' lang='lat'><strong>(98).</strong></span> <span class='ocrx_word' id='word_1_274' title='bbox 996 2060 1059 2113; x_wconf 88' lang='grc' dir='ltr'>Ὅ</span> <span class='ocrx_word' id='word_1_275' title='bbox 1083 2059 1146 2133; x_wconf 81' lang='grc' dir='ltr'>δὴ</span> <span class='ocrx_word' id='word_1_276' title='bbox 1162 2062 1256 2114; x_wconf 82' lang='grc' dir='ltr'><strong>καὶ</strong></span> <span class='ocrx_word' id='word_1_277' title='bbox 1291 2062 1357 2114; x_wconf 80' lang='grc' dir='ltr'>δι’</span> <span class='ocrx_word' id='word_1_278' title='bbox 1382 2062 1573 2134; x_wconf 80' lang='grc' dir='ltr'>ἐτέρας</span> <span class='ocrx_word' id='word_1_279' title='bbox 1601 2064 1760 2118; x_wconf 87' lang='grc' dir='ltr'>πάλιν</span> 
     </span>
    </p>
   </div>
   <div class='ocr_carea' id='block_1_38' title="bbox 180 2150 1759 2225">
    <p class='ocr_par' dir='ltr' id='par_1_38' title="bbox 180 2150 1759 2225">
     <span class='ocr_line' id='line_1_38' title="bbox 180 2150 1759 2225; baseline 0.005 -23"><span class='ocrx_word' id='word_1_280' title='bbox 180 2150 349 2211; x_wconf 72' lang='grc' dir='ltr'>αὐτὸς</span> <span class='ocrx_word' id='word_1_281' title='bbox 402 2151 431 2203; x_wconf 91' lang='lat'><strong>6</strong></span> <span class='ocrx_word' id='word_1_282' title='bbox 480 2150 608 2214; x_wconf 84' lang='grc' dir='ltr'>Υἱὸς</span> <span class='ocrx_word' id='word_1_283' title='bbox 653 2152 891 2223; x_wconf 85' lang='grc' dir='ltr'>παρίστη</span> <span class='ocrx_word' id='word_1_284' title='bbox 930 2152 1134 2223; x_wconf 85' lang='grc' dir='ltr'>φωνῆς,</span> <span class='ocrx_word' id='word_1_285' title='bbox 1182 2152 1388 2221; x_wconf 76' lang='grc' dir='ltr'>λέγων,</span> <span class='ocrx_word' id='word_1_286' title='bbox 1433 2154 1635 2209; x_wconf 84' lang='grc' dir='ltr'>Πάντα</span> <span class='ocrx_word' id='word_1_287' title='bbox 1657 2174 1759 2225; x_wconf 82' lang='grc' dir='ltr'>μοι</span> 
     </span>
    </p>
   </div>
   <div class='ocr_carea' id='block_1_39' title="bbox 176 2240 1759 2317">
    <p class='ocr_par' dir='ltr' id='par_1_39' title="bbox 176 2240 1759 2317">
     <span class='ocr_line' id='line_1_39' title="bbox 176 2240 1759 2317; baseline 0.004 -24"><span class='ocrx_word' id='word_1_288' title='bbox 176 2241 484 2309; x_wconf 69' lang='grc' dir='ltr'>,παρεδόθη</span> <span class='ocrx_word' id='word_1_289' title='bbox 520 2242 638 2297; x_wconf 82' lang='grc' dir='ltr'>ὑπὸ</span> <span class='ocrx_word' id='word_1_290' title='bbox 690 2242 795 2296; x_wconf 86' lang='grc' dir='ltr'><strong>τοῦ</strong></span> <span class='ocrx_word' id='word_1_291' title='bbox 850 2244 1082 2311; x_wconf 84' lang='grc' dir='ltr'>Πατρός</span> <span class='ocrx_word' id='word_1_292' title='bbox 1123 2261 1264 2312; x_wconf 85' lang='grc' dir='ltr'><strong>μου.</strong></span> <span class='ocrx_word' id='word_1_293' title='bbox 1315 2240 1448 2309; x_wconf 78' lang='grc' dir='ltr'>Εἶθ’,</span> <span class='ocrx_word' id='word_1_294' title='bbox 1475 2244 1549 2309; x_wconf 83' lang='grc' dir='ltr'>ὼς</span> <span class='ocrx_word' id='word_1_295' title='bbox 1603 2247 1759 2317; x_wconf 76' lang='grc' dir='ltr'>ἡμῶν</span> 
     </span>
    </p>
   </div>
   <div class='ocr_carea' id='block_1_40' title="bbox 181 2329 1758 2407">
    <p class='ocr_par' dir='ltr' id='par_1_40' title="bbox 181 2329 1758 2407">
     <span class='ocr_line' id='line_1_40' title="bbox 181 2329 1758 2407; baseline 0.004 -22"><span class='ocrx_word' id='word_1_296' title='bbox 181 2331 534 2404; x_wconf 83' lang='grc' dir='ltr'>ἀπορούντων</span> <span class='ocrx_word' id='word_1_297' title='bbox 555 2373 570 2397; x_wconf 89' lang='grc'><strong>,</strong></span> <span class='ocrx_word' id='word_1_298' title='bbox 593 2334 678 2397; x_wconf 88' lang='grc' dir='ltr'><strong>τίς</strong></span> <span class='ocrx_word' id='word_1_299' title='bbox 714 2334 834 2387; x_wconf 90' lang='grc' dir='ltr'>ποτ’</span> <span class='ocrx_word' id='word_1_300' title='bbox 865 2329 955 2405; x_wconf 83' lang='grc' dir='ltr'>ἦν,</span> <span class='ocrx_word' id='word_1_301' title='bbox 986 2335 1080 2389; x_wconf 79' lang='grc' dir='ltr'><strong>καὶ</strong></span> <span class='ocrx_word' id='word_1_302' title='bbox 1128 2336 1157 2387; x_wconf 92' lang='lat'><strong>6</strong></span> <span class='ocrx_word' id='word_1_303' title='bbox 1191 2335 1452 2407; x_wconf 81' lang='grc' dir='ltr'>πηλίκος,</span> <span class='ocrx_word' id='word_1_304' title='bbox 1487 2338 1516 2388; x_wconf 94' lang='lat'><strong>6</strong></span> <span class='ocrx_word' id='word_1_305' title='bbox 1543 2335 1639 2407; x_wconf 80' lang='grc' dir='ltr'><strong>τὴν</strong></span> <span class='ocrx_word' id='word_1_306' title='bbox 1670 2356 1758 2391; x_wconf 87' lang='grc' dir='ltr'>το-</span> 
     </span>
    </p>
   </div>
   <div class='ocr_carea' id='block_1_41' title="bbox 180 2423 1757 2500">
    <p class='ocr_par' dir='ltr' id='par_1_41' title="bbox 180 2423 1757 2500">
     <span class='ocr_line' id='line_1_41' title="bbox 180 2423 1757 2500; baseline 0.003 -24"><span class='ocrx_word' id='word_1_307' title='bbox 180 2423 386 2495; x_wconf 79' lang='grc' dir='ltr'>σαύτην</span> <span class='ocrx_word' id='word_1_308' title='bbox 404 2424 869 2497; x_wconf 78' lang='grc' dir='ltr'>παρακαταθήκην</span> <span class='ocrx_word' id='word_1_309' title='bbox 886 2425 1325 2496; x_wconf 81' lang='grc' dir='ltr'>ὑποδεδεγμένος,</span> <span class='ocrx_word' id='word_1_310' title='bbox 1346 2426 1444 2495; x_wconf 78' lang='grc' dir='ltr'><strong>Μὴ</strong></span> <span class='ocrx_word' id='word_1_311' title='bbox 1461 2426 1633 2495; x_wconf 81' lang='grc' dir='ltr'>ζήτει,</span> <span class='ocrx_word' id='word_1_312' title='bbox 1657 2446 1757 2500; x_wconf 87' lang='grc' dir='ltr'>φη-</span> 
     </span>
    </p>
   </div>
   <div class='ocr_carea' id='block_1_42' title="bbox 180 2516 1755 2590">
    <p class='ocr_par' dir='ltr' id='par_1_42' title="bbox 180 2516 1755 2590">
     <span class='ocr_line' id='line_1_42' title="bbox 180 2516 1755 2590; baseline 0.004 -22"><span class='ocrx_word' id='word_1_313' title='bbox 180 2516 261 2579; x_wconf 68' lang='lat' dir='ltr'><strong>at,</strong></span> <span class='ocrx_word' id='word_1_314' title='bbox 272 2516 415 2586; x_wconf 81' lang='grc' dir='ltr'><strong>μηδ’</strong></span> <span class='ocrx_word' id='word_1_315' title='bbox 450 2517 653 2585; x_wconf 83' lang='grc' dir='ltr'>ἐρώτα.</span> <span class='ocrx_word' id='word_1_316' title='bbox 698 2517 773 2570; x_wconf 86' lang='grc' dir='ltr'>Οὑ</span> <span class='ocrx_word' id='word_1_317' title='bbox 804 2518 912 2589; x_wconf 87' lang='grc' dir='ltr'><strong>γὰρ</strong></span> <span class='ocrx_word' id='word_1_318' title='bbox 940 2517 1053 2587; x_wconf 74' lang='grc' dir='ltr'>ἔχει</span> <span class='ocrx_word' id='word_1_319' title='bbox 1086 2518 1245 2586; x_wconf 86' lang='grc' dir='ltr'>φύσιν</span> <span class='ocrx_word' id='word_1_320' title='bbox 1274 2518 1580 2590; x_wconf 81' lang='grc' dir='ltr'>ἀνθρώποις</span> <span class='ocrx_word' id='word_1_321' title='bbox 1618 2539 1755 2589; x_wconf 82' lang='grc' dir='ltr'>γνω-</span> 
     </span>
    </p>
   </div>
   <div class='ocr_carea' id='block_1_43' title="bbox 180 2608 1756 2683">
    <p class='ocr_par' dir='ltr' id='par_1_43' title="bbox 180 2608 1756 2683">
     <span class='ocr_line' id='line_1_43' title="bbox 180 2608 1756 2683; baseline 0.003 -22"><span class='ocrx_word' id='word_1_322' title='bbox 180 2608 463 2679; x_wconf 79' lang='grc' dir='ltr'>ρίζεσθαι,</span> <span class='ocrx_word' id='word_1_323' title='bbox 507 2609 620 2662; x_wconf 79' lang='grc' dir='ltr'>ἀλλ’</span> <span class='ocrx_word' id='word_1_324' title='bbox 662 2610 782 2663; x_wconf 85' lang='grc' dir='ltr'>οὑδὲ</span> <span class='ocrx_word' id='word_1_325' title='bbox 824 2613 946 2673; x_wconf 81' lang='grc' dir='ltr'>ταῖς</span> <span class='ocrx_word' id='word_1_326' title='bbox 999 2611 1269 2681; x_wconf 82' lang='grc' dir='ltr'>κρείττοσι</span> <span class='ocrx_word' id='word_1_327' title='bbox 1315 2613 1410 2665; x_wconf 75' lang='grc' dir='ltr'><strong>καὶ</strong></span> <span class='ocrx_word' id='word_1_328' title='bbox 1461 2612 1756 2683; x_wconf 87' lang='grc' dir='ltr'>θειοτέραις</span> 
     </span>
    </p>
   </div>
   <div class='ocr_carea' id='block_1_44' title="bbox 177 2701 1750 2775">
    <p class='ocr_par' dir='ltr' id='par_1_44' title="bbox 177 2701 1750 2775">
     <span class='ocr_line' id='line_1_44' title="bbox 177 2701 1750 2775; baseline 0.004 -23"><span class='ocrx_word' id='word_1_329' title='bbox 177 2701 473 2771; x_wconf 82' lang='grc' dir='ltr'>δυνάμεσιν</span> <span class='ocrx_word' id='word_1_330' title='bbox 501 2702 534 2771; x_wconf 82' lang='grc' dir='ltr'>ἡ</span> <span class='ocrx_word' id='word_1_331' title='bbox 563 2701 797 2773; x_wconf 79' lang='grc' dir='ltr'>ἀκριϐὴς</span> <span class='ocrx_word' id='word_1_332' title='bbox 823 2702 917 2755; x_wconf 86' lang='grc' dir='ltr'><strong>τοῦ</strong></span> <span class='ocrx_word' id='word_1_333' title='bbox 964 2702 1093 2755; x_wconf 82' lang='grc' dir='ltr'>Υίοῦ</span> <span class='ocrx_word' id='word_1_334' title='bbox 1133 2702 1227 2755; x_wconf 92' lang='grc' dir='ltr'><strong>τοῦ</strong></span> <span class='ocrx_word' id='word_1_335' title='bbox 1257 2703 1392 2755; x_wconf 89' lang='grc' dir='ltr'>Θεοῦ</span> <span class='ocrx_word' id='word_1_336' title='bbox 1431 2704 1750 2775; x_wconf 79' lang='grc' dir='ltr'>κατάληψις.</span> 
     </span>
    </p>
   </div>
   <div class='ocr_carea' id='block_1_45' title="bbox 174 2790 1753 2864">
    <p class='ocr_par' dir='ltr' id='par_1_45' title="bbox 174 2790 1753 2864">
     <span class='ocr_line' id='line_1_45' title="bbox 174 2790 1753 2864; baseline 0.004 -20"><span class='ocrx_word' id='word_1_337' title='bbox 174 2792 273 2845; x_wconf 82' lang='grc' dir='ltr'>Διὸ</span> <span class='ocrx_word' id='word_1_338' title='bbox 319 2794 624 2864; x_wconf 86' lang='grc' dir='ltr'>προφήσας,</span> <span class='ocrx_word' id='word_1_339' title='bbox 669 2792 871 2847; x_wconf 81' lang='grc' dir='ltr'>Πάντα</span> <span class='ocrx_word' id='word_1_340' title='bbox 894 2811 995 2861; x_wconf 81' lang='grc' dir='ltr'>μοι</span> <span class='ocrx_word' id='word_1_341' title='bbox 1022 2790 1320 2862; x_wconf 80' lang='grc' dir='ltr'>παρεδόθη</span> <span class='ocrx_word' id='word_1_342' title='bbox 1352 2794 1472 2847; x_wconf 84' lang='grc' dir='ltr'>ὑπὸ</span> <span class='ocrx_word' id='word_1_343' title='bbox 1494 2795 1600 2850; x_wconf 85' lang='grc' dir='ltr'><strong>τοῦ</strong></span> <span class='ocrx_word' id='word_1_344' title='bbox 1637 2800 1753 2850; x_wconf 91' lang='grc' dir='ltr'>Πα-</span> 
     </span>
    </p>
   </div>
   <div class='ocr_carea' id='block_1_46' title="bbox 172 2883 1750 2955">
    <p class='ocr_par' dir='ltr' id='par_1_46' title="bbox 172 2883 1750 2955">
     <span class='ocr_line' id='line_1_46' title="bbox 172 2883 1750 2955; baseline 0.002 -19"><span class='ocrx_word' id='word_1_345' title='bbox 172 2884 320 2950; x_wconf 81' lang='grc' dir='ltr'>τρός</span> <span class='ocrx_word' id='word_1_346' title='bbox 330 2900 469 2951; x_wconf 82' lang='grc' dir='ltr'>μου,</span> <span class='ocrx_word' id='word_1_347' title='bbox 497 2884 743 2955; x_wconf 83' lang='grc' dir='ltr'>ἐπήγαγε</span> <span class='ocrx_word' id='word_1_348' title='bbox 764 2901 779 2914; x_wconf 69' lang='grc' dir='ltr'><strong>θ</strong></span> <span class='ocrx_word' id='word_1_349' title='bbox 829 2883 939 2937; x_wconf 82' lang='grc' dir='ltr'><strong>Καὶ</strong></span> <span class='ocrx_word' id='word_1_350' title='bbox 980 2883 1179 2949; x_wconf 81' lang='grc' dir='ltr'>οὐδεὶς</span> <span class='ocrx_word' id='word_1_351' title='bbox 1229 2883 1337 2954; x_wconf 88' lang='lat'><strong>(99)</strong></span> <span class='ocrx_word' id='word_1_352' title='bbox 1378 2883 1750 2954; x_wconf 76' lang='grc' dir='ltr'>ἐπιγινώσκει</span> 
     </span>
    </p>
   </div>
   <div class='ocr_carea' id='block_1_47' title="bbox 172 2974 1751 3048">
    <p class='ocr_par' dir='ltr' id='par_1_47' title="bbox 172 2974 1751 3048">
     <span class='ocr_line' id='line_1_47' title="bbox 172 2974 1751 3048; baseline 0.001 -21"><span class='ocrx_word' id='word_1_353' title='bbox 172 2974 288 3027; x_wconf 76' lang='grc' dir='ltr'><strong>τὸν</strong></span> <span class='ocrx_word' id='word_1_354' title='bbox 315 2975 475 3040; x_wconf 81' lang='grc' dir='ltr'>Υἱὸν,</span> <span class='ocrx_word' id='word_1_355' title='bbox 489 2977 539 3028; x_wconf 88' lang='grc' dir='ltr'><strong>εί</strong></span> <span class='ocrx_word' id='word_1_356' title='bbox 549 2974 634 3044; x_wconf 82' lang='grc' dir='ltr'><strong>μὴ</strong></span> <span class='ocrx_word' id='word_1_357' title='bbox 652 2978 685 3029; x_wconf 88' lang='grc' dir='ltr'><strong>ό</strong></span> <span class='ocrx_word' id='word_1_358' title='bbox 698 2974 917 3043; x_wconf 80' lang='grc' dir='ltr'>Πατήρ.</span> <span class='ocrx_word' id='word_1_359' title='bbox 942 2974 1253 3043; x_wconf 75' lang='grc' dir='ltr'>Σεσιγάσθω</span> <span class='ocrx_word' id='word_1_360' title='bbox 1267 2976 1445 3029; x_wconf 85' lang='grc' dir='ltr'>τοίνυν</span> <span class='ocrx_word' id='word_1_361' title='bbox 1466 2977 1573 3039; x_wconf 80' lang='grc' dir='ltr'>πᾶς</span> <span class='ocrx_word' id='word_1_362' title='bbox 1588 2978 1751 3048; x_wconf 83' lang='grc' dir='ltr'>ἁπόῤ-</span> 
     </span>
    </p>
   </div>
   <div class='ocr_carea' id='block_1_48' title="bbox 1864 1886 3425 1966">
    <p class='ocr_par' dir='ltr' id='par_1_48' title="bbox 1864 1886 3425 1966">
     <span class='ocr_line' id='line_1_48' title="bbox 1864 1886 3425 1966; baseline 0.016 -39"><span class='ocrx_word' id='word_1_363' title='bbox 1864 1886 2052 1943; x_wconf 91' lang='lat' dir='ltr'><strong>tutem,</strong></span> <span class='ocrx_word' id='word_1_364' title='bbox 2077 1893 2291 1935; x_wconf 88' lang='lat' dir='ltr'><strong>omnem</strong></span> <span class='ocrx_word' id='word_1_365' title='bbox 2322 1886 2745 1954; x_wconf 80' lang='lat' dir='ltr'><strong>magnitudinem</strong></span> <span class='ocrx_word' id='word_1_366' title='bbox 2765 1905 3126 1964; x_wconf 66' lang='lat' dir='ltr'><strong>supergressa:</strong></span> <span class='ocrx_word' id='word_1_367' title='bbox 3150 1898 3425 1966; x_wconf 82' lang='lat' dir='ltr'><strong>patefacit.</strong></span> 
     </span>
    </p>
   </div>
   <div class='ocr_carea' id='block_1_49' title="bbox 1862 1966 3427 2045">
    <p class='ocr_par' dir='ltr' id='par_1_49' title="bbox 1862 1966 3427 2045">
     <span class='ocr_line' id='line_1_49' title="bbox 1862 1966 3427 2045; baseline 0.017 -25"><span class='ocrx_word' id='word_1_368' title='bbox 1862 1966 2011 2033; x_wconf 87' lang='lat' dir='ltr'><strong>Quod</strong></span> <span class='ocrx_word' id='word_1_369' title='bbox 2054 1970 2249 2039; x_wconf 87' lang='lat' dir='ltr'><strong>ipsum,</strong></span> <span class='ocrx_word' id='word_1_370' title='bbox 2280 1981 2336 2027; x_wconf 93' lang='lat' dir='ltr'><strong>et</strong></span> <span class='ocrx_word' id='word_1_371' title='bbox 2363 1990 2462 2041; x_wconf 84' lang='lat' dir='ltr'><strong>per</strong></span> <span class='ocrx_word' id='word_1_372' title='bbox 2494 1977 2653 2032; x_wconf 86' lang='lat' dir='ltr'><strong>aliam</strong></span> <span class='ocrx_word' id='word_1_373' title='bbox 2699 1994 2854 2035; x_wconf 93' lang='lat' dir='ltr'><strong>suam</strong></span> <span class='ocrx_word' id='word_1_374' title='bbox 2886 1997 3074 2039; x_wconf 88' lang='lat' dir='ltr'><strong>vocem</strong></span> <span class='ocrx_word' id='word_1_375' title='bbox 3104 1988 3308 2044; x_wconf 88' lang='lat' dir='ltr'><strong>indicat</strong></span> <span class='ocrx_word' id='word_1_376' title='bbox 3336 1990 3427 2045; x_wconf 83' lang='lat' dir='ltr'><strong>Fi-</strong></span> 
     </span>
    </p>
   </div>
   <div class='ocr_carea' id='block_1_50' title="bbox 1860 2056 3427 2136">
    <p class='ocr_par' dir='ltr' id='par_1_50' title="bbox 1860 2056 3427 2136">
     <span class='ocr_line' id='line_1_50' title="bbox 1860 2056 3427 2136; baseline 0.017 -26"><span class='ocrx_word' id='word_1_377' title='bbox 1860 2056 2088 2114; x_wconf 88' lang='lat' dir='ltr'><strong>lius-ubi</strong></span> <span class='ocrx_word' id='word_1_378' title='bbox 2136 2060 2404 2131; x_wconf 85' lang='lat' dir='ltr'><strong>loquitur,</strong></span> <span class='ocrx_word' id='word_1_379' title='bbox 2448 2065 2637 2123; x_wconf 82' lang='lat' dir='ltr'><strong>Omni’a</strong></span> <span class='ocrx_word' id='word_1_380' title='bbox 2662 2070 2786 2125; x_wconf 76' lang='lat' dir='ltr'><strong>mihi</strong></span> <span class='ocrx_word' id='word_1_381' title='bbox 2813 2075 3008 2128; x_wconf 82' lang='lat' dir='ltr'><strong>tradita</strong></span> <span class='ocrx_word' id='word_1_382' title='bbox 3035 2086 3158 2130; x_wconf 74' lang='lat' dir='ltr'><strong>sunt</strong></span> <span class='ocrx_word' id='word_1_383' title='bbox 3198 2096 3231 2132; x_wconf 90' lang='lat' dir='ltr'><strong>a</strong></span> <span class='ocrx_word' id='word_1_384' title='bbox 3268 2080 3427 2136; x_wconf 87' lang='lat' dir='ltr'><strong>Patre</strong></span> 
     </span>
    </p>
   </div>
   <div class='ocr_carea' id='block_1_51' title="bbox 1860 2152 3427 2243">
    <p class='ocr_par' dir='ltr' id='par_1_51' title="bbox 1860 2152 3427 2243">
     <span class='ocr_line' id='line_1_51' title="bbox 1860 2152 3427 2243; baseline 0.016 -40"><span class='ocrx_word' id='word_1_385' title='bbox 1860 2166 1971 2205; x_wconf 90' lang='lat' dir='ltr'><strong>meo</strong></span> <span class='ocrx_word' id='word_1_386' title='bbox 1997 2152 2061 2205; x_wconf 81' lang='lat'><strong>&quot;.</strong></span> <span class='ocrx_word' id='word_1_387' title='bbox 2084 2152 2283 2210; x_wconf 90' lang='lat' dir='ltr'><strong>Deinde</strong></span> <span class='ocrx_word' id='word_1_388' title='bbox 2309 2172 2375 2212; x_wconf 92' lang='lat' dir='ltr'><strong>ac</strong></span> <span class='ocrx_word' id='word_1_389' title='bbox 2402 2158 2447 2213; x_wconf 91' lang='lat' dir='ltr'><strong>si</strong></span> <span class='ocrx_word' id='word_1_390' title='bbox 2480 2175 2577 2214; x_wconf 93' lang='lat' dir='ltr'><strong>nos</strong></span> <span class='ocrx_word' id='word_1_391' title='bbox 2601 2162 2655 2216; x_wconf 91' lang='lat' dir='ltr'><strong>in</strong></span> <span class='ocrx_word' id='word_1_392' title='bbox 2678 2163 2885 2222; x_wconf 88' lang='lat' dir='ltr'><strong>incerto</strong></span> <span class='ocrx_word' id='word_1_393' title='bbox 2915 2167 3427 2243; x_wconf 59' lang='lat' dir='ltr'><strong>heereremus,quis-</strong></span> 
     </span>
    </p>
   </div>
   <div class='ocr_carea' id='block_1_52' title="bbox 1860 2243 3425 2334">
    <p class='ocr_par' dir='ltr' id='par_1_52' title="bbox 1860 2243 3425 2334">
     <span class='ocr_line' id='line_1_52' title="bbox 1860 2243 3425 2334; baseline 0.017 -40"><span class='ocrx_word' id='word_1_394' title='bbox 1860 2256 1981 2295; x_wconf 82' lang='lat' dir='ltr'><strong>nam</strong></span> <span class='ocrx_word' id='word_1_395' title='bbox 2018 2243 2106 2297; x_wconf 89' lang='lat' dir='ltr'><strong>ille</strong></span> <span class='ocrx_word' id='word_1_396' title='bbox 2145 2256 2310 2311; x_wconf 88' lang='lat' dir='ltr'><strong>esset,</strong></span> <span class='ocrx_word' id='word_1_397' title='bbox 2343 2258 2397 2303; x_wconf 92' lang='lat' dir='ltr'><strong>et</strong></span> <span class='ocrx_word' id='word_1_398' title='bbox 2438 2252 2637 2319; x_wconf 88' lang='lat' dir='ltr'><strong>qualis,</strong></span> <span class='ocrx_word' id='word_1_399' title='bbox 2672 2255 2763 2325; x_wconf 89' lang='lat' dir='ltr'><strong>qui</strong></span> <span class='ocrx_word' id='word_1_400' title='bbox 2796 2258 3098 2326; x_wconf 88' lang='lat' dir='ltr'><strong>depositum</strong></span> <span class='ocrx_word' id='word_1_401' title='bbox 3144 2277 3425 2334; x_wconf 87' lang='lat' dir='ltr'><strong>receperat</strong></span> 
     </span>
    </p>
   </div>
   <div class='ocr_carea' id='block_1_53' title="bbox 1857 2331 3423 2417">
    <p class='ocr_par' dir='ltr' id='par_1_53' title="bbox 1857 2331 3423 2417">
     <span class='ocr_line' id='line_1_53' title="bbox 1857 2331 3423 2417; baseline 0.018 -32"><span class='ocrx_word' id='word_1_402' title='bbox 1857 2331 2197 2401; x_wconf 86' lang='lat' dir='ltr'><strong>istiusmodi,</strong></span> <span class='ocrx_word' id='word_1_403' title='bbox 2253 2337 2472 2405; x_wconf 80' lang='lat' dir='ltr'><strong>Nolito,</strong></span> <span class='ocrx_word' id='word_1_404' title='bbox 2546 2344 2661 2410; x_wconf 87' lang='lat' dir='ltr'><strong>ait,</strong></span> <span class='ocrx_word' id='word_1_405' title='bbox 2738 2364 2972 2417; x_wconf 70' lang='lat' dir='ltr'><strong>quaerere</strong></span> <span class='ocrx_word' id='word_1_406' title='bbox 3045 2367 3135 2406; x_wconf 86' lang='lat' dir='ltr'><strong>nec</strong></span> <span class='ocrx_word' id='word_1_407' title='bbox 3197 2331 3423 2412; x_wconf 73' lang='lat' dir='ltr'><strong>interro-</strong></span> 
     </span>
    </p>
   </div>
   <div class='ocr_carea' id='block_1_54' title="bbox 1855 2428 3422 2516">
    <p class='ocr_par' dir='ltr' id='par_1_54' title="bbox 1855 2428 3422 2516">
     <span class='ocr_line' id='line_1_54' title="bbox 1855 2428 3422 2516; baseline 0.02 -39"><span class='ocrx_word' id='word_1_408' title='bbox 1855 2441 1980 2492; x_wconf 83' lang='lat' dir='ltr'><strong>gare</strong></span> <span class='ocrx_word' id='word_1_409' title='bbox 2004 2428 2159 2497; x_wconf 74' lang='lat' dir='ltr'><strong>quis?</strong></span> <span class='ocrx_word' id='word_1_410' title='bbox 2211 2428 2330 2486; x_wconf 90' lang='lat' dir='ltr'><strong>Non</strong></span> <span class='ocrx_word' id='word_1_411' title='bbox 2382 2444 2467 2489; x_wconf 90' lang='lat' dir='ltr'><strong>est</strong></span> <span class='ocrx_word' id='word_1_412' title='bbox 2507 2439 2651 2493; x_wconf 88' lang='lat' dir='ltr'><strong>enim</strong></span> <span class='ocrx_word' id='word_1_413' title='bbox 2709 2440 2797 2495; x_wconf 92' lang='lat' dir='ltr'><strong>ille</strong></span> <span class='ocrx_word' id='word_1_414' title='bbox 2837 2443 2961 2498; x_wconf 88' lang='lat' dir='ltr'><strong>talis</strong></span> <span class='ocrx_word' id='word_1_415' title='bbox 3014 2447 3105 2516; x_wconf 88' lang='lat' dir='ltr'><strong>qui</strong></span> <span class='ocrx_word' id='word_1_416' title='bbox 3142 2448 3210 2503; x_wconf 88' lang='lat' dir='ltr'><strong>ab</strong></span> <span class='ocrx_word' id='word_1_417' title='bbox 3245 2452 3422 2508; x_wconf 81' lang='lat' dir='ltr'><strong>homi-</strong></span> 
     </span>
    </p>
   </div>
   <div class='ocr_carea' id='block_1_55' title="bbox 1857 2518 3422 2615">
    <p class='ocr_par' dir='ltr' id='par_1_55' title="bbox 1857 2518 3422 2615">
     <span class='ocr_line' id='line_1_55' title="bbox 1857 2518 3422 2615; baseline 0.023 -47"><span class='ocrx_word' id='word_1_418' title='bbox 1857 2518 2014 2572; x_wconf 91' lang='lat' dir='ltr'><strong>nibus</strong></span> <span class='ocrx_word' id='word_1_419' title='bbox 2046 2522 2216 2587; x_wconf 86' lang='lat' dir='ltr'><strong>possit</strong></span> <span class='ocrx_word' id='word_1_420' title='bbox 2240 2528 2626 2594; x_wconf 88' lang='lat' dir='ltr'><strong>comprehendi</strong></span> <span class='ocrx_word' id='word_1_421' title='bbox 2656 2550 2668 2585; x_wconf 92' lang='lat'><strong>:</strong></span> <span class='ocrx_word' id='word_1_422' title='bbox 2702 2533 2811 2590; x_wconf 90' lang='lat' dir='ltr'><strong>imo</strong></span> <span class='ocrx_word' id='word_1_423' title='bbox 2852 2552 2921 2593; x_wconf 92' lang='lat' dir='ltr'><strong>ne</strong></span> <span class='ocrx_word' id='word_1_424' title='bbox 2944 2542 3157 2609; x_wconf 89' lang='lat' dir='ltr'><strong>quidem</strong></span> <span class='ocrx_word' id='word_1_425' title='bbox 3180 2546 3422 2615; x_wconf 78' lang='lat' dir='ltr'><strong>perfecte</strong></span> 
     </span>
    </p>
   </div>
   <div class='ocr_carea' id='block_1_56' title="bbox 1856 2606 3419 2705">
    <p class='ocr_par' dir='ltr' id='par_1_56' title="bbox 1856 2606 3419 2705">
     <span class='ocr_line' id='line_1_56' title="bbox 1856 2606 3419 2705; baseline 0.021 -47"><span class='ocrx_word' id='word_1_426' title='bbox 1856 2606 2079 2677; x_wconf 82' lang='lat' dir='ltr'><strong>intelligi</strong></span> <span class='ocrx_word' id='word_1_427' title='bbox 2112 2619 2290 2679; x_wconf 84' lang='lat' dir='ltr'><strong>potest</strong></span> <span class='ocrx_word' id='word_1_428' title='bbox 2338 2612 2407 2667; x_wconf 90' lang='lat' dir='ltr'><strong>ab</strong></span> <span class='ocrx_word' id='word_1_429' title='bbox 2438 2616 2632 2684; x_wconf 89' lang='lat' dir='ltr'><strong>illisce,</strong></span> <span class='ocrx_word' id='word_1_430' title='bbox 2663 2636 2784 2690; x_wconf 71' lang='lat' dir='ltr'><strong>qua:</strong></span> <span class='ocrx_word' id='word_1_431' title='bbox 2818 2606 3241 2699; x_wconf 45' lang='lat' dir='ltr'><strong>sunt—superne,</strong></span> <span class='ocrx_word' id='word_1_432' title='bbox 3267 2646 3419 2705; x_wconf 88' lang='lat' dir='ltr'><strong>pote-</strong></span> 
     </span>
    </p>
   </div>
   <div class='ocr_carea' id='block_1_57' title="bbox 1857 2696 3419 2794">
    <p class='ocr_par' dir='ltr' id='par_1_57' title="bbox 1857 2696 3419 2794">
     <span class='ocr_line' id='line_1_57' title="bbox 1857 2696 3419 2794; baseline 0.019 -43"><span class='ocrx_word' id='word_1_433' title='bbox 1857 2696 2088 2753; x_wconf 80' lang='lat' dir='ltr'><strong>statibus</strong></span> <span class='ocrx_word' id='word_1_434' title='bbox 2125 2717 2139 2767; x_wconf 93' lang='lat'><strong>;</strong></span> <span class='ocrx_word' id='word_1_435' title='bbox 2171 2716 2291 2756; x_wconf 90' lang='lat' dir='ltr'><strong>cum</strong></span> <span class='ocrx_word' id='word_1_436' title='bbox 2342 2703 2413 2757; x_wconf 90' lang='lat' dir='ltr'><strong>sit</strong></span> <span class='ocrx_word' id='word_1_437' title='bbox 2448 2705 2621 2763; x_wconf 88' lang='lat' dir='ltr'><strong>Filius</strong></span> <span class='ocrx_word' id='word_1_438' title='bbox 2666 2709 2782 2765; x_wconf 88' lang='lat' dir='ltr'><strong>Dei.</strong></span> <span class='ocrx_word' id='word_1_439' title='bbox 2831 2696 3097 2781; x_wconf 79' lang='lat' dir='ltr'><strong>Quocirca</strong></span> <span class='ocrx_word' id='word_1_440' title='bbox 3138 2696 3419 2794; x_wconf 77' lang='lat' dir='ltr'><strong>postquam</strong></span> 
     </span>
    </p>
   </div>
   <div class='ocr_carea' id='block_1_58' title="bbox 1852 2789 3418 2882">
    <p class='ocr_par' dir='ltr' id='par_1_58' title="bbox 1852 2789 3418 2882">
     <span class='ocr_line' id='line_1_58' title="bbox 1852 2789 3418 2882; baseline 0.02 -41"><span class='ocrx_word' id='word_1_441' title='bbox 1852 2789 2258 2855; x_wconf 86' lang='lat' dir='ltr'><strong>enuntiaverat,</strong></span> <span class='ocrx_word' id='word_1_442' title='bbox 2296 2791 2490 2849; x_wconf 85' lang='lat' dir='ltr'><strong>Omnia</strong></span> <span class='ocrx_word' id='word_1_443' title='bbox 2523 2799 2653 2852; x_wconf 81' lang='lat' dir='ltr'><strong>mihi</strong></span> <span class='ocrx_word' id='word_1_444' title='bbox 2700 2802 2829 2856; x_wconf 86' lang='lat' dir='ltr'><strong>data</strong></span> <span class='ocrx_word' id='word_1_445' title='bbox 2869 2819 2989 2861; x_wconf 81' lang='lat' dir='ltr'><strong>sunt</strong></span> <span class='ocrx_word' id='word_1_446' title='bbox 3021 2827 3055 2863; x_wconf 92' lang='lat' dir='ltr'><strong>a</strong></span> <span class='ocrx_word' id='word_1_447' title='bbox 3079 2789 3245 2867; x_wconf 86' lang='lat' dir='ltr'><strong>Patre</strong></span> <span class='ocrx_word' id='word_1_448' title='bbox 3274 2789 3418 2882; x_wconf 78' lang='lat' dir='ltr'><strong>meo,</strong></span> 
     </span>
    </p>
   </div>
   <div class='ocr_carea' id='block_1_59' title="bbox 1852 2874 3423 2973">
    <p class='ocr_par' dir='ltr' id='par_1_59' title="bbox 1852 2874 3423 2973">
     <span class='ocr_line' id='line_1_59' title="bbox 1852 2874 3423 2973; baseline 0.02 -43"><span class='ocrx_word' id='word_1_449' title='bbox 1852 2874 2030 2933; x_wconf 78' lang='lat' dir='ltr'><strong>intulit</strong></span> <span class='ocrx_word' id='word_1_450' title='bbox 2058 2899 2071 2934; x_wconf 91' lang='lat'>:</span> <span class='ocrx_word' id='word_1_451' title='bbox 2103 2880 2170 2935; x_wconf 85' lang='lat' dir='ltr'><strong>Et</strong></span> <span class='ocrx_word' id='word_1_452' title='bbox 2215 2899 2366 2938; x_wconf 85' lang='lat' dir='ltr'><strong>nemo</strong></span> <span class='ocrx_word' id='word_1_453' title='bbox 2410 2889 2547 2940; x_wconf 76' lang='lat' dir='ltr'><strong>novit</strong></span> <span class='ocrx_word' id='word_1_454' title='bbox 2593 2889 2641 2942; x_wconf 86' lang='lat' dir='ltr'><em>F</em></span> <span class='ocrx_word' id='word_1_455' title='bbox 2645 2891 2815 2960; x_wconf 84' lang='lat' dir='ltr'><strong>ilium,</strong></span> <span class='ocrx_word' id='word_1_456' title='bbox 2848 2899 2949 2952; x_wconf 77' lang='lat' dir='ltr'><strong>nisi</strong></span> <span class='ocrx_word' id='word_1_457' title='bbox 2994 2899 3159 2957; x_wconf 85' lang='lat' dir='ltr'><strong>Pater</strong></span> <span class='ocrx_word' id='word_1_458' title='bbox 3180 2906 3246 2957; x_wconf 74' lang='lat'><strong>9’.</strong></span> <span class='ocrx_word' id='word_1_459' title='bbox 3277 2874 3423 2973; x_wconf 55' lang='lat' dir='ltr'><strong>Quo:</strong></span> 
     </span>
    </p>
   </div>
   <div class='ocr_carea' id='block_1_60' title="bbox 1851 2970 3419 3053">
    <p class='ocr_par' dir='ltr' id='par_1_60' title="bbox 1851 2970 3419 3053">
     <span class='ocr_line' id='line_1_60' title="bbox 1851 2970 3419 3053; baseline 0.02 -31"><span class='ocrx_word' id='word_1_460' title='bbox 1851 2970 1994 3025; x_wconf 86' lang='lat' dir='ltr'><strong>circa</strong></span> <span class='ocrx_word' id='word_1_461' title='bbox 2036 2972 2253 3030; x_wconf 86' lang='lat' dir='ltr'><strong>silentio</strong></span> <span class='ocrx_word' id='word_1_462' title='bbox 2293 2977 2598 3035; x_wconf 81' lang='lat' dir='ltr'><strong>involvatur</strong></span> <span class='ocrx_word' id='word_1_463' title='bbox 2630 2986 2807 3041; x_wconf 88' lang='lat' dir='ltr'><strong>omnis</strong></span> <span class='ocrx_word' id='word_1_464' title='bbox 2838 2988 2904 3042; x_wconf 91' lang='lat' dir='ltr'><strong>de</strong></span> <span class='ocrx_word' id='word_1_465' title='bbox 2932 2989 3071 3046; x_wconf 85' lang='lat' dir='ltr'><strong>Filio</strong></span> <span class='ocrx_word' id='word_1_466' title='bbox 3102 2994 3195 3049; x_wconf 89' lang='lat' dir='ltr'><strong>Dei</strong></span> <span class='ocrx_word' id='word_1_467' title='bbox 3236 2970 3419 3053; x_wconf 74' lang='lat' dir='ltr'><strong>sermo</strong></span> 
     </span>
    </p>
   </div>
   <div class='ocr_carea' id='block_1_61' title="bbox 174 3063 1749 3148">
    <p class='ocr_par' dir='ltr' id='par_1_61' title="bbox 174 3064 1744 3141">
     <span class='ocr_line' id='line_1_61' title="bbox 174 3064 1744 3141; baseline 0.002 -23"><span class='ocrx_word' id='word_1_468' title='bbox 174 3068 344 3137; x_wconf 78' lang='grc' dir='ltr'>ρητος</span> <span class='ocrx_word' id='word_1_469' title='bbox 383 3066 508 3137; x_wconf 77' lang='grc' dir='ltr'>περὶ</span> <span class='ocrx_word' id='word_1_470' title='bbox 547 3065 641 3119; x_wconf 90' lang='grc' dir='ltr'><strong>τοῦ</strong></span> <span class='ocrx_word' id='word_1_471' title='bbox 680 3065 811 3119; x_wconf 88' lang='grc' dir='ltr'>Υίοῦ</span> <span class='ocrx_word' id='word_1_472' title='bbox 841 3064 936 3118; x_wconf 90' lang='grc' dir='ltr'><strong>τοῦ</strong></span> <span class='ocrx_word' id='word_1_473' title='bbox 972 3065 1109 3119; x_wconf 90' lang='grc' dir='ltr'>Θεοῦ</span> <span class='ocrx_word' id='word_1_474' title='bbox 1131 3067 1334 3135; x_wconf 88' lang='grc' dir='ltr'>Λόγος,</span> <span class='ocrx_word' id='word_1_475' title='bbox 1364 3068 1458 3121; x_wconf 70' lang='grc' dir='ltr'><strong>καὶ</strong></span> <span class='ocrx_word' id='word_1_476' title='bbox 1495 3068 1640 3139; x_wconf 86' lang='grc' dir='ltr'>μόνῳ</span> <span class='ocrx_word' id='word_1_477' title='bbox 1666 3069 1744 3141; x_wconf 83' lang='grc' dir='ltr'>τῷ</span> 
     </span>
    </p>
   </div>
   <div class='ocr_carea' id='block_1_62' title="bbox 1853 3063 3419 3148">
    <p class='ocr_par' dir='ltr' id='par_1_62' title="bbox 1853 3063 3419 3148">
     <span class='ocr_line' id='line_1_62' title="bbox 1853 3063 3419 3148; baseline 0.019 -34"><span class='ocrx_word' id='word_1_478' title='bbox 1853 3063 1939 3130; x_wconf 86' lang='lat' dir='ltr'><strong>qui</strong></span> <span class='ocrx_word' id='word_1_479' title='bbox 1962 3073 2045 3117; x_wconf 90' lang='lat' dir='ltr'><strong>est</strong></span> <span class='ocrx_word' id='word_1_480' title='bbox 2077 3064 2472 3134; x_wconf 87' lang='lat' dir='ltr'><strong>inenarrabilis,</strong></span> <span class='ocrx_word' id='word_1_481' title='bbox 2503 3081 2556 3125; x_wconf 88' lang='lat' dir='ltr'><strong>et</strong></span> <span class='ocrx_word' id='word_1_482' title='bbox 2587 3074 2688 3128; x_wconf 88' lang='lat' dir='ltr'><strong>soli</strong></span> <span class='ocrx_word' id='word_1_483' title='bbox 2722 3076 2839 3148; x_wconf 83' lang='lat' dir='ltr'><strong>ejus</strong></span> <span class='ocrx_word' id='word_1_484' title='bbox 2882 3077 3027 3136; x_wconf 87' lang='lat' dir='ltr'><strong>Patri</strong></span> <span class='ocrx_word' id='word_1_485' title='bbox 3069 3089 3419 3143; x_wconf 88' lang='lat' dir='ltr'><strong>commende-</strong></span> 
     </span>
    </p>
   </div>
   <div class='ocr_carea' id='block_1_63' title="bbox 169 3155 1749 3233">
    <p class='ocr_par' dir='ltr' id='par_1_63' title="bbox 169 3155 1749 3233">
     <span class='ocr_line' id='line_1_63' title="bbox 169 3155 1749 3233; baseline 0.004 -24"><span class='ocrx_word' id='word_1_486' title='bbox 169 3157 293 3209; x_wconf 88' lang='grc' dir='ltr'><strong>Πατ</strong></span> <span class='ocrx_word' id='word_1_487' title='bbox 302 3157 353 3228; x_wconf 57' lang='lat' dir='ltr'><strong>pi.</strong></span> <span class='ocrx_word' id='word_1_488' title='bbox 368 3156 750 3228; x_wconf 83' lang='grc' dir='ltr'>παραδεδόσθω</span> <span class='ocrx_word' id='word_1_489' title='bbox 764 3159 797 3227; x_wconf 87' lang='grc' dir='ltr'>ἡ</span> <span class='ocrx_word' id='word_1_490' title='bbox 815 3157 911 3227; x_wconf 86' lang='grc' dir='ltr'><strong>τῆς</strong></span> <span class='ocrx_word' id='word_1_491' title='bbox 941 3155 1001 3221; x_wconf 76' lang='grc' dir='ltr'>ἐξ</span> <span class='ocrx_word' id='word_1_492' title='bbox 1027 3157 1190 3211; x_wconf 85' lang='grc' dir='ltr'>αὑτοῦ</span> <span class='ocrx_word' id='word_1_493' title='bbox 1207 3159 1470 3225; x_wconf 86' lang='grc' dir='ltr'>γενέσεως</span> <span class='ocrx_word' id='word_1_494' title='bbox 1489 3160 1652 3213; x_wconf 86' lang='grc' dir='ltr'>αὐτοῦ</span> <span class='ocrx_word' id='word_1_495' title='bbox 1672 3162 1749 3233; x_wconf 69' lang='grc'>(1)</span> 
     </span>
    </p>
   </div>
   <div class='ocr_carea' id='block_1_64' title="bbox 171 3248 1749 3322">
    <p class='ocr_par' dir='ltr' id='par_1_64' title="bbox 171 3248 1749 3322">
     <span class='ocr_line' id='line_1_64' title="bbox 171 3248 1749 3322; baseline 0.005 -22"><span class='ocrx_word' id='word_1_496' title='bbox 171 3248 377 3316; x_wconf 80' lang='grc' dir='ltr'>γνῶσις</span> <span class='ocrx_word' id='word_1_497' title='bbox 398 3288 411 3312; x_wconf 92' lang='grc'><strong>,</strong></span> <span class='ocrx_word' id='word_1_498' title='bbox 451 3248 585 3319; x_wconf 82' lang='grc' dir='ltr'>μηδὲ</span> <span class='ocrx_word' id='word_1_499' title='bbox 619 3250 927 3320; x_wconf 85' lang='grc' dir='ltr'>περαιτέρω</span> <span class='ocrx_word' id='word_1_500' title='bbox 950 3267 1033 3313; x_wconf 88' lang='grc' dir='ltr'><strong>τις</strong></span> <span class='ocrx_word' id='word_1_501' title='bbox 1054 3249 1231 3321; x_wconf 81' lang='grc' dir='ltr'>ζητῶν</span> <span class='ocrx_word' id='word_1_502' title='bbox 1264 3252 1513 3322; x_wconf 86' lang='grc' dir='ltr'>χωρείτω</span> <span class='ocrx_word' id='word_1_503' title='bbox 1536 3253 1749 3322; x_wconf 87' lang='grc' dir='ltr'>φύσεως</span> 
     </span>
    </p>
   </div>
   <div class='ocr_carea' id='block_1_65' title="bbox 173 3339 1748 3417">
    <p class='ocr_par' dir='ltr' id='par_1_65' title="bbox 173 3339 1748 3417">
     <span class='ocr_line' id='line_1_65' title="bbox 173 3339 1748 3417; baseline 0.005 -25"><span class='ocrx_word' id='word_1_504' title='bbox 173 3339 310 3411; x_wconf 81' lang='grc' dir='ltr'>πέρι</span> <span class='ocrx_word' id='word_1_505' title='bbox 325 3340 418 3392; x_wconf 83' lang='grc' dir='ltr'><strong>καὶ</strong></span> <span class='ocrx_word' id='word_1_506' title='bbox 433 3341 618 3404; x_wconf 84' lang='grc' dir='ltr'>οὐσίας</span> <span class='ocrx_word' id='word_1_507' title='bbox 635 3342 964 3411; x_wconf 77' lang='grc' dir='ltr'>ἀπορρήτου.</span> <span class='ocrx_word' id='word_1_508' title='bbox 988 3340 1140 3412; x_wconf 90' lang='grc' dir='ltr'>Μόνη</span> <span class='ocrx_word' id='word_1_509' title='bbox 1162 3341 1218 3394; x_wconf 83' lang='grc' dir='ltr'>δὲ</span> <span class='ocrx_word' id='word_1_510' title='bbox 1236 3343 1365 3412; x_wconf 79' lang='grc' dir='ltr'>ἡμῖν</span> <span class='ocrx_word' id='word_1_511' title='bbox 1383 3344 1415 3413; x_wconf 77' lang='grc' dir='ltr'>ἡ</span> <span class='ocrx_word' id='word_1_512' title='bbox 1437 3345 1599 3398; x_wconf 82' lang='grc' dir='ltr'>αὑτοῦ</span> <span class='ocrx_word' id='word_1_513' title='bbox 1622 3348 1748 3417; x_wconf 78' lang='grc' dir='ltr'>περὶ</span> 
     </span>
    </p>
   </div>
   <div class='ocr_carea' id='block_1_66' title="bbox 170 3430 1742 3507">
    <p class='ocr_par' dir='ltr' id='par_1_66' title="bbox 170 3430 1742 3507">
     <span class='ocr_line' id='line_1_66' title="bbox 170 3430 1742 3507; baseline 0.004 -24"><span class='ocrx_word' id='word_1_514' title='bbox 170 3430 346 3483; x_wconf 83' lang='grc' dir='ltr'>αὑτοῦ</span> <span class='ocrx_word' id='word_1_515' title='bbox 371 3431 685 3486; x_wconf 84' lang='grc' dir='ltr'>διδασκαλία</span> <span class='ocrx_word' id='word_1_516' title='bbox 714 3435 779 3502; x_wconf 82' lang='grc' dir='ltr'>τῇ</span> <span class='ocrx_word' id='word_1_517' title='bbox 809 3432 908 3500; x_wconf 80' lang='grc' dir='ltr'>τῆς</span> <span class='ocrx_word' id='word_1_518' title='bbox 931 3432 1164 3495; x_wconf 86' lang='grc' dir='ltr'>πίστεως</span> <span class='ocrx_word' id='word_1_519' title='bbox 1185 3432 1516 3501; x_wconf 76' lang='grc' dir='ltr'>βεϐαιούσθω</span> <span class='ocrx_word' id='word_1_520' title='bbox 1540 3435 1742 3507; x_wconf 85' lang='grc' dir='ltr'>χάριτι,</span> 
     </span>
    </p>
   </div>
   <div class='ocr_carea' id='block_1_67' title="bbox 168 3520 1744 3593">
    <p class='ocr_par' dir='ltr' id='par_1_67' title="bbox 168 3520 1744 3593">
     <span class='ocr_line' id='line_1_67' title="bbox 168 3520 1744 3593; baseline 0.004 -20"><span class='ocrx_word' id='word_1_521' title='bbox 168 3520 364 3589; x_wconf 83' lang='grc' dir='ltr'>σαφῶς</span> <span class='ocrx_word' id='word_1_522' title='bbox 388 3522 563 3576; x_wconf 86' lang='grc' dir='ltr'>πάντα</span> <span class='ocrx_word' id='word_1_523' title='bbox 580 3521 725 3591; x_wconf 82' lang='grc' dir='ltr'>αὑτῷ</span> <span class='ocrx_word' id='word_1_524' title='bbox 746 3521 850 3575; x_wconf 87' lang='grc' dir='ltr'><strong>ὑπὸ</strong></span> <span class='ocrx_word' id='word_1_525' title='bbox 867 3521 958 3573; x_wconf 84' lang='grc' dir='ltr'><strong>τοῦ</strong></span> <span class='ocrx_word' id='word_1_526' title='bbox 975 3520 1185 3593; x_wconf 81' lang='grc' dir='ltr'>Πατρδς</span> <span class='ocrx_word' id='word_1_527' title='bbox 1207 3523 1599 3591; x_wconf 85' lang='grc' dir='ltr'>παραδεδόσθαι</span> <span class='ocrx_word' id='word_1_528' title='bbox 1622 3544 1744 3579; x_wconf 86' lang='grc' dir='ltr'>παι-</span> 
     </span>
    </p>
   </div>
   <div class='ocr_carea' id='block_1_68' title="bbox 164 3611 1740 3687">
    <p class='ocr_par' dir='ltr' id='par_1_68' title="bbox 164 3611 1740 3687">
     <span class='ocr_line' id='line_1_68' title="bbox 164 3611 1740 3687; baseline 0.004 -21"><span class='ocrx_word' id='word_1_529' title='bbox 164 3613 419 3666; x_wconf 82' lang='grc' dir='ltr'>δεύουσα.</span> <span class='ocrx_word' id='word_1_530' title='bbox 456 3611 663 3666; x_wconf 72' lang='grc' dir='ltr'>Οὐκοῦν</span> <span class='ocrx_word' id='word_1_531' title='bbox 700 3614 727 3663; x_wconf 93' lang='lat'><strong>6</strong></span> <span class='ocrx_word' id='word_1_532' title='bbox 768 3613 864 3683; x_wconf 83' lang='grc' dir='ltr'>μὲν</span> <span class='ocrx_word' id='word_1_533' title='bbox 878 3612 1006 3675; x_wconf 81' lang='grc' dir='ltr'>Θεὸς</span> <span class='ocrx_word' id='word_1_534' title='bbox 1034 3612 1203 3665; x_wconf 82' lang='grc' dir='ltr'>ἐδίδου</span> <span class='ocrx_word' id='word_1_535' title='bbox 1224 3615 1319 3666; x_wconf 80' lang='grc' dir='ltr'><strong>καὶ</strong></span> <span class='ocrx_word' id='word_1_536' title='bbox 1335 3617 1621 3687; x_wconf 86' lang='grc' dir='ltr'>παρεδίδου</span> <span class='ocrx_word' id='word_1_537' title='bbox 1646 3621 1740 3671; x_wconf 82' lang='grc' dir='ltr'>ἐπὶ</span> 
     </span>
    </p>
   </div>
   <div class='ocr_carea' id='block_1_69' title="bbox 171 3700 1743 3777">
    <p class='ocr_par' dir='ltr' id='par_1_69' title="bbox 171 3700 1743 3777">
     <span class='ocr_line' id='line_1_69' title="bbox 171 3700 1743 3777; baseline 0.003 -21"><span class='ocrx_word' id='word_1_538' title='bbox 171 3702 457 3773; x_wconf 81' lang='grc' dir='ltr'>βελτιώσει</span> <span class='ocrx_word' id='word_1_539' title='bbox 478 3703 573 3756; x_wconf 67' lang='grc' dir='ltr'>καὶ</span> <span class='ocrx_word' id='word_1_540' title='bbox 598 3702 835 3773; x_wconf 80' lang='grc' dir='ltr'>ὠφελείᾳ</span> <span class='ocrx_word' id='word_1_541' title='bbox 851 3742 865 3766; x_wconf 89' lang='grc'><strong>,</strong></span> <span class='ocrx_word' id='word_1_542' title='bbox 888 3700 975 3755; x_wconf 76' lang='grc' dir='ltr'>οἷα</span> <span class='ocrx_word' id='word_1_543' title='bbox 996 3702 1206 3774; x_wconf 82' lang='grc' dir='ltr'>Σωτῆρι</span> <span class='ocrx_word' id='word_1_544' title='bbox 1229 3706 1323 3758; x_wconf 78' lang='grc' dir='ltr'><strong>καὶ</strong></span> <span class='ocrx_word' id='word_1_545' title='bbox 1344 3706 1512 3777; x_wconf 79' lang='grc' dir='ltr'>ἰατρῴ</span> <span class='ocrx_word' id='word_1_546' title='bbox 1534 3708 1625 3760; x_wconf 79' lang='grc' dir='ltr'><strong>καὶ</strong></span> <span class='ocrx_word' id='word_1_547' title='bbox 1650 3726 1743 3761; x_wconf 88' lang='grc' dir='ltr'>κυ-</span> 
     </span>
    </p>
   </div>
   <div class='ocr_carea' id='block_1_70' title="bbox 164 3793 1741 3867">
    <p class='ocr_par' dir='ltr' id='par_1_70' title="bbox 164 3793 1741 3867">
     <span class='ocr_line' id='line_1_70' title="bbox 164 3793 1741 3867; baseline 0.004 -21"><span class='ocrx_word' id='word_1_548' title='bbox 164 3794 406 3865; x_wconf 74' lang='grc' dir='ltr'>ϐερνήτῃ</span> <span class='ocrx_word' id='word_1_549' title='bbox 452 3793 560 3847; x_wconf 88' lang='grc' dir='ltr'><strong>τῶν</strong></span> <span class='ocrx_word' id='word_1_550' title='bbox 610 3794 744 3847; x_wconf 84' lang='grc' dir='ltr'>ὅλων</span> <span class='ocrx_word' id='word_1_551' title='bbox 789 3795 889 3864; x_wconf 84' lang='grc' dir='ltr'><strong>τὴν</strong></span> <span class='ocrx_word' id='word_1_552' title='bbox 927 3795 1226 3865; x_wconf 84' lang='grc' dir='ltr'>παράδοσιν</span> <span class='ocrx_word' id='word_1_553' title='bbox 1248 3796 1595 3867; x_wconf 84' lang='grc' dir='ltr'>ποιούμενος·</span> <span class='ocrx_word' id='word_1_554' title='bbox 1637 3800 1741 3853; x_wconf 79' lang='grc' dir='ltr'>ὀδὲ</span> 
     </span>
    </p>
   </div>
   <div class='ocr_carea' id='block_1_71' title="bbox 163 3881 1740 3959">
    <p class='ocr_par' dir='ltr' id='par_1_71' title="bbox 163 3881 1740 3959">
     <span class='ocr_line' id='line_1_71' title="bbox 163 3881 1740 3959; baseline 0.001 -20"><span class='ocrx_word' id='word_1_555' title='bbox 163 3885 302 3949; x_wconf 80' lang='grc' dir='ltr'>Υἱὸς</span> <span class='ocrx_word' id='word_1_556' title='bbox 332 3885 622 3955; x_wconf 74' lang='grc' dir='ltr'>ἐλάμϐανε,</span> <span class='ocrx_word' id='word_1_557' title='bbox 660 3886 755 3940; x_wconf 77' lang='grc' dir='ltr'><strong>καὶ</strong></span> <span class='ocrx_word' id='word_1_558' title='bbox 798 3881 888 3940; x_wconf 72' lang='grc' dir='ltr'>οἶα</span> <span class='ocrx_word' id='word_1_559' title='bbox 924 3885 1113 3948; x_wconf 80' lang='grc' dir='ltr'>πιστὸς</span> <span class='ocrx_word' id='word_1_560' title='bbox 1147 3887 1610 3958; x_wconf 81' lang='grc' dir='ltr'>παραθηκοφύλαξ</span> <span class='ocrx_word' id='word_1_561' title='bbox 1642 3891 1740 3959; x_wconf 74' lang='grc' dir='ltr'><strong>τὴν</strong></span> 
     </span>
    </p>
   </div>
   <div class='ocr_carea' id='block_1_72' title="bbox 161 3978 1736 4050">
    <p class='ocr_par' dir='ltr' id='par_1_72' title="bbox 161 3978 1736 4050">
     <span class='ocr_line' id='line_1_72' title="bbox 161 3978 1736 4050; baseline 0.001 -17"><span class='ocrx_word' id='word_1_562' title='bbox 161 3978 316 4033; x_wconf 85' lang='grc' dir='ltr'>δόσιν</span> <span class='ocrx_word' id='word_1_563' title='bbox 333 3978 585 4048; x_wconf 85' lang='grc' dir='ltr'>ὑπείχετο</span> <span class='ocrx_word' id='word_1_564' title='bbox 607 3978 707 4047; x_wconf 75' lang='grc'><strong>(2),</strong></span> <span class='ocrx_word' id='word_1_565' title='bbox 729 3978 826 4049; x_wconf 86' lang='grc' dir='ltr'>οὐχ</span> <span class='ocrx_word' id='word_1_566' title='bbox 845 3978 919 4042; x_wconf 88' lang='grc' dir='ltr'>ὡς</span> <span class='ocrx_word' id='word_1_567' title='bbox 937 3979 1106 4050; x_wconf 85' lang='grc' dir='ltr'>Λόγος</span> <span class='ocrx_word' id='word_1_568' title='bbox 1132 3978 1384 4043; x_wconf 87' lang='grc' dir='ltr'>ὰνούσιος</span> <span class='ocrx_word' id='word_1_569' title='bbox 1411 3981 1502 4033; x_wconf 79' lang='grc' dir='ltr'><strong>καὶ</strong></span> <span class='ocrx_word' id='word_1_570' title='bbox 1533 3982 1736 4034; x_wconf 85' lang='grc' dir='ltr'>ἀνυπό-</span> 
     </span>
    </p>
   </div>
   <div class='ocr_carea' id='block_1_73' title="bbox 163 4070 1738 4143">
    <p class='ocr_par' dir='ltr' id='par_1_73' title="bbox 163 4070 1738 4143">
     <span class='ocr_line' id='line_1_73' title="bbox 163 4070 1738 4143; baseline 0.002 -19"><span class='ocrx_word' id='word_1_571' title='bbox 163 4088 387 4134; x_wconf 82' lang='grc' dir='ltr'>στατος,</span> <span class='ocrx_word' id='word_1_572' title='bbox 406 4071 521 4125; x_wconf 80' lang='grc' dir='ltr'>ἀλλ’</span> <span class='ocrx_word' id='word_1_573' title='bbox 552 4071 627 4135; x_wconf 85' lang='grc' dir='ltr'><strong>ὡς</strong></span> <span class='ocrx_word' id='word_1_574' title='bbox 659 4070 874 4142; x_wconf 83' lang='grc' dir='ltr'>άληθῶς</span> <span class='ocrx_word' id='word_1_575' title='bbox 891 4072 1017 4136; x_wconf 84' lang='grc' dir='ltr'>Υίδς</span> <span class='ocrx_word' id='word_1_576' title='bbox 1049 4071 1125 4125; x_wconf 84' lang='grc' dir='ltr'><strong>ὢν</strong></span> <span class='ocrx_word' id='word_1_577' title='bbox 1150 4072 1458 4143; x_wconf 84' lang='grc' dir='ltr'>Μονογενὴς</span> <span class='ocrx_word' id='word_1_578' title='bbox 1484 4073 1578 4126; x_wconf 77' lang='grc' dir='ltr'><strong>καὶ</strong></span> <span class='ocrx_word' id='word_1_579' title='bbox 1600 4075 1738 4143; x_wconf 60' lang='grc' dir='ltr'><strong>ἀγα.</strong></span> 
     </span>
    </p>
   </div>
   <div class='ocr_carea' id='block_1_74' title="bbox 160 4160 735 4234">
    <p class='ocr_par' dir='ltr' id='par_1_74' title="bbox 160 4160 735 4234">
     <span class='ocr_line' id='line_1_74' title="bbox 160 4160 735 4234; baseline 0 -19"><span class='ocrx_word' id='word_1_580' title='bbox 160 4161 342 4234; x_wconf 76' lang='grc' dir='ltr'>πητὺς</span> <span class='ocrx_word' id='word_1_581' title='bbox 375 4160 469 4215; x_wconf 91' lang='grc' dir='ltr'><strong>τοῦ</strong></span> <span class='ocrx_word' id='word_1_582' title='bbox 499 4162 735 4234; x_wconf 85' lang='grc' dir='ltr'>Πατρός.</span> 
     </span>
    </p>
   </div>
   <div class='ocr_carea' id='block_1_75' title="bbox 1853 3154 3419 3234">
    <p class='ocr_par' dir='ltr' id='par_1_75' title="bbox 1853 3154 3419 3234">
     <span class='ocr_line' id='line_1_75' title="bbox 1853 3154 3419 3234; baseline 0.019 -29"><span class='ocrx_word' id='word_1_583' title='bbox 1853 3160 1939 3207; x_wconf 93' lang='lat' dir='ltr'><strong>tur</strong></span> <span class='ocrx_word' id='word_1_584' title='bbox 1978 3154 2123 3211; x_wconf 92' lang='lat' dir='ltr'><strong>illius</strong></span> <span class='ocrx_word' id='word_1_585' title='bbox 2168 3158 2232 3213; x_wconf 96' lang='lat' dir='ltr'><strong>de</strong></span> <span class='ocrx_word' id='word_1_586' title='bbox 2275 3160 2453 3230; x_wconf 90' lang='lat' dir='ltr'><strong>seipso</strong></span> <span class='ocrx_word' id='word_1_587' title='bbox 2489 3168 2857 3232; x_wconf 78' lang='lat' dir='ltr'><strong>generationis</strong></span> <span class='ocrx_word' id='word_1_588' title='bbox 2888 3174 3078 3230; x_wconf 90' lang='lat' dir='ltr'><strong>modus</strong></span> <span class='ocrx_word' id='word_1_589' title='bbox 3126 3185 3181 3232; x_wconf 90' lang='lat' dir='ltr'><strong>et</strong></span> <span class='ocrx_word' id='word_1_590' title='bbox 3223 3179 3419 3234; x_wconf 74' lang='lat' dir='ltr'><strong>intelli-</strong></span> 
     </span>
    </p>
   </div>
   <div class='ocr_carea' id='block_1_76' title="bbox 1849 3245 3418 3336">
    <p class='ocr_par' dir='ltr' id='par_1_76' title="bbox 1849 3245 3418 3336">
     <span class='ocr_line' id='line_1_76' title="bbox 1849 3245 3418 3336; baseline 0.018 -40"><span class='ocrx_word' id='word_1_591' title='bbox 1849 3245 2029 3312; x_wconf 77' lang='lat' dir='ltr'><strong>gentia</strong></span> <span class='ocrx_word' id='word_1_592' title='bbox 2066 3262 2083 3298; x_wconf 90' lang='lat'><strong>:</strong></span> <span class='ocrx_word' id='word_1_593' title='bbox 2120 3260 2219 3303; x_wconf 88' lang='lat' dir='ltr'><strong>nec</strong></span> <span class='ocrx_word' id='word_1_594' title='bbox 2246 3250 2599 3319; x_wconf 88' lang='lat' dir='ltr'><strong>disquirendo</strong></span> <span class='ocrx_word' id='word_1_595' title='bbox 2627 3258 2894 3327; x_wconf 88' lang='lat' dir='ltr'><strong>quispiam</strong></span> <span class='ocrx_word' id='word_1_596' title='bbox 2925 3266 3303 3336; x_wconf 74' lang='lat' dir='ltr'><strong>progrediatur</strong></span> <span class='ocrx_word' id='word_1_597' title='bbox 3338 3271 3418 3323; x_wconf 86' lang='lat' dir='ltr'><strong>ul—</strong></span> 
     </span>
    </p>
   </div>
   <div class='ocr_carea' id='block_1_77' title="bbox 1850 3335 3419 3430">
    <p class='ocr_par' dir='ltr' id='par_1_77' title="bbox 1850 3335 3419 3430">
     <span class='ocr_line' id='line_1_77' title="bbox 1850 3335 3419 3430; baseline 0.019 -44"><span class='ocrx_word' id='word_1_598' title='bbox 1850 3335 2047 3403; x_wconf 89' lang='lat' dir='ltr'><strong>terius,</strong></span> <span class='ocrx_word' id='word_1_599' title='bbox 2081 3338 2134 3391; x_wconf 93' lang='lat' dir='ltr'><strong>in</strong></span> <span class='ocrx_word' id='word_1_600' title='bbox 2178 3350 2372 3395; x_wconf 88' lang='lat' dir='ltr'><strong>natura</strong></span> <span class='ocrx_word' id='word_1_601' title='bbox 2406 3352 2460 3398; x_wconf 91' lang='lat' dir='ltr'><strong>et</strong></span> <span class='ocrx_word' id='word_1_602' title='bbox 2489 3346 2791 3405; x_wconf 83' lang='lat' dir='ltr'><strong>substantia</strong></span> <span class='ocrx_word' id='word_1_603' title='bbox 2832 3335 3200 3412; x_wconf 74' lang='lat' dir='ltr'><strong>inenarrabili.</strong></span> <span class='ocrx_word' id='word_1_604' title='bbox 3246 3360 3419 3430; x_wconf 90' lang='lat' dir='ltr'><strong>Ipsius</strong></span> 
     </span>
    </p>
   </div>
   <div class='ocr_carea' id='block_1_78' title="bbox 1846 3428 3414 3519">
    <p class='ocr_par' dir='ltr' id='par_1_78' title="bbox 1846 3428 3414 3519">
     <span class='ocr_line' id='line_1_78' title="bbox 1846 3428 3414 3519; baseline 0.018 -42"><span class='ocrx_word' id='word_1_605' title='bbox 1846 3435 2027 3480; x_wconf 84' lang='lat' dir='ltr'><strong>autem</strong></span> <span class='ocrx_word' id='word_1_606' title='bbox 2060 3428 2126 3483; x_wconf 91' lang='lat' dir='ltr'><strong>de</strong></span> <span class='ocrx_word' id='word_1_607' title='bbox 2178 3431 2355 3500; x_wconf 86' lang='lat' dir='ltr'><strong>seipso</strong></span> <span class='ocrx_word' id='word_1_608' title='bbox 2387 3433 2635 3491; x_wconf 82' lang='lat' dir='ltr'><strong>doctrina</strong></span> <span class='ocrx_word' id='word_1_609' title='bbox 2680 3439 3019 3498; x_wconf 90' lang='lat' dir='ltr'><strong>solummodo</strong></span> <span class='ocrx_word' id='word_1_610' title='bbox 3057 3462 3153 3515; x_wconf 78' lang='lat' dir='ltr'><strong>per</strong></span> <span class='ocrx_word' id='word_1_611' title='bbox 3186 3428 3414 3519; x_wconf 77' lang='lat' dir='ltr'><strong>gratiam</strong></span> 
     </span>
    </p>
   </div>
   <div class='ocr_carea' id='block_1_79' title="bbox 1845 3520 3417 3612">
    <p class='ocr_par' dir='ltr' id='par_1_79' title="bbox 1845 3520 3417 3612">
     <span class='ocr_line' id='line_1_79' title="bbox 1845 3520 3417 3612; baseline 0.017 -41"><span class='ocrx_word' id='word_1_612' title='bbox 1845 3532 1966 3586; x_wconf 66' lang='lat' dir='ltr'><strong>quae</strong></span> <span class='ocrx_word' id='word_1_613' title='bbox 1993 3535 2059 3574; x_wconf 81' lang='lat' dir='ltr'><strong>ex</strong></span> <span class='ocrx_word' id='word_1_614' title='bbox 2089 3520 2201 3577; x_wconf 81' lang='lat' dir='ltr'><strong>ﬁde</strong></span> <span class='ocrx_word' id='word_1_615' title='bbox 2223 3535 2307 3579; x_wconf 88' lang='lat' dir='ltr'><strong>est</strong></span> <span class='ocrx_word' id='word_1_616' title='bbox 2330 3528 2607 3598; x_wconf 90' lang='lat' dir='ltr'><strong>obsignata</strong></span> <span class='ocrx_word' id='word_1_617' title='bbox 2652 3543 2868 3588; x_wconf 82' lang='lat' dir='ltr'><strong>maneat</strong></span> <span class='ocrx_word' id='word_1_618' title='bbox 2899 3552 3056 3604; x_wconf 73' lang='lat' dir='ltr'><strong>:qua:</strong></span> <span class='ocrx_word' id='word_1_619' title='bbox 3087 3542 3269 3595; x_wconf 84' lang='lat' dir='ltr'><strong>omnia</strong></span> <span class='ocrx_word' id='word_1_620' title='bbox 3294 3544 3417 3612; x_wconf 87' lang='lat' dir='ltr'><strong>qui-</strong></span> 
     </span>
    </p>
   </div>
   <div class='ocr_carea' id='block_1_80' title="bbox 1845 3610 3415 3687">
    <p class='ocr_par' dir='ltr' id='par_1_80' title="bbox 1845 3610 3415 3687">
     <span class='ocr_line' id='line_1_80' title="bbox 1845 3610 3415 3687; baseline 0.015 -24"><span class='ocrx_word' id='word_1_621' title='bbox 1845 3610 1965 3663; x_wconf 90' lang='lat' dir='ltr'><strong>dem</strong></span> <span class='ocrx_word' id='word_1_622' title='bbox 2007 3611 2105 3680; x_wconf 90' lang='lat' dir='ltr'><strong>ipsi</strong></span> <span class='ocrx_word' id='word_1_623' title='bbox 2146 3616 2343 3671; x_wconf 87' lang='lat' dir='ltr'><strong>tradita</strong></span> <span class='ocrx_word' id='word_1_624' title='bbox 2391 3634 2421 3672; x_wconf 91' lang='lat' dir='ltr'><strong>a</strong></span> <span class='ocrx_word' id='word_1_625' title='bbox 2472 3620 2635 3676; x_wconf 80' lang='lat' dir='ltr'><strong>Patre</strong></span> <span class='ocrx_word' id='word_1_626' title='bbox 2672 3636 2773 3677; x_wconf 91' lang='lat' dir='ltr'><strong>suo</strong></span> <span class='ocrx_word' id='word_1_627' title='bbox 2807 3625 3092 3682; x_wconf 76' lang='lat' dir='ltr'><strong>manifeste</strong></span> <span class='ocrx_word' id='word_1_628' title='bbox 3124 3610 3415 3687; x_wconf 78' lang='lat' dir='ltr'><strong>admodum:</strong></span> 
     </span>
    </p>
   </div>
   <div class='ocr_carea' id='block_1_81' title="bbox 1846 3705 3416 3790">
    <p class='ocr_par' dir='ltr' id='par_1_81' title="bbox 1846 3705 3416 3790">
     <span class='ocr_line' id='line_1_81' title="bbox 1846 3705 3416 3790; baseline 0.015 -35"><span class='ocrx_word' id='word_1_629' title='bbox 1846 3717 1943 3757; x_wconf 78' lang='lat' dir='ltr'><strong>nos</strong></span> <span class='ocrx_word' id='word_1_630' title='bbox 1974 3705 2148 3760; x_wconf 88' lang='lat' dir='ltr'><strong>docet.</strong></span> <span class='ocrx_word' id='word_1_631' title='bbox 2179 3708 2336 3765; x_wconf 86' lang='lat' dir='ltr'><strong>Dedit</strong></span> <span class='ocrx_word' id='word_1_632' title='bbox 2376 3726 2506 3781; x_wconf 81' lang='lat' dir='ltr'><strong>ergo</strong></span> <span class='ocrx_word' id='word_1_633' title='bbox 2532 3712 2674 3769; x_wconf 90' lang='lat' dir='ltr'><strong>Deus</strong></span> <span class='ocrx_word' id='word_1_634' title='bbox 2706 3724 2870 3784; x_wconf 87' lang='lat' dir='ltr'><strong>atque</strong></span> <span class='ocrx_word' id='word_1_635' title='bbox 2901 3720 3121 3775; x_wconf 88' lang='lat' dir='ltr'><strong>tradidit</strong></span> <span class='ocrx_word' id='word_1_636' title='bbox 3151 3722 3416 3790; x_wconf 42' lang='lat' dir='ltr'><strong>illighanc</strong></span> 
     </span>
    </p>
   </div>
   <div class='ocr_carea' id='block_1_82' title="bbox 1845 3796 3411 3882">
    <p class='ocr_par' dir='ltr' id='par_1_82' title="bbox 1845 3796 3411 3882">
     <span class='ocr_line' id='line_1_82' title="bbox 1845 3796 3411 3882; baseline 0.015 -35"><span class='ocrx_word' id='word_1_637' title='bbox 1845 3796 2191 3853; x_wconf 88' lang='lat' dir='ltr'><strong>traditionem</strong></span> <span class='ocrx_word' id='word_1_638' title='bbox 2243 3816 2418 3870; x_wconf 89' lang='lat' dir='ltr'><strong>suam,</strong></span> <span class='ocrx_word' id='word_1_639' title='bbox 2449 3804 2515 3859; x_wconf 92' lang='lat' dir='ltr'><strong>ad</strong></span> <span class='ocrx_word' id='word_1_640' title='bbox 2556 3808 2988 3863; x_wconf 88' lang='lat' dir='ltr'><strong>emendationem</strong></span> <span class='ocrx_word' id='word_1_641' title='bbox 3014 3822 3069 3865; x_wconf 91' lang='lat' dir='ltr'><strong>et</strong></span> <span class='ocrx_word' id='word_1_642' title='bbox 3108 3814 3411 3882; x_wconf 83' lang='lat' dir='ltr'><strong>profectum</strong></span> 
     </span>
    </p>
   </div>
   <div class='ocr_carea' id='block_1_83' title="bbox 1845 3888 3415 3974">
    <p class='ocr_par' dir='ltr' id='par_1_83' title="bbox 1845 3888 3415 3974">
     <span class='ocr_line' id='line_1_83' title="bbox 1845 3888 3415 3974; baseline 0.013 -34"><span class='ocrx_word' id='word_1_643' title='bbox 1845 3888 2237 3958; x_wconf 81' lang='lat' dir='ltr'><strong>universitatis,</strong></span> <span class='ocrx_word' id='word_1_644' title='bbox 2262 3902 2520 3965; x_wconf 88' lang='lat' dir='ltr'><strong>tanquam</strong></span> <span class='ocrx_word' id='word_1_645' title='bbox 2556 3897 2857 3965; x_wconf 82' lang='lat' dir='ltr'><strong>Servatori,</strong></span> <span class='ocrx_word' id='word_1_646' title='bbox 2884 3902 3114 3967; x_wconf 88' lang='lat' dir='ltr'><strong>medico,</strong></span> <span class='ocrx_word' id='word_1_647' title='bbox 3141 3906 3415 3974; x_wconf 84' lang='lat' dir='ltr'><strong>guberna-</strong></span> 
     </span>
    </p>
   </div>
   <div class='ocr_carea' id='block_1_84' title="bbox 1846 3982 3414 4068">
    <p class='ocr_par' dir='ltr' id='par_1_84' title="bbox 1846 3982 3414 4068">
     <span class='ocr_line' id='line_1_84' title="bbox 1846 3982 3414 4068; baseline 0.013 -34"><span class='ocrx_word' id='word_1_648' title='bbox 1846 3982 1945 4036; x_wconf 90' lang='lat' dir='ltr'><strong>tori</strong></span> <span class='ocrx_word' id='word_1_649' title='bbox 1968 3984 2232 4040; x_wconf 89' lang='lat' dir='ltr'><strong>omnium.</strong></span> <span class='ocrx_word' id='word_1_650' title='bbox 2268 3994 2327 4051; x_wconf 72' lang='lat'><strong>&gt;1&lt;</strong></span> <span class='ocrx_word' id='word_1_651' title='bbox 2359 3988 2529 4046; x_wconf 86' lang='lat' dir='ltr'><strong>Filius</strong></span> <span class='ocrx_word' id='word_1_652' title='bbox 2549 4006 2615 4046; x_wconf 91' lang='lat' dir='ltr'><strong>ea</strong></span> <span class='ocrx_word' id='word_1_653' title='bbox 2647 3993 2873 4064; x_wconf 86' lang='lat' dir='ltr'><strong>recepit,</strong></span> <span class='ocrx_word' id='word_1_654' title='bbox 2897 4003 2952 4050; x_wconf 87' lang='lat' dir='ltr'><strong>et</strong></span> <span class='ocrx_word' id='word_1_655' title='bbox 2982 4007 3239 4068; x_wconf 87' lang='lat' dir='ltr'><strong>tanquam</strong></span> <span class='ocrx_word' id='word_1_656' title='bbox 3276 4001 3414 4055; x_wconf 83' lang='lat' dir='ltr'><strong>ﬁdus</strong></span> 
     </span>
    </p>
   </div>
   <div class='ocr_carea' id='block_1_85' title="bbox 1842 4075 3414 4162">
    <p class='ocr_par' dir='ltr' id='par_1_85' title="bbox 1842 4075 3414 4162">
     <span class='ocr_line' id='line_1_85' title="bbox 1842 4075 3414 4162; baseline 0.013 -34"><span class='ocrx_word' id='word_1_657' title='bbox 1842 4075 2110 4147; x_wconf 89' lang='lat' dir='ltr'><strong>quispiam</strong></span> <span class='ocrx_word' id='word_1_658' title='bbox 2134 4077 2363 4162; x_wconf 83' lang='lat' dir='ltr'><strong>depositi</strong></span> <span class='ocrx_word' id='word_1_659' title='bbox 2389 4093 2570 4139; x_wconf 87' lang='lat' dir='ltr'><strong>custos</strong></span> <span class='ocrx_word' id='word_1_660' title='bbox 2591 4084 2805 4154; x_wconf 65' lang='lat' dir='ltr'><strong>{donum</strong></span> <span class='ocrx_word' id='word_1_661' title='bbox 2849 4086 2978 4144; x_wconf 92' lang='lat' dir='ltr'><strong>illud</strong></span> <span class='ocrx_word' id='word_1_662' title='bbox 3010 4093 3150 4162; x_wconf 88' lang='lat' dir='ltr'><strong>apud</strong></span> <span class='ocrx_word' id='word_1_663' title='bbox 3181 4108 3241 4148; x_wconf 87' lang='lat' dir='ltr'><strong>se</strong></span> <span class='ocrx_word' id='word_1_664' title='bbox 3272 4094 3414 4148; x_wconf 88' lang='lat' dir='ltr'><strong>deti-</strong></span> 
     </span>
    </p>
   </div>
   <div class='ocr_carea' id='block_1_86' title="bbox 1840 4158 3406 4241">
    <p class='ocr_par' dir='ltr' id='par_1_86' title="bbox 1840 4158 3406 4241">
     <span class='ocr_line' id='line_1_86' title="bbox 1840 4158 3406 4241; baseline 0.012 -19"><span class='ocrx_word' id='word_1_665' title='bbox 1840 4169 1989 4236; x_wconf 89' lang='lat' dir='ltr'><strong>nuit,</strong></span> <span class='ocrx_word' id='word_1_666' title='bbox 2030 4185 2136 4226; x_wconf 88' lang='lat' dir='ltr'><strong>non</strong></span> <span class='ocrx_word' id='word_1_667' title='bbox 2185 4158 2503 4231; x_wconf 40' lang='lat' dir='ltr'><strong>ut&#39;Verbum</strong></span> <span class='ocrx_word' id='word_1_668' title='bbox 2565 4177 2927 4237; x_wconf 88' lang='lat' dir='ltr'><strong>insubsistens</strong></span> <span class='ocrx_word' id='word_1_669' title='bbox 2980 4158 3062 4238; x_wconf 32' lang='lat' dir='ltr'><strong>etv</strong></span> <span class='ocrx_word' id='word_1_670' title='bbox 3101 4186 3406 4241; x_wconf 85' lang='lat' dir='ltr'><strong>substantia</strong></span> 
     </span>
    </p>
   </div>
   <div class='ocr_carea' id='block_1_87' title="bbox 158 4253 3411 4348">
    <p class='ocr_par' dir='ltr' id='par_1_87' title="bbox 158 4253 3411 4348">
     <span class='ocr_line' id='line_1_87' title="bbox 158 4253 3411 4348; baseline 0.008 -39"><span class='ocrx_word' id='word_1_671' title='bbox 158 4269 380 4320; x_wconf 81' lang='lat' dir='ltr'><strong>carens,</strong></span> <span class='ocrx_word' id='word_1_672' title='bbox 409 4253 503 4309; x_wconf 87' lang='lat' dir='ltr'><strong>sed</strong></span> <span class='ocrx_word' id='word_1_673' title='bbox 537 4263 788 4323; x_wconf 86' lang='lat' dir='ltr'><strong>tanquam</strong></span> <span class='ocrx_word' id='word_1_674' title='bbox 817 4254 883 4319; x_wconf 89' lang='lat' dir='ltr'><strong>is,</strong></span> <span class='ocrx_word' id='word_1_675' title='bbox 944 4254 1035 4323; x_wconf 92' lang='lat' dir='ltr'><strong>qui</strong></span> <span class='ocrx_word' id='word_1_676' title='bbox 1060 4269 1187 4311; x_wconf 82' lang='lat' dir='ltr'><strong>vere</strong></span> <span class='ocrx_word' id='word_1_677' title='bbox 1207 4270 1330 4311; x_wconf 86' lang='lat' dir='ltr'><strong>cum</strong></span> <span class='ocrx_word' id='word_1_678' title='bbox 1379 4257 1452 4312; x_wconf 90' lang='lat' dir='ltr'><strong>sit</strong></span> <span class='ocrx_word' id='word_1_679' title='bbox 1484 4256 1654 4311; x_wconf 88' lang='lat' dir='ltr'><strong>Filius</strong></span> <span class='ocrx_word' id='word_1_680' title='bbox 1676 4296 1690 4321; x_wconf 94' lang='lat'><strong>,</strong></span> <span class='ocrx_word' id='word_1_681' title='bbox 1723 4258 2029 4329; x_wconf 85' lang='lat' dir='ltr'><strong>unigenitus</strong></span> <span class='ocrx_word' id='word_1_682' title='bbox 2067 4273 2123 4318; x_wconf 91' lang='lat' dir='ltr'><strong>et</strong></span> <span class='ocrx_word' id='word_1_683' title='bbox 2165 4264 2391 4323; x_wconf 87' lang='lat' dir='ltr'><strong>dilectus</strong></span> <span class='ocrx_word' id='word_1_684' title='bbox 2428 4268 2599 4335; x_wconf 80' lang='lat' dir='ltr'><strong>Patri,</strong></span> <span class='ocrx_word' id='word_1_685' title='bbox 2638 4271 2705 4325; x_wconf 86' lang='lat' dir='ltr'><strong>ad</strong></span> <span class='ocrx_word' id='word_1_686' title='bbox 2738 4272 2880 4341; x_wconf 67' lang='lat' dir='ltr'><strong>haec,</strong></span> <span class='ocrx_word' id='word_1_687' title='bbox 2913 4277 3259 4346; x_wconf 85' lang='lat' dir='ltr'><strong>semetipsum</strong></span> <span class='ocrx_word' id='word_1_688' title='bbox 3297 4279 3411 4348; x_wconf 89' lang='lat' dir='ltr'><strong>ipse</strong></span> 
     </span>
    </p>
   </div>
   <div class='ocr_carea' id='block_1_88' title="bbox 158 4346 1165 4417">
    <p class='ocr_par' dir='ltr' id='par_1_88' title="bbox 158 4346 1165 4417">
     <span class='ocr_line' id='line_1_88' title="bbox 158 4346 1165 4417; baseline 0.002 -16"><span class='ocrx_word' id='word_1_689' title='bbox 158 4347 464 4401; x_wconf 82' lang='lat' dir='ltr'><strong>nominavit</strong></span> <span class='ocrx_word' id='word_1_690' title='bbox 488 4359 679 4417; x_wconf 88' lang='lat' dir='ltr'><strong>panem</strong></span> <span class='ocrx_word' id='word_1_691' title='bbox 705 4347 846 4410; x_wconf 68' lang='lat' dir='ltr'><strong>vitm,</strong></span> <span class='ocrx_word' id='word_1_692' title='bbox 871 4346 1118 4416; x_wconf 83' lang='lat' dir='ltr'><strong>inquiens</strong></span> <span class='ocrx_word' id='word_1_693' title='bbox 1149 4364 1165 4402; x_wconf 89' lang='lat'><strong>:</strong></span> 
     </span>
    </p>
   </div>
   <div class='ocr_carea' id='block_1_89' title="bbox 233 4433 1749 4529">
    <p class='ocr_par' dir='ltr' id='par_1_89' title="bbox 233 4433 1735 4514">
     <span class='ocr_line' id='line_1_89' title="bbox 233 4433 1735 4514; baseline 0.001 -20"><span class='ocrx_word' id='word_1_694' title='bbox 233 4440 306 4504; x_wconf 77' lang='grc' dir='ltr'><strong>ζ’.</strong></span> <span class='ocrx_word' id='word_1_695' title='bbox 340 4441 462 4495; x_wconf 86' lang='grc' dir='ltr'>Ἔτι</span> <span class='ocrx_word' id='word_1_696' title='bbox 506 4440 641 4513; x_wconf 79' lang='grc' dir='ltr'>πρὸς</span> <span class='ocrx_word' id='word_1_697' title='bbox 681 4439 888 4505; x_wconf 86' lang='grc' dir='ltr'>τούτοις</span> <span class='ocrx_word' id='word_1_698' title='bbox 921 4443 1014 4495; x_wconf 77' lang='grc' dir='ltr'><strong>καὶ</strong></span> <span class='ocrx_word' id='word_1_699' title='bbox 1056 4443 1217 4513; x_wconf 77' lang='grc' dir='ltr'>ἄρτον</span> <span class='ocrx_word' id='word_1_700' title='bbox 1262 4442 1360 4513; x_wconf 83' lang='grc' dir='ltr'><strong>τῆς</strong></span> <span class='ocrx_word' id='word_1_701' title='bbox 1401 4433 1543 4514; x_wconf 77' lang='grc' dir='ltr'>ζωῆς</span> <span class='ocrx_word' id='word_1_702' title='bbox 1576 4443 1735 4507; x_wconf 79' lang='grc' dir='ltr'>αὑτὸς</span> 
     </span>
    </p>
   </div>
   <div class='ocr_carea' id='block_1_90' title="bbox 1853 4433 3406 4529">
    <p class='ocr_par' dir='ltr' id='par_1_90' title="bbox 1910 4447 3406 4529">
     <span class='ocr_line' id='line_1_90' title="bbox 1910 4447 3406 4529; baseline 0.015 -30"><span class='ocrx_word' id='word_1_703' title='bbox 1910 4447 1963 4500; x_wconf 92' lang='grc'><strong>7.</strong></span> <span class='ocrx_word' id='word_1_704' title='bbox 2002 4448 2117 4520; x_wconf 84' lang='lat' dir='ltr'><strong>Ego</strong></span> <span class='ocrx_word' id='word_1_705' title='bbox 2144 4469 2259 4506; x_wconf 79' lang='lat' dir='ltr'><strong>sum</strong></span> <span class='ocrx_word' id='word_1_706' title='bbox 2283 4457 2434 4523; x_wconf 75' lang='lat' dir='ltr'><strong>panis</strong></span> <span class='ocrx_word' id='word_1_707' title='bbox 2471 4457 2609 4511; x_wconf 72' lang='lat' dir='ltr'><strong>vitte.</strong></span> <span class='ocrx_word' id='word_1_708' title='bbox 2647 4458 2761 4529; x_wconf 81' lang='lat' dir='ltr'><strong>Ego</strong></span> <span class='ocrx_word' id='word_1_709' title='bbox 2787 4477 2901 4514; x_wconf 77' lang='lat' dir='ltr'><strong>sum</strong></span> <span class='ocrx_word' id='word_1_710' title='bbox 2930 4464 3078 4524; x_wconf 79' lang='lat' dir='ltr'><strong>panis</strong></span> <span class='ocrx_word' id='word_1_711' title='bbox 3124 4465 3211 4518; x_wconf 80' lang='lat' dir='ltr'><strong>ille</strong></span> <span class='ocrx_word' id='word_1_712' title='bbox 3242 4467 3406 4521; x_wconf 54' lang='lat' dir='ltr'><strong>vivus,</strong></span> 
     </span>
    </p>
   </div>
   <div class='ocr_carea' id='block_1_91' title="bbox 158 4531 1725 4602">
    <p class='ocr_par' dir='ltr' id='par_1_91' title="bbox 158 4531 1725 4602">
     <span class='ocr_line' id='line_1_91' title="bbox 158 4531 1725 4602; baseline 0 -17"><span class='ocrx_word' id='word_1_713' title='bbox 158 4532 359 4587; x_wconf 79' lang='grc' dir='ltr'>ἑαυτὸν</span> <span class='ocrx_word' id='word_1_714' title='bbox 376 4531 643 4602; x_wconf 79' lang='grc' dir='ltr'>ὠνόμαζε,</span> <span class='ocrx_word' id='word_1_715' title='bbox 662 4532 835 4601; x_wconf 82' lang='grc' dir='ltr'>λέγων</span> <span class='ocrx_word' id='word_1_716' title='bbox 855 4549 868 4562; x_wconf 85' lang='grc'><strong>·</strong></span> <span class='ocrx_word' id='word_1_717' title='bbox 905 4531 1044 4602; x_wconf 77' lang='grc' dir='ltr'><strong>Ἐγώ</strong></span> <span class='ocrx_word' id='word_1_718' title='bbox 1058 4535 1174 4602; x_wconf 76' lang='grc' dir='ltr'>ειμι</span> <span class='ocrx_word' id='word_1_719' title='bbox 1190 4536 1222 4588; x_wconf 85' lang='grc' dir='ltr'><strong>ό</strong></span> <span class='ocrx_word' id='word_1_720' title='bbox 1237 4532 1413 4602; x_wconf 81' lang='grc' dir='ltr'>ἄρτος</span> <span class='ocrx_word' id='word_1_721' title='bbox 1431 4533 1540 4602; x_wconf 84' lang='grc' dir='ltr'>τῆς</span> <span class='ocrx_word' id='word_1_722' title='bbox 1558 4534 1725 4602; x_wconf 82' lang='grc' dir='ltr'>ζωῆς.</span> 
     </span>
    </p>
   </div>
   <div class='ocr_carea' id='block_1_92' title="bbox 169 4622 1732 4694">
    <p class='ocr_par' dir='ltr' id='par_1_92' title="bbox 169 4622 1732 4694">
     <span class='ocr_line' id='line_1_92' title="bbox 169 4622 1732 4694; baseline 0.001 -17"><span class='ocrx_word' id='word_1_723' title='bbox 169 4622 318 4694; x_wconf 79' lang='grc' dir='ltr'><strong>Ἐτώ</strong></span> <span class='ocrx_word' id='word_1_724' title='bbox 345 4627 466 4694; x_wconf 74' lang='grc' dir='ltr'>ειμι</span> <span class='ocrx_word' id='word_1_725' title='bbox 496 4627 530 4679; x_wconf 85' lang='grc' dir='ltr'><em>ὀ</em></span> <span class='ocrx_word' id='word_1_726' title='bbox 556 4623 733 4693; x_wconf 74' lang='grc' dir='ltr'>ἄρτος</span> <span class='ocrx_word' id='word_1_727' title='bbox 764 4627 797 4679; x_wconf 86' lang='grc' dir='ltr'><strong>ό</strong></span> <span class='ocrx_word' id='word_1_728' title='bbox 822 4623 952 4692; x_wconf 73' lang='grc' dir='ltr'>ζῶν,</span> <span class='ocrx_word' id='word_1_729' title='bbox 983 4628 1016 4679; x_wconf 87' lang='grc' dir='ltr'><strong>ό</strong></span> <span class='ocrx_word' id='word_1_730' title='bbox 1047 4625 1116 4679; x_wconf 80' lang='grc' dir='ltr'>ἐκ</span> <span class='ocrx_word' id='word_1_731' title='bbox 1140 4625 1247 4680; x_wconf 88' lang='grc' dir='ltr'><strong>τοῦ</strong></span> <span class='ocrx_word' id='word_1_732' title='bbox 1272 4625 1530 4694; x_wconf 81' lang='grc' dir='ltr'>οὐρανοῦ</span> <span class='ocrx_word' id='word_1_733' title='bbox 1556 4642 1732 4679; x_wconf 79' lang='grc' dir='ltr'>κατα-</span> 
     </span>
    </p>
   </div>
   <div class='ocr_carea' id='block_1_93' title="bbox 156 4711 1729 4786">
    <p class='ocr_par' dir='ltr' id='par_1_93' title="bbox 156 4711 1729 4786">
     <span class='ocr_line' id='line_1_93' title="bbox 156 4711 1729 4786; baseline -0.001 -19"><span class='ocrx_word' id='word_1_734' title='bbox 156 4712 290 4780; x_wconf 70' lang='grc' dir='ltr'>ϐάς.</span> <span class='ocrx_word' id='word_1_735' title='bbox 340 4713 451 4767; x_wconf 78' lang='grc' dir='ltr'>Καὶ</span> <span class='ocrx_word' id='word_1_736' title='bbox 505 4713 653 4776; x_wconf 85' lang='grc' dir='ltr'>ὅπως</span> <span class='ocrx_word' id='word_1_737' title='bbox 702 4713 914 4785; x_wconf 81' lang='grc' dir='ltr'>ὑπῆρχε</span> <span class='ocrx_word' id='word_1_738' title='bbox 964 4711 1093 4777; x_wconf 80' lang='grc' dir='ltr'>ζῶν,</span> <span class='ocrx_word' id='word_1_739' title='bbox 1135 4714 1377 4783; x_wconf 87' lang='grc' dir='ltr'>διεσάφει</span> <span class='ocrx_word' id='word_1_740' title='bbox 1426 4714 1729 4786; x_wconf 88' lang='grc' dir='ltr'>τρανότατα</span> 
     </span>
    </p>
   </div>
   <div class='ocr_carea' id='block_1_94' title="bbox 151 4800 1733 4877">
    <p class='ocr_par' dir='ltr' id='par_1_94' title="bbox 151 4800 1733 4877">
     <span class='ocr_line' id='line_1_94' title="bbox 151 4800 1733 4877; baseline 0.001 -19"><span class='ocrx_word' id='word_1_741' title='bbox 151 4804 451 4877; x_wconf 82' lang='grc' dir='ltr'>διαρθρῶν,</span> <span class='ocrx_word' id='word_1_742' title='bbox 480 4809 538 4860; x_wconf 76' lang='grc' dir='ltr'>ὲν</span> <span class='ocrx_word' id='word_1_743' title='bbox 569 4800 649 4869; x_wconf 75' lang='grc' dir='ltr'><strong>οἷς</strong></span> <span class='ocrx_word' id='word_1_744' title='bbox 682 4823 834 4877; x_wconf 82' lang='grc' dir='ltr'>φησι,</span> <span class='ocrx_word' id='word_1_745' title='bbox 866 4804 1071 4872; x_wconf 83' lang='grc' dir='ltr'>Καθὼς</span> <span class='ocrx_word' id='word_1_746' title='bbox 1102 4804 1419 4860; x_wconf 73' lang='grc' dir='ltr'>ἀπέστειλέ</span> <span class='ocrx_word' id='word_1_747' title='bbox 1445 4823 1522 4875; x_wconf 84' lang='grc' dir='ltr'>με</span> <span class='ocrx_word' id='word_1_748' title='bbox 1561 4809 1594 4859; x_wconf 87' lang='grc' dir='ltr'><strong>ό</strong></span> <span class='ocrx_word' id='word_1_749' title='bbox 1621 4805 1733 4867; x_wconf 77' lang='grc' dir='ltr'><strong>ζῶν</strong></span> 
     </span>
    </p>
   </div>
   <div class='ocr_carea' id='block_1_95' title="bbox 150 4894 1733 4965">
    <p class='ocr_par' dir='ltr' id='par_1_95' title="bbox 150 4894 1733 4965">
     <span class='ocr_line' id='line_1_95' title="bbox 150 4894 1733 4965; baseline -0.001 -14"><span class='ocrx_word' id='word_1_750' title='bbox 150 4895 384 4965; x_wconf 75' lang='grc' dir='ltr'>Πατὴρ,</span> <span class='ocrx_word' id='word_1_751' title='bbox 423 4896 586 4964; x_wconf 76' lang='grc' dir='ltr'><strong>κάγὼ</strong></span> <span class='ocrx_word' id='word_1_752' title='bbox 614 4894 687 4958; x_wconf 73' lang='grc' dir='ltr'><strong>ᾇῖ)</strong></span> <span class='ocrx_word' id='word_1_753' title='bbox 722 4896 819 4951; x_wconf 81' lang='grc' dir='ltr'>διὰ</span> <span class='ocrx_word' id='word_1_754' title='bbox 842 4897 949 4950; x_wconf 84' lang='grc' dir='ltr'>τὸν</span> <span class='ocrx_word' id='word_1_755' title='bbox 978 4897 1225 4965; x_wconf 85' lang='grc' dir='ltr'>Πατέρα.</span> <span class='ocrx_word' id='word_1_756' title='bbox 1261 4897 1370 4951; x_wconf 77' lang='grc' dir='ltr'>Καὶ</span> <span class='ocrx_word' id='word_1_757' title='bbox 1408 4897 1470 4951; x_wconf 89' lang='lat'><strong>&#39;0</strong></span> <span class='ocrx_word' id='word_1_758' title='bbox 1501 4897 1733 4965; x_wconf 77' lang='grc' dir='ltr'>τρώγων</span> 
     </span>
    </p>
   </div>
   <div class='ocr_carea' id='block_1_96' title="bbox 140 4986 1733 5059">
    <p class='ocr_par' dir='ltr' id='par_1_96' title="bbox 140 4986 1733 5059">
     <span class='ocr_line' id='line_1_96' title="bbox 140 4986 1733 5059; baseline -0.002 -16"><span class='ocrx_word' id='word_1_759' title='bbox 140 5006 247 5059; x_wconf 77' lang='grc' dir='ltr'>με,</span> <span class='ocrx_word' id='word_1_760' title='bbox 275 4988 551 5055; x_wconf 70' lang='grc' dir='ltr'>κάκεῆος</span> <span class='ocrx_word' id='word_1_761' title='bbox 578 4987 742 5053; x_wconf 79' lang='grc' dir='ltr'>ζήσει</span> <span class='ocrx_word' id='word_1_762' title='bbox 774 4987 847 5041; x_wconf 81' lang='grc' dir='ltr'>δι’</span> <span class='ocrx_word' id='word_1_763' title='bbox 874 4987 996 5057; x_wconf 84' lang='grc' dir='ltr'><strong>ἐμέ.</strong></span> <span class='ocrx_word' id='word_1_764' title='bbox 1030 4986 1200 5040; x_wconf 91' lang='grc' dir='ltr'>Τοῦτο</span> <span class='ocrx_word' id='word_1_765' title='bbox 1230 4987 1285 5041; x_wconf 81' lang='grc' dir='ltr'>δὲ</span> <span class='ocrx_word' id='word_1_766' title='bbox 1311 4987 1404 5041; x_wconf 74' lang='grc' dir='ltr'><strong>καὶ</strong></span> <span class='ocrx_word' id='word_1_767' title='bbox 1435 4989 1494 5041; x_wconf 84' lang='grc' dir='ltr'><strong>ὲν</strong></span> <span class='ocrx_word' id='word_1_768' title='bbox 1526 4988 1733 5059; x_wconf 77' lang='grc' dir='ltr'>ἑτέροις</span> 
     </span>
    </p>
   </div>
   <div class='ocr_carea' id='block_1_97' title="bbox 147 5078 1733 5148">
    <p class='ocr_par' dir='ltr' id='par_1_97' title="bbox 147 5078 1733 5148">
     <span class='ocr_line' id='line_1_97' title="bbox 147 5078 1733 5148; baseline -0.001 -14"><span class='ocrx_word' id='word_1_769' title='bbox 147 5078 395 5144; x_wconf 76' lang='grc' dir='ltr'>ἐδίδαξεν</span> <span class='ocrx_word' id='word_1_770' title='bbox 426 5078 595 5133; x_wconf 76' lang='grc' dir='ltr'>εἰπών</span> <span class='ocrx_word' id='word_1_771' title='bbox 614 5096 627 5109; x_wconf 89' lang='grc'><strong>·</strong></span> <span class='ocrx_word' id='word_1_772' title='bbox 665 5081 889 5147; x_wconf 79' lang='grc' dir='ltr'>Ὥσπερ</span> <span class='ocrx_word' id='word_1_773' title='bbox 918 5079 1027 5148; x_wconf 81' lang='grc' dir='ltr'>τὰρ</span> <span class='ocrx_word' id='word_1_774' title='bbox 1052 5082 1085 5133; x_wconf 89' lang='lat' dir='ltr'><strong>o&#39;</strong></span> <span class='ocrx_word' id='word_1_775' title='bbox 1104 5078 1305 5146; x_wconf 81' lang='grc' dir='ltr'>Πατὴρ</span> <span class='ocrx_word' id='word_1_776' title='bbox 1330 5078 1483 5147; x_wconf 80' lang='grc' dir='ltr'><strong>ζωὴν</strong></span> <span class='ocrx_word' id='word_1_777' title='bbox 1508 5079 1631 5148; x_wconf 81' lang='grc' dir='ltr'>ἔχει</span> <span class='ocrx_word' id='word_1_778' title='bbox 1662 5080 1733 5132; x_wconf 77' lang='grc' dir='ltr'>ἐν</span> 
     </span>
    </p>
   </div>
   <div class='ocr_carea' id='block_1_98' title="bbox 143 5170 1729 5242">
    <p class='ocr_par' dir='ltr' id='par_1_98' title="bbox 143 5170 1729 5242">
     <span class='ocr_line' id='line_1_98' title="bbox 143 5170 1729 5242; baseline -0.001 -16"><span class='ocrx_word' id='word_1_779' title='bbox 143 5171 366 5237; x_wconf 81' lang='grc' dir='ltr'>ἐαυτῷ,</span> <span class='ocrx_word' id='word_1_780' title='bbox 398 5172 551 5226; x_wconf 79' lang='grc' dir='ltr'>οὕτω</span> <span class='ocrx_word' id='word_1_781' title='bbox 586 5171 684 5225; x_wconf 80' lang='grc' dir='ltr'><strong>καί</strong></span> <span class='ocrx_word' id='word_1_782' title='bbox 732 5170 813 5237; x_wconf 85' lang='grc' dir='ltr'>τῷ</span> <span class='ocrx_word' id='word_1_783' title='bbox 862 5170 976 5235; x_wconf 82' lang='grc' dir='ltr'><strong>Υἱῷ</strong></span> <span class='ocrx_word' id='word_1_784' title='bbox 1006 5171 1084 5240; x_wconf 80' lang='grc'><strong>(5)</strong></span> <span class='ocrx_word' id='word_1_785' title='bbox 1112 5171 1334 5225; x_wconf 78' lang='grc' dir='ltr'>ἔδωκεν</span> <span class='ocrx_word' id='word_1_786' title='bbox 1376 5172 1541 5242; x_wconf 75' lang='grc' dir='ltr'>ἔχειν</span> <span class='ocrx_word' id='word_1_787' title='bbox 1576 5171 1729 5239; x_wconf 77' lang='grc' dir='ltr'>ζωὴν</span> 
     </span>
    </p>
   </div>
   <div class='ocr_carea' id='block_1_99' title="bbox 226 5306 988 5377">
    <p class='ocr_par' dir='ltr' id='par_1_99' title="bbox 226 5306 988 5377">
     <span class='ocr_line' id='line_1_99' title="bbox 226 5306 988 5377; baseline -0.001 -14"><span class='ocrx_word' id='word_1_788' title='bbox 226 5315 291 5374; x_wconf 64' lang='grc' dir='ltr'><strong>νῙα</strong></span> <span class='ocrx_word' id='word_1_789' title='bbox 328 5308 422 5363; x_wconf 84' lang='lat' dir='ltr'><strong>Ed.</strong></span> <span class='ocrx_word' id='word_1_790' title='bbox 446 5307 618 5363; x_wconf 79' lang='lat' dir='ltr'><strong>Paris.</strong></span> <span class='ocrx_word' id='word_1_791' title='bbox 644 5323 764 5377; x_wconf 85' lang='lat' dir='ltr'><strong>pag.</strong></span> <span class='ocrx_word' id='word_1_792' title='bbox 799 5306 988 5370; x_wconf 86' lang='lat'><strong>88,89.</strong></span> 
     </span>
    </p>
   </div>
   <div class='ocr_carea' id='block_1_100' title="bbox 1836 4542 3407 4615">
    <p class='ocr_par' dir='ltr' id='par_1_100' title="bbox 1836 4542 3407 4615">
     <span class='ocr_line' id='line_1_100' title="bbox 1836 4542 3407 4615; baseline 0.013 -24"><span class='ocrx_word' id='word_1_793' title='bbox 1836 4542 1927 4609; x_wconf 73' lang='lat' dir='ltr'><strong>qui</strong></span> <span class='ocrx_word' id='word_1_794' title='bbox 1966 4542 2033 4595; x_wconf 86' lang='lat' dir='ltr'><strong>de</strong></span> <span class='ocrx_word' id='word_1_795' title='bbox 2056 4545 2181 4598; x_wconf 69' lang='lat' dir='ltr'><strong>calo</strong></span> <span class='ocrx_word' id='word_1_796' title='bbox 2220 4547 2463 4602; x_wconf 73' lang='lat' dir='ltr'><strong>descendi</strong></span> <span class='ocrx_word' id='word_1_797' title='bbox 2488 4550 2554 4602; x_wconf 75' lang='lat'><strong>“.</strong></span> <span class='ocrx_word' id='word_1_798' title='bbox 2583 4549 2825 4615; x_wconf 86' lang='lat' dir='ltr'><strong>Qualiter</strong></span> <span class='ocrx_word' id='word_1_799' title='bbox 2862 4561 3040 4606; x_wconf 87' lang='lat' dir='ltr'><strong>autem</strong></span> <span class='ocrx_word' id='word_1_800' title='bbox 3084 4560 3238 4611; x_wconf 83' lang='lat' dir='ltr'><strong>vivus</strong></span> <span class='ocrx_word' id='word_1_801' title='bbox 3264 4560 3407 4613; x_wconf 80' lang='lat' dir='ltr'><strong>exsi-</strong></span> 
     </span>
    </p>
   </div>
   <div class='ocr_carea' id='block_1_101' title="bbox 1837 4632 3402 4709">
    <p class='ocr_par' dir='ltr' id='par_1_101' title="bbox 1837 4632 3402 4709">
     <span class='ocr_line' id='line_1_101' title="bbox 1837 4632 3402 4709; baseline 0.01 -24"><span class='ocrx_word' id='word_1_802' title='bbox 1837 4632 2034 4697; x_wconf 85' lang='lat' dir='ltr'><strong>stebat,</strong></span> <span class='ocrx_word' id='word_1_803' title='bbox 2062 4636 2400 4702; x_wconf 82' lang='lat' dir='ltr'><strong>apertissime</strong></span> <span class='ocrx_word' id='word_1_804' title='bbox 2438 4638 2733 4694; x_wconf 80' lang='lat' dir='ltr'><strong>declaravit</strong></span> <span class='ocrx_word' id='word_1_805' title='bbox 2785 4641 3057 4709; x_wconf 86' lang='lat' dir='ltr'><strong>inquiens,</strong></span> <span class='ocrx_word' id='word_1_806' title='bbox 3093 4643 3219 4697; x_wconf 87' lang='lat' dir='ltr'><strong>dum</strong></span> <span class='ocrx_word' id='word_1_807' title='bbox 3262 4647 3402 4701; x_wconf 80' lang='lat' dir='ltr'><strong>aﬂir-</strong></span> 
     </span>
    </p>
   </div>
   <div class='ocr_carea' id='block_1_102' title="bbox 1839 4722 3404 4807">
    <p class='ocr_par' dir='ltr' id='par_1_102' title="bbox 1839 4722 3404 4807">
     <span class='ocr_line' id='line_1_102' title="bbox 1839 4722 3404 4807; baseline 0.01 -32"><span class='ocrx_word' id='word_1_808' title='bbox 1839 4732 1969 4785; x_wconf 85' lang='lat' dir='ltr'><strong>mat,</strong></span> <span class='ocrx_word' id='word_1_809' title='bbox 1998 4722 2449 4789; x_wconf 82' lang='lat' dir='ltr'><strong>Quemadmodum</strong></span> <span class='ocrx_word' id='word_1_810' title='bbox 2488 4731 2630 4782; x_wconf 75' lang='lat' dir='ltr'><strong>misit</strong></span> <span class='ocrx_word' id='word_1_811' title='bbox 2668 4748 2748 4784; x_wconf 86' lang='lat' dir='ltr'><strong>me</strong></span> <span class='ocrx_word' id='word_1_812' title='bbox 2790 4733 2961 4787; x_wconf 75' lang='lat' dir='ltr'><strong>vivens</strong></span> <span class='ocrx_word' id='word_1_813' title='bbox 3011 4733 3189 4799; x_wconf 86' lang='lat' dir='ltr'><strong>Pater,</strong></span> <span class='ocrx_word' id='word_1_814' title='bbox 3234 4747 3283 4789; x_wconf 86' lang='lat' dir='ltr'><strong>et</strong></span> <span class='ocrx_word' id='word_1_815' title='bbox 3311 4756 3404 4807; x_wconf 85' lang='lat' dir='ltr'><strong>ego</strong></span> 
     </span>
    </p>
   </div>
   <div class='ocr_carea' id='block_1_103' title="bbox 1838 4812 3405 4898">
    <p class='ocr_par' dir='ltr' id='par_1_103' title="bbox 1838 4812 3405 4898">
     <span class='ocr_line' id='line_1_103' title="bbox 1838 4812 3405 4898; baseline 0.013 -35"><span class='ocrx_word' id='word_1_816' title='bbox 1838 4812 1950 4865; x_wconf 83' lang='lat' dir='ltr'><strong>vivo</strong></span> <span class='ocrx_word' id='word_1_817' title='bbox 1982 4831 2076 4882; x_wconf 84' lang='lat' dir='ltr'><strong>per</strong></span> <span class='ocrx_word' id='word_1_818' title='bbox 2094 4813 2313 4871; x_wconf 80' lang='lat' dir='ltr'><strong>Patrem</strong></span> <span class='ocrx_word' id='word_1_819' title='bbox 2338 4819 2407 4872; x_wconf 71' lang='grc' dir='ltr'><strong>θ’.</strong></span> <span class='ocrx_word' id='word_1_820' title='bbox 2429 4820 2494 4873; x_wconf 87' lang='lat' dir='ltr'><strong>Et</strong></span> <span class='ocrx_word' id='word_1_821' title='bbox 2524 4838 2537 4874; x_wconf 91' lang='lat'><strong>:</strong></span> <span class='ocrx_word' id='word_1_822' title='bbox 2568 4820 2672 4886; x_wconf 82' lang='lat' dir='ltr'><strong>Qui</strong></span> <span class='ocrx_word' id='word_1_823' title='bbox 2705 4839 2784 4876; x_wconf 85' lang='lat' dir='ltr'><strong>me</strong></span> <span class='ocrx_word' id='word_1_824' title='bbox 2806 4826 3051 4894; x_wconf 81' lang='lat' dir='ltr'><strong>comedit,</strong></span> <span class='ocrx_word' id='word_1_825' title='bbox 3084 4827 3173 4882; x_wconf 86' lang='lat' dir='ltr'><strong>ille</strong></span> <span class='ocrx_word' id='word_1_826' title='bbox 3197 4843 3405 4898; x_wconf 81' lang='lat' dir='ltr'><strong>propter</strong></span> 
     </span>
    </p>
   </div>
   <div class='ocr_carea' id='block_1_104' title="bbox 1837 4906 3403 4988">
    <p class='ocr_par' dir='ltr' id='par_1_104' title="bbox 1837 4906 3403 4988">
     <span class='ocr_line' id='line_1_104' title="bbox 1837 4906 3403 4988; baseline 0.011 -31"><span class='ocrx_word' id='word_1_827' title='bbox 1837 4919 1918 4957; x_wconf 86' lang='lat' dir='ltr'><strong>me</strong></span> <span class='ocrx_word' id='word_1_828' title='bbox 1969 4906 2156 4960; x_wconf 77' lang='lat' dir='ltr'><strong>vivet‘.</strong></span> <span class='ocrx_word' id='word_1_829' title='bbox 2204 4907 2316 4964; x_wconf 82' lang='lat' dir='ltr'><strong>Hoc</strong></span> <span class='ocrx_word' id='word_1_830' title='bbox 2346 4910 2517 4979; x_wconf 90' lang='lat' dir='ltr'><strong>ipsum</strong></span> <span class='ocrx_word' id='word_1_831' title='bbox 2549 4913 2675 4967; x_wconf 89' lang='lat' dir='ltr'><strong>alibi</strong></span> <span class='ocrx_word' id='word_1_832' title='bbox 2731 4914 2969 4981; x_wconf 88' lang='lat' dir='ltr'><strong>edocuit,</strong></span> <span class='ocrx_word' id='word_1_833' title='bbox 3009 4917 3299 4988; x_wconf 88' lang='lat' dir='ltr'><strong>inquiens:</strong></span> <span class='ocrx_word' id='word_1_834' title='bbox 3334 4920 3403 4975; x_wconf 80' lang='lat' dir='ltr'><strong>Et</strong></span> 
     </span>
    </p>
   </div>
   <div class='ocr_carea' id='block_1_105' title="bbox 1836 4999 3403 5076">
    <p class='ocr_par' dir='ltr' id='par_1_105' title="bbox 1836 4999 3403 5076">
     <span class='ocr_line' id='line_1_105' title="bbox 1836 4999 3403 5076; baseline 0.012 -29"><span class='ocrx_word' id='word_1_835' title='bbox 1836 4999 2271 5060; x_wconf 85' lang='lat' dir='ltr'><strong>quemadmodum</strong></span> <span class='ocrx_word' id='word_1_836' title='bbox 2320 5000 2486 5057; x_wconf 85' lang='lat' dir='ltr'><strong>Pater</strong></span> <span class='ocrx_word' id='word_1_837' title='bbox 2518 5004 2676 5057; x_wconf 81' lang='lat' dir='ltr'><strong>vitam</strong></span> <span class='ocrx_word' id='word_1_838' title='bbox 2722 5007 2873 5061; x_wconf 78' lang='lat' dir='ltr'><strong>habet</strong></span> <span class='ocrx_word' id='word_1_839' title='bbox 2913 5010 2966 5062; x_wconf 84' lang='lat' dir='ltr'><strong>in</strong></span> <span class='ocrx_word' id='word_1_840' title='bbox 3000 5012 3291 5076; x_wconf 74' lang='lat' dir='ltr'><strong>semetipso,</strong></span> <span class='ocrx_word' id='word_1_841' title='bbox 3327 5016 3403 5068; x_wconf 84' lang='lat' dir='ltr'><strong>ita</strong></span> 
     </span>
    </p>
   </div>
   <div class='ocr_carea' id='block_1_106' title="bbox 1837 5085 3402 5171">
    <p class='ocr_par' dir='ltr' id='par_1_106' title="bbox 1837 5085 3402 5171">
     <span class='ocr_line' id='line_1_106' title="bbox 1837 5085 3402 5171; baseline 0.01 -33"><span class='ocrx_word' id='word_1_842' title='bbox 1837 5097 1885 5138; x_wconf 85' lang='lat' dir='ltr'><strong>et</strong></span> <span class='ocrx_word' id='word_1_843' title='bbox 1913 5085 2057 5141; x_wconf 81' lang='lat' dir='ltr'><strong>Filio</strong></span> <span class='ocrx_word' id='word_1_844' title='bbox 2089 5090 2238 5143; x_wconf 77' lang='lat' dir='ltr'><strong>dedit</strong></span> <span class='ocrx_word' id='word_1_845' title='bbox 2284 5092 2472 5147; x_wconf 82' lang='lat' dir='ltr'><strong>habere</strong></span> <span class='ocrx_word' id='word_1_846' title='bbox 2501 5096 2661 5148; x_wconf 83' lang='lat' dir='ltr'><strong>vitam</strong></span> <span class='ocrx_word' id='word_1_847' title='bbox 2691 5098 2744 5151; x_wconf 89' lang='lat' dir='ltr'><strong>in</strong></span> <span class='ocrx_word' id='word_1_848' title='bbox 2786 5102 3118 5169; x_wconf 75' lang='lat' dir='ltr'><strong>semetipso’.</strong></span> <span class='ocrx_word' id='word_1_849' title='bbox 3154 5102 3281 5155; x_wconf 79' lang='lat' dir='ltr'><strong>Erat</strong></span> <span class='ocrx_word' id='word_1_850' title='bbox 3302 5104 3402 5171; x_wconf 78' lang='lat' dir='ltr'><strong>igi-</strong></span> 
     </span>
    </p>
   </div>
   <div class='ocr_carea' id='block_1_107' title="bbox 1838 5179 3402 5261">
    <p class='ocr_par' dir='ltr' id='par_1_107' title="bbox 1838 5179 3402 5261">
     <span class='ocr_line' id='line_1_107' title="bbox 1838 5179 3402 5261; baseline 0.013 -34"><span class='ocrx_word' id='word_1_851' title='bbox 1838 5186 1925 5229; x_wconf 90' lang='lat' dir='ltr'><strong>tur</strong></span> <span class='ocrx_word' id='word_1_852' title='bbox 1959 5179 2114 5246; x_wconf 86' lang='lat' dir='ltr'><strong>panis</strong></span> <span class='ocrx_word' id='word_1_853' title='bbox 2153 5181 2278 5236; x_wconf 61' lang='lat' dir='ltr'><strong>vita</strong></span> <span class='ocrx_word' id='word_1_854' title='bbox 2313 5201 2327 5235; x_wconf 88' lang='lat'><strong>:</strong></span> <span class='ocrx_word' id='word_1_855' title='bbox 2368 5191 2425 5238; x_wconf 86' lang='lat' dir='ltr'><strong>et</strong></span> <span class='ocrx_word' id='word_1_856' title='bbox 2464 5184 2517 5238; x_wconf 94' lang='lat' dir='ltr'><strong>in</strong></span> <span class='ocrx_word' id='word_1_857' title='bbox 2565 5186 2705 5242; x_wconf 57' lang='lat' dir='ltr'><strong>caelo</strong></span> <span class='ocrx_word' id='word_1_858' title='bbox 2753 5188 3098 5255; x_wconf 80' lang='lat' dir='ltr'><strong>subsistebat,</strong></span> <span class='ocrx_word' id='word_1_859' title='bbox 3131 5192 3402 5261; x_wconf 80' lang='lat' dir='ltr'><strong>angelicas</strong></span> 
     </span>
    </p>
   </div>
   <div class='ocr_carea' id='block_1_108' title="bbox 217 5374 2760 5447">
    <p class='ocr_par' dir='ltr' id='par_1_108' title="bbox 217 5374 2760 5447">
     <span class='ocr_line' id='line_1_108' title="bbox 217 5374 2760 5447; baseline 0.002 -14"><span class='ocrx_word' id='word_1_860' title='bbox 217 5374 739 5443; x_wconf 71' lang='lat' dir='ltr'><strong>«naua.n,27.‘</strong></span> <span class='ocrx_word' id='word_1_861' title='bbox 785 5378 830 5408; x_wconf 73' lang='grc' dir='ltr'><strong>’τ</strong></span> <span class='ocrx_word' id='word_1_862' title='bbox 856 5379 986 5431; x_wconf 88' lang='lat' dir='ltr'><strong>ibid.</strong></span> <span class='ocrx_word' id='word_1_863' title='bbox 1061 5374 1281 5430; x_wconf 79' lang='lat' dir='ltr'><strong>&quot;Joan.</strong></span> <span class='ocrx_word' id='word_1_864' title='bbox 1306 5391 1379 5441; x_wconf 63' lang='lat' dir='ltr'><strong>vn,</strong></span> <span class='ocrx_word' id='word_1_865' title='bbox 1406 5376 1615 5442; x_wconf 71' lang='lat'><strong>35,41.</strong></span> <span class='ocrx_word' id='word_1_866' title='bbox 1689 5381 1735 5411; x_wconf 71' lang='grc' dir='ltr'><strong>ο»</strong></span> <span class='ocrx_word' id='word_1_867' title='bbox 1763 5378 1893 5435; x_wconf 86' lang='lat' dir='ltr'><strong>ibid.</strong></span> <span class='ocrx_word' id='word_1_868' title='bbox 1924 5378 2014 5433; x_wconf 74' lang='lat' dir='ltr'><strong>ss.</strong></span> <span class='ocrx_word' id='word_1_869' title='bbox 2089 5379 2275 5435; x_wconf 67' lang='lat' dir='ltr'><strong>‘ibid.</strong></span> <span class='ocrx_word' id='word_1_870' title='bbox 2351 5381 2760 5447; x_wconf 73' lang='lat' dir='ltr'><strong>’Joan.v,26.</strong></span> 
     </span>
    </p>
   </div>
   <div class='ocr_carea' id='block_1_109' title="bbox 216 5554 1716 5627">
    <p class='ocr_par' dir='ltr' id='par_1_109' title="bbox 216 5554 1716 5627">
     <span class='ocr_line' id='line_1_109' title="bbox 216 5554 1716 5627; baseline 0.001 -18"><span class='ocrx_word' id='word_1_871' title='bbox 216 5554 332 5627; x_wconf 82' lang='lat'><strong>(97)</strong></span> <span class='ocrx_word' id='word_1_872' title='bbox 370 5555 544 5627; x_wconf 71' lang='lat' dir='ltr'><strong>Vulgo</strong></span> <span class='ocrx_word' id='word_1_873' title='bbox 574 5556 900 5625; x_wconf 80' lang='grc' dir='ltr'>πιστεύομεν</span> <span class='ocrx_word' id='word_1_874' title='bbox 949 5565 1003 5611; x_wconf 93' lang='lat' dir='ltr'><strong>et</strong></span> <span class='ocrx_word' id='word_1_875' title='bbox 1058 5556 1182 5610; x_wconf 84' lang='lat' dir='ltr'><strong>dein</strong></span> <span class='ocrx_word' id='word_1_876' title='bbox 1226 5555 1511 5625; x_wconf 81' lang='grc' dir='ltr'>ὑπάρξεως</span> <span class='ocrx_word' id='word_1_877' title='bbox 1544 5559 1716 5613; x_wconf 80' lang='grc' dir='ltr'>ἁπάν-</span> 
     </span>
    </p>
   </div>
   <div class='ocr_carea' id='block_1_110' title="bbox 135 5625 986 5705">
    <p class='ocr_par' dir='ltr' id='par_1_110' title="bbox 135 5625 986 5705">
     <span class='ocr_line' id='line_1_110' title="bbox 135 5625 986 5705; baseline 0.001 -1"><span class='ocrx_word' id='word_1_878' title='bbox 135 5625 337 5705; x_wconf 55' lang='lat' dir='ltr'><strong>mist</strong></span> <span class='ocrx_word' id='word_1_879' title='bbox 360 5625 702 5705; x_wconf 46' lang='grc' dir='ltr'><strong>ἐψευ-</strong></span> <span class='ocrx_word' id='word_1_880' title='bbox 766 5697 779 5705; x_wconf 86' lang='grc'><strong>.</strong></span> <span class='ocrx_word' id='word_1_881' title='bbox 838 5696 849 5705; x_wconf 86' lang='grc'>.</span> <span class='ocrx_word' id='word_1_882' title='bbox 962 5694 986 5705; x_wconf 87' lang='grc'><strong>-</strong></span> 
     </span>
    </p>
   </div>
   <div class='ocr_carea' id='block_1_111' title="bbox 216 5696 1074 5764">
    <p class='ocr_par' dir='ltr' id='par_1_111' title="bbox 216 5696 1074 5764">
     <span class='ocr_line' id='line_1_111' title="bbox 216 5696 1074 5764; baseline -0.007 -10"><span class='ocrx_word' id='word_1_883' title='bbox 216 5697 334 5764; x_wconf 77' lang='grc'>(98)</span> <span class='ocrx_word' id='word_1_884' title='bbox 364 5696 535 5763; x_wconf 72' lang='lat' dir='ltr'><strong>Vulgo</strong></span> <span class='ocrx_word' id='word_1_885' title='bbox 557 5696 645 5749; x_wconf 82' lang='grc' dir='ltr'><strong>ὅδε</strong></span> <span class='ocrx_word' id='word_1_886' title='bbox 671 5706 722 5749; x_wconf 89' lang='lat' dir='ltr'><strong>et</strong></span> <span class='ocrx_word' id='word_1_887' title='bbox 755 5696 864 5748; x_wconf 69' lang='grc' dir='ltr'><strong>ἀπὸ</strong></span> <span class='ocrx_word' id='word_1_888' title='bbox 896 5696 989 5747; x_wconf 86' lang='grc' dir='ltr'><strong>τοῦ</strong></span> <span class='ocrx_word' id='word_1_889' title='bbox 1016 5714 1074 5748; x_wconf 89' lang='grc' dir='ltr'>π.</span> 
     </span>
    </p>
   </div>
   <div class='ocr_carea' id='block_1_112' title="bbox 218 5764 1467 5838">
    <p class='ocr_par' dir='ltr' id='par_1_112' title="bbox 218 5764 1467 5838">
     <span class='ocr_line' id='line_1_112' title="bbox 218 5764 1467 5838; baseline -0.002 -17"><span class='ocrx_word' id='word_1_890' title='bbox 218 5769 333 5838; x_wconf 83' lang='lat'><strong>(99)</strong></span> <span class='ocrx_word' id='word_1_891' title='bbox 359 5766 529 5835; x_wconf 82' lang='lat' dir='ltr'><strong>Vulgo</strong></span> <span class='ocrx_word' id='word_1_892' title='bbox 553 5765 811 5833; x_wconf 76' lang='grc' dir='ltr'>γινώσκει</span> <span class='ocrx_word' id='word_1_893' title='bbox 844 5778 899 5819; x_wconf 91' lang='lat' dir='ltr'><strong>et</strong></span> <span class='ocrx_word' id='word_1_894' title='bbox 928 5781 1049 5819; x_wconf 79' lang='lat' dir='ltr'><strong>mox</strong></span> <span class='ocrx_word' id='word_1_895' title='bbox 1074 5764 1467 5834; x_wconf 72' lang='grc' dir='ltr'>παραδιδόσθω.</span> 
     </span>
    </p>
   </div>
   <div class='ocr_carea' id='block_1_113' title="bbox 474 5858 1192 5922">
    <p class='ocr_par' dir='ltr' id='par_1_113' title="bbox 474 5858 1192 5922">
     <span class='ocr_line' id='line_1_113' title="bbox 474 5858 1192 5922; baseline -0.006 -1"><span class='ocrx_word' id='word_1_896' title='bbox 474 5859 745 5921; x_wconf 65' lang='lat' dir='ltr'><strong>Panos.</strong></span> <span class='ocrx_word' id='word_1_897' title='bbox 792 5858 909 5919; x_wconf 76' lang='lat' dir='ltr'><strong>Gil.</strong></span> <span class='ocrx_word' id='word_1_898' title='bbox 962 5860 1007 5922; x_wconf 82' lang='grc' dir='ltr'>Χ</span> <span class='ocrx_word' id='word_1_899' title='bbox 1028 5859 1071 5919; x_wconf 81' lang='grc' dir='ltr'>Χ</span> <span class='ocrx_word' id='word_1_900' title='bbox 1088 5859 1192 5919; x_wconf 85' lang='lat' dir='ltr'><strong>IV.</strong></span> 
     </span>
    </p>
   </div>
   <div class='ocr_carea' id='block_1_114' title="bbox 1894 5560 3143 5638">
    <p class='ocr_par' dir='ltr' id='par_1_114' title="bbox 1894 5560 3143 5638">
     <span class='ocr_line' id='line_1_114' title="bbox 1894 5560 3143 5638; baseline 0.012 -28"><span class='ocrx_word' id='word_1_901' title='bbox 1994 5560 2165 5638; x_wconf 60' lang='lat' dir='ltr'><strong>\Lulgo</strong></span> <span class='ocrx_word' id='word_1_902' title='bbox 2189 5577 2298 5638; x_wconf 77' lang='lat' dir='ltr'><strong>om.</strong></span> <span class='ocrx_word' id='word_1_903' title='bbox 2318 5566 2484 5638; x_wconf 80' lang='grc' dir='ltr'>αὑτοῦ</span> <span class='ocrx_word' id='word_1_904' title='bbox 2513 5576 2566 5619; x_wconf 86' lang='lat' dir='ltr'><strong>et</strong></span> <span class='ocrx_word' id='word_1_905' title='bbox 2596 5583 2713 5638; x_wconf 68' lang='lat' dir='ltr'><strong>mox</strong></span> <span class='ocrx_word' id='word_1_906' title='bbox 2742 5570 3143 5638; x_wconf 76' lang='grc' dir='ltr'>παραδίδοσθαι.</span> 
     </span>
    </p>
   </div>
   <div class='ocr_carea' id='block_1_115' title="bbox 1894 5628 3396 5715">
    <p class='ocr_par' dir='ltr' id='par_1_115' title="bbox 1894 5628 3396 5715">
     <span class='ocr_line' id='line_1_115' title="bbox 1894 5628 3396 5715; baseline 0.014 -35"><span class='ocrx_word' id='word_1_907' title='bbox 1894 5630 1972 5700; x_wconf 63' lang='grc'><strong>(⁸2)</strong></span> <span class='ocrx_word' id='word_1_908' title='bbox 2009 5628 2177 5700; x_wconf 74' lang='lat' dir='ltr'><strong>Vulgo</strong></span> <span class='ocrx_word' id='word_1_909' title='bbox 2211 5634 2385 5701; x_wconf 84' lang='grc' dir='ltr'>ὲπείχ.</span> <span class='ocrx_word' id='word_1_910' title='bbox 2417 5646 2469 5688; x_wconf 88' lang='lat' dir='ltr'><strong>et</strong></span> <span class='ocrx_word' id='word_1_911' title='bbox 2516 5652 2634 5690; x_wconf 76' lang='lat' dir='ltr'><strong>mox</strong></span> <span class='ocrx_word' id='word_1_912' title='bbox 2666 5628 2832 5707; x_wconf 58' lang='grc' dir='ltr'>ἄρτον</span> <span class='ocrx_word' id='word_1_913' title='bbox 2859 5641 2955 5709; x_wconf 79' lang='grc' dir='ltr'>τῆς</span> <span class='ocrx_word' id='word_1_914' title='bbox 3004 5641 3054 5704; x_wconf 76' lang='grc' dir='ltr'><strong>ζ.</strong></span> <span class='ocrx_word' id='word_1_915' title='bbox 3083 5654 3139 5697; x_wconf 86' lang='lat' dir='ltr'><strong>ct</strong></span> <span class='ocrx_word' id='word_1_916' title='bbox 3185 5645 3396 5715; x_wconf 77' lang='grc' dir='ltr'>τρανώ·</span> 
     </span>
    </p>
   </div>
   <div class='ocr_carea' id='block_1_116' title="bbox 1824 5718 1982 5752">
    <p class='ocr_par' dir='ltr' id='par_1_116' title="bbox 1824 5718 1982 5752">
     <span class='ocr_line' id='line_1_116' title="bbox 1824 5718 1982 5752; baseline -0.013 0"><span class='ocrx_word' id='word_1_917' title='bbox 1824 5718 1982 5752; x_wconf 83' lang='grc' dir='ltr'>τατα.</span> 
     </span>
    </p>
   </div>
   <div class='ocr_carea' id='block_1_117' title="bbox 1898 5769 2448 5841">
    <p class='ocr_par' dir='ltr' id='par_1_117' title="bbox 1898 5769 2448 5841">
     <span class='ocr_line' id='line_1_117' title="bbox 1898 5769 2448 5841; baseline 0.013 -20"><span class='ocrx_word' id='word_1_918' title='bbox 1898 5769 1972 5841; x_wconf 77' lang='grc'>(5)</span> <span class='ocrx_word' id='word_1_919' title='bbox 2009 5769 2176 5841; x_wconf 75' lang='lat' dir='ltr'><strong>Vulgo</strong></span> <span class='ocrx_word' id='word_1_920' title='bbox 2197 5771 2448 5828; x_wconf 80' lang='grc' dir='ltr'>δέδωκεν.</span> 
     </span>
    </p>
   </div>
   <div class='ocr_carea' id='block_1_118' title="bbox 3000 5874 3078 5933">
    <p class='ocr_par' dir='ltr' id='par_1_118' title="bbox 3000 5874 3078 5933">
     <span class='ocr_line' id='line_1_118' title="bbox 3000 5874 3078 5933; baseline -0.026 0"><span class='ocrx_word' id='word_1_921' title='bbox 3000 5874 3078 5933; x_wconf 74' lang='grc'><strong>28</strong></span> 
     </span>
    </p>
   </div>
  </div>
