  <div class='ocr_page' id='page_1' title='image "/cluster/home/n/w/nwhite01/storage/ocr_20150623/24/nnc1.0046978259/495.png"; bbox 0 0 3838 6222; ppageno 0'>
   <div class='ocr_carea' id='block_1_1' title="bbox 422 345 527 402">
    <p class='ocr_par' dir='ltr' id='par_1_1' title="bbox 422 345 527 402">
     <span class='ocr_line' id='line_1_1' title="bbox 422 345 527 402; baseline 0.019 -2"><span class='ocrx_word' id='word_1_1' title='bbox 422 345 527 402; x_wconf 83' lang='lat'><strong>855</strong></span> 
     </span>
    </p>
   </div>
   <div class='ocr_carea' id='block_1_2' title="bbox 1087 335 2964 400">
    <p class='ocr_par' dir='ltr' id='par_1_2' title="bbox 1087 335 2964 400">
     <span class='ocr_line' id='line_1_2' title="bbox 1087 335 2964 400; baseline -0.003 -4"><span class='ocrx_word' id='word_1_2' title='bbox 1087 339 1358 400; x_wconf 84' lang='lat' dir='ltr'><strong>EUSEBII</strong></span> <span class='ocrx_word' id='word_1_3' title='bbox 1396 337 1878 397; x_wconf 55' lang='lat' dir='ltr'><strong>CIESABIENSIS</strong></span> <span class='ocrx_word' id='word_1_4' title='bbox 1911 338 2064 397; x_wconf 89' lang='lat' dir='ltr'><strong>OPP.</strong></span> <span class='ocrx_word' id='word_1_5' title='bbox 2104 337 2286 394; x_wconf 80' lang='lat' dir='ltr'><strong>PARS</strong></span> <span class='ocrx_word' id='word_1_6' title='bbox 2325 337 2411 394; x_wconf 86' lang='lat' dir='ltr'><strong>IV.</strong></span> <span class='ocrx_word' id='word_1_7' title='bbox 2439 367 2506 378; x_wconf 91' lang='lat'><strong>—-</strong></span> <span class='ocrx_word' id='word_1_8' title='bbox 2543 335 2964 394; x_wconf 83' lang='lat' dir='ltr'><strong>DOGMATICA.</strong></span> 
     </span>
    </p>
   </div>
   <div class='ocr_carea' id='block_1_3' title="bbox 3559 333 3675 392">
    <p class='ocr_par' dir='ltr' id='par_1_3' title="bbox 3559 333 3675 392">
     <span class='ocr_line' id='line_1_3' title="bbox 3559 333 3675 392; baseline -0.017 0"><span class='ocrx_word' id='word_1_9' title='bbox 3559 333 3675 392; x_wconf 77' lang='lat'><strong>858</strong></span> 
     </span>
    </p>
   </div>
   <div class='ocr_carea' id='block_1_4' title="bbox 425 444 1983 530">
    <p class='ocr_par' dir='ltr' id='par_1_4' title="bbox 425 457 1983 530">
     <span class='ocr_line' id='line_1_4' title="bbox 425 457 1983 530; baseline 0 -16"><span class='ocrx_word' id='word_1_10' title='bbox 425 481 444 514; x_wconf 76' lang='grc' dir='ltr'><strong>ι</strong></span> <span class='ocrx_word' id='word_1_11' title='bbox 482 461 628 516; x_wconf 59' lang='lat' dir='ltr'><strong>deos</strong></span> <span class='ocrx_word' id='word_1_12' title='bbox 655 459 971 530; x_wconf 81' lang='lat' dir='ltr'><strong>alloquitur,</strong></span> <span class='ocrx_word' id='word_1_13' title='bbox 1004 461 1094 530; x_wconf 87' lang='lat' dir='ltr'><strong>qui</strong></span> <span class='ocrx_word' id='word_1_14' title='bbox 1123 468 1252 516; x_wconf 90' lang='lat' dir='ltr'><strong>tunc</strong></span> <span class='ocrx_word' id='word_1_15' title='bbox 1273 459 1533 530; x_wconf 86' lang='lat' dir='ltr'><strong>temporis</strong></span> <span class='ocrx_word' id='word_1_16' title='bbox 1562 473 1621 515; x_wconf 91' lang='lat' dir='ltr'><strong>se</strong></span> <span class='ocrx_word' id='word_1_17' title='bbox 1647 457 1816 514; x_wconf 89' lang='lat' dir='ltr'><strong>Deum</strong></span> <span class='ocrx_word' id='word_1_18' title='bbox 1847 457 1983 514; x_wconf 82' lang='lat' dir='ltr'><strong>scire</strong></span> 
     </span>
    </p>
   </div>
   <div class='ocr_carea' id='block_1_5' title="bbox 2094 444 3677 530">
    <p class='ocr_par' dir='ltr' id='par_1_5' title="bbox 2097 444 3677 523">
     <span class='ocr_line' id='line_1_5' title="bbox 2097 444 3677 523; baseline -0.004 -12"><span class='ocrx_word' id='word_1_19' title='bbox 2097 476 2116 511; x_wconf 80' lang='grc' dir='ltr'><strong>ι</strong></span> <span class='ocrx_word' id='word_1_20' title='bbox 2155 456 2380 520; x_wconf 87' lang='grc' dir='ltr'>τοῦντας</span> <span class='ocrx_word' id='word_1_21' title='bbox 2404 455 2448 509; x_wconf 87' lang='grc' dir='ltr'>δ’</span> <span class='ocrx_word' id='word_1_22' title='bbox 2471 453 2634 510; x_wconf 80' lang='grc' dir='ltr'>αὐτοῦ</span> <span class='ocrx_word' id='word_1_23' title='bbox 2677 455 2768 509; x_wconf 85' lang='grc' dir='ltr'><strong>τὸν</strong></span> <span class='ocrx_word' id='word_1_24' title='bbox 2796 453 2990 523; x_wconf 85' lang='grc' dir='ltr'><strong>Λόγον,</strong></span> <span class='ocrx_word' id='word_1_25' title='bbox 3038 452 3105 507; x_wconf 85' lang='grc' dir='ltr'>δι’</span> <span class='ocrx_word' id='word_1_26' title='bbox 3130 444 3192 506; x_wconf 74' lang='grc' dir='ltr'>οὗ</span> <span class='ocrx_word' id='word_1_27' title='bbox 3220 450 3380 523; x_wconf 82' lang='grc' dir='ltr'><strong>μόνου</strong></span> <span class='ocrx_word' id='word_1_28' title='bbox 3401 447 3677 520; x_wconf 65' lang='grc' dir='ltr'>γινώσκε-</span> 
     </span>
    </p>
   </div>
   <div class='ocr_carea' id='block_1_6' title="bbox 423 550 1984 620">
    <p class='ocr_par' dir='ltr' id='par_1_6' title="bbox 423 550 1984 620">
     <span class='ocr_line' id='line_1_6' title="bbox 423 550 1984 620; baseline 0.002 -17"><span class='ocrx_word' id='word_1_29' title='bbox 423 575 438 603; x_wconf 71' lang='grc' dir='ltr'><strong>ι</strong></span> <span class='ocrx_word' id='word_1_30' title='bbox 485 551 909 617; x_wconf 73' lang='lat' dir='ltr'><strong>arbitrabantur,</strong></span> <span class='ocrx_word' id='word_1_31' title='bbox 963 550 1195 607; x_wconf 83' lang='lat' dir='ltr'><strong>Verbum</strong></span> <span class='ocrx_word' id='word_1_32' title='bbox 1226 562 1406 606; x_wconf 88' lang='lat' dir='ltr'><strong>autem</strong></span> <span class='ocrx_word' id='word_1_33' title='bbox 1445 550 1538 606; x_wconf 87' lang='lat' dir='ltr'><strong>Dei</strong></span> <span class='ocrx_word' id='word_1_34' title='bbox 1590 551 1984 620; x_wconf 85' lang='lat' dir='ltr'><strong>repudiabant;</strong></span> 
     </span>
    </p>
   </div>
   <div class='ocr_carea' id='block_1_7' title="bbox 424 638 1991 710">
    <p class='ocr_par' dir='ltr' id='par_1_7' title="bbox 424 638 1991 710">
     <span class='ocr_line' id='line_1_7' title="bbox 424 638 1991 710; baseline -0.002 -13"><span class='ocrx_word' id='word_1_35' title='bbox 424 664 439 691; x_wconf 77' lang='grc' dir='ltr'><strong>ι</strong></span> <span class='ocrx_word' id='word_1_36' title='bbox 478 656 588 710; x_wconf 91' lang='lat' dir='ltr'><strong>quo</strong></span> <span class='ocrx_word' id='word_1_37' title='bbox 616 649 797 697; x_wconf 88' lang='lat' dir='ltr'><strong>tamen</strong></span> <span class='ocrx_word' id='word_1_38' title='bbox 823 642 912 696; x_wconf 89' lang='lat' dir='ltr'><strong>ille</strong></span> <span class='ocrx_word' id='word_1_39' title='bbox 949 641 1066 698; x_wconf 88' lang='lat' dir='ltr'><strong>solo</strong></span> <span class='ocrx_word' id='word_1_40' title='bbox 1109 641 1436 696; x_wconf 90' lang='lat' dir='ltr'><strong>intermedio</strong></span> <span class='ocrx_word' id='word_1_41' title='bbox 1472 638 1889 710; x_wconf 74' lang='lat' dir='ltr'><strong>agnoscebatur,</strong></span> <span class='ocrx_word' id='word_1_42' title='bbox 1914 639 1991 694; x_wconf 91' lang='lat' dir='ltr'><strong>ait</strong></span> 
     </span>
    </p>
   </div>
   <div class='ocr_carea' id='block_1_8' title="bbox 423 729 1989 799">
    <p class='ocr_par' dir='ltr' id='par_1_8' title="bbox 423 729 1989 799">
     <span class='ocr_line' id='line_1_8' title="bbox 423 729 1989 799; baseline -0.001 -11"><span class='ocrx_word' id='word_1_43' title='bbox 423 751 443 782; x_wconf 70' lang='grc' dir='ltr'><strong>ι</strong></span> <span class='ocrx_word' id='word_1_44' title='bbox 485 733 652 789; x_wconf 87' lang='lat' dir='ltr'><strong>enim:</strong></span> <span class='ocrx_word' id='word_1_45' title='bbox 686 731 855 788; x_wconf 87' lang='lat' dir='ltr'><strong>Nemo</strong></span> <span class='ocrx_word' id='word_1_46' title='bbox 885 735 1024 787; x_wconf 86' lang='lat' dir='ltr'><strong>nouit</strong></span> <span class='ocrx_word' id='word_1_47' title='bbox 1055 731 1268 788; x_wconf 87' lang='lat' dir='ltr'><strong>Patrem</strong></span> <span class='ocrx_word' id='word_1_48' title='bbox 1299 734 1398 786; x_wconf 88' lang='lat' dir='ltr'><strong>nisi</strong></span> <span class='ocrx_word' id='word_1_49' title='bbox 1424 730 1688 799; x_wconf 86' lang='lat' dir='ltr'><strong>Filius,et</strong></span> <span class='ocrx_word' id='word_1_50' title='bbox 1709 733 1794 785; x_wconf 86' lang='lat' dir='ltr'><strong>cui</strong></span> <span class='ocrx_word' id='word_1_51' title='bbox 1815 729 1989 786; x_wconf 80' lang='lat' dir='ltr'><strong>Filius</strong></span> 
     </span>
    </p>
   </div>
   <div class='ocr_carea' id='block_1_9' title="bbox 426 823 1990 894">
    <p class='ocr_par' dir='ltr' id='par_1_9' title="bbox 426 823 1990 894">
     <span class='ocr_line' id='line_1_9' title="bbox 426 823 1990 894; baseline 0.002 -20"><span class='ocrx_word' id='word_1_52' title='bbox 426 841 446 874; x_wconf 75' lang='grc' dir='ltr'><strong>ι</strong></span> <span class='ocrx_word' id='word_1_53' title='bbox 481 823 724 880; x_wconf 69' lang='lat' dir='ltr'><strong>reuelabit</strong></span> <span class='ocrx_word' id='word_1_54' title='bbox 747 825 816 878; x_wconf 76' lang='grc'><strong>⁷³.</strong></span> <span class='ocrx_word' id='word_1_55' title='bbox 841 824 977 878; x_wconf 86' lang='lat' dir='ltr'><strong>Nam</strong></span> <span class='ocrx_word' id='word_1_56' title='bbox 1009 839 1130 880; x_wconf 90' lang='lat' dir='ltr'><strong>cum</strong></span> <span class='ocrx_word' id='word_1_57' title='bbox 1166 825 1273 879; x_wconf 88' lang='lat' dir='ltr'><strong>alio</strong></span> <span class='ocrx_word' id='word_1_58' title='bbox 1299 825 1492 894; x_wconf 89' lang='lat' dir='ltr'><strong>quovis</strong></span> <span class='ocrx_word' id='word_1_59' title='bbox 1536 824 1696 880; x_wconf 89' lang='lat' dir='ltr'><strong>modo</strong></span> <span class='ocrx_word' id='word_1_60' title='bbox 1743 823 1990 894; x_wconf 84' lang='lat' dir='ltr'><strong>impossi-</strong></span> 
     </span>
    </p>
   </div>
   <div class='ocr_carea' id='block_1_10' title="bbox 428 897 1990 986">
    <p class='ocr_par' dir='ltr' id='par_1_10' title="bbox 428 897 1990 986">
     <span class='ocr_line' id='line_1_10' title="bbox 428 897 1990 986; baseline 0.001 -20"><span class='ocrx_word' id='word_1_61' title='bbox 428 935 446 966; x_wconf 74' lang='grc' dir='ltr'><strong>ι</strong></span> <span class='ocrx_word' id='word_1_62' title='bbox 490 915 597 970; x_wconf 85' lang='lat' dir='ltr'><strong>bile</strong></span> <span class='ocrx_word' id='word_1_63' title='bbox 623 915 814 971; x_wconf 80' lang='lat' dir='ltr'><strong>fuisset</strong></span> <span class='ocrx_word' id='word_1_64' title='bbox 866 897 1194 986; x_wconf 72' lang='lat' dir='ltr'><strong>cognoscere</strong></span> <span class='ocrx_word' id='word_1_65' title='bbox 1226 916 1413 983; x_wconf 88' lang='lat' dir='ltr'><strong>Deum,</strong></span> <span class='ocrx_word' id='word_1_66' title='bbox 1470 929 1568 986; x_wconf 90' lang='lat' dir='ltr'><strong>per</strong></span> <span class='ocrx_word' id='word_1_67' title='bbox 1609 931 1765 970; x_wconf 88' lang='lat' dir='ltr'><strong>suum</strong></span> <span class='ocrx_word' id='word_1_68' title='bbox 1821 914 1990 984; x_wconf 77' lang='lat' dir='ltr'><strong>ipsius</strong></span> 
     </span>
    </p>
   </div>
   <div class='ocr_carea' id='block_1_11' title="bbox 425 1008 1988 1078">
    <p class='ocr_par' dir='ltr' id='par_1_11' title="bbox 425 1008 1988 1078">
     <span class='ocr_line' id='line_1_11' title="bbox 425 1008 1988 1078; baseline 0.003 -19"><span class='ocrx_word' id='word_1_69' title='bbox 425 1027 444 1059; x_wconf 76' lang='grc' dir='ltr'><strong>ι</strong></span> <span class='ocrx_word' id='word_1_70' title='bbox 492 1008 746 1075; x_wconf 77' lang='lat' dir='ltr'><strong>Verbum,</strong></span> <span class='ocrx_word' id='word_1_71' title='bbox 783 1008 864 1063; x_wconf 90' lang='lat' dir='ltr'><strong>sui</strong></span> <span class='ocrx_word' id='word_1_72' title='bbox 887 1010 1246 1078; x_wconf 82' lang='lat' dir='ltr'><strong>cognitionem</strong></span> <span class='ocrx_word' id='word_1_73' title='bbox 1281 1010 1589 1064; x_wconf 85' lang='lat' dir='ltr'><strong>hominibus</strong></span> <span class='ocrx_word' id='word_1_74' title='bbox 1621 1008 1762 1063; x_wconf 88' lang='lat' dir='ltr'><strong>Deus</strong></span> <span class='ocrx_word' id='word_1_75' title='bbox 1789 1008 1988 1078; x_wconf 88' lang='lat' dir='ltr'><strong>imper-</strong></span> 
     </span>
    </p>
   </div>
   <div class='ocr_carea' id='block_1_12' title="bbox 424 1099 1989 1166">
    <p class='ocr_par' dir='ltr' id='par_1_12' title="bbox 424 1099 1989 1166">
     <span class='ocr_line' id='line_1_12' title="bbox 424 1099 1989 1166; baseline 0.003 -16"><span class='ocrx_word' id='word_1_76' title='bbox 424 1116 445 1150; x_wconf 75' lang='grc' dir='ltr'><strong>ι</strong></span> <span class='ocrx_word' id='word_1_77' title='bbox 483 1099 676 1166; x_wconf 87' lang='lat' dir='ltr'><strong>tiebat,</strong></span> <span class='ocrx_word' id='word_1_78' title='bbox 707 1109 767 1154; x_wconf 93' lang='lat' dir='ltr'><strong>ut</strong></span> <span class='ocrx_word' id='word_1_79' title='bbox 794 1114 1013 1155; x_wconf 83' lang='lat' dir='ltr'><strong>errasse</strong></span> <span class='ocrx_word' id='word_1_80' title='bbox 1047 1100 1195 1154; x_wconf 86' lang='lat' dir='ltr'><strong>illum</strong></span> <span class='ocrx_word' id='word_1_81' title='bbox 1229 1101 1535 1155; x_wconf 87' lang='lat' dir='ltr'><strong>certissime</strong></span> <span class='ocrx_word' id='word_1_82' title='bbox 1582 1109 1815 1162; x_wconf 83' lang='lat' dir='ltr'><strong>constet,</strong></span> <span class='ocrx_word' id='word_1_83' title='bbox 1867 1116 1989 1154; x_wconf 92' lang='lat' dir='ltr'><strong>cum</strong></span> 
     </span>
    </p>
   </div>
   <div class='ocr_carea' id='block_1_13' title="bbox 432 1189 1988 1261">
    <p class='ocr_par' dir='ltr' id='par_1_13' title="bbox 432 1189 1988 1261">
     <span class='ocr_line' id='line_1_13' title="bbox 432 1189 1988 1261; baseline 0.002 -20"><span class='ocrx_word' id='word_1_84' title='bbox 432 1207 451 1241; x_wconf 82' lang='grc' dir='ltr'><strong>ι</strong></span> <span class='ocrx_word' id='word_1_85' title='bbox 491 1205 664 1258; x_wconf 88' lang='lat' dir='ltr'><strong>neque</strong></span> <span class='ocrx_word' id='word_1_86' title='bbox 686 1189 900 1245; x_wconf 83' lang='lat' dir='ltr'><strong>Patrem</strong></span> <span class='ocrx_word' id='word_1_87' title='bbox 934 1192 1206 1247; x_wconf 83' lang='lat' dir='ltr'><strong>exactiore</strong></span> <span class='ocrx_word' id='word_1_88' title='bbox 1241 1193 1417 1254; x_wconf 90' lang='lat' dir='ltr'><strong>modo,</strong></span> <span class='ocrx_word' id='word_1_89' title='bbox 1455 1206 1631 1261; x_wconf 88' lang='lat' dir='ltr'><strong>neque</strong></span> <span class='ocrx_word' id='word_1_90' title='bbox 1660 1192 1776 1260; x_wconf 88' lang='lat' dir='ltr'><strong>ejus</strong></span> <span class='ocrx_word' id='word_1_91' title='bbox 1798 1189 1988 1245; x_wconf 85' lang='lat' dir='ltr'><strong>Filium</strong></span> 
     </span>
    </p>
   </div>
   <div class='ocr_carea' id='block_1_14' title="bbox 434 1283 1991 1354">
    <p class='ocr_par' dir='ltr' id='par_1_14' title="bbox 434 1283 1991 1354">
     <span class='ocr_line' id='line_1_14' title="bbox 434 1283 1991 1354; baseline 0.003 -20"><span class='ocrx_word' id='word_1_92' title='bbox 434 1301 455 1334; x_wconf 76' lang='grc' dir='ltr'><strong>ι</strong></span> <span class='ocrx_word' id='word_1_93' title='bbox 497 1283 837 1354; x_wconf 81' lang='lat' dir='ltr'><strong>intelligeret.</strong></span> <span class='ocrx_word' id='word_1_94' title='bbox 879 1305 899 1339; x_wconf 76' lang='grc' dir='ltr'><strong>ι</strong></span> <span class='ocrx_word' id='word_1_95' title='bbox 935 1286 1060 1341; x_wconf 57' lang='lat' dir='ltr'><strong>Haec</strong></span> <span class='ocrx_word' id='word_1_96' title='bbox 1095 1286 1209 1354; x_wconf 89' lang='lat' dir='ltr'><strong>ipsa</strong></span> <span class='ocrx_word' id='word_1_97' title='bbox 1237 1285 1527 1340; x_wconf 88' lang='lat' dir='ltr'><strong>Marcellus</strong></span> <span class='ocrx_word' id='word_1_98' title='bbox 1577 1286 1852 1340; x_wconf 84' lang='lat' dir='ltr'><strong>mandavit</strong></span> <span class='ocrx_word' id='word_1_99' title='bbox 1909 1286 1991 1339; x_wconf 91' lang='lat' dir='ltr'><strong>lit-</strong></span> 
     </span>
    </p>
   </div>
   <div class='ocr_carea' id='block_1_15' title="bbox 429 1367 1989 1449">
    <p class='ocr_par' dir='ltr' id='par_1_15' title="bbox 429 1367 1989 1449">
     <span class='ocr_line' id='line_1_15' title="bbox 429 1367 1989 1449; baseline -0.001 -18"><span class='ocrx_word' id='word_1_100' title='bbox 429 1377 582 1444; x_wconf 88' lang='lat' dir='ltr'><strong>teris,</strong></span> <span class='ocrx_word' id='word_1_101' title='bbox 615 1377 742 1431; x_wconf 88' lang='lat' dir='ltr'><strong>dum</strong></span> <span class='ocrx_word' id='word_1_102' title='bbox 781 1393 838 1433; x_wconf 90' lang='lat' dir='ltr'><strong>se</strong></span> <span class='ocrx_word' id='word_1_103' title='bbox 872 1367 984 1431; x_wconf 86' lang='lat' dir='ltr'><strong>vult</strong></span> <span class='ocrx_word' id='word_1_104' title='bbox 1010 1393 1243 1448; x_wconf 86' lang='lat' dir='ltr'><strong>purgare</strong></span> <span class='ocrx_word' id='word_1_105' title='bbox 1288 1394 1316 1431; x_wconf 89' lang='lat' dir='ltr'><strong>a</strong></span> <span class='ocrx_word' id='word_1_106' title='bbox 1344 1378 1648 1449; x_wconf 85' lang='lat' dir='ltr'><strong>suspicione</strong></span> <span class='ocrx_word' id='word_1_107' title='bbox 1680 1380 1825 1433; x_wconf 90' lang='lat' dir='ltr'><strong>omni</strong></span> <span class='ocrx_word' id='word_1_108' title='bbox 1886 1377 1989 1431; x_wconf 88' lang='lat' dir='ltr'><strong>Sa-</strong></span> 
     </span>
    </p>
   </div>
   <div class='ocr_carea' id='block_1_16' title="bbox 423 1469 1989 1541">
    <p class='ocr_par' dir='ltr' id='par_1_16' title="bbox 423 1469 1989 1541">
     <span class='ocr_line' id='line_1_16' title="bbox 423 1469 1989 1541; baseline -0.001 -15"><span class='ocrx_word' id='word_1_109' title='bbox 423 1472 742 1527; x_wconf 86' lang='lat' dir='ltr'><strong>bellianismi</strong></span> <span class='ocrx_word' id='word_1_110' title='bbox 777 1490 789 1525; x_wconf 87' lang='lat'><strong>:</strong></span> <span class='ocrx_word' id='word_1_111' title='bbox 821 1471 912 1526; x_wconf 89' lang='lat' dir='ltr'><strong>sed</strong></span> <span class='ocrx_word' id='word_1_112' title='bbox 946 1471 1128 1541; x_wconf 84' lang='lat' dir='ltr'><strong>lingua</strong></span> <span class='ocrx_word' id='word_1_113' title='bbox 1167 1480 1372 1524; x_wconf 89' lang='lat' dir='ltr'><strong>tantum</strong></span> <span class='ocrx_word' id='word_1_114' title='bbox 1403 1483 1457 1526; x_wconf 90' lang='lat' dir='ltr'><strong>et</strong></span> <span class='ocrx_word' id='word_1_115' title='bbox 1488 1485 1620 1526; x_wconf 89' lang='lat' dir='ltr'><strong>voce</strong></span> <span class='ocrx_word' id='word_1_116' title='bbox 1649 1479 1824 1526; x_wconf 89' lang='lat' dir='ltr'><strong>tenus.</strong></span> <span class='ocrx_word' id='word_1_117' title='bbox 1857 1469 1989 1524; x_wconf 87' lang='lat' dir='ltr'><strong>Nam</strong></span> 
     </span>
    </p>
   </div>
   <div class='ocr_carea' id='block_1_17' title="bbox 420 1563 1992 1632">
    <p class='ocr_par' dir='ltr' id='par_1_17' title="bbox 420 1563 1992 1632">
     <span class='ocr_line' id='line_1_17' title="bbox 420 1563 1992 1632; baseline 0 -16"><span class='ocrx_word' id='word_1_118' title='bbox 420 1573 684 1632; x_wconf 88' lang='lat' dir='ltr'><strong>quantum</strong></span> <span class='ocrx_word' id='word_1_119' title='bbox 718 1564 784 1618; x_wconf 91' lang='lat' dir='ltr'><strong>ad</strong></span> <span class='ocrx_word' id='word_1_120' title='bbox 814 1564 976 1617; x_wconf 89' lang='lat' dir='ltr'><strong>animi</strong></span> <span class='ocrx_word' id='word_1_121' title='bbox 1003 1565 1326 1619; x_wconf 88' lang='lat' dir='ltr'><strong>sententiam</strong></span> <span class='ocrx_word' id='word_1_122' title='bbox 1354 1565 1462 1627; x_wconf 87' lang='lat' dir='ltr'><strong>sui,</strong></span> <span class='ocrx_word' id='word_1_123' title='bbox 1500 1575 1706 1618; x_wconf 88' lang='lat' dir='ltr'><strong>etcum</strong></span> <span class='ocrx_word' id='word_1_124' title='bbox 1759 1563 1851 1617; x_wconf 89' lang='lat' dir='ltr'><strong>illo</strong></span> <span class='ocrx_word' id='word_1_125' title='bbox 1895 1564 1992 1617; x_wconf 87' lang='lat' dir='ltr'><strong>ho-</strong></span> 
     </span>
    </p>
   </div>
   <div class='ocr_carea' id='block_1_18' title="bbox 423 1654 1991 1724">
    <p class='ocr_par' dir='ltr' id='par_1_18' title="bbox 423 1654 1991 1724">
     <span class='ocr_line' id='line_1_18' title="bbox 423 1654 1991 1724; baseline 0 -18"><span class='ocrx_word' id='word_1_126' title='bbox 423 1655 566 1709; x_wconf 92' lang='lat' dir='ltr'><strong>mine</strong></span> <span class='ocrx_word' id='word_1_127' title='bbox 592 1655 1017 1724; x_wconf 85' lang='lat' dir='ltr'><strong>conspirantem,</strong></span> <span class='ocrx_word' id='word_1_128' title='bbox 1049 1655 1238 1708; x_wconf 89' lang='lat' dir='ltr'><strong>iisdem</strong></span> <span class='ocrx_word' id='word_1_129' title='bbox 1291 1656 1486 1724; x_wconf 82' lang='lat' dir='ltr'><strong>quibus</strong></span> <span class='ocrx_word' id='word_1_130' title='bbox 1513 1655 1620 1718; x_wconf 89' lang='lat' dir='ltr'><strong>ille,</strong></span> <span class='ocrx_word' id='word_1_131' title='bbox 1655 1655 1776 1710; x_wconf 89' lang='lat' dir='ltr'><strong>telis</strong></span> <span class='ocrx_word' id='word_1_132' title='bbox 1824 1654 1991 1708; x_wconf 83' lang='lat' dir='ltr'><strong>conﬁ-</strong></span> 
     </span>
    </p>
   </div>
   <div class='ocr_carea' id='block_1_19' title="bbox 421 1745 1982 1816">
    <p class='ocr_par' dir='ltr' id='par_1_19' title="bbox 421 1745 1982 1816">
     <span class='ocr_line' id='line_1_19' title="bbox 421 1745 1982 1816; baseline 0 -18"><span class='ocrx_word' id='word_1_133' title='bbox 421 1759 523 1799; x_wconf 79' lang='lat' dir='ltr'><strong>xus</strong></span> <span class='ocrx_word' id='word_1_134' title='bbox 564 1759 685 1800; x_wconf 92' lang='lat' dir='ltr'><strong>esse</strong></span> <span class='ocrx_word' id='word_1_135' title='bbox 717 1745 1173 1814; x_wconf 86' lang='lat' dir='ltr'><strong>deprehenditur,</strong></span> <span class='ocrx_word' id='word_1_136' title='bbox 1208 1757 1265 1800; x_wconf 89' lang='lat' dir='ltr'><strong>ut</strong></span> <span class='ocrx_word' id='word_1_137' title='bbox 1315 1747 1444 1800; x_wconf 89' lang='lat' dir='ltr'><strong>mihi</strong></span> <span class='ocrx_word' id='word_1_138' title='bbox 1478 1747 1694 1816; x_wconf 82' lang='lat' dir='ltr'><strong>quidem</strong></span> <span class='ocrx_word' id='word_1_139' title='bbox 1747 1746 1876 1800; x_wconf 90' lang='lat' dir='ltr'><strong>illud</strong></span> <span class='ocrx_word' id='word_1_140' title='bbox 1927 1747 1982 1799; x_wconf 90' lang='lat' dir='ltr'><strong>in</strong></span> 
     </span>
    </p>
   </div>
   <div class='ocr_carea' id='block_1_20' title="bbox 2095 543 3676 618">
    <p class='ocr_par' dir='ltr' id='par_1_20' title="bbox 2095 543 3676 618">
     <span class='ocr_line' id='line_1_20' title="bbox 2095 543 3676 618; baseline -0.004 -16"><span class='ocrx_word' id='word_1_141' title='bbox 2095 569 2114 602; x_wconf 77' lang='grc' dir='ltr'><strong>ι</strong></span> <span class='ocrx_word' id='word_1_142' title='bbox 2153 569 2242 604; x_wconf 87' lang='grc' dir='ltr'><strong>ται</strong></span> <span class='ocrx_word' id='word_1_143' title='bbox 2277 550 2306 603; x_wconf 87' lang='grc' dir='ltr'>ὀ</span> <span class='ocrx_word' id='word_1_144' title='bbox 2343 549 2493 614; x_wconf 87' lang='grc' dir='ltr'>Θεὸς,</span> <span class='ocrx_word' id='word_1_145' title='bbox 2541 548 2724 618; x_wconf 78' lang='grc' dir='ltr'>ἔλεγεν</span> <span class='ocrx_word' id='word_1_146' title='bbox 2747 547 2995 612; x_wconf 77' lang='grc' dir='ltr'>ὀὐδεὶς</span> <span class='ocrx_word' id='word_1_147' title='bbox 3024 543 3391 616; x_wconf 75' lang='grc' dir='ltr'><strong>ἐπιγινώσκει</strong></span> <span class='ocrx_word' id='word_1_148' title='bbox 3414 543 3524 597; x_wconf 73' lang='grc' dir='ltr'><strong>τὸν</strong></span> <span class='ocrx_word' id='word_1_149' title='bbox 3548 546 3676 596; x_wconf 83' lang='grc' dir='ltr'><strong>Πα-</strong></span> 
     </span>
    </p>
   </div>
   <div class='ocr_carea' id='block_1_21' title="bbox 2094 631 3673 713">
    <p class='ocr_par' dir='ltr' id='par_1_21' title="bbox 2094 631 3673 713">
     <span class='ocr_line' id='line_1_21' title="bbox 2094 631 3673 713; baseline -0.004 -19"><span class='ocrx_word' id='word_1_150' title='bbox 2094 661 2113 694; x_wconf 80' lang='lat' dir='ltr'><strong>t</strong></span> <span class='ocrx_word' id='word_1_151' title='bbox 2151 642 2292 712; x_wconf 73' lang='grc' dir='ltr'>τέρα</span> <span class='ocrx_word' id='word_1_152' title='bbox 2325 644 2378 696; x_wconf 78' lang='grc' dir='ltr'>εἰ</span> <span class='ocrx_word' id='word_1_153' title='bbox 2399 641 2486 713; x_wconf 78' lang='grc' dir='ltr'><strong>μὴ</strong></span> <span class='ocrx_word' id='word_1_154' title='bbox 2520 645 2554 696; x_wconf 84' lang='grc' dir='ltr'><em>ὁ</em></span> <span class='ocrx_word' id='word_1_155' title='bbox 2593 639 2753 706; x_wconf 79' lang='grc' dir='ltr'>Υἱὸς,</span> <span class='ocrx_word' id='word_1_156' title='bbox 2777 639 2873 692; x_wconf 76' lang='grc' dir='ltr'>καὶ</span> <span class='ocrx_word' id='word_1_157' title='bbox 2900 631 3038 705; x_wconf 80' lang='grc' dir='ltr'><strong>ᾧᾶν</strong></span> <span class='ocrx_word' id='word_1_158' title='bbox 3056 641 3089 692; x_wconf 83' lang='grc' dir='ltr'>ό</span> <span class='ocrx_word' id='word_1_159' title='bbox 3113 637 3241 703; x_wconf 72' lang='grc' dir='ltr'><strong>Υἱὸς</strong></span> <span class='ocrx_word' id='word_1_160' title='bbox 3264 637 3673 704; x_wconf 63' lang='grc' dir='ltr'><strong>ἀποκαλύψει.</strong></span> 
     </span>
    </p>
   </div>
   <div class='ocr_carea' id='block_1_22' title="bbox 2095 725 3673 803">
    <p class='ocr_par' dir='ltr' id='par_1_22' title="bbox 2095 725 3673 803">
     <span class='ocr_line' id='line_1_22' title="bbox 2095 725 3673 803; baseline -0.003 -19"><span class='ocrx_word' id='word_1_161' title='bbox 2095 751 2115 784; x_wconf 75' lang='grc' dir='ltr'><strong>ι</strong></span> <span class='ocrx_word' id='word_1_162' title='bbox 2155 733 2371 802; x_wconf 84' lang='grc' dir='ltr'>Ἐπειδὴ</span> <span class='ocrx_word' id='word_1_163' title='bbox 2406 732 2517 803; x_wconf 81' lang='grc' dir='ltr'>γὰρ</span> <span class='ocrx_word' id='word_1_164' title='bbox 2545 731 2807 785; x_wconf 77' lang='grc' dir='ltr'>ἅδύνατον</span> <span class='ocrx_word' id='word_1_165' title='bbox 2839 725 2908 800; x_wconf 79' lang='grc' dir='ltr'><strong>ἦν</strong></span> <span class='ocrx_word' id='word_1_166' title='bbox 2934 729 3134 801; x_wconf 79' lang='grc' dir='ltr'><strong>ἑτέρως</strong></span> <span class='ocrx_word' id='word_1_167' title='bbox 3154 727 3354 797; x_wconf 82' lang='grc' dir='ltr'>γνῶναι</span> <span class='ocrx_word' id='word_1_168' title='bbox 3393 727 3484 780; x_wconf 81' lang='grc' dir='ltr'>τὸν</span> <span class='ocrx_word' id='word_1_169' title='bbox 3513 727 3673 790; x_wconf 68' lang='grc' dir='ltr'>Θεὸν,</span> 
     </span>
    </p>
   </div>
   <div class='ocr_carea' id='block_1_23' title="bbox 2096 816 3676 889">
    <p class='ocr_par' dir='ltr' id='par_1_23' title="bbox 2096 816 3676 889">
     <span class='ocr_line' id='line_1_23' title="bbox 2096 816 3676 889; baseline -0.004 -15"><span class='ocrx_word' id='word_1_170' title='bbox 2096 841 2114 874; x_wconf 82' lang='grc' dir='ltr'><strong>ι</strong></span> <span class='ocrx_word' id='word_1_171' title='bbox 2153 822 2241 876; x_wconf 83' lang='grc' dir='ltr'>διὰ</span> <span class='ocrx_word' id='word_1_172' title='bbox 2292 822 2386 879; x_wconf 81' lang='grc' dir='ltr'><strong>τοῦ</strong></span> <span class='ocrx_word' id='word_1_173' title='bbox 2443 821 2572 877; x_wconf 84' lang='grc' dir='ltr'>ίδίου</span> <span class='ocrx_word' id='word_1_174' title='bbox 2624 821 2798 888; x_wconf 84' lang='grc' dir='ltr'><strong>Λόγου</strong></span> <span class='ocrx_word' id='word_1_175' title='bbox 2842 816 3033 881; x_wconf 80' lang='grc' dir='ltr'>εἰδέναι</span> <span class='ocrx_word' id='word_1_176' title='bbox 3090 819 3252 872; x_wconf 81' lang='grc' dir='ltr'>αὑτὸν</span> <span class='ocrx_word' id='word_1_177' title='bbox 3290 819 3414 880; x_wconf 75' lang='grc' dir='ltr'>τοὺς</span> <span class='ocrx_word' id='word_1_178' title='bbox 3453 816 3676 889; x_wconf 80' lang='grc' dir='ltr'><strong>ἀνθρώ-</strong></span> 
     </span>
    </p>
   </div>
   <div class='ocr_carea' id='block_1_24' title="bbox 2095 908 3676 981">
    <p class='ocr_par' dir='ltr' id='par_1_24' title="bbox 2095 908 3676 981">
     <span class='ocr_line' id='line_1_24' title="bbox 2095 908 3676 981; baseline -0.006 -12"><span class='ocrx_word' id='word_1_179' title='bbox 2095 932 2113 964; x_wconf 83' lang='lat' dir='ltr'><strong>t</strong></span> <span class='ocrx_word' id='word_1_180' title='bbox 2147 930 2280 977; x_wconf 83' lang='grc' dir='ltr'>πους</span> <span class='ocrx_word' id='word_1_181' title='bbox 2318 913 2575 977; x_wconf 81' lang='grc' dir='ltr'><strong>διδάσκει,</strong></span> <span class='ocrx_word' id='word_1_182' title='bbox 2610 911 2750 965; x_wconf 79' lang='grc' dir='ltr'>ὥστε</span> <span class='ocrx_word' id='word_1_183' title='bbox 2773 909 2976 981; x_wconf 78' lang='grc' dir='ltr'><strong>ἐσφάλη</strong></span> <span class='ocrx_word' id='word_1_184' title='bbox 3029 910 3126 980; x_wconf 86' lang='grc' dir='ltr'><strong>μὲν</strong></span> <span class='ocrx_word' id='word_1_185' title='bbox 3161 911 3429 972; x_wconf 81' lang='grc' dir='ltr'>κάκεῖνος,</span> <span class='ocrx_word' id='word_1_186' title='bbox 3474 908 3548 980; x_wconf 67' lang='grc' dir='ltr'><strong>μὴ</strong></span> <span class='ocrx_word' id='word_1_187' title='bbox 3580 909 3676 961; x_wconf 74' lang='grc' dir='ltr'><strong>τὸν</strong></span> 
     </span>
    </p>
   </div>
   <div class='ocr_carea' id='block_1_25' title="bbox 2095 1003 3670 1080">
    <p class='ocr_par' dir='ltr' id='par_1_25' title="bbox 2095 1003 3670 1080">
     <span class='ocr_line' id='line_1_25' title="bbox 2095 1003 3670 1080; baseline -0.004 -22"><span class='ocrx_word' id='word_1_188' title='bbox 2095 1026 2118 1080; x_wconf 71' lang='grc' dir='ltr'><strong>ι</strong></span> <span class='ocrx_word' id='word_1_189' title='bbox 2158 1007 2376 1079; x_wconf 82' lang='grc' dir='ltr'><strong>Πατέρα</strong></span> <span class='ocrx_word' id='word_1_190' title='bbox 2426 1009 2520 1062; x_wconf 77' lang='grc' dir='ltr'>καὶ</span> <span class='ocrx_word' id='word_1_191' title='bbox 2557 1007 2646 1060; x_wconf 83' lang='grc' dir='ltr'><strong>τὸν</strong></span> <span class='ocrx_word' id='word_1_192' title='bbox 2689 1005 2878 1059; x_wconf 78' lang='grc' dir='ltr'>τούτου</span> <span class='ocrx_word' id='word_1_193' title='bbox 2924 1005 3094 1072; x_wconf 86' lang='grc' dir='ltr'><strong>Λόγον</strong></span> <span class='ocrx_word' id='word_1_194' title='bbox 3137 1003 3378 1074; x_wconf 79' lang='grc' dir='ltr'>ἀκριϐῶς</span> <span class='ocrx_word' id='word_1_195' title='bbox 3425 1003 3610 1070; x_wconf 72' lang='grc' dir='ltr'>γνούς.</span> <span class='ocrx_word' id='word_1_196' title='bbox 3649 1020 3670 1052; x_wconf 74' lang='grc' dir='ltr'><strong><em>ι</em></strong></span> 
     </span>
    </p>
   </div>
   <div class='ocr_carea' id='block_1_26' title="bbox 2089 1092 3678 1172">
    <p class='ocr_par' dir='ltr' id='par_1_26' title="bbox 2089 1092 3678 1172">
     <span class='ocr_line' id='line_1_26' title="bbox 2089 1092 3678 1172; baseline -0.005 -18"><span class='ocrx_word' id='word_1_197' title='bbox 2089 1098 2274 1154; x_wconf 88' lang='grc' dir='ltr'>Ταῦτα</span> <span class='ocrx_word' id='word_1_198' title='bbox 2294 1099 2610 1172; x_wconf 76' lang='grc' dir='ltr'>Μάρκελλος</span> <span class='ocrx_word' id='word_1_199' title='bbox 2640 1098 2846 1168; x_wconf 77' lang='grc' dir='ltr'>ἔγραφε</span> <span class='ocrx_word' id='word_1_200' title='bbox 2872 1137 2886 1160; x_wconf 91' lang='grc'><strong>,</strong></span> <span class='ocrx_word' id='word_1_201' title='bbox 2915 1097 3015 1167; x_wconf 76' lang='grc' dir='ltr'>τῆς</span> <span class='ocrx_word' id='word_1_202' title='bbox 3050 1095 3141 1149; x_wconf 88' lang='grc' dir='ltr'><strong>τοῦ</strong></span> <span class='ocrx_word' id='word_1_203' title='bbox 3177 1092 3518 1158; x_wconf 73' lang='grc' dir='ltr'>Σαϐελλίζειν</span> <span class='ocrx_word' id='word_1_204' title='bbox 3545 1095 3678 1146; x_wconf 80' lang='grc' dir='ltr'><strong>ὑπο-</strong></span> 
     </span>
    </p>
   </div>
   <div class='ocr_carea' id='block_1_27' title="bbox 2089 1186 3674 1263">
    <p class='ocr_par' dir='ltr' id='par_1_27' title="bbox 2089 1186 3674 1263">
     <span class='ocr_line' id='line_1_27' title="bbox 2089 1186 3674 1263; baseline -0.005 -18"><span class='ocrx_word' id='word_1_205' title='bbox 2089 1193 2236 1256; x_wconf 83' lang='grc' dir='ltr'>νοίας</span> <span class='ocrx_word' id='word_1_206' title='bbox 2271 1192 2552 1263; x_wconf 85' lang='grc' dir='ltr'>καθαίρων</span> <span class='ocrx_word' id='word_1_207' title='bbox 2577 1191 2790 1254; x_wconf 77' lang='grc' dir='ltr'>ἑαυτὸν,</span> <span class='ocrx_word' id='word_1_208' title='bbox 2826 1189 2989 1260; x_wconf 82' lang='grc' dir='ltr'>μέχρι</span> <span class='ocrx_word' id='word_1_209' title='bbox 3019 1187 3203 1257; x_wconf 81' lang='grc' dir='ltr'>φωνῆς</span> <span class='ocrx_word' id='word_1_210' title='bbox 3237 1188 3331 1240; x_wconf 76' lang='grc' dir='ltr'>καὶ</span> <span class='ocrx_word' id='word_1_211' title='bbox 3360 1186 3522 1254; x_wconf 82' lang='grc' dir='ltr'>λόγου</span> <span class='ocrx_word' id='word_1_212' title='bbox 3545 1204 3557 1213; x_wconf 91' lang='grc'><strong>·</strong></span> <span class='ocrx_word' id='word_1_213' title='bbox 3604 1188 3674 1256; x_wconf 80' lang='grc' dir='ltr'>τῇ</span> 
     </span>
    </p>
   </div>
   <div class='ocr_carea' id='block_1_28' title="bbox 2090 1275 3676 1357">
    <p class='ocr_par' dir='ltr' id='par_1_28' title="bbox 2090 1275 3676 1357">
     <span class='ocr_line' id='line_1_28' title="bbox 2090 1275 3676 1357; baseline -0.005 -22"><span class='ocrx_word' id='word_1_214' title='bbox 2090 1299 2153 1352; x_wconf 86' lang='grc' dir='ltr'>γε</span> <span class='ocrx_word' id='word_1_215' title='bbox 2183 1284 2280 1352; x_wconf 84' lang='grc' dir='ltr'>μὲν</span> <span class='ocrx_word' id='word_1_216' title='bbox 2309 1282 2532 1356; x_wconf 82' lang='grc' dir='ltr'>γνώμῃ,</span> <span class='ocrx_word' id='word_1_217' title='bbox 2564 1283 2656 1336; x_wconf 78' lang='grc' dir='ltr'><strong>καὶ</strong></span> <span class='ocrx_word' id='word_1_218' title='bbox 2701 1283 2766 1352; x_wconf 80' lang='grc' dir='ltr'>τῇ</span> <span class='ocrx_word' id='word_1_219' title='bbox 2805 1279 2939 1351; x_wconf 82' lang='grc' dir='ltr'>πρὸς</span> <span class='ocrx_word' id='word_1_220' title='bbox 2978 1278 3067 1332; x_wconf 84' lang='grc' dir='ltr'><strong>τὸν</strong></span> <span class='ocrx_word' id='word_1_221' title='bbox 3107 1278 3274 1348; x_wconf 79' lang='grc' dir='ltr'>ἄνδρα</span> <span class='ocrx_word' id='word_1_222' title='bbox 3323 1275 3676 1357; x_wconf 55' lang='grc' dir='ltr'>ὁμοφροσύνῃ</span> 
     </span>
    </p>
   </div>
   <div class='ocr_carea' id='block_1_29' title="bbox 2091 1368 3680 1442">
    <p class='ocr_par' dir='ltr' id='par_1_29' title="bbox 2091 1368 3680 1442">
     <span class='ocr_line' id='line_1_29' title="bbox 2091 1368 3680 1442; baseline -0.005 -14"><span class='ocrx_word' id='word_1_223' title='bbox 2091 1375 2370 1429; x_wconf 82' lang='grc' dir='ltr'><strong>ἁλίσκεται</strong></span> <span class='ocrx_word' id='word_1_224' title='bbox 2409 1378 2519 1437; x_wconf 86' lang='grc' dir='ltr'>τοῖς</span> <span class='ocrx_word' id='word_1_225' title='bbox 2554 1375 2736 1436; x_wconf 78' lang='grc' dir='ltr'>αὐτοῖς</span> <span class='ocrx_word' id='word_1_226' title='bbox 2787 1371 2980 1441; x_wconf 77' lang='grc' dir='ltr'>ἐκείνῳ</span> <span class='ocrx_word' id='word_1_227' title='bbox 3029 1370 3480 1442; x_wconf 78' lang='grc' dir='ltr'>περιπειρόμενος</span> <span class='ocrx_word' id='word_1_228' title='bbox 3526 1368 3680 1439; x_wconf 77' lang='grc' dir='ltr'>βέλε-</span> 
     </span>
    </p>
   </div>
   <div class='ocr_carea' id='block_1_30' title="bbox 2093 1461 3678 1537">
    <p class='ocr_par' dir='ltr' id='par_1_30' title="bbox 2093 1461 3678 1537">
     <span class='ocr_line' id='line_1_30' title="bbox 2093 1461 3678 1537; baseline -0.004 -17"><span class='ocrx_word' id='word_1_229' title='bbox 2093 1484 2196 1521; x_wconf 91' lang='grc' dir='ltr'>σιν.</span> <span class='ocrx_word' id='word_1_230' title='bbox 2239 1467 2326 1530; x_wconf 82' lang='grc' dir='ltr'><strong>Ὠς</strong></span> <span class='ocrx_word' id='word_1_231' title='bbox 2357 1467 2542 1537; x_wconf 79' lang='grc' dir='ltr'>ἔμοιγε</span> <span class='ocrx_word' id='word_1_232' title='bbox 2571 1469 2666 1521; x_wconf 73' lang='grc' dir='ltr'><strong>καὶ</strong></span> <span class='ocrx_word' id='word_1_233' title='bbox 2692 1467 2758 1520; x_wconf 89' lang='grc' dir='ltr'>δι’</span> <span class='ocrx_word' id='word_1_234' title='bbox 2786 1465 2950 1537; x_wconf 77' lang='grc' dir='ltr'>εὐχῆς</span> <span class='ocrx_word' id='word_1_235' title='bbox 2989 1463 3230 1535; x_wconf 78' lang='grc' dir='ltr'>ὑπῆρξεν</span> <span class='ocrx_word' id='word_1_236' title='bbox 3262 1461 3328 1516; x_wconf 82' lang='grc' dir='ltr'>ἂν</span> <span class='ocrx_word' id='word_1_237' title='bbox 3357 1461 3418 1514; x_wconf 85' lang='grc' dir='ltr'><strong>τὸ</strong></span> <span class='ocrx_word' id='word_1_238' title='bbox 3446 1461 3524 1532; x_wconf 84' lang='grc' dir='ltr'>μὴ</span> <span class='ocrx_word' id='word_1_239' title='bbox 3549 1461 3678 1514; x_wconf 83' lang='grc' dir='ltr'>τότε</span> 
     </span>
    </p>
   </div>
   <div class='ocr_carea' id='block_1_31' title="bbox 2093 1553 3679 1631">
    <p class='ocr_par' dir='ltr' id='par_1_31' title="bbox 2093 1553 3679 1631">
     <span class='ocr_line' id='line_1_31' title="bbox 2093 1553 3679 1631; baseline -0.006 -17"><span class='ocrx_word' id='word_1_240' title='bbox 2093 1560 2276 1623; x_wconf 83' lang='grc' dir='ltr'>αὐτοῖς</span> <span class='ocrx_word' id='word_1_241' title='bbox 2313 1559 2475 1613; x_wconf 78' lang='grc' dir='ltr'>αὑτὸν</span> <span class='ocrx_word' id='word_1_242' title='bbox 2505 1561 2821 1631; x_wconf 86' lang='grc' dir='ltr'>περιπεσεῖν</span> <span class='ocrx_word' id='word_1_243' title='bbox 2848 1577 2860 1589; x_wconf 93' lang='grc'><strong>·</strong></span> <span class='ocrx_word' id='word_1_244' title='bbox 2913 1557 3030 1611; x_wconf 81' lang='grc' dir='ltr'>νυνὶ</span> <span class='ocrx_word' id='word_1_245' title='bbox 3072 1556 3128 1610; x_wconf 82' lang='grc' dir='ltr'><strong>δὲ</strong></span> <span class='ocrx_word' id='word_1_246' title='bbox 3157 1555 3347 1608; x_wconf 88' lang='grc' dir='ltr'>κάκιον</span> <span class='ocrx_word' id='word_1_247' title='bbox 3390 1553 3424 1625; x_wconf 80' lang='grc' dir='ltr'>ἢ</span> <span class='ocrx_word' id='word_1_248' title='bbox 3460 1555 3679 1617; x_wconf 74' lang='grc' dir='ltr'>ἐκεῖνος</span> 
     </span>
    </p>
   </div>
   <div class='ocr_carea' id='block_1_32' title="bbox 2093 1646 3679 1722">
    <p class='ocr_par' dir='ltr' id='par_1_32' title="bbox 2093 1646 3679 1722">
     <span class='ocr_line' id='line_1_32' title="bbox 2093 1646 3679 1722; baseline -0.003 -18"><span class='ocrx_word' id='word_1_249' title='bbox 2093 1651 2427 1721; x_wconf 80' lang='grc' dir='ltr'><strong>πλημμελῶν</strong></span> <span class='ocrx_word' id='word_1_250' title='bbox 2453 1653 2720 1720; x_wconf 87' lang='grc' dir='ltr'>φαίνεται.</span> <span class='ocrx_word' id='word_1_251' title='bbox 2737 1651 2796 1704; x_wconf 76' lang='grc'><strong>’0</strong></span> <span class='ocrx_word' id='word_1_252' title='bbox 2812 1649 2910 1722; x_wconf 83' lang='grc' dir='ltr'><strong>μὲν</strong></span> <span class='ocrx_word' id='word_1_253' title='bbox 2935 1649 3043 1720; x_wconf 85' lang='grc' dir='ltr'>γὰρ</span> <span class='ocrx_word' id='word_1_254' title='bbox 3058 1648 3196 1718; x_wconf 85' lang='grc' dir='ltr'>τάχα</span> <span class='ocrx_word' id='word_1_255' title='bbox 3227 1664 3327 1700; x_wconf 79' lang='grc' dir='ltr'>που</span> <span class='ocrx_word' id='word_1_256' title='bbox 3364 1646 3679 1717; x_wconf 82' lang='grc' dir='ltr'>σφαλλόμε-</span> 
     </span>
    </p>
   </div>
   <div class='ocr_carea' id='block_1_33' title="bbox 2094 1737 3680 1814">
    <p class='ocr_par' dir='ltr' id='par_1_33' title="bbox 2094 1737 3680 1814">
     <span class='ocr_line' id='line_1_33' title="bbox 2094 1737 3680 1814; baseline -0.003 -19"><span class='ocrx_word' id='word_1_257' title='bbox 2094 1759 2180 1805; x_wconf 87' lang='grc' dir='ltr'>νος</span> <span class='ocrx_word' id='word_1_258' title='bbox 2199 1742 2380 1812; x_wconf 75' lang='grc' dir='ltr'>ἠγνόει</span> <span class='ocrx_word' id='word_1_259' title='bbox 2405 1759 2419 1773; x_wconf 86' lang='grc'><strong>·</strong></span> <span class='ocrx_word' id='word_1_260' title='bbox 2461 1745 2490 1796; x_wconf 88' lang='grc' dir='ltr'>ὁ</span> <span class='ocrx_word' id='word_1_261' title='bbox 2520 1743 2598 1808; x_wconf 81' lang='grc' dir='ltr'><strong>δὲ,</strong></span> <span class='ocrx_word' id='word_1_262' title='bbox 2627 1741 2904 1814; x_wconf 86' lang='grc' dir='ltr'>ὁμολογῶν</span> <span class='ocrx_word' id='word_1_263' title='bbox 2925 1739 3190 1811; x_wconf 78' lang='grc' dir='ltr'>ἐσφάλθαι</span> <span class='ocrx_word' id='word_1_264' title='bbox 3213 1738 3325 1809; x_wconf 77' lang='grc'><strong>(58)</strong></span> <span class='ocrx_word' id='word_1_265' title='bbox 3355 1738 3444 1792; x_wconf 80' lang='grc' dir='ltr'>τὸν</span> <span class='ocrx_word' id='word_1_266' title='bbox 3475 1737 3680 1809; x_wconf 82' lang='grc' dir='ltr'>ἄνδρα,</span> 
     </span>
    </p>
   </div>
   <div class='ocr_carea' id='block_1_34' title="bbox 419 1830 1983 1904">
    <p class='ocr_par' dir='ltr' id='par_1_34' title="bbox 419 1837 1983 1904">
     <span class='ocr_line' id='line_1_34' title="bbox 419 1837 1983 1904; baseline 0.001 -16"><span class='ocrx_word' id='word_1_267' title='bbox 419 1837 563 1892; x_wconf 87' lang='lat' dir='ltr'><strong>votis</strong></span> <span class='ocrx_word' id='word_1_268' title='bbox 596 1837 690 1901; x_wconf 83' lang='lat' dir='ltr'><strong>sit,</strong></span> <span class='ocrx_word' id='word_1_269' title='bbox 728 1853 800 1893; x_wconf 90' lang='lat' dir='ltr'><strong>ne</strong></span> <span class='ocrx_word' id='word_1_270' title='bbox 836 1839 889 1892; x_wconf 92' lang='lat' dir='ltr'><strong>in</strong></span> <span class='ocrx_word' id='word_1_271' title='bbox 928 1837 1085 1904; x_wconf 86' lang='lat' dir='ltr'><strong>hujus</strong></span> <span class='ocrx_word' id='word_1_272' title='bbox 1117 1838 1447 1893; x_wconf 90' lang='lat' dir='ltr'><strong>mentionem</strong></span> <span class='ocrx_word' id='word_1_273' title='bbox 1488 1837 1792 1892; x_wconf 86' lang='lat' dir='ltr'><strong>istiusmodi</strong></span> <span class='ocrx_word' id='word_1_274' title='bbox 1853 1837 1983 1892; x_wconf 87' lang='lat' dir='ltr'><strong>inci-</strong></span> 
     </span>
    </p>
   </div>
   <div class='ocr_carea' id='block_1_35' title="bbox 2094 1830 3681 1904">
    <p class='ocr_par' dir='ltr' id='par_1_35' title="bbox 2094 1830 3681 1904">
     <span class='ocr_line' id='line_1_35' title="bbox 2094 1830 3681 1904; baseline -0.003 -18"><span class='ocrx_word' id='word_1_275' title='bbox 2094 1835 2320 1887; x_wconf 75' lang='grc' dir='ltr'>κᾶπειτα</span> <span class='ocrx_word' id='word_1_276' title='bbox 2367 1834 2528 1888; x_wconf 82' lang='grc' dir='ltr'>αὑτὸν</span> <span class='ocrx_word' id='word_1_277' title='bbox 2573 1833 2730 1887; x_wconf 86' lang='grc' dir='ltr'><strong>ὠθῶν</strong></span> <span class='ocrx_word' id='word_1_278' title='bbox 2781 1834 2874 1888; x_wconf 75' lang='grc' dir='ltr'>ἐπὶ</span> <span class='ocrx_word' id='word_1_279' title='bbox 2907 1834 2999 1887; x_wconf 83' lang='grc' dir='ltr'>τὸν</span> <span class='ocrx_word' id='word_1_280' title='bbox 3050 1831 3302 1904; x_wconf 82' lang='grc' dir='ltr'>προφανῆ</span> <span class='ocrx_word' id='word_1_281' title='bbox 3351 1831 3450 1901; x_wconf 80' lang='grc' dir='ltr'>τῆς</span> <span class='ocrx_word' id='word_1_282' title='bbox 3501 1830 3681 1899; x_wconf 77' lang='grc' dir='ltr'>αὐτῆς</span> 
     </span>
    </p>
   </div>
   <div class='ocr_carea' id='block_1_36' title="bbox 420 1930 1986 2001">
    <p class='ocr_par' dir='ltr' id='par_1_36' title="bbox 420 1930 1986 2001">
     <span class='ocr_line' id='line_1_36' title="bbox 420 1930 1986 2001; baseline 0.001 -20"><span class='ocrx_word' id='word_1_283' title='bbox 420 1930 589 1985; x_wconf 84' lang='lat' dir='ltr'><strong>disset</strong></span> <span class='ocrx_word' id='word_1_284' title='bbox 620 1949 634 1985; x_wconf 85' lang='lat'><strong>:</strong></span> <span class='ocrx_word' id='word_1_285' title='bbox 669 1930 812 1985; x_wconf 87' lang='lat' dir='ltr'><strong>ultra</strong></span> <span class='ocrx_word' id='word_1_286' title='bbox 863 1931 1014 1984; x_wconf 89' lang='lat' dir='ltr'><strong>illum</strong></span> <span class='ocrx_word' id='word_1_287' title='bbox 1039 1932 1239 2001; x_wconf 87' lang='lat' dir='ltr'><strong>quippe</strong></span> <span class='ocrx_word' id='word_1_288' title='bbox 1267 1931 1479 1985; x_wconf 88' lang='lat' dir='ltr'><strong>videtur</strong></span> <span class='ocrx_word' id='word_1_289' title='bbox 1525 1945 1846 2000; x_wconf 87' lang='lat' dir='ltr'><strong>progressus</strong></span> <span class='ocrx_word' id='word_1_290' title='bbox 1881 1930 1986 1983; x_wconf 81' lang='lat' dir='ltr'><strong>im-</strong></span> 
     </span>
    </p>
   </div>
   <div class='ocr_carea' id='block_1_37' title="bbox 419 2018 1982 2088">
    <p class='ocr_par' dir='ltr' id='par_1_37' title="bbox 419 2018 1982 2088">
     <span class='ocr_line' id='line_1_37' title="bbox 419 2018 1982 2088; baseline 0 -18"><span class='ocrx_word' id='word_1_291' title='bbox 419 2020 640 2086; x_wconf 82' lang='lat' dir='ltr'><strong>pietate.</strong></span> <span class='ocrx_word' id='word_1_292' title='bbox 674 2019 766 2073; x_wconf 82' lang='lat' dir='ltr'><strong>ille</strong></span> <span class='ocrx_word' id='word_1_293' title='bbox 785 2020 928 2075; x_wconf 90' lang='lat' dir='ltr'><strong>enim</strong></span> <span class='ocrx_word' id='word_1_294' title='bbox 952 2018 1220 2084; x_wconf 79' lang='lat' dir='ltr'><strong>fortassis,</strong></span> <span class='ocrx_word' id='word_1_295' title='bbox 1251 2033 1346 2087; x_wconf 91' lang='lat' dir='ltr'><strong>per</strong></span> <span class='ocrx_word' id='word_1_296' title='bbox 1371 2018 1732 2088; x_wconf 80' lang='lat' dir='ltr'><strong>ignorantiam</strong></span> <span class='ocrx_word' id='word_1_297' title='bbox 1752 2019 1982 2072; x_wconf 87' lang='lat' dir='ltr'><strong>erravit:</strong></span> 
     </span>
    </p>
   </div>
   <div class='ocr_carea' id='block_1_38' title="bbox 425 2109 3652 2185">
    <p class='ocr_par' dir='ltr' id='par_1_38' title="bbox 425 2109 3652 2185">
     <span class='ocr_line' id='line_1_38' title="bbox 425 2109 3652 2185; baseline 0.001 -21"><span class='ocrx_word' id='word_1_298' title='bbox 425 2116 483 2173; x_wconf 59' lang='lat' dir='ltr'><strong>bII</strong></span> <span class='ocrx_word' id='word_1_299' title='bbox 520 2109 611 2166; x_wconf 88' lang='lat' dir='ltr'><strong>ille</strong></span> <span class='ocrx_word' id='word_1_300' title='bbox 633 2120 835 2180; x_wconf 88' lang='lat' dir='ltr'><strong>autem,</strong></span> <span class='ocrx_word' id='word_1_301' title='bbox 867 2115 1104 2182; x_wconf 88' lang='lat' dir='ltr'><strong>quicum</strong></span> <span class='ocrx_word' id='word_1_302' title='bbox 1143 2115 1467 2168; x_wconf 90' lang='lat' dir='ltr'><strong>contiteatur</strong></span> <span class='ocrx_word' id='word_1_303' title='bbox 1531 2113 1682 2167; x_wconf 90' lang='lat' dir='ltr'><strong>illum</strong></span> <span class='ocrx_word' id='word_1_304' title='bbox 1719 2112 1990 2167; x_wconf 90' lang='lat' dir='ltr'><strong>hominem</strong></span> <span class='ocrx_word' id='word_1_305' title='bbox 2031 2114 2338 2180; x_wconf 86' lang='lat' dir='ltr'><strong>aberrasse,</strong></span> <span class='ocrx_word' id='word_1_306' title='bbox 2403 2125 2457 2170; x_wconf 91' lang='lat' dir='ltr'><strong>et</strong></span> <span class='ocrx_word' id='word_1_307' title='bbox 2494 2125 2670 2170; x_wconf 90' lang='lat' dir='ltr'><strong>tamen</strong></span> <span class='ocrx_word' id='word_1_308' title='bbox 2735 2119 3084 2185; x_wconf 74' lang='lat' dir='ltr'><strong>semetipsum</strong></span> <span class='ocrx_word' id='word_1_309' title='bbox 3120 2115 3175 2169; x_wconf 89' lang='lat' dir='ltr'><strong>in</strong></span> <span class='ocrx_word' id='word_1_310' title='bbox 3220 2113 3361 2168; x_wconf 90' lang='lat' dir='ltr'><strong>idem</strong></span> <span class='ocrx_word' id='word_1_311' title='bbox 3405 2113 3652 2182; x_wconf 87' lang='lat' dir='ltr'><strong>protrusi</strong></span> 
     </span>
    </p>
   </div>
   <div class='ocr_carea' id='block_1_39' title="bbox 2090 1923 3681 1998">
    <p class='ocr_par' dir='ltr' id='par_1_39' title="bbox 2090 1923 3681 1998">
     <span class='ocr_line' id='line_1_39' title="bbox 2090 1923 3681 1998; baseline -0.003 -19"><span class='ocrx_word' id='word_1_312' title='bbox 2090 1926 2405 1991; x_wconf 79' lang='grc' dir='ltr'>δυσσεϐείας</span> <span class='ocrx_word' id='word_1_313' title='bbox 2474 1927 2737 1998; x_wconf 84' lang='grc' dir='ltr'>κρημνὸν,</span> <span class='ocrx_word' id='word_1_314' title='bbox 2811 1926 3066 1998; x_wconf 80' lang='grc' dir='ltr'>οὐδεμιᾶς</span> <span class='ocrx_word' id='word_1_315' title='bbox 3139 1924 3338 1992; x_wconf 82' lang='grc' dir='ltr'>γένοιτ’</span> <span class='ocrx_word' id='word_1_316' title='bbox 3389 1923 3454 1979; x_wconf 81' lang='grc' dir='ltr'>ἂν</span> <span class='ocrx_word' id='word_1_317' title='bbox 3523 1923 3681 1986; x_wconf 76' lang='grc' dir='ltr'>ἄξιος</span> 
     </span>
    </p>
   </div>
   <div class='ocr_carea' id='block_1_40' title="bbox 2094 2016 3681 2140">
    <p class='ocr_par' dir='ltr' id='par_1_40' title="bbox 2094 2016 3681 2140">
     <span class='ocr_line' id='line_1_40' title="bbox 2094 2016 3681 2140; baseline -0.003 -68"><span class='ocrx_word' id='word_1_318' title='bbox 2094 2018 2440 2091; x_wconf 76' lang='grc' dir='ltr'>συγγνώμης.</span> <span class='ocrx_word' id='word_1_319' title='bbox 2474 2019 2632 2076; x_wconf 79' lang='grc' dir='ltr'>Ἀλλὰ</span> <span class='ocrx_word' id='word_1_320' title='bbox 2660 2021 2767 2090; x_wconf 84' lang='grc' dir='ltr'><strong>γὰρ</strong></span> <span class='ocrx_word' id='word_1_321' title='bbox 2797 2017 3216 2090; x_wconf 77' lang='grc' dir='ltr'>διασκεψώμεθα</span> <span class='ocrx_word' id='word_1_322' title='bbox 3242 2017 3310 2074; x_wconf 77' lang='grc' dir='ltr'><strong>τὰ</strong></span> <span class='ocrx_word' id='word_1_323' title='bbox 3346 2016 3681 2140; x_wconf 64' lang='grc' dir='ltr'>λελεγμέναὶ</span> 
     </span>
     <span class='ocr_line' id='line_1_41' title="bbox 2094 2113 3650 2140; baseline -0.003 -1"><span class='ocrx_word' id='word_1_324' title='bbox 2094 2129 2314 2140; x_wconf 77' lang='lat'><strong>..._....--..</strong></span> <span class='ocrx_word' id='word_1_325' title='bbox 2408 2125 2452 2140; x_wconf 59' lang='grc' dir='ltr'><strong>η.</strong></span> <span class='ocrx_word' id='word_1_326' title='bbox 2494 2125 2669 2140; x_wconf 57' lang='grc' dir='ltr'><strong>μη--.</strong></span> <span class='ocrx_word' id='word_1_327' title='bbox 2735 2119 3082 2140; x_wconf 52' lang='grc' dir='ltr'><strong>--.ηηληηη</strong></span> <span class='ocrx_word' id='word_1_328' title='bbox 3120 2115 3172 2140; x_wconf 71' lang='grc' dir='ltr'><strong>ε..</strong></span> <span class='ocrx_word' id='word_1_329' title='bbox 3220 2113 3360 2140; x_wconf 60' lang='grc' dir='ltr'><strong>πλη...</strong></span> <span class='ocrx_word' id='word_1_330' title='bbox 3405 2113 3650 2140; x_wconf 41' lang='lat' dir='ltr'><strong>unum;</strong></span> 
     </span>
    </p>
   </div>
   <div class='ocr_carea' id='block_1_41' title="bbox 419 2203 3674 2282">
    <p class='ocr_par' dir='ltr' id='par_1_41' title="bbox 419 2203 3674 2282">
     <span class='ocr_line' id='line_1_42' title="bbox 419 2203 3674 2282; baseline 0.002 -25"><span class='ocrx_word' id='word_1_331' title='bbox 419 2203 706 2259; x_wconf 83' lang='lat' dir='ltr'><strong>manifeste</strong></span> <span class='ocrx_word' id='word_1_332' title='bbox 761 2207 1117 2277; x_wconf 70' lang='lat' dir='ltr'><strong>praecipitium</strong></span> <span class='ocrx_word' id='word_1_333' title='bbox 1171 2207 1499 2275; x_wconf 88' lang='lat' dir='ltr'><strong>impietatis,</strong></span> <span class='ocrx_word' id='word_1_334' title='bbox 1560 2209 1721 2263; x_wconf 87' lang='lat' dir='ltr'><strong>venia</strong></span> <span class='ocrx_word' id='word_1_335' title='bbox 1761 2221 1983 2277; x_wconf 87' lang='lat' dir='ltr'><strong>prorsus</strong></span> <span class='ocrx_word' id='word_1_336' title='bbox 2020 2209 2166 2263; x_wconf 86' lang='lat' dir='ltr'><strong>omni</strong></span> <span class='ocrx_word' id='word_1_337' title='bbox 2192 2209 2467 2280; x_wconf 85' lang='lat' dir='ltr'><strong>indignum</strong></span> <span class='ocrx_word' id='word_1_338' title='bbox 2497 2225 2558 2267; x_wconf 90' lang='lat' dir='ltr'><strong>se</strong></span> <span class='ocrx_word' id='word_1_339' title='bbox 2586 2211 2856 2282; x_wconf 70' lang='lat' dir='ltr'><strong>praestitit.</strong></span> <span class='ocrx_word' id='word_1_340' title='bbox 2885 2209 2994 2268; x_wconf 90' lang='lat' dir='ltr'><strong>Sed</strong></span> <span class='ocrx_word' id='word_1_341' title='bbox 3050 2211 3167 2281; x_wconf 91' lang='lat' dir='ltr'><strong>ipsa</strong></span> <span class='ocrx_word' id='word_1_342' title='bbox 3200 2209 3318 2281; x_wconf 83' lang='lat' dir='ltr'><strong>ejus</strong></span> <span class='ocrx_word' id='word_1_343' title='bbox 3377 2209 3523 2266; x_wconf 88' lang='lat' dir='ltr'><strong>dicta</strong></span> <span class='ocrx_word' id='word_1_344' title='bbox 3586 2209 3674 2263; x_wconf 83' lang='lat' dir='ltr'><strong>in-</strong></span> 
     </span>
    </p>
   </div>
   <div class='ocr_carea' id='block_1_42' title="bbox 420 2297 815 2365">
    <p class='ocr_par' dir='ltr' id='par_1_42' title="bbox 420 2297 815 2365">
     <span class='ocr_line' id='line_1_43' title="bbox 420 2297 815 2365; baseline 0.013 -17"><span class='ocrx_word' id='word_1_345' title='bbox 420 2297 815 2365; x_wconf 88' lang='lat' dir='ltr'><strong>trospiciamus.</strong></span> 
     </span>
    </p>
   </div>
   <div class='ocr_carea' id='block_1_43' title="bbox 1026 2391 1366 2465">
    <p class='ocr_par' dir='ltr' id='par_1_43' title="bbox 1026 2391 1366 2465">
     <span class='ocr_line' id='line_1_44' title="bbox 1026 2391 1366 2465; baseline 0 -17"><span class='ocrx_word' id='word_1_346' title='bbox 1026 2391 1178 2448; x_wconf 85' lang='lat' dir='ltr'><strong>CAP.</strong></span> <span class='ocrx_word' id='word_1_347' title='bbox 1211 2392 1366 2465; x_wconf 81' lang='lat' dir='ltr'><strong>pm.</strong></span> 
     </span>
    </p>
   </div>
   <div class='ocr_carea' id='block_1_44' title="bbox 420 2480 1981 2552">
    <p class='ocr_par' dir='ltr' id='par_1_44' title="bbox 420 2480 1981 2552">
     <span class='ocr_line' id='line_1_45' title="bbox 420 2480 1981 2552; baseline 0.003 -19"><span class='ocrx_word' id='word_1_348' title='bbox 420 2480 693 2545; x_wconf 82' lang='lat' dir='ltr'><strong>Quomodo</strong></span> <span class='ocrx_word' id='word_1_349' title='bbox 721 2499 748 2536; x_wconf 90' lang='lat' dir='ltr'><strong>e</strong></span> <span class='ocrx_word' id='word_1_350' title='bbox 791 2485 901 2538; x_wconf 84' lang='lat' dir='ltr'><strong>suis</strong></span> <span class='ocrx_word' id='word_1_351' title='bbox 931 2485 1099 2552; x_wconf 87' lang='lat' dir='ltr'><strong>ipsius</strong></span> <span class='ocrx_word' id='word_1_352' title='bbox 1127 2485 1293 2539; x_wconf 82' lang='lat' dir='ltr'><strong>verbis</strong></span> <span class='ocrx_word' id='word_1_353' title='bbox 1317 2485 1720 2552; x_wconf 80' lang='lat' dir='ltr'><strong>deprehenditur</strong></span> <span class='ocrx_word' id='word_1_354' title='bbox 1743 2486 1981 2540; x_wconf 88' lang='lat' dir='ltr'><strong>eamdem</strong></span> 
     </span>
    </p>
   </div>
   <div class='ocr_carea' id='block_1_45' title="bbox 454 2552 1949 2623">
    <p class='ocr_par' dir='ltr' id='par_1_45' title="bbox 454 2552 1949 2623">
     <span class='ocr_line' id='line_1_46' title="bbox 454 2552 1949 2623; baseline 0.006 -20"><span class='ocrx_word' id='word_1_355' title='bbox 454 2552 623 2614; x_wconf 81' lang='lat' dir='ltr'><strong>ipsam</strong></span> <span class='ocrx_word' id='word_1_356' title='bbox 653 2555 951 2620; x_wconf 80' lang='lat' dir='ltr'><strong>opinionem</strong></span> <span class='ocrx_word' id='word_1_357' title='bbox 983 2571 1100 2607; x_wconf 81' lang='lat' dir='ltr'><strong>cum</strong></span> <span class='ocrx_word' id='word_1_358' title='bbox 1131 2553 1365 2609; x_wconf 84' lang='lat' dir='ltr'><strong>Sabellio</strong></span> <span class='ocrx_word' id='word_1_359' title='bbox 1405 2553 1597 2623; x_wconf 80' lang='lat' dir='ltr'><strong>fovere,</strong></span> <span class='ocrx_word' id='word_1_360' title='bbox 1641 2555 1949 2612; x_wconf 83' lang='lat' dir='ltr'><strong>Marcellus.</strong></span> 
     </span>
    </p>
   </div>
   <div class='ocr_carea' id='block_1_46' title="bbox 487 2641 1984 2712">
    <p class='ocr_par' dir='ltr' id='par_1_46' title="bbox 487 2641 1984 2712">
     <span class='ocr_line' id='line_1_47' title="bbox 487 2641 1984 2712; baseline 0.005 -17"><span class='ocrx_word' id='word_1_361' title='bbox 487 2641 757 2711; x_wconf 85' lang='lat' dir='ltr'><strong>Imprimis</strong></span> <span class='ocrx_word' id='word_1_362' title='bbox 785 2644 914 2698; x_wconf 92' lang='lat' dir='ltr'><strong>illud</strong></span> <span class='ocrx_word' id='word_1_363' title='bbox 942 2647 1152 2711; x_wconf 87' lang='lat' dir='ltr'><strong>statuit,</strong></span> <span class='ocrx_word' id='word_1_364' title='bbox 1198 2661 1298 2701; x_wconf 92' lang='lat' dir='ltr'><strong>nec</strong></span> <span class='ocrx_word' id='word_1_365' title='bbox 1329 2647 1619 2702; x_wconf 89' lang='lat' dir='ltr'><strong>Sabellium</strong></span> <span class='ocrx_word' id='word_1_366' title='bbox 1653 2662 1754 2712; x_wconf 88' lang='lat' dir='ltr'><strong>nec</strong></span> <span class='ocrx_word' id='word_1_367' title='bbox 1769 2645 1984 2702; x_wconf 75' lang='lat' dir='ltr'><strong>Judasos</strong></span> 
     </span>
    </p>
   </div>
   <div class='ocr_carea' id='block_1_47' title="bbox 416 2735 1983 2809">
    <p class='ocr_par' dir='ltr' id='par_1_47' title="bbox 416 2735 1983 2809">
     <span class='ocr_line' id='line_1_48' title="bbox 416 2735 1983 2809; baseline 0.005 -23"><span class='ocrx_word' id='word_1_368' title='bbox 416 2735 700 2801; x_wconf 75' lang='lat' dir='ltr'><strong>agnovisse</strong></span> <span class='ocrx_word' id='word_1_369' title='bbox 737 2735 923 2803; x_wconf 90' lang='lat' dir='ltr'><strong>Deum,</strong></span> <span class='ocrx_word' id='word_1_370' title='bbox 957 2751 1023 2791; x_wconf 91' lang='lat' dir='ltr'><strong>eo</strong></span> <span class='ocrx_word' id='word_1_371' title='bbox 1047 2740 1189 2805; x_wconf 89' lang='lat' dir='ltr'><strong>quod</strong></span> <span class='ocrx_word' id='word_1_372' title='bbox 1217 2738 1451 2793; x_wconf 80' lang='lat' dir='ltr'><strong>Verbum</strong></span> <span class='ocrx_word' id='word_1_373' title='bbox 1483 2740 1821 2809; x_wconf 82' lang='lat' dir='ltr'><strong>ignorabant.</strong></span> <span class='ocrx_word' id='word_1_374' title='bbox 1850 2739 1983 2794; x_wconf 84' lang='lat' dir='ltr'><strong>Ver-</strong></span> 
     </span>
    </p>
   </div>
   <div class='ocr_carea' id='block_1_48' title="bbox 419 2825 1982 2899">
    <p class='ocr_par' dir='ltr' id='par_1_48' title="bbox 419 2825 1982 2899">
     <span class='ocr_line' id='line_1_49' title="bbox 419 2825 1982 2899; baseline 0.007 -23"><span class='ocrx_word' id='word_1_375' title='bbox 419 2825 544 2879; x_wconf 88' lang='lat' dir='ltr'><strong>bum</strong></span> <span class='ocrx_word' id='word_1_376' title='bbox 580 2841 708 2882; x_wconf 89' lang='lat' dir='ltr'><strong>vero</strong></span> <span class='ocrx_word' id='word_1_377' title='bbox 739 2827 1015 2897; x_wconf 90' lang='lat' dir='ltr'><strong>quodnam</strong></span> <span class='ocrx_word' id='word_1_378' title='bbox 1065 2829 1423 2898; x_wconf 85' lang='lat' dir='ltr'><strong>intelligebat,</strong></span> <span class='ocrx_word' id='word_1_379' title='bbox 1459 2831 1851 2899; x_wconf 89' lang='lat' dir='ltr'><strong>dispiciendum</strong></span> <span class='ocrx_word' id='word_1_380' title='bbox 1884 2847 1982 2887; x_wconf 83' lang='lat' dir='ltr'><strong>no-</strong></span> 
     </span>
    </p>
   </div>
   <div class='ocr_carea' id='block_1_49' title="bbox 413 2914 1983 2992">
    <p class='ocr_par' dir='ltr' id='par_1_49' title="bbox 413 2914 1983 2992">
     <span class='ocr_line' id='line_1_50' title="bbox 413 2914 1983 2992; baseline 0.004 -22"><span class='ocrx_word' id='word_1_381' title='bbox 413 2914 499 2970; x_wconf 83' lang='lat' dir='ltr'><strong>bis</strong></span> <span class='ocrx_word' id='word_1_382' title='bbox 527 2926 632 2973; x_wconf 87' lang='lat' dir='ltr'><strong>est.</strong></span> <span class='ocrx_word' id='word_1_383' title='bbox 683 2917 960 2987; x_wconf 90' lang='lat' dir='ltr'><strong>Siquidem</strong></span> <span class='ocrx_word' id='word_1_384' title='bbox 1022 2919 1216 2974; x_wconf 86' lang='lat' dir='ltr'><strong>Filium</strong></span> <span class='ocrx_word' id='word_1_385' title='bbox 1257 2921 1347 2975; x_wconf 92' lang='lat' dir='ltr'><strong>Dei</strong></span> <span class='ocrx_word' id='word_1_386' title='bbox 1396 2922 1752 2992; x_wconf 88' lang='lat' dir='ltr'><strong>unigenitum,</strong></span> <span class='ocrx_word' id='word_1_387' title='bbox 1806 2923 1983 2978; x_wconf 82' lang='lat' dir='ltr'><strong>subsi-</strong></span> 
     </span>
    </p>
   </div>
   <div class='ocr_carea' id='block_1_50' title="bbox 415 3011 1986 3084">
    <p class='ocr_par' dir='ltr' id='par_1_50' title="bbox 415 3011 1986 3084">
     <span class='ocr_line' id='line_1_51' title="bbox 415 3011 1986 3084; baseline 0.005 -23"><span class='ocrx_word' id='word_1_388' title='bbox 415 3018 648 3064; x_wconf 89' lang='lat' dir='ltr'><strong>stentem</strong></span> <span class='ocrx_word' id='word_1_389' title='bbox 679 3011 860 3064; x_wconf 89' lang='lat' dir='ltr'><strong>vivum</strong></span> <span class='ocrx_word' id='word_1_390' title='bbox 883 3025 1023 3075; x_wconf 88' lang='lat' dir='ltr'><strong>esse,</strong></span> <span class='ocrx_word' id='word_1_391' title='bbox 1060 3011 1338 3068; x_wconf 82' lang='lat' dir='ltr'><strong>enimvero</strong></span> <span class='ocrx_word' id='word_1_392' title='bbox 1371 3013 1513 3067; x_wconf 92' lang='lat' dir='ltr'><strong>hunc</strong></span> <span class='ocrx_word' id='word_1_393' title='bbox 1541 3013 1612 3068; x_wconf 88' lang='lat' dir='ltr'><strong>ita</strong></span> <span class='ocrx_word' id='word_1_394' title='bbox 1645 3028 1820 3084; x_wconf 91' lang='lat' dir='ltr'><strong>neque</strong></span> <span class='ocrx_word' id='word_1_395' title='bbox 1847 3015 1986 3084; x_wconf 91' lang='lat' dir='ltr'><strong>ipse-</strong></span> 
     </span>
    </p>
   </div>
   <div class='ocr_carea' id='block_1_51' title="bbox 2718 2394 3031 2460">
    <p class='ocr_par' dir='ltr' id='par_1_51' title="bbox 2718 2394 3031 2460">
     <span class='ocr_line' id='line_1_52' title="bbox 2718 2394 3031 2460; baseline -0.006 -12"><span class='ocrx_word' id='word_1_396' title='bbox 2718 2394 2874 2448; x_wconf 82' lang='grc' dir='ltr'><strong>ΚΕΦ.</strong></span> <span class='ocrx_word' id='word_1_397' title='bbox 2915 2395 3031 2460; x_wconf 69' lang='grc' dir='ltr'>ις’.</span> 
     </span>
    </p>
   </div>
   <div class='ocr_carea' id='block_1_52' title="bbox 2091 2485 3682 2554">
    <p class='ocr_par' dir='ltr' id='par_1_52' title="bbox 2091 2485 3682 2554">
     <span class='ocr_line' id='line_1_53' title="bbox 2091 2485 3682 2554; baseline 0.003 -17"><span class='ocrx_word' id='word_1_398' title='bbox 2091 2485 2286 2550; x_wconf 82' lang='grc' dir='ltr'>Ὅπως</span> <span class='ocrx_word' id='word_1_399' title='bbox 2324 2485 2636 2539; x_wconf 69' lang='grc' dir='ltr'>ἁλίσκεται</span> <span class='ocrx_word' id='word_1_400' title='bbox 2667 2485 2765 2538; x_wconf 74' lang='grc' dir='ltr'>διὰ</span> <span class='ocrx_word' id='word_1_401' title='bbox 2793 2486 2911 2554; x_wconf 80' lang='grc' dir='ltr'><strong>τῶν</strong></span> <span class='ocrx_word' id='word_1_402' title='bbox 2937 2486 3124 2540; x_wconf 81' lang='grc' dir='ltr'>αὐτοῦ</span> <span class='ocrx_word' id='word_1_403' title='bbox 3159 2485 3393 2554; x_wconf 72' lang='grc' dir='ltr'>φωνῶν,</span> <span class='ocrx_word' id='word_1_404' title='bbox 3414 2485 3491 2541; x_wconf 83' lang='grc' dir='ltr'>τὰ</span> <span class='ocrx_word' id='word_1_405' title='bbox 3519 2487 3682 2542; x_wconf 79' lang='grc' dir='ltr'>αὐτὰ</span> 
     </span>
    </p>
   </div>
   <div class='ocr_carea' id='block_1_53' title="bbox 2301 2553 3464 2624">
    <p class='ocr_par' dir='ltr' id='par_1_53' title="bbox 2301 2553 3464 2624">
     <span class='ocr_line' id='line_1_54' title="bbox 2301 2553 3464 2624; baseline 0.002 -16"><span class='ocrx_word' id='word_1_406' title='bbox 2301 2554 2378 2620; x_wconf 84' lang='grc' dir='ltr'><strong>τῷ</strong></span> <span class='ocrx_word' id='word_1_407' title='bbox 2407 2556 2703 2619; x_wconf 71' lang='grc' dir='ltr'><strong>Σαϐελλίφ</strong></span> <span class='ocrx_word' id='word_1_408' title='bbox 2734 2553 2996 2620; x_wconf 75' lang='grc' dir='ltr'>δοξάζων</span> <span class='ocrx_word' id='word_1_409' title='bbox 3025 2559 3058 2610; x_wconf 83' lang='grc' dir='ltr'><em>ὁ</em></span> <span class='ocrx_word' id='word_1_410' title='bbox 3085 2553 3464 2624; x_wconf 75' lang='grc' dir='ltr'>Μάρκελλος.</span> 
     </span>
    </p>
   </div>
   <div class='ocr_carea' id='block_1_54' title="bbox 2160 2643 3678 2720">
    <p class='ocr_par' dir='ltr' id='par_1_54' title="bbox 2160 2643 3678 2720">
     <span class='ocr_line' id='line_1_55' title="bbox 2160 2643 3678 2720; baseline 0.003 -21"><span class='ocrx_word' id='word_1_411' title='bbox 2160 2646 2382 2718; x_wconf 86' lang='grc' dir='ltr'>Πρῶτον</span> <span class='ocrx_word' id='word_1_412' title='bbox 2424 2647 2522 2717; x_wconf 82' lang='grc' dir='ltr'>μὲν</span> <span class='ocrx_word' id='word_1_413' title='bbox 2565 2643 2656 2701; x_wconf 80' lang='grc' dir='ltr'><strong>οὖν</strong></span> <span class='ocrx_word' id='word_1_414' title='bbox 2702 2649 2841 2719; x_wconf 79' lang='grc' dir='ltr'>μήτε</span> <span class='ocrx_word' id='word_1_415' title='bbox 2884 2647 2974 2701; x_wconf 84' lang='grc' dir='ltr'>τὸν</span> <span class='ocrx_word' id='word_1_416' title='bbox 3009 2647 3318 2712; x_wconf 79' lang='grc' dir='ltr'>Σαϐέλλιον,</span> <span class='ocrx_word' id='word_1_417' title='bbox 3356 2650 3499 2720; x_wconf 87' lang='grc' dir='ltr'>μήτε</span> <span class='ocrx_word' id='word_1_418' title='bbox 3535 2650 3678 2703; x_wconf 78' lang='grc' dir='ltr'><strong>’1ου-</strong></span> 
     </span>
    </p>
   </div>
   <div class='ocr_carea' id='block_1_55' title="bbox 2088 2739 3682 2813">
    <p class='ocr_par' dir='ltr' id='par_1_55' title="bbox 2088 2739 3682 2813">
     <span class='ocr_line' id='line_1_56' title="bbox 2088 2739 3682 2813; baseline 0.001 -19"><span class='ocrx_word' id='word_1_419' title='bbox 2088 2741 2268 2804; x_wconf 85' lang='grc' dir='ltr'>δαίους</span> <span class='ocrx_word' id='word_1_420' title='bbox 2298 2741 2601 2810; x_wconf 78' lang='grc' dir='ltr'>ὴγνωκέναι</span> <span class='ocrx_word' id='word_1_421' title='bbox 2615 2739 2702 2795; x_wconf 81' lang='grc' dir='ltr'>τὸν</span> <span class='ocrx_word' id='word_1_422' title='bbox 2718 2740 2849 2794; x_wconf 83' lang='grc' dir='ltr'>Θεὸν</span> <span class='ocrx_word' id='word_1_423' title='bbox 2865 2740 2988 2813; x_wconf 73' lang='grc' dir='ltr'>ἔφη,</span> <span class='ocrx_word' id='word_1_424' title='bbox 3014 2740 3092 2812; x_wconf 85' lang='grc' dir='ltr'><strong>τῷ</strong></span> <span class='ocrx_word' id='word_1_425' title='bbox 3115 2741 3190 2812; x_wconf 84' lang='grc' dir='ltr'>μὴ</span> <span class='ocrx_word' id='word_1_426' title='bbox 3209 2741 3297 2795; x_wconf 83' lang='grc' dir='ltr'><strong>τὸν</strong></span> <span class='ocrx_word' id='word_1_427' title='bbox 3309 2741 3482 2810; x_wconf 88' lang='grc' dir='ltr'>Λόγον</span> <span class='ocrx_word' id='word_1_428' title='bbox 3497 2744 3682 2811; x_wconf 71' lang='grc' dir='ltr'>ἠγνω-</span> 
     </span>
    </p>
   </div>
   <div class='ocr_carea' id='block_1_56' title="bbox 2091 2830 3680 2905">
    <p class='ocr_par' dir='ltr' id='par_1_56' title="bbox 2091 2830 3680 2905">
     <span class='ocr_line' id='line_1_57' title="bbox 2091 2830 3680 2905; baseline 0.002 -22"><span class='ocrx_word' id='word_1_429' title='bbox 2091 2831 2244 2884; x_wconf 84' lang='grc' dir='ltr'>κέναι</span> <span class='ocrx_word' id='word_1_430' title='bbox 2271 2830 2484 2895; x_wconf 80' lang='grc' dir='ltr'>αὐτούς.</span> <span class='ocrx_word' id='word_1_431' title='bbox 2502 2831 2612 2901; x_wconf 82' lang='grc'><strong>(59)</strong></span> <span class='ocrx_word' id='word_1_432' title='bbox 2629 2830 2939 2901; x_wconf 70' lang='grc' dir='ltr'>Σκέψασθαι</span> <span class='ocrx_word' id='word_1_433' title='bbox 2967 2832 3023 2886; x_wconf 86' lang='grc' dir='ltr'>δὲ</span> <span class='ocrx_word' id='word_1_434' title='bbox 3061 2834 3165 2905; x_wconf 83' lang='grc' dir='ltr'><strong>χρὴ</strong></span> <span class='ocrx_word' id='word_1_435' title='bbox 3205 2834 3386 2886; x_wconf 85' lang='grc' dir='ltr'>ὁποῖον</span> <span class='ocrx_word' id='word_1_436' title='bbox 3417 2833 3680 2886; x_wconf 77' lang='grc' dir='ltr'>ὑποτίθε-</span> 
     </span>
    </p>
   </div>
   <div class='ocr_carea' id='block_1_57' title="bbox 2090 2919 3677 2996">
    <p class='ocr_par' dir='ltr' id='par_1_57' title="bbox 2090 2919 3677 2996">
     <span class='ocr_line' id='line_1_58' title="bbox 2090 2919 3677 2996; baseline 0.002 -20"><span class='ocrx_word' id='word_1_437' title='bbox 2090 2939 2178 2976; x_wconf 86' lang='grc' dir='ltr'><strong>ται</strong></span> <span class='ocrx_word' id='word_1_438' title='bbox 2211 2923 2410 2991; x_wconf 70' lang='grc' dir='ltr'>Λόγονο</span> <span class='ocrx_word' id='word_1_439' title='bbox 2463 2923 2526 2975; x_wconf 82' lang='grc' dir='ltr'>Εἰ</span> <span class='ocrx_word' id='word_1_440' title='bbox 2573 2921 2673 2993; x_wconf 85' lang='grc' dir='ltr'>μὲν</span> <span class='ocrx_word' id='word_1_441' title='bbox 2704 2919 2814 2991; x_wconf 82' lang='grc' dir='ltr'>γὰρ</span> <span class='ocrx_word' id='word_1_442' title='bbox 2845 2921 2938 2975; x_wconf 79' lang='grc' dir='ltr'>τὸν</span> <span class='ocrx_word' id='word_1_443' title='bbox 2971 2922 3097 2976; x_wconf 88' lang='grc' dir='ltr'>Υἱὸν</span> <span class='ocrx_word' id='word_1_444' title='bbox 3123 2923 3216 2976; x_wconf 89' lang='grc' dir='ltr'><strong>τοῦ</strong></span> <span class='ocrx_word' id='word_1_445' title='bbox 3261 2922 3397 2976; x_wconf 87' lang='grc' dir='ltr'>Θεοῦ</span> <span class='ocrx_word' id='word_1_446' title='bbox 3433 2923 3527 2976; x_wconf 82' lang='grc' dir='ltr'><strong>τὸν</strong></span> <span class='ocrx_word' id='word_1_447' title='bbox 3573 2942 3677 2996; x_wconf 85' lang='grc' dir='ltr'>μο-</span> 
     </span>
    </p>
   </div>
   <div class='ocr_carea' id='block_1_58' title="bbox 2093 3012 3677 3086">
    <p class='ocr_par' dir='ltr' id='par_1_58' title="bbox 2093 3012 3677 3086">
     <span class='ocr_line' id='line_1_59' title="bbox 2093 3012 3677 3086; baseline 0 -18"><span class='ocrx_word' id='word_1_448' title='bbox 2093 3015 2304 3086; x_wconf 83' lang='grc' dir='ltr'>νογενῆ,</span> <span class='ocrx_word' id='word_1_449' title='bbox 2337 3014 2427 3068; x_wconf 87' lang='grc' dir='ltr'>τὸν</span> <span class='ocrx_word' id='word_1_450' title='bbox 2461 3012 2768 3083; x_wconf 80' lang='grc' dir='ltr'>ὑφεστῶτα,</span> <span class='ocrx_word' id='word_1_451' title='bbox 2820 3015 2910 3071; x_wconf 76' lang='grc' dir='ltr'><strong>καὶ</strong></span> <span class='ocrx_word' id='word_1_452' title='bbox 2955 3014 3134 3080; x_wconf 78' lang='grc' dir='ltr'>ζῶντα</span> <span class='ocrx_word' id='word_1_453' title='bbox 3155 3054 3170 3079; x_wconf 94' lang='grc'><strong>,</strong></span> <span class='ocrx_word' id='word_1_454' title='bbox 3217 3014 3332 3068; x_wconf 79' lang='grc' dir='ltr'>ἀλλ’</span> <span class='ocrx_word' id='word_1_455' title='bbox 3367 3014 3478 3068; x_wconf 75' lang='grc' dir='ltr'>οὐδ’</span> <span class='ocrx_word' id='word_1_456' title='bbox 3508 3015 3677 3080; x_wconf 72' lang='grc' dir='ltr'>αὐτὸς</span> 
     </span>
    </p>
   </div>
   <div class='ocr_carea' id='block_1_59' title="bbox 417 3099 1983 3189">
    <p class='ocr_par' dir='ltr' id='par_1_59' title="bbox 417 3099 1983 3170">
     <span class='ocr_line' id='line_1_60' title="bbox 417 3099 1983 3170; baseline 0.005 -19"><span class='ocrx_word' id='word_1_457' title='bbox 417 3109 528 3152; x_wconf 90' lang='lat' dir='ltr'><strong>met</strong></span> <span class='ocrx_word' id='word_1_458' title='bbox 559 3101 793 3168; x_wconf 77' lang='lat' dir='ltr'><strong>agnovit.</strong></span> <span class='ocrx_word' id='word_1_459' title='bbox 817 3099 1060 3170; x_wconf 85' lang='lat' dir='ltr'><strong>Cumque</strong></span> <span class='ocrx_word' id='word_1_460' title='bbox 1109 3102 1363 3158; x_wconf 84' lang='lat' dir='ltr'><strong>Servatur</strong></span> <span class='ocrx_word' id='word_1_461' title='bbox 1401 3111 1586 3158; x_wconf 86' lang='lat' dir='ltr'><strong>noster</strong></span> <span class='ocrx_word' id='word_1_462' title='bbox 1625 3105 1983 3160; x_wconf 70' lang='lat' dir='ltr'><strong>diversimotle</strong></span> 
     </span>
    </p>
   </div>
   <div class='ocr_carea' id='block_1_60' title="bbox 2094 3099 3680 3189">
    <p class='ocr_par' dir='ltr' id='par_1_60' title="bbox 2094 3101 3680 3178">
     <span class='ocr_line' id='line_1_61' title="bbox 2094 3101 3680 3178; baseline 0.001 -19"><span class='ocrx_word' id='word_1_463' title='bbox 2094 3105 2277 3159; x_wconf 85' lang='grc' dir='ltr'>τοῦτον</span> <span class='ocrx_word' id='word_1_464' title='bbox 2312 3104 2472 3174; x_wconf 78' lang='grc' dir='ltr'>ἔγνω.</span> <span class='ocrx_word' id='word_1_465' title='bbox 2504 3105 2710 3159; x_wconf 78' lang='grc' dir='ltr'>Αὐτίκα</span> <span class='ocrx_word' id='word_1_466' title='bbox 2740 3107 2784 3160; x_wconf 85' lang='grc' dir='ltr'>δ’</span> <span class='ocrx_word' id='word_1_467' title='bbox 2811 3101 2925 3171; x_wconf 76' lang='grc' dir='ltr'>οὖν,</span> <span class='ocrx_word' id='word_1_468' title='bbox 2966 3107 3058 3160; x_wconf 84' lang='grc' dir='ltr'><strong>τοῦ</strong></span> <span class='ocrx_word' id='word_1_469' title='bbox 3099 3107 3352 3178; x_wconf 80' lang='grc' dir='ltr'>Σωτῆρος</span> <span class='ocrx_word' id='word_1_470' title='bbox 3377 3106 3537 3177; x_wconf 78' lang='grc' dir='ltr'>ἡμῶν</span> <span class='ocrx_word' id='word_1_471' title='bbox 3562 3107 3680 3160; x_wconf 81' lang='grc' dir='ltr'>δια-</span> 
     </span>
    </p>
   </div>
   <div class='ocr_carea' id='block_1_61' title="bbox 417 3187 1983 3268">
    <p class='ocr_par' dir='ltr' id='par_1_61' title="bbox 417 3187 1980 3264">
     <span class='ocr_line' id='line_1_62' title="bbox 417 3187 1980 3264; baseline 0.006 -26"><span class='ocrx_word' id='word_1_472' title='bbox 417 3189 743 3242; x_wconf 89' lang='lat' dir='ltr'><strong>mentionem</strong></span> <span class='ocrx_word' id='word_1_473' title='bbox 780 3187 900 3244; x_wconf 87' lang='lat' dir='ltr'><strong>Filii</strong></span> <span class='ocrx_word' id='word_1_474' title='bbox 955 3190 1188 3246; x_wconf 86' lang='lat' dir='ltr'><strong>fecerit:</strong></span> <span class='ocrx_word' id='word_1_475' title='bbox 1231 3201 1285 3246; x_wconf 94' lang='lat' dir='ltr'><strong>et</strong></span> <span class='ocrx_word' id='word_1_476' title='bbox 1327 3192 1602 3248; x_wconf 89' lang='lat' dir='ltr'><strong>multoties</strong></span> <span class='ocrx_word' id='word_1_477' title='bbox 1633 3193 1980 3264; x_wconf 86' lang='lat' dir='ltr'><strong>Unigenitum</strong></span> 
     </span>
    </p>
   </div>
   <div class='ocr_carea' id='block_1_62' title="bbox 2094 3187 3678 3268">
    <p class='ocr_par' dir='ltr' id='par_1_62' title="bbox 2094 3196 3678 3268">
     <span class='ocr_line' id='line_1_63' title="bbox 2094 3196 3678 3268; baseline 0.003 -21"><span class='ocrx_word' id='word_1_478' title='bbox 2094 3197 2268 3267; x_wconf 83' lang='grc' dir='ltr'>φόρως</span> <span class='ocrx_word' id='word_1_479' title='bbox 2301 3196 2771 3268; x_wconf 81' lang='grc' dir='ltr'>μνημονεύσαντος</span> <span class='ocrx_word' id='word_1_480' title='bbox 2802 3197 2894 3251; x_wconf 82' lang='grc' dir='ltr'><strong>τοῦ</strong></span> <span class='ocrx_word' id='word_1_481' title='bbox 2938 3197 3089 3262; x_wconf 88' lang='grc' dir='ltr'>Υἱοῦ,</span> <span class='ocrx_word' id='word_1_482' title='bbox 3121 3197 3213 3251; x_wconf 75' lang='grc' dir='ltr'><strong>καὶ</strong></span> <span class='ocrx_word' id='word_1_483' title='bbox 3260 3196 3523 3260; x_wconf 79' lang='grc' dir='ltr'>πολλάκις</span> <span class='ocrx_word' id='word_1_484' title='bbox 3579 3215 3678 3268; x_wconf 88' lang='grc' dir='ltr'>μο-</span> 
     </span>
    </p>
   </div>
   <div class='ocr_carea' id='block_1_63' title="bbox 418 3274 1982 3345">
    <p class='ocr_par' dir='ltr' id='par_1_63' title="bbox 418 3274 1982 3345">
     <span class='ocr_line' id='line_1_64' title="bbox 418 3274 1982 3345; baseline 0.003 -17"><span class='ocrx_word' id='word_1_485' title='bbox 418 3274 567 3328; x_wconf 88' lang='lat' dir='ltr'><strong>illum</strong></span> <span class='ocrx_word' id='word_1_486' title='bbox 598 3275 972 3345; x_wconf 89' lang='lat' dir='ltr'><strong>appellaverit,</strong></span> <span class='ocrx_word' id='word_1_487' title='bbox 1003 3293 1105 3332; x_wconf 89' lang='lat' dir='ltr'><strong>nec</strong></span> <span class='ocrx_word' id='word_1_488' title='bbox 1132 3279 1328 3333; x_wconf 89' lang='lat' dir='ltr'><strong>alicubi</strong></span> <span class='ocrx_word' id='word_1_489' title='bbox 1362 3293 1421 3334; x_wconf 87' lang='lat' dir='ltr'><strong>se</strong></span> <span class='ocrx_word' id='word_1_490' title='bbox 1448 3277 1686 3335; x_wconf 86' lang='lat' dir='ltr'><strong>Verbum</strong></span> <span class='ocrx_word' id='word_1_491' title='bbox 1745 3281 1982 3334; x_wconf 73' lang='lat' dir='ltr'><strong>nomina-</strong></span> 
     </span>
    </p>
   </div>
   <div class='ocr_carea' id='block_1_64' title="bbox 415 3363 1985 3436">
    <p class='ocr_par' dir='ltr' id='par_1_64' title="bbox 415 3363 1985 3436">
     <span class='ocr_line' id='line_1_65' title="bbox 415 3363 1985 3436; baseline 0.006 -21"><span class='ocrx_word' id='word_1_492' title='bbox 415 3363 575 3427; x_wconf 86' lang='lat' dir='ltr'><strong>verit,</strong></span> <span class='ocrx_word' id='word_1_493' title='bbox 612 3365 706 3418; x_wconf 89' lang='lat' dir='ltr'><strong>sed</strong></span> <span class='ocrx_word' id='word_1_494' title='bbox 745 3364 944 3435; x_wconf 90' lang='lat' dir='ltr'><strong>ubique</strong></span> <span class='ocrx_word' id='word_1_495' title='bbox 969 3381 1064 3436; x_wconf 90' lang='lat' dir='ltr'><strong>per</strong></span> <span class='ocrx_word' id='word_1_496' title='bbox 1082 3365 1368 3436; x_wconf 83' lang='lat' dir='ltr'><strong>Evangelia</strong></span> <span class='ocrx_word' id='word_1_497' title='bbox 1404 3382 1462 3422; x_wconf 87' lang='lat' dir='ltr'><strong>se</strong></span> <span class='ocrx_word' id='word_1_498' title='bbox 1487 3367 1577 3422; x_wconf 88' lang='lat' dir='ltr'><strong>Dei</strong></span> <span class='ocrx_word' id='word_1_499' title='bbox 1613 3367 1804 3422; x_wconf 85' lang='lat' dir='ltr'><strong>Filium</strong></span> <span class='ocrx_word' id='word_1_500' title='bbox 1831 3384 1985 3424; x_wconf 91' lang='lat' dir='ltr'><strong>usur-</strong></span> 
     </span>
    </p>
   </div>
   <div class='ocr_carea' id='block_1_65' title="bbox 416 3455 1980 3526">
    <p class='ocr_par' dir='ltr' id='par_1_65' title="bbox 416 3455 1980 3526">
     <span class='ocr_line' id='line_1_66' title="bbox 416 3455 1980 3526; baseline 0.004 -20"><span class='ocrx_word' id='word_1_501' title='bbox 416 3455 630 3523; x_wconf 82' lang='lat' dir='ltr'><strong>paverit</strong></span> <span class='ocrx_word' id='word_1_502' title='bbox 661 3473 674 3509; x_wconf 88' lang='lat'><strong>:</strong></span> <span class='ocrx_word' id='word_1_503' title='bbox 703 3455 772 3510; x_wconf 90' lang='lat' dir='ltr'><strong>ob</strong></span> <span class='ocrx_word' id='word_1_504' title='bbox 800 3470 1027 3526; x_wconf 87' lang='lat' dir='ltr'><strong>eamque</strong></span> <span class='ocrx_word' id='word_1_505' title='bbox 1058 3458 1232 3526; x_wconf 86' lang='lat' dir='ltr'><strong>ipsam</strong></span> <span class='ocrx_word' id='word_1_506' title='bbox 1268 3457 1705 3524; x_wconf 84' lang='lat' dir='ltr'><strong>confessionem,</strong></span> <span class='ocrx_word' id='word_1_507' title='bbox 1767 3458 1980 3513; x_wconf 78' lang='lat' dir='ltr'><strong>Petrum</strong></span> 
     </span>
    </p>
   </div>
   <div class='ocr_carea' id='block_1_66' title="bbox 411 3545 1975 3619">
    <p class='ocr_par' dir='ltr' id='par_1_66' title="bbox 411 3545 1975 3619">
     <span class='ocr_line' id='line_1_67' title="bbox 411 3545 1975 3619; baseline 0.002 -20"><span class='ocrx_word' id='word_1_508' title='bbox 411 3545 629 3599; x_wconf 87' lang='lat' dir='ltr'><strong>beatum</strong></span> <span class='ocrx_word' id='word_1_509' title='bbox 658 3547 1032 3614; x_wconf 63' lang='lat' dir='ltr'><strong>praedicaverit</strong></span> <span class='ocrx_word' id='word_1_510' title='bbox 1076 3560 1296 3619; x_wconf 86' lang='lat' dir='ltr'><strong>pr0pter</strong></span> <span class='ocrx_word' id='word_1_511' title='bbox 1345 3549 1490 3603; x_wconf 81' lang='lat' dir='ltr'><strong>illam</strong></span> <span class='ocrx_word' id='word_1_512' title='bbox 1533 3551 1928 3607; x_wconf 79' lang='lat' dir='ltr'><strong>confessionem</strong></span> <span class='ocrx_word' id='word_1_513' title='bbox 1963 3567 1975 3602; x_wconf 90' lang='lat'><strong>:</strong></span> 
     </span>
    </p>
   </div>
   <div class='ocr_carea' id='block_1_67' title="bbox 2088 3285 3678 3358">
    <p class='ocr_par' dir='ltr' id='par_1_67' title="bbox 2088 3285 3678 3358">
     <span class='ocr_line' id='line_1_68' title="bbox 2088 3285 3678 3358; baseline 0.001 -20"><span class='ocrx_word' id='word_1_514' title='bbox 2088 3285 2278 3357; x_wconf 83' lang='grc' dir='ltr'>νογενῆ</span> <span class='ocrx_word' id='word_1_515' title='bbox 2313 3286 2440 3343; x_wconf 81' lang='grc' dir='ltr'>Υἱὺν</span> <span class='ocrx_word' id='word_1_516' title='bbox 2480 3287 2809 3351; x_wconf 82' lang='grc' dir='ltr'>ἀνειπόντος,</span> <span class='ocrx_word' id='word_1_517' title='bbox 2845 3286 2939 3340; x_wconf 71' lang='grc' dir='ltr'>καὶ</span> <span class='ocrx_word' id='word_1_518' title='bbox 2968 3287 3236 3358; x_wconf 80' lang='grc' dir='ltr'>μηδέποτε</span> <span class='ocrx_word' id='word_1_519' title='bbox 3264 3287 3437 3354; x_wconf 87' lang='grc' dir='ltr'>Λόγον</span> <span class='ocrx_word' id='word_1_520' title='bbox 3479 3287 3678 3340; x_wconf 79' lang='grc' dir='ltr'>ἑαυτὸν</span> 
     </span>
    </p>
   </div>
   <div class='ocr_carea' id='block_1_68' title="bbox 2085 3377 3676 3446">
    <p class='ocr_par' dir='ltr' id='par_1_68' title="bbox 2085 3377 3676 3446">
     <span class='ocr_line' id='line_1_69' title="bbox 2085 3377 3676 3446; baseline -0.001 -14"><span class='ocrx_word' id='word_1_521' title='bbox 2085 3378 2538 3443; x_wconf 77' lang='grc' dir='ltr'>ἀποκαλέσαντος,</span> <span class='ocrx_word' id='word_1_522' title='bbox 2581 3378 2667 3431; x_wconf 75' lang='grc' dir='ltr'>διὰ</span> <span class='ocrx_word' id='word_1_523' title='bbox 2693 3379 2908 3433; x_wconf 86' lang='grc' dir='ltr'>πάντων</span> <span class='ocrx_word' id='word_1_524' title='bbox 2944 3377 3002 3431; x_wconf 78' lang='grc' dir='ltr'>δὲ</span> <span class='ocrx_word' id='word_1_525' title='bbox 3029 3377 3136 3431; x_wconf 87' lang='grc' dir='ltr'>τῶν</span> <span class='ocrx_word' id='word_1_526' title='bbox 3165 3377 3514 3446; x_wconf 80' lang='grc' dir='ltr'>Εὑαγγελίων</span> <span class='ocrx_word' id='word_1_527' title='bbox 3543 3378 3676 3431; x_wconf 76' lang='grc' dir='ltr'>Υίδν</span> 
     </span>
    </p>
   </div>
   <div class='ocr_carea' id='block_1_69' title="bbox 2085 3462 3677 3540">
    <p class='ocr_par' dir='ltr' id='par_1_69' title="bbox 2085 3462 3677 3540">
     <span class='ocr_line' id='line_1_70' title="bbox 2085 3462 3677 3540; baseline -0.001 -15"><span class='ocrx_word' id='word_1_528' title='bbox 2085 3471 2220 3525; x_wconf 90' lang='grc' dir='ltr'>Θεοῦ</span> <span class='ocrx_word' id='word_1_529' title='bbox 2246 3467 2382 3526; x_wconf 78' lang='grc' dir='ltr'>εἶναι</span> <span class='ocrx_word' id='word_1_530' title='bbox 2405 3471 2736 3536; x_wconf 80' lang='grc' dir='ltr'>διδάξαντος,</span> <span class='ocrx_word' id='word_1_531' title='bbox 2771 3472 2856 3538; x_wconf 76' lang='grc' dir='ltr'><strong>ἐφ’</strong></span> <span class='ocrx_word' id='word_1_532' title='bbox 2893 3462 2938 3537; x_wconf 81' lang='grc' dir='ltr'>ᾧ</span> <span class='ocrx_word' id='word_1_533' title='bbox 2982 3469 3076 3524; x_wconf 79' lang='grc' dir='ltr'><strong>καὶ</strong></span> <span class='ocrx_word' id='word_1_534' title='bbox 3114 3469 3412 3540; x_wconf 82' lang='grc' dir='ltr'>μακαρίζει</span> <span class='ocrx_word' id='word_1_535' title='bbox 3441 3470 3534 3522; x_wconf 82' lang='grc' dir='ltr'><strong>τὸν</strong></span> <span class='ocrx_word' id='word_1_536' title='bbox 3569 3471 3677 3524; x_wconf 82' lang='grc' dir='ltr'><strong>Πέ-</strong></span> 
     </span>
    </p>
   </div>
   <div class='ocr_carea' id='block_1_70' title="bbox 2085 3558 3675 3636">
    <p class='ocr_par' dir='ltr' id='par_1_70' title="bbox 2085 3558 3675 3636">
     <span class='ocr_line' id='line_1_71' title="bbox 2085 3558 3675 3636; baseline 0.001 -20"><span class='ocrx_word' id='word_1_537' title='bbox 2085 3581 2210 3635; x_wconf 88' lang='grc' dir='ltr'>τρον</span> <span class='ocrx_word' id='word_1_538' title='bbox 2240 3563 2518 3636; x_wconf 84' lang='grc' dir='ltr'>εἰρηκότα,</span> <span class='ocrx_word' id='word_1_539' title='bbox 2552 3563 2634 3616; x_wconf 90' lang='grc' dir='ltr'><strong>Σὺ</strong></span> <span class='ocrx_word' id='word_1_540' title='bbox 2661 3558 2722 3617; x_wconf 82' lang='grc' dir='ltr'>εἴ</span> <span class='ocrx_word' id='word_1_541' title='bbox 2747 3565 2781 3616; x_wconf 88' lang='grc' dir='ltr'>ό</span> <span class='ocrx_word' id='word_1_542' title='bbox 2809 3562 3083 3629; x_wconf 81' lang='grc' dir='ltr'>Χριστὸς,</span> <span class='ocrx_word' id='word_1_543' title='bbox 3121 3565 3154 3616; x_wconf 84' lang='grc' dir='ltr'>ό</span> <span class='ocrx_word' id='word_1_544' title='bbox 3189 3563 3322 3627; x_wconf 80' lang='grc' dir='ltr'><strong>Υἱὸς</strong></span> <span class='ocrx_word' id='word_1_545' title='bbox 3375 3562 3484 3616; x_wconf 85' lang='grc' dir='ltr'><strong>τοῦ</strong></span> <span class='ocrx_word' id='word_1_546' title='bbox 3515 3563 3675 3618; x_wconf 82' lang='grc' dir='ltr'>Θεοῦ</span> 
     </span>
    </p>
   </div>
   <div class='ocr_carea' id='block_1_71' title="bbox 335 5496 1183 5566">
    <p class='ocr_par' dir='ltr' id='par_1_71' title="bbox 335 5496 1183 5566">
     <span class='ocr_line' id='line_1_72' title="bbox 335 5496 1183 5566; baseline 0.007 -16"><span class='ocrx_word' id='word_1_547' title='bbox 335 5517 348 5532; x_wconf 73' lang='grc' dir='ltr'><strong>ι</strong></span> <span class='ocrx_word' id='word_1_548' title='bbox 409 5496 678 5551; x_wconf 76' lang='lat' dir='ltr'><strong>Sabellius</strong></span> <span class='ocrx_word' id='word_1_549' title='bbox 706 5499 955 5553; x_wconf 88' lang='lat' dir='ltr'><strong>meminit</strong></span> <span class='ocrx_word' id='word_1_550' title='bbox 984 5496 1142 5566; x_wconf 84' lang='grc' dir='ltr'>λόγου</span> <span class='ocrx_word' id='word_1_551' title='bbox 1169 5539 1183 5556; x_wconf 91' lang='grc'><strong>.</strong></span> 
     </span>
    </p>
   </div>
   <div class='ocr_carea' id='block_1_72' title="bbox 417 3624 1983 3726">
    <p class='ocr_par' dir='ltr' id='par_1_72' title="bbox 417 3624 1983 3710">
     <span class='ocr_line' id='line_1_73' title="bbox 417 3624 1983 3710; baseline 0.004 -22"><span class='ocrx_word' id='word_1_552' title='bbox 417 3633 497 3690; x_wconf 84' lang='lat' dir='ltr'><strong>Tu</strong></span> <span class='ocrx_word' id='word_1_553' title='bbox 534 3652 587 3690; x_wconf 88' lang='lat' dir='ltr'><strong>es</strong></span> <span class='ocrx_word' id='word_1_554' title='bbox 609 3637 700 3692; x_wconf 85' lang='lat' dir='ltr'><strong>ille</strong></span> <span class='ocrx_word' id='word_1_555' title='bbox 723 3636 984 3702; x_wconf 75' lang='lat' dir='ltr'><strong>Christus,</strong></span> <span class='ocrx_word' id='word_1_556' title='bbox 1018 3636 1192 3692; x_wconf 87' lang='lat' dir='ltr'><strong>Filius</strong></span> <span class='ocrx_word' id='word_1_557' title='bbox 1225 3638 1320 3693; x_wconf 85' lang='lat' dir='ltr'><strong>Dei</strong></span> <span class='ocrx_word' id='word_1_558' title='bbox 1348 3624 1452 3694; x_wconf 79' lang='lat' dir='ltr'><strong>uiui</strong></span> <span class='ocrx_word' id='word_1_559' title='bbox 1477 3641 1523 3672; x_wconf 72' lang='lat'><strong><em>7&quot;</em></strong></span> <span class='ocrx_word' id='word_1_560' title='bbox 1551 3656 1568 3694; x_wconf 94' lang='lat'><strong><em>:</em></strong></span> <span class='ocrx_word' id='word_1_561' title='bbox 1608 3641 1757 3710; x_wconf 83' lang='lat' dir='ltr'><strong>Cujus</strong></span> <span class='ocrx_word' id='word_1_562' title='bbox 1788 3641 1983 3695; x_wconf 87' lang='lat' dir='ltr'><strong>revela-</strong></span> 
     </span>
    </p>
   </div>
   <div class='ocr_carea' id='block_1_73' title="bbox 2094 3624 3674 3726">
    <p class='ocr_par' dir='ltr' id='par_1_73' title="bbox 2094 3653 3674 3726">
     <span class='ocr_line' id='line_1_74' title="bbox 2094 3653 3674 3726; baseline 0.001 -19"><span class='ocrx_word' id='word_1_563' title='bbox 2094 3654 2189 3708; x_wconf 71' lang='grc' dir='ltr'><strong>τοῦ</strong></span> <span class='ocrx_word' id='word_1_564' title='bbox 2219 3653 2460 3722; x_wconf 66' lang='grc' dir='ltr'><strong>ζῶντοςυ</strong></span> <span class='ocrx_word' id='word_1_565' title='bbox 2491 3657 2586 3709; x_wconf 71' lang='grc' dir='ltr'><strong>καὶ</strong></span> <span class='ocrx_word' id='word_1_566' title='bbox 2612 3655 2710 3726; x_wconf 82' lang='grc' dir='ltr'>τὴν</span> <span class='ocrx_word' id='word_1_567' title='bbox 2742 3654 2943 3725; x_wconf 85' lang='grc' dir='ltr'>γνῶσιν</span> <span class='ocrx_word' id='word_1_568' title='bbox 2976 3653 3126 3724; x_wconf 81' lang='grc' dir='ltr'>αὐτῷ</span> <span class='ocrx_word' id='word_1_569' title='bbox 3158 3654 3562 3724; x_wconf 77' lang='grc' dir='ltr'>ἀποκαλύψεως</span> <span class='ocrx_word' id='word_1_570' title='bbox 3577 3655 3674 3709; x_wconf 81' lang='grc' dir='ltr'><strong>τοῦ</strong></span> 
     </span>
    </p>
   </div>
   <div class='ocr_carea' id='block_1_74' title="bbox 414 3724 1983 3815">
    <p class='ocr_par' dir='ltr' id='par_1_74' title="bbox 414 3724 1979 3799">
     <span class='ocr_line' id='line_1_75' title="bbox 414 3724 1979 3799; baseline 0.006 -23"><span class='ocrx_word' id='word_1_571' title='bbox 414 3724 615 3779; x_wconf 92' lang='lat' dir='ltr'><strong>tionem</strong></span> <span class='ocrx_word' id='word_1_572' title='bbox 668 3741 698 3780; x_wconf 92' lang='lat' dir='ltr'><strong>a</strong></span> <span class='ocrx_word' id='word_1_573' title='bbox 749 3726 909 3781; x_wconf 86' lang='lat' dir='ltr'><strong>Patre</strong></span> <span class='ocrx_word' id='word_1_574' title='bbox 942 3727 1243 3799; x_wconf 85' lang='lat' dir='ltr'><strong>profectam</strong></span> <span class='ocrx_word' id='word_1_575' title='bbox 1276 3730 1323 3784; x_wconf 90' lang='lat' dir='ltr'><strong>ei</strong></span> <span class='ocrx_word' id='word_1_576' title='bbox 1367 3732 1505 3784; x_wconf 80' lang='lat' dir='ltr'><strong>dixit</strong></span> <span class='ocrx_word' id='word_1_577' title='bbox 1535 3733 1854 3796; x_wconf 78' lang='lat' dir='ltr'><strong>innoutisse,</strong></span> <span class='ocrx_word' id='word_1_578' title='bbox 1891 3731 1979 3786; x_wconf 91' lang='lat' dir='ltr'><strong>ubi</strong></span> 
     </span>
    </p>
   </div>
   <div class='ocr_carea' id='block_1_75' title="bbox 2094 3724 3678 3815">
    <p class='ocr_par' dir='ltr' id='par_1_75' title="bbox 2094 3724 3678 3815">
     <span class='ocr_line' id='line_1_76' title="bbox 2094 3724 3678 3815; baseline 0.002 -20"><span class='ocrx_word' id='word_1_579' title='bbox 2094 3743 2296 3815; x_wconf 78' lang='grc' dir='ltr'>Πατρὸς</span> <span class='ocrx_word' id='word_1_580' title='bbox 2323 3745 2600 3813; x_wconf 74' lang='grc' dir='ltr'>γεγονέναι</span> <span class='ocrx_word' id='word_1_581' title='bbox 2633 3724 2900 3814; x_wconf 82' lang='grc' dir='ltr'>μαρτυρεῖ</span> <span class='ocrx_word' id='word_1_582' title='bbox 2923 3761 3122 3814; x_wconf 82' lang='grc' dir='ltr'>φησας,</span> <span class='ocrx_word' id='word_1_583' title='bbox 3145 3743 3448 3811; x_wconf 76' lang='grc' dir='ltr'>Μακάριος</span> <span class='ocrx_word' id='word_1_584' title='bbox 3477 3741 3554 3809; x_wconf 80' lang='grc' dir='ltr'>εἷ,</span> <span class='ocrx_word' id='word_1_585' title='bbox 3577 3745 3678 3798; x_wconf 83' lang='grc' dir='ltr'><strong>Σί-</strong></span> 
     </span>
    </p>
   </div>
   <div class='ocr_carea' id='block_1_76' title="bbox 413 3819 1983 3905">
    <p class='ocr_par' dir='ltr' id='par_1_76' title="bbox 413 3819 1982 3895">
     <span class='ocr_line' id='line_1_77' title="bbox 413 3819 1982 3895; baseline 0.006 -24"><span class='ocrx_word' id='word_1_586' title='bbox 413 3819 765 3886; x_wconf 74' lang='lat' dir='ltr'><strong>testificatur,</strong></span> <span class='ocrx_word' id='word_1_587' title='bbox 804 3819 1000 3876; x_wconf 82' lang='lat' dir='ltr'><strong>Beatus</strong></span> <span class='ocrx_word' id='word_1_588' title='bbox 1034 3840 1109 3889; x_wconf 88' lang='lat' dir='ltr'><strong>es,</strong></span> <span class='ocrx_word' id='word_1_589' title='bbox 1139 3823 1320 3877; x_wconf 86' lang='lat' dir='ltr'><strong>Simon</strong></span> <span class='ocrx_word' id='word_1_590' title='bbox 1340 3823 1598 3894; x_wconf 87' lang='lat' dir='ltr'><strong>Barjona,</strong></span> <span class='ocrx_word' id='word_1_591' title='bbox 1643 3828 1911 3895; x_wconf 82' lang='lat' dir='ltr'><strong>quia.caro</strong></span> <span class='ocrx_word' id='word_1_592' title='bbox 1933 3836 1982 3880; x_wconf 92' lang='lat' dir='ltr'><strong>et</strong></span> 
     </span>
    </p>
   </div>
   <div class='ocr_carea' id='block_1_77' title="bbox 2094 3819 3678 3905">
    <p class='ocr_par' dir='ltr' id='par_1_77' title="bbox 2094 3831 3678 3905">
     <span class='ocr_line' id='line_1_78' title="bbox 2094 3831 3678 3905; baseline 0.002 -19"><span class='ocrx_word' id='word_1_593' title='bbox 2094 3852 2209 3897; x_wconf 73' lang='lat' dir='ltr'><strong>utor</strong></span> <span class='ocrx_word' id='word_1_594' title='bbox 2229 3833 2516 3902; x_wconf 74' lang='grc' dir='ltr'>Βαριωνᾶ,</span> <span class='ocrx_word' id='word_1_595' title='bbox 2547 3837 2636 3889; x_wconf 84' lang='grc' dir='ltr'>ὅτι</span> <span class='ocrx_word' id='word_1_596' title='bbox 2665 3836 2822 3905; x_wconf 77' lang='grc' dir='ltr'>σὰρξ</span> <span class='ocrx_word' id='word_1_597' title='bbox 2853 3837 2952 3890; x_wconf 78' lang='grc' dir='ltr'>καὶ</span> <span class='ocrx_word' id='word_1_598' title='bbox 2978 3831 3120 3904; x_wconf 81' lang='grc' dir='ltr'>αἷμα</span> <span class='ocrx_word' id='word_1_599' title='bbox 3152 3837 3266 3890; x_wconf 82' lang='grc' dir='ltr'><strong>οὐκ</strong></span> <span class='ocrx_word' id='word_1_600' title='bbox 3307 3834 3678 3904; x_wconf 66' lang='grc' dir='ltr'><strong>ἁπεκάλυψέ</strong></span> 
     </span>
    </p>
   </div>
   <div class='ocr_carea' id='block_1_78' title="bbox 414 3912 1983 3995">
    <p class='ocr_par' dir='ltr' id='par_1_78' title="bbox 414 3912 1979 3988">
     <span class='ocr_line' id='line_1_79' title="bbox 414 3912 1979 3988; baseline 0.003 -23"><span class='ocrx_word' id='word_1_601' title='bbox 414 3912 631 3983; x_wconf 82' lang='lat' dir='ltr'><strong>sanguis</strong></span> <span class='ocrx_word' id='word_1_602' title='bbox 661 3914 758 3967; x_wconf 80' lang='lat' dir='ltr'><strong>hoc</strong></span> <span class='ocrx_word' id='word_1_603' title='bbox 802 3915 894 3967; x_wconf 84' lang='lat' dir='ltr'><strong>tibi</strong></span> <span class='ocrx_word' id='word_1_604' title='bbox 927 3931 1031 3968; x_wconf 88' lang='lat' dir='ltr'><strong>non</strong></span> <span class='ocrx_word' id='word_1_605' title='bbox 1069 3916 1335 3984; x_wconf 81' lang='lat' dir='ltr'><strong>reuelauit,</strong></span> <span class='ocrx_word' id='word_1_606' title='bbox 1377 3919 1467 3972; x_wconf 86' lang='lat' dir='ltr'><strong>sed</strong></span> <span class='ocrx_word' id='word_1_607' title='bbox 1506 3917 1672 3971; x_wconf 88' lang='lat' dir='ltr'><strong>Pater</strong></span> <span class='ocrx_word' id='word_1_608' title='bbox 1721 3935 1864 3972; x_wconf 85' lang='lat' dir='ltr'><strong>meus</strong></span> <span class='ocrx_word' id='word_1_609' title='bbox 1892 3919 1979 3988; x_wconf 82' lang='lat' dir='ltr'><strong>qui</strong></span> 
     </span>
    </p>
   </div>
   <div class='ocr_carea' id='block_1_79' title="bbox 2094 3912 3676 3995">
    <p class='ocr_par' dir='ltr' id='par_1_79' title="bbox 2094 3922 3676 3995">
     <span class='ocr_line' id='line_1_80' title="bbox 2094 3922 3676 3995; baseline 0.001 -19"><span class='ocrx_word' id='word_1_610' title='bbox 2094 3939 2204 3988; x_wconf 72' lang='grc' dir='ltr'>σοι,</span> <span class='ocrx_word' id='word_1_611' title='bbox 2235 3925 2372 3978; x_wconf 73' lang='grc' dir='ltr'><strong>ἀλλ’</strong></span> <span class='ocrx_word' id='word_1_612' title='bbox 2417 3926 2450 3977; x_wconf 80' lang='grc' dir='ltr'><em>ὁ</em></span> <span class='ocrx_word' id='word_1_613' title='bbox 2483 3924 2683 3994; x_wconf 80' lang='grc' dir='ltr'>Πατήρ</span> <span class='ocrx_word' id='word_1_614' title='bbox 2703 3943 2826 3995; x_wconf 85' lang='grc' dir='ltr'><strong>μου</strong></span> <span class='ocrx_word' id='word_1_615' title='bbox 2855 3927 2888 3978; x_wconf 84' lang='grc' dir='ltr'>ό</span> <span class='ocrx_word' id='word_1_616' title='bbox 2935 3922 3245 3992; x_wconf 78' lang='grc' dir='ltr'>οὐράνιοςο</span> <span class='ocrx_word' id='word_1_617' title='bbox 3288 3926 3316 3977; x_wconf 86' lang='grc' dir='ltr'>ὁ</span> <span class='ocrx_word' id='word_1_618' title='bbox 3355 3924 3676 3995; x_wconf 78' lang='grc' dir='ltr'>θαυμαστὸς</span> 
     </span>
    </p>
   </div>
   <div class='ocr_carea' id='block_1_80' title="bbox 415 4003 1983 4086">
    <p class='ocr_par' dir='ltr' id='par_1_80' title="bbox 415 4003 1983 4069">
     <span class='ocr_line' id='line_1_81' title="bbox 415 4003 1983 4069; baseline 0.004 -14"><span class='ocrx_word' id='word_1_619' title='bbox 415 4005 568 4058; x_wconf 84' lang='lat' dir='ltr'><strong>estin</strong></span> <span class='ocrx_word' id='word_1_620' title='bbox 591 4003 734 4059; x_wconf 69' lang='lat' dir='ltr'><strong>caelis</strong></span> <span class='ocrx_word' id='word_1_621' title='bbox 788 4005 856 4060; x_wconf 83' lang='lat'><strong>&quot;.</strong></span> <span class='ocrx_word' id='word_1_622' title='bbox 898 4005 997 4060; x_wconf 72' lang='lat' dir='ltr'><strong>Vir</strong></span> <span class='ocrx_word' id='word_1_623' title='bbox 1025 4006 1128 4061; x_wconf 89' lang='lat' dir='ltr'><strong>iste</strong></span> <span class='ocrx_word' id='word_1_624' title='bbox 1161 4007 1512 4069; x_wconf 87' lang='lat' dir='ltr'><strong>admirabilis,</strong></span> <span class='ocrx_word' id='word_1_625' title='bbox 1552 4008 1835 4064; x_wconf 86' lang='lat' dir='ltr'><strong>obturatas</strong></span> <span class='ocrx_word' id='word_1_626' title='bbox 1886 4010 1983 4062; x_wconf 90' lang='lat' dir='ltr'><strong>ha-</strong></span> 
     </span>
    </p>
   </div>
   <div class='ocr_carea' id='block_1_81' title="bbox 2094 4003 3675 4086">
    <p class='ocr_par' dir='ltr' id='par_1_81' title="bbox 2094 4008 3675 4086">
     <span class='ocr_line' id='line_1_82' title="bbox 2094 4008 3675 4086; baseline 0.001 -19"><span class='ocrx_word' id='word_1_627' title='bbox 2094 4010 2236 4078; x_wconf 69' lang='grc' dir='ltr'>οὗτος</span> <span class='ocrx_word' id='word_1_628' title='bbox 2265 4014 2453 4086; x_wconf 82' lang='grc' dir='ltr'>ὥσπερ</span> <span class='ocrx_word' id='word_1_629' title='bbox 2484 4015 2813 4086; x_wconf 75' lang='grc' dir='ltr'>βεϐυσμένος</span> <span class='ocrx_word' id='word_1_630' title='bbox 2841 4014 2910 4068; x_wconf 84' lang='grc' dir='ltr'>τὰ</span> <span class='ocrx_word' id='word_1_631' title='bbox 2952 4008 3086 4079; x_wconf 83' lang='grc' dir='ltr'>ὦτα,</span> <span class='ocrx_word' id='word_1_632' title='bbox 3126 4014 3300 4069; x_wconf 85' lang='grc' dir='ltr'>ταῦτα</span> <span class='ocrx_word' id='word_1_633' title='bbox 3342 4016 3488 4070; x_wconf 81' lang='grc' dir='ltr'>κατὰ</span> <span class='ocrx_word' id='word_1_634' title='bbox 3520 4015 3675 4082; x_wconf 81' lang='grc' dir='ltr'>λέξιν</span> 
     </span>
    </p>
   </div>
   <div class='ocr_carea' id='block_1_82' title="bbox 415 4095 1983 4178">
    <p class='ocr_par' dir='ltr' id='par_1_82' title="bbox 415 4095 1982 4160">
     <span class='ocr_line' id='line_1_83' title="bbox 415 4095 1982 4160; baseline 0.003 -12"><span class='ocrx_word' id='word_1_635' title='bbox 415 4095 550 4150; x_wconf 91' lang='lat' dir='ltr'><strong>bens</strong></span> <span class='ocrx_word' id='word_1_636' title='bbox 583 4109 766 4160; x_wconf 90' lang='lat' dir='ltr'><strong>aures,</strong></span> <span class='ocrx_word' id='word_1_637' title='bbox 789 4095 904 4150; x_wconf 59' lang='lat' dir='ltr'><strong>haec</strong></span> <span class='ocrx_word' id='word_1_638' title='bbox 933 4096 1147 4151; x_wconf 87' lang='lat' dir='ltr'><strong>disertis</strong></span> <span class='ocrx_word' id='word_1_639' title='bbox 1189 4097 1371 4153; x_wconf 89' lang='lat' dir='ltr'><strong>verbis</strong></span> <span class='ocrx_word' id='word_1_640' title='bbox 1423 4098 1611 4153; x_wconf 84' lang='lat' dir='ltr'><strong>scribit</strong></span> <span class='ocrx_word' id='word_1_641' title='bbox 1642 4115 1654 4150; x_wconf 92' lang='lat'><strong>:</strong></span> <span class='ocrx_word' id='word_1_642' title='bbox 1693 4117 1712 4150; x_wconf 77' lang='grc' dir='ltr'><strong>ι</strong></span> <span class='ocrx_word' id='word_1_643' title='bbox 1747 4098 1812 4154; x_wconf 86' lang='grc' dir='ltr'>Ει</span> <span class='ocrx_word' id='word_1_644' title='bbox 1843 4100 1982 4154; x_wconf 88' lang='lat' dir='ltr'><strong>hanc</strong></span> 
     </span>
    </p>
   </div>
   <div class='ocr_carea' id='block_1_83' title="bbox 2094 4095 3673 4178">
    <p class='ocr_par' dir='ltr' id='par_1_83' title="bbox 2094 4104 3673 4178">
     <span class='ocr_line' id='line_1_84' title="bbox 2094 4104 3673 4178; baseline 0.003 -21"><span class='ocrx_word' id='word_1_645' title='bbox 2094 4104 2316 4174; x_wconf 80' lang='grc' dir='ltr'>γράφει·</span> <span class='ocrx_word' id='word_1_646' title='bbox 2355 4124 2374 4157; x_wconf 77' lang='lat' dir='ltr'><strong>t</strong></span> <span class='ocrx_word' id='word_1_647' title='bbox 2415 4106 2525 4158; x_wconf 79' lang='grc' dir='ltr'><strong>Καὶ</strong></span> <span class='ocrx_word' id='word_1_648' title='bbox 2567 4107 2656 4159; x_wconf 78' lang='grc' dir='ltr'>διὰ</span> <span class='ocrx_word' id='word_1_649' title='bbox 2679 4105 2838 4160; x_wconf 89' lang='grc' dir='ltr'>τοῦτο</span> <span class='ocrx_word' id='word_1_650' title='bbox 2859 4107 2958 4178; x_wconf 86' lang='grc' dir='ltr'><strong>οὐχ</strong></span> <span class='ocrx_word' id='word_1_651' title='bbox 2988 4107 3118 4160; x_wconf 85' lang='grc' dir='ltr'>Υἱὸν</span> <span class='ocrx_word' id='word_1_652' title='bbox 3157 4106 3292 4159; x_wconf 87' lang='grc' dir='ltr'>Θεοῦ</span> <span class='ocrx_word' id='word_1_653' title='bbox 3322 4108 3519 4161; x_wconf 76' lang='grc' dir='ltr'>ἑαυτὸν</span> <span class='ocrx_word' id='word_1_654' title='bbox 3551 4109 3673 4161; x_wconf 86' lang='grc' dir='ltr'><strong>ὀνο-</strong></span> 
     </span>
    </p>
   </div>
   <div class='ocr_carea' id='block_1_84' title="bbox 414 4185 1983 4269">
    <p class='ocr_par' dir='ltr' id='par_1_84' title="bbox 414 4185 1979 4256">
     <span class='ocr_line' id='line_1_85' title="bbox 414 4185 1979 4256; baseline 0.001 -14"><span class='ocrx_word' id='word_1_655' title='bbox 414 4186 586 4256; x_wconf 89' lang='lat' dir='ltr'><strong>ipsam</strong></span> <span class='ocrx_word' id='word_1_656' title='bbox 625 4185 694 4240; x_wconf 94' lang='lat' dir='ltr'><strong>ob</strong></span> <span class='ocrx_word' id='word_1_657' title='bbox 722 4187 984 4242; x_wconf 87' lang='lat' dir='ltr'><strong>rationem</strong></span> <span class='ocrx_word' id='word_1_658' title='bbox 1011 4188 1196 4242; x_wconf 92' lang='lat' dir='ltr'><strong>nullibi</strong></span> <span class='ocrx_word' id='word_1_659' title='bbox 1231 4204 1290 4243; x_wconf 92' lang='lat' dir='ltr'><strong>se</strong></span> <span class='ocrx_word' id='word_1_660' title='bbox 1325 4188 1519 4242; x_wconf 87' lang='lat' dir='ltr'><strong>Filium</strong></span> <span class='ocrx_word' id='word_1_661' title='bbox 1552 4189 1644 4244; x_wconf 88' lang='lat' dir='ltr'><strong>Dei</strong></span> <span class='ocrx_word' id='word_1_662' title='bbox 1692 4191 1979 4255; x_wconf 87' lang='lat' dir='ltr'><strong>nominat,</strong></span> 
     </span>
    </p>
   </div>
   <div class='ocr_carea' id='block_1_85' title="bbox 2094 4185 3672 4269">
    <p class='ocr_par' dir='ltr' id='par_1_85' title="bbox 2094 4196 3672 4269">
     <span class='ocr_line' id='line_1_86' title="bbox 2094 4196 3672 4269; baseline 0.006 -25"><span class='ocrx_word' id='word_1_663' title='bbox 2094 4213 2106 4244; x_wconf 86' lang='grc' dir='ltr'><strong>ι</strong></span> <span class='ocrx_word' id='word_1_664' title='bbox 2150 4196 2328 4265; x_wconf 78' lang='grc' dir='ltr'>μάζει,</span> <span class='ocrx_word' id='word_1_665' title='bbox 2361 4196 2494 4251; x_wconf 85' lang='grc' dir='ltr'>ἀλλὰ</span> <span class='ocrx_word' id='word_1_666' title='bbox 2516 4197 2789 4269; x_wconf 87' lang='grc' dir='ltr'>πανταχοῦ</span> <span class='ocrx_word' id='word_1_667' title='bbox 2821 4198 2947 4252; x_wconf 77' lang='grc' dir='ltr'><strong>Υἰὸν</strong></span> <span class='ocrx_word' id='word_1_668' title='bbox 2966 4197 3251 4269; x_wconf 80' lang='grc' dir='ltr'>ἀνθρώπου</span> <span class='ocrx_word' id='word_1_669' title='bbox 3273 4198 3469 4252; x_wconf 77' lang='grc' dir='ltr'>ἑαυτὸν</span> <span class='ocrx_word' id='word_1_670' title='bbox 3496 4199 3672 4268; x_wconf 85' lang='grc' dir='ltr'>λέγει.</span> 
     </span>
    </p>
   </div>
   <div class='ocr_carea' id='block_1_86' title="bbox 416 4276 1983 4361">
    <p class='ocr_par' dir='ltr' id='par_1_86' title="bbox 416 4276 1978 4350">
     <span class='ocr_line' id='line_1_87' title="bbox 416 4276 1978 4350; baseline 0.004 -20"><span class='ocrx_word' id='word_1_671' title='bbox 416 4276 618 4345; x_wconf 89' lang='lat' dir='ltr'><strong>ubique</strong></span> <span class='ocrx_word' id='word_1_672' title='bbox 645 4284 825 4331; x_wconf 89' lang='lat' dir='ltr'><strong>autem</strong></span> <span class='ocrx_word' id='word_1_673' title='bbox 848 4276 1044 4333; x_wconf 89' lang='lat' dir='ltr'><strong>Filium</strong></span> <span class='ocrx_word' id='word_1_674' title='bbox 1099 4279 1357 4347; x_wconf 86' lang='lat' dir='ltr'><strong>hominis,</strong></span> <span class='ocrx_word' id='word_1_675' title='bbox 1408 4289 1464 4332; x_wconf 84' lang='grc' dir='ltr'><strong>ιιι</strong></span> <span class='ocrx_word' id='word_1_676' title='bbox 1494 4295 1588 4350; x_wconf 91' lang='lat' dir='ltr'><strong>per</strong></span> <span class='ocrx_word' id='word_1_677' title='bbox 1640 4281 1780 4337; x_wconf 87' lang='lat' dir='ltr'><strong>hanc</strong></span> <span class='ocrx_word' id='word_1_678' title='bbox 1824 4297 1978 4336; x_wconf 90' lang='lat' dir='ltr'><strong>suam</strong></span> 
     </span>
    </p>
   </div>
   <div class='ocr_carea' id='block_1_87' title="bbox 2094 4276 3673 4361">
    <p class='ocr_par' dir='ltr' id='par_1_87' title="bbox 2094 4287 3673 4361">
     <span class='ocr_line' id='line_1_88' title="bbox 2094 4287 3673 4361; baseline 0.004 -24"><span class='ocrx_word' id='word_1_679' title='bbox 2094 4304 2106 4336; x_wconf 86' lang='grc' dir='ltr'><strong>ι</strong></span> <span class='ocrx_word' id='word_1_680' title='bbox 2147 4287 2233 4339; x_wconf 79' lang='grc' dir='ltr'><strong>ἵνα</strong></span> <span class='ocrx_word' id='word_1_681' title='bbox 2268 4287 2356 4340; x_wconf 81' lang='grc' dir='ltr'>διὰ</span> <span class='ocrx_word' id='word_1_682' title='bbox 2398 4289 2498 4359; x_wconf 82' lang='grc' dir='ltr'>τῆς</span> <span class='ocrx_word' id='word_1_683' title='bbox 2552 4289 2805 4361; x_wconf 77' lang='grc' dir='ltr'>τοιαύτης</span> <span class='ocrx_word' id='word_1_684' title='bbox 2838 4289 3164 4360; x_wconf 82' lang='grc' dir='ltr'>ὁμολογίας,</span> <span class='ocrx_word' id='word_1_685' title='bbox 3220 4288 3334 4358; x_wconf 88' lang='grc'><strong>(60)</strong></span> <span class='ocrx_word' id='word_1_686' title='bbox 3389 4289 3542 4345; x_wconf 85' lang='grc' dir='ltr'>Θέσει</span> <span class='ocrx_word' id='word_1_687' title='bbox 3580 4291 3673 4344; x_wconf 82' lang='grc' dir='ltr'><strong>τὸν</strong></span> 
     </span>
    </p>
   </div>
   <div class='ocr_carea' id='block_1_88' title="bbox 412 4368 1983 4452">
    <p class='ocr_par' dir='ltr' id='par_1_88' title="bbox 412 4368 1981 4442">
     <span class='ocr_line' id='line_1_89' title="bbox 412 4368 1981 4442; baseline 0.003 -18"><span class='ocrx_word' id='word_1_688' title='bbox 412 4368 832 4435; x_wconf 84' lang='lat' dir='ltr'><strong>confessionem,</strong></span> <span class='ocrx_word' id='word_1_689' title='bbox 865 4379 1050 4425; x_wconf 92' lang='lat' dir='ltr'><strong>notum</strong></span> <span class='ocrx_word' id='word_1_690' title='bbox 1084 4370 1305 4433; x_wconf 89' lang='lat' dir='ltr'><strong>faceret,</strong></span> <span class='ocrx_word' id='word_1_691' title='bbox 1343 4385 1463 4424; x_wconf 89' lang='lat' dir='ltr'><strong>eum</strong></span> <span class='ocrx_word' id='word_1_692' title='bbox 1498 4372 1588 4442; x_wconf 86' lang='lat' dir='ltr'><strong>qui</strong></span> <span class='ocrx_word' id='word_1_693' title='bbox 1641 4387 1826 4428; x_wconf 86' lang='lat' dir='ltr'><strong>revera</strong></span> <span class='ocrx_word' id='word_1_694' title='bbox 1861 4383 1981 4428; x_wconf 90' lang='lat' dir='ltr'><strong>erat</strong></span> 
     </span>
    </p>
   </div>
   <div class='ocr_carea' id='block_1_89' title="bbox 2094 4368 3672 4452">
    <p class='ocr_par' dir='ltr' id='par_1_89' title="bbox 2094 4378 3672 4452">
     <span class='ocr_line' id='line_1_90' title="bbox 2094 4378 3672 4452; baseline 0.006 -25"><span class='ocrx_word' id='word_1_695' title='bbox 2094 4395 2106 4427; x_wconf 83' lang='grc' dir='ltr'><strong>ι</strong></span> <span class='ocrx_word' id='word_1_696' title='bbox 2147 4378 2450 4449; x_wconf 81' lang='grc' dir='ltr'>ἄνθρωπον,</span> <span class='ocrx_word' id='word_1_697' title='bbox 2479 4379 2568 4432; x_wconf 82' lang='grc' dir='ltr'>διὰ</span> <span class='ocrx_word' id='word_1_698' title='bbox 2597 4381 2695 4451; x_wconf 79' lang='grc' dir='ltr'>τῆς</span> <span class='ocrx_word' id='word_1_699' title='bbox 2716 4380 2851 4452; x_wconf 81' lang='grc' dir='ltr'>πρὸς</span> <span class='ocrx_word' id='word_1_700' title='bbox 2866 4379 3026 4432; x_wconf 78' lang='grc' dir='ltr'>αὐτὸν</span> <span class='ocrx_word' id='word_1_701' title='bbox 3059 4380 3510 4444; x_wconf 84' lang='grc' dir='ltr'>κοινωνίας,Υἱὸν</span> <span class='ocrx_word' id='word_1_702' title='bbox 3531 4382 3672 4436; x_wconf 85' lang='grc' dir='ltr'>Θεοῦ</span> 
     </span>
    </p>
   </div>
   <div class='ocr_carea' id='block_1_90' title="bbox 412 4460 1983 4548">
    <p class='ocr_par' dir='ltr' id='par_1_90' title="bbox 412 4460 1979 4548">
     <span class='ocr_line' id='line_1_91' title="bbox 412 4460 1979 4548; baseline 0.001 -32"><span class='ocrx_word' id='word_1_703' title='bbox 412 4460 588 4517; x_wconf 86' lang='lat' dir='ltr'><strong>Filius</strong></span> <span class='ocrx_word' id='word_1_704' title='bbox 610 4461 864 4528; x_wconf 86' lang='lat' dir='ltr'><strong>hominis,</strong></span> <span class='ocrx_word' id='word_1_705' title='bbox 887 4470 1106 4532; x_wconf 88' lang='lat' dir='ltr'><strong>propter</strong></span> <span class='ocrx_word' id='word_1_706' title='bbox 1133 4463 1562 4517; x_wconf 88' lang='lat' dir='ltr'><strong>communionem</strong></span> <span class='ocrx_word' id='word_1_707' title='bbox 1587 4463 1753 4530; x_wconf 90' lang='lat' dir='ltr'><strong>illam,</strong></span> <span class='ocrx_word' id='word_1_708' title='bbox 1786 4464 1979 4548; x_wconf 81' lang='lat' dir='ltr'><strong>Filium</strong></span> 
     </span>
    </p>
   </div>
   <div class='ocr_carea' id='block_1_91' title="bbox 2094 4460 3673 4548">
    <p class='ocr_par' dir='ltr' id='par_1_91' title="bbox 2094 4469 3673 4544">
     <span class='ocr_line' id='line_1_92' title="bbox 2094 4469 3673 4544; baseline 0.004 -24"><span class='ocrx_word' id='word_1_709' title='bbox 2094 4487 2110 4520; x_wconf 84' lang='lat' dir='ltr'><strong>r</strong></span> <span class='ocrx_word' id='word_1_710' title='bbox 2151 4469 2402 4536; x_wconf 81' lang='grc' dir='ltr'>γενέσθαι</span> <span class='ocrx_word' id='word_1_711' title='bbox 2444 4471 2859 4543; x_wconf 80' lang='grc' dir='ltr'>παρασκευάσῃ.</span> <span class='ocrx_word' id='word_1_712' title='bbox 2898 4490 2916 4522; x_wconf 73' lang='grc' dir='ltr'><strong>ι</strong></span> <span class='ocrx_word' id='word_1_713' title='bbox 2973 4470 3134 4542; x_wconf 81' lang='grc' dir='ltr'>Ὁρᾷς</span> <span class='ocrx_word' id='word_1_714' title='bbox 3195 4472 3347 4533; x_wconf 83' lang='grc' dir='ltr'>ὅπως</span> <span class='ocrx_word' id='word_1_715' title='bbox 3382 4472 3512 4524; x_wconf 84' lang='grc' dir='ltr'>Υἱὸν</span> <span class='ocrx_word' id='word_1_716' title='bbox 3571 4475 3673 4544; x_wconf 80' lang='grc' dir='ltr'><strong>μὲν</strong></span> 
     </span>
    </p>
   </div>
   <div class='ocr_carea' id='block_1_92' title="bbox 412 4553 1983 4637">
    <p class='ocr_par' dir='ltr' id='par_1_92' title="bbox 412 4553 1983 4623">
     <span class='ocr_line' id='line_1_93' title="bbox 412 4553 1983 4623; baseline 0.004 -17"><span class='ocrx_word' id='word_1_717' title='bbox 412 4553 506 4608; x_wconf 92' lang='lat' dir='ltr'><strong>Dei</strong></span> <span class='ocrx_word' id='word_1_718' title='bbox 543 4555 913 4610; x_wconf 86' lang='lat' dir='ltr'><strong>constitutum.</strong></span> <span class='ocrx_word' id='word_1_719' title='bbox 958 4573 978 4605; x_wconf 73' lang='grc' dir='ltr'><strong>ι</strong></span> <span class='ocrx_word' id='word_1_720' title='bbox 1003 4553 1160 4609; x_wconf 89' lang='lat' dir='ltr'><strong>Vides</strong></span> <span class='ocrx_word' id='word_1_721' title='bbox 1187 4563 1384 4619; x_wconf 89' lang='lat' dir='ltr'><strong>autem,</strong></span> <span class='ocrx_word' id='word_1_722' title='bbox 1419 4556 1558 4623; x_wconf 89' lang='lat' dir='ltr'><strong>quod</strong></span> <span class='ocrx_word' id='word_1_723' title='bbox 1591 4571 1694 4611; x_wconf 92' lang='lat' dir='ltr'><strong>non</strong></span> <span class='ocrx_word' id='word_1_724' title='bbox 1741 4557 1901 4612; x_wconf 88' lang='lat' dir='ltr'><strong>audet</strong></span> <span class='ocrx_word' id='word_1_725' title='bbox 1933 4573 1983 4612; x_wconf 89' lang='lat' dir='ltr'><strong>se</strong></span> 
     </span>
    </p>
   </div>
   <div class='ocr_carea' id='block_1_93' title="bbox 2094 4553 3672 4637">
    <p class='ocr_par' dir='ltr' id='par_1_93' title="bbox 2094 4562 3672 4637">
     <span class='ocr_line' id='line_1_94' title="bbox 2094 4562 3672 4637; baseline 0.003 -23"><span class='ocrx_word' id='word_1_726' title='bbox 2094 4563 2250 4614; x_wconf 80' lang='grc' dir='ltr'>αὐτὸν</span> <span class='ocrx_word' id='word_1_727' title='bbox 2279 4562 2375 4616; x_wconf 90' lang='grc' dir='ltr'><strong>τοῦ</strong></span> <span class='ocrx_word' id='word_1_728' title='bbox 2398 4563 2534 4616; x_wconf 89' lang='grc' dir='ltr'>Θεοῦ</span> <span class='ocrx_word' id='word_1_729' title='bbox 2566 4562 2846 4634; x_wconf 84' lang='grc' dir='ltr'>ὁμολογεῖν</span> <span class='ocrx_word' id='word_1_730' title='bbox 2882 4565 2944 4617; x_wconf 87' lang='grc' dir='ltr'>οὐ</span> <span class='ocrx_word' id='word_1_731' title='bbox 2969 4562 3161 4634; x_wconf 82' lang='grc' dir='ltr'>τολμᾷ,</span> <span class='ocrx_word' id='word_1_732' title='bbox 3194 4563 3270 4627; x_wconf 84' lang='grc' dir='ltr'><strong>ὠς</strong></span> <span class='ocrx_word' id='word_1_733' title='bbox 3292 4565 3359 4618; x_wconf 87' lang='grc' dir='ltr'><strong>ἂν</strong></span> <span class='ocrx_word' id='word_1_734' title='bbox 3398 4565 3475 4637; x_wconf 80' lang='grc' dir='ltr'>μὴ</span> <span class='ocrx_word' id='word_1_735' title='bbox 3506 4567 3672 4619; x_wconf 79' lang='grc' dir='ltr'>ἐκπέ-</span> 
     </span>
    </p>
   </div>
   <div class='ocr_carea' id='block_1_94' title="bbox 417 4645 1983 4724">
    <p class='ocr_par' dir='ltr' id='par_1_94' title="bbox 417 4645 1983 4715">
     <span class='ocr_line' id='line_1_95' title="bbox 417 4645 1983 4715; baseline 0.003 -16"><span class='ocrx_word' id='word_1_736' title='bbox 417 4645 510 4699; x_wconf 89' lang='lat' dir='ltr'><strong>Dei</strong></span> <span class='ocrx_word' id='word_1_737' title='bbox 568 4645 762 4701; x_wconf 88' lang='lat' dir='ltr'><strong>Filium</strong></span> <span class='ocrx_word' id='word_1_738' title='bbox 809 4647 1091 4715; x_wconf 85' lang='lat' dir='ltr'><strong>profiteri:</strong></span> <span class='ocrx_word' id='word_1_739' title='bbox 1143 4662 1210 4700; x_wconf 91' lang='lat' dir='ltr'><strong>ne</strong></span> <span class='ocrx_word' id='word_1_740' title='bbox 1255 4662 1284 4700; x_wconf 87' lang='lat' dir='ltr'><strong>a</strong></span> <span class='ocrx_word' id='word_1_741' title='bbox 1325 4647 1578 4714; x_wconf 83' lang='lat' dir='ltr'><strong>dogmate</strong></span> <span class='ocrx_word' id='word_1_742' title='bbox 1643 4647 1734 4701; x_wconf 88' lang='lat' dir='ltr'><strong>illo</strong></span> <span class='ocrx_word' id='word_1_743' title='bbox 1773 4649 1983 4704; x_wconf 77' lang='lat' dir='ltr'><strong>excidat</strong></span> 
     </span>
    </p>
   </div>
   <div class='ocr_carea' id='block_1_95' title="bbox 2094 4645 3668 4724">
    <p class='ocr_par' dir='ltr' id='par_1_95' title="bbox 2094 4650 3668 4724">
     <span class='ocr_line' id='line_1_96' title="bbox 2094 4650 3668 4724; baseline 0.002 -20"><span class='ocrx_word' id='word_1_744' title='bbox 2094 4669 2166 4704; x_wconf 78' lang='grc' dir='ltr'><strong>σοι</strong></span> <span class='ocrx_word' id='word_1_745' title='bbox 2192 4650 2286 4705; x_wconf 82' lang='grc' dir='ltr'><strong>τοῦ</strong></span> <span class='ocrx_word' id='word_1_746' title='bbox 2318 4652 2608 4706; x_wconf 81' lang='grc' dir='ltr'>Σαϐελλίου</span> <span class='ocrx_word' id='word_1_747' title='bbox 2629 4654 2916 4724; x_wconf 87' lang='grc' dir='ltr'>δόγματος·</span> <span class='ocrx_word' id='word_1_748' title='bbox 2941 4653 3069 4706; x_wconf 87' lang='grc' dir='ltr'>Υἰὸν</span> <span class='ocrx_word' id='word_1_749' title='bbox 3091 4652 3147 4705; x_wconf 86' lang='grc' dir='ltr'>δὲ</span> <span class='ocrx_word' id='word_1_750' title='bbox 3168 4651 3463 4724; x_wconf 84' lang='grc' dir='ltr'>ἀνθρώπου</span> <span class='ocrx_word' id='word_1_751' title='bbox 3490 4654 3668 4719; x_wconf 83' lang='grc' dir='ltr'>καλεῖ,</span> 
     </span>
    </p>
   </div>
   <div class='ocr_carea' id='block_1_96' title="bbox 413 4737 1983 4816">
    <p class='ocr_par' dir='ltr' id='par_1_96' title="bbox 413 4737 1980 4808">
     <span class='ocr_line' id='line_1_97' title="bbox 413 4737 1980 4808; baseline 0.003 -17"><span class='ocrx_word' id='word_1_752' title='bbox 413 4737 743 4793; x_wconf 86' lang='lat' dir='ltr'><strong>Sabelliano.</strong></span> <span class='ocrx_word' id='word_1_753' title='bbox 782 4739 982 4794; x_wconf 82' lang='lat' dir='ltr'><strong>Filium</strong></span> <span class='ocrx_word' id='word_1_754' title='bbox 1034 4753 1168 4793; x_wconf 91' lang='lat' dir='ltr'><strong>vero</strong></span> <span class='ocrx_word' id='word_1_755' title='bbox 1207 4739 1463 4803; x_wconf 88' lang='lat' dir='ltr'><strong>hominis,</strong></span> <span class='ocrx_word' id='word_1_756' title='bbox 1500 4747 1721 4808; x_wconf 89' lang='lat' dir='ltr'><strong>propter</strong></span> <span class='ocrx_word' id='word_1_757' title='bbox 1761 4754 1980 4795; x_wconf 88' lang='lat' dir='ltr'><strong>carnem</strong></span> 
     </span>
    </p>
   </div>
   <div class='ocr_carea' id='block_1_97' title="bbox 2094 4737 3670 4816">
    <p class='ocr_par' dir='ltr' id='par_1_97' title="bbox 2094 4742 3670 4816">
     <span class='ocr_line' id='line_1_98' title="bbox 2094 4742 3670 4816; baseline 0.004 -22"><span class='ocrx_word' id='word_1_758' title='bbox 2094 4742 2145 4795; x_wconf 75' lang='lat' dir='ltr'><strong>it‘</strong></span> <span class='ocrx_word' id='word_1_759' title='bbox 2175 4743 2241 4814; x_wconf 79' lang='grc' dir='ltr'><strong>ἢν</strong></span> <span class='ocrx_word' id='word_1_760' title='bbox 2269 4742 2524 4814; x_wconf 81' lang='grc' dir='ltr'>ἀνείληφε</span> <span class='ocrx_word' id='word_1_761' title='bbox 2559 4745 2755 4816; x_wconf 89' lang='grc' dir='ltr'>σάρκα.</span> <span class='ocrx_word' id='word_1_762' title='bbox 2788 4745 2898 4800; x_wconf 78' lang='grc' dir='ltr'>Καὶ</span> <span class='ocrx_word' id='word_1_763' title='bbox 2956 4743 3130 4812; x_wconf 90' lang='grc' dir='ltr'>Λόγον</span> <span class='ocrx_word' id='word_1_764' title='bbox 3189 4743 3247 4796; x_wconf 85' lang='grc' dir='ltr'>δὲ</span> <span class='ocrx_word' id='word_1_765' title='bbox 3297 4744 3365 4797; x_wconf 81' lang='grc' dir='ltr'>δι’</span> <span class='ocrx_word' id='word_1_766' title='bbox 3393 4744 3522 4798; x_wconf 84' lang='grc' dir='ltr'>ὅλου</span> <span class='ocrx_word' id='word_1_767' title='bbox 3575 4745 3670 4800; x_wconf 87' lang='grc' dir='ltr'><strong>τοῦ</strong></span> 
     </span>
    </p>
   </div>
   <div class='ocr_carea' id='block_1_98' title="bbox 411 4827 1983 4909">
    <p class='ocr_par' dir='ltr' id='par_1_98' title="bbox 411 4827 1977 4899">
     <span class='ocr_line' id='line_1_99' title="bbox 411 4827 1977 4899; baseline 0.002 -19"><span class='ocrx_word' id='word_1_768' title='bbox 411 4827 558 4882; x_wconf 89' lang='lat' dir='ltr'><strong>illam</strong></span> <span class='ocrx_word' id='word_1_769' title='bbox 619 4843 779 4898; x_wconf 89' lang='lat' dir='ltr'><strong>quam</strong></span> <span class='ocrx_word' id='word_1_770' title='bbox 827 4829 1142 4899; x_wconf 89' lang='lat' dir='ltr'><strong>assumpsit,</strong></span> <span class='ocrx_word' id='word_1_771' title='bbox 1193 4829 1460 4884; x_wconf 86' lang='lat' dir='ltr'><strong>nominat.</strong></span> <span class='ocrx_word' id='word_1_772' title='bbox 1527 4828 1759 4882; x_wconf 81' lang='lat' dir='ltr'><strong>Verbum</strong></span> <span class='ocrx_word' id='word_1_773' title='bbox 1797 4838 1977 4883; x_wconf 87' lang='lat' dir='ltr'><strong>autem</strong></span> 
     </span>
    </p>
   </div>
   <div class='ocr_carea' id='block_1_99' title="bbox 2094 4827 3669 4909">
    <p class='ocr_par' dir='ltr' id='par_1_99' title="bbox 2094 4835 3669 4909">
     <span class='ocr_line' id='line_1_100' title="bbox 2094 4835 3669 4909; baseline 0.004 -23"><span class='ocrx_word' id='word_1_774' title='bbox 2094 4835 2283 4887; x_wconf 76' lang='grc' dir='ltr'>οἰκείου</span> <span class='ocrx_word' id='word_1_775' title='bbox 2321 4837 2752 4906; x_wconf 81' lang='grc' dir='ltr'>συγγράμματος</span> <span class='ocrx_word' id='word_1_776' title='bbox 2785 4835 3040 4907; x_wconf 80' lang='grc' dir='ltr'>ὀνομάζει</span> <span class='ocrx_word' id='word_1_777' title='bbox 3075 4835 3313 4906; x_wconf 85' lang='grc' dir='ltr'>συνεχῶς</span> <span class='ocrx_word' id='word_1_778' title='bbox 3362 4839 3669 4909; x_wconf 79' lang='grc' dir='ltr'>ἐπισημαι-</span> 
     </span>
    </p>
   </div>
   <div class='ocr_carea' id='block_1_100' title="bbox 409 4915 1983 4996">
    <p class='ocr_par' dir='ltr' id='par_1_100' title="bbox 409 4915 1980 4989">
     <span class='ocr_line' id='line_1_101' title="bbox 409 4915 1980 4989; baseline 0.003 -20"><span class='ocrx_word' id='word_1_779' title='bbox 409 4915 612 4986; x_wconf 88' lang='lat' dir='ltr'><strong>nbique</strong></span> <span class='ocrx_word' id='word_1_780' title='bbox 644 4917 699 4972; x_wconf 87' lang='lat' dir='ltr'><strong>in</strong></span> <span class='ocrx_word' id='word_1_781' title='bbox 734 4918 826 4974; x_wconf 89' lang='lat' dir='ltr'><strong>illo</strong></span> <span class='ocrx_word' id='word_1_782' title='bbox 846 4934 946 4974; x_wconf 92' lang='lat' dir='ltr'><strong>suo</strong></span> <span class='ocrx_word' id='word_1_783' title='bbox 968 4919 1170 4988; x_wconf 89' lang='lat' dir='ltr'><strong>scripto</strong></span> <span class='ocrx_word' id='word_1_784' title='bbox 1205 4917 1492 4989; x_wconf 89' lang='lat' dir='ltr'><strong>compellat</strong></span> <span class='ocrx_word' id='word_1_785' title='bbox 1522 4917 1880 4987; x_wconf 86' lang='lat' dir='ltr'><strong>frequentius,</strong></span> <span class='ocrx_word' id='word_1_786' title='bbox 1923 4926 1980 4974; x_wconf 91' lang='lat' dir='ltr'><strong>ut</strong></span> 
     </span>
    </p>
   </div>
   <div class='ocr_carea' id='block_1_101' title="bbox 2094 4915 3667 4996">
    <p class='ocr_par' dir='ltr' id='par_1_101' title="bbox 2094 4919 3667 4996">
     <span class='ocr_line' id='line_1_102' title="bbox 2094 4919 3667 4996; baseline 0.004 -22"><span class='ocrx_word' id='word_1_787' title='bbox 2094 4921 2323 4992; x_wconf 69' lang='grc' dir='ltr'>ρόμενος,</span> <span class='ocrx_word' id='word_1_788' title='bbox 2355 4924 2433 4987; x_wconf 88' lang='grc' dir='ltr'>ὡς</span> <span class='ocrx_word' id='word_1_789' title='bbox 2461 4925 2611 4977; x_wconf 82' lang='grc' dir='ltr'>οὐδὲν</span> <span class='ocrx_word' id='word_1_790' title='bbox 2642 4925 2752 4996; x_wconf 86' lang='grc'><strong>(61)</strong></span> <span class='ocrx_word' id='word_1_791' title='bbox 2780 4925 2964 4996; x_wconf 74' lang='grc' dir='ltr'>ἕτερον</span> <span class='ocrx_word' id='word_1_792' title='bbox 3001 4919 3068 4994; x_wconf 80' lang='grc' dir='ltr'><strong>ἦν</strong></span> <span class='ocrx_word' id='word_1_793' title='bbox 3113 4924 3302 4992; x_wconf 90' lang='grc' dir='ltr'>Λόγος.</span> <span class='ocrx_word' id='word_1_794' title='bbox 3347 4925 3462 4979; x_wconf 73' lang='grc' dir='ltr'>Καὶ</span> <span class='ocrx_word' id='word_1_795' title='bbox 3502 4929 3563 4980; x_wconf 82' lang='grc' dir='ltr'>ἐν</span> <span class='ocrx_word' id='word_1_796' title='bbox 3586 4923 3667 4992; x_wconf 73' lang='grc' dir='ltr'><strong>οἷς</strong></span> 
     </span>
    </p>
   </div>
   <div class='ocr_carea' id='block_1_102' title="bbox 407 5006 1983 5090">
    <p class='ocr_par' dir='ltr' id='par_1_102' title="bbox 407 5006 1974 5089">
     <span class='ocr_line' id='line_1_103' title="bbox 407 5006 1974 5089; baseline 0.001 -29"><span class='ocrx_word' id='word_1_797' title='bbox 407 5006 674 5062; x_wconf 82' lang='lat' dir='ltr'><strong>indicaret</strong></span> <span class='ocrx_word' id='word_1_798' title='bbox 695 5006 851 5074; x_wconf 88' lang='lat' dir='ltr'><strong>illud,</strong></span> <span class='ocrx_word' id='word_1_799' title='bbox 881 5008 982 5063; x_wconf 90' lang='lat' dir='ltr'><strong>nisi</strong></span> <span class='ocrx_word' id='word_1_800' title='bbox 1001 5007 1256 5089; x_wconf 72' lang='lat' dir='ltr'><strong>Verbum,</strong></span> <span class='ocrx_word' id='word_1_801' title='bbox 1282 5008 1414 5064; x_wconf 89' lang='lat' dir='ltr'><strong>nihil</strong></span> <span class='ocrx_word' id='word_1_802' title='bbox 1441 5024 1663 5072; x_wconf 88' lang='lat' dir='ltr'><strong>prorsus</strong></span> <span class='ocrx_word' id='word_1_803' title='bbox 1683 5009 1974 5065; x_wconf 79' lang='lat' dir='ltr'><strong>exstitisse.</strong></span> 
     </span>
    </p>
   </div>
   <div class='ocr_carea' id='block_1_103' title="bbox 2094 5006 3664 5090">
    <p class='ocr_par' dir='ltr' id='par_1_103' title="bbox 2094 5011 3664 5090">
     <span class='ocr_line' id='line_1_104' title="bbox 2094 5011 3664 5090; baseline 0.003 -22"><span class='ocrx_word' id='word_1_804' title='bbox 2094 5015 2121 5068; x_wconf 73' lang='lat'><strong>5’</strong></span> <span class='ocrx_word' id='word_1_805' title='bbox 2147 5011 2238 5068; x_wconf 79' lang='grc' dir='ltr'><strong>οὖν</strong></span> <span class='ocrx_word' id='word_1_806' title='bbox 2268 5016 2360 5068; x_wconf 82' lang='grc' dir='ltr'><strong>τὸν</strong></span> <span class='ocrx_word' id='word_1_807' title='bbox 2391 5015 2674 5069; x_wconf 77' lang='grc' dir='ltr'>Σαϐἐλλιον</span> <span class='ocrx_word' id='word_1_808' title='bbox 2707 5016 3536 5090; x_wconf 76' lang='grc' dir='ltr'>καταμέμφεται,παρατίθεται</span> <span class='ocrx_word' id='word_1_809' title='bbox 3565 5019 3664 5090; x_wconf 76' lang='grc' dir='ltr'><strong>μὲν</strong></span> 
     </span>
    </p>
   </div>
   <div class='ocr_carea' id='block_1_104' title="bbox 479 5122 1983 5199">
    <p class='ocr_par' dir='ltr' id='par_1_104' title="bbox 479 5122 1977 5196">
     <span class='ocr_line' id='line_1_105' title="bbox 479 5122 1977 5196; baseline -0.003 -15"><span class='ocrx_word' id='word_1_810' title='bbox 479 5130 539 5188; x_wconf 75' lang='grc' dir='ltr'><strong>›Ι‹</strong></span> <span class='ocrx_word' id='word_1_811' title='bbox 575 5123 672 5181; x_wconf 85' lang='lat' dir='ltr'><strong>Ed.</strong></span> <span class='ocrx_word' id='word_1_812' title='bbox 698 5122 897 5190; x_wconf 66' lang='lat' dir='ltr'><strong>Paris,</strong></span> <span class='ocrx_word' id='word_1_813' title='bbox 929 5140 1054 5196; x_wconf 85' lang='lat' dir='ltr'><strong>pag.</strong></span> <span class='ocrx_word' id='word_1_814' title='bbox 1087 5125 1176 5179; x_wconf 85' lang='lat'><strong>77.</strong></span> <span class='ocrx_word' id='word_1_815' title='bbox 1235 5125 1304 5185; x_wconf 83' lang='lat'><strong>&quot;_</strong></span> <span class='ocrx_word' id='word_1_816' title='bbox 1349 5125 1538 5180; x_wconf 85' lang='lat' dir='ltr'><strong>Matth.</strong></span> <span class='ocrx_word' id='word_1_817' title='bbox 1568 5123 1753 5189; x_wconf 70' lang='lat' dir='ltr'><strong>xt,27.</strong></span> <span class='ocrx_word' id='word_1_818' title='bbox 1817 5128 1865 5156; x_wconf 77' lang='lat'><strong>&quot;</strong></span> <span class='ocrx_word' id='word_1_819' title='bbox 1897 5125 1977 5176; x_wconf 82' lang='lat' dir='ltr'><strong>illa</strong></span> 
     </span>
    </p>
   </div>
   <div class='ocr_carea' id='block_1_105' title="bbox 2094 5122 2879 5199">
    <p class='ocr_par' dir='ltr' id='par_1_105' title="bbox 2119 5125 2879 5199">
     <span class='ocr_line' id='line_1_106' title="bbox 2119 5125 2879 5199; baseline 0.021 -21"><span class='ocrx_word' id='word_1_820' title='bbox 2119 5141 2228 5191; x_wconf 77' lang='lat' dir='ltr'><strong>va,</strong></span> <span class='ocrx_word' id='word_1_821' title='bbox 2258 5125 2343 5179; x_wconf 73' lang='grc'><strong>16.</strong></span> <span class='ocrx_word' id='word_1_822' title='bbox 2423 5132 2468 5160; x_wconf 77' lang='grc'><strong>⁷⁸</strong></span> <span class='ocrx_word' id='word_1_823' title='bbox 2500 5136 2634 5186; x_wconf 82' lang='lat' dir='ltr'><strong>toto.</strong></span> <span class='ocrx_word' id='word_1_824' title='bbox 2667 5135 2752 5199; x_wconf 84' lang='grc'><strong>16,</strong></span> <span class='ocrx_word' id='word_1_825' title='bbox 2794 5141 2879 5196; x_wconf 83' lang='grc'><strong>17.</strong></span> 
     </span>
    </p>
   </div>
   <div class='ocr_carea' id='block_1_106' title="bbox 475 5280 1983 5368">
    <p class='ocr_par' dir='ltr' id='par_1_106' title="bbox 475 5280 1978 5368">
     <span class='ocr_line' id='line_1_107' title="bbox 475 5280 1978 5368; baseline 0.002 -28"><span class='ocrx_word' id='word_1_826' title='bbox 475 5285 588 5357; x_wconf 86' lang='grc'><strong>(58)</strong></span> <span class='ocrx_word' id='word_1_827' title='bbox 625 5285 808 5368; x_wconf 50' lang='lat' dir='ltr'><strong>fulgo</strong></span> <span class='ocrx_word' id='word_1_828' title='bbox 849 5286 1133 5368; x_wconf 55' lang='lat' dir='ltr'><strong>ﬁertpékpat</strong></span> <span class='ocrx_word' id='word_1_829' title='bbox 1196 5295 1252 5342; x_wconf 88' lang='lat' dir='ltr'><strong>et</strong></span> <span class='ocrx_word' id='word_1_830' title='bbox 1313 5285 1505 5340; x_wconf 81' lang='grc' dir='ltr'>ἑαυτὸν</span> <span class='ocrx_word' id='word_1_831' title='bbox 1556 5280 1693 5340; x_wconf 81' lang='grc' dir='ltr'>ὧθεν</span> <span class='ocrx_word' id='word_1_832' title='bbox 1748 5299 1804 5343; x_wconf 88' lang='lat' dir='ltr'><strong>et</strong></span> <span class='ocrx_word' id='word_1_833' title='bbox 1830 5287 1978 5354; x_wconf 77' lang='grc' dir='ltr'>ἄξιος</span> 
     </span>
    </p>
   </div>
   <div class='ocr_carea' id='block_1_107' title="bbox 2094 5280 3654 5368">
    <p class='ocr_par' dir='ltr' id='par_1_107' title="bbox 2094 5292 3654 5368">
     <span class='ocr_line' id='line_1_108' title="bbox 2094 5292 3654 5368; baseline 0.004 -21"><span class='ocrx_word' id='word_1_834' title='bbox 2094 5292 2309 5368; x_wconf 68' lang='lat' dir='ltr'><strong>obscura</strong></span> <span class='ocrx_word' id='word_1_835' title='bbox 2343 5311 2361 5363; x_wconf 88' lang='lat'><strong>;</strong></span> <span class='ocrx_word' id='word_1_836' title='bbox 2399 5296 2760 5368; x_wconf 20' lang='lat' dir='ltr'><strong>hoc‘voleihat,</strong></span> <span class='ocrx_word' id='word_1_837' title='bbox 2789 5296 2880 5349; x_wconf 84' lang='grc' dir='ltr'>τὺν</span> <span class='ocrx_word' id='word_1_838' title='bbox 2909 5296 3215 5368; x_wconf 79' lang='grc' dir='ltr'>ἄνθρωπον,</span> <span class='ocrx_word' id='word_1_839' title='bbox 3248 5309 3445 5366; x_wconf 88' lang='lat' dir='ltr'><strong>nempe</strong></span> <span class='ocrx_word' id='word_1_840' title='bbox 3476 5301 3654 5368; x_wconf 79' lang='grc' dir='ltr'>φύσει,</span> 
     </span>
    </p>
   </div>
   <div class='ocr_carea' id='block_1_108' title="bbox 407 5351 1983 5434">
    <p class='ocr_par' dir='ltr' id='par_1_108' title="bbox 407 5351 1972 5434">
     <span class='ocr_line' id='line_1_109' title="bbox 407 5351 1972 5434; baseline 0.003 -24"><span class='ocrx_word' id='word_1_841' title='bbox 407 5351 597 5434; x_wconf 39' lang='lat' dir='ltr'><strong>cura}</strong></span> <span class='ocrx_word' id='word_1_842' title='bbox 625 5351 693 5434; x_wconf 58' lang='lat' dir='ltr'><strong>Et</strong></span> <span class='ocrx_word' id='word_1_843' title='bbox 721 5351 804 5434; x_wconf 60' lang='lat' dir='ltr'><strong>bis</strong></span> <span class='ocrx_word' id='word_1_844' title='bbox 841 5351 1197 5434; x_wconf 49' lang='lat' dir='ltr'><strong>h&#39;yvteusvat._</strong></span> <span class='ocrx_word' id='word_1_845' title='bbox 1257 5425 1278 5434; x_wconf 89' lang='lat'>_</span> <span class='ocrx_word' id='word_1_846' title='bbox 1391 5427 1404 5434; x_wconf 87' lang='lat'>_</span> <span class='ocrx_word' id='word_1_847' title='bbox 1557 5425 1597 5434; x_wconf 83' lang='lat'>__</span> <span class='ocrx_word' id='word_1_848' title='bbox 1711 5426 1725 5434; x_wconf 89' lang='lat'>_</span> <span class='ocrx_word' id='word_1_849' title='bbox 1881 5351 1925 5434; x_wconf 34' lang='grc' dir='ltr'>ἰ</span> <span class='ocrx_word' id='word_1_850' title='bbox 1959 5351 1972 5354; x_wconf 49' lang='grc'>⁷</span> 
     </span>
    </p>
   </div>
   <div class='ocr_carea' id='block_1_109' title="bbox 2094 5351 3654 5434">
    <p class='ocr_par' dir='ltr' id='par_1_109' title="bbox 2094 5351 3654 5434">
     <span class='ocr_line' id='line_1_110' title="bbox 2094 5351 3654 5434; baseline 0.006 -19"><span class='ocrx_word' id='word_1_851' title='bbox 2094 5361 2227 5434; x_wconf 54' lang='grc' dir='ltr'>θέσει</span> <span class='ocrx_word' id='word_1_852' title='bbox 2258 5351 2457 5420; x_wconf 65' lang='lat' dir='ltr'><strong>facium</strong></span> <span class='ocrx_word' id='word_1_853' title='bbox 2498 5365 2589 5419; x_wconf 88' lang='lat' dir='ltr'><strong>Dei</strong></span> <span class='ocrx_word' id='word_1_854' title='bbox 2640 5351 2852 5424; x_wconf 82' lang='lat' dir='ltr'><strong>Filium.</strong></span> <span class='ocrx_word' id='word_1_855' title='bbox 2891 5351 3108 5434; x_wconf 39' lang='lat' dir='ltr'><strong>propter</strong></span> <span class='ocrx_word' id='word_1_856' title='bbox 3150 5351 3294 5420; x_wconf 71' lang='lat' dir='ltr'><strong>illam</strong></span> <span class='ocrx_word' id='word_1_857' title='bbox 3347 5351 3654 5430; x_wconf 58' lang='grc' dir='ltr'><strong>ίοίνὼξιέάέιζ</strong></span> 
     </span>
    </p>
   </div>
   <div class='ocr_carea' id='block_1_110' title="bbox 479 5425 1983 5508">
    <p class='ocr_par' dir='ltr' id='par_1_110' title="bbox 479 5425 1973 5508">
     <span class='ocr_line' id='line_1_111' title="bbox 479 5425 1973 5508; baseline 0.001 -29"><span class='ocrx_word' id='word_1_858' title='bbox 479 5425 968 5508; x_wconf 56' lang='grc' dir='ltr'>Σκέψασθαι</span> <span class='ocrx_word' id='word_1_859' title='bbox 1085 5427 1222 5497; x_wconf 80' lang='grc' dir='ltr'><strong>χρή.</strong></span> <span class='ocrx_word' id='word_1_860' title='bbox 1257 5425 1342 5508; x_wconf 65' lang='lat' dir='ltr'><strong>Ita</strong></span> <span class='ocrx_word' id='word_1_861' title='bbox 1391 5425 1684 5508; x_wconf 52' lang='lat' dir='ltr'><strong>lego._l}lam</strong></span> <span class='ocrx_word' id='word_1_862' title='bbox 1711 5426 1973 5508; x_wconf 73' lang='lat' dir='ltr'><strong>hoc_t_t_ult,</strong></span> 
     </span>
    </p>
   </div>
   <div class='ocr_carea' id='block_1_111' title="bbox 2094 5425 3235 5508">
    <p class='ocr_par' dir='ltr' id='par_1_111' title="bbox 2094 5425 3235 5508">
     <span class='ocr_line' id='line_1_112' title="bbox 2094 5425 3235 5508; baseline 0.004 -22"><span class='ocrx_word' id='word_1_863' title='bbox 2094 5431 2250 5508; x_wconf 21' lang='lat' dir='ltr'><strong>iit—7</strong></span> <span class='ocrx_word' id='word_1_864' title='bbox 2276 5435 2404 5490; x_wconf 92' lang='lat' dir='ltr'><strong>Dein</strong></span> <span class='ocrx_word' id='word_1_865' title='bbox 2436 5435 2600 5508; x_wconf 63' lang='lat' dir='ltr'><strong>vulgq</strong></span> <span class='ocrx_word' id='word_1_866' title='bbox 2620 5436 2717 5508; x_wconf 84' lang='grc' dir='ltr'>μὲν</span> <span class='ocrx_word' id='word_1_867' title='bbox 2741 5425 3064 5508; x_wconf 60' lang='grc' dir='ltr'>Θεοῦαύςὲὸν</span> <span class='ocrx_word' id='word_1_868' title='bbox 3085 5437 3235 5508; x_wconf 86' lang='grc' dir='ltr'>όμολ.</span> 
     </span>
    </p>
   </div>
   <div class='ocr_carea' id='block_1_112' title="bbox 1215 5497 1983 5580">
    <p class='ocr_par' dir='ltr' id='par_1_112' title="bbox 1215 5497 1975 5580">
     <span class='ocr_line' id='line_1_113' title="bbox 1215 5497 1975 5580; baseline 0.004 -28"><span class='ocrx_word' id='word_1_869' title='bbox 1215 5498 1342 5568; x_wconf 91' lang='lat' dir='ltr'><strong>quid</strong></span> <span class='ocrx_word' id='word_1_870' title='bbox 1357 5513 1473 5580; x_wconf 79' lang='lat' dir='ltr'><strong>_per</strong></span> <span class='ocrx_word' id='word_1_871' title='bbox 1522 5497 1676 5580; x_wconf 82' lang='grc' dir='ltr'>λόγον</span> <span class='ocrx_word' id='word_1_872' title='bbox 1712 5499 1975 5580; x_wconf 67' lang='lat' dir='ltr'><strong>intelligat</strong></span> 
     </span>
    </p>
   </div>
   <div class='ocr_carea' id='block_1_113' title="bbox 2094 5497 3652 5580">
    <p class='ocr_par' dir='ltr' id='par_1_113' title="bbox 2146 5497 3652 5580">
     <span class='ocr_line' id='line_1_114' title="bbox 2146 5497 3652 5580; baseline 0.004 -23"><span class='ocrx_word' id='word_1_873' title='bbox 2146 5503 2258 5580; x_wconf 70' lang='grc'><strong>(61)</strong></span> <span class='ocrx_word' id='word_1_874' title='bbox 2289 5497 2702 5580; x_wconf 48' lang='grc' dir='ltr'>Ἑτερσῆἦῆίό</span> <span class='ocrx_word' id='word_1_875' title='bbox 2722 5507 2930 5580; x_wconf 76' lang='grc' dir='ltr'>Λόγος.</span> <span class='ocrx_word' id='word_1_876' title='bbox 2962 5497 3180 5580; x_wconf 48' lang='lat' dir='ltr'><strong>Lege}!</strong></span> <span class='ocrx_word' id='word_1_877' title='bbox 3213 5506 3288 5580; x_wconf 73' lang='grc' dir='ltr'>μὴ</span> <span class='ocrx_word' id='word_1_878' title='bbox 3315 5509 3346 5561; x_wconf 82' lang='grc' dir='ltr'><strong>ὀ</strong></span> <span class='ocrx_word' id='word_1_879' title='bbox 3373 5508 3572 5580; x_wconf 82' lang='grc' dir='ltr'>Λόγος,</span> <span class='ocrx_word' id='word_1_880' title='bbox 3604 5510 3652 5564; x_wconf 89' lang='lat' dir='ltr'><strong>id</strong></span> 
     </span>
    </p>
   </div>
   <div class='ocr_carea' id='block_1_114' title="bbox 411 5566 3654 5642">
    <p class='ocr_par' dir='ltr' id='par_1_114' title="bbox 411 5566 3654 5642">
     <span class='ocr_line' id='line_1_115' title="bbox 411 5566 3654 5642; baseline 0.005 -24"><span class='ocrx_word' id='word_1_881' title='bbox 411 5568 704 5642; x_wconf 60' lang='lat' dir='ltr'><strong>videamus.</strong></span> <span class='ocrx_word' id='word_1_882' title='bbox 737 5566 876 5621; x_wconf 85' lang='lat' dir='ltr'><strong>Num</strong></span> <span class='ocrx_word' id='word_1_883' title='bbox 914 5568 1124 5642; x_wconf 65' lang='lat' dir='ltr'><strong>filium?</strong></span> <span class='ocrx_word' id='word_1_884' title='bbox 1155 5566 1244 5622; x_wconf 52' lang='grc' dir='ltr'><strong>Μ(</strong></span> <span class='ocrx_word' id='word_1_885' title='bbox 1266 5598 1335 5642; x_wconf 55' lang='grc' dir='ltr'><strong>έ-</strong></span> <span class='ocrx_word' id='word_1_886' title='bbox 1356 5568 1478 5622; x_wconf 80' lang='lat' dir='ltr'><strong>Mox</strong></span> <span class='ocrx_word' id='word_1_887' title='bbox 1524 5572 1680 5642; x_wconf 69' lang='lat' dir='ltr'><strong>vulgo</strong></span> <span class='ocrx_word' id='word_1_888' title='bbox 1705 5566 1971 5642; x_wconf 70' lang='grc' dir='ltr'>μηδέποτε</span> <span class='ocrx_word' id='word_1_889' title='bbox 2073 5566 2218 5629; x_wconf 77' lang='lat' dir='ltr'><strong>enim</strong></span> <span class='ocrx_word' id='word_1_890' title='bbox 2237 5566 2378 5641; x_wconf 62' lang='lat' dir='ltr'><strong>&#39;vult,</strong></span> <span class='ocrx_word' id='word_1_891' title='bbox 2411 5566 2556 5632; x_wconf 74' lang='lat' dir='ltr'><strong>nullo</strong></span> <span class='ocrx_word' id='word_1_892' title='bbox 2582 5566 2692 5633; x_wconf 69' lang='lat' dir='ltr'><strong>alio</strong></span> <span class='ocrx_word' id='word_1_893' title='bbox 2728 5566 2946 5642; x_wconf 73' lang='lat' dir='ltr'><strong>nomine</strong></span> <span class='ocrx_word' id='word_1_894' title='bbox 2980 5566 3326 5642; x_wconf 68' lang='lat' dir='ltr'><strong>appellatum.</strong></span> <span class='ocrx_word' id='word_1_895' title='bbox 3351 5609 3426 5619; x_wconf 92' lang='lat'><strong>--</strong></span> <span class='ocrx_word' id='word_1_896' title='bbox 3457 5566 3654 5636; x_wconf 55' lang='lat' dir='ltr'><strong>limo</strong></span> 
     </span>
    </p>
   </div>
   <div class='ocr_carea' id='block_1_115' title="bbox 406 5632 1983 5718">
    <p class='ocr_par' dir='ltr' id='par_1_115' title="bbox 406 5632 1968 5718">
     <span class='ocr_line' id='line_1_116' title="bbox 406 5632 1968 5718; baseline 0.003 -30"><span class='ocrx_word' id='word_1_897' title='bbox 406 5633 597 5718; x_wconf 62' lang='grc' dir='ltr'>ξαυτρν</span> <span class='ocrx_word' id='word_1_898' title='bbox 639 5635 796 5718; x_wconf 83' lang='grc' dir='ltr'>λόγον</span> <span class='ocrx_word' id='word_1_899' title='bbox 817 5647 872 5718; x_wconf 71' lang='lat' dir='ltr'><strong>et</strong></span> <span class='ocrx_word' id='word_1_900' title='bbox 899 5638 1059 5718; x_wconf 59' lang='grc' dir='ltr'>μοῦᾼὸ</span> <span class='ocrx_word' id='word_1_901' title='bbox 1087 5641 1402 5718; x_wconf 65' lang='grc' dir='ltr'>ξπουράνιος</span> <span class='ocrx_word' id='word_1_902' title='bbox 1433 5647 1488 5718; x_wconf 67' lang='lat' dir='ltr'><strong>et</strong></span> <span class='ocrx_word' id='word_1_903' title='bbox 1532 5632 1685 5702; x_wconf 69' lang='grc' dir='ltr'>οὗτος</span> <span class='ocrx_word' id='word_1_904' title='bbox 1705 5632 1717 5638; x_wconf 73' lang='grc'><em>’</em></span> <span class='ocrx_word' id='word_1_905' title='bbox 1736 5632 1968 5712; x_wconf 53' lang='grc' dir='ltr'>ὺᾶιερὸε-</span> 
     </span>
    </p>
   </div>
   <div class='ocr_carea' id='block_1_116' title="bbox 2094 5632 3646 5718">
    <p class='ocr_par' dir='ltr' id='par_1_116' title="bbox 2096 5632 3646 5718">
     <span class='ocr_line' id='line_1_117' title="bbox 2096 5632 3646 5718; baseline 0.019 -22"><span class='ocrx_word' id='word_1_906' title='bbox 2096 5632 2424 5714; x_wconf 68' lang='grc' dir='ltr'>εεθιιιιυηιέἰ</span> <span class='ocrx_word' id='word_1_907' title='bbox 2455 5648 2582 5717; x_wconf 83' lang='lat' dir='ltr'><strong>quid</strong></span> <span class='ocrx_word' id='word_1_908' title='bbox 2641 5632 2793 5701; x_wconf 78' lang='lat' dir='ltr'><strong>video</strong></span> <span class='ocrx_word' id='word_1_909' title='bbox 2833 5641 2901 5718; x_wconf 59' lang='grc' dir='ltr'><strong>ἦγ</strong></span> <span class='ocrx_word' id='word_1_910' title='bbox 2932 5647 2966 5714; x_wconf 81' lang='grc' dir='ltr'>ἦ</span> <span class='ocrx_word' id='word_1_911' title='bbox 3016 5632 3174 5716; x_wconf 67' lang='grc' dir='ltr'>λόγος</span> <span class='ocrx_word' id='word_1_912' title='bbox 3235 5647 3306 5704; x_wconf 62' lang='grc' dir='ltr'><strong>οἷ·</strong></span> <span class='ocrx_word' id='word_1_913' title='bbox 3341 5664 3395 5718; x_wconf 83' lang='grc' dir='ltr'><strong>Ρ·</strong></span> <span class='ocrx_word' id='word_1_914' title='bbox 3435 5632 3646 5714; x_wconf 21' lang='lat' dir='ltr'><strong>“tibi</strong></span> 
     </span>
    </p>
   </div>
   <div class='ocr_carea' id='block_1_117' title="bbox 406 5703 1983 5791">
    <p class='ocr_par' dir='ltr' id='par_1_117' title="bbox 406 5703 1857 5791">
     <span class='ocr_line' id='line_1_118' title="bbox 406 5703 1857 5791; baseline 0.003 -33"><span class='ocrx_word' id='word_1_915' title='bbox 406 5703 763 5791; x_wconf 39' lang='grc' dir='ltr'>δυσημεινοςέι</span> <span class='ocrx_word' id='word_1_916' title='bbox 791 5703 912 5791; x_wconf 57' lang='grc' dir='ltr'>υἱὸν</span> <span class='ocrx_word' id='word_1_917' title='bbox 936 5703 1236 5791; x_wconf 55' lang='grc' dir='ltr'>ἁνρριὲπου</span> <span class='ocrx_word' id='word_1_918' title='bbox 1254 5710 1341 5762; x_wconf 79' lang='grc' dir='ltr'>ἵνα</span> <span class='ocrx_word' id='word_1_919' title='bbox 1367 5709 1476 5791; x_wconf 45' lang='grc' dir='ltr'>δὲά.</span> <span class='ocrx_word' id='word_1_920' title='bbox 1495 5778 1506 5788; x_wconf 45' lang='grc'><strong><em>.</em></strong></span> 
     </span>
    </p>
   </div>
   <div class='ocr_carea' id='block_1_118' title="bbox 2094 5703 2947 5791">
    <p class='ocr_par' dir='ltr' id='par_1_118' title="bbox 2094 5703 2947 5791">
     <span class='ocr_line' id='line_1_119' title="bbox 2094 5703 2947 5791; baseline 0.004 -23"><span class='ocrx_word' id='word_1_921' title='bbox 2094 5703 2232 5772; x_wconf 61' lang='grc' dir='ltr'><strong>»θ’ἶτο</strong></span> <span class='ocrx_word' id='word_1_922' title='bbox 2267 5719 2425 5790; x_wconf 81' lang='lat' dir='ltr'><strong>vulgo</strong></span> <span class='ocrx_word' id='word_1_923' title='bbox 2448 5703 2802 5791; x_wconf 73' lang='grc' dir='ltr'>τξαρατίθεται</span> <span class='ocrx_word' id='word_1_924' title='bbox 2832 5703 2947 5780; x_wconf 81' lang='grc' dir='ltr'>τ’άς.</span> 
     </span>
    </p>
   </div>
   <div class='ocr_carea' id='block_1_119' title="bbox 480 5774 1964 5848">
    <p class='ocr_par' dir='ltr' id='par_1_119' title="bbox 480 5774 1964 5848">
     <span class='ocr_line' id='line_1_120' title="bbox 480 5774 1964 5848; baseline 0.005 -19"><span class='ocrx_word' id='word_1_925' title='bbox 480 5775 593 5845; x_wconf 84' lang='grc'><strong>(60)</strong></span> <span class='ocrx_word' id='word_1_926' title='bbox 622 5774 794 5828; x_wconf 80' lang='grc' dir='ltr'>Θέσει</span> <span class='ocrx_word' id='word_1_927' title='bbox 847 5777 951 5831; x_wconf 79' lang='grc' dir='ltr'><strong>τὸν</strong></span> <span class='ocrx_word' id='word_1_928' title='bbox 1001 5774 1329 5846; x_wconf 47' lang='grc' dir='ltr'>ἄνθρωπον.</span> <span class='ocrx_word' id='word_1_929' title='bbox 1387 5775 1690 5848; x_wconf 82' lang='lat' dir='ltr'><strong>Trajectilia</strong></span> <span class='ocrx_word' id='word_1_930' title='bbox 1733 5789 1877 5848; x_wconf 82' lang='lat' dir='ltr'><strong>sunt,</strong></span> <span class='ocrx_word' id='word_1_931' title='bbox 1910 5791 1964 5837; x_wconf 87' lang='lat' dir='ltr'><strong>et</strong></span> 
     </span>
    </p>
   </div>
  </div>
