3838 6222
189 361 298 418 857

1088 395 1096 406 ~
1165 363 1258 420 DE
1293 363 1835 428 ECCLESIASTICA
1875 364 2283 424 THEOLOGIA
2318 363 2449 422 LIB.
2488 363 2532 422 1.

3329 357 3440 425 888

189 476 286 539 τὰς
327 471 423 528 τοῦ
452 474 707 547 Σωτῆρος
733 475 938 550 φωνάς,
976 477 1044 531 δι’
1085 469 1161 532 ὧν
1190 479 1295 551 ἔφη
1321 496 1336 511 ⁸
1373 480 1586 547 Οὐδεὶς
1614 479 1767 552 ἔγνω

1873 479 1929 534 In
1964 479 2058 535 illo
2082 487 2262 534 autem
2287 493 2447 549 passu
2478 491 2586 548 quo
2618 476 2914 535 Sabellium
2969 456 3214 545 accusat,
3268 475 3437 534 verba

186 567 296 620 τὸν
315 565 548 635 Πατέρα
569 569 622 620 ει
649 567 736 638 μὴ
767 571 800 622 ό
837 567 991 636 Υἱὸς,
1021 569 1118 622 καὶ
1146 562 1194 636 ᾧ
1218 571 1294 625 ἂν
1326 574 1359 626 ὀ
1385 572 1517 639 Υἱὸς
1537 573 1764 626 ἀποκα-

185 659 392 726 λύψει.
425 658 638 730 Ὠσπερ
680 658 738 712 δὲ
786 658 1256 731 ἐπανορθούμενος
1284 662 1474 729 αὐτὰς,
1516 665 1638 718 ἀντὶ
1667 662 1764 718 τοῦ

192 747 334 802 me
373 749 570 818 Λόγον
610 745 766 812 αὖθις
809 750 1089 821 ὀνομάζει,
1127 746 1229 805 ὦδε
1262 753 1453 822 λέγων’
1493 773 1512 804 ι
1555 752 1766 820 Οὐδεὶς

186 859 208 893 s
246 840 357 911 γὰρ
376 835 524 906 οἶδε,
553 842 706 912 φησὶ,
735 843 841 897 τὸν
866 845 1097 914 Πατέρα
1119 848 1170 899 εὶ
1203 844 1289 914 μὴ
1329 849 1362 899 ό
1399 846 1548 911 Υἱὸς,
1581 845 1767 898 τουτέ-

185 950 207 983 e
246 950 362 986 στιν
404 935 434 987 6
482 936 693 1005 Λόγος,
733 955 751 986 ι
781 937 874 990 καὶ
907 937 1192 1010 ἐπιφέρει·
1227 957 1245 989 ι
1281 938 1336 991 '0
1363 937 1470 1008 γὰρ
1500 938 1668 1007 Λόγος
1697 938 1764 992 δι’

189 1043 207 1075 ι
255 1024 450 1078 ἑαυτοῦ
478 1024 574 1096 τὴν
585 1025 798 1098 Πατρὸς
817 1027 1042 1098 παρέχει
1073 1027 1295 1096 γνῶσιν,
1323 1047 1340 1077 ι
1366 1028 1459 1080 καὶ
1480 1025 1764 1098 προστίθη-

182 1133 290 1168 σιν*
321 1135 339 1168 ι
381 1115 664 1171 Ἀδύνατον
693 1112 761 1188 ἦν
793 1118 990 1189 ἑτέρως
1016 1118 1217 1186 γνῶναι
1235 1119 1324 1172 τὸν
1339 1118 1540 1189 Θεὸν,ἢ
1564 1117 1650 1172 διὰ
1669 1117 1762 1172 τοῦ

188 1226 206 1258 ι
223 1207 351 1260 ίδίου
364 1209 562 1276 Λόγου.
579 1210 715 1262 »Καὶ
733 1205 885 1272 αὖθις
901 1212 1112 1278 Λόγον,
1134 1210 1254 1263 ἀντὶ
1269 1209 1360 1263 τοῦ
1387 1209 1543 1274 Υἰοῦ,
1559 1209 1758 1279 τίθησιν

182 1301 281 1353 καὶ
317 1300 408 1352 τὸν
434 1300 588 1368 ἅγιον
626 1299 789 1353 αὑτοῦ
826 1301 997 1369 Λόγον
1031 1299 1312 1354 ἀποκαλεῖ.
1369 1301 1479 1354 Καὶ
1518 1303 1576 1353 ἐν
1620 1300 1763 1354 οὕτω

182 1391 542 1463 βραχυτάτοις
577 1393 783 1463 ῥήμασι
816 1390 1074 1455 πολλάκις
1126 1393 1222 1462 μὲν
1255 1393 1625 1462 ἐμνημόνευσε
1659 1393 1762 1446 Λό-

177 1501 303 1553 γου,
341 1484 471 1538 Υἱοῦ
490 1485 546 1538 δὲ
570 1485 678 1538 οὐδ’
696 1485 862 1550 ἅπαξ.
892 1485 1046 1538 Ἀλλὰ
1064 1486 1158 1539 καὶ
1186 1486 1354 1555 αὐτὴν
1377 1485 1470 1539 τοῦ
1509 1486 1759 1557 Σωτῆρος

181 1576 474 1645 μεταποιεῖ
501 1575 600 1646 τὴν
623 1574 800 1645 ῥῆσιν,
826 1576 947 1629 ἀντὶ
978 1574 1094 1639 τοῦ,
1113 1576 1141 1626 6
1160 1575 1286 1639 Υἱὸς
1307 1575 1548 1643 ἐπάγων,
1574 1575 1760 1630 τουτέ-

181 1681 305 1716 στιν
344 1667 378 1718 ό
407 1666 599 1734 Λόγος
620 1707 634 1730 ,
680 1664 799 1735 οὐχὶ
835 1664 1034 1736 μᾶλλον
1065 1665 1163 1734 τῆς
1196 1664 1290 1718 τοῦ
1327 1664 1454 1722 Υἰοῦ
1486 1665 1758 1735 σημασίας

181 1756 530 1830 ἁρμοζούσης
561 1759 625 1828 τῇ
648 1757 740 1811 τοῦ
772 1758 985 1829 [ἰατρὸς
1019 1758 1308 1829 ἐπηγορίᾳ.
1341 1756 1501 1809 Ὅθεν
1532 1757 1755 1819 εἰκότως

175 1854 207 1904 ὁ
233 1851 335 1920 μὲν
355 1849 541 1923 Σωτὴρ
572 1849 862 1920 προσφυῶς
893 1851 1170 1920 ἐφήρμοσε
1197 1851 1261 1919 τῇ
1289 1847 1380 1901 τοῦ
1412 1848 1621 1918 Πατρὸς
1657 1846 1755 1918 τὴν
1788 1831 1828 1887 Β

175 1942 276 1995 τοῦ
307 1940 436 1994 Υίοῦ
471 1940 731 2009 συζυγίαν
750 1957 763 1970 ·
782 1942 810 1993 6
851 1939 907 1992 δὲ
938 1939 1030 1992 τὸν
1060 1939 1186 1991 Υἱὸν
1213 1941 1383 1992 εἰπεῖν
1412 1937 1756 2009 παραιτησά-

182 2050 349 2104 μενος
369 2033 480 2087 ἄνω
503 2032 651 2086 κάτω
677 2033 768 2086 τὸν
798 2031 968 2099 Λόγον
997 2029 1107 2099 (6'2)
1139 2029 1323 2100 θρυλεῖ
1353 2031 1447 2082 καὶ
1467 2028 1756 2082 Σαϐελλίω

181 2127 284 2197 μὲν
334 2126 650 2196 κατηγορεῖ,
701 2123 793 2176 τὸν
841 2123 968 2175 Υἱὸν
1023 2121 1356 2193 ἀρνουμένου
1376 2138 1390 2151 °
1448 2121 1640 2174 ταύτὸν
1699 2120 1754 2174 δὲ

175 2218 437 2290 πράττων
482 2217 695 2287 ἐκείνῳ,
732 2215 1145 2288 σχηματίζεται,
1187 2216 1255 2286 τῇ
1285 2215 1404 2270 κατ’
1434 2213 1596 2267 αὐτοῦ
1638 2213 1754 2266 δια-

174 2310 309 2382 ϐολῇ
329 2311 430 2384 τὴν
448 2314 547 2382 τῆς
575 2309 893 2376 κακοδοξίας
917 2309 1172 2362 ὑπόνοιαν
1197 2307 1464 2362 ἐκκλίνειν
1489 2307 1750 2378 οἰόμενος.

173 2403 243 2456 Εἰ
273 2402 374 2472 μὲν
401 2397 493 2456 οὖν
517 2400 597 2471 τῷ
617 2401 886 2474 Σαϐελλίῳ
918 2400 1192 2472 μέμφεται
1219 2400 1311 2454 τὸν
1341 2399 1470 2453 Υἱὸν
1497 2398 1590 2454 τοῦ
1619 2398 1753 2453 Θεοῦ

170 2492 520 2566 ἀρνουμένῳ,
569 2493 745 2564 ἐαυτῷ
767 2495 1030 2565 πρότερον
1052 2493 1190 2564 χρῆν
1226 2491 1538 2563 μέμψασθαι
1559 2509 1574 2523 ο
1616 2493 1666 2546 εἰ
1695 2492 1753 2546 δέ

170 2588 262 2640 ὅτι
299 2586 360 2640 ὃν
392 2586 552 2652 αὐτὸς
593 2587 820 2658 ὡρίζετο
854 2587 1046 2655 Λόγον,
1081 2585 1365 2648 Σαϐέλλιος
1406 2585 1623 2654 ἠγνόει·
1653 2586 1754 2640 οὐκ

166 2676 354 2750 ὀρθῶς
376 2676 534 2732 τοῦτό
557 2695 621 2747 γε
646 2679 855 2752 ᾐτιᾶτο.
889 2677 1028 2732 Οῦτε
1053 2677 1162 2749 γὰρ
1184 2676 1492 2742 Σαὸέλλιον,
1513 2675 1625 2730 οὔτ’
1653 2677 1753 2731 αὐ-

166 2771 304 2836 τοὺς
345 2770 651 2835 Ἰουδαίους,
684 2771 810 2834 τοὺς
835 2771 927 2824 τὸν
951 2769 1186 2841 Χριστὸν
1211 2768 1304 2822 τοῦ
1323 2767 1457 2822 Θεοῦ
1489 2767 1754 2839 ἀρνουμέ-

168 2880 322 2926 νους,
355 2863 415 2916 ὃν
439 2879 572 2933 φησι
597 2862 925 2934 Μάρκελλος.
939 2864 996 2916 ἐν
1025 2861 1102 2933 τῷ
1129 2859 1247 2931 Θεῷ
1278 2857 1416 2914 εἶναι
1444 2860 1616 2929 Λόγον
1633 2901 1647 2925 ,
1682 2857 1750 2911 δι’

167 2949 237 3008 οὗ
260 2955 451 3008 Μωσεί
477 2954 572 3007 καὶ
604 2955 718 3018 τοῖς
751 2955 1056 3026 προφήταις
1079 2951 1505 3024 κεχρημάτικεν,
1553 2949 1752 3020 ἀγνοῆ-

171 3063 290 3109 σαι,
326 3043 514 3099 τοῦτον
555 3045 612 3098 δὲ
640 3044 885 3116 ἀκριϐῶς
917 3045 1136 3110 εἰδέναι,
1167 3044 1262 3097 καὶ
1296 3045 1325 3096 6
1350 3044 1456 3107 πᾶς
1484 3040 1626 3095 εἴποι
1660 3040 1747 3108 ἂν,

1869 569 2178 626 Servatoris
2229 569 2718 634 commemoravit,
2761 569 2958 638 quibus
2990 569 3105 624 ait:
3142 567 3312 622 Nemo
3341 583 3437 622 no-

1865 661 1936 716 vit
1963 657 2180 714 Patrem
2204 660 2305 714 nisi
2337 657 2534 725 Filius,
2558 671 2605 714 et
2623 661 2708 713 cui
2736 658 2912 714 Filius
2935 660 3090 714 voluit
3116 659 3345 714 revelare
3365 659 3434 715 ".

1866 752 1998 819 Quze
2043 751 2170 806 dum
2222 751 2436 816 recitat,
2479 759 2733 821 tanquam
2801 761 3174 816 correcturus,
3220 757 3280 815 ἦέ
3336 766 3435 822 pro

1868 842 2013 898 Filio
2067 841 2297 898 Verbum
2342 856 2468 898 eum
2525 841 2843 898 nominavit.
2899 843 2991 898 Sic
3040 842 3182 898 enim
3237 841 3430 896 fatur:

1872 953 1891 986 ι
1937 933 2108 988 Nemo
2131 935 2268 988 novit
2321 932 2538 987 Patrem
2564 933 2664 986 nisi
2695 931 2892 999 Filius,
2925 935 3028 988 hoc
3055 943 3141 989 est
3182 931 3432 1000 Verbum,

1869 1045 1888 1077 ι
1921 1025 2124 1095 quibus
2159 1025 2310 1080 addit
2346 1045 2358 1080 :
2400 1023 2636 1079 Verbum
2672 1024 2870 1079 etenim
2897 1039 2994 1093 per
3027 1038 3088 1080 se
3127 1022 3304 1078 Patris
3334 1039 3433 1080 ex-

1871 1138 1890 1170 (
1921 1117 2071 1172 hibet
2099 1117 2462 1188 cognitionem
2491 1132 2506 1170 :
2535 1115 2730 1185 quibus
2763 1114 3050 1184 adjungit:
3094 1113 3432 1185 lmpossibile

1870 1231 1888 1263 ι
1920 1209 2184 1280 siquidem
2213 1217 2334 1263 erat
2357 1206 2602 1275 alioquin
2627 1205 2793 1261 Deum
2818 1219 3167 1278 cognoscere,
3206 1206 3309 1261 nisi
3333 1219 3430 1276 per

1867 1323 1886 1356 s
1921 1303 2193 1373 proprium
2223 1300 2392 1372 ipsius
2429 1299 2688 1356 Verbum.
2725 1319 2745 1356 ι
2782 1300 2979 1356 lterum
3001 1310 3182 1356 autem
3213 1315 3310 1370 pro
3341 1299 3432 1355 Fi-o

1861 1394 1932 1449 lio
1994 1394 2275 1450 substituit
2342 1391 2605 1448 Verbum:
2638 1399 2694 1448 et
2731 1403 2978 1449 sanctum
3034 1391 3150 1462 ejus
3198 1391 3428 1448 Verbum

1860 1487 2122 1541 nominat.
2161 1484 2315 1553 Smpe
2345 1500 2571 1541 numero
2605 1492 2785 1540 autem
2821 1500 2919 1555 per
2961 1498 3122 1541 voces
3148 1495 3256 1539 tam
3290 1499 3427 1554 pau-

1859 1579 2110 1634 cissimas
2142 1577 2328 1645 Verbi,
2362 1577 2548 1632 nullibi
2583 1585 2764 1632 autem
2810 1576 2957 1641 Filii,
2997 1577 3324 1632 mentionem
3354 1575 3429 1631 fa-

1857 1671 1954 1725 cit.
1983 1668 2122 1736 Quin
2149 1679 2204 1726 et
2233 1669 2408 1740 ipsam
2461 1666 2768 1724 Servatoris
2819 1670 3111 1724 dictionem
3160 1667 3428 1724 transfor-

1864 1769 1976 1814 mat
2011 1777 2024 1813 :
2060 1761 2148 1815 ubi
2186 1773 2286 1830 pro
2319 1759 2481 1826 Filio,
2513 1760 2802 1825 subinfert,
2862 1761 2966 1816 hoc
3013 1770 3099 1817 est
3147 1761 3423 1821 Verbum:

1859 1851 2020 1922 idque
2045 1867 2168 1907 cum
2199 1849 2324 1907 Filii
2360 1855 2673 1925 appellatio,
2712 1853 2882 1908 multo
2933 1853 3104 1924 magis
3125 1851 3427 1922 paternita-

1859 1944 1927 1998 tis
1949 1943 2212 2000 vocabulo
2237 1945 2562 2002 conveniret
2600 1961 2760 2016 quam
2792 1943 2952 2001 Verbi
2984 1962 3000 1999 :
3041 1959 3163 2000 cum
3204 1955 3260 2001 et
3311 1945 3428 2012 ipse

1858 2033 2117 2091 Servator
2141 2035 2297 2106 juxta
2346 2038 2777 2108 congruentiam,
2834 2036 3026 2092 Filium
3079 2050 3204 2092 cum
3266 2033 3428 2090 Patre

1856 2126 2225 2196 copulaverat.
2287 2127 2366 2184 Ita
2411 2142 2627 2199 semper
2685 2128 2955 2198 refugiens
3007 2127 3426 2198 appellationem

1856 2218 1998 2282 Filii,
2028 2218 2286 2289 Verbum,
2315 2234 2509 2277 vocem
2542 2235 2743 2291 susque
2769 2220 2943 2290 deque
2976 2227 3176 2275 versat.
3208 2217 3430 2284 ,δεδει-

1855 2310 1986 2365 lium
2014 2319 2162 2366 certe
2201 2310 2422 2365 damna:
2461 2309 2820 2384 abnegantem
2864 2309 3083 2375 Filium,
3133 2317 3188 2364 et
3247 2318 3424 2363 tamen

1855 2415 1914 2457 se
1939 2399 2272 2456 coulormem
2297 2400 2472 2455 eidem
2496 2410 2714 2470 prastat
2740 2417 2754 2456 :
2783 2400 2938 2469 quasi
2973 2408 3156 2468 posset
3200 2408 3257 2454 et
3313 2397 3426 2454 vel-

1854 2494 1951 2563 let,
2000 2493 2071 2550 ab
2116 2493 2260 2551 illius
2294 2493 2676 2558 accusatione,
2732 2493 3098 2562 suspicionem
3153 2493 3429 2548 haereseos

1853 2586 2090 2642 amoliri.
2118 2586 2252 2644 Cum
2279 2587 2322 2642 si
2349 2585 2511 2642 vellet
2535 2585 2826 2642 Sabellium
2857 2587 2927 2642 ob
2961 2585 3012 2641 id
3042 2585 3216 2654 ipsum
3240 2585 3426 2639 redar-

1852 2694 2036 2752 guere,
2065 2681 2212 2750 quod
2236 2677 2434 2733 Filium
2461 2677 2551 2733 ille
2591 2678 2684 2734 Dei
2715 2677 3033 2748 abnegaret,
3069 2677 3423 2747 semetipsum

1851 2779 1977 2826 ante
1996 2784 2120 2826 eum
2151 2770 2387 2826 debebat
2415 2784 2696 2826 accusare.
2725 2769 2878 2838 Quod
2905 2770 2952 2824 si
2978 2768 3248 2826 Sabellius
3272 2769 3426 2838 igno-

1851 2863 2030 2927 rabat,
2053 2875 2212 2931 quem
2243 2872 2402 2918 vocat
2443 2863 2560 2933 ipse
2596 2863 2859 2929 Verbum,
2903 2879 3008 2918 non
3044 2871 3163 2917 erat
3187 2861 3290 2917 hoc
3322 2876 3422 2915 no-

1851 2956 1995 3011 mine
2019 2956 2368 3012 incusandus.
2397 2956 2533 3012 Nam
2577 2969 2677 3012 nec
2697 2965 2847 3012 certe
2867 2955 3162 3021 Sabellius,
3207 2970 3276 3010 ne
3301 2953 3426 3024 qui-

1852 3045 1972 3100 dem
2022 3044 2192 3102 Judaai
2244 3047 2338 3117 qui
2395 3046 2670 3105 Christum
2709 3047 2855 3103 illum
2901 3047 2996 3103 Dei
3058 3047 3422 3112 abnuebant,

166 3139 236 3192 οὒ
266 3137 426 3208 μόνον
459 3137 726 3192 Ἰουδαίων
754 3136 888 3191 ἀλλὰ
916 3137 1011 3191 καὶ
1051 3137 1334 3208 Ἑλλήνων.
1389 3135 1618 3204 Λογικὸν
1642 3132 1752 3206 γὰρ

1857 3151 2012 3207 quem
2039 3137 2327 3228 Marcellus
2356 3137 2610 3206 amrmat,
2649 3140 2701 3195 in
2736 3141 2848 3196 Deo
2881 3137 3120 3194 Verbum
3144 3151 3283 3200 esse.
3326 3151 3425 3207 per

164 3231 258 3292 τίς
283 3229 384 3283 οὐκ
405 3228 470 3282 ἂν
487 3229 870 3302 ὁμολογήσειεν
897 3225 1036 3283 εἶναι
1062 3228 1154 3282 τὸν
1177 3227 1330 3292 Θεὸν,
1348 3225 1423 3290 ὡς
1450 3227 1544 3280 καὶ
1567 3225 1748 3295 σοφὸν,

168 3323 271 3385 καὶ
295 3322 498 3390 ἀγαθὸν
529 3323 622 3376 καὶ
652 3321 877 3376 δυνατόν
899 3339 915 3388 ;
950 3320 1238 3384 Σαϐέλλιος
1262 3321 1319 3373 δὲ
1341 3319 1500 3373 τοῦτο
1532 3318 1630 3390 μὲν
1653 3317 1755 3370 οὐκ

165 3414 241 3474 ἂν
290 3414 551 3486 άρνηθείη
591 3415 825 3480 είδέναι;
867 3414 949 3468 ὅτι
982 3413 1038 3466 δὲ
1070 3413 1144 3486 μὴ
1190 3413 1282 3465 καὶ
1315 3411 1444 3465 Υίὸν
1484 3409 1577 3464 τοῦ
1615 3407 1752 3463 Θεοῦ

167 3504 354 3570 ζῶντα
390 3505 482 3558 καὶ
511 3505 819 3574 ὑφεστῶτα,
844 3504 978 3558 ὅντα
999 3521 1058 3558 τε
1080 3503 1173 3557 καὶ
1201 3502 1434 3574 προόντα
1466 3501 1564 3571 τῆς
1618 3518 1753 3574 σαρ-

166 3599 269 3662 κός
327 3599 596 3669 ὁμολογεῖ.
636 3597 854 3668 Ταύτης
889 3598 1051 3650 ἕνεκα
1098 3596 1197 3667 τῆς
1233 3595 1370 3666 πρὸς
1434 3592 1752 3665 Μάρκελλον

168 3687 514 3759 συμφωνίας,
551 3687 752 3758 ὁμοίως
792 3686 944 3757 αὐτῷ
979 3687 1079 3757 τῆς
1111 3685 1204 3739 τοῦ
1241 3685 1378 3738 Θεοῦ
1432 3683 1756 3754 Ἐκκλησίας

165 3780 369 3850 ἠλάθη.
406 3779 526 3843 Πῶς
548 3780 604 3832 δὲ
627 3778 698 3833 τὰ
732 3778 823 3835 ἴσα
852 3779 1170 3851 Μάρκελλος
1191 3778 1268 3848 τῷ
1290 3777 1564 3849 Σαϐελλίῳ
1595 3777 1756 3848 ἐφρό-

162 3890 273 3935 νει,
308 3872 464 3942 δῆλος
515 3870 582 3926 ἂν
632 3871 718 3942 εἴη
768 3871 828 3936 ἐξ
861 3863 936 3926 ὧν
981 3870 1041 3926 ἓν
1077 3871 1172 3924 καὶ
1225 3871 1420 3924 ταύτὸν
1477 3865 1618 3924 εἶναι
1665 3868 1756 3922 τὸν

161 3965 304 4016 Θεὸν
357 3964 453 4043 καὶ
509 3964 601 4018 τὸν
655 3963 820 4018 αὑτοῦ
851 3964 1020 4033 Λόγον
1069 3963 1420 4030 διεστείλατο,
1485 3962 1615 4016 ποτέ
1656 3961 1757 4033 μὲν

162 4057 355 4118 αὐτοῖς
387 4057 625 4127 ῥήμασιν
653 4053 842 4109 εἰπών.

1853 3241 2014 3297 quem
2037 3217 2268 3282 Mosem'
2296 3237 2351 3284 et
2391 3229 2683 3301 prophetas
2733 3229 3129 3298 alloquebatur.
3166 3225 3280 3283 lmo
3316 3241 3423 3282 non

1853 3315 2222 3373 soliseJudaei
2251 3318 2356 3375 hoc
2406 3319 2588 3375 dicent
2647 3320 2890 3390 apprime
2943 3319 3281 3390 intelligere,
3327 3316 3426 3374 sed

1853 3408 1954 3477 ipsi
1989 3407 2155 3463 etiam
2187 3409 2410 3480 pagani.
2439 3409 2574 3465 Nam
2598 3410 2722 3480 quis
2747 3425 2849 3465 non
2887 3410 3052 3465 Deum
3100 3417 3282 3466 mente
3305 3422 3425 3466 esse

1854 3500 2138 3569 prmditum
2164 3501 2445 3568 fatebitur,
2477 3511 2538 3558 ut
2590 3503 2916 3573 sapientem,
2973 3511 3036 3556 ut
3091 3501 3290 3557 bonum
3317 3540 3335 3566 ,
3365 3514 3426 3554 ;.ι

1854 3592 2170 3659 potentem?
2204 3590 2472 3648 Sabellius
2501 3592 2650 3649 nullo
2672 3603 2820 3648 certe
2860 3602 3020 3648 [ftde
3072 3598 3334 3646 laterctur
3362 3605 3426 3648 se

1851 3683 1954 3738 hoc
1986 3683 2259 3753 ignorare.
2287 3685 2428 3751 Quin
2477 3684 2674 3740 Filium
2698 3683 2792 3740 Dei
2817 3685 2998 3739 vivum
3033 3695 3088 3739 et
3122 3681 3425 3738 subsisten-

1851 3785 1980 3843 tem,
2012 3777 2102 3847 qui
2126 3788 2182 3833 et
2206 3786 2370 3842 esset,
2397 3787 2452 3833 et
2482 3787 2607 3833 ante
2635 3791 2855 3832 carnem
2891 3785 3225 3846 assumptam
3254 3781 3421 3839 esset,

1851 3877 2194 3939 agnosceret.
2233 3867 2302 3923 Et
2334 3879 2511 3924 tamen
2550 3868 2620 3924 ob
2641 3868 2784 3922 hanc
2812 3867 2982 3937 ipsam
3005 3879 3130 3921 cum
3160 3865 3264 3920 hoc
3291 3862 3427 3918 Mar-

1853 3959 1990 4015 cello
2018 3961 2561 4027 contesserationem,
2587 3961 2795 4032 ejectus
2823 3957 2912 4014 ille
2949 3957 3050 4013 fuit
3081 3955 3153 4011 ab
3181 3955 3425 4016 Ecclesia

1854 4052 1970 4108 Dei.
1997 4051 2117 4119 Quo
2171 4065 2331 4126 pacto
2388 4065 2572 4109 autem
2630 4053 2914 4109 Marcellus
2949 4052 3180 4117 dicatur,
3232 4048 3420 4104 eadem

163 4163 293 4200 cum
323 4145 559 4202 Sabellio
589 4148 862 4217 opinatus,
929 4149 1275 4206 manifestum
1342 4148 1474 4212 lict,
1529 4154 1815 4218 propterea
1853 4146 1994 4216 quod
2031 4161 2197 4202 unum
2247 4157 2409 4218 atque
2464 4147 2608 4203 idem
2651 4146 2968 4220 proﬁteatur
3014 4144 3206 4208 Deum,
3259 4149 3425 4212 atque

163 4239 341 4309 ipsius
369 4236 465 4293 Dei
495 4237 752 4306 Verbum,
787 4241 941 4295 hisce
979 4241 1272 4312 aliquando
1303 4241 1483 4298 verbis
1509 4253 1664 4295 usus.

803 4335 964 4392 ΚΕΦ.
1004 4336 1106 4392 ιΖ’.

165 4423 374 4492 Ὅπως
408 4423 643 4493 ἠρνεῖτο
673 4425 1228 4552 γυμνῆηττζςιεξᾳλῇ
1259 4428 1376 4498 τὴν
1405 4429 1750 4484 ὑπόστασιν

801 4515 910 4552 του
1009 4516 1112 4552 .ου.

801 4515 910 4552 του
958 4515 985 4552 1
1000 4515 1112 4554 ιου.

246 4608 265 4642 ι
299 4590 365 4643 Ei
405 4589 504 4661 μὲν
528 4589 635 4660 γάρ
665 4591 699 4662 ἠ
728 4589 824 4644 τοῦ
859 4589 972 4660 (6'5)
1017 4590 1330 4662 πνεύματος
1372 4589 1617 4657 ἐξέτασις
1661 4590 1750 4661 γί-

171 4700 194 4733 s
240 4697 422 4748 γνοιτο
481 4666 638 4752 μόνη,
673 4680 732 4734 ἐν
780 4680 876 4734 καὶ
911 4681 1107 4735 ταύτὸν
1153 4682 1384 4746 εἰκότως
1416 4681 1551 4737 ἂνιὸ
1580 4681 1752 4750 Λόγος

179 4793 200 4823 σ
243 4769 383 4826 εἶναι
410 4771 488 4843 τῷ
514 4772 634 4844 Θεῷ
661 4774 923 4842 φαίνοιτο’
947 4793 967 4826 ι
995 4773 1107 4841 (64)
1136 4773 1268 4828 ποτέ
1293 4773 1352 4828 δὲ
1388 4773 1750 4845 παραϐάλλων

157 4865 245 4938 τῷ
275 4865 603 4937 ἀνθρωπείῳ
641 4865 786 4936 λόγῳ
825 4865 919 4919 τὸν
959 4864 1055 4919 τοῦ
1101 4864 1260 4929 Θεοῦ,
1301 4864 1396 4919 καὶ
1456 4864 1742 4934 ἐπιλέγων,

164 4978 184 5010 s
225 4958 284 5010 ἓν
334 4957 430 5011 καὶ
459 4957 654 5010 ταύτὸν
689 4953 830 5010 εἶναι
863 4955 944 5028 τῷ
995 4955 1321 5028 ἀνθρωπείῳ
1363 4955 1456 5009 τὸν
1509 4956 1567 5008 ἐν
1596 4953 1746 5026 αύτῷ

164 5069 186 5103 s
227 5049 423 5117 Λόγον,
473 5048 651 5124 ούδενὶ
681 5045 1048 5120 χωριζόμενον
1077 5049 1250 5119 ἑτέρῳ
1280 5049 1315 5120 ἢ
1369 5047 1507 5122 μόνῃ
1541 5048 1609 5118 τῇ
1642 5045 1743 5117 τῆς

243 5187 304 5245 >14
337 5180 439 5236 Ed.
477 5180 679 5248 Paris.,
706 5196 829 5254 pag.
862 5182 953 5249 78,
981 5182 1068 5239 79.
1144 5182 1192 5214 ⁷⁸
1225 5182 1416 5239 Matth.
1442 5199 1521 5250 χι,
1542 5183 1632 5240 27.

244 5395 361 5467 (δε)
395 5393 566 5474 νρὶεο
597 5393 824 5474 θριὲλλεὲ
865 5396 1132 5474 ἓῑ.,ἒκρῆν
1185 5396 1359 5470 μέμψο
1415 5407 1474 5455 ει
1507 5400 1746 5474 ὁρίζεται

165 5464 349 5538 λόγον
366 5475 421 5520 et
448 5464 765 5538 Μάρκελλος
785 5464 1074 5538 Σαᾷελλίῳ.

245 5536 360 5608 (63)
413 5534 758 5608 Πνεύματος
785 5534 1083 5608 ἐξέτασις.
1141 5534 1291 5604 Vult,
1320 5537 1530 5608 opinor,
1561 5548 1619 5596 ut
1661 5554 1748 5597 se-

163 5606 411 5662 cundum
442 5607 720 5671 deitatem,
755 5607 848 5658 vel
867 5606 1103 5661 divinam
1141 5606 1410 5664 rationein
1439 5609 1748 5666 considere-

167 5691 299 5749 r_uus
325 5674 648 5749 Myov,_n_am
669 5673 916 5749 πνεῦμα,
950 5676 1047 5745 ipsi
1069 5677 1286 5749 ponitur
1305 5692 1404 5749 pro
1434 5677 1544 5749 Deo
1573 5697 1588 5733 :
1620 5681 1748 5749 quia

167 5694 299 5730 Inus
327 5694 648 5756 noyov,_nam
680 5694 916 5758 mappa,
947 5694 1047 5758 ips:
1069 5694 1286 5746 ponitur
1305 5694 1404 5749 pro
1435 5694 1544 5734 ueo
1573 5697 1588 5733 :
1620 5694 1709 5804 tit,"

166 5747 438 5817 Servatur
467 5747 630 5817 dixit.
658 5743 798 5800 Deus
827 5756 1047 5817 spiritus
1081 5757 1160 5817 est
1181 5746 1362 5817 (Joan.
1394 5762 1470 5816 tv,
1497 5748 1612 5817 24).
1693 5787 1709 5802 .

244 5815 361 5883 (64)
394 5814 543 5870 ﬂore
572 5813 638 5870 δὲ
678 5815 1097 5886 παραϐάλλων.
1149 5811 1465 5885 Marcellus,
1512 5811 1747 5878 Verbum

2379 4333 2438 4392 »14
2477 4325 2631 4384 CAP.
2669 4325 2834 4384 XVII.

1960 4417 2114 4485 Quod
2136 4418 2565 4488 manifestissime
2591 4429 2828 4491 perneget
2857 4417 3166 4490 hypostasin
3191 4415 3348 4471 Filii.

1924 4529 1944 4563 s
1985 4511 2075 4584 [Β.
2101 4509 2239 4566 LXII
2261 4511 2384 4568 coll.
2409 4527 2466 4582 p.
2520 4511 2672 4585 107.]
2700 4511 2974 4582 Siquidem
2996 4509 3164 4566 solius
3201 4507 3425 4577 spiritus

1858 4623 1878 4657 ι
1920 4604 2226 4672 disquisitio
2289 4603 2403 4667 ﬁat,
2455 4604 2698 4669 omnino,
2761 4619 2861 4658 nec
2919 4601 3136 4671 injuria,
3180 4598 3421 4654 Verbum

1854 4715 1874 4748 ι
1915 4711 2077 4750 unum
2104 4705 2266 4765 atque
2295 4695 2436 4750 idem
2467 4711 2591 4751 cum
2624 4695 2734 4752 Deo
2763 4692 3030 4748 videbitur
3049 4707 3189 4748 esse.
3209 4710 3230 4743 ι
3255 4690 3422 4747 Com-

1849 4802 2054 4857 ponens
2103 4795 2281 4842 autem
2326 4785 2613 4858 aliquando
2655 4785 2890 4840 Verbum
2921 4783 3013 4838 Dei
3036 4796 3158 4837 cum
3182 4781 3425 4836 humano

1851 4875 2047 4938 verbo,
2105 4873 2354 4945 adiungit
2398 4892 2411 4928 :
2449 4891 2469 4926 ι
2523 4872 2696 4928 Unum
2736 4883 2900 4941 atque
2934 4887 3028 4942 per
3049 4869 3232 4927 omnia
3273 4868 3423 4924 idem

1855 4982 1875 5016 ι
1915 4981 2037 5020 cum
2085 4967 2306 5021 homine
2334 4980 2456 5021 esse
2509 4965 2637 5020 illud
2683 4965 2824 5035 quod
2860 4965 2913 5018 in
2941 4965 3055 5034 ipso
3085 4963 3244 5024 inest,
3286 4960 3420 5016 Ver-

1854 5075 1874 5108 ι
1915 5057 2042 5114 bum
2088 5058 2260 5114 nihilo
2287 5059 2502 5131 quidem
2545 5057 2614 5114 ab
2657 5056 2764 5113 alio
2805 5056 3266 5118 discriminatum,
3313 5049 3419 5107 nisi

1847 5400 1963 5464 Dei,
1988 5411 2110 5455 cum
2146 5397 2381 5453 hominis
2409 5395 2577 5453 verbo
2604 5395 2992 5464 componebat,
3019 5401 3070 5448 et
3113 5390 3416 5464 natatum.

1843 5479 1902 5542 et
1925 5459 2276 5542 προφορικόν,
2306 5467 2584 5542 legendum
2609 5465 2689 5537 τῷ
2712 5459 2770 5519 ἐν
2788 5463 3080 5542 ἀνθρωπῳ,
3105 5477 3210 5542 η-οη
3232 5459 3416 5542 «ady-

1847 5531 2121 5611 θρωᾶτεῑῳζ
2151 5546 2297 5611 patet
2316 5531 2385 5592 ei
2406 5537 2569 5611 paulo
2589 5531 2726 5611 post
2733 5531 3107 5611 sequentibus.
3125 5531 3413 5611 _M.-:Dein

1844 5601 2171 5694 vulgus:qu
2189 5607 2240 5661 θ.
2277 5624 2342 5694 μζ
2373 5601 2527 5694 οῦδὲν
2696 5601 2786 5677 ἦν.
2811 5601 3416 5694 Ἧολιξτοῄεν-ιιιβοιιγρ-αμ

1846 5673 2030 5750 ψενέι
2049 5673 2257 5750 τούτοις
2278 5673 2444 5750 αὑτὸν
2475 5677 2661 5742 εἰπὼν,
2688 5673 2782 5750 πρ.
2820 5685 2874 5731 et
2903 5673 3152 5748 χωρῆσαι
3184 5681 3240 5730 et
3288 5673 3412 5727 ἐπι-

1851 5747 2072 5806 σκόπτει
2095 5759 2148 5806 et
2175 5749 2234 5804 ού
2266 5749 2373 5824 γὰρ
2407 5747 2470 5803 ἄν
2500 5759 2552 5805 ct
2576 5747 2794 5820 rrapsiq.
