3838 6222
454 361 562 422 859
743 436 754 446 .
1154 362 1423 420 EUSEBII
1460 366 1926 427 CESARIENSIS
1963 371 2113 428 OPP.
2156 373 2331 431 PARS
2366 374 2457 432 IV.
2496 407 2565 422 —
2601 377 3021 437 DOGMATICA.
3589 391 3700 448 860

461 498 485 535 ι
522 479 700 549 operis
730 484 1098 539 tantummodo
1133 485 1390 543 eﬂicacia.
1438 507 1458 540 ι
1489 488 1754 557 Quocirca
1796 493 1886 548 ubi
1946 492 2006 546 ita

2129 512 2149 545 ι
2184 495 2436 566 πράξεως
2474 497 2742 570 ἐνεργείᾳ.
2772 518 2790 551 ι
2816 501 3037 573 Διόπερ,
3070 503 3199 557 ποτὲ
3241 504 3337 574 μὲν
3361 504 3699 577 ἀπεφαίνετο

454 573 659 639 Itatnit,
712 573 1024 643 priusquam
1081 579 1311 633 mundus
1369 582 1814 659 produceretur,
1887 585 2006 657 nibiI

2123 586 2228 656 πρὸ
2250 587 2348 657 τῆς
2373 587 2466 641 τοῦ
2499 589 2706 660 κόσμου
2752 592 3061 656 συστάσεως
3104 573 3269 666 μηδὲν
3318 573 3509 668 ἕτερον
3557 595 3701 655 εἶναι

454 663 679 716 omnino
729 673 923 731 praeter
994 664 1160 727 Deum
1228 668 1516 733 exstitisse,
1571 681 1627 726 et
1690 652 1815 728 alibi
1869 652 2006 737 hisce

2123 652 2261 750 πλὴν
2302 652 2472 743 Θεοῦ,
2531 652 2626 752 καλ.
2678 682 2841 737 πάλιν
2887 652 3069 749 αὐτοῖς
3104 652 3343 758 ρὴμασιν
3378 652 3587 758 ἔλεγεν,

453 750 584 818 ipsis
622 751 803 807 verbis
852 754 1065 808 utitur:
1112 774 1131 806 ι
1169 754 1306 812 Cum
1354 759 1591 814 nondum
1640 762 1743 816 iste
1790 764 2020 819 mundus

457 860 478 893 ι
520 843 810 911 productus
854 843 1046 912 fuerat,
1098 856 1295 921 prater
1336 849 1500 903 Deum
1540 851 1755 921 quidem
1821 854 2018 921 solum,

458 951 478 985 ι
520 934 654 988 nihil
708 944 827 990 erat
878 935 1056 1004 aliud;
1089 957 1108 990 ι
1152 949 1205 992 et
1250 940 1337 994 ubi
1387 940 1627 997 divinum
1692 944 1822 999 illud
1886 945 2019 1001 Ver-

452 1025 620 1091 bum,
691 1034 874 1081 nostro
929 1028 1225 1093 indicativo
1280 1046 1375 1099 per
1435 1034 1620 1088 omnia
1699 1036 2019 1091 assimilavit

450 1119 637 1183 verbo,
688 1118 740 1172 in
780 1120 973 1188 quibus
1008 1121 1107 1176 ista
1142 1123 1335 1177 scribit
1390 1123 1483 1195 [Β.
1540 1124 1629 1180 LV
1665 1128 1785 1183 coll.
1845 1143 1896 1197 p.
1949 1129 2019 1185 '59

455 1208 517 1263 Ι).
550 1210 651 1263 114
682 1211 739 1264 D.
770 1210 869 1265 125
887 1210 973 1283 Β.]
1019 1229 1079 1265 ιι
1121 1212 1578 1279 Quemadmodum
1633 1234 1719 1273 res
1756 1222 2017 1276 universae

458 1320 478 1351 ι
519 1315 638 1370 qua:
665 1302 939 1371 producta:
963 1303 1193 1370 fuerunt,
1220 1322 1249 1359 a
1277 1304 1437 1362 Patre
1464 1310 1899 1378 producebantur
1921 1327 2016 1380 per

461 1411 479 1441 ι
523 1391 779 1459 Verbum,
837 1394 903 1447 ad
934 1395 1181 1451 eumdem
1206 1397 1419 1452 modum
1449 1408 1503 1456 et
1524 1416 1643 1470 quae
1675 1418 1704 1455 a
1752 1402 1910 1457 Patre
1931 1404 2014 1458 di-

457 1502 474 1531 ι
511 1484 792 1544 cebantur,
824 1501 920 1556 per
936 1487 1170 1543 Verbum
1207 1491 1434 1546 indicem
1457 1493 1809 1551 edebantur.»
1836 1497 2014 1567 Atque

450 1576 548 1641 ita,
578 1589 698 1629 cum
730 1576 831 1631 hoc
857 1586 1011 1647 pacto
1054 1580 1403 1636 indicativum
1431 1582 1654 1638 verbum
1690 1586 2009 1655 compellans-

449 1673 533 1719 set
576 1665 772 1736 ipsum.
809 1681 1061 1724 sermone
1107 1673 1483 1741 progrediente
1532 1682 1709 1728 tamen
1759 1677 2009 1732 eumdem

449 1756 623 1823 ipsum
670 1771 697 1808 a
729 1755 889 1813 Patre
919 1759 1330 1829 inseparabilem
1354 1766 1691 1832 pronuntiat,
1720 1767 1860 1835 quod
1887 1782 2009 1834 spe-

2126 789 2143 819 ι
2192 771 2357 840 μήπω
2389 772 2482 825 τοῦ
2515 774 2717 845 κόσμου
2744 776 3045 843 γεγονότος,
3066 778 3219 832 οὐδὲν
3259 779 3444 851 ἓτερον
3466 776 3539 852 ἢν
3561 782 3699 853 πλὴν

2126 880 2144 910 ι
2189 861 2323 914 Θεοῦ
2374 863 2569 933 μόνου·
2613 884 2631 916 ›
2684 866 2814 919 ποτὲ
2854 865 2912 919 δὲ
2948 867 3025 938 τῷ
3063 870 3317 942 ἡμετέρῳ
3368 874 3698 944 σημαντικᾷ

2120 953 2262 1024 λόγῳ
2298 955 2388 1007 τὸν
2420 954 2513 1008 τοῦ
2540 955 2674 1009 Θεοῦ
2706 957 3061 1028 παρέϐαλλεν,
3092 962 3151 1014 ὲν
3175 956 3257 1025 οἷς
3285 954 3388 1016 ὧδε
3410 963 3662 1036 ἔγραφεν
3689 984 3700 994 ·

2125 1064 2143 1095 ‹
2169 1046 2381 1117 Ὥσπερ
2406 1046 2477 1100 τὰ
2496 1049 2756 1116 γεγονότα
2784 1049 2961 1105 πάντα
2989 1052 3092 1105 ὑπὸ
3124 1052 3219 1106 τοῦ
3254 1054 3469 1125 Πατρὸς
3491 1056 3583 1110 διὰ
3601 1059 3703 1111 τοῦ

2124 1154 2141 1185 ι
2190 1136 2362 1204 Λόγου
2401 1136 2643 1205 γέγονεν,
2698 1138 2842 1192 οὕτω
2877 1140 2971 1192 καὶ
3022 1140 3090 1194 τὰ
3139 1141 3406 1212 λεγόμενα
3443 1145 3553 1196 ὑπὸ
3602 1144 3703 1198 τοῦ

2122 1244 2140 1271 ι
2182 1225 2397 1298 Πατρὸς
2425 1226 2513 1282 διά
2543 1227 2637 1281 τοῦ
2667 1228 2841 1297 Λόγου
2866 1230 3208 1300 σημαίνεται.
3251 1251 3270 1284 ι
3312 1234 3423 1287 Καὶ
3449 1234 3517 1306 δὴ
3539 1234 3704 1303 λόγον

2118 1316 2446 1387 σημαντικὸν
2469 1320 2526 1372 ἐν
2569 1319 2776 1383 τούτοις
2807 1320 2968 1374 αὑτὸν
3008 1322 3263 1386 ἀνειπὼν,
3304 1324 3508 1394 προῖὼν
3544 1326 3702 1394 ἑξῆς,

2117 1406 2416 1479 ἀχώριστον
2461 1409 2722 1481 αὑτὸντῇ
2768 1412 3080 1477 ὑποστάσει,
3108 1411 3166 1468 ἓν
3197 1415 3290 1467 καὶ
3319 1416 3517 1469 ταύτὸν
3549 1414 3705 1470 εἶναι

2112 1498 2189 1568 τῷ
2238 1500 2413 1570 Πατρὶ
2460 1501 2817 1571 παρίστησιν.
2863 1494 2965 1554 ὧδέ
3008 1520 3083 1573 πη
3136 1502 3337 1571 λέγων’
3378 1521 3399 1554 ‹
3439 1502 3707 1558 Τοῦτοδὲ

2119 1608 2138 1640 ι
2184 1590 2362 1661 ῥᾴδιον
2385 1587 2662 1661 οἷμαιτοῖς
2687 1592 3027 1662 εὐφρονοῦσι,
3061 1595 3155 1647 καὶ
3183 1594 3291 1647 ἀπὸ
3316 1595 3515 1666 μικροῦ
3543 1612 3707 1659 τινος

2118 1700 2134 1731 ι
2182 1682 2275 1734 καὶ
2287 1681 2540 1735 ταπεινοῦ
2557 1683 2676 1735 καθ’
2694 1684 2843 1753 ἡμᾶς
2856 1683 3292 1755 παραδείγματος
3316 1685 3540 1754 γνῶναι.
3554 1687 3707 1739 Οὐδὲ

2120 1791 2134 1821 ι
2178 1771 2286 1844 γάρ
2320 1772 2411 1826 τὸν
2442 1772 2534 1825 τοῦ
2556 1772 2843 1845 ἀνθρώπου
2864 1774 3021 1842 λόγον
3034 1775 3260 1846 δυνάμει
3282 1777 3375 1830 καὶ
3396 1777 3706 1834 ὑποστάσει

446 1851 562 1899 ctat
601 1846 669 1899 ad
718 1846 1039 1917 bypostasin
1098 1866 1287 1919 suam,
1347 1830 1619 1923 unumque
1671 1872 1795 1911 cum
1851 1856 2006 1913 Patre

2121 1882 2139 1913 ι
2180 1830 2410 1935 γεωρίσαι
2432 1867 2538 1918 τινὶ
2569 1830 2810 1920 δυνατόν.
2843 1830 2950 1919 Ἓν.
2982 1867 3090 1938 γάρ
3119 1830 3234 1920 ἐστι
3266 1868 3359 1922 καὶ
3387 1868 3589 1938 ταύτὸν
3620 1872 3706 1941 τῷ

447 1942 611 2005 atque
657 1936 795 1991 idem
848 1939 1025 2003 docet,
1076 1942 1224 1997 hisce
1269 1944 1450 1999 verbis
1486 1966 1495 1998 :
1539 1965 1558 1997 ‹
1600 1946 1779 2016 Atque
1840 1948 2007 2014 istud,

451 2042 471 2074 ι
512 2025 723 2094 opinor,
776 2029 868 2099 qui
902 2041 1046 2086 recte
1093 2034 1277 2087 volunt
1318 2049 1531 2103 sapere,
1578 2052 1682 2092 non
1706 2027 2007 2094 admodum

451 2132 471 2163 ι
508 2115 796 2172 diﬁiculter
824 2120 1100 2176 collecturi
1132 2132 1257 2178 sunt
1286 2126 1354 2177 ab
1381 2127 1505 2179 exili
1537 2128 1772 2197 quodam
1825 2141 1878 2184 et
1904 2131 2008 2184 hu-

450 2224 470 2256 ι
512 2205 622 2259 mili
671 2206 813 2262 inter
843 2209 1087 2267 homines
1111 2214 1374 2284 exemplo.
1402 2215 1535 2269 Nam
1568 2233 1665 2272 nec
1688 2220 2004 2287 humanum,

450 2316 469 2345 ‹
517 2296 585 2351 ab
615 2297 832 2354 homine
862 2303 1104 2381 verbum,
1132 2315 1399 2372 potestate
1436 2310 1615 2377 quivis
1646 2320 1701 2365 et
1730 2312 2008 2383 bypostasi

449 2407 467 2437 σ
510 2390 864 2457 separaverit.
902 2393 991 2447 Est
1024 2395 1171 2449 enim
1200 2397 1446 2465 verbum,
1476 2416 1639 2455 unum
1673 2411 1834 2472 atque
1867 2405 2006 2460 idem

448 2495 466 2526 ι
499 2493 621 2533 cum
649 2480 864 2536 homine
897 2497 911 2534 :
942 2498 1046 2538 non
1071 2484 1227 2539 aliter
1251 2488 1471 2543 omnino
1502 2493 1823 2561 separabile,
1843 2509 2004 2563 quam

449 2586 472 2618 ο
506 2568 671 2624 solius
712 2573 1043 2640 operationis
1088 2572 1302 2628 eﬂ‘ectu.
1336 2595 1355 2629 ι
1382 2576 1496 2644 Qua
1549 2581 1900 2638 similitudine
1949 2594 2006 2638 et

444 2658 569 2713 alibi
601 2675 727 2715 usus
754 2670 856 2727 est,
890 2664 975 2718 ubi
1009 2665 1084 2718 ait
1115 2666 1204 2738 [Β.
1241 2667 1372 2741 LVI]
1402 2687 1416 2722 :
1454 2688 1473 2721 ι
1504 2670 1848 2741 Quaecunque
1881 2685 2007 2729 sunt

448 2768 467 2800 ι
511 2763 631 2819 qua:
654 2749 811 2806 Pater
835 2752 979 2822 loqui
1010 2754 1451 2825 deprehenditur,
1498 2761 1586 2815 illa
1617 2764 1797 2817 omnia
1828 2765 2005 2834 prolo-

446 2857 466 2891 ς
508 2841 690 2911 quitur
721 2857 816 2909 per
847 2842 1078 2898 Verbum
1129 2862 1305 2902 suum.
1351 2852 1528 2919 Atque
1580 2852 1682 2907 boc
1738 2854 1791 2907 in
1852 2857 2006 2913 nobis

450 2947 469 2983 ι
514 2933 643 2998 ipsis
669 2944 892 3003 apparet
919 2948 1041 2988 esse
1074 2936 1166 2998 ita,
1196 2938 1459 3008 siquidem
1484 2944 1664 3012 parvis
1695 2944 1854 2999 liceat
1885 2963 2002 3000 ma-

448 3040 467 3073 ς
507 3038 611 3092 gna
639 3039 980 3094 componere.
1031 3025 1165 3081 Nam
1195 3044 1527 3101 quaecunque
1578 3051 1674 3089 nos
1717 3036 1869 3104 juxta
1906 3056 2005 3094 no-

446 3145 455 3155 ι
509 3124 680 3166 strum
711 3128 898 3183 posse,
942 3117 1121 3172 dicere
1152 3119 1233 3172 vel
1272 3119 1453 3177 facere
1490 3127 1873 3196 cupiverimus,
1909 3146 2004 3195 per

447 3220 470 3255 ο
509 3181 749 3258 nostrum
799 3222 897 3261 nos
947 3208 1173 3264 verbum
1218 3211 1309 3268 illa
1337 3212 1529 3270 eﬂ‘ecta
1557 3181 1768 3274 damus.
1824 3239 1843 3272 ι
1879 3181 2005 3277 limo
2036 3181 2078 3241 ε

443 3308 542 3349 nos
583 3306 795 3364 oportet
840 3299 1153 3358 existimare
1202 3319 1309 3359 non
1338 3308 1514 3362 minus
1551 3308 1865 3367 Marcellum
1924 3314 2005 3369 di-

442 3391 655 3438 centem
695 3387 903 3452 audire,
940 3405 1103 3459 quam
1139 3391 1455 3453 Sabellium.
1498 3398 1607 3455 Nisi
1657 3400 1795 3458 forte
1822 3404 2003 3460 riden-

439 3476 567 3529 dum
608 3477 827 3534 volebat
855 3480 1148 3538 Sabellium
1194 3484 1478 3544 Marcellus
1518 3493 1837 3563 propinare;
1879 3498 2004 3566 quia

442 3584 548 3623 non
599 3568 854 3639 audebat,
918 3575 1059 3644 quod
1108 3592 1272 3634 ausus
1299 3590 1382 3635 est
1438 3582 1570 3651 ipse,
1606 3584 1837 3641 Verbum
1879 3588 2006 3644 illud

440 3658 536 3715 Dei
575 3660 959 3731 indicativum,
1004 3672 1149 3737 quod
1189 3672 1461 3727 existimat
1517 3685 1758 3745 tantum,
1809 3679 2003 3734 Filium

440 3752 535 3808 Dei
577 3755 876 3812 nominare.
919 3758 1078 3816 Certe
1130 3779 1237 3817 non
1288 3780 1353 3819 eo
1380 3767 1623 3837 prorupit
1667 3769 1712 3822 is
1759 3770 2002 3837 insaniw,

441 3853 501 3897 ut
535 3859 865 3915 sermonem,
919 3865 1014 3919 per
1064 3855 1244 3906 omnia
1283 3855 1521 3912 humano
1570 3859 1900 3915 simillimum
1943 3869 2000 3927 >14

442 3934 553 3989 Deo
578 3936 817 3990 omnium
866 3954 1122 4007 supremo
1155 3944 1380 3999 auderet
1410 3946 1703 4003 ascribere.
1756 3949 1863 4003 Sed
1905 3966 2007 4005 nec

436 4038 505 4078 eo
530 4026 775 4082 stultitiae
804 4028 1038 4092 devenit,
1070 4041 1127 4085 ut
1163 4033 1387 4088 verbum
1422 4036 1637 4107 aliquod
1690 4054 1793 4092 non
1826 4042 2007 4096 subsi-

437 4133 610 4193 stens,
656 4124 854 4180 Filium
908 4127 1002 4182 Dei
1032 4130 1356 4185 nominaret.
1413 4130 1675 4197 Quocirca
1710 4136 1800 4204 qui
1842 4152 2004 4191 unum

438 4216 572 4270 dixit
614 4216 780 4271 Deum
828 4216 1115 4287 Sabellius,
1167 4218 1361 4275 Filium
1385 4236 1511 4276 vero
1543 4224 1848 4293 abnegavit,
1879 4243 2007 4281 con-

435 4318 764 4377 sequenter,
822 4312 1112 4366 secundum
1166 4328 1316 4367 suam
1370 4316 1787 4382 suppositionem
1857 4333 2007 4371 eum-

433 4399 554 4453 dem
608 4399 895 4455 aﬂirmavit
920 4400 1157 4466 Patrem,
1192 4418 1352 4472 quem
1391 4412 1446 4459 et
1484 4403 1697 4459 Filium.
1730 4406 2008 4464 Marcellus

2122 1975 2139 2007 ι
2180 1955 2448 2028 ἀνθρώπῳ
2473 1958 2500 2009 ό
2527 1957 2702 2026 λόγος,
2743 1959 2837 2012 καὶ
2861 1959 3038 2013 οὐδενὶ
3081 1960 3447 2032 χωριζόμενος
3494 1962 3702 2034 ἑτέρῳ,

2121 2068 2138 2098 ι
2184 2049 2217 2117 ἡ
2249 2049 2387 2119 μόνῃ
2423 2052 2489 2120 τῇ
2518 2049 2619 2119 τῆς
2648 2050 2902 2121 πράξεως
2934 2052 3207 2123 ἐνεργείᾳ.
3240 2070 3258 2102 ι
3300 2053 3411 2107 Καὶ
3438 2036 3602 2117 amt;

2113 2140 2247 2211 αὑτῇ
2287 2140 2549 2212 κέχρηται
2581 2141 2746 2193 εἰκόνι
2778 2143 2835 2194 ὲν
2874 2137 2958 2206 οἷς
2985 2159 3150 2213 φησι’
3189 2161 3208 2195 t
3247 2143 3433 2197 Πάντα
3456 2145 3566 2215 γὰρ
3594 2147 3706 2200 ὅσα

2120 2251 2139 2282 ι
2181 2231 2246 2284 ἂν
2277 2233 2305 2284 ό
2342 2232 2530 2304 Πατὴρ
2558 2231 2715 2305 λέγῃ,
2739 2232 2912 2286 ταῦτα
2958 2234 3235 2305 πανταχοῦ
3268 2234 3357 2288 διά
3384 2235 3487 2288 τοῦ
3515 2237 3703 2305 Λόγου

2120 2343 2137 2374 ι
2178 2323 2349 2393 λέγων
2380 2325 2645 2394 φαίνεται.
2665 2324 2835 2380 Τοῦτο
2865 2328 2922 2381 δὲ
2949 2327 3106 2397 δῆλόν
3139 2328 3378 2382 ἐστικαὶ
3408 2331 3509 2398 ἀφι
3528 2331 3699 2401 ἡμῶν

2118 2435 2137 2465 ι
2184 2416 2384 2479 αὐτῶν,
2421 2417 2520 2470 ὃσα
2551 2416 2722 2489 μικρὰ
2756 2418 3013 2488 μεγάλοις
3038 2419 3129 2472 καὶ
3160 2419 3324 2483 θείοις
3362 2420 3699 2476 ἀπεικάσαι.

2119 2528 2135 2559 ι
2182 2509 2293 2561 Καὶ
2338 2511 2504 2579 ἡμεῖς
2532 2508 2661 2579 γὰρ,
2700 2508 2877 2563 πάντα
2906 2510 3008 2563 ὃσα
3034 2508 3101 2563 ἂν
3141 2508 3416 2581 θέλωμεν,
3450 2511 3602 2565 κατά
3636 2511 3705 2577 τὸ

2117 2620 2134 2650 ι
2173 2598 2392 2652 δυνατὸν
2421 2598 2597 2666 λέγειν
2622 2615 2684 2651 τε
2716 2600 2809 2653 καὶ
2832 2601 3025 2664 ποιεῖν,
3042 2599 3120 2670 τῷ
3144 2600 3399 2672 ἡμετέρῳ
3424 2601 3702 2673 ποιοῦμεν

2117 2711 2134 2741 ‹
2174 2691 2336 2762 λόγῳ.
2382 2710 2400 2743 ι
2434 2689 2619 2744 Ταῦτα
2651 2690 2711 2743 ού
2755 2690 2955 2761 μᾶλλον
2987 2691 3307 2763 Μαρκέλλου
3335 2693 3369 2763 ἡ
3391 2692 3700 2753 Σαϐελλίου

2110 2782 2352 2851 λέγοντος
2397 2780 2613 2835 ἀκούειν
2651 2783 2914 2853 προσήκει
2936 2781 3193 2852 νομίζειν,
3219 2784 3267 2836 εἰ
3303 2782 3377 2854 μὴ
3402 2784 3511 2855 ἄρα
3540 2785 3702 2840 τοῖς⁹

2111 2872 2445 2926 ὲπισκώπτοι
2474 2872 2745 2943 Σαδελλίῳ
2774 2872 3116 2945 Μάρκελλος,
3133 2874 3215 2926 ὅτι
3245 2874 3320 2945 μὴ
3345 2875 3580 2939 ἀναιδῶς
3600 2876 3701 2930 τὸν

2110 2969 2168 3019 ὲν
2196 2964 2273 3035 τῷ
2300 2963 2417 3035 Θεῷ
2446 2965 2779 3035 σημαντικὸν
2806 2966 2998 3033 Λόγον,
3039 2964 3116 3029 ὡς
3148 2966 3310 3030 αὐτὸς
3332 2966 3523 3033 οἴεται,
3556 2967 3701 3021 Υἱὸν

2109 3055 2307 3127 ἐτόλμα
2328 3054 2628 3125 ὀνομάζειν.
2661 3056 2735 3109 Οὑ
2760 3056 2867 3127 γὰρ
2896 3052 2962 3110 αὖ
2996 3056 3229 3129 τοσαύτη
3257 3057 3407 3128 αὑτῷ
3421 3057 3699 3129 λογισμοῦ

2110 3150 2289 3220 παρῆν
2312 3149 2485 3213 ἄνοια,
2505 3148 2579 3212 ὼς
2608 3148 2777 3216 Λόγον
2807 3149 3005 3219 ὁμοίως
3021 3147 3347 3220 ἀνθρώποις,
3372 3149 3469 3202 καὶ
3497 3149 3581 3219 τῷ
3601 3150 3701 3203 ἐπὶ

2109 3240 2324 3294 πάντων
2358 3241 2554 3294 διδόναι
2584 3239 2721 3310 Θεῷ.
2767 3240 2890 3293 Οὐδ’
2918 3239 3090 3304 οὕτως
3123 3239 3328 3310 ἠλίθιος
3356 3235 3446 3312 ἦν,
3476 3240 3554 3302 ὡς
3601 3241 3700 3294 τὸν

2111 3332 2184 3403 μὴ
2208 3331 2489 3401 ὑφεστῶτα
2512 3332 2696 3401 λόγον,
2726 3331 2853 3385 Υίὸν
2869 3331 3003 3384 Θεοῦ
3024 3330 3227 3386 καλεῖν.
3252 3332 3471 3402 Διόπερ,
3497 3331 3702 3385 mea-

2105 3424 2216 3488 λιος
2270 3424 2365 3476 ἕνα
2421 3423 2552 3477 Θεὸν
2605 3421 2796 3487 εἰπὼν,
2851 3422 2944 3475 τὸν
3002 3422 3060 3475 δὲ
3108 3422 3237 3475 Υἱὸν
3282 3422 3697 3493 ἀρνησάμενος,

2106 3514 2387 3585 ἑπομένως
2424 3518 2491 3584 τῇ
2538 3513 2685 3585 αὐτῷ
2715 3512 2931 3586 δοθείσῃ
2967 3512 3240 3577 ὑποθέσει,
3269 3513 3358 3566 τὸν
3390 3513 3552 3567 αὐτὸν
3581 3513 3700 3566 Πα-

2105 3604 2238 3673 τέρα
2260 3599 2396 3656 εῑναι
2417 3606 2509 3656 καὶ
2525 3601 2650 3656 Υἰόν
2673 3602 2896 3671 ἔφασκε.
2915 3601 3234 3673 Μάρκελλος
3256 3601 3312 3655 δὲ
3330 3601 3462 3673 (65),
3488 3603 3701 3672 ὁμοίως

2107 3693 2300 3763 ἐκείνῳ
2324 3692 2381 3745 ἓν
2406 3694 2500 3745 καὶ
2522 3691 2718 3746 ταύτὸν
2748 3687 2887 3744 εἶναι
2923 3692 3015 3744 τὸν
3036 3691 3188 3757 Θεὸν,
3225 3692 3318 3745 καὶ
3340 3691 3430 3744 τὸν
3457 3693 3515 3745 ἐν
3536 3693 3702 3762 αὐτῷ

2108 3779 2278 3847 Λόγον
2311 3777 2503 3842 διδοὺς,
2542 3780 2717 3849 μάτην
2746 3777 3009 3846 ἐσφάλθαι
3037 3778 3125 3831 τὸν
3150 3778 3456 3842 Σασέλλιον,
3490 3780 3617 3852 ούχὶ
3639 3782 3700 3833 δὲ

2110 3871 2201 3923 καί
2227 3870 2416 3923 ἑαυτὸν
2444 3868 2711 3941 ὁμολογεῖ.
2758 3869 2828 3922 Ἢ
2878 3869 2989 3941 γὰρ
3027 3870 3274 3923 κάκεῖνον
3323 3870 3697 3941 ἀποδέχεσθαι

2109 3960 2265 4031 χρῆν,
2293 3959 2327 4030 ἢ
2359 3961 2453 4013 καὶ
2491 3957 2654 4013 αὑτὸν
2692 3958 3002 4030 μέμφεσθαι
3029 3974 3042 3987 ·
3078 3960 3111 4029 ἡ
3152 3960 3506 4031 μεμφόμενον
3542 3962 3698 4015 ἐκεῖ-

2110 4070 2221 4118 νον,
2259 4052 2357 4123 τὴν
2394 4051 2586 4121 ὁμοίαν
2618 4051 2768 4122 αὐτῷ
2808 4049 3127 4116 κακοδοξίαν
3167 4051 3553 4122 ἐκτρέπεσθαι,
3596 4056 3701 4107 καὶ

2112 4140 2186 4212 μὴ
2215 4140 2649 4212 ἀνδριαντοποιοῦ
2688 4140 2843 4209 δίκην
2880 4139 3226 4193 ὑποτίθεσθαι
3268 4140 3362 4193 τὸν
3409 4140 3566 4205 Θεὸν,
3624 4147 3697 4214 τῇ

2110 4231 2301 4285 ἑαυτοῦ
2343 4232 2636 4303 ὲνθυμὴσει
2664 4232 2757 4285 κα)⁸
2781 4229 2857 4299 τῷ
2884 4229 2997 4301 ἰδίῳ
3018 4229 3264 4302 λογισμῷ
3306 4231 3701 4303 προσδιαλεγό-

2114 4341 2292 4396 μενον,
2327 4324 2485 4377 αὑτόν
2512 4340 2571 4377 τε
2601 4323 2778 4394 ἐαυτῷ
2812 4322 3315 4395 παρακελευόμενον
3336 4324 3538 4394 λέγειν,
3570 4327 3697 4395 (66)

2114 4417 2247 4483 ’Ἄγε
2292 4413 2625 4482 ποιήσωμεν,
2669 4412 2770 4487 ἄγε
2816 4411 3110 4483 πλάσωμεν
3155 4412 3474 4485 ἀνδριάντα,
3531 4416 3700 4471 Οὕτω

433 4505 563 4546 vero
593 4494 685 4563 qui
722 4494 945 4557 perinde
998 4503 1161 4564 atque
1209 4496 1297 4549 ille
1332 4498 1493 4551 Deum
1539 4514 1703 4552 unum
1755 4500 2002 4570 idemque

2114 4506 2217 4574 γὰρ
2240 4505 2332 4557 καὶ
2352 4503 2442 4556 τὸν
2452 4503 2582 4556 Θεὸν
2598 4502 2874 4574 εἰρηκέναι
2887 4504 2970 4567 τὸ,
2986 4503 3337 4574 Ποιήσωμεν
3351 4506 3699 4575 ἄνθρωπον,

432 4586 705 4639 statuebat
734 4602 855 4642 cum
891 4585 1067 4642 Verbo
1093 4603 1212 4653 suo,
1242 4589 1423 4658 inepte
1451 4602 1673 4646 accusat
1699 4592 1996 4647 Sabellium

430 4677 657 4744 erroris,
685 4695 906 4747 prorsus
934 4682 1035 4734 nisi
1068 4696 1127 4736 se
1151 4691 1205 4736 et
1233 4697 1445 4737 errasse
1472 4682 1722 4739 fateatur.
1754 4684 1886 4738 Nam
1920 4687 2003 4741 vel

433 4783 557 4823 cum
603 4769 837 4825 Sabellio
867 4773 1189 4841 conspirare
1239 4774 1491 4839 debebat,
1532 4776 1616 4829 vel
1646 4779 1997 4844 semetipsum

432 4862 787 4930 redarguere,
828 4873 920 4917 aut
960 4865 1005 4919 si
1058 4866 1384 4935 redarguere
1424 4867 1722 4921 Sabelliqu
1764 4867 1998 4933 volebat,

432 4955 676 5008 eamdem
724 4971 941 5025 pravam
976 4974 1127 5013 suam
1174 4960 1421 5013 haeresim
1465 4958 1717 5026 abjurare
1747 4975 1869 5015 eum
1910 4962 2001 5015 de-

431 5046 598 5102 cuit:
642 5063 741 5103 nec
791 5050 1083 5106 admodum
1138 5052 1369 5122 alicujus
1414 5062 1610 5107 statua:
1660 5051 1999 5117 conﬂatoris,

434 5140 600 5194 Deum
640 5156 944 5212 supponere
982 5144 1396 5214 colloquentem,
1429 5160 1550 5197 cum
1582 5160 1676 5198 sua
1702 5143 1996 5197 ratiocina-

436 5234 604 5297 tione,
650 5242 706 5288 et
752 5235 915 5289 animi
972 5236 1053 5291 sui
1112 5236 1514 5306 intelligentia:
1560 5236 1844 5305 ipsumque
1898 5231 2001 5286 sibi

435 5322 537 5392 ipsi
563 5325 914 5396 imperantem
944 5329 1284 5384 introducere
1314 5331 1380 5384 ad
1414 5330 1556 5383 hunc
1598 5328 1815 5383 modum
1850 5343 1862 5378 :
1897 5324 2001 5378 Fa-

523 5469 582 5528 rIt
618 5466 713 5522 Ed.
736 5466 931 5537 Paris.,
959 5486 1081 5541 pag.
1120 5471 1209 5528 80.

508 5626 596 5766 ἔδει
650 5628 818 5694 Vulgo
843 5633 1039 5701 ὁμοίως
1069 5634 1217 5704 αὑτῷ
1241 5644 1292 5688 et
1313 5634 1465 5687 ἀποδ.
1498 5636 1684 5706 ἐχρῆν.

530 5643 618 5766 6ϋί
653 5701 782 5766 Ἄγε
820 5702 1184 5766 ποιήσωμεν.
1225 5703 1528 5766 Legendum
1564 5709 1684 5766 ποιὴ

531 5643 596 5681 υθ
659 5643 818 5694 νιιιιέο
843 5643 1039 5701 ὁμοίως
1069 5643 1217 5704 αὐτῷ
1241 5644 1292 5688 et
1313 5643 1465 5687 ἀποδ.
1498 5643 1684 5706 εχρῆν.

530 5643 782 5777 θϋίᾏγε
820 5702 1184 5777 ποιήσωμεν.
1225 5703 1528 5777 Legenduut
1564 5709 1908 5777 ποιήσωμεν,
1948 5714 2003 5757 ut

439 5766 571 5823 altas
600 5766 869 5837 'ltabetur,
915 5766 1093 5827 statim
1131 5790 1225 5843 pro
1266 5766 1565 5843 μηδέποτε,
1615 5766 1836 5833 restitue
1878 5766 2002 5828 ποτὲ

2109 4598 2233 4668 ἔφη,
2263 4597 2395 4667 μηδὲ
2407 4596 2537 4648 ποτὲ
2567 4595 2665 4666 μὲν
2684 4595 3002 4659 ἐνδιάθετον,
3027 4597 3101 4660 ὡς
3124 4598 3210 4650 ἐπ’
3222 4596 3495 4669 ἀνθρώπῳ
3509 4600 3697 4669 λόγον,

2112 4689 2240 4741 ποτὲ
2280 4686 2336 4739 δὲ
2362 4686 2716 4757 σημαντικὸν,
2734 4687 2808 4750 ὡς
2823 4687 2915 4739 τὸν
2950 4690 3006 4741 ὲν
3030 4691 3158 4759 ἡμῖν
3186 4690 3520 4761 προφορικὸν
3542 4732 3557 4751 ,
3599 4692 3701 4744 καὶ

2110 4786 2167 4835 ἐν
2205 4780 2282 4852 τῷ
2299 4779 2417 4849 Θεῷ
2446 4778 2809 4832 ὑποτίθεσθαι.
2843 4778 3029 4833 Ταῦτα
3054 4781 3162 4851 γὰρ
3191 4780 3479 4835 Σαϐελλξου
3559 4785 3700 4837 Ἰου-

2110 4872 2276 4925 δαίων
2305 4870 2450 4933 τινὸς
2483 4869 2593 4922 τῶν
2618 4870 2707 4923 τὸν
2740 4869 2868 4923 Υἱὸν
2899 4869 2995 4921 τοῦ
3034 4869 3169 4922 Θεοῦ
3206 4870 3699 4942 ἀπαρακαλύπτως

2108 4962 2452 5033 ἀρνουμένων
2468 4961 2689 5015 ἀνεκτὸν
2712 4956 2780 5031 ἦν
2814 4959 3061 5031 μᾶλλονὴ
3083 4958 3408 5030 Χριστιανοῦ
3441 4959 3701 5028 λέγοντος

2108 5053 2347 5108 ἀκούειν.
2388 5054 2446 5107 '0
2468 5053 2534 5119 δ’,
2555 5053 2741 5123 ὥσπερ
2762 5051 3300 5122 ὲγκαλλωπιζόμενος
3326 5054 3393 5122 τῇ
3423 5052 3697 5124 Ἰουδαϊκῇ

2106 5144 2440 5215 διδασκαλίᾳ,
2467 5148 2531 5216 τῇ
2557 5143 2852 5215 Ἐκκλησία
2878 5142 3114 5214 Χριστοῦ
3145 5144 3275 5213 περὶ
3315 5142 3409 5195 τοῦ
3452 5143 3528 5214 μὴ
3558 5140 3700 5198 εἶναι

2106 5236 2198 5288 τὸν
2233 5237 2357 5290 Υἱὸν
2398 5234 2492 5288 τοῦ
2534 5234 2689 5299 Θεοῦ,
2737 5234 2797 5287 τὸ
2844 5234 3101 5297 δυσσεϐὲς
3160 5235 3310 5286 τουτὶ
3373 5234 3471 5286 καὶ
3534 5233 3698 5286 ἄθεον

2112 5328 2319 5396 εἰσάγει
2351 5328 2548 5399 δόγμα,
2582 5326 2690 5398 πρὸ
2724 5325 2817 5379 τοῦ
2860 5326 2952 5378 τὸν
2988 5325 3191 5396 κόσμον
3232 5322 3491 5392 γενέσθαι
3527 5323 3695 5395 μηδὲν

2117 5634 2235 5710 μέν.
2278 5632 2347 5685 Μ.
2370 5664 2438 5673 ———
2456 5630 2626 5710 Vulgo
2657 5646 2814 5710 supra
2852 5630 3199 5708 πλάσσωμεν.
3225 5628 3341 5710 hic:
3369 5627 3548 5710 vulgo

2112 5698 2176 5774 δὴ
2202 5720 2350 5788 σημλ
2386 5712 2439 5754 et
2472 5700 2621 5788 ἐκκλ.
2655 5701 2747 5753 τοῦ
2780 5718 2863 5773 χρ.
2901 5712 2950 5757 et
2984 5698 3091 5751 τοῦ
3112 5698 3426 5768 ποιηθέντος
3464 5698 3612 5767 αὖῒῴ
3640 5709 3697 5753 et

2114 5773 2621 5841 παραδεδειγμὲνον.
