3838 6222
1111 362 1198 418 DE
1245 359 1782 419 ECCLESIASTICA
1823 358 2222 417 THEOLOGIA
2260 357 2387 417 LIB.
2429 358 2468 418 ι.

3315 367 3420 421 8<Ξ

143 479 338 550 ἕτερον
371 475 510 535 εἶναι
548 481 686 554 πλὴν
717 483 852 537 Θεοῦ
888 483 1072 556 μόνου,
1100 483 1166 537 δι’
1197 484 1318 538 ὅλου
1347 482 1440 536 τοῦ
1477 483 1717 554 πονηθέν-

1840 483 2047 538 ciamus
2078 480 2328 549 agedum,
2372 482 2600 549 agedum
2637 481 2925 557 tingamus,
2979 497 3081 552 age
3113 484 3341 542 conllem
3357 500 3421 539 us

143 588 243 634 τος
260 571 410 643 αὒτῷ
436 575 864 646 συγγράμματος
884 575 1326 641 κατασκευάζων,
1351 575 1418 628 ἶν’
1432 575 1717 648 ἀποκλείοτ

1837 582 2094 628 statuam.
2126 572 2202 626 Ita
2235 573 2378 626 enim
2409 575 2666 642 supponit
2703 575 2868 628 Deum
2912 575 3203 646 aliquand’o
3231 580 3408 648 prolo-

141 662 226 734 τῷ
268 665 384 737 Υξῷ
428 665 526 737 τὴν
578 668 830 740 πάροδον.
875 669 1036 723 ’Λλλά
1065 669 1160 723 καὶ
1191 667 1512 738 σεμνύνεται
1545 667 1717 738 αὑχῶι

1835 673 2040 727 culum,
2073 660 2362 716 Faciamus
2392 664 2653 716 hominem
2680 665 2746 719 ".
2771 665 3047 736 Nusquam
3071 677 3222 722 certe
3255 676 3412 722 vocat

145 756 248 808 ἒνα
302 755 434 812 Θεὸν
480 757 696 812 εἰδέναι·
747 761 823 825 ὡς
879 761 999 831 οὐχὶ
1048 761 1143 814 καὶ
1170 760 1328 831 ἡμῶν
1351 759 1511 813 τοῦτο
1541 759 1728 828 λεγόν-

142 865 279 911 των,
310 849 402 902 τὺν
429 850 558 904 Υίδν
604 851 696 906 τοῦ
727 852 860 906 Θεοῦ
895 852 1108 923 ἀληθῶς
1147 851 1276 905 Υίὸν
1321 848 1461 905 εῖναι
1491 851 1727 922 παραδε-

145 940 202 993 δε
213 941 469 1012 ιγμένων,
508 945 638 1015 παρ’
655 944 818 997 αὐτοῦ
832 961 892 998 τε
908 962 981 1016 εμε
991 944 1424 1016 μαθηκότωνένα
1440 943 1726 1015 γνωρίζειν

144 1031 304 1098 Θεὸν,
338 1035 498 1090 αὐτόν
529 1053 589 1089 τε
613 1033 749 1091 εἶναι
772 1037 904 1091 Θεὸν
937 1038 1071 1109 ὁμοῦ
1094 1041 1188 1093 καὶ
1211 1037 1432 1109 Πατέρα
1451 1035 1562 1107 (67)
1593 1036 1723 1090 Υἱοῦ

143 1124 244 1177 τοῦ
277 1126 620 1196 μονογενοῦς,
647 1130 841 1184 ἑαυτοῦ
856 1131 1062 1203 δηλαδὴ»
1073 1131 1225 1195 ὄντος
1237 1130 1451 1203 ἀληθῶς
1465 1128 1597 1182 Υἱοῦ
1619 1127 1726 1200 πρὸ

145 1215 368 1271 πάντων
397 1218 606 1272 αἰώνων
641 1219 700 1285 ἐξ
735 1221 899 1274 αὐτοῦ
924 1222 1315 1293 γεγενημένου,
1341 1223 1436 1274 καὶ
1463 1220 1524 1274 οὑ
1565 1219 1724 1290 μόνον

143 1306 322 1376 Λόγου
364 1310 700 1382 κεκλημένου
751 1311 858 1384 πρὸ
889 1313 986 1384 τῆς
1027 1312 1341 1383 ἀναλήψεως
1371 1311 1470 1382 τῆς
1501 1311 1730 1382 σαρκὸς,

143 1401 282 1472 ὅπερ
310 1401 338 1453 ό
367 1404 614 1471 γενναῖος
653 1403 969 1476 διορίζεται,
1020 1403 1155 1457 ἀλλά
1193 1403 1287 1456 καὶ
1332 1402 1504 1474 μυρία
1536 1401 1719 1472 ἕτερα,

141 1494 172 1546 ό
190 1493 250 1546 δὲ
281 1491 387 1546 κᾶν
417 1494 610 1566 τούτῳ,
639 1497 738 1566 τῆς
759 1495 911 1560 θείας
929 1497 1156 1568 Γραφῆς
1183 1496 1597 1568 καταψεύδεται,
1616 1497 1724 1568 πρὸ

141 1587 246 1658 τῆς
301 1589 566 1660 ὲνσάρκου
626 1591 929 1661 παρουσίας
980 1590 1144 1662 μηδὲν
1182 1591 1370 1669 ἕτερον
1425 1590 1720 1663 κεκλῆσθαι

143 1680 306 1734 αὐτὸν
329 1680 814 1754 ἀπισχυριζόμενος
841 1683 873 1752 ἦ
895 1682 1082 1751 Λόγον.
1393 1690 1396 1694 ’

1834 755 2069 810 Verbum
2107 756 2251 810 intus
2279 757 2652 820 constitutum,
2681 761 2951 826 quomodo
2984 758 3132 827 loqui
3169 773 3285 813 mos
3317 769 3411 813 est

1833 848 1885 902 in
1921 847 2202 901 humanis:
2228 859 2285 901 at
2320 849 2589 903 interdum
2632 859 2786 904 vocat
2821 852 3195 914 indicativum,
3235 851 3409 906 simil-

1830 942 2016 996 limum
2049 952 2236 998 nostro
2265 944 2428 998 verbo
2451 943 2745 1013 prolatitio.
2777 944 2932 999 Esset
2956 944 3060 1000 hoc
3089 945 3144 999 in
3171 943 3410 1000 Sabellio

1830 1036 2048 1104 quidem
2125 1036 2446 1091 tolerabile:
2477 1037 2561 1090 vel
2607 1037 2657 1091 in
2691 1036 3000 1092 Judmorum
3068 1037 3252 1106 aliquo
3311 1037 3409 1107 qui

1828 1129 1946 1183 sine
1975 1129 2424 1196 tergiversatione
2454 1130 2630 1198 aliqua
2669 1129 2860 1184 Filium
2885 1129 2984 1194 Dei
3009 1137 3408 1200 pernegaturns

1826 1229 1969 1274 esset
2005 1242 2020 1276 :
2059 1231 2112 1273 at
2146 1222 2267 1291 quis
2304 1222 2418 1276 haec
2447 1222 2716 1276 dicentem
2742 1221 3117 1276 Christianum
3141 1221 3314 1277 ferat?
3338 1222 3410 1277 At

1829 1312 1920 1367 ille
1966 1313 2125 1367 veluti
2163 1314 2254 1383 qui
2309 1315 2635 1385 gloriaretur
2682 1316 2749 1370 de
2796 1314 3112 1380 Judaismo,
3177 1315 3406 1385 impium

1829 1405 2022 1476 dogma
2060 1417 2222 1474 atque
2261 1409 2484 1461 atlieum
2525 1406 2823 1461 introducit
2872 1407 2924 1460 in
2964 1405 3285 1471 Ecclesium,
3317 1405 3408 1460 Fi-

1829 1497 1958 1552 lium
1986 1499 2078 1554 Dei
2102 1501 2414 1569 neutiquam
2447 1501 2743 1564 exstitisse,
2789 1511 2917 1554 ante
2960 1498 3146 1552 mundi
3198 1498 3404 1568 produ-

1829 1588 2060 1644 ctionem
2091 1610 2104 1645 :
2138 1606 2258 1645 cum
2287 1591 2404 1646 solo
2433 1591 2540 1646 Deo
2571 1602 2799 1660 excepto
2831 1591 2963 1645 nihil
2986 1591 3145 1662 plane
3167 1598 3408 1645 exstaret

1829 1682 1946 1736 ibi:
1991 1683 2202 1752 hocque
2252 1684 2426 1755 ipsum
2476 1684 2852 1748 coustabilire,
2891 1699 2990 1754 per
3035 1683 3226 1752 scripti
3257 1682 3405 1737 illius

145 1774 230 1828 sui
260 1789 570 1844 processum
601 1785 830 1830 conatur
865 1776 1178 1832 universum
1213 1795 1228 1831 :
1268 1777 1319 1831 in
1349 1793 1472 1832 eum
1525 1777 1710 1842 tinem,
1746 1785 1805 1833 ut
1835 1777 1975 1833 Filio
2040 1793 2257 1833 omnem
2323 1780 2528 1834 aditum
2563 1780 2629 1833 ad
2675 1779 3087 1834 subsistentiam
3138 1777 3404 1834 interclu-

143 1872 257 1926 dat.
295 1869 401 1926 Sed
433 1881 488 1928 et
516 1873 738 1943 insuper
768 1875 1119 1930 vehementer
1153 1875 1431 1944 gloriatur.
1467 1889 1525 1930 se
1556 1890 1719 1927 unum
1761 1877 2135 1930 tantummodo
2181 1876 2345 1931 Deum
2416 1891 2746 1947 agnoscere:
2810 1877 2967 1946 quasi
3002 1877 3103 1932 hoc
3149 1892 3246 1932 nos
3295 1891 3402 1930 non

145 1965 526 2020 conﬁteremur
555 1983 679 2022 cum
704 1968 817 2034 illo,
847 1969 938 2038 qui
970 1979 1148 2024 tamen
1183 1970 1273 2023 Dei
1306 1985 1489 2024 revera
1521 1969 1717 2024 Filium
1756 1984 1880 2026 esse
1931 1971 2266 2040 accepimus,
2313 1980 2368 2027 et
2426 1972 2494 2026 ab
2533 1973 2762 2040 ipsumet
2802 1971 2966 2025 etiam
3032 1971 3172 2026 Filio
3236 1987 3404 2026 umim

145 2061 310 2115 Deum
343 2076 640 2132 agnoscere
675 2063 853 2118 edocti
892 2064 1116 2128 fuimus,
1149 2065 1432 2135 ipsumque
1467 2066 1632 2120 Deum
1653 2079 1774 2122 esse
1813 2066 1974 2122 simul
1995 2078 2158 2136 atque
2179 2066 2391 2122 Patrem
2419 2067 2543 2122 Filii
2566 2068 2856 2138 unigeniti,
2886 2068 2968 2122 sui
2994 2067 3403 2138 nempeipsius,

141 2154 236 2222 qui
267 2169 364 2210 nos
402 2156 482 2211 sic
506 2157 708 2223 docuit,
751 2159 842 2230 qui
894 2175 1018 2214 vere
1057 2159 1222 2214 Filius
1262 2161 1561 2220 exsistebat
1585 2171 1713 2215 ante
1759 2161 1940 2216 omnia
1983 2163 2203 2228 s:ecula,
2245 2163 2312 2218 de
2348 2162 2440 2218 illo
2490 2162 2653 2218 Patre
2709 2164 2944 2234 genitus,
2971 2177 3130 2233 quem
3168 2177 3272 2217 non
3309 2177 3400 2217 so-

142 2249 250 2302 lum
294 2251 529 2306 Verbum
601 2256 926 2324 compellare
974 2255 1214 2311 solemus
1245 2297 1260 2322 ,
1313 2255 1476 2311 etiam
1514 2264 1640 2311 ante
1680 2269 1989 2327 susceptam
2015 2272 2256 2323 carnem,
2292 2258 2368 2312 uti
2398 2257 2548 2312 illum
2594 2255 2997 2312 circumscribit
3060 2256 3236 2310 bonus
3298 2255 3404 2310 iste

138 2348 245 2412 vir,
279 2347 373 2402 sed
405 2348 585 2404 multis
613 2349 733 2405 aliis
767 2351 1080 2406 nominibus
1107 2391 1122 2414 ,
1177 2352 1269 2420 qui
1335 2351 1438 2406 hoc
1497 2351 1612 2421 ipso
1662 2351 1927 2418 mendacii
1989 2353 2236 2424 coarguit
2263 2351 2625 2421 Scripturam,
2669 2350 2796 2405 dum
2849 2350 3224 2407 vehementius
3257 2363 3405 2405 asse-

136 2449 292 2496 verat
343 2440 493 2496 illum
541 2443 687 2499 nullo
718 2443 825 2498 alio
871 2445 1093 2499 nomine
1147 2444 1421 2499 exstitisse
1451 2452 1662 2512 notum,
1694 2451 1823 2498 ante
1854 2458 2007 2498 suam
2042 2443 2497 2498 incarnationem.

775 2539 932 2592 ΚΕΦ.
975 2541 1080 2592 IH'.

132 2626 337 2700 ’θείως
383 2627 498 2696 πρὸ
544 2626 658 2700 τῆς
706 2629 1214 2700 ὲνανθρωπήσεως
1283 2629 1475 2700 οὐδὲν
1513 2630 1721 2699 ἕτερον

202 2695 663 2770 ξφασκὲνᾼεῖναι
692 2700 799 2754 τὸν
845 2695 982 2755 Υἷόν
1005 2695 1053 2769 ἦ
1073 2701 1287 2770 Λόγον,
1333 2699 1494 2767 αὐτῷ
1527 2695 1721 2770 μῶν-ον

203 2767 413 2836 ὅμοιον
439 2767 518 2835 τῷ
545 2771 679 2838 παρ’
704 2767 1055 2839 ἀνθρώποις.

216 2857 552 2911 Ἐπάκουσον
596 2858 750 2927 γοῦν,
792 2859 868 2922 ὡς
903 2851 1338 2924 διαϐεϐαιοῦται,
1387 2858 1569 2920 αὐτοῖς
1621 2857 1719 2928 ρήμ-
1793 2910 1795 2912 .

135 2966 270 3023 μασι
321 2948 508 3004 τοῦτον
548 2952 774 3023 γράφων
815 2951 906 3005 τὸν
945 2951 1179 3024 τρόπον·
1235 2970 1254 3003 ι
1301 2951 1464 3004 Ὥστε
1513 2965 1718 3004 παντα-

136 3066 156 3098 ‹
206 3044 364 3116 χόθεν
397 3044 507 3116 (68)
545 3047 661 3099 ἐστὶ
700 3044 882 3116 δῆλον,
917 3046 1080 3117 μηδὲν
1113 3046 1300 3117 ἓτερον
1340 3047 1407 3116 τῇ
1455 3043 1718 3115 ἀῖδιότητι

138 3157 157 3188 c
204 3133 301 3188 τοῦ
323 3134 494 3203 Λόγου
525 3135 816 3207 ἁρμόττειν
841 3133 1030 3206 ὄνομα,
1069 3134 1102 3204 ἢ
1131 3133 1299 3200 τοῦθ’,
1332 3134 1469 3205 ὅπερ
1491 3135 1520 3187 ὁ
1551 3132 1720 3202 ἁγιώ-

135 3249 156 3281 ι
205 3245 366 3291 τατος
397 3226 491 3281 τοῦ
523 3226 656 3280 Θεοῦ
702 3225 950 3298 μαθητὴς
987 3226 1082 3279 καὶ
1114 3225 1410 3288 ἀπόστολος
1444 3223 1716 3296 Ἰωάννης,

135 3343 154 3373 ι
205 3323 264 3373 ἐν
314 3321 454 3391 ἀρχῇ
504 3319 599 3373 τοῦ
653 3317 986 3388 Εὐαγγελίου
1037 3317 1280 3391 εἴρηκεν.
1337 3316 1556 3388 Ἐπειδὴ
1610 3315 1717 3387 γάρ

137 3397 162 3464 ι’
211 3410 350 3482 μετά
395 3410 493 3483 τὴν
539 3411 639 3482 τῆς
693 3411 894 3483 σαρκὸς
932 3410 1197 3481 ἀνάληψιν
1244 3409 1480 3481 Χριστός
1524 3425 1585 3462 τε
1626 3407 1720 3461 καὶ

133 3523 154 3555 ‹
217 3502 422 3574 Ἰησοῦς
450 3501 796 3575 κηρύττεται,
827 3501 938 3573 ζωή
973 3519 1032 3554 τε
1066 3502 1159 3555 καὶ
1198 3501 1348 3567 ὁδὸς,
1403 3501 1499 3554 καὶ
1537 3500 1718 3572 ἡμέρα

136 3613 156 3644 ι
206 3595 300 3647 καὶ
333 3593 664 3661 ἀνάστασις,
709 3593 804 3646 καὶ
853 3591 992 3664 θύρα
1057 3592 1151 3646 καὶ
1197 3591 1398 3663 άρτος,
1445 3591 1541 3644 καὶ
1587 3590 1640 3644 εῐ
1661 3608 1717 3645 τι

135 3704 156 3735 ι
202 3685 392 3761 ἕτερον
447 3685 554 3740 ὑπὸ
613 3684 724 3738 τῶν
771 3684 931 3738 θείων
977 3683 1294 3755 ὀνομάζοιτο
1348 3683 1599 3756 Γραφῶν,
1655 3682 1716 3736 οὐ

136 3799 154 3829 ι
209 3777 360 3848 παρά
414 3777 570 3832 τοῦτο
612 3779 826 3848 ἀγνοεῖν
881 3779 1027 3849 ἡμᾶς
1073 3778 1340 3847 προσήκει
1397 3776 1458 3829 τὸ
1504 3776 1718 3848 πρῶτον

2278 2569 2282 2574 ν
2358 2535 2600 2603 HsCAP.
2653 2535 2834 2592 XVIII.

1824 2632 1980 2706 Quod
2009 2632 2227 2706 animiet
2276 2628 2624 2706 iliumante
2653 2635 2980 2706 assumptum
3019 2642 3239 2706 caruerit

1891 2695 2108 2770 prorsus
2144 2700 2292 2754 aliud
2324 2700 2583 2754 exstitisse
2604 2713 2763 2767 quam
2815 2695 3059 2759 Verbum,
3093 2697 3398 2752 consimilli-

1894 2788 2038 2826 mum
2061 2771 2293 2825 lmmano
2323 2771 2498 2824 uerbo.

1891 2865 2029 2919 Audi
2051 2875 2234 2918 autem
2253 2863 2524 2933 quomodo
2539 2863 2641 2916 hoc
2661 2861 2834 2932 ipsum
2853 2860 3068 2923 doceat,
3089 2859 3216 2914 dum
3235 2859 3406 2915 diser-

1820 2955 1892 3010 tis
1915 2947 2133 3025 quidem
2161 2953 2434 3008 verbisita
2466 2952 2657 3008 scribit
2685 2950 2777 3025 [R.
2801 2949 3071 3024 XXXVII}
3096 2968 3140 3006 :c
3163 2951 3310 3004 Adeo
3344 2959 3404 3005 ut

1826 3064 1846 3098 ι
1890 3045 2046 3117 plane
2068 3047 2213 3101 omni
2234 3046 2394 3100 modo
2424 3045 2772 3101 manifestum
2799 3045 2980 3112 fuerit,
3000 3045 3206 3100 nullum
3236 3044 3401 3100 alium

1825 3154 1845 3186 ι
1889 3149 2083 3191 nomen
2110 3135 2394 3190 aeternitati
2417 3133 2576 3190 Verbi
2593 3136 2979 3191 convenienter
2999 3135 3400 3200 ascribendum,

1825 3247 1843 3280 ι
1886 3245 2045 3298 quam
2071 3229 2175 3283 hoc
2199 3227 2397 3298 ipsum,
2420 3228 2564 3298 quod
2594 3243 2623 3281 a
2655 3228 2999 3284 sanctissimo
3033 3227 3128 3283 Dei
3154 3227 3405 3298 apostolo

1825 3337 1852 3371 ι
1886 3331 1942 3375 et
1971 3321 2238 3389 discipulo
2282 3319 2513 3386 Joanne,
2565 3321 2617 3374 in
2658 3321 2930 3392 principio
2959 3321 3180 3391 ponitur
3217 3319 3400 3374 Evan-

1826 3433 1845 3465 ι
1885 3412 2030 3483 gelii.
2097 3412 2377 3483 Siquidem
2429 3414 2496 3478 is,
2555 3423 2678 3482 post
2732 3422 3064 3483 assumptam
3131 3427 3399 3477 carnem,

1827 3524 1848 3557 ι
1884 3506 2132 3565 Christus
2170 3514 2224 3560 et
2248 3503 2406 3560 Iesus
2424 3504 3010 3576 prredicatur,vitaque
3033 3511 3090 3559 et
3119 3504 3227 3567 via,
3260 3503 3394 3567 dies,

1826 3617 1844 3648 ‹
1890 3598 2240 3662 resurrectio,
2276 3598 2500 3664 ostium,
2531 3597 2707 3667 panis,
2744 3606 2798 3654 et
2830 3611 2949 3666 qua:
2971 3605 3168 3652 caetera
3199 3595 3273 3651 illi
3301 3609 3400 3650 no-

1827 3708 1844 3739 ι
1892 3689 2033 3747 mina
2093 3690 2146 3745 in
2206 3689 2506 3760 Scripturis
2555 3689 2941 3768 ‘sacrosanctis
3001 3688 3392 3749 ascribuutur,

1829 3801 1848 3834 ι
1893 3792 2072 3838 tamen
2112 3799 2218 3842 non
2249 3784 2508 3838 debemus
2550 3783 2822 3853 ignorare,
2857 3781 3000 3852 quod
3045 3779 3296 3850 princeps
3322 3779 3397 3834 illi

139 3894 156 3925 ι
206 3874 398 3956 ὄνομα,
433 3872 514 3948 ὅτι
553 3870 725 3940 Λόγος
767 3869 876 3941 (69)
921 3865 1013 3942 ἧν.
1057 3869 1155 3922 Διά
1183 3869 1342 3922 τοῦτο
1386 3867 1516 3939 γάρ,
1550 3867 1646 3920 καὶ
1693 3869 1717 3920 ό

1830 3893 1847 3924 ι
1893 3888 2085 3930 nomen
2138 3872 2373 3928 Verbum
2425 3871 2621 3934 fuerat.
2654 3869 2734 3928 Ob
2785 3872 2925 3952 hanc
2957 3871 3128 3940 ipsam
3177 3883 3397 3925 causam

135 3985 153 4017 ι
199 3965 505 4035 ἀγιώτατος
545 3963 936 4034 εὐαγγελιστὴς
964 3963 1058 4016 καὶ
1095 3961 1339 4034 μαθητὴς
1362 3960 1454 4015 τοῦ
1483 3959 1709 4032 Κυρίου,

133 4079 152 4111 ι
201 4057 406 4129 σφόδρα
441 4055 758 4129 ἐγρηγορὼς
787 4056 866 4135 τῷ
898 4054 1188 4127 πνεύματι,
1217 4054 1316 4126 τῆς
1349 4052 1553 4108 ἀνωθεν
1590 4069 1717 4124 μνη-

132 4173 150 4204 ‹
202 4149 444 4223 μονεύων
477 4150 685 4222 ἀρχῆς,
728 4150 822 4203 κα)⁸
877 4147 1100 4220 μηδενὸς
1138 4145 1250 4219 (70)
1295 4145 1582 4216 νεωτέρου,
1621 4144 1716 4197 Ἐν

132 4263 150 4295 ι
199 4242 359 4313 ἀρχῇ
399 4238 478 4312 ἦν
503 4245 536 4296 ό
574 4242 783 4311 Λόγος,
828 4238 953 4313 ἔφη.
996 4238 1095 4293 καὶ
1135 4240 1169 4292 d
1206 4238 1395 4306 Λόγος
1443 4231 1523 4306 ἦν
1566 4233 1716 4304 πρὸς

134 4356 151 4388 ι
197 4335 310 4399 τὸν
345 4325 515 4399 Θεὸν,
543 4315 640 4408 καὶ
682 4332 825 4399 Θεὸς
860 4328 940 4402 ἦν
975 4334 1006 4385 ὀ
1035 4332 1245 4400 Λόγος,
1280 4329 1368 4382 ἴνα
1396 4327 1546 4400 δείξῃ
1578 4326 1631 4379 εἴ
1659 4344 1712 4380 τι

134 4447 152 4473 ι
200 4419 387 4502 καινὸν
413 4428 507 4483 καὶ
545 4424 806 4499 νεώτερον
833 4424 1024 4494 ὄνομα,
1055 4422 1196 4476 τοῦτ’
1235 4421 1343 4474 ἀπὸ
1377 4421 1475 4491 τῆς
1523 4418 1714 4489 καινῆς

134 4541 153 4574 ι
201 4520 350 4590 αὐτῷ
397 4519 492 4573 καὶ
531 4519 658 4582 νέας
687 4516 894 4589 ὑπῆρξε
927 4514 1069 4570 κατὰ
1115 4514 1292 4585 σάρκα
1333 4512 1660 4582 οἰκονομίας.
1689 4529 1708 4562 ι

129 4614 241 4667 Καὶ
273 4601 411 4682 ἑξῆς,
449 4611 692 4680 ἐπιλέγει
707 4627 720 4640 ’
763 4628 781 4660 ι
811 4593 1040 4672 ῦύκοῦν,
1086 4604 1192 4677 πρὸ
1237 4605 1337 4675 μὲν
1379 4600 1473 4656 τοῦ
1522 4600 1715 4654 κατελ-

135 4727 152 4759 ι
200 4707 316 4779 θεῖν
340 4688 461 4759 ’καὶ
512 4703 599 4778 διὰ
644 4703 743 4787 τῆς
781 4700 1056 4773 Παρθένου
1097 4697 1388 4768 τεχθῆναι,
1436 4695 1607 4762 Λόγος
1645 4689 1713 4764 ἦν

122 4821 139 4848 ι
202 4801 386 4875 μόνον.
425 4799 600 4861 Ἐπεὶ,
630 4796 684 4848 τί
713 4794 825 4865 (71)
860 4793 1046 4865 ἕτερον
1077 4787 1167 4862 ἦν,
1201 4790 1306 4860 πρὸ
1337 4788 1432 4842 τοῦ
1477 4787 1577 4858 τὴν
1616 4787 1710 4839 ἀν-

124 4913 139 4943 ι
199 4891 484 4964 θρωπίνην
508 4889 796 4946 ἀναλαϐεῖν
823 4888 1002 4959 σάρκα
1033 4884 1095 4937 τὸ
1131 4881 1388 4935 κατελθὸν
1418 4881 1504 4933 ἐπ’
1547 4877 1711 4950 ἐσχά-

123 5008 138 5036 ι
196 5004 310 5041 των
337 4984 446 5049 τῶν
487 4981 747 5056 ήμερῷν;
903 4979 998 5031 καὶ
1032 4975 1194 5038 αὐτὸς
1237 4973 1464 5044 ἔγραφε.
1512 4971 1621 5023 Καὶ
1651 4970 1713 5022 τὸ

123 5099 138 5126 ι
195 5076 459 5150 γεννηθὲν
485 5078 551 5129 ὲκ
599 5074 698 5145 τῆς
743 5071 902 5140 ἁγίας
934 5068 1233 5141 Παρθένου,
1274 5067 1425 5120 οὐδὲν
1456 5064 1642 5136 ἕτερον
1675 5064 1709 5134 ἢ

125 5193 140 5222 ι
201 5171 440 5239 Λόγος.»
492 5167 604 5221 Καὶ
649 5165 812 5220 πάλιν
863 5161 1146 5233 ἐπιφέρει·
1201 5179 1220 5211 ι
1255 5158 1525 5229 Πρότερον
1580 5157 1709 5230 γὰρ,

125 5277 141 5308 ι
197 5260 393 5329 ὥσπερ
438 5255 696 5318 πολλάκις
729 5254 885 5325 ἔφην,
912 5253 1062 5307 οὐδὲν
1092 5252 1275 5322 ἕτερον
1305 5247 1374 5323 ἦν
1407 5249 1441 5319 ἢ
1471 5248 1659 5317 Λόγος.
1685 5267 1705 5300 ι

207 5407 270 5466 ›Ῑ‹
310 5400 410 5485 Ed.
436 5398 778 5469 Paris.,pag.
802 5396 888 5453 8|.
940 5396 984 5440 ⁷7
1019 5393 1154 5463 (ζόη,
1193 5411 1234 5461 ι,
1266 5391 1356 5446 26.
1431 5389 1477 5421 ⁷⁸
1503 5386 1661 5444 Joan.
1687 5403 1726 5455 ι,
1761 5389 1812 5444 I.

201 5564 322 5637 (67-)
366 5563 642 5637 Kaiirldr
663 5561 1052 5637 μοκογςενοῇς.
1103 5557 1274 5637 Patet“
1315 5555 1598 5637 legendum
1625 5555 1713 5637 (ex

140 5622 452 5692 coddfdedi
479 5622 700 5704 Πατέρα
731 5622 862 5685 Υἱοῦ
896 5631 988 5704 τοῦ
1013 5622 1133 5701 μον.
1169 5637 1218 5683 et
1244 5622 1414 5704 delevi
1457 5641 1581 5704 mox
1604 5622 1713 5678 τῶν

143 5717 264 5761 ante
296 5697 532 5773 αἰώνων)
560 5697 780 5775 Πατέρα
807 5702 938 5775 Ϊίοῦ
993 5697 1334 5775 μονογενοῦς.
1380 5697 1570 5775 Statin
1603 5711 1716 5775 _t_'e-

140 5777 337 5837 scribe,
370 5776 456 5829 ὅδε
484 5761 589 5828 κ’ἀν
617 5761 789 5842 τούτῳ
817 5772 920 5842 [sic
950 5761 1008 5829 et
1031 5761 1210 5841 cod-du
1248 5769 1410 5838 vulgo
1429 5761 1574 5823 ὧδεῖ.
1602 5765 1674 5822 Μ.

207 5847 322 5918 (68)
356 5845 522 5917 Vulgo
554 5846 669 5899 ἐστὶ
693 5843 870 5916 δῆλον.

1823 3981 1841 4014 ι
1884 3963 2258 4017 sanctissimus
2299 3961 2628 4031 evangelista
2685 3969 2739 4015 et
2801 3959 3097 4030 discipulus
3147 3958 3394 4023 Domini,

1827 4071 1846 4104 ο
1891 4052 2043 4108 valde
2069 4054 2286 4124 quidem
2313 4053 2400 4107 ille
2424 4054 2615 4123 spiritu
2645 4053 2906 4124 vigilans,
2937 4053 3026 4106 ubi
3052 4050 3220 4116 illius,
3248 4049 3395 4120 quod

1826 4166 1844 4198 ι
1881 4157 2000 4202 erat
2023 4147 2090 4201 ab
2118 4148 2264 4206 omni
2297 4157 2445 4202 retro
2478 4147 2783 4202 aeternitate
2819 4146 3076 4216 principii
3118 4143 3392 4207 meminit,

1825 4257 1844 4290 ι
1890 4253 1988 4292 nec
2015 4238 2242 4294 inferius
2268 4229 2632 4304 descendens,
2665 4237 2733 4292 1η
2766 4237 3047 4308 principio,
3083 4237 3242 4300 dixit,
3280 4243 3394 4289 erat

1823 4348 1842 4380 ι
1892 4327 2155 4384 Verbum:
2186 4340 2235 4383 et
2287 4328 2508 4384 Verbum
2571 4339 2682 4383 erat
2721 4329 2862 4398 apud
2903 4329 3116 4382 Deum:
3154 4337 3201 4381 et
3252 4326 3391 4380 Deus

1823 4442 1839 4473 ι
1876 4432 1986 4476 erat
2033 4421 2169 4476 illud
2220 4421 2448 4480 Verbum
2465 4422 2535 4485 ⁷³,
2588 4432 2646 4476 ut
2675 4422 2755 4476 sic
2793 4419 3132 4484 ostenderet,
3169 4419 3218 4473 si
3243 4418 3391 4487 quod

1823 4533 1840 4565 ι
1882 4513 2025 4568 aliud
2053 4515 2119 4568 de
2142 4528 2279 4568 novo
2301 4524 2357 4568 et
2379 4514 2638 4569 novitium
2670 4513 2745 4567 illi
2780 4511 3142 4581 adaptabatur
3167 4524 3389 4575 nomen,

1823 4624 1840 4656 ι
1885 4605 2010 4659 illud
2037 4605 2085 4660 ei
2119 4604 2435 4669 accessisse,
2469 4620 2498 4658 a
2531 4619 2666 4658 nova
2700 4603 2788 4656 illa
2817 4617 2914 4656 sua
2947 4599 3242 4656 secundum
3267 4615 3392 4654 car-

1822 4717 1840 4749 ι
1883 4713 2004 4752 nem
2029 4696 2451 4766 dispensatione.
2502 4714 2527 4748 »η
2557 4693 2765 4761 Quibus
2791 4691 3042 4761 adiunxit
3069 4692 3122 4746 in
3156 4706 3392 4760 sequen-

1817 4791 1996 4844 tibus:
2034 4808 2053 4842 ι
2091 4791 2358 4856 Quocirca
2385 4788 2700 4862 priusquam
2723 4785 2829 4840 huc
2857 4785 2925 4839 ad
2964 4800 3063 4840 nos
3091 4784 3386 4840 descende-

1823 4901 1841 4933 ι
1885 4889 1986 4947 ret,
2021 4891 2074 4938 et
2118 4883 2184 4937 de
2236 4881 2451 4952 Virgine
2492 4888 2826 4944 nasceretur,
2856 4876 3085 4934 Verbum
3120 4892 3220 4932 nec
3254 4891 3392 4946 prae-

1818 4995 1838 5027 ε
1881 4988 2023 5030 terea
2055 4976 2344 5044 quidquam
2369 4975 2488 5030 fuit.
2515 4973 2648 5028 Nam
2676 4974 2802 5044 quid
2840 4980 2957 5026 erat
2979 4971 3153 5035 aliud,
3181 4983 3390 5037 quaeso,

1820 5087 1837 5118 ι
1883 5068 2192 5136 priusquam
2230 5067 2516 5120 humanam
2565 5075 2865 5121 assumeret
2898 5077 3138 5124 carnem,
3167 5061 3217 5114 id
3247 5059 3394 5129 quod

1820 5179 1838 5210 σ
1881 5161 2155 5215 descendit
2186 5160 2237 5213 in
2263 5160 2568 5214 novissimis
2601 5158 2826 5214 diebus?
2851 5155 2992 5226 quod
3026 5164 3080 5208 et
3114 5153 3286 5216 ipsum
3325 5150 3394 5205 ab

1822 5269 1840 5303 ι
1879 5267 1946 5307 eo
1979 5252 2237 5320 scriptum
2261 5249 2578 5306 allirmatur.
2607 5251 2913 5313 Enimvero,
2943 5243 3082 5316 quod
3107 5245 3174 5298 de
3205 5251 3393 5296 sancta

1887 5559 1999 5628 (69)
2025 5559 2195 5625 Vulgo
2225 5558 2320 5610 ὧν.

1889 5619 2000 5700 (70)
2026 5619 2156 5684 Ροεῖ
2181 5635 2232 5682 b.
2269 5646 2316 5682 ν.
2350 5628 2414 5682 Il.
2439 5623 2957 5698 όνόματοςὲμνήσθη
2975 5622 3054 5678 vel
3071 5621 3246 5678 simile
3263 5619 3396 5693 quid

1817 5702 2082 5756 excidisse
2112 5701 2301 5754 credit.

1887 5773 1998 5843 (7|)
2024 5770 2195 5843 Vulgo
2222 5765 2287 5842 ἦν
2318 5769 2535 5840 Erepsi;
2569 5784 2691 5827 mox
2732 5767 2885 5839 vulgo
2915 5762 3140 5836 ἔγραψε.
