3838 6222
446 337 553 395 865

1117 332 1387 392 EUSEBII
1426 334 1910 392 CESARIENSIS
1945 335 2099 392 OPP.
2140 335 2321 392 PARS
2357 336 2446 393 lV.
2489 371 2558 380 —
2594 339 3016 398 DOGMATICA.
3641 338 3740 394 εει

453 476 472 508 ι
514 453 735 525 Virgine
766 453 1117 516 nascebatur,
1162 454 1294 508 nihil
1329 454 1430 510 nisi
1471 455 1706 510 Verbum
1738 466 1874 512 erat.
1920 475 1937 508 ι
1970 457 2033 510 Ει

2171 457 2247 512 Lai.
2275 457 2628 530 προστίθησιν
2655 453 2809 522 αὖθις
2837 458 3064 528 φάσκων
3083 475 3094 488 ·
3133 477 3151 530 ι
3185 458 3244 512 '0
3280 457 3380 528 μὲν
3408 455 3536 526 γὰρ
3558 454 3742 522 Λόγος

447 542 719 600 subinl'ert
735 545 910 600 denuo
932 543 1025 615 In.
1053 543 1214 599 XLIII
1232 543 1355 602 coll.
1381 561 1435 615 p.
1459 546 1552 609 55,
1571 545 1631 599 ι).
1653 545 1722 600 [ιο.
1755 543 2021 618 Χχχνη

451 659 468 690 ι
518 637 679 692 Prius
710 639 880 704 enim,
914 640 988 692 uti
1022 640 1223 693 dictum
1251 648 1336 694 est
1365 655 1527 708 saepe,
1571 638 1704 693 nihil
1753 640 1858 695 nisi
1894 638 2028 695 Ver-

450 749 467 777 ε
513 729 858 784 bumfuerat.
901 747 919 780 ι
970 729 1050 784 Ad
1095 744 1215 800 quae
1258 729 1511 798 deinceps
1559 728 1824 783 accedunt
1876 730 2022 783 ista:

449 840 467 870 ε
514 821 750 875 Verbum
778 821 992 889 quidem
1027 821 1076 875 in
1120 821 1387 892 principio
1426 831 1562 885 erat,
1590 821 1724 876 nihil
1760 823 2027 877 exsistens

452 932 468 960 ι
514 912 684 977 aliud,
712 928 875 982 quam
899 912 1160 968 Verbum.
1197 913 1370 970 Verbo
1400 914 1740 968 autem'huic
1771 915 2026 969 adunitus

452 1023 469 1052 ε
518 1003 703 1066 homo,
734 1019 855 1058 cum
881 1005 1029 1072 prius
1047 1019 1149 1059 non
1169 1013 1343 1071 esset,
1372 1006 1533 1059 homo
1555 1004 1735 1069 ﬁebat,
1762 1005 1903 1074 quod
1928 1019 2027 1059 nos

451 1114 467 1145 ‹
520 1094 703 1149 docuit
745 1093 1022 1151 Joannes:
1059 1095 1128 1150 Et
1176 1095 1399 1151 Verbum
1448 1112 1572 1150 caro
1619 1100 1817 1166 factum
1849 1105 1925 1151 est
1957 1097 2025 1161 ",

454 1205 472 1235 ‹
515 1193 574 1240 ut
616 1186 784 1243 solius
829 1186 992 1242 Verbi
1030 1188 1280 1244 videatur
1316 1191 1384 1244 ob
1437 1189 1542 1244 hoc
1593 1189 1764 1258 ipsum
1829 1187 2030 1245 fecisse

455 1297 474 1326 ‹
518 1279 869 1335 mentionem.
917 1278 1051 1334 Nam
1099 1280 1214 1335 sive
1247 1280 1470 1344 Christi,
1503 1295 1598 1336 seu
1627 1280 1863 1335 nominis
1899 1277 2028 1336 Jesu

454 1393 472 1422 σ
521 1373 865 1428 meminerint
894 1387 1065 1428 sacrae
1082 1373 1322 1438 Litterae,
1349 1373 1598 1428 videntur
1617 1373 1704 1427 his
1722 1372 2030 1428 nominibus

457 1482 474 1514 ι
511 1462 839 1534 compellare
861 1462 1100 1518 Verbum
1144 1465 1274 1520 illud
1317 1465 1434 1528 Dei,
1478 1468 1536 1528 ἧς
1577 1473 1700 1534 post
1723 1473 2028 1531 susceptam

457 1575 474 1602 ι
517 1569 760 1612 carnem.
824 1554 977 1622 Quod
1021 1556 1064 1608 si
1124 1556 1249 1626 quis
1301 1555 1568 1626 receperit
1596 1570 1653 1611 se
1685 1564 2028 1611 ostensurum

457 1667 474 1696 ι
520 1660 712 1702 nomen
745 1646 967 1714 Christi,
998 1645 1157 1709 Filii,
1190 1657 1316 1700 ante
1349 1646 1484 1700 Novi
1514 1646 1854 1702 Testamenti
1893 1655 2032 1700 tem-

458 1757 475 1787 ι
518 1753 647 1807 pora
667 1749 1009 1808 usurpatum,
1035 1747 1089 1793 et
1110 1735 1281 1793 Verbo
1305 1738 1623 1807 ascriptum,
1643 1737 1689 1792 is
1711 1736 1848 1792 sciat
1867 1750 2029 1804 opor-

2131 565 2150 601 ι
2197 551 2255 602 ὲν
2303 550 2445 621 ἀρχῇ
2483 546 2573 622 ἦν,
2613 551 2777 624 μηδὲν
2823 551 3010 624 ἕτερον
3052 550 3129 605 ὢν
3173 550 3207 621 ἢ
3249 549 3447 618 Λόγος·
3484 550 3518 600 ὁ
3552 547 3622 600 δὲ

2131 660 2150 692 ι
2195 641 2355 712 Λόγῳ
2390 641 2612 707 ἑνωθεὶς
2659 643 2969 715 ἄνθρωπος,
3012 643 3113 696 οὑκ
3143 643 3220 696 ὣν
3258 642 3542 713 πρότερον
3579 638 3748 706 τέτο-

2131 753 2150 786 ‹
2198 751 2287 788 νεν
2333 733 2637 805 ἄνθρωπος,
2667 734 2742 798 ὡς
2785 734 3024 789 διδάσκει
3073 735 3219 806 ἡμᾶς
3269 733 3384 804 (72)
3420 732 3712 800 Ἰωάννης
3731 747 3744 758 ⁸

2134 843 2153 876 ι
2199 824 2309 879 Καὶ
2343 827 2376 877 ό
2425 827 2618 894 Λόγος
2663 823 2822 894 σὰρξ
2872 823 3128 894 ἐγένετο.
3183 821 3284 875 Διά
3328 819 3502 873 τοῦτο
3549 818 3749 870 τοίνυν

2133 936 2152 968 ι
2199 916 2292 970 τοῦ
2325 917 2498 986 Λόγου
2537 916 2891 988 μνημονεύων
2933 917 3180 985 φαίνεται
3227 915 3406 986 μόνον.
3440 913 3584 965 Εἴτε
3635 909 3747 979 γὰρ

2134 1029 2154 1062 ι
2213 1010 2410 1082 Ἰησοῦ,
2447 1009 2559 1064 εἴτε
2591 1008 2826 1081 Χριστοῦ
2857 1009 3118 1080 ὀνόματος
3161 1005 3498 1079 μνημονεύοι
3538 1005 3578 1074 ἡ
3621 1002 3748 1054 θεία

2133 1119 2154 1152 ⁸
2201 1099 2411 1171 Γραφὴτ
2438 1099 2528 1152 τδν
2563 1098 2701 1169 μετὰ
2728 1099 2828 1169 τῆς
2850 1097 3196 1170 ἀνθρωπίνης
3232 1095 3363 1151 ὅντα
3392 1091 3622 1165 σαρκὸς
3647 1089 3748 1144 τοῦ

2137 1213 2156 1245 ι
2203 1192 2340 1246 Θεοῦ
2373 1194 2545 1260 Λόγον
2571 1191 2860 1263 ὀνομάζειν
2900 1192 3169 1261 φαίνεται.
3202 1190 3266 1242 Εἰ
3287 1188 3342 1241 δὲ
3379 1203 3475 1249 τις-
3498 1184 3610 1238 καὶ
3637 1183 3748 1254 πρὸ

2137 1304 2156 1337 ι
2199 1285 2300 1356 τῆς
2331 1284 2475 1347 Νέας
2499 1282 2791 1353 Διαθήκης,
2813 1281 2920 1352 (75)
2951 1281 3045 1335 τοῦ
3076 1277 3334 1351 Χριστοῦ,
3361 1275 3505 1329 Υἱοῦ
3535 1275 3745 1344 ὄνομα,

2136 1395 2155 1428 ι
2203 1377 2313 1445 (74)
2339 1374 2415 1446 τῷ
2448 1375 2606 1446 Λόγῳ
2638 1375 2784 1446 μόνῳ
2825 1373 3096 1426 δεικνύναι
3135 1369 3393 1425 δύνασθαι
3443 1365 3747 1436 ἐπαγγέλ-

2136 1487 2156 1520 σ
2200 1468 2363 1532 λοιτο,
2390 1467 2612 1538 εὑρήσει
2643 1465 2801 1519 τοῦτο
2829 1461 3181 1537 προφητικῶς
3216 1459 3531 1532 εἰρημένον.
3561 1477 3586 1510 ι
3633 1459 3751 1511 Καὶ

2137 1559 2254 1630 μεθ’
2297 1559 2460 1629 ἕτερα
2507 1558 2704 1628 ἐπάγει
2746 1556 2955 1626 λέγων·
3006 1573 3024 1604 ι
3056 1553 3294 1616 Εἰκότως
3335 1548 3429 1604 οὑν
3476 1548 3598 1620 πρὸ
3646 1547 3750 1616 τῆς

2140 1670 2158 1702 ι
2203 1650 2430 1704 καθόδου
2473 1650 2633 1704 τοῦτο
2699 1645 2790 1721 ἦν,
2849 1650 2984 1721 ὅπερ
3032 1645 3291 1708 πολλάκις
3335 1643 3580 1713 ἔφαμεν,
3629 1639 3748 1710 (ῖ5)

2141 1762 2160 1793 ι
2194 1743 2410 1810 Λόγος·
2443 1741 2582 1813 μετὰ
2622 1743 2679 1797 δὲ
2711 1742 2808 1814 τὴν
2839 1742 3083 1804 κάθοδον,
3113 1739 3208 1793 καὶ
3246 1738 3341 1810 τὴν
3383 1737 3489 1808 τῆς
3528 1734 3751 1806 σαρκὸς

463 1848 480 1879 ι
526 1838 622 1895 tet,
661 1829 778 1884 haec
821 1829 1004 1884 omnia
1040 1829 1358 1899 prophetice
1413 1829 1489 1882 ita
1525 1827 1690 1883 dicta.
1729 1846 1749 1880 ›
1803 1826 1872 1882 Ει
1912 1832 2036 1896 post

2211 1811 2477 1904 ἀνάληψιν
2539 1811 2810 1905 διαφόρων
2877 1833 2970 1886 καλ⁵
3033 1832 3143 1885 τῶν
3198 1828 3514 1900 ὲπηγοριῶν
3549 1825 3747 1898 ¹’τετύ-

454 1930 650 1976 czetera
686 1919 955 1975 subinl‘ert
991 1920 1244 1990 inquiens
1269 1936 1288 1972 ι
1323 1937 1342 1972 ι
1381 1919 1501 1975 Νοη
1534 1920 1804 1975 immerito
1833 1919 2030 1990 igitur,

2213 1943 2367 1997 χηκε.
2397 1945 2416 1978 ι
2459 1926 2646 1980 Ταῦτα
2692 1927 2791 1998 μὲν
2817 1923 2932 1990 οὖν,
2957 1925 3024 1979 δι’
3059 1918 3133 1978 ὧν
3158 1921 3481 1994 Μάρκελλος
3513 1918 3749 1972 άλίσκεα

461 2032 478 2060 ς
528 2012 633 2076 iam
683 2027 826 2083 saepe
870 2004 1133 2077 diximus,
1172 2020 1298 2066 ante
1343 2027 1501 2068 suum
1541 2013 1859 2068 descensum
1917 2021 2035 2068 erat

2175 2036 2253 2082 αι,
2292 2017 2382 2071 τὸν
2421 2019 2519 2090 μὲν
2548 2020 2675 2072 Υἱὸν
2703 2018 2795 2071 τοῦ
2833 2018 2968 2072 Θεοῦ
2996 2017 3089 2071 τὸν
3124 2016 3273 2080 ὄντα,
3304 2015 3398 2067 καὶ
3423 2012 3620 2077 ζῶντα
3651 2011 3749 2064 καὶ

459 2126 475 2154 ι
520 2102 753 2157 Verbum
781 2121 795 2156 :
826 2112 949 2174 post
979 2103 1301 2158 descensum
1323 2111 1379 2158 et
1403 2103 1584 2158 carnis
1605 2102 2026 2172 assumptionem

2171 2108 2348 2179 ληῠῶς
2374 2108 2500 2163 Υίὸν
2533 2109 2660 2164 ὄντα
2685 2109 3038 2182 ἀρνούμενος,
3083 2107 3254 2176 Λόγον
3291 2105 3350 2158 δὲ
3383 2103 3543 2174 ψιλὸν
3583 2100 3746 2154 εἰσά-

436 2197 479 2250 ἰ
519 2200 699 2254 varias
740 2199 936 2254 exinde
981 2197 1370 2268 appellationes
1412 2197 1668 2253 obtinuit.
1729 2216 1748 2250 ι
1790 2197 1856 2251 Et
1915 2196 2030 2252 haec

2172 2220 2266 2255 ων.
2305 2187 2584 2257 Δέδεικται
2617 2202 2675 2256 δὲ
2706 2202 2795 2256 διὰ
2824 2200 2933 2254 τῶν
2977 2197 3284 2270 ἔμπροσθεν
3311 2191 3746 2266 παρατεθεισῶν

453 2299 582 2345 sunt
610 2289 827 2360 quidem
867 2287 976 2351 illa,
1032 2287 1230 2358 quibus
1258 2287 1695 2351 demonstratur,
1717 2284 2027 2340 Marcellum

2173 2295 2299 2348 ὑτοῦ
2330 2296 2523 2366 φωνῶν
2561 2296 2656 2348 καὶ
2683 2297 2862 2348 ὁποῖον
2892 2294 3054 2348 αὑτὸν
3085 2289 3224 2345 εἶναι
3245 2289 3414 2359 Λόγον
3443 2284 3746 2340 ὑπετίθετο

455 2381 852 2448 deprehensum
873 2378 1075 2433 Filium
1103 2379 1195 2433 Dei
1215 2377 1361 2432 illum
1390 2378 1659 2432 viventem
1697 2391 1826 2432 vere
1849 2385 1902 2431 et
1931 2391 2029 2432 ex-

2171 2387 2547 2459 ταραδείγματι
2580 2388 2858 2460 χρώμενος
2895 2386 2974 2458 τῷ
3007 2384 3332 2456 ἀνθρωπείῳ
3374 2381 3544 2449 λόγῳ,
3576 2379 3642 2431 ἓν
3685 2393 3744 2429 τε

457 2478 739 2532 sistentem
780 2489 908 2530 vere
942 2475 1240 2545 abnegasse
1271 2491 1283 2526 :
1321 2483 1377 2530 et
1407 2473 1608 2529 nudum
1650 2482 1858 2529 tantum
1891 2472 2028 2528 Ver-

2171 2480 2234 2532 ai.
2265 2480 2462 2533 ταύτὸν
2491 2475 2630 2533 εἶναι
2661 2480 2836 2548 λέγων
2869 2477 3032 2532 αὑτὸν
3072 2476 3150 2548 τῷ
3181 2474 3320 2546 Θεῷ.
3347 2473 3463 2526 Καὶ
3495 2471 3564 2540 δὴ
3610 2466 3745 2521 ταύ-

455 2567 913 2638 bumimagiuari.
949 2565 1056 2622 Sed
1082 2575 1138 2621 et
1168 2566 1387 2635 insuper
1420 2574 1664 2637 apparet,
1701 2580 1770 2620 ex
1804 2567 1870 2621 iis
1909 2581 2029 2636 quae

2173 2589 2239 2644 ην
2282 2571 2455 2645 ἀρχὴν
2507 2572 2989 2644 ὑποστησάμενος,
3048 2568 3353 2631 ἀκολούθως
3395 2568 3459 2618 ἐκ
3493 2563 3601 2632 τῆς
3652 2561 3742 2614 δο-

453 2658 510 2714 in
541 2658 972 2729 praecedentibus
1000 2657 1067 2712 de
1108 2656 1277 2726 ipsius
1319 2655 1459 2712 libro
1503 2656 1678 2727 posita
1729 2664 1878 2722 sunt,
1940 2672 2033 2711 cu-

450 2747 693 2818 jusmodi
725 2747 876 2802 illum
901 2748 1137 2803 Verbum
1166 2761 1287 2803 esse
1315 2747 1658 2817 opinabatur,
1686 2762 1808 2801 cum
1840 2761 2032 2802 exem-

456 2838 550 2910 plo
573 2839 641 2894 de
665 2839 902 2895 humano
931 2838 1098 2892 verbo
1125 2847 1387 2892 uteretur.
1438 2836 1615 2893 Unum
1643 2851 1836 2907 nempe
1860 2837 2033 2894 idem-

2139 2661 2326 2733 θείσης
2355 2661 2502 2733 αὑτῷ
2551 2663 2903 2724 ὑποστάσεως
2945 2661 3037 2713 ἐπὶ
3083 2658 3145 2711 τὸ
3175 2651 3613 2725 καταψεύδεσθαι
3643 2650 3742 2718 τῆς

2139 2752 2499 2808 θεοπνεύστου
2529 2756 2751 2827 Γραφῆς
2787 2752 3144 2824 διαστρόφους
3171 2767 3231 2802 τε
3265 2748 3434 2817 αὐτῆς
3465 2741 3743 2799 ποιεῖσθαι

2137 2845 2239 2910 τὰς
2265 2848 2578 2920 ἑρμηνείας.

456 2948 567 3002 que
612 2932 759 2988 illum
813 2948 935 2988 cum
983 2932 1093 2986 Deo
1142 2946 1263 2987 esse
1313 2939 1578 2986 statuens.
1633 2929 1745 2986 Hoc
1777 2935 1843 2986 ad
1897 2932 2043 2990 hunc
2117 2940 2340 2995 modum
2407 2943 2705 2998 constituto
2733 2939 3005 3011 principio
3048 2945 3446 3004 consequenter
3477 2931 3543 2984 ad
3592 2928 3736 2984 hanc

457 3041 612 3082 suam
665 3025 1118 3094 suppositionem,
1175 3025 1350 3092 pergit
1395 3024 1460 3078 ad
1531 3023 1874 3079 mendacium
1928 3025 2224 3098 Scriptura:
2288 3032 2718 3105 impingendum,
2791 3041 2846 3088 et
2889 3031 2955 3086 ad
3009 3029 3157 3084 illam
3225 3021 3733 3094 interpretandam,

460 3120 729 3173 detortam
752 3118 806 3172 in
846 3119 1170 3174 sententiam
1200 3134 1373 3172 suam.

1091 3211 1242 3268 CAP.
1285 3212 1425 3267 XIX.

461 3306 618 3373 Quod
643 3322 810 3360 sacra:
827 3305 1138 3377 Sqiptura',
1165 3322 1266 3360 non
1293 3305 1656 3377 tantummodo
1687 3305 1918 3360 Verbum
1947 3325 2046 3377 ap-

531 3378 718 3446 pellent
751 3377 844 3431 Dei
880 3375 1099 3438 Filium,
1131 3377 1220 3430 sed
1257 3377 1512 3429 sexcentis
1547 3376 1666 3430 aliis
1695 3378 1913 3432 diversis
1954 3375 2050 3433 no-

532 3448 783 3512 minibus,
811 3448 973 3507 etiam
999 3455 1120 3500 ante
1145 3446 1565 3500 incarnationem
1587 3463 1762 3502 suam.

539 3537 615 3592 De
637 3538 834 3606 quibus
856 3539 1100 3607 quidem,
1122 3537 1168 3592 si
1192 3537 1244 3591 in
1279 3537 1552 3607 praesenti,
1580 3538 1853 3609 paulisper
1879 3539 2048 3611 dispi-

467 3636 700 3696 ciamus,
737 3647 848 3685 IIon
891 3631 1125 3686 absurde
1151 3629 1394 3684 facturos
1415 3629 1764 3696 arbitramur,
1794 3639 1852 3686 ut
1877 3632 2048 3701 ignari

465 3725 660 3778 Parum
692 3738 872 3777 rerum
910 3721 1236 3792 intelligant,
1276 3721 1480 3776 nullam
1518 3721 1678 3792 plane
1709 3721 2047 3792 Scripturam

468 3816 620 3870 illius
656 3815 840 3870 favere
877 3814 1143 3884 opinioni,
1171 3813 1262 3883 qui
1301 3813 1532 3868 novitati
1577 3813 1803 3868 studens
1837 3829 1869 3868 a
1902 3821 2050 3867 recta

468 3908 577 3962 ﬁde
617 3906 929 3962 aberravit:
958 3905 1069 3960 imo
1092 3903 1251 3975 plane
1281 3903 1616 3959 contrarium
1656 3903 2052 3973 proloquantur

470 4013 662 4055 omnes
678 4015 691 4050 :
708 4007 761 4053 et
773 3997 1074 4051 occlamant
1089 3995 1206 4052 suis
1221 3994 1545 4050 testimoniis
1563 4005 1748 4050 contra
1767 4009 2051 4065 perversas

469 4091 644 4161 ipsius
683 4089 1043 4143 narrationes.
1075 4086 1308 4143 Omnino
1337 4095 1518 4140 autem
1549 4101 1771 4140 necesse
1789 4085 2051 4140 fuitistud

475 4177 718 4251 aggredi,
749 4186 1035 4247 propterea
1078 4177 1220 4246 quod
1251 4184 1401 4241 sunt,
1429 4175 1519 4244 qui
1553 4175 1860 4243 suspiciunt
1888 4176 2050 4230 istum

472 4271 774 4337 hominem,
822 4285 890 4336 ne
941 4269 1062 4338 quis
1126 4265 1362 4321 fortasse
1417 4266 1484 4320 de
1513 4266 1729 4320 illorum
1803 4280 2050 4330 numero,

473 4378 570 4434 per
630 4377 908 4418 sacrarum
995 4359 1326 4414 Litterarum
1406 4358 1792 4429 ignorantiam,
1865 4357 2053 4412 existi-

473 4465 587 4511 nIet
624 4454 790 4510 ferire
824 4455 972 4508 illum
991 4466 1212 4522 scopum
1252 4449 1518 4505 veritatis.
1560 4450 1738 4526 Atque
1766 4448 1898 4502 illud
1928 4459 2054 4503 ante

2072 3222 2120 3284 ο

2791 3215 2950 3268 ΚΕΦ.
2992 3212 3091 3266 ΙΘ’.

2151 3309 2342 3374 Ὅπως
2371 3309 2430 3360 ai
2460 3306 2606 3361 θεῖαι
2625 3306 2854 3376 Γραφαὶ
2886 3306 2957 3358 οὐ
2978 3303 3179 3376 μόνον
3199 3300 3414 3376 Λόγον,
3633 3292 3733 3346 και

2213 3364 2401 3448 ,ιιυριά
2435 3364 2684 3448 ,ἕτεροί
2711 3364 2808 3448 καὶ
2880 3364 3025 3448 πρὸᾼ
3055 3371 3163 3448 τῆς
3223 3364 3735 3438 ἑνὶινθρωπήσεως

2218 3443 2519 3518 ὧιῖόμαζον
2550 3443 2659 3500 τὸν
2689 3446 2826 3501 Υἱόν
2855 3445 2961 3499 τοῦ
2994 3443 3162 3498 Θεοῦ.

2222 3539 2336 3609 (76)
2376 3532 2475 3592 ’Ὧν
2509 3538 2789 3609 βραχείας,
2818 3536 2910 3589 ἐπὶ
2937 3534 3027 3588 τοῦ
3064 3533 3351 3604 παρόντος,
3387 3528 3568 3590 καλῶς
3594 3528 3735 3598 ἔχειν

2150 3631 2323 3702 ὲφάνη
2352 3648 2440 3700 μοι
2467 3627 2883 3699 διασκέψασθαι,
2911 3629 3021 3690 τοῖς
3051 3643 3108 3678 τε
3133 3622 3419 3693 ἀγνοοῦσιν
3448 3619 3733 3685 ἐπιδεῖξαι,

2151 3724 2227 3787 ὡς
2270 3723 2493 3794 οὐδεμία
2539 3723 2638 3794 μὲν
2670 3719 2820 3791 αὑτῷ
2864 3717 3235 3790 νεωτερίζοντι
3267 3715 3364 3767 καὶ
3414 3715 3511 3784 τῆς
3549 3713 3736 3781 ὑγιοῦς

2153 3817 2540 3888 ὲκτρεπομένῳ
2591 3815 2827 3877 πίστεως
2877 3811 3093 3882 συνᾴδει
3156 3811 3195 3862 Γ
3202 3806 3368 3881 ραφὴ,
3427 3804 3738 3860 τούναντίον

2153 3903 2210 3955 δὲ
2244 3905 2414 3956 πᾶσαι
2457 3901 2928 3972 ἀντιφθέγγονται,
2963 3898 3059 3952 καὶ⁹
3104 3892 3571 3968 ἀντιμαρτυροῦσι
3616 3896 3740 3957 ταῖς

2153 3995 2252 4048 οὑκ
2287 3993 2462 4065 ὀρθῶς
2498 3992 2646 4065 αὑτῷ
2685 3990 3158 4064 -παραληφθείσαις
3197 3989 3535 4058 διηγήσεσιν.
3561 3985 3738 4055 Ὅπερ

2154 4089 2319 4158 ἐχρῆν
2353 4087 2586 4158 μάλιστα
2615 4088 2728 4150 τοῖς
2772 4086 2864 4139 τὸν
2899 4084 3069 4156 ἄνδρα
3100 4081 3331 4154 τιμῶσιν
3373 4077 3733 4152 ἐνδείξασθαι,

2161 4183 2362 4253 μήποτ’
2402 4180 2512 4251 ἀρα
2536 4197 2621 4244 τις
2681 4178 2862 4233 αὐτῶν
2890 4176 3117 4249 ἀπειρία
3148 4175 3259 4229 τῶν
3302 4174 3465 4228 θείων
3505 4175 3737 4241 ἀναγνω-

2161 4275 2346 4345 μάτων
2395 4273 2682 4343 τυγχάνειν
2724 4272 2886 4325 αὑτὸν
2933 4270 3028 4324 τοῦ
3083 4270 3182 4340 τῆς
3231 4267 3492 4341 ἀληθείας
3531 4269 3733 4322 σκοποῦ

2157 4365 2447 4435 νομίσειεν.
2482 4365 2594 4419 Καὶ
2620 4365 2683 4434 δὴ
2716 4363 2903 4417 τοῦτον
2929 4362 3145 4435 πρῶτον
3169 4359 3582 4431 διασκοπητέον,
3613 4360 3640 4412 ὃ
3666 4360 3729 4432 δὴ

2157 4459 2252 4511 καὶ
2276 4457 2610 4529 τετόλμηκεν
2640 4455 3042 4529 ἀποφήνασθαι,
3072 4455 3201 4526 πρὶν
3249 4452 3508 4524 τεχθῆναι
3531 4451 3616 4506 διὰ
3638 4453 3732 4524 τῆς

473 4549 582 4605 alia
615 4549 669 4602 in
705 4548 1064 4617 quaestionem
1093 4557 1374 4608 vocemus,
1417 4542 1560 4612 quod
1589 4538 1858 4596 aﬂirmare
1889 4557 2042 4598 ausus

2171 4545 2437 4617 Παρθένου
2467 4545 2556 4600 τὸν
2571 4546 2698 4600 Υἱὺν
2717 4543 2811 4597 τοῦ
2833 4543 2995 4608 Θεοῦ,
3023 4543 3097 4613 μὴ
3121 4542 3232 4612 (77)
3251 4540 3549 4610 κεκλῆσθαι
3571 4539 3731 4611 ἑτέρῳ

474 4651 578 4706 cst,
612 4641 810 4696 Filium
845 4640 933 4695 Dei
958 4637 1102 4693 nullo
1126 4637 1234 4692 alio
1266 4635 1506 4700 nomine,
1541 4634 1646 4689 nisi
1674 4634 1838 4690 Verbi
1866 4644 2042 4690 notum

2171 4636 2382 4706 ὀνόματι
2408 4636 2442 4706 ἢ
2479 4636 2668 4704 Λόγον.
2705 4635 2856 4706 Μηδὲ
2904 4635 3013 4705 γάρ
3044 4629 3179 4686 εἶναι
3217 4632 3380 4686 αὑτόν
3411 4649 3466 4685 τι
3503 4632 3606 4703 πρὸ
3639 4632 3730 4702 τῆς

477 4731 856 4803 appellatione,
922 4729 1238 4800 priusquam
1302 4728 1368 4782 de
1420 4726 1646 4796 Virgine
1703 4735 2045 4781 nasceretur.

475 4817 641 4888 quue
667 4818 737 4874 ob
773 4833 894 4873 eam
919 4831 1141 4872 causam
1169 4816 1314 4900 quod
1341 4826 1469 4871 ante
1491 4816 1837 4887 praesentiam
1866 4816 2048 4870 incar-

474 4911 716 4966 nationis
746 4909 880 4965 nihil
905 4909 1049 4964 aliud
1095 4915 1153 4974 >1<
1203 4923 1363 4978 quam
1405 4909 1643 4963 Verbum
1671 4915 1792 4963 erat
1825 4925 1837 4962 :
1877 4921 2055 4976 neque

475 5003 584 5057 alio
617 5002 727 5058 ullo
791 5003 1036 5068 nomine,
1078 5002 1182 5058 nisi
1231 5001 1547 5071 prophetice
1577 5009 1885 5055 vocaretur.
1921 4999 2057 5055 Ver-

556 5128 616 5188 a
651 5121 747 5180 Ed.
781 5121 978 5189 Paris.,
1009 5137 1133 5190 pag.
1174 5119 1356 5186 89,85.
1395 5120 1438 5151 7’
1468 5117 1628 5172 Joan.
1660 5134 1698 5174 l.
1722 5117 1812 5172 14.

555 5263 670 5336 (72)
713 5262 884 5332 Vulgo
912 5264 958 5336 ὁ,
978 5263 1153 5316 Ἰωάν.
1183 5259 1250 5316 Β.
1285 5259 1507 5314 alterum
1531 5257 1817 5330 ἄνθρωπος
1838 5257 1978 5313 delet
2009 5271 2040 5310 e

2171 5256 2382 5336 legend.
2445 5257 2762 5336 ὑπόστασιν,
2801 5255 2904 5336 hic

483 5335 608 5388 mox
647 5335 1001 5406 povovscrih.

486 5395 838 5538 Υ,(’ζῒήΜΤοῦ
888 5401 1170 5472 Χριστοῦ,
1225 5400 1334 5455 τοῦ
1374 5399 1537 5454 Υἱοῦ.
1597 5397 1844 5469 .Legend.
1890 5397 1925 5466 ἢ
1965 5395 2060 5450 τοῦ

541 5491 643 5528 Ζουι
733 5515 744 5526 .

541 5491 643 5528 εου.
677 5491 744 5527 Μ.

560 5545 672 5617 (74)
707 5543 798 5610 Τῷ
834 5545 998 5617 λόγῳ,
1035 5543 1222 5617 μόνῳ.
1283 5538 1527 5617 obscure
1557 5579 1572 5604 ,
1633 5547 1686 5593 et
1745 5535 2061 5617 imperfecte

489 5607 805 5685 illiirquuoil
839 5607 1089 5685 τῴ’λόγὶρ
1122 5613 1286 5683 μόνῳ,
1325 5613 1463 5665 idem
1493 5621 1609 5674 est,
1641 5623 1704 5685 ac
1737 5609 1783 5662 si
1826 5607 2057 5685 diceret,

487 5684 570 5756 τῷ
610 5676 753 5756 λόγῳ
785 5676 942 5753 μονον
1002 5676 1160 5756 ὃνξιξ,
1200 5676 1372 5756 deest
1397 5689 1582 5756 autem
1608 5749 1618 5756 _
1646 5676 2060 5756 διαφερόμενον,

493 5747 937 5822 προστίθεμενον,
971 5763 1063 5805 aut
1092 5752 1265 5822 simile
1287 5751 1434 5822 quid.
1468 5749 1724 5822 Δοθείσης
1754 5747 2062 5822 αὑτῷ-ὑπο-

496 5818 771 5889 στάσεως,
799 5832 954 5877 antea
985 5821 1204 5877 memini
1232 5819 1484 5874 ὑπόθεσιν
1515 5819 1796 5890 scriptum,
1837 5818 1924 5872 ubi
1946 5825 2063 5874 erat

2158 4726 2425 4796 ὲνσάρκου
2447 4725 2747 4798 παρουσίας
2767 4725 2799 4795 ἢ
2825 4724 3018 4792 Λόγον,
3045 4723 3167 4794 μηδ’
3185 4721 3501 4792 ὠνομάσθαι
3520 4721 3728 4791 ἑτέρως,

2159 4819 2207 4870 εἰ
2248 4817 2323 4890 μὴ
2367 4818 2474 4888 ἄρα
2515 4817 2899 4890 προφητικῶς*
2944 4816 3116 4884 Λόγον
3179 4813 3289 4884 γὰρ
3341 4809 3483 4866 εἶναι
3535 4830 3593 4866 τε
3641 4814 3727 4867 καὶ

2162 4907 2500 4978 ὠνομάσθαι,
2531 4909 2627 4960 καὶ
2669 4907 2821 4960 οὐδὲν
2867 4905 3054 4976 ἕτερον
3104 4905 3321 4973 φάσκει,
3364 4902 3503 4973 μετά
3550 4903 3606 4957 δὲ
3637 4905 3727 4974 τὴν

2166 4998 2428 5069 ενσαρκον
2463 4998 2782 5074 παρουσίαν,
2823 4997 3094 5069 διαφόρων
3141 4995 3237 5049 καὶ
3289 4994 3397 5047 τῶν
3433 4993 3727 5067 ὲπηγοριῶν

2961 5268 3060 5324 pro
3105 5253 3478 5317 ὑποστάσεως,
3533 5249 3719 5321 legend.

2171 5323 2480 5401 ὑποθέσεως
2505 5328 2686 5401 [etsic
2707 5323 2938 5401 coddfj:
2958 5324 3028 5401 ὑί.

2241 5399 2353 5466 (75)
2372 5391 2559 5469 Vulgo
2586 5398 2616 5469 ό
2647 5395 2816 5464 Λόγος
2847 5391 3064 5469 eiiufra
3097 5391 3347 5447 ὑπέθετο.

2237 5462 2348 5536 (76)
2365 5462 2583 5536 initium
2606 5462 2776 5536 ipsum
2799 5464 3363 5536 capiti_s_depravatum
3391 5470 3495 5536 est,
3524 5462 3713 5536 legend.

2333 5531 2431 5592 ’ὧν
2479 5537 2601 5610 διὰ-ξ
2627 5531 2778 5610 βραη
2813 5531 2920 5590 etc.
2956 5531 3030 5588 Μ.
3058 5564 3129 5574 ——
3162 5531 3286 5587 Mox
3321 5533 3482 5603 vulgo
3519 5533 3717 5606 οὐδεμία

2167 5605 2314 5663 αὑτῷ
2341 5625 2388 5663 ν.
2420 5618 2475 5662 et
2501 5610 2530 5661 ὁ
2559 5607 2616 5660 δὲ
2634 5605 2758 5660 καί.

2238 5661 2353 5762 (Ἱή
2378 5661 2478 5762 {In
2494 5677 2825 5762 κεκλήσθω.
2839 5673 2953 5755 [mo
2969 5672 3240 5762 κξειλῇσθα
3248 5690 3284 5762 ι.
3301 5670 3564 5762 afﬁgit:
3582 5673 3718 5744 vulgo

2169 5743 2483 5821 ὠνομάσθαι
2517 5749 2701 5820 ἕτερον
2733 5758 2787 5804 et
2812 5745 2965 5800 τοῦτο
3001 5746 3055 5798 δὲ
3081 5743 3174 5798 οὖν
3201 5760 3297 5813 πρ.
3323 5743 3552 5798 δεκτέον.
