3838 6222
94 259 214 316 865

1095 254 1184 312 DE
1219 255 1756 314 ECCLESIASTICA
1795 253 2193 314 THEOLOGIA
2233 253 2362 310 LIB.
2403 253 2446 310 1.

3257 256 3365 315 866

98 381 490 454 τετυχηκέναι.
533 379 705 434 Τοῦτο
729 379 795 451 δὴ
827 375 924 434 οὖν
952 377 1170 451 πρῶτον
1199 379 1436 446 δεκτέον,
1462 379 1681 453 ἀμαθῶς

1793 380 1922 435 bum
1949 393 2079 434 vero
2093 387 2150 434 et
2171 387 2295 434 erat
2317 387 2430 434 tum
2453 387 2506 433 et
2531 376 2830 442 dicebatur,
2856 387 2912 432 et
2937 377 3076 433 nihil
3103 377 3271 436 aliud.
3295 383 3366 436 At

101 476 208 530 καὶ
242 475 350 528 τῶν
383 473 543 527 Θείων
586 472 820 546 Γραφῶν
860 472 1327 545 ἀνεπιστημόνως,
1363 473 1523 527 αὑτὸν
1555 473 1690 527 ἀπο-

106 569 444 641 φηνάμενον.

761 829 918 884 ΚΕΦ.
959 829 1044 883 Κ’.

101 920 473 991 Παραθέσεις
505 920 602 991 καὶ
641 919 944 991 ἑρμηνεῖαι
983 919 1216 991 μερικαὶ
1254 915 1374 972 τῶν
1420 917 1540 991 ἀπὸ
1579 917 1690 988 τῆς

177 988 342 1058 θείας
386 988 631 1060 Γραφῆς
658 988 1041 1056 ἀποδείξεων,
1080 990 1150 1043 ἐν
1177 990 1342 1055 ὅλοις
1372 989 1689 1057 τριάκοντα

176 1063 547 1132 κεφαλαίοις.

175 1160 246 1207 α’.
286 1153 508 1226 Πρῶτον
557 1152 657 1222 μὲν
689 1150 798 1223 γὰρ
832 1151 994 1214 αὐτὸς
1028 1153 1056 1204 6
1094 1150 1234 1214 θεῖος
1295 1151 1690 1224 εὐαγγελιστὴς

115 1245 395 1316 Ἰωάννης,
413 1245 442 1296 6
459 1243 523 1316 δὴ
541 1243 676 1314 (77‘)
695 1243 868 1311 Λόγον
884 1243 1044 1297 αὐτὸν
1071 1243 1328 1306 ἀνειπὼν,
1346 1244 1446 1296 οὐκ
1470 1246 1548 1307 εἰς
1580 1261 1688 1310 μα-

100 1338 262 1410 κρὸν,
299 1336 414 1391 ἀλλ’
461 1334 622 1399 εὐθὺς
671 1335 766 1387 καὶ¹
807 1335 960 1406 παρά
1013 1336 1147 1389 πόδα
1179 1335 1313 1389 Θεὸν
1351 1336 1512 1390 αὑτὸν
1549 1335 1686 1389 ὠνό-

101 1447 268 1501 μασε,
315 1429 527 1500 φήσας·
587 1427 696 1482 Καὶ
752 1425 898 1492 Θεὸς
932 1421 1012 1497 ἦν
1043 1429 1076 1481 ὁ
1122 1427 1332 1496 Λόγος.
1383 1427 1689 1497 Δυνάμενος

99 1521 236 1591 γοῦν
261 1522 458 1585 εἰπεῖν,
487 1518 600 1591 (78)
625 1519 720 1572 καὶ
741 1519 876 1573 Θεοῦ
905 1515 972 1591 ἦν
994 1520 1024 1570 6
1060 1517 1251 1587 Λόγος,
1276 1517 1433 1571 τοῦτο
1464 1519 1560 1590 μὲν
1587 1520 1686 1572 οὐκ

97 1614 234 1685 ἔφη,
259 1613 334 1676 ὡς
355 1611 422 1666 ἂν
463 1613 537 1684 μή
569 1629 650 1674 τις
679 1611 841 1664 αὑτὸν
878 1609 956 1681 τῷ
985 1609 1136 1683 παρά
1164 1608 1467 1682 ἀνθρώποις
1498 1612 1685 1682 ὅμοιον

96 1702 243 1760 εἶναι
299 1706 524 1776 φήσειε·
573 1703 706 1756 Θεὸν
749 1703 806 1756 δὲ
857 1702 1020 1756 αὑτὸν
1061 1702 1248 1766 καλεῖ,
1293 1701 1356 1754 τὸ
1410 1702 1686 1774 ὑπερφυὲς

95 1795 200 1851 τοῦ
235 1797 363 1865 περὶ
410 1795 573 1849 αὐτὸν
621 1793 958 1866 θεοπρεποῦς
1003 1792 1345 1866 ἀξιώματος,
1395 1793 1537 1848 οὕτω
1569 1794 1681 1848 δει-

97 1905 259 1950 κνυς.

174 1980 241 2052 β’.
277 1977 534 2042 Μεταϐἀς
562 1977 621 2031 δὲ
658 1978 742 2048 ἐφ’
769 1977 960 2048 ἑτέραν
1003 1977 1244 2031 ἐπίνοιαν
1288 1977 1387 2050 τῆς
1418 1977 1545 2050 περὶ
1589 1979 1684 2031 αὐ-

91 2072 197 2126 τοῦ
241 2071 578 2141 δοξολογίας,
621 2071 750 2136 Φῶς
797 2069 958 2122 αὐτὸν
989 2069 1271 2140 ὠνόμασε,
1309 2071 1684 2142 προϋπάρχειν

88 2163 265 2219 αὐτὸν
314 2163 411 2234 τῆς
466 2161 561 2215 τοῦ
628 2161 879 2232 σώματος
924 2159 1242 2232 ἀναλήψεως
1262 2201 1278 2226 ,
1341 2158 1483 2212 κατὰ
1525 2157 1684 2212 τοῦτο

88 2258 236 2312 αὐτὸ
291 2255 571 2328 δηλώσας,
635 2256 693 2308 ἐν
755 2248 838 2318 οἷς
893 2254 1022 2325 περὶ
1067 2253 1162 2307 τοῦ
1222 2251 1526 2307 Βαπτιστοῦ
1575 2271 1682 2325 φη-

88 2369 210 2408 σινο

169 2444 237 2514 γ’.
286 2444 407 2497 οὐκ
443 2438 524 2513 ἦν
571 2439 802 2507 ἐκεῖνος
848 2438 916 2493 τὸ
953 2437 1098 2508 φῶς,
1139 2435 1276 2490 ἀλλ’
1319 2436 1420 2488 ἵνα
1460 2452 1684 2504 μαρτυ-

74 2540 262 2610 ρήσῃ
289 2536 424 2606 περὶ
449 2533 556 2589 τοῦ
584 2533 797 2604 φωτὸς,
825 2531 856 2586 ὃ
884 2529 1111 2601 φωτίζει
1139 2528 1335 2582 πάντα
1372 2528 1686 2597 ἄνθρωπον

82 2632 427 2702 ἐρχόμενον
470 2630 555 2693 είς
592 2625 700 2680 τὸν
749 2626 1004 2694 κόσμον.
1053 2623 1150 2675 Ἐν
1193 2618 1273 2686 τῷ
1330 2621 1536 2689 κόσμῳ
1581 2615 1680 2690 ἦν,

84 2723 196 2780 καὶ
238 2725 272 2777 ό
309 2721 536 2790 κόσμος
582 2716 656 2770 δι’
701 2715 886 2769 αὑτοῦ
936 2712 1195 2783 ἐγένετο,
1231 2711 1330 2763 καὶ
1377 2707 1409 2764 ὁ
1453 2710 1682 2778 κόσμος

83 2815 288 2872 αὐτὸν
335 2814 447 2867 οὐκ
475 2813 648 2880 ἔγνω.
679 2810 784 2874 Εὶς
831 2805 904 2860 τὰ
940 2804 1061 2858 ἴδια
1101 2799 1270 2874 ἦλθε,
1313 2801 1412 2855 καὶ
1444 2803 1499 2854 οἱ
1545 2799 1682 2854 ἴδιοι

83 2905 287 2962 αὐτὸν
315 2904 386 2957 οὐ
434 2898 794 2969 παρέλαϐον.
834 2897 998 2967 Ὁρᾷς
1040 2895 1188 2956 ὅπως
1233 2890 1443 2955 τούτοις
1480 2892 1542 2944 οὐ
1581 2891 1682 2944 Λό.

83 3015 191 3069 γον
226 2995 409 3068 μόνον,
435 2993 509 3056 ὡς
537 2990 712 3044 ἐδόκει
751 2986 1080 3058 Μαρκέλλῳ,
1108 2983 1243 3038 ἀλλά
1273 2985 1366 3037 καὶ
1399 2983 1552 3047 Θεὸν,
1583 2983 1682 3036 καὶ

1791 476 2076 540 postquam
2108 484 2272 524 carne
2321 478 2535 540 sumpta
2565 468 2802 534 advenit,
2853 469 3090 527 diversis
3142 472 3361 539 quidem

1792 559 1964 614 titulis
2001 560 2385 631 usurpabatur.
2416 559 2573 627 Quod
2618 560 2686 616 ab
2726 560 2820 616 illo
2858 560 2933 615 ita
2961 563 3219 631 positum,
3245 561 3366 619 ’ἰω-

1789 651 1965 720 perite
1991 651 2217 716 dictum,
2248 661 2303 705 et
2325 666 2422 720 per
2451 665 2720 706 summam
2758 650 3162 722 Scripturarum
3207 653 3358 722 igno-

1792 743 2046 811 rantiam,
2071 753 2196 798 ante
2223 743 2405 800 omnia
2447 725 2928 798 demonstrandum
2946 752 3051 799 est.

2419 833 2573 890 CAP.
2613 832 2734 888 XX.

1790 944 2088 1022 Proposita:
2127 965 2221 1018 per
2266 958 2444 1022 partes
2471 965 2498 1003 e
2525 951 2690 1004 sacris
2739 948 2974 1022 Litteris,
3005 958 3054 1003 et
3084 948 3363 1019 explicate

2250 1035 2358 1074 xxx
2396 1021 2899 1074 demonstrationes.

1863 1157 1916 1210 l.
1953 1153 2221 1223 Imprimis
2264 1153 2592 1224 evangelista
2646 1153 2886 1208 Joannes
2949 1153 3088 1222 ipse,
3145 1152 3239 1223 qui
3299 1155 3367 1208 de

1789 1245 1953 1302 Verbi
1987 1245 2351 1318 appellatione
2396 1261 2520 1301 eum
2551 1246 2798 1316 agnovit,
2830 1260 2936 1300 non
2967 1245 3154 1302 inultis
3192 1244 3366 1300 inter-

1787 1338 2002 1408 positis,
2033 1339 2162 1408 quin
2207 1339 2411 1403 statim,
2447 1347 2503 1393 et
2554 1337 2609 1392 in
2658 1339 2944 1408 procinctu
2992 1337 3159 1404 velut,
3196 1337 3366 1392 Deum

1788 1432 2040 1486 eumdem
2073 1431 2326 1501 appellat,
2357 1430 2610 1500 inquiens
2645 1448 2657 1484 :
2686 1429 2758 1484 Et
2792 1429 2934 1485 Deus
2961 1439 3074 1485 erat
3119 1427 3366 1484 Verbum.

1788 1523 1922 1577 Cum
1958 1522 2102 1578 enim
2139 1523 2188 1578 ei
2235 1521 2396 1577 facile
2422 1521 2615 1578 fuisset
2639 1523 2822 1578 dicere
2850 1539 2864 1576 :
2893 1530 2950 1577 et
2983 1523 3222 1578 divinum
3245 1534 3367 1577 erat

1787 1612 2050 1680 Verbum,
2087 1613 2191 1668 hoc
2222 1629 2330 1669 non
2379 1615 2453 1668 ita
2504 1614 2708 1683 posuit,
2741 1629 2810 1669 ne
2839 1615 2964 1685 quis
2995 1613 3146 1668 illum
3176 1615 3367 1682 opina-

1789 1713 1945 1757 retur
1991 1703 2226 1758 similem
2280 1705 2519 1758 humano
2567 1705 2782 1759 cuidam
2830 1705 2997 1760 verbo
3042 1704 3361 1760 exstitisse:

1786 1798 1882 1851 sed
1911 1796 2148 1867 appellat
2178 1812 2300 1852 eum
2334 1796 2504 1852 Deum
2533 1814 2546 1850 ε
2571 1813 2677 1868 quo
2708 1797 2904 1853 divinae
2937 1798 3216 1870 dignitatis
3247 1798 3366 1869 ejus

1785 1887 2299 1943 excellentissimam
2341 1889 2601 1944 indicaret
2629 1899 2896 1943 naturam.

1855 1980 1910 2034 ‘2.
1953 1978 2251 2036 Transiens
2311 1981 2440 2036 hinc
2511 1982 2576 2035 ad
2638 1980 2799 2034 aliain
2865 1979 3362 2035 considerationem

1785 2071 2097 2140 quamdam,
2131 2070 2278 2126 illius
2322 2085 2484 2142 quam
2518 2071 2754 2126 habebat
2782 2068 3219 2140 gloriﬁcationis,
3251 2069 3362 2122 Lu-

1785 2177 1894 2215 cem
1947 2162 2096 2216 illuni
2143 2170 2325 2228 vocat,
2361 2172 2417 2218 et
2463 2177 2562 2234 per
2589 2162 2740 2218 illum
2772 2163 2948 2233 ipsum
2983 2162 3194 2217 titulum
3227 2177 3393 2233 prae-_

1785 2253 2062 2308 exstitisse
2094 2266 2216 2308 eum
2249 2254 2494 2309 indicare
2521 2253 2691 2308 voluit
2723 2264 2849 2308 ante
2872 2263 3210 2323 assumptum
3241 2269 3365 2309 cor-

1785 2360 1885 2414 pus
1911 2360 2067 2400 suum
2099 2364 2111 2399 :
2143 2345 2411 2415 siquidem
2435 2345 2501 2400 de
2529 2345 2772 2414 Baptista
2811 2345 3023 2400 locutus
3041 2346 3117 2400 ait
3136 2363 3150 2400 :
3169 2393 3183 2411 ,

1855 2437 1909 2492 3.
1949 2436 2077 2491 Non
2104 2445 2221 2491 erat
2252 2437 2340 2490 ille
2376 2435 2489 2500 lux,
2523 2437 2612 2490 sed
2651 2446 2707 2490 ut
2735 2438 3090 2492 testiinonium
3127 2436 3367 2507 perhibe-

1785 2541 1862 2584 ret
1891 2531 1956 2584 de
1986 2529 2183 2583 lumine
2221 2528 2338 2596 illo,
2366 2529 2505 2600 quod
2544 2528 2812 2582 illuminat
2855 2545 3058 2583 omnem
3098 2531 3364 2583 hominem

1784 2622 2141 2676 venientemin
2175 2621 2312 2674 hunc
2335 2620 2611 2674 mundum.
2646 2618 2713 2674 In
2750 2623 2945 2674 mundo
2975 2631 3113 2686 erat,
3145 2630 3194 2675 et
3216 2636 3364 2673 mun'

1784 2713 1882 2765 dus
1902 2727 1994 2782 per
2025 2713 2196 2781 ipsum
2225 2711 2400 2781 factus
2421 2721 2518 2775 est,
2543 2720 2591 2764 et
2622 2711 2851 2765 mundus
2890 2727 3007 2764 eum
3035 2728 3138 2765 non
3165 2727 3364 2781 cogno-

1783 2808 1872 2857 vit.
1906 2803 1972 2856 In
2001 2803 2219 2872 propria
2249 2803 2412 2866 venit,
2449 2810 2500 2855 et
2529 2803 2613 2856 sui
2664 2819 2784 2856 eum
2824 2819 2928 2856 non
2971 2817 3268 2872 receperunt
3291 2805 3362 2860 θ’.

1785 2893 1948 2950 Vides
1978 2905 2183 2961 autem,
2216 2905 2271 2948 ut
2313 2893 2368 2948 in
2407 2894 2526 2949 istis
2577 2909 2684 2949 non
2719 2892 2956 2949 Verbum
2994 2896 3364 2965 solummodo,

1783 2989 1877 3042 sed
1928 2998 1983 3042 et
2029 2987 2195 3042 Deum
2242 2994 2300 3041 et
2354 2986 2555 3051 lucem,
2589 2985 2742 3039 illum
2796 2985 3123 3051 nominavit,
3171 2997 3363 3044 contra

85 3093 215 3164 φῶς
256 3087 422 3143 αὐτὸν
452 3085 726 3156 ὠνόμασε,
760 3080 1134 3154 προϋπάρχειν
1169 3095 1228 3132 τε
1264 3077 1426 3133 αὐτὸν
1455 3076 1678 3144 ἐδίδαξε,

1792 3095 1944 3151 quant
2009 3079 2262 3134 Marcello
2325 3079 2636 3133 videbatur.
2691 3077 3092 3134 Praeexstitisse
3149 3093 3369 3149 quoque

84 3186 190 3240 καὶ
229 3183 324 3235 τὸν
369 3180 572 3250 κόσμον
599 3176 666 3231 δι’
694 3173 859 3230 αὐτοῦ
887 3172 1190 3243 γεγονέναι.
1217 3171 1425 3241 ’Ὠσπερ
1457 3171 1566 3242 γὰρ
1593 3169 1681 3224 διὰ

83 3277 189 3333 τοῦ
235 3272 374 3327 Θεοῦ
435 3268 546 3344 (79)
613 3268 790 3338 Λόγου
837 3264 1195 3336 γεγεννῆσθαι
1235 3263 1301 3316 τὰ
1334 3264 1539 3329 πάντα,
1588 3264 1684 3316 καὶ

83 3369 268 3443 χωρὶς
297 3365 464 3419 αὑτοῦ
504 3360 759 3433 γενέσθαι
806 3359 958 3412 οὐδὲν
1003 3357 1368 3429 προείρηκεν,
1413 3353 1556 3408 οὕτω
1588 3355 1682 3408 καὶ

82 3465 181 3518 διὰ
211 3459 324 3530 (80)
364 3456 458 3512 τοῦ
491 3456 666 3526 φωτός
686 3472 700 3486 ο
731 3455 786 3506 '0
812 3453 923 3522 γὰρ
951 3452 1198 3520 κόσμος,
1222 3449 1378 3520 φησὶ,
1405 3449 1478 3502 δι’
1495 3449 1681 3503 αὐτοῦ

80 3554 356 3626 ἐγένετο.
394 3551 483 3614 Ὧς
519 3545 658 3603 εἶναι
690 3547 747 3600 ἓν
787 3546 882 3600 καὶ
921 3543 1115 3598 ταύτὸν
1154 3542 1221 3597 τὸ
1265 3540 1390 3612 φῶς
1433 3540 1531 3596 καὶ
1575 3541 1682 3597 τὸν

86 3647 250 3704 Θεὸν
287 3647 502 3714 Λόγον,
530 3641 718 3710 Λέγων
745 3639 802 3692 δὲ
835 3638 902 3691 δι’
931 3637 1096 3690 αὑτοῦ
1133 3634 1512 3706 γεγεννῆσθαι,
1549 3635 1682 3688 ποτὲ

89 3737 198 3806 μὲν
226 3730 322 3786 τὸν
355 3731 580 3800 κόσμον,
613 3726 744 3780 ποτὲ
783 3725 838 3777 δὲ
881 3724 949 3778 τὰ
981 3724 1180 3788 πάντα,
1229 3722 1291 3776 τὸ
1329 3722 1436 3794 (81)
1473 3723 1680 3794 ὑπηρε-

83 3826 248 3881 τικὸν
277 3822 374 3876 τοῦ
407 3820 542 3874 Θεοῦ
572 3819 892 3891 παρίστησι.
933 3815 1242 3887 Δυνάμενος
1277 3814 1407 3885 γοῦν
1447 3817 1475 3869 6
1516 3815 1680 3883 εὐαγ-

86 3914 352 3988 γελιστὴς
407 3915 600 3972 εἰπεῖν,
649 3910 853 3964 Πάντα
904 3908 1006 3962 ὑπ’
1054 3906 1239 3962 αὑτοῦ
1289 3906 1544 3977 ἐγένετο,
1587 3906 1682 3959 καὶ

83 4008 283 4074 αὖθις,
319 4005 429 4061 Καὶ
468 4008 500 4058 ὁ
538 4004 767 4072 κόσμος
793 4002 894 4056 ὑπ’
920 3999 1107 4054 αὐτοῦ
1136 3998 1394 4068 ἐγένετο,
1419 3999 1538 4070 οὐχ,
1579 4001 1680 4053 ὑπ’

82 4099 307 4164 αὑτοῦ,
340 4098 466 4168 ἔφη,
500 4095 632 4149 ἀλλά
659 4094 732 4148 δι’
754 4092 939 4148 αὑτοῦ
972 4087 1052 4162 ἦν
1081 4107 1094 4122 ⁶
1122 4091 1186 4144 ἵν’
1210 4091 1356 4162 ἡμᾶς
1386 4090 1683 4164 ἀναπέμψῃ

83 4199 184 4251 ἐπὶ
214 4195 318 4265 τὴν
345 4192 454 4245 τῶν
481 4190 618 4242 ὅλων
649 4185 962 4257 ποιητικὴν,
994 4181 1089 4236 τοῦ
1129 4182 1341 4253 [ἰατρὸς
1374 4180 1677 4234 αὑθεντίαν.

98 4286 270 4341 Ἀ).λά
302 4282 402 4338 καὶ
429 4286 462 4336 ὁ
493 4282 750 4350 κόσμος,
778 4277 960 4348 φησὶν,
1004 4273 1190 4329 αὐτὸν
1221 4276 1330 4327 οὐκ
1362 4272 1536 4342 ἔγνω.
1577 4273 1681 4327 Τὸν

80 4379 144 4433 δὲ
186 4377 287 4430 ἐπὶ
329 4374 546 4427 πάντων
572 4371 704 4424 Θεὸν
735 4372 990 4440 φυσικαῖς
1021 4367 1252 4428 ἐννοίαις
1283 4366 1519 4429 ἅπαντες
1546 4367 1678 4438 ὁμου

1784 3171 2014 3227 allirmat
2072 3172 2222 3225 illum
2270 3187 2284 3224 :
2335 3179 2390 3224 et
2445 3170 2705 3224 mundum
2767 3185 2866 3239 per
2916 3170 3093 3239 ipsum
3155 3171 3364 3227 factum

1783 3265 1973 3320 fuisse.
1999 3263 2466 3332 Quemadmodum
2495 3263 2642 3316 enim
2671 3261 2727 3316 in
2749 3263 3183 3331 praecedentibus
3211 3266 3366 3319 dixe-

1783 3364 1890 3424 rat,
1921 3357 2102 3412 omnia
2127 3354 2385 3425 producta
2418 3353 2588 3408 fuisse
2614 3367 2710 3424 per
2748 3353 2988 3408 Verbum
3015 3354 3133 3422 Dei,
3158 3365 3214 3410 et
3242 3355 3364 3410 sine

1783 3449 1875 3504 illo
1935 3448 2068 3503 nihil
2109 3447 2271 3518 plane
2323 3455 2712 3516 procreatum,
2773 3445 2852 3500 ita
2905 3460 3124 3516 quoque
3171 3457 3227 3501 et
3268 3463 3366 3517 per

1783 3537 1958 3594 lucem
1988 3538 2107 3591 ait:
2137 3533 2283 3590 Nam
2315 3534 2567 3598 mundus,
2612 3532 2814 3603 inquit,
2849 3524 2958 3601 per'
2986 3533 3138 3585 illum
3187 3534 3362 3600 factus

1782 3639 1878 3692 est,
1919 3637 1980 3682 ut
2011 3630 2084 3682 ita
2117 3641 2256 3680 unus
2288 3626 2539 3692 idemque
2572 3621 2757 3689 fuerit,
2786 3619 2928 3686 Lux,
2959 3629 3015 3676 et
3045 3620 3190 3675 Deus
3229 3619 3360 3674 Ver-

1783 3717 2191 3786 bum.Cumque
2223 3733 2322 3788 per
2349 3717 2496 3772 illum
2529 3713 2763 3770 alllrmet
2794 3712 2997 3768 factum
3028 3727 3173 3769 nunc
3203 3728 3363 3768 mun-

1782 3819 1935 3880 dum,
1975 3827 2118 3867 nunc
2175 3821 2374 3868 extera
2422 3807 2632 3874 omnia,
2680 3807 2990 3862 subindicat
3041 3791 3192 3860 illum
3248 3805 3364 3860 Deo

1783 3904 2244 3962 subministrasse.
2274 3899 2408 3954 Nam
2445 3903 2507 3962 ›Ι‹
2539 3911 2662 3952 cum
2708 3903 2896 3966 posset
2925 3893 2995 3948 ad
3034 3894 3200 3948 istum
3245 3908 3361 3948 mo-

1783 3998 1907 4052 dum
1932 3994 2178 4067 proferre
2198 3989 2528 4060 evangelista
2555 4003 2570 4041 :
2609 3987 2805 4042 Omnia
2833 3987 2899 4040 ab
2929 3985 3022 4040 illo
3046 3985 3188 4054 facta
3209 3994 3358 4051 sunt,

1784 4099 1946 4157 atque
1980 4089 2174 4140 iterum
2208 4099 2223 4138 :
2254 4081 2488 4136 Mundus
2520 4085 2583 4134 ab
2617 4078 2710 4132 illo
2741 4077 2916 4148 factus
2958 4086 3056 4146 est,
3091 4091 3197 4131 non
3226 4075 3358 4133 illud

1783 4181 1983 4254 posuit,
2015 4180 2079 4233 ab
2106 4195 2166 4233 eo
2191 4194 2210 4232 :
2243 4177 2336 4231 sed
2366 4191 2459 4244 per
2481 4191 2620 4230 eum.
2662 4171 2781 4239 Quo
2813 4171 3026 4227 scilicet
3055 4171 3359 4226 remitteret

1783 4291 1879 4332 nos
1924 4274 1992 4329 ad
2043 4270 2410 4326 autlienticani
2440 4265 2619 4322 Patris
2647 4265 2832 4320 omnia
2861 4262 3081 4319 creandi
3115 4271 3358 4332 potesta-

1785 4381 1913 4421 tem.
1961 4364 2068 4419 Sed
2118 4372 2166 4418 et
2205 4362 2458 4425 mundus,
2491 4359 2689 4428 inquit,
2723 4357 2896 4426 ipsum
2940 4370 3044 4408 non
3094 4353 3358 4423 cognovit.

84 4465 347 4538 λογοῦσιν
386 4463 682 4535 ἄνθρωποι,
710 4461 804 4514 καὶ
837 4459 1044 4531 πρῶτοί
1081 4475 1143 4527 γε
1181 4457 1447 4510 Ἰουδαίων
1491 4458 1680 4522 παῖδες

1792 4457 1916 4514 Cum
1948 4459 2138 4522 Deum,
2168 4454 2264 4525 qui
2314 4453 2387 4508 sit
2430 4466 2594 4522 super
2623 4447 2828 4512 omnia,
2867 4461 2968 4517 per
2995 4444 3245 4501 notiones
3277 4443 3362 4496 ina

83 4563 153 4614 ὲκ
185 4559 303 4612 τῶν
355 4551 707 4626 προφητικῶν
759 4550 989 4622 Γραφῶν
1037 4547 1563 4620 χειραγωγούμενοιν
1602 4547 1678 4612 ὡς

83 4655 189 4709 καὶ
221 4650 387 4714 αὐτὸς
416 4648 652 4720 παρίστη
687 4642 1026 4716 Μάρκελλος,
1053 4645 1110 4695 ὲν
1136 4647 1248 4706 τοῖς
1290 4641 1415 4712 ἑξῆς
1447 4639 1673 4712 προϊών.

84 4742 311 4800 Οὐκοῦν
345 4741 530 4812 ἕτερος
553 4735 621 4810 ἦν
652 4732 826 4799 οὗτος,
851 4735 909 4788 ὃν
934 4737 962 4788 6
993 4734 1197 4806 κόσμος
1230 4735 1329 4786 οὐκ
1360 4734 1520 4803 ἔγνω,
1545 4732 1678 4796 Θεὸς

84 4839 185 4892 καὶ
202 4835 398 4904 Λόγος,
427 4831 542 4903 φῶς
561 4831 820 4902 ὑπάρχων
849 4846 908 4881 τε
925 4829 1017 4881 καὶ
1031 4827 1420 4898 ὠνομασμένος
1439 4844 1453 4855 ·
1475 4826 1590 4895 φῶς
1611 4825 1669 4877 δὲ

81 4931 189 4985 οὐκ
205 4927 487 4999 αίσθητὸν,
508 4924 629 4978 οὐδὲ
647 4924 756 4996 (82)
774 4921 992 4993 σαρκῶν
1006 4921 1138 4993 (82⁸)
1153 4918 1460 4990 ὀφθαλμοὺς
1475 4917 1676 4990 ὁμοίως

161 5125 226 5183 >14
254 5115 357 5171 Ed.
386 5113 590 5175 Paris.,
625 5127 749 5183 pag.
775 5108 864 5167 ει.
948 5108 996 5140 ⁸ο
1027 5106 1184 5163 .loaii.
1218 5122 1257 5171 i,
1292 5105 1349 5172 8,
1387 5105 1475 5160 ll.

183 5321 649 5396 77⁸)νιι1αοὸδε;
1016 5388 1034 5396 _
1242 5381 1374 5396 ..η

182 5378 420 5469 ἧ8)’Καζ
436 5378 593 5469 ’Θεὸς
612 5393 694 5462 ἦν
720 5392 753 5445 ὀ
775 5389 986 5469 Λόγος.
1016 5382 1266 5469 limata).
1291 5378 1666 5469 Osiocﬁldledie

83 5462 268 5523 codd."
290 5483 344 5518 κ.
386 5462 570 5534 Θεοῦ],
607 5470 819 5534 poterat.

82 5521 154 5610 ἦν
178 5521 219 5590 ό
239 5521 430 5610 νὶόγος,
453 5545 508 5587 at
529 5521 682 5610 it'ihx'it,
711 5531 810 5610 καὶ
839 5530 985 5610 Θεὸς
999 5525 1098 5600 ἦν,
1127 5522 1502 5610 aliquida’l'iu‘d
1773 5532 1808 5588 q

85 5590 374 5676 ἀναξιωτίό
392 5590 644 5673 ’ἱρωτίζει
670 5590 853 5676 ’πάντα
891 5590 1175 5676 ἄνδρὶοπον
1192 5590 1516 5676 ίίηιιιξῑεις
1535 5590 1668 5676 citat

86 5659 491 5749 cvaiigelistain
513 5715 529 5739 ,
572 5659 914 5749 utrumquein
939 5659 1162 5749 degitur
1183 5659 1202 5730 ,
1226 5661 1414 5749 ἦν..τά
1433 5659 1572 5749 φῷςν
1602 5659 1670 5749 τὸ

85 5732 390 5817 ἀληῶνὸν
404 5744 436 5799 ὃ
451 5732 697 5814 φώτίζει.
721 5732 1186 5811 Μῖ-ιιιῐτιιῖιυιεο
1202 5732 1574 5808 προϋπάρχειν
1588 5746 1667 5784 τε.

1783 4551 1920 4605 sitas
1949 4565 1977 4602 a
2007 4557 2202 4602 natura
2235 4551 2569 4616 cognoscant
2595 4555 2787 4596 omnes
2816 4555 2831 4594 :
2861 4535 3131 4606 imprimis
3174 4545 3356 4589 autem

1783 4642 1878 4698 lilii
1918 4641 2245 4706 Judaeorum,
2315 4634 2734 4691 manuductione
2773 4630 3180 4698 Scripturarum
3232 4641 3360 4694 pro-

1782 4734 2162 4804 pheticarum,
2211 4727 2356 4798 quod
2413 4725 2794 4797 progrediente
2859 4733 3110 4776 sermone
3172 4716 3360 4772 docuit

1783 4825 2012 4895 ipsemet
2044 4820 2350 4876 Marcellus.
2383 4817 2652 4885 Quocirca
2695 4822 2816 4869 erat
2860 4811 3000 4866 alius
3039 4810 3144 4865 iste
3187 4823 3353 4877 quem

1784 4917 2019 4973 mundus
2063 4932 2169 4970 non
2205 4910 2478 4984 cognovit,
2527 4907 2670 4963 Deus
2708 4913 2873 4975 atque
2918 4901 3183 4967 Verbum,
3235 4899 3355 4955 Lux

1867 5303 1958 5358 79)
1987 5302 2091 5356 Ἶσ.
2124 5301 2285 5370 λόγον
2309 5298 2414 5369 Mp.
2446 5296 2568 5370 Mos
2590 5293 2750 5370 vulgo
2771 5289 2892 5345 οὐδὲ
2920 5288 2978 5370 3y
3015 5303 3112 5360 πρ.

2129 5353 2385 5442 ίέοξυξὲόςί
2421 5367 2616 5442 Ὄγτὰρ
2655 5353 2914 5442 κ’ὂσμρς..
2936 5353 3220 5442 Legéﬂem,

886 5428 1350 5515 Janiie'svdixisse.
1377 5428 1489 5505 κῖιι).ι
1522 5449 1664 5514 Θεῖος

1792 5428 2062 5518 τῷὶδῴσμῳ
2086 5428 2194 5512 γόἶρ
2230 5428 2444 5518 ἡνίκα).
2469 5428 2731 5518 δ’κόσμος
2761 5428 2827 5486 δι’
2855 5428 3038 5486 αὐτοῦ.
3077 5428 3186 5484 [loc
3239 5434 3368 5494 est,‘

1813 5506 1863 5572 iii
1892 5506 1990 5569 lux'
2014 5506 2130 5568 erat
2154 5506 2210 5567 et
2238 5506 2538 5582 dicebatur.
2574 5506 2645 5566 ﬂ.
2678 5577 2690 5582 Α
2771 5573 2796 5582 _
2895 5573 2920 5582 _
2962 5571 2996 5582 Α
3040 5569 3066 5582 ..

1847 5567 1981 5652 (is—li)“
2011 5567 2414 5652 Ὑπηρετικόν.
2445 5579 2608 5636 Forte
2634 5573 2824 5644 αὑτοῦ,
2853 5573 2932 5646 τῷ
2957 5569 3096 5640 Θεῷ.
3129 5567 3205 5625 Μ.

1851 5649 1965 5719 (82⁷)
1993 5649 2163 5719 Vulgo
2185 5649 2468 5722 σαρκικόν.

1847 5724 1984 5798 (82⁸)
2019 5723 2151 5779 Οὐδὲ
2184 5719 2331 5797 ὁφθ.,
2363 5719 2470 5792 Μμ.
