3838 6222
487 231 593 290 867
1156 229 1425 287 EUSEBII
1463 228 1945 286 CESARIENSIS
1980 228 2131 287 OPP.
2172 228 2357 287 PARS
2394 228 2488 286 IV.
2527 256 2596 270 --
2634 229 3059 296 DOGMATICA.
3656 225 3749 279 863

486 348 760 404 exsistens
785 355 839 403 et
864 348 1291 419 appellatuslux.
1321 317 1439 405 Lux
1470 359 1653 406 autem
1685 366 1791 407 non
1827 351 2002 407 sensit

2236 350 2299 422 ίῳ
2348 349 2611 419 φωτίζον·
2663 351 2805 405 οὕτω
2848 351 2957 423 γὰρ
3010 349 3077 403 ἄν
3127 347 3221 403 καὶ
3265 348 3299 418 ἡ
3363 343 3473 399 τῶν
3540 341 3750 411 ἀλόγων

487 438 577 504 lis,
612 453 718 495 non
751 439 1051 509 corporalis
1084 457 1097 494 :
1126 455 1230 495 non
1264 455 1384 509 qua:
1417 442 1629 507 oculos,
1659 452 1720 496 ut
1746 440 1828 496 sol
1861 441 2003 496 illum

2236 461 2316 497 ων
2390 443 2551 513 φύσις
2625 446 2872 514 μετεῖχεν
2945 441 3133 495 αὑτοῦ.
3192 440 3330 493 Νυνὶ
3386 438 3443 491 δὲ
3508 435 3752 489 διδάσκει

488 539 634 586 raret
659 550 677 586 :
719 546 843 584 nam
877 531 957 586 sic
986 530 1128 586 illius
1163 532 1299 587 adeo
1348 533 1641 604 participes
1685 534 1880 589 tierent
1909 549 2004 589 cre

2232 539 2343 588 oiov
2399 532 2468 607 ἦν
2526 535 2674 605 φῶς,
2723 535 2930 603 λέγων·
2980 530 3101 589 Ἦν
3157 530 3270 601 (85)
3340 527 3409 581 τὸ
3468 526 3640 597 φῶς,
3695 528 3748 577 τὸ

486 632 621 677 tura:
657 623 1020 679 irrationales.
1062 622 1219 679 Nunc
1245 624 1424 694 qualis
1452 636 1573 680 erat
1602 625 1691 680 ille
1722 626 1817 680 lux
1840 641 1940 682 nos
1966 628 2002 681 dt

2238 624 2409 685 ιτίζον
2452 626 2648 680 πάντα
2671 626 2983 695 ἄνθρωπον
3021 624 3346 693 ἐρχόμενον
3368 623 3455 685 εις
3478 619 3593 672 τὸν
3614 618 3754 672 κόσ-

484 727 596 781 cet,
627 716 922 784 inquiens:
953 716 1085 771 Erat
1133 726 1310 771 autem
1354 717 1450 772 tua:
1494 718 1806 773 illuminans
1851 735 2000 773 omne

2239 736 2292 773 ν·
2329 719 2466 789 (85⁸)
2493 720 2668 773 Μόνον
2697 721 2804 790 ἄρα
2832 710 2899 790 ἦν
2931 717 3231 788 ἀνθρώπων
3248 715 3309 767 τὸ
3344 712 3569 781 λογικὸν
3599 712 3755 764 τοῦτο

484 814 747 867 hominem
775 810 1054 864 venientem
1089 810 1146 863 in
1166 809 1304 863 hunc
1333 811 1610 863 mundum.
1643 810 1725 863 Ad
1758 808 1902 865 solos
1931 823 2000 876 er;

2240 830 2296 877 ις.
2336 811 2426 866 Διὸ
2450 814 2675 884 δυνάμει
2720 814 2880 883 νοερᾷ
2918 812 3012 866 καὶ
3042 812 3232 879 ὶογικῇ
3273 808 3370 871 τὰς
3408 808 3532 860 κατ’
3573 805 3756 858 εἰκόνα

484 901 732 955 homines
780 898 1087 967 pertinebat
1144 899 1425 954 rationalis
1482 900 1588 954 ista
1641 900 1755 955 lux.
1790 899 2000 967 Quociri

2241 925 2257 959 φ
2290 906 2452 960 αὐτοῦ
2486 906 2580 959 καὶ
2618 905 2876 976 ὁμοίωσιν
2921 902 3294 973 πεποιημένας
3333 898 3518 969 ψυχὰς
3562 894 3757 966 νοερᾶς

482 1007 581 1061 per
608 992 907 1062 potentiam
938 1006 1092 1045 suam
1123 991 1381 1059 praeditus
1414 992 1700 1047 intellectu
1728 1004 1785 1048 et
1815 993 1997 1047 ration

2242 1001 2255 1049 ι
2284 996 2509 1065 λογικὰς
2539 994 2925 1067 ἀπειργάζετο.
2962 995 3048 1057 Ὠς
3075 993 3131 1045 δὲ
3155 993 3252 1045 οὐκ
3289 989 3554 1060 αἰσθητὸν
3596 985 3758 1053 E151-

482 1085 576 1156 qui
620 1093 704 1139 est
746 1084 860 1149 lux,
892 1085 959 1139 ad
1008 1084 1300 1154 imaginem
1350 1099 1505 1139 suam
1541 1093 1597 1139 et
1647 1084 1998 1140 similitudine

2242 1108 2289 1143 νε
2330 1090 2465 1160 φῶς,
2496 1090 2667 1152 οὕτως
2710 1088 2921 1142 οὐδὲτὸ
2966 1087 3220 1140 ἐπέκεινα
3253 1084 3362 1136 τῶν
3406 1083 3550 1136 ὅλων
3594 1080 3758 1142 dimi;

482 1170 775 1232 rationales
831 1176 1040 1230 animas
1089 1186 1145 1231 et
1191 1175 1557 1247 intelligentes
1613 1178 1886 1247 produxit.
1940 1177 1998 1231 Νι

2244 1182 2346 1244 lae;
2368 1178 2455 1253 ἦν.
2498 1182 2558 1234 '0
2590 1181 2701 1250 γάρ
2749 1180 2881 1244 Θεὸς
2934 1180 3047 1249 φῶς
3091 1182 3225 1239 ἐστι,
3271 1176 3366 1229 καὶ
3410 1174 3609 1228 σκοτία
3660 1174 3760 1225 οὐκ

480 1279 601 1324 erat
626 1284 758 1340 ergo
781 1264 867 1323 illa
895 1269 985 1322 lux
1022 1269 1329 1335 sensibilis;
1362 1279 1419 1324 ut
1454 1285 1628 1340 neque
1660 1272 1802 1326 Deus
1826 1280 1945 1326 erat
1972 1271 1996 1325 ἰ]

2242 1291 2307 1326 τιν
2342 1274 2397 1325 ὲν
2432 1270 2581 1340 αὐτῷ
2601 1272 2846 1342 οὐδεμία.
2883 1270 2993 1324 Καὶ
3030 1270 3140 1342 γὰρ
3176 1273 3204 1324 6
3254 1269 3350 1340 μὲν
3383 1262 3504 1336 φῶς
3544 1264 3758 1335 ἀπρόσ·

481 1360 573 1430 qui
612 1368 698 1415 est
727 1375 893 1429 super
915 1362 1191 1415 universa.
1232 1359 1377 1415 Deus
1402 1363 1547 1416 enim
1583 1360 1671 1415 lux
1699 1370 1805 1427 est,
1832 1372 1888 1417 et
1917 1371 1997 1417 ten

2245 1383 2273 1418 ν
2296 1361 2384 1437 ἦν,
2408 1364 2482 1429 ὡς
2509 1367 2537 1417 6
2563 1365 2704 1428 θεῖος
2745 1364 3064 1426 Ἀπόστολος
3095 1361 3334 1415 διδάσκει
3355 1400 3369 1423 ,
3404 1358 3607 1425 λέγων’
3632 1355 3761 1418 Φῶς

478 1450 593 1506 brae
616 1467 721 1506 non
754 1460 879 1505 sunt
908 1451 961 1504 in
997 1465 1083 1505 eo.
1108 1450 1225 1504 Lux
1249 1459 1431 1505 autem
1467 1460 1550 1505 est
1572 1450 1876 1516 inaccessa,
1912 1466 1994 1520 qtn

2245 1458 2338 1511 εῶν
2380 1459 2729 1526 ἀπρόσιτον,
2787 1455 2858 1510 ὃν
2914 1454 3077 1510 εἶδεν
3123 1454 3356 1520 οὐδεὶς,
3418 1450 3550 1505 οὐδ’
3610 1444 3761 1502 ιδεῖν

477 1538 768 1613 Apostolus
805 1543 984 1609 docet,
1018 1542 1106 1596 ubi
1141 1545 1217 1596 ait
1248 1560 1261 1596 :
1292 1541 1484 1597 Lucem
1514 1544 1765 1598 habitans
1819 1545 1993 1599 ἔπασσε

2246 1566 2427 1603 ratae.
2475 1549 2525 1601 '0
2557 1548 2609 1601 δ’
2647 1549 2716 1601 ἐν
2752 1546 2833 1613 τῷ
2873 1546 3077 1616 κόσμῳ
3111 1542 3209 1616 ἦν,
3253 1541 3516 1613 φωτίζων
3556 1540 3762 1592 πάντα

477 1653 616 1701 sam,
643 1638 795 1706 quem
848 1650 996 1689 nemo
1025 1635 1173 1697 vidit,
1215 1635 1307 1689 sed
1349 1652 1440 1689 nec
1468 1647 1637 1703 potest
1664 1636 1838 1691 videre
1860 1636 1928 1693 ⁸¹.
1956 1636 1993 1689 1.

2245 1648 2475 1711 θρωπον
2502 1642 2827 1711 ἐρχόμενον
2872 1641 2959 1705 εὶς
2998 1639 3106 1691 τὸν
3147 1638 3398 1706 κόσμον.
3448 1632 3622 1687 Ἀλλὰ
3667 1632 3761 1684 καί

479 1734 655 1781 autem
685 1726 741 1779 in
774 1728 969 1781 mundo
1011 1734 1146 1791 erat,
1179 1726 1491 1781 illuminans
1549 1745 1750 1781 omnem
1794 1729 1995 1782 homine

2242 1704 2454 1805 κόσμος,
2490 1704 2656 1803 φῆἑὶιξ
2693 1730 2780 1784 διὰ
2824 1730 2977 1784 τοῦδε
3029 1728 3121 1782 τοῦ
3170 1704 3345 1797 φωτὸς
3375 1725 3569 1794 γέγονε
3593 1762 3611 1785 ,
3665 1721 3758 1774 τοῦ

479 1819 767 1873 venientem
823 1818 881 1871 in
932 1818 1209 1871 mundum.
1262 1817 1372 1873 Sed
1417 1826 1473 1873 et
1516 1820 1775 1885 mundus,
1822 1820 1920 1883 ait,
1962 1836 1995 1890 p

2244 1828 2499 1892 είττονος,
2540 1826 2741 1897 δηλαδὴ
2792 1824 2887 1877 τοῦ
2936 1821 3149 1894 Πατρὸς
3205 1818 3292 1873 διὰ
3343 1817 3438 1871 τοῦ
3507 1814 3650 1868 Υἱοῧ
3700 1812 3760 1866 τὸ

478 1910 624 1965 hanc
654 1909 831 1964 lucem
862 1908 1039 1964 factus
1070 1919 1226 1976 erat;
1269 1911 1549 1977 nimirum,
1577 1912 1719 1981 quod
1772 1926 1989 1981 suprem

2247 1938 2275 1974 ν
2309 1920 2717 1989 συνισταμένου.
2750 1918 2910 1989 Τρεῖς
2946 1916 3043 1986 μὲν
3072 1914 3135 1984 δὴ
3168 1905 3327 1967 αὗται
3359 1909 3502 1964 κατὰ
3527 1908 3589 1960 τὸ
3623 1905 3762 1961 αὐτὸ

478 2001 664 2065 Pater,
688 2016 785 2071 per
812 1992 1010 2057 Filium
1049 2006 1207 2056 suum
1251 2000 1505 2057 universa
1554 2004 1933 2058 constituerat.
1964 2006 1994 2057 Α

2244 2028 2273 2063 ν
2298 2008 2391 2063 τοῦ
2431 2008 2561 2061 Υἱοῦ
2600 2007 2692 2061 τοῦ
2725 2006 2858 2060 Θεοῦ
2891 2005 3003 2076 (84)
3041 2002 3352 2074 δυναμένων
3385 1998 3629 2070 εὔφημοι
3665 1996 3760 2049 καὶ

476 2107 586 2162 que
630 2094 702 2147 ita
756 2102 867 2149 tres
918 2093 1034 2148 istae
1088 2089 1503 2165 appellationes,
1550 2095 1605 2149 in
1659 2110 1825 2150 unum
1878 2095 1992 2151 locu

2242 2099 2405 2163 πεδεῖς
2456 2098 2747 2171 ὲπηγορίαι
2784 2097 2862 2169 τῷ
2917 2095 3152 2165 θεολόγῳ
3187 2094 3286 2164 τῆς
3318 2090 3545 2163 Γραφῆς
3592 2088 3758 2156 ἀρχο-

476 2190 751 2254 οοηεοειω
799 2197 831 2236 a
885 2182 1157 2253 theol0go,
1196 2181 1251 2237 in
1291 2184 1561 2253 principio
1605 2183 1911 2255 Scriptura:
1943 2202 1992 2242 sc

2240 2210 2314 2263 νῳ
2353 2190 2821 2264 παρελείφθησαν’
2852 2190 2881 2243 6
2913 2187 3106 2256 Λόγος,
3148 2184 3243 2238 καὶ
3288 2186 3317 2237 6
3360 2182 3516 2245 Θεὸς,
3551 2179 3656 2232 καὶ
3696 2178 3755 2229 te

475 2276 753 2347 leguntur,
780 2290 901 2345 quae
928 2275 1016 2344 pie
1042 2274 1262 2359 quidem
1298 2282 1354 2330 et
1385 2275 1506 2332 sine
1551 2276 1664 2331 ulla
1701 2277 1936 2359 oil'ensa,
1961 2295 2059 2348 po-
2166 2284 2299 2356 φῶς.

475 2374 733 2421 testatem
784 2364 1088 2436 insigniunt
1148 2358 1275 2420 Filii
1331 2365 1467 2433 Dei,
1517 2382 1716 2439 nempe
1782 2358 2055 2439 Verbum,

474 2457 621 2515 Deus
645 2466 811 2529 atque
840 2457 955 2515 lux.

544 2552 601 2607 ι.
642 2550 901 2620 Quartam
937 2552 1027 2607 his
1059 2551 1301 2607 annectit
1343 2552 1486 2608 idem
1521 2567 1588 2609 eo
1609 2552 1748 2621 loco,
1795 2555 2058 2628 Unigeni-

2237 2558 2297 2613 δ’.
2344 2556 2480 2629 Ἤδη
2550 2552 2607 2610 δὲ
2660 2556 2753 2609 καὶ
2820 2554 3087 2625 τετάρτην
3158 2551 3514 2625 ⁴[ἱεροσ-είθησιν
3563 2552 3595 2604 6
3651 2549 3753 2605 αὕ-

477 2659 591 2702 tmn
621 2648 896 2719 appellans
918 2646 1040 2703 istis
1060 2647 1321 2703 vocibus:
1344 2647 1414 2701 Et
1460 2647 1683 2704 Verbum
1705 2668 1829 2706 caro
1854 2653 1993 2721 facta

2234 2667 2275 2713 ς,
2310 2647 2592 2717 Μονογενῆ
2643 2647 2735 2699 τὸν
2788 2645 2950 2700 αὑτὸν
3003 2642 3313 2707 ἀποκαλῶν,
3354 2644 3413 2695 ὲν
3459 2636 3538 2704 οἷς
3579 2655 3750 2711 φησιν

485 2753 585 2808 est,
625 2753 675 2796 et
702 2740 952 2795 habitavit
980 2741 1036 2793 in
1065 2733 1214 2794 nobis
1242 2761 1255 2795 :
1290 2740 1359 2793 Et
1395 2741 1623 2797 vidimus
1649 2743 1872 2813 gloriam
1915 2747 2001 2816 eju

2238 2742 2274 2795 ιὶ
2334 2745 2366 2795 ό
2424 2742 2615 2809 Λόγος
2673 2738 2830 2807 σὰρξ
2900 2736 3168 2807 ἐγένετο,
3225 2736 3325 2789 καὶ
3393 2732 3754 2799 ἐσκήνωσε·

476 2837 704 2907 gloriam
741 2836 897 2905 quasi
932 2822 1199 2905 Unigeniti
1225 2851 1258 2887 a
1308 2833 1491 2901 Patre,
1520 2838 1733 2907 plenum
1771 2841 1962 2914 gratim

2232 2853 2234 2864 ν
2288 2832 2452 2903 ἡμῖν,
2525 2832 2623 2886 καὶ
2680 2828 3049 2899 ἐθεασάμεθα
3107 2828 3225 2896 τὴν
3290 2826 3480 2890 δόξαν
3532 2822 3748 2888 αὑτοῦ,

482 2929 720 2981 ueritatis
742 2926 812 2982 ⁸².
849 2924 926 2980 lta
955 2942 1171 2997 quoque
1198 2936 1252 2981 et
1282 2925 1601 2998 Unigenitus
1631 2932 1916 2987 dicebatur
1941 2932 1998 2988 ill

2234 2926 2355 2990 ’ξαν
2425 2926 2506 2991 ὡς
2567 2922 2948 2992 Μονογενοῦς
3024 2922 3187 2990 παρὰ
3260 2920 3521 2988 Πατρός,
3588 2917 3750 2983 πλή-

474 3022 788 3093 priusquam
857 3006 1261 3074 incarnaretur.
1315 3019 1452 3075 Nam
1518 3032 1795 3093 utcunque
1867 3034 1990 3080 nost

2232 3037 2276 3086 ις
2332 3016 2572 3087 χάριτος
2625 3015 2723 3068 καὶ
2774 3014 3080 3083 ἀληθείας.
3137 3012 3345 3066 Οὐκοῦν
3398 3011 3493 3064 καὶ
3542 3011 3573 3062 6
3632 3010 3748 3063 Μο-

474 3125 661 3174 causa,
686 3109 831 3178 quod
856 3110 932 3163 ait
964 3126 978 3162 :
1005 3107 1144 3162 Caro
1165 3110 1343 3179 factus
1365 3122 1439 3165 est
1465 3108 1667 3167 Sermo.
1696 3111 1989 3168 Nihilomin

2228 3110 2387 3182 γενὴς
2433 3108 2526 3163 τοῦ
2576 3105 2711 3161 Θεοῦ
2768 3108 2896 3178 πρὶν
2953 3105 2987 3176 ἢ
3034 3104 3133 3171 τὴν
3194 3105 3372 3175 σάρκα
3428 3100 3744 3157 ἀναλαϐεῖν.

474 3214 576 3255 nos
613 3199 715 3270 ipsi
769 3200 966 3270 quibus
1004 3200 1247 3256 revelare
1296 3206 1355 3265 ὦ
1404 3204 1655 3274 dignatus
1685 3214 1770 3259 est
1804 3204 1990 3261 divinit

2236 3201 2548 3274 ρημάτιζεν.
2594 3199 2659 3252 El
2717 3198 2826 3269 γὰρ
2880 3196 2977 3250 καὶ
3029 3196 3101 3250 τὰ
3161 3194 3429 3266 μάλιστα,
3476 3192 3644 3263 φησι,
3681 3192 3752 3244 δι’

476 3300 588 3349 tem
618 3307 795 3361 suam,
833 3295 1148 3363 neutiquam
1196 3295 1248 3350 in
1296 3309 1516 3350 carnem
1569 3297 1992 3366 respicientes,t

2236 3298 2327 3359 ἃς,
2360 3296 2388 3349 6
2422 3296 2613 3364 Λόγος
2635 3290 2792 3360 σὰρξ
2812 3289 3069 3359 ἐγένετο,
3106 3288 3220 3342 ἀλλ’
3252 3289 3403 3358 ὅμως
3447 3288 3638 3357 ἡμεῖς.
3668 3280 3752 3349 οἷς

475 3383 624 3438 enim
662 3398 791 3438 caro
831 3385 975 3439 servi
1032 3383 1227 3452 forma,
1261 3387 1354 3442 sed
1403 3387 1457 3440 in
1496 3386 1664 3457 ipsius
1709 3387 1939 3458 gloriam
1975 3390 1989 3444 i

2237 3387 2495 3458 τηξίωσεν
2526 3383 2858 3451 ἐνδείξασθαι
2883 3382 2981 3453 τὴν
3013 3381 3205 3435 ἑαυτοῦ
3243 3380 3473 3450 θεότητα
3495 3418 3510 3443 ,
3536 3378 3642 3431 οὐκ
3673 3380 3753 3441 εἰς

475 3485 715 3541 tuentes,
746 3492 866 3546 quae
912 3489 1070 3533 extra
1120 3479 1338 3548 quidem
1389 3493 1590 3548 corpus
1633 3494 1662 3533 a
1710 3491 1894 3535 mente
1924 3496 1989 3551 pu

2237 3498 2256 3532 ν
2280 3480 2458 3551 σάρκα
2492 3476 2824 3549 ἀφορῶντες,
2850 3475 2988 3545 αὕτη
3033 3472 3142 3545 γὰρ
3177 3472 3290 3541 (85)
3334 3470 3516 3543 μορφὴ
3559 3468 3753 3523 δούλου

474 3568 671 3624 visitur
714 3579 770 3623 et
806 3570 1087 3636 defaecata,
1132 3572 1365 3626 vidimus
1395 3571 1514 3641 ejus
1543 3571 1794 3642 gloriam,
1826 3572 1990 3641 gloria

2237 3612 2245 3636 ,
2281 3571 2394 3625 ἀλλ’
2420 3573 2500 3634 εἰς
2524 3570 2622 3641 τὴν
2651 3567 2809 3634 δόξαν
2838 3564 3003 3619 αὑτοῦ
3040 3564 3138 3639 τὴν
3168 3564 3327 3627 ὲκτδς
3367 3563 3463 3616 τοῦ
3497 3561 3753 3631 σώματος

474 3658 826 3728 ineffabilem,
855 3668 907 3715 et
961 3672 1181 3731 captum
1230 3660 1527 3730 quemlibet
1574 3661 1869 3717 humanum
1903 3671 1990 3716 tra

2259 3662 2483 3733 καθαρῷ
2511 3661 2915 3733 θεωρουμένην,
2951 3656 3296 3727 ἐθεασάμεθα
3328 3654 3427 3727 τὴν
3456 3655 3617 3722 δόξαν
3661 3656 3754 3708 αὑ-

473 3754 851 3818 scendentem,
880 3753 1094 3823 qualem
1132 3753 1390 3807 nimirum
1426 3753 1550 3822 quis
1600 3754 1884 3824 imaginari
1928 3769 1989 3808 ve

2236 3758 2273 3821 3,
2328 3756 2485 3820 δόξαν
2544 3754 2784 3827 ἄρρητον
2842 3752 2937 3805 καὶ
2987 3751 3166 3804 πάντα
3221 3748 3432 3817 θνητῶν
3491 3746 3752 3817 λογισμὸν

477 3845 713 3915 gloriam
769 3842 1045 3915 Unigeniti
1098 3845 1214 3899 Dei.
1274 3844 1405 3898 Erat
1453 3854 1637 3899 autem
1665 3861 1695 3900 a
1728 3847 1912 3913 Patre,
1949 3846 1993 3901 is

2233 3847 2611 3919 ἐρὸαίνουσαν,
2645 3846 2836 3899 ὁποίαν
2855 3847 2939 3908 τις
2958 3840 3415 3914 ἐννοήσειεδόξαν
3444 3838 3577 3892 Υἱοῦ
3610 3838 3749 3892 Θεοῦ

477 3938 675 4010 εῐοι-ἱιι.
712 3937 1119 3991 Animadvertis
1157 3952 1263 3994 non
1293 3936 1383 3992 hic
1405 3937 1534 4003 dici,
1563 3938 1794 3993 vidimus
1819 3938 1991 4008 gloria

2236 3940 2500 4011 νογενοῦς.
2542 3935 2651 3992 Ἦν
2688 3937 2744 3991 δὲ
2788 3936 2927 4009 αὕτη
2982 3935 3134 4007 παρὰ
3184 3933 3280 3988 τοῦ
3333 3933 3547 4004 natm
3598 3932 3752 3999 δόξα,

476 4030 615 4098 ejus,
653 4029 881 4101 gloriam
920 4028 1082 4083 veluti
1115 4027 1303 4095 Verbi,
1347 4045 1413 4084 ne
1454 4040 1565 4083 tum
1608 4046 1729 4086 cum
1758 4031 1968 4085 dixerat

2239 4035 2329 4105 ρᾴς
2354 4072 2369 4097 ,
2402 4034 2549 4095 ὅπως
2593 4031 2693 4084 οὐκ
2729 4025 2880 4096 εἷπε,
2915 4028 3008 4082 καὶ
3056 4024 3400 4096 ἐθεασάμεθα
3444 4024 3546 4095 τὴν
3592 4023 3755 4088 δόξαν

475 4120 947 4191 praecedentibus:
983 4120 1209 4176 Verbum
1272 4138 1397 4176 caro
1440 4123 1640 4191 factum
1683 4123 1805 4189 fuit,
1848 4124 1943 4177 sed

2238 4126 2340 4191 τοῦ,
2370 4124 2525 4189 δόξαν
2550 4122 2626 4186 ὡς
2655 4122 2851 4189 Λόγου,
2880 4119 3057 4173 καίτοι
3108 4114 3404 4189 προειπὼν,
3461 4115 3525 4168 '0
3556 4117 3754 4183 Adroc

476 4212 705 4282 intelligi
750 4222 931 4282 posset
963 4212 1263 4282 cujusmodi
1320 4211 1554 4267 Verbum
1590 4202 1681 4267 ille
1719 4225 1840 4266 eum
1887 4227 1991 4283 pon

2236 4215 2308 4284 ρε
2337 4213 2595 4283 ἐγένετο,
2624 4211 2737 4264 ἀλλ’
2768 4212 2853 4264 ἵνα
2869 4209 3057 4282 διδάξῃ
3092 4208 3274 4261 ὁποῖον
3304 4206 3467 4260 αὑτὸν
3506 4207 3752 4277 ὑπεστή-

478 4316 582 4371 ret,
631 4304 897 4378 (minime
935 4306 1153 4375 quidem
1208 4305 1562 4359 indicativum
1592 4320 1606 4357 :
1638 4319 1765 4359 nam
1812 4306 1994 4361 Verbu

2232 4327 2286 4362 το
2313 4309 2503 4377 Λόγοψ
2537 4306 2640 4378 (ὅτι
2672 4304 2745 4377 μὴ
2770 4305 3122 4378 σημαντικὸν,
3148 4305 3264 4368 πῶς
3284 4304 3393 4375 γάρ
3425 4304 3521 4356 καὶ
3550 4298 3663 4357 οἷόν
3692 4322 3748 4355 τε

476 4399 695 4470 quidem
735 4399 863 4465 tale,
894 4414 1024 4453 caro
1058 4396 1177 4452 lieri
1226 4396 1509 4468 nequibat)
1535 4397 1885 4467 Unigenitum
1914 4413 1992 4468 pr:

2246 4403 2338 4455 τὸν
2364 4401 2603 4455 τοιοῦτον
2628 4402 2806 4471 σάρκα
2840 4398 3091 4467 γενέσθαι
3114 4415 3128 4459 ;
3154 4396 3174 4467 )
3227 4396 3543 4465 ἀναγκαίως
3584 4397 3748 4449 Μονο-

476 4494 710 4558 dixerat,
741 4504 797 4547 et
843 4491 1068 4559 gloriam
1130 4490 1245 4559 ejus
1283 4489 1467 4556 talem,
1520 4491 1735 4561 qualem
1776 4484 1900 4546 Filii
1950 4488 1992 4545 D

2230 4495 2292 4566 νῆ
2351 4492 2512 4548 αὑτὸν
2563 4494 2812 4564 προεῖπε.
2854 4490 2965 4543 Καὶ
2996 4488 3094 4560 τὴν
3139 4486 3295 4553 δόξαν
3322 4487 3488 4541 αὑτοῦ
3542 4488 3746 4561 ταύτην

477 4586 743 4655 tmigeniti
792 4584 1023 4653 gloriam
1057 4582 1427 4652 intelligimus.
1458 4582 1524 4637 Et
1547 4582 1774 4653 gloriam
1820 4583 1893 4638 illi
1929 4598 1990 4638 ea

2227 4606 2301 4642 θαι
2326 4580 2601 4651 διδάσκει,
2651 4583 2771 4639 καθ’
2804 4584 2872 4654 ἢν
2908 4586 3106 4637 νοεῖται
3141 4580 3439 4653 μονογενὴς.
3476 4578 3577 4632 τοῦ
3611 4580 3743 4634 Θεοῦ

474 4690 503 4728 a
538 4673 699 4730 Patre
750 4690 962 4744 quoque
1016 4676 1173 4729 docet
1220 4682 1277 4726 et
1329 4690 1433 4730 non
1482 4674 1699 4729 aliunde
1745 4675 1990 4731 adveniss

2231 4680 2306 4744 ὁς.
2358 4678 2652 4749 Ὑπάρχειν
2678 4693 2737 4729 τε
2766 4674 2876 4746 (86)
2912 4673 3081 4745 αὐτῷ,
3111 4668 3288 4743 φησὶ,”
3310 4671 3409 4743 τὴν
3446 4670 3610 4737 δόξαν
3650 4672 3744 4725 οὐκ

473 4768 610 4823 Nam
653 4784 753 4825 nec
792 4770 1110 4840 ingenitam,
1153 4787 1253 4827 nec
1292 4771 1561 4841 principio
1611 4780 1906 4838 carentem,
1950 4790 1989 4828 nt

2227 4771 2382 4825 ,λοθεν
2410 4771 2443 4843 ἢ
2476 4769 2625 4843 παρὰ
2649 4766 2742 4821 τοῦ
2770 4765 2982 4838 Πατρός
3005 4778 3020 4793 ’
3049 4763 3110 4817 οὐ
3146 4763 3254 4834 γὰρ
3281 4761 3603 4832 ἀγέννητον,
3629 4762 3743 4815 οὺδῦ

471 4876 505 4915 ι
548 4876 608 4917 se
642 4876 969 4932 possessam,
1008 4873 1065 4917 et
1105 4879 1209 4917 non
1258 4863 1479 4917 aliunde
1524 4862 1753 4933 gloriam
1789 4863 1987 4917 habeba

2225 4882 2417 4937 apxov,
2446 4863 2566 4916 οὐδὲ
2602 4861 2897 4932 ἰδιόκτητον
2930 4853 3044 4929 εἶχε
3068 4857 3169 4927 τὴν
3193 4856 3350 4921 δόξαν
3368 4896 3383 4920 ,
3410 4854 3551 4909 ἀλλὰ
3602 4855 3741 4926 mp!

474 4956 571 5011 sed
599 4969 632 5008 a
659 4954 819 5010 Patre
865 4971 964 5011 suo
1015 4966 1295 5025 acceptam
1329 4974 1343 5010 :
1373 4954 1516 5025 quod
1576 4954 1736 5010 docet
1790 4957 1905 5026 ipse
1959 4955 1990 5010 il

2224 4956 2250 5009 ὗ
2308 4955 2519 5027 Πατρὸς
2552 4951 2730 5005 λαϐών
2784 4950 2914 5022 (87).
2969 4947 3038 5004 Ὀ
3066 4949 3128 5020 δὴ
3166 4948 3259 5002 καὶ
3298 4946 3463 5010 αὐτὸς
3502 4948 3740 5017 napis?!

476 5048 717 5118 quiens:
752 5046 936 5114 Pater,
974 5047 1213 5119 gloriﬁca
1249 5063 1329 5102 ma
1371 5047 1543 5117 gloria
1572 5045 1668 5101 illa
1713 5064 1869 5117 quam
1906 5065 1992 5117 apt

2222 5065 2349 5118 γων,
2368 5046 2581 5114 Πάτερ,
2617 5044 2885 5108 δόξασόν
2909 5059 2987 5111 με
3009 5039 3084 5119 τῇ
3116 5040 3288 5108 δόξῃ,
3310 5037 3394 5105 ἦν
3431 5034 3604 5105 εἶχον
3630 5034 3738 5105 ιρι

478 5151 531 5196 te
576 5142 762 5209 habui,
808 5152 930 5197 ante
983 5143 1406 5197 constitutionem
1450 5141 1605 5195 istius
1651 5142 1836 5195 mundi
1858 5141 1925 5206 ⁸³,
1952 5157 1994 5196 οι

2226 5141 2264 5196 ὗ
2295 5141 2403 5195 τὸν
2434 5140 2665 5209 κόσμον
2694 5138 2847 5191 εἶναι
2868 5134 3028 5205 παρὰ
3051 5134 3173 5189 σοι.
3209 5134 3305 5186 ὐν
3328 5130 3425 5185 καὶ
3457 5128 3738 5202 ἁμίὸεται

553 5309 612 5369 ›Ῑ‹
641 5303 741 5360 Ed.
784 5303 984 5374 Paris.,
1011 5321 1136 5379 pag.
1164 5306 1252 5363 85.
1326 5306 1371 5339 ’ί
1393 5308 1415 5363 ι
1440 5305 1583 5363 Tim.
1604 5323 1676 5374 v1,
1710 5306 1797 5366 16.
1874 5307 1919 5339 ⁶²
1943 5302 2069 5363 Joan

1326 5306 1371 5339 ’ί
1393 5308 1415 5363 ι
1440 5305 1583 5363 Tim.
1604 5323 1676 5374 v1,
1710 5306 1797 5366 16.
1874 5307 1919 5339 ⁶²
1943 5302 2098 5364 Joan.
2134 5304 2271 5371 1,14.
2348 5306 2395 5338 ⁸³
2419 5303 2579 5365 Joan.
2601 5318 2738 5372 xv",
2769 5302 2822 5358 5.

553 5461 800 5539 (δὲὶἮγ
824 5468 852 5520 ὁ
878 5467 1037 5539 “re:
1066 5468 1241 5539 vulso-

878 5467 1037 5539 ὶότος
1066 5468 1241 5539 vulgo.
2160 5470 2394 5528 λουσαν.’

549 5536 909 5610 (ξδ’)ᾼΜόνων
938 5534 1189 5610 ΜολΜυὶ
1222 5539 1379 5610 vulgo
1413 5540 1651 5597 διδάσκει
1684 5540 2013 5604 Δπόστολος.

2003 5581 2013 5596 .
2234 5540 2345 5610 (86)
2380 5542 2452 5593 ῐσ.
2486 5538 2633 5606 αὐτῷ
2664 5538 2745 5593 vel
2775 5534 2941 5592 αὑτοῦ
2981 5537 3113 5610 Μρ..
3134 5536 3519 5610 νιιΙεοαύςόν.

551 5548 685 5607 (ω’)
720 5548 909 5590 Μονων
938 5548 1043 5607 Mp.
1071 5548 1189 5593 Mox
1222 5548 1379 5610 vulgo
1413 5548 1651 5597 διδάσκει
1684 5548 2013 5604 Δπόστολος.

551 5604 668 5742 (84)
695 5607 796 5673 Μρ.
830 5608 903 5659 ῐσ.
939 5608 1239 5678 δυνάμεων.
1289 5610 1427 5693 infra
1454 5616 1607 5709 vti-l‘go
1650 5614 2040 5700 ἐχρημάτισεν.

577 5673 667 5742 85)
699 5674 869 5742 Vulgo
910 5694 1016 5735 om.
1063 5678 1176 5731 καί.
1211 5681 1355 5736 Iulra
1400 5681 1588 5742 θνηιον
1644 5684 1665 5735 >
1768 5681 2043 5742 υπερόάλ-

2256 5548 2345 5605 86)
2380 5548 2452 5593 ῐσ.
2486 5548 2633 5606 αὐτῷ
2664 5548 2745 5593 vel
2775 5548 2941 5592 αὑτοῦ
2982 5548 3113 5606 Μρ.,
3134 5548 3295 5606 vulgo
3327 5548 3520 5591 αὐτόν.

2229 5548 2342 5683 (87)
2374 5610 2544 5678 Vulgo
2569 5610 2675 5668 ὅδε.
2701 5619 2755 5663 et
2786 5627 2904 5663 mox
2938 5609 3088 5679 παρά
3116 5625 3209 5663 σου
3228 5605 3543 5680 οιδὲδόξασά
3569 5602 3731 5663 seu!

2233 5680 2398 5737 αὑτοῦ
2435 5683 2636 5742 πάντες
2665 5691 2719 5736 et
2746 5681 2934 5733 ἀκούει
2969 5679 3103 5733 Σαὸ.

577 5673 667 5744 85)
699 5674 869 5747 Vulgo
910 5694 1016 5735 om.
1063 5673 1176 5731 καί.
1211 5681 1355 5736 Iul'ra
1400 5673 1588 5751 θνητδν
1644 5673 1728 5735 )’“
1768 5673 2043 5752 θ’περόἁλ-

1586 5704 1588 5719 ι
1644 5673 1728 5735 )’“
1768 5673 2043 5752 θ’περόάλ-
2152 5691 2208 5739 et
2233 5673 2398 5737 αὑτοῦ
2435 5673 2636 5743 πάντες
2665 5691 2719 5736 et
2746 5681 2934 5733 ἀκούει
2969 5673 3102 5733 Σὰὃ.
