3838 6222
167 249 273 307 869

1121 245 1205 300 DE
1243 241 1777 301 ECCLESIASTICA
1816 239 2209 299 THEOLOGIA
2248 240 2382 299 LIB.
2421 240 2462 297 1.

3308 235 3413 292 870

168 364 345 432 λέγων
376 363 405 416 ὁ
436 361 647 434 Πατήρ·
685 361 795 416 Καὶ
827 359 1089 424 ἐδόξασα
1135 358 1234 413 καὶ
1262 357 1447 412 πάλιν
1483 357 1741 423 δοξάσω.

1859 359 2180 424 respondens
2220 355 2296 408 ait
2338 353 2502 409 Pater
2534 367 2550 406 :
2580 349 2648 405 Et
2680 351 2977 422 gloriﬁcavi
3020 359 3091 416 te,
3126 361 3172 405 et
3221 351 3409 406 iterum

168 458 282 511 Kal.
321 456 401 510 ἐτι
448 457 649 527 μᾶλλον
689 456 791 529 τὴν
840 454 1136 509 ὑπόστασιν
1181 452 1344 506 αὑτοῦ
1382 453 1692 522 συνίστησιν
1719 453 1747 504 ὁ

168 546 335 611 αὐτὸς
382 545 773 618 εὐαγγελιστὴς
804 546 1113 616 ἐπιφέρων,
1179 545 1430 615 Ἰωάννης
1478 544 1749 615 μαρτυρεῖ

166 638 299 709 περὶ
323 637 487 690 αὐτοῦ
514 637 608 690 καὶ
634 636 873 709 κέκραγε
912 636 1086 704 λέγων
1112 653 1126 667 ⁶
1155 631 1348 703 Οὗτος
1378 633 1458 707 ἦν
1487 640 1520 690 ό
1554 638 1746 689 ὀπίσω

166 742 285 793 μου
307 724 629 793 ἐρχόμενος
653 763 667 788 ,
697 724 766 791 ὃς
796 725 1135 794 ἔμπροσθέν
1168 741 1286 793 μου
1323 726 1568 795 γέγονεν
1588 765 1604 788 ,
1657 725 1746 779 ὅτι

168 815 399 885 πρῶτός
424 835 542 887 μου
582 815 683 891 ἦν,
718 818 809 871 ὅτι
858 818 928 872 ἐκ
973 817 1082 871 τοῦ
1129 814 1521 885 πληρώματος
1560 816 1745 870 αὑτοῦ

167 906 341 976 ἡμεῖς
369 908 594 976 πάντες
641 910 951 980 ἐλάϐομεν.
1006 908 1167 961 Ἀλλὰ
1217 907 1444 977 βοῶντος
1480 909 1745 967 Ἰωάννου,

169 1000 251 1051 ὅτι
278 999 496 1070 πρῶτος
538 997 606 1071 ἦν
643 1000 806 1054 αὑτοῦ
834 1038 849 1065 ,
874 1000 973 1053 οὐκ
1013 1000 1198 1053 ἀκούει
1238 1001 1267 1051 ὁ
1295 999 1411 1062 νέος
1439 998 1745 1061 Σαϐέλλιος,

170 1090 347 1145 καίτοι
374 1091 515 1144 κατὰ
535 1092 714 1163 σάρκα
733 1092 941 1163 προῆγε
986 1090 1080 1144 τοῦ
1108 1089 1324 1163 (88-89)
1362 1089 1459 1160 τὴν
1486 1092 1696 1158 γένεσιν
1719 1092 1748 1142 ὁ

170 1181 481 1252 Βαπτιστὴς
524 1182 793 1251 Ἰωάννης.
825 1180 950 1244 Πῶς
983 1174 1075 1233 οὖν
1097 1178 1453 1250 μαρτύρεται,
1488 1179 1572 1231 ὅτι
1597 1177 1744 1249 πρῶ-

166 1289 262 1338 τος
290 1272 452 1327 αὑτοῦ
486 1267 553 1344 ἦν
577 1276 674 1343 ;τῇ
700 1273 799 1342 μὲν
826 1272 935 1343 γὰρ
959 1272 1101 1327 κατὰ
1129 1273 1305 1343 σάρκα
1336 1272 1612 1340 γεννήσει,
1648 1268 1746 1322 οὐκ

166 1360 239 1437 ἦν
262 1365 477 1437 πρῶτος
503 1364 667 1418 αὑτοῦ
692 1354 719 1417 ό
742 1365 932 1435 Σωτήρ
956 1380 971 1395 ·
1006 1362 1205 1417 οὐκοῦν
1226 1362 1348 1416 καθ’
1381 1363 1410 1415 ὃ
1435 1360 1747 1432 Μονογενὴς

166 1450 239 1527 ἦν
266 1451 360 1507 τοῦ
381 1452 538 1518 Θεοῦ,
568 1452 781 1524 πρῶτος
809 1448 879 1524 ἦν
907 1451 1001 1505 τοῦ
1030 1452 1298 1511 Ἰωάννου.
1324 1451 1419 1504 καὶ
1441 1449 1746 1522 ἔμπροσθεν

169 1544 337 1598 αὑτοῦ
361 1545 602 1613 γέγονεν.
632 1539 759 1615 'Ap‘
780 1540 873 1597 οὖν
893 1544 1198 1614 ἐπιδέχεται
1212 1544 1385 1597 ταῦτα
1407 1543 1500 1595 ἐπὶ
1523 1541 1612 1595 τὸν
1636 1543 1749 1595 Πα·

168 1634 309 1707 τέρα
330 1636 423 1688 καὶ
436 1633 568 1689 Θεὸν
592 1634 698 1688 τῶν
717 1635 852 1688 ὅλων
887 1634 1271 1706 ἀναφέρεσθαι,
1301 1634 1334 1706 ἢ
1369 1634 1462 1687 ἐπὶ
1492 1631 1746 1711 ἀνούσιον

1847 447 2151 517 gloriﬁcabo
2170 446 2238 499 “.
2296 446 2401 501 Sed
2443 445 2621 499 adhuc
2659 443 2889 499 ulterius
2940 443 3272 513 evangelista
3323 443 3413 497 ille

1847 538 1989 592 idem
2017 537 2085 591 de
2113 534 2391 607 hyposiasi
2418 535 2590 605 ipsius
2614 534 2864 605 perhibet
2893 534 3285 600 testimonium,
3319 535 3410 588 ubi

1846 626 2079 683 Joannes
2127 628 2368 697 Baptista
2418 626 2783 681 testimonium
2815 625 2864 679 ei
2894 625 3187 694 perhibuit,
3210 635 3267 680 et
3296 626 3412 681 cla-

1848 722 2017 777 mavit
2047 722 2231 777 dicens
2264 720 2412 775 :Hic
2458 728 2571 773 erat
2614 720 2702 788 qui
2730 727 2844 787 post
2886 734 2967 771 me
3011 718 3243 782 ueniens,
3291 728 3412 770 ante

1847 833 1929 870 tne
1958 815 2130 885 factus
2161 824 2259 879 est,
2289 815 2413 884 quia
2446 815 2593 882 prior
2620 828 2701 865 me
2745 821 2880 875 erat,
2910 813 3035 881 quia
3077 813 3141 865 de
3183 812 3411 880 plenitu—

1847 913 1970 966 dine
1997 911 2110 982 ejus
2138 926 2312 964 omnes
2341 908 2632 976 accepimus
2648 908 2715 964 ⁸⁸.
2759 908 2865 963 Sed
2898 907 3220 961 clamantem
3243 903 3412 959 Joan~

1848 1019 1971 1059 nem
2001 1003 2144 1072 quod
2192 1003 2342 1071 prior
2379 1001 2498 1070 ipso
2537 997 2719 1064 fuerit,
2747 997 3015 1054 Sabellius
3074 1012 3181 1051 non
3239 997 3410 1060 audit,

1848 1109 2123 1166 utcunque
2163 1096 2230 1150 de
2261 1094 2614 1164 generatione
2651 1084 2790 1160 ap'nd
2824 1089 3038 1145 Patrem
3064 1088 3308 1158 Baptista
3332 1088 3415 1142 in-

1847 1191 2105 1245 stituebat
2160 1200 2484 1241 sermonem.
2536 1183 2818 1251 Quomodo
2862 1182 3025 1249 igitur
3068 1180 3116 1235 ei
3168 1179 3415 1234 testimo-

1847 1283 1994 1336 nium
2022 1280 2289 1348 perhibet,
2326 1277 2471 1347 quod
2500 1284 2626 1332 ante
2664 1275 2839 1344 ipsum
2884 1270 3045 1326 erat?
3071 1270 3238 1326 Certe
3266 1269 3411 1338 quod

1848 1380 2057 1441 spectat
2109 1369 2292 1424 carnis
2336 1367 2776 1439 generationem,
2816 1362 3077 1418 Servator
3136 1373 3245 1413 non
3292 1366 3416 1411 erat

1848 1472 1974 1516 ante
1995 1476 2116 1516 eum
2146 1475 2161 1512 :
2191 1461 2503 1515 necessario
2528 1458 2639 1511 vult
2676 1456 2971 1511 secundum
3000 1466 3144 1518 eam,
3174 1464 3279 1519 qua
3317 1448 3412 1502 Dei

1848 1553 2046 1607 dicitur
2081 1550 2420 1622 Unigenitus.
2464 1548 2770 1604 Secundum
2821 1546 2965 1601 hanc
3021 1548 3171 1612 prior
3208 1540 3415 1595 Joanne

1850 1636 1974 1702 fuit,
2006 1647 2062 1693 et
2088 1648 2215 1692 ante
2249 1652 2372 1691 eum
2434 1634 2784 1689 nascebatur.
2827 1630 3144 1685 Patieturne
3194 1628 3296 1680 ista
3346 1626 3414 1679 ad

171 1727 269 1780 καὶ
280 1725 647 1780 ἀνυπόστατον
663 1727 719 1778 ἐν
749 1724 829 1795 τῷ
857 1723 975 1794 Θεῷ
1012 1723 1181 1792 Λόγον
1193 1723 1282 1777 τὸν
1318 1721 1477 1775 αὑτὸν
1512 1722 1641 1775 ὄντα
1672 1710 1750 1791 τῷ

1859 1721 2061 1776 Patrem
2094 1730 2150 1776 et
2178 1721 2553 1775 universorum
2581 1717 2750 1771 Deum
2780 1714 2996 1778 referri,
3028 1728 3095 1766 an
3126 1712 3306 1780 potius
3341 1710 3411 1762 ad

170 1816 326 1890 Θεῷς
374 1819 486 1871 Καὶ
516 1817 632 1882 πῶς
669 1818 735 1872 ἂν
761 1817 847 1887 εἴη
869 1816 1089 1870 δυνατὸν
1118 1816 1247 1887 περ)⁵
1278 1815 1371 1869 τοῦ
1401 1813 1477 1885 μὴ
1508 1813 1750 1883 ὑφεστῶ-

172 1927 264 1974 τος
290 1909 450 1978 λόγου
466 1908 718 1978 λέγεσθαι
738 1909 818 1973 τὸ,
845 1904 1223 1978 Ἐμπροσθέν
1243 1924 1361 1975 μου
1382 1904 1589 1975 γέγονε
1612 1920 1630 1967 ;
1656 1904 1750 1966 Τίς

171 2000 221 2053 δ’
250 1999 394 2054 οὕτω
419 1999 633 2071 μανείη,
666 1999 742 2065 ὡς
796 1999 1014 2069 νομίσαι
1049 1996 1299 2067 Ἰωάννην
1330 1995 1421 2048 τὸν
1443 1995 1750 2065 Βαπτιστὴν

173 2091 414 2163 περὶτοῦ
430 2091 566 2145 Θεοῦ
582 2090 689 2145 τῶν
709 2090 844 2144 ὅλων
859 2088 1137 2161 εἰρηκέναι
1151 2088 1232 2152 τὸ,
1242 2089 1621 2157 Ἔμπροσθέν
1632 2103 1750 2156 μου

173 2182 384 2252 γέγονε
402 2222 418 2247 ,
449 2184 545 2236 καὶ
588 2184 673 2237 ὅτι
727 2181 955 2252 πρῶτός
976 2199 1096 2252 μου
1118 2177 1232 2251 ﬁt»;
1260 2178 1464 2232 Οὐκοῦν
1487 2178 1752 2232 δέδεικται

174 2274 263 2327 διὰ
305 2275 510 2328 τούτων
565 2274 932 2346 προῦπάρχων
977 2273 1078 2343 τῆς
1126 2271 1368 2325 Ἰωάννου
1420 2271 1695 2339 γενέσεως.
1724 2272 1753 2323 ό

176 2366 618 2438 θεολογούμενος,
652 2367 748 2419 καὶ⁵
804 2364 1109 2436 ἔμπροσθεν
1152 2361 1316 2418 αὐτοῦ
1360 2361 1597 2431 γεγονὼς
1641 2374 1653 2423 t
1662 2360 1752 2426 90)

178 2458 410 2530 συνέστη
432 2477 491 2513 τε
522 2460 583 2513 οὐ
621 2459 779 2530 μόνον
815 2458 985 2526 Λόγος
1004 2498 1019 2523 ,
1050 2456 1185 2510 ἀλλὰ
1220 2457 1312 2509 καὶ
1339 2454 1470 2518 Θεὸς
1494 2454 1586 2507 καὶ
1616 2452 1751 2521 φῶς,

171 2553 273 2606 καὶ
296 2551 626 2621 Μονογενὴς,
659 2550 765 2623 πρὸ
798 2550 896 2620 τῆς
936 2548 1201 2621 ἐνσάρκου
1243 2547 1542 2620 παρουσίας
1584 2545 1756 2618 ὑπάρ-

170 2662 290 2715 χων
318 2660 377 2697 τε
404 2644 499 2697 καὶ
523 2642 925 2714 ὠνομασμένος.
952 2641 1168 2696 Τούτων
1201 2639 1257 2693 δέ
1289 2638 1452 2692 πόθεν
1490 2637 1524 2699 ἡ
1557 2637 1754 2705 γνῶσις

170 2735 256 2807 τῷ
288 2735 666 2805 εὐαγγελιστῇ,
696 2733 856 2795 αὐτὸς
891 2731 1119 2803 δηλώσει
1142 2730 1313 2798 λέγων
1344 2727 1502 2798 ἑξῆς,
1532 2731 1561 2780 ό
1584 2728 1756 2782 Μονο-

171 2828 346 2898 γενὴς
378 2826 504 2890 Υἱὸς
537 2828 568 2881 ό
588 2825 663 2878 ὣν
695 2827 774 2888 εἰς
794 2825 885 2878 τὸν
912 2823 1111 2877 κόλπον
1134 2821 1227 2876 τοῦ
1254 2820 1467 2891 Πατρὸς
1486 2859 1502 2883 ,
1550 2820 1757 2880 ἐκεῖνος

171 2918 507 2990 ἐξηγήσατο.
561 2917 724 2988 Ὁρᾷς
774 2913 926 2986 παρὰ
976 2914 1119 2977 τινος
1163 2910 1446 2983 μεμάθηκε
1490 2908 1584 2962 τοῦ
1629 2908 1754 2961 Υξοῦ

173 3010 283 3081 τὴν
310 3009 605 3077 θεολογίαν.

1850 1814 2076 1889 νςτὺιιιιι
2122 1810 2549 1866 involuntarium
2588 1817 2643 1862 et
2680 1806 2977 1861 inexistens
3013 1804 3068 1858 in
3096 1803 3239 1867 Deo,
3272 1801 3415 1870 quod

1852 1921 1972 1960 cum
1990 1904 2099 1959 Deo
2129 1904 2267 1958 idem
2291 1901 2403 1957 sit?
2425 1900 2528 1955 Sed
2547 1900 2612 1954 de
2637 1898 2800 1953 verbo
2824 1914 2930 1953 non
2956 1894 3307 1958 subsistente,
3329 1904 3415 1946 est

1852 1992 2184 2065 impossibile
2205 2001 2267 2046 ut
2292 1991 2506 2046 dicatur
2545 1988 2678 2043 illud
2712 2004 2726 2040 :
2764 1987 2900 2041 Ante
2941 2001 3023 2040 me
3063 1983 3257 2053 fuerat.
3281 1982 3415 2049 Quis

1854 2089 1988 2140 adeo
2020 2086 2243 2139 insanus
2275 2092 2378 2146 est,
2410 2092 2469 2136 ut
2499 2080 2751 2149 opinetur
2775 2077 3074 2147 Baptistam
3109 2076 3174 2129 de
3194 2074 3413 2129 univer—

1855 2193 2036 2235 sorum
2080 2176 2192 2231 Deo
2244 2174 2432 2229 isthaec
2489 2185 2825 2239 usurpasse:
2855 2167 2990 2223 Erat
3028 2176 3148 2221 ante
3204 2181 3306 2229 me,
3360 2175 3418 2219 et

1853 2271 2000 2340 prius
2024 2284 2102 2322 me
2146 2267 2353 2337 genitus
2376 2274 2450 2319 est
2474 2264 2500 2317 ?
2536 2267 2593 2326 >14
2624 2262 2761 2315 llinc
2791 2260 2958 2331 igitur
2984 2259 3416 2314 demonstratum

1855 2372 1964 2427 est,
1995 2374 2118 2415 eum
2166 2359 2236 2413 de
2282 2356 2439 2423 cujus
2478 2352 2764 2408 divinitate
2795 2351 2996 2422 agitur,
3025 2356 3152 2403 ante
3177 2346 3415 2419 genitum

1854 2453 2116 2509 Joannem
2170 2447 2515 2506 substitisse:
2550 2453 2606 2500 et
2652 2444 2803 2514 prius
2841 2440 2932 2496 illo
2979 2440 3216 2511 genitum
3247 2436 3418 2493 exsti-

1858 2543 2037 2599 tisse:
2076 2539 2168 2611 qui
2219 2552 2325 2594 non
2364 2535 2535 2592 solum
2584 2535 2742 2588 modo
2795 2530 3058 2596 Verbum,
3113 2528 3210 2586 sed
3255 2529 3417 2591 Deus,

1858 2634 1975 2700 lux,
2006 2630 2350 2702 Unigenitus,
2381 2636 2508 2682 ante
2534 2626 2825 2680 adventum
2852 2622 2906 2676 in
2935 2634 3100 2676 carne
3125 2628 3180 2675 et
3222 2627 3339 2674 erat
3361 2626 3420 2672 et

1857 2725 2159 2780 dicebatur.
2221 2720 2375 2777 Unde
2431 2732 2563 2773 vero
2614 2717 2730 2771 hac
2778 2712 3019 2783 cognitio
3074 2709 3421 2779 evangelista;

1858 2813 2303 2882 accesserit,ipse
2322 2827 2420 2867 nos
2446 2808 2659 2866 docebit
2685 2806 2738 2861 in
2762 2802 3140 2873 sequentibus,
3161 2798 3422 2869 Unigeni-

1859 2913 1946 2959 tus
1984 2902 2176 2968 Filius,
2219 2902 2312 2972 qui
2342 2910 2461 2956 erat
2500 2900 2552 2953 in
2592 2898 2711 2953 sinu
2747 2894 2951 2957 Patris,
2976 2894 3091 2961 ipse
3117 2889 3417 2946 enarravit.

1862 2994 2023 3049 Vides
2047 2993 2206 3048 Verbi
2239 2990 2538 3047 divinitatis
2576 2987 2813 3043 rationes
2840 2983 2979 3039 unde
3001 2980 3210 3036 didicit.

251 3100 315 3153 ε’.
344 3103 419 3155 Οὐ
446 3063 552 3171 γὰρ
585 3100 788 3169 Μωσῆς
812 3113 974 3167 φησιν
999 3094 1133 3167 (91),
1181 3094 1302 3147 οὐδὲ
1342 3092 1634 3165 προφητῶν
1676 3110 1756 3156 τις

1929 3085 1981 3141 5.
2022 3084 2140 3140 Non
2187 3082 2398 3154 Moyses
2445 3082 2541 3147 ait,
2577 3079 2670 3135 sed
2714 3091 2817 3132 nec
2855 3072 3235 3145 prophetarum
3275 3069 3426 3141 quis-

173 3190 292 3244 τῶν
323 3190 460 3260 μετὰ
485 3188 689 3243 Μωσέα
708 3204 722 3218 ·
752 3185 873 3239 οὑδέ
897 3201 961 3253 γε
981 3183 1227 3253 ἀγγέλων
1251 3200 1354 3246 τις,
1383 3182 1417 3252 ἢ
1444 3181 1550 3235 τῶν
1584 3198 1763 3252 κρειτ-

175 3280 354 3334 τόνων
399 3278 682 3348 δυνάμεων
701 3315 715 3340 ,
747 3274 860 3329 ἀλλ’
883 3274 1043 3337 αὐτὸς
1076 3274 1104 3326 ὁ
1154 3273 1444 3344 μονογενὴς
1471 3271 1596 3334 Υἱὸς
1621 3271 1760 3324 τοῦτ’

175 3371 506 3441 ἐξηγήσατο.
532 3367 739 3422 Οὐκοῦν
780 3369 810 3421 ό
849 3367 946 3438 μὲν
987 3366 1214 3437 ἀόρατος
1254 3363 1385 3427 Θεὸς
1428 3362 1525 3417 οὐκ
1569 3362 1764 3433 ἐξηγή-

181 3480 356 3527 σατο,
392 3464 421 3516 ὁ
465 3461 523 3514 δὲ
572 3458 864 3530 μονογενὴς
903 3457 1029 3520 Υἱὸς
1075 3454 1268 3527 ὁρατὸς
1302 3453 1621 3524 γενόμενος,
1666 3453 1763 3523 τὴν

180 3554 321 3626 περὶ
340 3552 432 3606 τοῦ
461 3552 674 3623 Πατρός
704 3548 1009 3623 ἀνθρώποις
1035 3548 1293 3617 ἐξήγησιν
1322 3536 1630 3615 ἐποιήσατο,
1659 3544 1766 3596 ἐτε-

183 3669 284 3725 ρος
327 3649 402 3704 ὢν
443 3647 643 3720 δηλαδὴ
689 3645 839 3718 παρὰ
866 3645 955 3698 τὸν
1007 3644 1237 3713 ἀόρατον
1289 3640 1421 3695 Θεόν
1441 3658 1454 3671 ⁸
1496 3638 1634 3694 ἀλλὰ
1671 3639 1764 3692 καὶ

184 3742 559 3815 πῳῦπὰρχων
586 3736 678 3810 ἦν,
712 3739 814 3791 οὐκ
857 3738 914 3790 ἐν
940 3738 1007 3807 τῇ
1055 3734 1261 3805 διανοίᾳ
1292 3730 1382 3785 τοῦ
1410 3730 1622 3803 Πατρὸς
1642 3768 1657 3793 ,
1691 3730 1765 3793 ὡς

184 3832 368 3884 ἐδόκει
394 3828 718 3900 Μαρκέλλῳ,
750 3826 864 3881 ἀλλ’
889 3828 945 3879 ἐν
975 3827 1087 3888 τοῖς
1110 3822 1327 3886 κόλποις
1362 3819 1552 3885 αὑτοῦ,
1578 3818 1766 3890 ὥσπερ

187 3923 310 3993 (92)
335 3922 399 3993 δὴ
426 3923 558 3991 ἡμῖν
587 3918 915 3990 ἐπήγγελται
936 3918 967 3971 6
998 3914 1188 3987 Σωτὴρ
1211 3914 1290 3978 εἰς
1309 3912 1541 3975 κόλπους
1572 3910 1766 3981 Ἀϐρα-

186 4016 275 4085 ὰμ
303 4015 398 4067 καὶ
433 4011 618 4066 Ἰσαὰκ
644 4011 735 4064 καὶ
771 4006 963 4063 Ἰακὼὸ
991 4002 1484 4064 διαναπαύσασθαι.
1509 4000 1652 4055 οὕτω
1673 4001 1766 4054 καὶ

185 4111 219 4161 ὁ
254 4107 384 4168 Υἱὸς
411 4108 489 4168 εἰς
509 4104 599 4157 τὸν
628 4103 824 4157 κόλπον
851 4095 919 4171 ἦν
948 4097 1042 4151 τοῦ
1068 4098 1280 4168 Πατρὸς
1302 4136 1318 4162 ,
1347 4096 1445 4165 οὐχ
1490 4091 1572 4157 εἷς
1616 4093 1710 4149 καὶ
1738 4093 1767 4145 ὁ

187 4197 357 4260 αὐτὸς
397 4195 473 4250 ὢν
498 4195 575 4265 τῷ
613 4195 806 4264 Πατρὶ,
836 4190 958 4242 ἐπεὶ
991 4188 1124 4259 μηδὲ
1153 4189 1313 4259 ἡμεῖς
1338 4185 1492 4239 αὐτοὶ
1532 4182 1767 4255 ἐσόμεθα

188 4292 310 4352 τοῖς
334 4288 508 4357 ἁγίοις
548 4286 837 4355 πατράσιν.
882 4280 1043 4333 Ἀλλὰ
1068 4279 1175 4350 γὰρ
1201 4278 1295 4331 ἐπὶ
1332 4276 1544 4340 τούτοις
1589 4276 1764 4346 τήρει,

1860 3178 2006 3249 piam
2037 3183 2161 3247 post
2200 3173 2438 3245 Moysem
2464 3185 2479 3225 :
2503 3185 2608 3227 non
2639 3184 2671 3223 e
2714 3179 2939 3223 numero
2967 3161 3304 3233 angelorum,
3331 3170 3426 3214 aut

1863 3268 2174 3326 sublimium
2203 3264 2400 3335 aliquis
2425 3270 2752 3334 potestatum
2784 3276 2799 3312 :
2824 3257 2918 3313 sed
2958 3256 3073 3325 ipse
3099 3252 3269 3309 Filius
3295 3252 3423 3306 uni-

1861 3361 2099 3430 genitus,
2139 3359 2243 3414 hoc
2277 3355 2591 3412 enarrabat.
2646 3349 2971 3420 Unigenitus
3005 3345 3197 3408 Filius,
3243 3343 3425 3399 factus

1861 3449 2114 3513 visibilis,
2150 3449 2548 3503 enarrationem
2592 3443 2658 3498 de
2694 3440 2855 3495 Patre
2884 3437 3027 3508 apud
3070 3436 3316 3491 homines
3339 3436 3426 3489 in-

1863 3543 2122 3598 stituebat
2145 3540 2311 3603 alius,
2334 3550 2525 3606 nempe
2548 3535 2846 3609 exsistens,
2885 3530 2954 3585 ab
2980 3526 3236 3583 invisibili
3274 3525 3421 3580 Deo:

1863 3632 1957 3687 sed
1981 3642 2036 3687 et
2064 3627 2480 3698 praeexsistebat
2512 3624 2603 3679 ille
2637 3638 2769 3687 non,
2797 3620 2940 3690 quod
2968 3616 3220 3672 Marcello
3250 3615 3426 3669 visum

1863 3730 1966 3786 est,
2006 3721 2059 3775 in
2108 3704 2291 3775 mente
2328 3716 2542 3781 Patris;
2567 3714 2661 3769 sed
2704 3713 2758 3767 in
2803 3713 2926 3766 sinu
2966 3707 3123 3777 ejus:
3155 3705 3426 3777 quomodo

1865 3810 2115 3878 promisit
2167 3808 2425 3864 Servator
2480 3805 2656 3870 nobis,
2712 3817 2812 3857 nos
2862 3801 2916 3855 in
2956 3800 3080 3855 sinu
3125 3798 3424 3861 Abraham,

1865 3901 2034 3968 Isaac,
2066 3908 2120 3955 et
2149 3890 2318 3955 Jacob
2354 3896 2634 3968 quieturos
2666 3909 2681 3950 :
2714 3894 2789 3948 ita
2822 3901 2878 3948 et
2920 3890 3036 3960 ipse
3070 3896 3193 3943 erat
3223 3886 3276 3941 in
3303 3886 3425 3942 sinu

1865 3993 2064 4059 Patris,
2090 4006 2199 4047 non
2225 4005 2366 4045 unus
2402 3988 2652 4056 idemque
2677 4000 2797 4041 cum
2827 3997 2926 4040 suo
2950 3981 3132 4035 Patre.
3159 3977 3290 4032 Nam
3328 3992 3427 4032 nec

1867 4100 1966 4140 nos
1994 4083 2161 4139 futuri
2194 4095 2385 4137 sumus
2412 4080 2575 4135 iidem
2608 4092 2730 4132 cum
2771 4074 2975 4131 sanctis
3018 4072 3124 4127 illis
3160 4070 3424 4141 patribus.

1866 4177 1974 4233 Sed
2004 4185 2061 4232 et
2100 4175 2230 4231 illud
2274 4174 2496 4243 insuper
2526 4167 2923 4226 observandum
2955 4165 3122 4229 venit,
3164 4161 3308 4233 quod
3339 4160 3429 4215 ubi

1866 4269 2033 4326 semel
2047 4267 2278 4323 Verbum
2297 4265 2696 4325 nominaverat,
2724 4257 2970 4315 eumdem
2996 4256 3160 4311 etiam
3184 4261 3239 4308 et
3263 4253 3430 4307 Deum

189 4342 346 4443 ὅπως
519 4379 578 4432 τὸ
592 4342 738 4440 ἆπιαξ
757 4373 1017 4445 ὀνομάσαι
1035 4342 1205 4439 Λόγον
1229 4368 1322 4423 καὶ
1337 4367 1466 4421 Θεὸν
1489 4367 1579 4421 τὸν
1605 4342 1756 4421 abso»

1868 4370 1922 4416 et
1949 4359 2123 4415 lucem
2160 4357 2318 4421 dixit,
2341 4364 2397 4411 et
2424 4354 2766 4423 Uuigenitum
2798 4346 3106 4419 appellavit,
3141 4353 3198 4399 et
3235 4342 3429 4397 Filium

190 4474 463 4535 ἀνειπεῖν,
495 4470 589 4524 καὶ
613 4469 725 4538 φῶς
748 4463 1112 4526 ἀποκαλέσαι,
1143 4460 1239 4514 καὶ
1269 4458 1545 4528 Μονογενῆ
1574 4457 1761 4528 φάναι,

193 4566 295 4620 καὶ
320 4564 445 4617 rev
471 4560 603 4615 Θεοῦ
646 4557 1005 4631 ὁμολογῆσαι,
1036 4557 1135 4610 οὐκ
1173 4554 1251 4607 ἔτι
1280 4551 1451 4619 Λόγον
1488 4549 1763 4621 ὀνομάζει,

193 4657 337 4713 ἀλλὰ
368 4656 462 4709 καὶ
491 4652 653 4706 αὐτὸν
680 4649 864 4704 λοιπὸν
902 4649 1103 4719 ἱστορεῖ
1150 4646 1240 4700 τὸν
1272 4644 1535 4714 Σωτῆρα,
1570 4641 1629 4695 οὐ
1660 4640 1764 4693 Λό-

194 4766 296 4819 γον
325 4746 516 4800 ἐαυτὸν
538 4741 913 4798 ἀποκαλοῦντα
936 4778 951 4802 ,
997 4738 1133 4793 ἀλλὰ
1166 4738 1293 4791 Υιὸν
1322 4737 1417 4789 καὶ
1464 4731 1763 4802 Μονογενῆ,

195 4841 294 4896 καὶ
326 4838 459 4907 φῶς,
494 4837 586 4891 καὶ
611 4834 754 4905 ζωὴν
777 4872 793 4899 ,
836 4832 930 4884 καὶ⁸
955 4829 1244 4900 ἀλήθειαν,
1278 4827 1373 4880 καὶ
1394 4824 1531 4880 ἄλλα
1567 4822 1766 4894 μυρία·

192 4934 389 5002 ὥσπερ
412 4927 505 4984 οὖν
527 4928 758 4983 ἀκοῦσαι
789 4926 1050 4999 πάρεστιν
1070 4920 1235 4977 αὐτοῦ
1260 4913 1361 4974 ὧδέ
1388 4934 1466 4989 πη
1488 4915 1768 4968 διδάσκον-

193 5039 291 5085 τος
313 5039 329 5053 °
360 5001 527 5073 οὕτω
546 5017 654 5088 γὰρ
680 5014 995 5084 ἠγάπησεν
1009 5015 1040 5067 ό
1060 5008 1202 5077 Θεὸς
1224 5008 1331 5064 τὸν
1342 5007 1592 5076 κόσμον,
1613 5001 1768 5056 ὥστε

194 5115 312 5169 τὸν
356 5110 491 5166 my
513 5107 695 5163 αὑτοῦ
736 5105 841 5160 τὸν
860 5100 1158 5174 μονογενῆ
1196 5099 1419 5154 ἔδωκεν
1442 5135 1456 5159 ,
1490 5095 1593 5148 ἵνα
1650 5088 1769 5157 πᾶς

1869 4451 1963 4507 Dei
1993 4449 2300 4505 conﬁtetur.
2334 4444 2445 4501 Nec
2501 4444 2755 4513 deinceps
2789 4440 2939 4495 illum
2987 4436 3223 4491 Verbum
3270 4447 3430 4487 usur-

1868 4556 1982 4616 pat,
2013 4543 2109 4599 sed
2136 4550 2191 4598 et
2221 4539 2563 4594 Servatorem
2589 4538 2996 4593 commemorat,
3016 4528 3234 4595 insuper
3258 4523 3431 4592 ipsum

1873 4612 1931 4689 se
1961 4630 2230 4690 dicentem
2270 4642 2379 4683 non
2406 4626 2664 4689 Verbum,
2698 4622 2793 4676 sed
2832 4618 3027 4673 Filium
3071 4612 3430 4682 unigenitum,

1872 4724 2069 4791 lucem,
2103 4721 2292 4785 vitam,
2334 4716 2643 4779 veritatem,
2674 4720 2732 4767 et
2757 4715 3014 4765 sexcenta
3048 4706 3266 4776 quidem
3301 4703 3429 4757 alia.

1868 4816 2133 4872 Nimirum
2162 4812 2351 4868 audire
2378 4811 2505 4865 licet
2537 4808 2712 4878 ipsum
2752 4804 2832 4859 sic
2864 4803 3148 4857 docentem
3177 4814 3195 4852 :
3226 4796 3315 4852 Sic
3351 4797 3435 4849 di-

1870 4906 1999 4959 lexit
2043 4903 2185 4958 Deus
2228 4902 2502 4963 mundum,
2549 4906 2605 4950 ut
2646 4892 2849 4946 Filium
2896 4906 3051 4944 suum
3111 4886 3435 4956 unigenitum

1873 5003 2045 5061 daret,
2074 5004 2131 5049 ut
2157 4994 2325 5047 omnis
2353 4991 2443 5062 qui
2474 4988 2646 5042 credet
2693 4987 2748 5039 in
2780 4999 2897 5037 eum
2934 4997 3036 5034 non
3068 4990 3243 5047 pereat
3268 4978 3334 5030 ⁸⁸.
3370 4977 3436 5030 Et

1875 5090 2108 5145 iterum:
2138 5076 2323 5156 Neque
2366 5086 2503 5139 enim
2548 5082 2691 5136 misit
2750 5078 2891 5134 Deut
2945 5074 3145 5129 Filium
3196 5088 3347 5126 suum
3381 5071 3437 5124 in

277 5300 343 5362 >14
366 5292 469 5349 Ed.
489 5289 689 5357 Parim,
717 5302 841 5360 pag.
865 5283 956 5341 86.
1028 5282 1075 5315 ³⁸
1106 5280 1263 5338 Joan.
1293 5293 1391 5343 xu,
1417 5274 1509 5330 28.
1564 5272 1609 5305 ⁸⁸
1634 5270 1787 5328 Joan.
1822 5282 1862 5336 ι,
1894 5266 1981 5333 l5,
2016 5266 2099 5321 ιϐ.
2174 5265 2219 5297 ⁸⁸
2249 5261 2405 5319 Joan.
2436 5278 2520 5327 Ill,
2548 5260 2634 5315 16.

278 5533 498 5607 (88-89)
526 5530 692 5601 Vulgo
714 5528 921 5607 πατρός
942 5534 996 5583 et
1026 5523 1161 5581 infra
1184 5518 1398 5591 πρῶτος
1430 5513 1593 5571 αὑτοῦ
1614 5507 1682 5585 ἦν
1717 5521 1774 5568 et

196 5601 300 5664 ἐπὶ)
324 5601 575 5661 ἀκούσιον
600 5613 654 5657 et
674 5601 918 5671 νομίσας.

275 5654 757 5747 ζοῦῖὲύνέξπὲήκεὺ
784 5670 844 5723 οὐ
877 5654 1037 5739 vulgo
1067 5675 1121 5721 et
1148 5664 1241 5720 τοῦ
1273 5660 1403 5717 Υἱοῦ
1432 5654 1734 5735 θεολογίαν.

1946 5498 2393 5576 (9l__’A.1.1f_oi:6s
2435 5494 2759 5576 προφητῶν
2813 5490 3076 5576 maliaco
3115 5494 3199 5545 est
3228 5499 3355 5545 vera
3375 5483 3439 5541 le

1879 5561 2003 5632 ctio.
2032 5561 2525 5642 M.i-_-,(Ego_codd.
2546 5561 2765 5624 secutus
2790 5580 2907 5622 sum
2935 5561 2955 5633 )

1948 5643 2059 5717 (με)
2099 5639 2375 5711 νυιιξοίδέ.
