3838 6222
401 251 500 307 871

1146 233 1419 300 EUSEBII
1455 235 1936 298 CESARIENSIS
1972 235 2125 298 OPP.
2168 231 2351 294 PARS
2384 230 2474 294 IV.
2512 265 2580 276 —
2617 232 3038 292 DOGMATICA.

3564 238 3674 293 872

403 365 684 428 mundum,
722 370 780 414 ut
801 359 1002 429 judicet
1038 358 1296 411 mundum
1314 356 1381 410 ⁸’.
1424 355 1487 409 Et
1517 357 1678 408 tertio
1705 372 1717 407 :
1747 354 1852 420 Qui
1880 370 1982 407 non

2095 353 2120 404 ό
2176 351 2480 405 πιστεύων
2519 352 2607 417 εις
2636 348 2826 404 αὑτὸν
2859 349 2948 420 μὴ
2967 348 3284 417 ἀπόληται.
3315 349 3430 403 Καὶ
3461 350 3668 404 πάλιν·

401 455 594 516 credit,
617 453 734 520 jam
765 450 1042 518 judicatus
1089 457 1187 511 est,
1221 447 1346 516 quia
1377 461 1482 498 non
1512 445 1683 497 credit
1708 445 1762 497 in
1793 459 1982 496 nomen

2095 445 2162 499 Ίύ
2211 443 2323 514 γὰρ
2381 442 2744 498 ἀπέστειλεν
2789 443 2824 495 ό
2885 441 3031 507 Θεὸς
3080 440 3190 494 τὸν
3243 440 3381 495 Υἱὸν
3423 443 3516 507 είς
3564 441 3676 495 τὸν

402 542 662 615 unigeniti
714 538 846 594 Filii
877 537 971 593 Dei
995 538 1061 590 ⁸⁸.
1095 535 1174 592 lta
1212 537 1316 591 hoc
1345 535 1398 588 in
1426 534 1540 588 loco
1572 533 1767 587 iterum
1795 547 1812 586 :
1840 531 1982 586 Deus

2083 537 2336 605 κόσμον,
2369 535 2472 590 ἵνα
2498 535 2672 604 κρίνῃ
2693 533 2801 587 τὸν
2829 536 3080 602 κόσμον.
3119 534 3230 587 Καὶ
3261 529 3419 596 αὖθις
3440 553 3456 569 ο
3501 535 3558 586 Ὁ
3607 534 3678 587 δὲ

403 635 548 716 dedit
579 641 626 686 et
645 631 784 684 misit
811 627 1235 693 Filium,mundi
1258 624 1632 687 Seruatorem;
1662 634 1716 678 et
1739 623 1830 693 qui
1867 625 1984 678 mit-

2095 628 2165 697 μὴ
2201 628 2505 681 πιστεύων
2550 624 2668 696 ἤδη
2698 623 2984 694 κέκριται,
3019 623 3110 678 ὅτι
3156 627 3229 678 οὐ
3263 627 3677 679 πεπίστευκεν

406 728 642 791 tebatur,
666 731 786 779 erat
814 723 1037 778 omnino
1057 721 1194 776 alius
1218 737 1248 774 a
1270 721 1536 774 mittente.
1567 716 1830 784 Quocirca
1852 717 1982 771 mihi

404 818 623 872 videtur
645 815 903 871 Servator
919 814 972 868 in
997 812 1369 881 sequentibus,
1398 820 1654 881 tanquam
1673 807 1983 864 Marcellum

405 917 463 965 et
503 917 731 965 caeteros
759 908 853 976 qui
911 915 1119 960 naturae
1139 903 1257 959 Filii
1304 903 1563 969 invident,
1607 902 1986 974 pronuntiasse

406 1003 553 1075 quod
579 1003 837 1072 scriptum
859 1009 940 1055 est
965 1017 976 1054 :
995 997 1183 1053 Nonne
1206 1001 1260 1054 in
1285 999 1391 1067 leqe
1415 1010 1583 1053 uestra
1603 999 1854 1065 scriptum
1874 1006 1982 1051 est:

415 1102 477 1162 »Β
513 1095 625 1166 Ego
670 1095 804 1160 dixi,
838 1094 911 1146 dii
948 1094 1090 1146 estis.
1136 1090 1241 1146 Eos
1285 1093 1423 1145 dixit
1465 1091 1610 1153 deos,
1647 1091 1714 1143 ad
1743 1106 1872 1159 quos
1903 1089 1987 1158 fa-

410 1200 552 1244 ctum
572 1197 648 1242 est
672 1188 880 1241 uerbum
906 1185 1001 1238 Dei
1020 1199 1213 1253 :neque
1236 1184 1421 1252 poterit
1447 1182 1661 1236 dissolui
1685 1179 1984 1250 Scriptura.

411 1279 578 1346 Quem
623 1277 786 1331 Pater
819 1274 1190 1342 sanctiﬁcavit,
1224 1285 1271 1328 et
1320 1276 1375 1326 in
1419 1275 1671 1327 mundum
1706 1273 1868 1336 misit,
1896 1289 1988 1326 vos

409 1372 585 1425 dicitis
613 1385 632 1424 :
657 1371 808 1434 Quod
837 1367 1185 1436 blasphemas,
1215 1364 1460 1435 quoniam
1487 1365 1622 1430 dixi,
1643 1364 1779 1433 quod
1812 1361 1988 1417 Filius

411 1464 508 1518 Dei
535 1479 650 1517 sum
670 1461 738 1515 ⁸⁸.
765 1461 1001 1514 Audisne
1041 1459 1128 1512 hic
1175 1457 1385 1527 quoties
1423 1471 1483 1510 se
1515 1455 1770 1510 Servator
1817 1455 1990 1509 nomi-

411 1564 505 1610 net
542 1568 652 1608 non
688 1549 944 1614 Verbum,
973 1549 1066 1602 sed
1106 1546 1302 1600 Filium
1349 1554 1404 1598 et
1433 1543 1778 1614 Unigenitum
1809 1560 1822 1596 :
1855 1560 1989 1611 qua-

411 1645 537 1700 liter
584 1656 707 1698 sese
743 1656 773 1694 a
807 1639 968 1694 Patre
1022 1637 1246 1691 missum
1292 1635 1482 1690 doceat
1520 1652 1534 1688 :
1567 1643 1621 1687 et
1676 1633 1987 1702 priusquam

411 1739 740 1800 mitteretur,
782 1730 1177 1787 sanctiﬁcatum
1211 1745 1226 1795 ;
1276 1737 1366 1793 et,
1387 1725 1866 1796 quemadmodum,
1895 1739 1990 1778 eos

411 1827 502 1898 qui
535 1831 828 1897 gravantur
850 1819 1094 1876 conﬁteri
1125 1820 1302 1890 ipsum
1333 1816 1526 1872 Filium
1553 1830 1672 1872 esse
1695 1815 1812 1879 Dei,
1839 1830 1991 1888 ave;-

411 1927 578 1983 setur,
606 1932 638 1972 e
667 1915 863 1970 divinis
895 1912 1194 1980 Scripturis
1228 1909 1448 1973 docens,
1477 1908 1620 1977 quod
1651 1921 1756 1961 non
1783 1914 1989 1960 tantum

415 2009 510 2063 lilii
547 2007 662 2072 Dei,
716 2006 813 2061 sed
845 2005 1007 2058 etiam
1043 2003 1114 2056 dii
1158 2000 1414 2055 mortales
1441 1999 1688 2054 homines
1717 1997 1990 2076 appellen-

417 2109 508 2156 tur
539 2117 554 2154 :
587 2108 645 2154 ut
685 2099 905 2152 minime
940 2095 1257 2162 blaspheme
1284 2093 1487 2146 dictum
1515 2092 1800 2155 habeatur,
1823 2090 1993 2143 conli-

419 2191 523 2247 teri
555 2189 706 2245 illum
730 2186 914 2250 simul,
938 2196 994 2240 et
1022 2183 1115 2240 Dei
1141 2182 1360 2247 Filium,
1388 2192 1444 2236 et
1479 2181 1672 2244 Deum,
1709 2193 1868 2249 quem
1892 2177 1994 2233 Pa-

414 2293 504 2340 ter
537 2277 896 2336 sanctiﬁcavit
924 2285 978 2330 et
1007 2277 1058 2330 in
1098 2275 1354 2329 mundum
1379 2272 1547 2327 misit.
1579 2271 1716 2337 Quid
1747 2285 1878 2340 ergo
1905 2269 1992 2323 ille

413 2373 747 2445 patiebatur,
775 2370 865 2440 qui
894 2377 1016 2439 post
1047 2367 1208 2421 hasce
1239 2379 1398 2419 voces
1419 2379 1582 2420 ausus
1618 2371 1702 2418 est
1726 2363 1990 2416 exsertim

414 2465 618 2531 dicere,
643 2462 882 2518 Verbum
908 2474 1030 2514 esse
1055 2457 1228 2523 illum,
1247 2470 1350 2511 nec
1379 2466 1638 2527 praeterea
1663 2454 1988 2526 quidquam:

415 2563 580 2622 atque
617 2552 686 2608 ob
713 2566 832 2608 eam
869 2565 1089 2605 causam
1131 2549 1204 2602 ita
1251 2547 1479 2602 totidem
1516 2547 1698 2601 verbis
1729 2546 1989 2609 scribere,

415 2643 509 2716 [Β.
535 2643 705 2700 XXIV
743 2641 866 2698 coll.
909 2658 962 2712 p.
993 2639 1085 2712 42]
1119 2657 1140 2692 ι
1177 2637 1298 2694 Non
1337 2639 1578 2694 nominat
1619 2653 1742 2692 eum
1776 2636 1868 2693 Dei
1902 2636 1994 2691 Fi-

420 2750 444 2787 ι
487 2733 620 2789 lium
657 2749 673 2788 :
701 2735 795 2788 sed
817 2731 1013 2802 ubique
1028 2730 1223 2785 Filium
1248 2730 1479 2784 hominis
1507 2730 1695 2798 seipse
1726 2728 1991 2798 appellat,

421 2843 442 2878 ι
487 2825 654 2881 utsic
685 2840 781 2894 per
811 2822 1116 2879 istiusmodi
1141 2820 1862 2883 confessionem,hominem
1895 2837 1994 2875 na-

420 2937 442 2972 s
487 2917 734 2974 turaliter
752 2918 1124 2981 exsistentem,
1159 2914 1254 2970 Dei
1297 2914 1492 2970 Filium
1533 2912 1731 2969 factum
1772 2928 1998 2984 persua-

2083 724 2171 788 είς
2211 720 2279 774 τό
2307 719 2497 789 ὄνομα
2544 717 2654 773 τοῦ
2723 716 3097 787 μονογενοῦς
3147 709 3283 771 Υίοῦ
3333 716 3442 770 τοῦ
3496 717 3672 770 Θεοῦ.

2084 813 2196 866 Καὶ
2253 810 2488 865 ἐνταῦθα
2549 809 2744 864 πάλιν’
2807 807 2872 862 '0
2935 808 3054 878 μὲν
3105 807 3252 874 Θεὸς
3292 807 3500 861 ἐδίδου
3567 807 3672 861 καὶ

2084 905 2425 961 ἀπέστελλε
2467 902 2575 958 τὸν
2610 901 2747 957 Υἱὸν
2788 900 3030 970 Σωτῆρα
3075 899 3183 954 τοῦ
3226 899 3461 969 κόσμου
3483 939 3499 963 ,
3545 900 3577 952 6
3616 899 3678 954 δὲ

2085 998 2441 1052 ἀπεστέλλετο
2503 995 2691 1068 ’ἕτερος
2752 995 2828 1048 ὢν
2890 993 3090 1066 δηλαδὴ
3164 991 3316 1065 παρὰ
3383 994 3478 1047 τὸν
3535 995 3677 1050 d170-

2086 1093 2394 1148 στέλλοντα.
2444 1091 2537 1144 Διό
2580 1107 2670 1162 μοι
2725 1090 2874 1144 δοκεῖ
2923 1089 3011 1142 διὰ
3066 1087 3174 1141 τῶν
3211 1087 3375 1157 ἑξῆς,
3415 1086 3494 1150 ὡς
3532 1087 3676 1159 πρὸς

2085 1180 2248 1238 αὐτὸν
2280 1181 2597 1254 Μάρκελλον
2627 1181 2715 1234 καὶ
2744 1178 2882 1252 πρὸς
2905 1182 3030 1244 τοὺς
3063 1179 3552 1250 διαφθονουμένους
3605 1183 3675 1250 τῇ

2085 1274 2180 1328 τοῦ
2207 1273 2338 1326 Υἱοῦ
2369 1273 2528 1342 φύσει
2566 1271 2984 1342 ἀναγεγράφθαι
3025 1272 3188 1339 αὐτὸς
3222 1274 3251 1325 6
3279 1273 3471 1342 Σωτὴρ
3512 1273 3677 1342 ἡμῶν

2087 1364 2325 1436 εἰρηκώς
2343 1383 2357 1395 ·
2394 1367 2517 1418 Οὐκ
2553 1364 2686 1418 ἔστι
2713 1362 3119 1434 γεγραμμένον
3148 1364 3218 1416 ἐν
3249 1362 3330 1430 τῷ
3351 1365 3548 1432 νόμῳ,
3586 1362 3680 1417 ὅτι

2087 1458 2202 1527 ἐγὼ
2218 1453 2375 1512 εἶπαο
2406 1457 2539 1511 Θεοί
2567 1457 2706 1510 ἐστε
2725 1472 2740 1524 ;
2777 1458 2843 1509 Et
2864 1455 3134 1521 ἐκείνους
3152 1449 3280 1508 εἷπε
3302 1455 3498 1520 θεοὺς,
3520 1456 3681 1524 πρὸς

2090 1548 2199 1614 οὓς
2221 1551 2255 1602 ό
2287 1550 2469 1618 λόγος
2492 1547 2730 1617 ἐγένετο
2749 1547 2856 1602 τοῦ
2879 1548 3049 1602 Θεοῦ·
3078 1547 3176 1601 καὶ
3200 1548 3272 1601 οὐ
3294 1546 3545 1600 δύναται
3564 1550 3683 1601 λυ-

2092 1638 2266 1708 θῆναι
2289 1641 2326 1707 ἠ
2351 1639 2584 1709 Πραφή.
2603 1642 2708 1694 Ὃν
2727 1641 2761 1693 ό
2781 1638 2984 1708 Πατὴρ
3005 1639 3241 1709 ἠγίασε,
3269 1637 3368 1692 καὶ
3391 1638 3676 1692 ἀπέστει-

2089 1734 2199 1785 λεν
2215 1734 2300 1797 εἰς
2317 1731 2424 1785 τὸν
2442 1732 2692 1801 κόσμον,
2715 1731 2884 1801 ὑμεῖς
2902 1731 3127 1801 λέγετε,
3153 1731 3241 1785 ὅτι
3258 1731 3680 1800 βλασφημεῖς,

2092 1823 2180 1876 ὅτι
2201 1819 2392 1888 εἷπον,
2416 1823 2546 1887 Υἱὸς
2578 1823 2684 1876 τοῦ
2717 1821 2867 1876 Θεοῦ
2908 1825 3045 1892 ειμι.
3071 1817 3314 1886 Ἀκούεις
3339 1822 3533 1884 ὁσάκις
3558 1819 3683 1892 (95)

2091 1915 2251 1978 αὐτὸς
2265 1918 2292 1968 6
2307 1915 2495 1986 Σωτὴρ
2511 1915 2705 1968 ἑαυτὸν
2724 1916 2784 1968 οὐ
2797 1915 2989 1984 Λόγον,
3003 1914 3140 1968 άλλά
3155 1913 3284 1967 Υἱὸν
3298 1915 3572 1984 ὠνόμασε,
3588 1914 3685 1966 καὶ

2090 2007 2368 2078 Μονογενῆ
2405 2010 2722 2079 προσεῖπεν·
2740 2009 2888 2070 ὅπως
2917 2006 2974 2059 δὲ
2997 2007 3332 2061 ἀπεστάλθαι
3353 2006 3569 2066 ἑαυτὸν,
3587 2005 3686 2056 καὶ

2091 2096 2348 2168 ὴγιάσθαι
2378 2098 2483 2169 πρὸ
2509 2098 2604 2152 τοῦ
2627 2097 2997 2170 ἀποσταλῆναι
3031 2095 3136 2150 ὑπὸ
3163 2097 3256 2151 τοῦ
3275 2096 3487 2168 [ἰατρὸς
3503 2097 3683 2150 estad-

2095 2205 2214 2252 σκε,
2251 2189 2344 2243 καὶ
2359 2190 2435 2253 ὼς
2455 2190 2582 2254 τοὺς
2599 2189 2890 2253 ὀκνοῦντας
2915 2191 3044 2244 Υίὸν
3069 2191 3231 2244 αὑτὸν
3255 2190 3538 2268 ὁμολογεῖν
3583 2190 3684 2244 τοῦ

2093 2279 2228 2334 Θεοῦ
2249 2281 2507 2348 δυσωπεῖ,
2537 2281 2804 2335 διδάσκων
2830 2284 2893 2335 ἐκ
2917 2284 3015 2354 τῆς
3042 2283 3192 2347 θείας
3231 2283 3454 2354 Γραφῆς
3472 2321 3489 2346 ,
3511 2283 3589 2345 ὡς
3618 2284 3682 2335 οὐ

2097 2374 2256 2443 μόνον
2273 2373 2381 2426 υἱοὶ
2397 2372 2554 2438 Θεοῦ,
2569 2371 2707 2426 ἀλλὰ
2721 2373 2814 2426 καὶ
2834 2371 2946 2426 θεοὶ
2973 2373 3156 2444 Θνητοὶ
3169 2373 3266 2446 τὴν
3297 2373 3458 2443 φύσιν
3484 2375 3684 2446 ἄνδρες

2093 2471 2402 2544 ἐκλήθησαν
2421 2489 2436 2503 ο
2467 2471 2548 2526 διὸ
2569 2473 2644 2544 μὴ
2686 2473 2885 2544 χρῆναι
2914 2471 3154 2543 νομίζειν
3194 2470 3514 2541 βλάσφημον
3537 2467 3686 2524 εἶναι

2093 2564 2155 2617 τὸ
2205 2565 2300 2618 καὶ
2340 2564 2470 2618 Υἱὸν
2515 2564 2651 2618 Θεοῦ
2699 2565 2795 2619 καὶ
2829 2563 2962 2617 Θεὸν
3001 2564 3284 2634 ὁμολογεῖν
3323 2563 3382 2615 ὃν
3421 2564 3452 2614 6
3485 2563 3684 2633 Πατὴρ

2095 2656 2291 2725 ήγίασε
2317 2657 2411 2710 κα)⁵
2438 2657 2754 2710 ἀπέστειλεν
2780 2657 2859 2722 εἰς
2885 2655 2978 2710 τὸν
3021 2655 3245 2725 κόσμον.
3285 2653 3348 2706 Τί
3382 2649 3476 2706 οῦν
3509 2654 3688 2723 ἐχρῆν

2095 2748 2288 2802 παθεῖν
2337 2748 2428 2802 τὸν
2475 2749 2612 2820 μετά
2659 2747 2759 2812 τὰς
2791 2747 3059 2811 τοσαύτας
3106 2746 3290 2815 φωνάς
3325 2745 3684 2816 τολμήσαντα

2097 2837 2286 2908 φάναι,
2305 2836 2415 2908 (94)
2434 2855 2453 2888 t
2487 2837 2609 2892 ὅλον
2631 2833 2769 2891 εἶναι
2799 2837 2983 2902 αὐτὸν,
3001 2837 3096 2890 καὶ
3125 2835 3276 2888 οὐδὲν
3297 2835 3504 2905 ἕτερον,
3534 2853 3554 2886 ι
3590 2836 3687 2888 αύ-

2096 2929 2301 2996 τολεξεί
2333 2947 2394 2983 τε
2419 2929 2698 3001 εἰρηκότα,
2735 2949 2754 2981 ι
2785 2931 2879 2984 καὶ
2905 2929 2994 2984 διὰ
3017 2929 3206 2990 τοῦτο,
3235 2929 3333 2998 οὐχ
3364 2929 3493 2982 Υίὺν
3537 2927 3684 2981 Θεοῦ

423 3031 444 3066 ι
491 3014 636 3080 deat,
679 3027 778 3082 per
821 3009 1126 3078 huiusmodi
1158 3025 1279 3064 cum
1310 3008 1418 3063 Deo
1461 3005 1918 3061 communionem.
1961 3023 1982 3058 ι

2105 3039 2124 3074 t
2157 3021 2318 3075 αὑτὸν
2336 3017 2610 3090 ὀνομάζει,
2632 3019 2766 3073 ἀλλά
2791 3019 3067 3090 πανταχοῦ
3094 3019 3220 3072 Υίὸν
3246 3016 3533 3090 ἀνθρώπου
3560 3019 3687 3069 ἑαυο

416 3102 546 3161 Haec
574 3119 697 3159 cum
755 3101 1007 3157 dicantur
1053 3115 1083 3154 a
1119 3099 1396 3164 Marcello,
1452 3097 1622 3153 miror
1662 3111 1762 3166 ego
1797 3097 1993 3166 quibus

2102 3132 2122 3165 ι
2154 3113 2244 3166 τὸν
2275 3111 2442 3180 λέγει,
2479 3112 2568 3166 ἵνα
2599 3111 2688 3164 διὰ
2715 3111 2815 3181 τῆς
2841 3110 3092 3182 τοιαύτης
3121 3109 3408 3181 ὁμολογίας
3440 3108 3554 3180 (95)
3592 3108 3687 3162 θέ-

417 3197 590 3254 oculis
644 3205 843 3252 contra
901 3192 1082 3260 tueri,
1141 3192 1338 3261 quibus
1380 3189 1585 3244 labellis
1625 3190 1997 3244 contradicere

418 3299 501 3345 tot
532 3290 729 3344 audeat
769 3285 1112 3342 testimoniis.
1141 3283 1280 3350 Quin
1325 3291 1381 3336 et
1418 3281 1612 3336 ducem
1663 3295 1784 3336 esse
1824 3281 1996 3350 ipsum

417 3394 478 3435 se
500 3377 760 3434 Servator
804 3376 881 3430 ait
907 3383 1270 3444 congruenter
1299 3372 1366 3428 iis
1403 3387 1524 3442 qua:
1568 3375 1633 3427 de
1693 3372 1812 3428 luce
1872 3381 2000 3426 sunt

418 3469 698 3540 praedicta,
722 3466 859 3540 Ego,
896 3467 1169 3538 inquiens,
1203 3483 1318 3520 sum
1346 3466 1442 3520 lux
1480 3464 1664 3520 mundi
1681 3466 1750 3520 °°.
1798 3467 1864 3521 Et
1898 3469 1999 3521 ite-

417 3574 538 3615 rum
569 3575 584 3612 :
615 3557 727 3628 Ego
757 3575 874 3611 sum
905 3556 1019 3622 lux,
1049 3566 1097 3610 et
1125 3557 1404 3620 veritas,et
1432 3556 1538 3610 vita
1557 3555 1625 3609 “.
1647 3555 1712 3610 Et
1739 3555 1952 3611 demum
1976 3570 1995 3610 ε

420 3650 537 3706 Luat
573 3650 710 3705 venit
739 3650 796 3704 in
825 3650 1100 3713 mundum,
1140 3660 1188 3703 et
1219 3650 1515 3702 dilexerunt
1547 3647 1782 3703 homines
1831 3651 2000 3720 magis

419 3742 659 3799 tenebras
681 3758 838 3814 quam
866 3742 1035 3796 lucem
1059 3743 1126 3795 ⁸³.
1145 3739 1296 3808 Quod
1322 3741 1369 3795 si
1401 3741 1525 3810 quis
1547 3741 1867 3812 interroget,
1897 3759 2000 3796 un-

420 3837 488 3888 de
539 3833 783 3898 advenit,
830 3831 1179 3902 respondebit
1230 3831 1276 3885 is
1313 3831 1404 3901 qui
1451 3831 1635 3896 dixit,
1671 3830 1773 3896 Qui
1812 3833 2001 3885 desur-

423 3939 539 3978 sum
581 3923 713 3978 venit
762 3937 918 3992 super
968 3938 1146 3975 omnes
1187 3933 1260 3975 est
1291 3921 1360 3988 ⁸³,
1395 3932 1450 3975 et
1487 3920 1590 3986 Qui
1629 3922 1693 3975 de
1743 3921 1870 3976 caelo
1913 3939 2002 3977 ue-

425 4014 524 4080 nit,
548 4012 688 4082 quod
723 4012 870 4073 vidit,
895 4021 943 4064 et
970 4012 1189 4078 audivit,
1233 4014 1564 4080 testificatur.
1591 4013 1636 4044 ”
1667 4013 1799 4080 Quis
1821 4024 2002 4068 autem

425 4112 545 4160 erat
563 4104 652 4157 ille
685 4105 776 4174 qui
808 4103 873 4158 de
904 4101 1042 4157 coelo
1071 4103 1268 4157 venit?
1311 4101 1447 4157 Num
1496 4119 1601 4158 non
1643 4119 1771 4159 caro
1791 4144 1806 4168 ,
1842 4119 2004 4172 quam

428 4196 722 4264 assumpsit
765 4193 1072 4250 Servator?
1128 4193 1515 4264 Nequaquam,
1563 4197 1656 4250 sed
1701 4185 1814 4265 ipse
1867 4203 2005 4260 erat,

427 4299 620 4356 nempe
646 4286 734 4340 lux
755 4286 1192 4356 Verbum,atque
1219 4287 1378 4350 Deus,
1406 4285 1729 4357 Unigenitus
1764 4279 2002 4343 existens

2103 3221 2122 3256 ι
2153 3219 2236 3256 σει
2279 3202 2370 3255 τὸν
2401 3199 2688 3272 άνθρωπον
2708 3241 2725 3266 ,
2753 3200 2843 3255 διὰ
2891 3201 2991 3273 τῆς
3019 3199 3157 3270 πρὸς
3182 3199 3343 3264 αὑτὸν
3372 3199 3686 3261 κοινωνίας,

2103 3313 2122 3346 ι
2149 3292 2281 3355 Υξὸν
2325 3291 2462 3345 Θεοῦ
2507 3290 2763 3360 γενέσθαι
2813 3290 3231 3363 παρασκευάσῃ.
3266 3306 3288 3341 s
3338 3288 3525 3342 Ταῦτα
3572 3288 3690 3358 γὰρ

2095 3383 2415 3458 Μάρκελλος
2455 3381 2626 3436 εἰπὼν
2648 3421 2662 3446 ,
2691 3382 2791 3435 οὐκ
2831 3378 2926 3435 οἷδ’
2957 3381 3106 3445 ὅπως
3135 3380 3341 3443 ὁποίοις
3380 3378 3690 3450 ὀφθαλμοῖς

2095 3470 2208 3538 οἶός
2237 3490 2298 3526 τε
2336 3469 2404 3545 ἦν
2431 3472 2802 3537 ἀντιϐλέπειν,
2834 3471 2868 3542 ἢ
2905 3471 3077 3534 ποίοις
3123 3470 3358 3540 χείλεσιν
3387 3470 3688 3538 ἀντιφθέγ-

2096 3565 2310 3635 γεσθαι,
2335 3566 2458 3627 ταῖς
2485 3561 2778 3626 τοσαύταις
2812 3562 3160 3633 μαρτυρίαις.
3202 3562 3312 3614 Καὶ
3345 3560 3463 3630 φῶς
3495 3559 3554 3612 δὲ
3583 3561 3686 3614 αὑ-

2096 3659 2188 3712 τὸν
2217 3653 2355 3710 εἶναι
2373 3657 2404 3708 ὁ
2431 3655 2620 3728 Σωτὴρ
2647 3655 2908 3726 παρίστη,
2936 3653 3243 3726 συμφώνως
3273 3656 3389 3717 τοῖς
3419 3653 3550 3722 περὶ
3588 3653 3688 3706 τοῦ

2099 3747 2276 3816 φωτὸς
2305 3744 2721 3816 προαποδοθεῖσι
2747 3785 2761 3808 ,
2787 3743 2960 3812 λέγων
2979 3783 2996 3808 ,
3013 3742 3159 3812 Ἐγώ
3188 3745 3304 3812 ειμι
3335 3741 3404 3795 τὸ
3431 3741 3560 3812 φῶς
3577 3742 3690 3797 τοῦ

2099 3840 2350 3908 κόσμου.
2374 3837 2484 3890 Καὶ
2497 3835 2681 3890 πάλιν·
2698 3834 2839 3906 Ἐγώ
2856 3838 2972 3905 εἰμι
2989 3835 3054 3888 τὸ
3072 3832 3216 3905 φῶς,
3235 3835 3334 3888 καὶ
3352 3835 3392 3903 ἠ
3407 3833 3688 3901 ἀλήθεια,

2101 3931 2199 3984 καὶ
2221 3933 2258 3999 ἠ
2277 3928 2410 3999 ζωή.
2433 3929 2540 3984 Καὶ
2566 3924 2722 3991 αὖθις
2739 3943 2753 3957 °
2774 3927 2896 3982 Ὅτι
2915 3927 2983 3981 τὸ
3002 3925 3130 3997 φῶς
3149 3926 3452 3993 ἐλήλυθεν
3474 3928 3565 3994 είς
3581 3926 3694 3979 τὸν

2102 4022 2351 4089 κόσμον,
2395 4018 2494 4073 καὶ
2533 4019 2862 4089 ἠγάπησαν
2906 4021 2962 4071 οἱ
3001 4017 3298 4085 ἄνθρωποι
3325 4015 3576 4086 μᾶλλον
3619 4018 3694 4070 τὸ

2103 4110 2324 4174 σκότος
2353 4111 2392 4177 ἣ
2418 4107 2485 4162 τὸ
2508 4109 2653 4178 φῶς.
2686 4109 2796 4162 Καὶ
2827 4107 2882 4161 εῐ
2903 4107 2969 4176 γέ
2999 4125 3084 4171 τις
3110 4107 3317 4178 ἔροιτο,
3355 4107 3524 4160 πόθεν
3556 4106 3692 4177 ἐλή-

2105 4201 2284 4266 λυθεν,
2319 4203 2696 4273 ἀποκρινεῖται
2716 4203 2745 4254 ὁ
2777 4201 2967 4266 εἰπὼν,
3012 4201 3066 4254 Ὁ
3097 4202 3317 4256 ἀνωθεν
3333 4201 3692 4270 ἐρχόμενος,

2107 4294 2305 4348 ἐπάνω
2337 4293 2579 4348 πάντων
2596 4294 2796 4358 ἐστὶν,
2827 4296 2941 4359 καὶ,
2987 4295 3052 4348 '0
3077 4295 3146 4348 ἐκ
3174 4294 3281 4348 τοῦ
3298 4294 3565 4366 adparat";
3597 4296 3693 4364 ἑρ-

426 4386 483 4433 et
511 4377 702 4434 Filius.
743 4378 792 4434 ls
817 4377 906 4432 illa
937 4379 1120 4434 omnia
1154 4393 1273 4449 quae
1297 4379 1449 4445 vidit,
1477 4390 1532 4434 et
1558 4379 1783 4446 audivit,
1810 4381 1993 4435 testitla

2100 4388 2373 4457 χόμενος,
2411 4387 2444 4441 ὃ
2477 4387 2699 4456 ἑώρακε
2729 4386 2830 4440 καὶ
2857 4387 3118 4456 ἤκουσε,
3143 4389 3453 4458 μαρτιιρεῖ.
3500 4393 3603 4457 Τίς
3642 4394 3693 4445 δ’

427 4478 603 4526 catur.
635 4472 717 4526 An
746 4471 952 4525 audivit
975 4471 1088 4525 haec
1111 4480 1164 4524 et
1199 4471 1502 4536 vidit,-cum
1536 4471 1588 4525 in
1630 4473 1790 4527 ter-ris
1817 4488 1999 4527 versa-

427 4562 626 4617 retur?
657 4561 793 4626 Non,
819 4563 913 4618 sed
945 4563 1114 4634 prius.
1153 4563 1223 4616 At
1257 4578 1504 4632 quaenam
1541 4563 1630 4618 illa
1675 4575 1853 4632 erant,
1879 4581 1999 4635 quae

428 4663 485 4706 et
507 4653 660 4719 vidit,
686 4654 788 4708 nisi
818 4653 980 4710 Pater
1008 4655 1031 4709 ἱ)
1065 4655 1237 4721 Quem
1287 4654 1376 4709 ille
1406 4656 1633 4723 audivit,
1674 4666 1871 4726 praeter
1898 4657 2002 4711 Pa-

431 4743 604 4798 trem?
633 4745 782 4800 Adeo
804 4755 983 4800 autem
1005 4747 1360 4817 semetipsum
1385 4745 1622 4802 Verbum
1659 4763 2002 4818 nequaquam

429 4835 847 4906 signiﬁcativum
871 4853 991 4894 esse
1015 4839 1293 4909 professus
1324 4848 1429 4906 est,
1464 4847 1522 4904 >14
1549 4842 1642 4895 sed
1657 4839 1853 4896 Filium
1878 4855 2002 4897 vere

430 4929 612 4983 vivum
669 4941 725 4984 et
771 4931 1196 5003 subsistentem,
1231 4945 1289 4992 ut
1334 4937 1408 4991 ita
1445 4935 1609 4991 fuerit
1652 4935 1999 5006 prolocutus,

432 5019 594 5074 Pater
610 5021 780 5093 diligit
810 5020 1033 5092 Filium,
1049 5035 1099 5079 et
1130 5028 1307 5082 omnia
1331 5027 1548 5081 tradidit
1570 5028 1627 5080 in
1652 5043 1812 5080 manu
1841 5031 1953 5096 ejus
1977 5045 1992 5082 ι

430 5112 520 5181 qui
548 5114 710 5167 credit
745 5115 799 5168 in
832 5111 1057 5182 Filium,
1085 5119 1243 5171 vitam
1277 5120 1432 5174 habet
1469 5127 1724 5174 teternam
1762 5119 1833 5171 ".
1861 5120 1998 5174 Cre-

2099 4475 2167 4551 ἦν
2195 4481 2224 4532 ὁ
2255 4479 2544 4550 ἐρχόμενος
2566 4481 2631 4532 ἐκ
2649 4477 2744 4531 τοῦ
2768 4479 2995 4550 οὐρανοῦ
3019 4495 3035 4545 ;
3067 4481 3218 4550 Μήτι
3241 4498 3306 4550 γε
3349 4483 3383 4553 ἡ
3421 4483 3588 4555 σάρξ,
3620 4487 3694 4557 ἢν

2101 4571 2388 4642 ἀνείληφεν
2411 4575 2440 4624 ὁ
2469 4571 2660 4642 Σωτήρ
2687 4586 2701 4635 ;
2733 4569 3020 4642 Οὐδαμῶς,
3057 4571 3175 4624 ἀλλ’
3210 4573 3375 4637 αὐτὸς
3414 4575 3691 4646 δηλονότι,

2098 4664 2159 4717 τὸ
2183 4663 2316 4733 φῶς,
2350 4663 2446 4716 καὶ
2473 4665 2500 4716 ὁ
2536 4663 2708 4731 Λόγος
2730 4702 2745 4727 ,
2778 4664 2871 4716 καὶ
2900 4665 2928 4717 ὁ
2957 4663 3089 4727 Θεὸς
3111 4705 3126 4729 ,
3154 4666 3249 4719 καὶ
3283 4667 3312 4719 6
3343 4668 3690 4743 Μονογενὴς,

2100 4755 2197 4810 καὶ
2230 4757 2258 4808 6
2292 4755 2441 4820 Υἱὸς,
2462 4754 2625 4818 αὐτὸς
2658 4753 2732 4807 ὣν
2750 4756 2923 4809 ταῦτα
2959 4755 3155 4812 πάντα.
3205 4759 3275 4811 Ἀ
3317 4757 3539 4830 ἑώρακε
3581 4764 3694 4816 τοί-

2101 4865 2196 4902 νυν
2225 4841 2378 4910 οὗτος
2401 4846 2496 4901 καὶ
2519 4846 2556 4900 ἃ
2579 4846 2803 4918 ἧκουσε,
2842 4847 3004 4919 φησὶ,
3039 4851 3323 4921 μαρτυρεῖ.
3356 4852 3575 4907 Οὐκοῦν
3597 4855 3694 4907 καὶ

2100 4935 2248 5008 ἑώρα
2273 4938 2368 4990 καὶ
2387 4936 2589 5006 ἤκουσε
2629 4936 2758 5006 πρὶν
2801 4937 2894 4989 ἐπὶ
2922 4935 3025 5006 γῆς
3065 4937 3257 4991 ἐλθεῖν.
3287 4937 3421 4993 Τίνα
3446 4939 3505 4994 δὲ
3539 4941 3691 5012 ἑώρα

2105 5027 2216 5100 (96)
2249 5030 2283 5101 ἢ
2317 5029 2410 5083 τὸν
2439 5027 2692 5100 Πατέρα;
2721 5025 2877 5091 Τίνος
2903 5027 2960 5081 δὲ
2988 5029 3218 5100 ἤκουσεν
3251 5029 3286 5101 ἢ
3310 5029 3406 5083 τοῦ
3432 5033 3688 5105 Πατρὸς;

2105 5120 2248 5176 οὕτω
2289 5121 2347 5175 δὲ
2381 5120 2577 5176 ἑαυτὸν
2596 5159 2612 5186 ,
2649 5119 2710 5174 οὐ
2749 5119 2922 5191 Λόγον
2962 5121 3294 5193 σημαντικὸν
3312 5160 3330 5189 ,
3374 5123 3516 5179 άλλά
3561 5125 3689 5178 Υἰὰν

505 5267 928 5351 ﬁnEtl.!aris.,
961 5285 1082 5340 pag.
1283 5271 1512 5351 {ligat}.
1538 5287 1624 5351 ut,
1655 5270 1744 5351 fit
1781 5271 1993 5351 _.‘_‘_lbi_t

2095 5273 2176 5351 B._
2200 5276 2266 5351 ff
2298 5276 2464 5351 AJoan.
2491 5298 2559 5347 ι,
2589 5282 2784 5342 iit-56.
2855 5284 2904 5320 ⁸⁸
2932 5283 3086 5343 Joan.
3126 5299 3242 5351 vm,
3275 5282 3369 5342 Β.
3448 5284 3498 5319 ⁸⁸
3527 5283 3684 5344 Josn.

431 5349 522 5391 xv:
573 5335 626 5392 6.
705 5338 752 5371 ⁹²
801 5335 976 5396 δοκοί
999 5335 1081 5412 ιιῖ,
1105 5341 1196 5401 19.

506 5535 816 5622 (23)“an30
847 5553 958 5594 om.
988 5541 1188 5613 αὐτός;
1216 5559 1336 5601 mox
1379 5541 1538 5618 vulgb
1596 5547 1913 5620 ἀπεστάλθη
1938 5557 1994 5606 et

419 5605 464 5658 Θ
479 5605 568 5657 εοῦ
598 5605 760 5670 Υἱός.

505 5675 616 5746 (94)
651 5676 756 5747 Mp.
785 5677 858 5732 ῐσ.
883 5677 1057 5750 λόγον.

1294 5344 1341 5376 υ
1375 5335 1628 5400 lbid.5l.
1703 5341 1916 5399 “Ibid.
1965 5344 2054 5402 52.
2129 5347 2332 5404 "Ibid.
2385 5335 2598 5419 35,3'6.

2173 5553 2286 5627 (95)
2312 5554 2420 5627 Mp.
2446 5574 2518 5612 ισ.
2555 5557 2737 5627 φύσει.

2173 5624 2284 5696 (96)
2313 5624 2483 5700 Vulgo
2506 5624 2619 5684 καί.
