3838 6222
209 308 320 363 875

1146 301 1246 356 o-DE
1283 299 1817 358 ECCLESIASTECA
1854 301 2245 374 THEOLOGlA
2282 301 2410 356 LIB.
2453 300 2496 356 Ι.

3337 305 3440 362 874

209 417 428 494 ἀληθῶς
481 413 663 480 ζῶντα
724 416 818 469 καὶ
872 411 1160 484 ὑφεστῶτα
1218 412 1522 477 ἐδίδασκεν,
1564 411 1639 476 ὡς
1698 412 1777 465 λέ-

1887 412 2062 466 dimus
2091 411 2292 478 itaque,
2316 411 2458 480 quod
2506 408 2700 466 Filium
2751 426 2908 466 suum
2939 411 3083 469 Deus
3115 427 3233 468 cum
3257 414 3446 488 dilige~

210 532 330 584 γειν
350 555 365 577 ,
399 512 464 567 Ὅ
484 512 687 580 Πατὴρ
723 506 925 580 ἀγαπᾷ
952 508 1058 562 τὸν
1105 507 1241 563 Υἱὸν
1268 506 1368 560 καί
1395 506 1590 560 πάντα
1610 506 1786 560 δέδω-

213 624 321 661 κεν
349 602 426 658 ἐν
464 603 540 674 τῇ
573 604 725 673 χειρί
777 603 992 657 αὐτοῦ·
1027 604 1060 655 ὁ
1108 601 1406 654 πιστεύων
1432 597 1544 669 (97)
1570 600 1656 663 εἰς
1679 597 1785 652 τὸν

222 699 368 752 Υἱὸν
397 696 523 765 ἔχει
556 692 708 764 ζωὴν
749 694 1008 748 αἰώνιον.
1061 691 1410 762 Πιστεύωμεν
1447 690 1657 757 τοίνυν,
1702 691 1783 742 ὅτι

211 791 306 843 τὸν
329 790 455 842 Υίὸν
483 787 712 858 ἀγαπῶν
735 785 968 857 ὁΠατὴρ
999 783 1174 838 πάντα
1192 783 1418 836 δέδωκεν
1450 783 1508 835 ὲν
1543 785 1610 854 τῇ
1637 783 1784 854 χειρὶ

213 881 400 934 αὑτοῦ.
448 879 750 951 Ἐπιμελῶς
775 877 832 932 δὲ
861 875 1187 948 προσεκτέον
1218 873 1297 945 τῷ
1317 874 1513 928 πάντα
1541 874 1643 944 τῆς
1674 875 1783 928 τῶν

214 973 487 1046 γεννητῶν
528 971 810 1044 ὑπάρξεως
837 969 1091 1024 ἁπάντων
1117 965 1495 1040 περιληπτικῷ
1533 966 1647 1019 δντι
1672 1006 1686 1031 ,
1713 967 1780 1020 δι’

209 1060 274 1121 οὗ
306 1067 368 1122 τὸ
403 1066 628 1138 μέγεθος
654 1065 754 1134 τῆς
773 1063 866 1118 τοῦ
892 1061 1022 1116 Υίοῦ
1055 1061 1151 1116 τοῦ
1179 1059 1314 1114 Θεοῦ
1347 1059 1647 1130 δυνάμεως,
1683 1057 1780 1111 ἴδοι

208 1157 278 1211 ἄν
304 1174 409 1221 τις,
443 1157 701 1226 ἐννοήσας
725 1156 825 1226 ὅσῃ
858 1155 952 1207 καὶ
983 1153 1145 1224 ὁποίᾳ
1183 1151 1327 1222 χειρὶ
1366 1151 1514 1223 παρὰ
1544 1149 1637 1204 τοῦ
1671 1152 1783 1204 Πα-

207 1251 338 1321 τρδς
369 1249 688 1304 ὑπεδέδεκτο
721 1247 819 1318 τὴν
865 1245 972 1300 τῶν
1020 1244 1188 1298 όντων
1227 1244 1480 1298 ἁπάντων
1526 1243 1777 1316 ὕπαρξιν.

208 1342 274 1394 Εἰ
303 1340 411 1410 γὰρ
442 1338 506 1410 δὴ
535 1337 704 1407 μέγας
733 1337 761 1388 ό
807 1335 1028 1405 σύμπας
1068 1332 1296 1402 οὐρανός
1332 1349 1392 1386 τε
1432 1331 1525 1386 καὶ
1556 1331 1777 1402 κόσμος,

209 1433 305 1485 καὶ
346 1431 551 1483 τούτων
593 1427 673 1481 ἔτι
742 1425 940 1498 μακρῷ
993 1422 1276 1495 κρείττονα
1322 1423 1416 1477 καὶ
1462 1423 1781 1494 διαφέροντα

205 1520 464 1589 τυγχάνει
505 1517 577 1571 τὰ
623 1517 876 1571 ἐπέκεινα
899 1515 1005 1569 τῶν
1046 1513 1339 1585 ὁρωμένων
1381 1515 1440 1566 ὲν
1472 1513 1781 1584 ἀσωμάτοις

207 1613 304 1666 καὶ
333 1611 650 1681 άφθάρτοις,
676 1610 887 1679 νοεραῖς
910 1624 969 1660 τε
993 1607 1088 1660 καὶ
1119 1606 1294 1669 θείαις
1328 1604 1610 1674 ὑφεστῶτα
1631 1605 1781 1658 δυνά-

211 1719 360 1774 μεσι,
404 1703 580 1755 πάντα
621 1718 683 1753 τε
728 1701 828 1754 ὅσα
874 1699 966 1754 τὸν
1014 1699 1282 1771 ἡμέτερον
1342 1697 1781 1769 διαδιδράσκοντα

206 1791 354 1856 νοῦν,
380 1791 478 1861 τὴν
503 1789 777 1861 ἡμετέραν
817 1789 1017 1858 γνῶσιν
1050 1788 1300 1842 λανθάνει
1320 1803 1335 1818 ’
1365 1787 1570 1842 τούτων
1609 1788 1781 1842 ἀπάν-

206 1900 316 1936 των
357 1882 456 1952 μία
483 1880 577 1934 τοῦ
606 1879 942 1948 Μονογενοῦς
984 1879 1111 1933 Υίοῦ
1151 1877 1244 1933 τοῦ
1293 1878 1427 1932 Θεοῦ
1464 1880 1586 1950 χεὶρ
1622 1897 1777 1951 περι-

204 1972 561 2044 δραττομένη,
593 1972 690 2042 τῆς
718 1970 1178 2041 ἀπειρομεγέθους
1198 1969 1359 2024 αὑτοῦ
1380 1969 1663 2042 δυνάμεως
1684 1972 1781 2043 τὴν

205 2065 406 2138 ἀρετὴν
441 2065 809 2119 ἐπιδείκνυται
847 2063 978 2134 (98).
1016 2063 1081 2117 Ὅ
1103 2062 1166 2135 δὴ
1183 2063 1277 2116 καὶ
1311 2063 1378 2116 δι’
1402 2063 1594 2134 ἐτέρας
1622 2063 1781 2117 πάλιν

207 2159 372 2221 αὐτὸς
424 2159 454 2211 ὁ
501 2158 630 2222 Υἱὸς
675 2157 914 2229 παρίστη
951 2155 1156 2227 φωνῆς,
1203 2154 1410 2222 λέγων,
1455 2154 1657 2209 Πάντα
1678 2172 1780 2224 μοι

199 2249 508 2319 παρεδόθη
542 2248 662 2304 ὑπὸ
712 2247 817 2302 τοῦ
872 2247 1104 2315 Πατρός
1145 2263 1286 2315 μου.
1337 2241 1471 2309 Εἴθ’,
1497 2244 1572 2309 ὡς
1625 2245 1781 2315 ἡμῶν

208 2339 557 2413 ἀπορούντων
578 2380 594 2404 ,
616 2340 701 2404 τίς
737 2339 858 2392 ποτ’
887 2334 977 2410 ἦν,
1009 2337 1104 2392 καὶ
1151 2339 1180 2390 ὁ
1213 2336 1442 2409 πηλίκος
1461 2377 1475 2400 ,
1510 2337 1539 2388 ὁ
1567 2335 1663 2407 τὴν
1693 2354 1782 2390 το-

208 2431 411 2504 σαύτην
428 2430 893 2504 παρακαταθήκην
909 2428 1348 2499 ὑποδεδεγμένος,
1369 2427 1467 2495 Μὴ
1484 2425 1657 2495 ζήτει,
1680 2444 1781 2498 φη-

208 2525 288 2589 σὶ,
299 2524 440 2595 μηδ’
475 2524 678 2593 ἐρώτα.
722 2523 798 2576 Οὑ
827 2522 936 2593 γὰρ
963 2521 1076 2592 ἔχει
1110 2520 1270 2589 φύσιν
1298 2518 1604 2592 ἀνθρώποις
1642 2537 1779 2588 γνω-

207 2617 488 2689 ρίζεσθαι,
533 2615 645 2669 ἀλλ’
687 2615 807 2668 οὑδὲ
849 2617 970 2677 ταῖς
1024 2613 1294 2684 κρείττοσι
1339 2613 1436 2666 καὶ
1485 2611 1780 2682 θειοτέραις

205 2709 500 2779 δυνάμεσιν
527 2709 560 2779 ἡ
589 2706 823 2779 ἀκριϐὴς
849 2706 942 2759 τοῦ
989 2705 1119 2759 Υἱοῦ
1159 2705 1252 2757 τοῦ
1283 2703 1418 2757 Θεοῦ
1457 2703 1776 2774 κατάληψις.

203 2801 300 2855 Διὸ
345 2801 650 2872 προφήσας,
695 2797 897 2852 Πάντα
920 2814 1022 2865 μοι
1048 2793 1346 2864 παρεδόθη
1379 2795 1498 2849 ὑπὸ
1519 2795 1626 2850 τοῦ
1663 2798 1780 2849 Πα-

199 2893 346 2960 τρός
357 2908 496 2960 μου,
525 2891 771 2961 ἐπήγαγε
791 2906 806 2919 ·
855 2887 966 2942 Καὶ
1007 2885 1206 2951 οὐδεὶς
1255 2884 1364 2955 (99)
1405 2882 1777 2954 ἐπιγινώσκει

203 2984 316 3037 τὸν
343 2982 503 3046 Υίὸν,
517 2985 566 3036 εὶ
576 2980 662 3051 μὴ
681 2984 713 3034 ό
726 2978 945 3047 Πατήρ.
970 2976 1282 3046 Σεσιγάσθω
1295 2977 1473 3030 τοίνυν
1493 2977 1600 3038 πᾶς
1615 2976 1780 3046 ἀπόρ-

1854 509 1862 517 ’
1889 513 1971 556 ret
1999 501 2179 566 Pater,
2205 502 2389 557 omnia
2417 501 2520 570 ipsi
2566 501 2619 556 in
2648 517 2840 558 manus
2873 503 3114 558 tradidit.
3153 507 3446 563 Attenden-

1885 593 2008 647 dum
2047 604 2130 649 est
2172 607 2334 662 porro
2377 593 2566 648 sedulo
2605 593 2671 648 ad
2703 593 2856 660 illud,
2892 596 3092 661 omnia,
3128 606 3311 666 utpote
3337 615 3447 671 quo

1886 698 2064 738 rerum
2095 685 2334 739 omnium
2368 685 2732 742 subsistentia:
2765 678 3290 758 comprehendantur
3315 709 3460 746 uin--

1884 775 1950 830 de
1991 784 2049 830 et
2087 775 2273 831 videre
2310 775 2579 845 quispiam
2635 787 2819 848 posset
2869 780 3290 849 magnitudinem
3339 799 3438 853 po-

1885 865 2066 920 tentia:
2095 865 2218 920 Filii
2261 867 2389 934 Dei;
2417 867 2543 922 dum
2581 870 2864 939 recogitet,
2905 882 3162 942 quantam
3203 875 3446 945 qualem-

1882 973 1986 1025 que
2009 957 2062 1012 in
2105 974 2322 1016 manum
2386 961 2584 1016 tradita
2629 963 2700 1016 sit
2735 979 2765 1017 a
2808 962 2972 1022 Patre
3010 981 3190 1021 rerum
3229 969 3448 1025 univer-

1881 1063 2061 1102 sarum
2093 1049 2458 1105 subsistentia.
2493 1051 2552 1106 Si
2597 1069 2847 1124 magnum
2903 1057 2975 1111 sit
3018 1057 3215 1114 emtum
3257 1068 3312 1116 et
3343 1060 3446 1116 hoc

1881 1138 2212 1205 universum,
2237 1153 2382 1199 certe
2414 1157 2532 1212 qua:
2559 1159 2718 1212 supra
2747 1147 2996 1201 suntista
3017 1148 3191 1204 oculis
3219 1165 3446 1220 usurpa-

1885 1238 1955 1296 ta,
1982 1229 2034 1284 in
2063 1233 2422 1301 potestatibus
2443 1235 2792 1291 subsistentia
2819 1237 3174 1309 incorporeis,
3201 1243 3444 1296 incorru-

1881 1323 2181 1392 ptibilibus,
2215 1325 2642 1397 intelligibilibus
2667 1338 2722 1384 et
2761 1330 2980 1396 divinis,
3019 1331 3188 1388 multo
3225 1335 3442 1403 quidem

1882 1415 2030 1470 hisce
2076 1425 2201 1473 sunt
2227 1417 2536 1488 majora,et
2565 1421 2633 1474 ab
2681 1422 2798 1478 istis
2843 1423 3002 1495 longe
3043 1424 3443 1496 discrepantia:

1878 1521 2050 1577 eaque
2078 1509 2146 1564 ab
2175 1509 2294 1565 istis
2320 1511 2595 1581 universa,
2622 1529 2743 1583 qua:
2773 1531 2896 1571 cum
2924 1525 3141 1586 captum
3167 1529 3446 1574 transcen-

1879 1598 2009 1653 dant
2059 1609 2320 1664 nostrum,
2353 1613 2591 1658 nostram
2627 1619 2844 1674 quoque
2893 1606 3448 1679 refugiuntcoguitio-

1881 1704 2025 1744 nem.
2054 1689 2156 1746 Ista
2201 1694 2379 1748 omnia
2410 1703 2466 1750 et
2510 1695 2716 1766 singula
2755 1712 2876 1751 cum
2926 1702 3084 1754 unica
3119 1700 3208 1754 illa
3254 1715 3448 1759 rnanu3

1809 1755 1852 1810 Β
1883 1781 2003 1835 Filii
2040 1781 2134 1837 Dei
2177 1785 2438 1855 unigeniti
2481 1755 2868 1856 apprehendat,
2902 1793 3158 1859 potentia:
3194 1755 3445 1848 suavi;

1884 1881 2072 1940 tutem,
2097 1887 2311 1930 omnem
2342 1878 2764 1947 magnitudinem
2784 1894 3144 1952 supergressa:
3169 1885 3444 1954 patefacit.

1881 1962 2032 2030 Quod
2074 1965 2270 2035 ipsum,
2301 1973 2356 2020 et
2385 1982 2482 2035 per
2514 1968 2674 2024 aliam
2720 1984 2874 2025 suam
2906 1985 3094 2027 vocem
3124 1975 3329 2030 indicat
3357 1976 3448 2031 Fi-

1881 2053 2109 2110 lius-ubi
2157 2055 2425 2125 loquitur,
2469 2057 2659 2113 Omni‘a
2683 2061 2807 2114 mihi
2835 2063 3029 2116 tradita
3056 2073 3179 2118 sunt
3219 2082 3252 2119 a
3289 2067 3447 2122 Patre

1882 2162 1992 2201 meo
2018 2148 2084 2200 ’⁸.
2105 2146 2306 2204 Deinde
2332 2165 2397 2204 ac
2423 2150 2470 2205 si
2501 2166 2599 2206 nos
2623 2153 2678 2207 in
2700 2153 2907 2210 incerto
2937 2155 3448 2229 hmreremus,quis-

1882 2253 2004 2291 nam
2040 2238 2129 2293 ille
2168 2249 2333 2305 esset,
2365 2250 2420 2295 et
2461 2242 2660 2311 qualis,
2695 2245 2787 2315 qui
2818 2247 3121 2315 depositum
3165 2263 3447 2320 receperat

1879 2327 2220 2396 istiusmodi,
2276 2330 2495 2397 Nolito,
2570 2334 2684 2401 ait,
2761 2353 2995 2406 quarrere
3068 2354 3159 2393 nec
3219 2341 3446 2398 interro-

1878 2437 2004 2489 gare
2028 2423 2183 2492 quis?
2235 2421 2354 2479 Non
2406 2436 2490 2482 est
2531 2429 2675 2484 enim
2733 2430 2822 2485 ille
2860 2431 2986 2486 talis
3038 2434 3129 2504 qui
3166 2434 3234 2490 ab
3269 2438 3447 2494 horni-

1883 2514 2039 2568 nibus
2070 2515 2240 2583 possit
2265 2520 2651 2587 comprehendi
2680 2540 2693 2575 :
2727 2523 2836 2580 imo
2876 2541 2946 2582 ne
2969 2529 3183 2598 quidem
3205 2531 3446 2602 perfecte

1880 2603 2106 2672 intelligi
2138 2613 2316 2674 potest
2363 2605 2432 2660 ab
2463 2607 2658 2674 illisce,
2689 2626 2810 2680 quae
2843 2624 2972 2669 sunt
3011 2631 3267 2687 superne,
3292 2631 3446 2691 pote-

1883 2692 2114 2748 statibus
2151 2711 2165 2762 ;
2196 2710 2318 2750 cum
2368 2696 2438 2750 sit
2477 2697 2647 2754 Filius
2693 2700 2809 2756 Dei.
2857 2703 3124 2770 Quocirca
3163 2719 3446 2780 postquam

1879 2785 2286 2848 enuntiaverat,
2322 2785 2516 2841 Omnia
2549 2790 2680 2843 mihi
2727 2791 2856 2846 data
2896 2807 3017 2850 sunt
3049 2814 3082 2851 a
3106 2795 3272 2854 Patre
3309 2817 3445 2867 meo,

1880 2870 2098 2930 intulit:
2131 2875 2199 2930 Et
2242 2893 2394 2931 nemo
2437 2881 2575 2932 novit
2621 2879 2842 2950 Filium,
2875 2888 2977 2941 nisi
3022 2886 3186 2944 Pater
3207 2892 3273 2943 9’.
3304 2890 3450 2959 Quo-

1878 2965 2023 3021 circa
2063 2967 2281 3024 silentio
2321 2971 2627 3026 involvatur
2658 2977 2836 3031 omnis
2867 2977 2932 3032 de
2960 2977 3099 3034 Filio
3130 2981 3223 3036 Dei
3263 2998 3448 3038 sermo

205 3077 373 3146 ρητος
412 3074 536 3145 περὶ
575 3071 669 3125 τοῦ
708 3070 840 3124 Υίοῦ
869 3069 964 3122 τοῦ
1001 3067 1138 3122 Θεοῦ
1159 3069 1363 3136 Λόγος,
1392 3069 1486 3122 καὶ
1523 3067 1669 3138 μόνῳ
1694 3067 1773 3139 τῷ

1881 3060 1967 3127 qui
1990 3068 2074 3114 est
2105 3059 2500 3127 inenarrabilis,
2531 3072 2585 3117 et
2616 3064 2717 3119 soli
2751 3066 2868 3138 ejus
2911 3066 3056 3124 Patri
3098 3075 3448 3128 commende-

201 3165 383 3237 Πατρὶ
398 3162 780 3236 παραδεδόσθω
794 3164 827 3232 ἡ
845 3162 941 3232 τῆς
970 3159 1030 3225 ἐξ
1057 3159 1220 3214 αὑτοῦ
1236 3160 1499 3227 γενέσεως
1518 3158 1681 3212 αὑτοῦ
1701 3160 1778 3232 (1)

203 3257 407 3326 γνῶσις
428 3296 442 3320 ,
481 3254 614 3326 μηδὲ
648 3254 957 3326 περαιτέρω
980 3270 1063 3316 τις
1084 3251 1261 3323 ζητῶν
1294 3252 1542 3322 χωρείτω
1567 3251 1778 3321 φύσεως

206 3348 340 3420 πέρι
354 3349 450 3401 καὶ
463 3347 648 3411 οὐσίας
665 3347 995 3417 ἀπορρήτου.
1019 3343 1170 3414 Μόνη
1192 3343 1249 3397 δὲ
1266 3344 1396 3414 ἡμῖν
1413 3345 1446 3413 ἡ
1467 3344 1630 3397 αὑτοῦ
1652 3345 1779 3415 περὶ

203 3438 378 3493 αὑτοῦ
403 3438 716 3492 διδασκαλία
745 3440 811 3508 τῇ
840 3435 940 3505 τῆς
963 3435 1196 3498 πίστεως
1217 3433 1548 3503 βεϐαιούσθω
1571 3434 1773 3506 χάριτι,

203 3529 397 3598 σαφῶς
420 3529 596 3584 πάντα
612 3527 758 3598 αὑτῷ
777 3526 882 3581 ὑπὸ
899 3525 990 3578 τοῦ
1007 3523 1217 3596 Πατρδς
1239 3523 1631 3593 παραδεδόσθαι
1654 3542 1776 3577 παι-

199 3622 452 3676 δεύουσα.
487 3617 696 3674 Οὐκοῦν
732 3619 760 3670 ὁ
801 3618 897 3688 μὲν
911 3616 1039 3679 Θεὸς
1067 3614 1236 3668 ἐδίδου
1257 3615 1352 3668 καὶ
1368 3616 1654 3688 παρεδίδου
1679 3618 1772 3670 ἐπὶ

207 3710 490 3783 βελτιώσει
512 3709 607 3764 καὶ
631 3708 869 3779 ὠφελείᾳ
885 3746 899 3770 ,
921 3703 1009 3759 οἶα
1029 3705 1239 3776 Σωτῆρι
1262 3707 1356 3759 καὶ
1377 3705 1545 3778 ἰατρῷ
1567 3707 1659 3759 καὶ
1683 3725 1777 3759 κυ-

200 3803 441 3874 σερνήτῃ
487 3800 594 3854 τῶν
643 3799 778 3853 ὅλων
823 3799 923 3868 τὴν
961 3797 1260 3869 παράδοσιν
1282 3797 1629 3868 ποιούμενος’
1670 3799 1775 3851 όδὲ

199 3894 336 3958 Υἱὸς
367 3892 658 3963 ἐλάμϐανε,
695 3891 790 3946 καὶ
833 3886 922 3944 οἷα
959 3888 1148 3951 πιστὸς
1181 3887 1645 3960 παραθηκοφύλαξ
1676 3889 1775 3958 τὴν

199 3988 351 4042 δόσιν
369 3985 621 4056 ὑπείχετο
643 3984 742 4053 (2),
764 3983 863 4054 οὑχ
881 3982 955 4046 ὡς
972 3982 1141 4053 Λόγος
1167 3980 1419 4044 ἀνούσιος
1446 3981 1538 4034 καὶ
1569 3980 1772 4034 ἀνυπό-

202 4096 423 4142 στατος,
442 4078 557 4132 ἀλλ’
588 4078 664 4141 ὡς
695 4074 911 4148 άληθῶς
927 4075 1054 4140 Υἱὸς
1085 4073 1161 4128 ῶν
1187 4073 1494 4144 Μονογενὴς
1520 4072 1614 4125 καὶ
1635 4074 1774 4142 ἀγα-

198 4171 380 4244 πητὸς
411 4168 506 4224 τοῦ
536 4168 772 4241 Πατρός.

1881 3157 1969 3203 tur
2007 3149 2152 3206 illius
2197 3152 2262 3208 de
2303 3153 2483 3223 scipso
2518 3158 2886 3224 generationis
2916 3162 3107 3218 modus
3155 3172 3211 3218 et
3252 3165 3448 3220 intelli-

1879 3241 2060 3309 gentia
2097 3257 2114 3294 :
2149 3255 2248 3298 nec
2275 3243 2629 3312 disquirendo
2657 3249 2925 3318 quispiam
2955 3253 3332 3324 progrediatur
3367 3257 3449 3309 ul-

1881 3331 2078 3399 terius,
2112 3333 2165 3386 in
2209 3343 2403 3388 natura
2436 3345 2490 3390 et
2520 3337 2823 3394 substantia
2863 3342 3231 3400 inenarrabili.
3276 3347 3449 3416 lpsius

1878 3431 2059 3476 autem
2091 3423 2157 3478 de
2209 3425 2386 3494 seipso
2418 3425 2666 3483 doctrina
2711 3429 3052 3486 solummodo
3088 3449 3183 3504 per
3217 3438 3445 3506 gratiam

1877 3529 1999 3583 qua:
2025 3531 2092 3570 ex
2121 3515 2233 3572 fide
2255 3528 2338 3574 est
2361 3521 2640 3591 obsignata
2685 3532 2900 3578 maneat
2931 3541 3089 3594 :qua:
3119 3529 3301 3582 omnia
3325 3530 3450 3598 qui-

1878 3606 1998 3660 dem
2039 3607 2138 3676 ipsi
2179 3610 2377 3665 tradita
2425 3627 2454 3665 a
2505 3612 2668 3668 Patre
2705 3627 2806 3669 suo
2839 3613 3125 3670 manifeste
3158 3617 3447 3673 admodum.

1878 3714 1976 3754 nos
2007 3701 2182 3756 docet.
2212 3702 2370 3758 Dedit
2409 3719 2540 3775 ergo
2566 3705 2708 3761 Deus
2740 3714 2904 3774 atque
2935 3707 3155 3762 tradidit
3185 3709 3450 3776 illi',banc

1879 3792 2225 3849 traditionem
2278 3810 2453 3864 suam,
2483 3796 2550 3851 ad
2590 3798 3023 3854 emendationem
3049 3809 3104 3854 et
3143 3801 3445 3870 profectum

1879 3884 2273 3953 universitatis,
2298 3896 2555 3958 tanquam
2591 3889 2893 3955 Servatori,
2919 3890 3150 3955 medico,
3177 3893 3449 3962 guberna-

1881 3979 1981 4033 tori
2003 3981 2267 4035 omnium.
2303 3987 2362 4046 ὦ
2394 3982 2564 4038 Filius
2585 3997 2650 4039 ea
2682 3983 2908 4054 recepit,
2933 3992 2988 4039 et
3018 3995 3274 4056 tanquam
3310 3987 3450 4041 ﬁdus

1879 4071 2146 4142 quispiam
2169 4073 2399 4145 depositi
2425 4085 2606 4132 custos
2627 4076 2841 4146 {donum
2886 4075 3014 4133 illud
3047 4080 3186 4150 apud
3217 4094 3276 4135 se
3307 4080 3450 4134 deti-

1876 4165 2026 4232 nuit,
2067 4181 2173 4222 non
2221 4152 2540 4225 ut'Verbum
2602 4169 2964 4227 insubsistens
3017 4179 3075 4226 et
3137 4173 3442 4228 substantia

197 4278 418 4328 carens,
447 4260 540 4316 sed
575 4269 826 4328 tanquam
855 4259 922 4323 is,
980 4257 1073 4326 qui
1098 4271 1225 4314 vere
1245 4271 1368 4312 cum
1416 4257 1490 4312 sit
1522 4255 1692 4310 Filius
1713 4293 1728 4319 ,
1759 4255 2067 4326 unigenitus
2104 4268 2161 4314 et
2203 4259 2430 4317 dilectus
2465 4261 2636 4327 Patri,
2676 4262 2743 4317 ad
2775 4263 2918 4332 haec,
2950 4264 3296 4333 semetipsum
3334 4266 3448 4334 ipse

198 4354 502 4411 nominavit
526 4367 717 4424 panem
743 4352 885 4416 vitae,
909 4351 1156 4420 inquiens
1187 4365 1204 4404 :

273 4449 344 4513 ζ’.
380 4449 501 4503 Ἔτι
545 4447 680 4520 πρὸς
718 4445 927 4510 τούτοις
959 4447 1053 4499 καὶ
1095 4445 1256 4516 ἄρτον
1301 4443 1399 4514 τῆς
1440 4433 1582 4514 ζωῆς
1615 4441 1773 4506 αὑτὸς

1948 4443 2001 4497 7.
2041 4444 2156 4516 Ego
2183 4463 2298 4500 sum
2322 4450 2472 4516 panis
2509 4450 2648 4503 vim.
2687 4449 2800 4520 Ego
2825 4467 2940 4504 sum
2969 4451 3117 4514 panis
3162 4451 3250 4505 ille
3279 4453 3444 4506 vivus,

200 4540 399 4596 ἑαυτὸν
416 4538 682 4610 ὠνόμαζε,
702 4537 875 4606 λέγων
894 4554 907 4567 ·
943 4535 1084 4607 Ἐγώ
1097 4538 1214 4605 είμι
1229 4537 1262 4590 ό
1277 4533 1452 4604 ἄρτος
1471 4532 1580 4602 τῆς
1598 4533 1765 4601 ζωῆς.

211 4631 358 4704 Ἐτώ
387 4635 506 4703 ειμι
537 4634 570 4686 ό
596 4630 773 4700 ἄρτος
804 4632 838 4684 ό
862 4627 992 4696 ὧν,
1023 4631 1056 4683 ό
1086 4629 1156 4682 ἐκ
1180 4626 1287 4682 τοῦ
1311 4625 1570 4695 οὐρανοῦ
1597 4641 1773 4679 κατα-

199 4722 332 4790 σὰς.
382 4721 494 4775 Καὶ
545 4720 695 4783 ὅπως
743 4718 956 4790 ὑπῆρχε
1005 4715 1134 4782 ζῶν,
1175 4715 1418 4785 διεσάφει
1466 4713 1770 4786 τρανότατα

195 4812 494 4886 διαρθρῶν,
523 4815 580 4868 ὲν
610 4807 692 4876 οἷς
723 4827 876 4882 φησι,
908 4808 1113 4874 Καθὼς
1144 4805 1460 4863 ἀπέστειλέ
1486 4823 1564 4876 με
1603 4808 1635 4859 ό
1663 4804 1774 4866 ζῶν

195 4903 427 4974 Πατὴρ,
467 4903 629 4972 κάγὼ
656 4900 730 4965 ζῶ
763 4901 862 4956 διὰ
884 4901 991 4955 τὸν
1019 4899 1268 4968 Πατέρα.
1302 4897 1413 4953 Καὶ
1450 4898 1512 4951 '0
1543 4897 1775 4965 τρώγων

186 5015 292 5069 με,
320 4995 594 5062 κάκεῖνος
621 4993 786 5060 ζήσει
817 4992 890 5046 δι’
917 4991 1040 5061 ἐμέ.
1073 4989 1242 5044 Τοῦτο
1273 4989 1328 5042 δὲ
1353 4988 1448 5042 καὶ
1478 4990 1537 5041 ὲν
1568 4987 1775 5058 ἑτέροις

193 5087 440 5153 ἐδίδαξεν
471 5085 640 5141 είπών
658 5103 672 5116 ο
709 5086 934 5152 ’Ὠσπερ
962 5083 1071 5152 γὰρ
1095 5085 1128 5136 ό
1147 5080 1350 5148 Πατὴρ
1373 5078 1526 5148 ζωὴν
1551 5079 1674 5148 ἔχει
1705 5078 1776 5131 ἐν

191 5179 412 5245 ἐαυτῷ,
444 5180 596 5233 οὕτω
631 5177 729 5232 καὶ
776 5175 858 5242 τῷ
906 5174 1020 5240 Υίῷ
1050 5174 1129 5244 (5)
1157 5173 1378 5228 ἔδωκεν
1419 5172 1585 5242 ἔχειν
1620 5170 1773 5238 ζωὴν

273 5324 337 5383 at
374 5317 470 5371 Ed.
492 5313 664 5371 Paris.
690 5328 811 5383 pag.
845 5311 1034 5374 88,89.

1875 4538 1967 4606 qui
2006 4538 2072 4592 de
2095 4539 2221 4593 caelo
2259 4541 2502 4596 descendi
2527 4542 2594 4594 ³⁸.
2622 4540 2864 4607 Qualiter
2901 4551 3080 4596 autem
3124 4547 3278 4598 vivus
3304 4545 3446 4600 exsi-

1877 4629 2074 4694 stebat,
2103 4630 2440 4698 apertissime
2479 4629 2773 4686 declaravit
2825 4631 3097 4698 inquiens,
3133 4631 3259 4684 dum
3303 4634 3443 4687 aiiir-

1879 4729 2010 4782 mat,
2039 4718 2489 4784 Quemadmodum
2528 4723 2669 4774 misit
2709 4738 2789 4774 me
2831 4722 3002 4777 vivens
3053 4721 3230 4786 Pater,
3275 4734 3324 4777 et
3352 4741 3446 4793 ego

1880 4810 1991 4862 vivo
2023 4826 2117 4878 per
2135 4808 2353 4865 Patrem
2379 4812 2448 4866 ”.
2470 4812 2535 4866 Et
2565 4830 2578 4865 :
2608 4812 2713 4878 Qui
2746 4830 2826 4866 me
2848 4815 3092 4882 comedit,
3125 4807 3215 4869 ille
3238 4829 3446 4885 propter

1879 4917 1960 4954 me
2010 4902 2136 4956 vivet
2163 4902 2199 4955 ί.
2245 4901 2358 4958 Hoc
2387 4903 2560 4973 ipsum
2590 4904 2718 4958 alibi
2772 4905 3012 4970 edocuit,
3051 4906 3341 4976 inquiens:
3377 4907 3445 4962 Et

1878 4994 2314 5057 quemadmodum
2363 4993 2528 5050 Pater
2561 4996 2719 5050 vitam
2765 4997 2916 5051 habet
2954 4999 3009 5051 in
3043 5000 3334 5064 semetipso,
3369 5002 3446 5054 ita

1880 5093 1929 5136 et
1956 5081 2101 5136 Filio
2133 5085 2282 5138 dedit
2328 5085 2516 5140 habere
2544 5087 2704 5140 vitam
2733 5088 2788 5141 in
2829 5090 3162 5157 semetipso’.
3197 5089 3325 5143 Erat
3345 5091 3446 5158 igi-

1882 5183 1969 5226 tur
2002 5175 2159 5243 panis
2197 5176 2322 5230 vita
2357 5195 2371 5229 :
2413 5184 2470 5232 et
2507 5177 2562 5230 in
2608 5177 2749 5233 cmlo
2797 5177 3143 5244 subsistebat,
3174 5178 3447 5248 angelicas
3496 5181 3499 5183 ’

264 5373 327 5422 ’δ’
341 5386 535 5442 Matth.
562 5400 640 5449 ιι,
667 5373 790 5439 επ
831 5383 876 5413 ’⁷
902 5373 1032 5436 ibid.
1107 5379 1152 5411 "
1174 5377 1328 5433 Joan.
1352 5393 1425 5442 vr,
1452 5377 1541 5443 35,
1568 5377 1661 5434 Η.
1734 5379 1781 5410 ⁸³
1809 5376 1938 5433 ibid.
1969 5374 2060 5430 58.
2136 5375 2152 5406 ⁸
2190 5374 2320 5430 ibid.
2396 5375 2418 5407 ’
2443 5373 2598 5429 Joan.
2627 5392 2681 5440 v,
2717 5375 2806 5431 26.

265 5562 380 5636 (97)
417 5562 595 5636 Vulgo
622 5560 948 5631 πιστεύομεν
996 5568 1050 5615 et
1106 5559 1229 5613 dein
1273 5555 1558 5627 ὑπάρξεως
1591 5558 1763 5612 ἁπάνο

187 5632 314 5709 των,
334 5645 386 5709 ει
409 5632 750 5709 {tremem-
815 5702 828 5709 _
886 5701 897 5709 .
1011 5698 1036 5709 -

265 5706 383 5773 (98)
413 5703 584 5771 Vulgo
607 5702 772 5773 565m
803 5701 912 5753 ἀπὸ
944 5701 1038 5752 τοῦ
1065 5717 1122 5752 π.

267 5766 382 5849 (99)
409 5766 580 5842 Vulgo
603 5771 861 5840 γινώσκει
893 5782 948 5824 et
977 5785 1098 5824 mox
1122 5766 1516 5838 παραδιδόσθω.

526 5867 796 5928 Ριτιιοι.
842 5863 960 5924 Gn.
1011 5863 1058 5926 Χ
1077 5862 1242 5924 XIV.

1941 5556 2020 5628 (ί)
2041 5555 2212 5628 V_nlgo
2236 5571 2344 5609 om.
2365 5558 2530 5628 αὑτοῦ
2559 5568 2613 5612 et
2643 5573 2759 5612 mox
2789 5557 3191 5628 παραδίδοσθαι.

1941 5627 2019 5698 (2)
2055 5624 2225 5695 Vulgo
2259 5627 2432 5694 ὲπείχ.
2463 5639 2516 5681 et
2563 5644 2681 5683 mox
2713 5624 2879 5698 ἄρτον
2906 5630 3003 5699 τῆς
3051 5628 3101 5692 ζ.
3131 5642 3188 5686 ct
3232 5630 3444 5702 τρανώ‹

1872 5715 2031 5750 τατα.

1947 5767 2021 5839 (5)
2057 5765 2224 5836 Vulgo
2245 5765 2496 5821 δέδωκεν.

3049 5862 3128 5922 ‘28
