3838 6222
424 340 528 397 855

1088 336 1360 396 EUSEBII
1397 335 1879 394 CASSARIENSIS
1912 336 2065 396 OPP.
2105 336 2288 393 PARS
2326 336 2412 392 IV.
2441 366 2507 377 —
2544 335 2965 394 DOGMATICA.

3563 335 3674 393 856

426 476 445 509 s
483 456 629 512 datos
657 454 972 526 alloquitur,
1005 456 1096 526 qui
1124 465 1253 513 tunc
1274 456 1534 527 temporis
1563 471 1622 512 se
1649 455 1817 512 Deum
1848 456 1981 512 scire

2097 474 2117 509 ι
2155 455 2380 519 τοῦντας
2405 454 2449 508 δ’
2472 453 2635 509 αὑτοῦ
2678 455 2768 508 τὸν
2797 453 2990 522 Λόγον,
3038 451 3106 507 δι’
3131 445 3192 506 οὗ
3220 451 3382 524 μόνου
3403 448 3676 521 γινώσκε-

425 570 439 598 ι
485 547 910 614 arbitrabantur,
963 547 1196 603 Verbum
1227 559 1407 603 autem
1446 547 1540 603 Dei
1591 549 1985 618 repudiabant;

425 659 440 687 ‹
479 651 589 706 quo
618 645 798 693 tamen
824 638 913 692 ille
949 638 1066 694 solo
1109 637 1437 692 intermedio
1473 636 1889 708 agnosoebatur,
1914 637 1992 692 ait

424 746 443 777 ι
485 729 652 784 enim:
686 727 855 784 Nemo
886 731 1024 783 novit
1056 727 1269 784 Patrem
1300 731 1398 783 nisi
1425 727 1622 797 Filius,
1642 739 1688 783 et
1709 731 1794 783 cui
1816 727 1864 782 F
1866 730 1990 784 ilius

426 837 446 870 ι
481 820 725 874 reuelabit
747 821 816 874 ".
842 820 978 875 Nam
1009 836 1130 877 cum
1166 821 1274 876 alio
1300 822 1492 892 quovis
1536 821 1696 877 modo
1744 821 1990 892 impossi-

428 930 446 962 t
490 911 596 965 bile
623 911 814 968 fuisset
866 892 1195 983 cognoscere
1226 913 1413 980 Deum,
1471 927 1568 984 per
1611 928 1766 968 suum
1822 913 1990 982 ipsius

425 1023 444 1054 ι
492 1003 746 1070 Verbum,
782 1005 864 1059 sui
887 1007 1247 1074 cOgnitionem
1281 1007 1588 1062 hominibus
1621 1005 1763 1061 Deus
1789 1006 1987 1076 imper-

424 1111 445 1146 ι
483 1094 676 1162 tiebat,
707 1106 767 1150 ut
795 1110 1013 1152 errasse
1047 1096 1196 1151 illum
1230 1097 1535 1152 certissime
1582 1107 1815 1160 constet,
1867 1114 1988 1152 cum

431 1202 450 1236 ι
490 1200 663 1254 neque
686 1185 900 1241 Patrem
934 1189 1206 1244 exactiore
1241 1190 1418 1252 modo,
1455 1203 1630 1258 neque
1660 1190 1775 1257 ejus
1797 1188 1988 1242 Filium

433 1296 454 1329 s
496 1279 836 1350 intelligeret.
879 1301 898 1334 ι
935 1282 1060 1337 Ηωο
1095 1283 1209 1351 ipsa
1236 1283 1526 1337 Marcellus
1576 1284 1852 1338 mandavit
1909 1284 1991 1337 lit~

429 1373 582 1440 teris,
614 1373 740 1428 dum
779 1389 836 1429 se
871 1363 983 1427 vult
1010 1389 1242 1444 purgare
1287 1390 1316 1428 a
1343 1375 1648 1446 suspicione
1679 1378 1824 1430 omni
1885 1375 1988 1430 Sa-

422 1468 742 1523 bellianismi
777 1487 788 1521 :
820 1468 911 1522 sed
944 1467 1127 1538 lingua
1167 1477 1372 1521 tantum
1401 1480 1456 1523 et
1487 1483 1619 1523 voce
1648 1476 1824 1523 tenus.
1856 1467 1989 1522 Nam

419 1568 682 1627 quantum
717 1560 783 1614 ad
813 1560 976 1613 animi
1002 1561 1324 1616 sententiam
1353 1562 1461 1624 sui,
1499 1572 1554 1615 ct
1583 1577 1704 1615 cum
1758 1560 1850 1616 illo
1894 1562 1991 1615 ho-

423 1651 564 1704 mine
590 1651 1016 1720 conspirantem,
1047 1652 1237 1706 iisdem
1289 1653 1485 1721 quibus
1512 1653 1619 1716 ille,
1654 1653 1774 1707 telis
1823 1652 1990 1706 confi-

420 1755 522 1794 sus
562 1754 684 1796 esse
716 1741 1171 1811 deprehenditur,
1207 1753 1265 1797 ut
1313 1744 1442 1797 mihi
1476 1744 1692 1813 quidem
1747 1744 1875 1797 illud
1926 1744 1981 1797 in

2095 567 2115 600 ι
2153 567 2243 602 ται
2279 549 2307 602 6
2344 547 2494 611 Θεὸς,
2542 547 2726 617 ἔλεγεν
2749 547 2995 612 ’.Οὐδεὶς
3025 543 3392 616 ἐπιγινώσκει
3415 543 3524 598 τὸν
3550 547 3675 597 Πω-

2095 660 2114 692 ι
2152 641 2293 711 τέρα
2326 643 2379 696 sl
2399 641 2487 712 μὴ
2520 644 2554 695 ὀ
2594 639 2754 706 Υἱὸς,
2777 639 2874 692 καὶ
2901 631 3039 705 ᾧᾶν
3057 641 3089 693 ό
3113 637 3241 703 Υἱὸς
3264 637 3670 704 ἀποκαλύψει.

2096 749 2114 782 ι
2155 732 2372 801 Ἐπειδὴ
2406 731 2517 802 γὰρ
2546 731 2808 785 ἄδύνατον
2840 725 2908 800 ἦν
2934 730 3135 801 ἑτέρως
3155 728 3356 797 γνῶναι
3393 728 3486 781 τὸν
3514 728 3670 792 Θεὸν,

2096 839 2115 872 ι
2153 821 2241 875 διὰ
2292 821 2386 878 τοῦ
2443 821 2572 876 ἰδίου
2625 821 2798 888 Λόγου
2843 815 3034 881 εἰδέναι
3090 819 3252 872 αὑτὸν
3290 820 3414 882 τοὺς
3454 818 3674 890 ἁνθῴμ

2095 930 2113 963 ι
2147 929 2281 976 πους
2317 912 2576 976 διδάσκει,
2610 911 2750 965 ὥστε
2773 909 2976 981 ἐσφάλη
3029 910 3126 981 μὲν
3161 911 3428 973 κάκεῖνος,
3474 910 3549 980 μὴ
3581 911 3673 962 τὸν

2095 1025 2118 1079 ι
2158 1006 2376 1078 Πατέρα
2426 1008 2521 1062 καὶ
2557 1007 2647 1060 τὸν
2689 1005 2878 1059 τούτου
2924 1005 3094 1073 Λόγον
3136 1004 3378 1075 ἀκριϐῶς
3424 1004 3608 1072 γνούς.
3645 1022 3666 1054 s

2089 1097 2273 1152 Ταῦτα
2294 1099 2610 1172 Μάρκελλος
2640 1098 2845 1168 ἔγραφε
2871 1137 2885 1159 ,
2915 1097 3014 1167 τῆς
3050 1095 3141 1149 τοῦ
3177 1093 3517 1159 Σαϐελλίζειν
3544 1096 3675 1148 ὑπο-

2089 1192 2236 1255 νοίας
2271 1191 2551 1262 καθαίρων
2576 1191 2789 1254 ἑαυτὸν,
2826 1189 2988 1259 μέχρι
3019 1188 3206 1257 φωνῆς
3236 1189 3331 1240 καὶ
3359 1187 3520 1254 λόγου
3544 1205 3557 1215 ⁸
3601 1189 3672 1257 τῇ

2089 1298 2152 1350 γε
2183 1283 2280 1352 μὲν
2309 1281 2531 1355 γνώμῃ,
2564 1282 2656 1335 καὶ
2700 1283 2765 1352 τῇ
2803 1279 2938 1351 πρὸς
2977 1278 3067 1332 τὸν
3105 1278 3274 1349 ἄνδρα
3322 1277 3672 1358 ὁμοφροσύνῃ

2090 1373 2370 1428 ἁλίσκεται
2408 1378 2519 1436 τοῖς
2553 1375 2734 1436 αὐτοῖς
2787 1371 2979 1440 ἐκείνῳ
3029 1371 3480 1442 περιπειρόμενος
3523 1370 3676 1440 βέλε-

2092 1483 2195 1519 σιν.
2238 1465 2325 1529 Ὠς
2357 1467 2542 1537 ἔμοιγε
2570 1468 2664 1520 καὶ
2690 1466 2756 1520 δι’
2785 1466 2950 1537 εὐχῆς
2989 1463 3228 1536 ὑπῆρξεν
3261 1462 3327 1516 ἂν
3357 1462 3417 1515 τὸ
3446 1461 3521 1533 μὴ
3547 1463 3674 1516 τότε

2092 1559 2274 1621 αὐτοῖς
2311 1559 2474 1612 αὐτὸν
2504 1561 2820 1630 περιπεσεῖν
2847 1576 2859 1590 ο
2912 1557 3028 1611 νυνὶ
3071 1556 3127 1610 δὲ
3155 1556 3347 1609 κάκιον
3389 1555 3422 1626 ἥ
3458 1556 3674 1617 ἐκεῖνος

2093 1649 2426 1720 πλημμελῶν
2452 1653 2718 1720 φαίνεται.
2736 1651 2794 1704 Ὁ
2811 1649 2908 1722 μὲν
2934 1649 3042 1720 γὰρ
3056 1649 3194 1718 τάχα
3225 1665 3326 1700 που
3363 1647 3674 1718 σφαλλόμε-

2092 1758 2179 1804 νος
2198 1741 2378 1809 ἠγνόει
2403 1758 2418 1772 ο
2459 1744 2488 1794 6
2519 1742 2597 1807 δὲ,
2626 1741 2902 1813 ὁμολογῶν
2923 1740 3188 1811 ἐσφάλθαι
3212 1739 3323 1810 (58)
3354 1739 3444 1793 τὸν
3473 1738 3673 1810 ἄνδρα,

417 1833 562 1888 votis
595 1832 688 1898 sit,
727 1849 798 1889 ne
835 1835 888 1888 in
926 1834 1084 1901 lmjus
1115 1835 1446 1890 mentionem
1486 1835 1790 1890 istiusmodi
1851 1834 1981 1889 inci-

2092 1833 2318 1886 κᾶπειτα
2365 1833 2526 1886 αὐτὸν
2571 1832 2729 1886 ὠθῶν
2779 1834 2872 1888 ἐπὶ
2906 1833 2997 1887 τὸν
3049 1831 3300 1904 προφανῆ
3349 1832 3449 1902 τῆς
3497 1832 3675 1900 αὐτῆς

418 1926 588 1981 disset
619 1946 633 1981 ε
668 1926 810 1982 ultra
861 1927 1012 1981 illum
1037 1929 1238 1998 quippe
1265 1928 1478 1982 videtur
1522 1943 1844 1998 progressus
1879 1928 1984 1981 im-

417 2015 639 2082 pietate.
672 2015 764 2070 llle
783 2016 926 2072 enim
950 2015 1218 2082 fortassis,
1248 2030 1344 2085 per
1369 2015 1730 2086 ignorantiam
1749 2017 1979 2070 erravit:

2088 1924 2404 1990 δυσσεϐείας
2471 1926 2734 1997 κρημνὸν,
2809 1926 3064 1998 οὐδεμιᾶς
3137 1925 3335 1994 γένοιτ’
3385 1924 3452 1981 ἂν
3520 1923 3675 1988 ἄξιος

2091 2017 2438 2089 συγγνώμης.
2472 2019 2630 2075 Ἀλλά
2657 2020 2765 2091 γὰρ
2795 2017 3214 2090 διασκεψώμεθα
3240 2017 3308 2074 τὰ
3344 2017 3672 2088 λελεγμένα.

423 2112 482 2168 ἧς
518 2105 609 2162 ille
631 2116 834 2176 autem,
865 2111 1102 2178 quicum
1141 2113 1465 2164 contiteatur
1529 2110 1680 2165 illum
1717 2110 1988 2165 hominem
2029 2112 2336 2179 aberrasse,
2401 2123 2455 2169 et
2492 2124 2668 2170 tamen
2732 2119 3082 2186 semetipsum
3118 2115 3172 2169 in
3218 2113 3359 2169 idem
3402 2100 3674 2183 protrusit

418 2200 703 2256 manifeste
760 2203 1114 2273 pracipitium
1169 2204 1496 2272 impietatis,
1557 2205 1718 2260 venia
1757 2219 1981 2275 prorsus
2018 2209 2163 2261 omni
2190 2208 2464 2279 indignum
2495 2224 2555 2266 se
2583 2211 2854 2281 praestitit.
2883 2209 2993 2267 Sed
3047 2211 3164 2282 ipsa
3197 2209 3316 2282 ejus
3373 2211 3544 2288 dicta,
3581 2211 3667 2265 in—

419 2293 812 2360 trospiciamus.

1023 2389 1176 2445 CAP.
1209 2389 1363 2462 lxvr.

418 2475 690 2540 Quomodo
718 2495 746 2532 e
788 2481 898 2534 suis
929 2481 1096 2548 ipsius
1125 2483 1290 2536 verbis
1315 2482 1717 2548 deprehenditur
1740 2485 1978 2538 eamdem

451 2547 620 2611 ipsam
650 2547 957 2616 opinionem,
979 2567 1098 2604 cum
1129 2549 1362 2606 Sabellio
1382 2547 1594 2620 fovere,
1637 2553 1946 2609 Marcellus.

484 2637 754 2707 Imprimis
782 2640 911 2694 illud
939 2644 1149 2708 statuit,
1194 2658 1295 2698 nec
1326 2644 1616 2699 Sabellium
1650 2660 1750 2710 nec
1766 2644 1982 2700 Judaeos

414 2730 697 2796 agnovisse
734 2731 920 2799 Deum,
953 2747 1020 2787 eo
1044 2737 1185 2802 quod
1213 2735 1447 2790 Verbum
1479 2737 1817 2806 ignorabant.
1847 2737 1980 2793 Ver-

416 2820 542 2875 bum
577 2837 705 2878 vero
736 2823 1011 2893 quodnam
1061 2826 1420 2896 intelligebat,
1455 2828 1848 2896 dispiciendum
1880 2845 1978 2885 no-

411 2909 496 2966 bis
523 2922 628 2968 est.
680 2912 956 2983 Siquidem
1018 2915 1212 2971 Filium
1252 2918 1344 2972 Dei
1391 2919 1748 2989 unigenitum,
1802 2921 1980 2976 subsi-

412 3015 644 3060 stentem
674 3006 856 3060 vivum
879 3021 1020 3072 esse,
1056 3008 1334 3065 enimvero
1368 3010 1508 3065 hunc
1537 3012 1608 3066 ita
1639 3026 1816 3082 neque
1843 3014 1982 3082 ipse-

2716 2394 2872 2448 ΚΕΦ.
2913 2395 3028 2461 ις’.

2087 2484 2284 2549 ’Ὅπως
2321 2484 2634 2555 ἀςὶίονκεται
2664 2484 2762 2555 διὰ
2790 2486 2909 2555 τῶν
2934 2487 3122 2540 αὐτοῦ
3156 2486 3389 2555 φωνῶν,
3410 2486 3486 2542 τὰ
3515 2488 3674 2543 αὐτὰ

2297 2553 2376 2618 τῷ
2403 2555 2700 2619 Σαϐελλίφ
2731 2553 2993 2620 δοξάζων
3023 2559 3055 2610 ὁ
3082 2553 3460 2624 Μάρκελλος.

2157 2645 2378 2717 Πρῶτον
2421 2647 2519 2716 μὲν
2561 2642 2653 2701 οὖν
2699 2649 2838 2718 μήτε
2881 2647 2972 2701 τὸν
3007 2648 3314 2713 Σαϐέλλιον,
3351 2651 3493 2721 μήτε
3531 2652 3668 2704 Ἰου-

2085 2739 2266 2802 δαίους
2295 2739 2598 2810 ἠγνωκέναι
2612 2740 2699 2795 τὸν
2715 2740 2846 2794 Θεὸν
2862 2741 2986 2813 ἔφη,
3010 2741 3089 2812 τῷ
3112 2742 3186 2813 μὴ
3205 2743 3294 2796 τὸν
3305 2743 3476 2811 Λόγον
3491 2745 3673 2813 ἠγνω-

2088 2830 2240 2882 κέναι
2268 2829 2480 2895 αὐτούς.
2499 2830 2609 2901 (59)
2626 2830 2935 2901 Σκέψασθαι
2963 2832 3020 2886 δὲ
3057 2835 3162 2906 χρὴ
3201 2834 3382 2887 ὁποῖον
3413 2835 3671 2888 ὑποτίθε-

2087 2939 2175 2975 ται
2207 2922 2407 2990 Λόγον⁹
2460 2922 2522 2975 El
2570 2921 2669 2992 μὲν
2701 2919 2810 2992 γὰρ
2841 2921 2934 2975 τὸν
2967 2923 3094 2976 Υἰὸν
3119 2923 3212 2977 τοῦ
3258 2924 3392 2977 Θεοῦ
3428 2925 3522 2978 τὸν
3566 2943 3667 2996 μο-

2089 3014 2300 3084 νογενῆ,
2333 3014 2423 3067 τὸν
2457 3012 2765 3083 ὑφεστῶτα,
2817 3015 2905 3070 καὶ
2951 3015 3130 3080 ζῶντα
3152 3055 3167 3078 ,
3213 3015 3327 3069 ἀλλ’
3362 3015 3472 3070 οὐδ’
3501 3016 3667 3080 αὐτὸς

413 3105 524 3148 met
555 3096 790 3165 agnovit.
813 3096 1056 3166 Cumque
1105 3099 1359 3155 Servatur
1397 3110 1582 3156 noster
1621 3103 1981 3159 diversimode

2092 3104 2274 3158 τοῦτον
2308 3104 2468 3174 ἔγνω.
2499 3104 2705 3159 Λύτίκα
2736 3107 2780 3159 δ’
2806 3101 2921 3171 οῦν,
2962 3107 3054 3160 τοῦ
3096 3107 3347 3178 Σωτῆρος
3372 3107 3531 3178 ἡμῶν
3555 3108 3669 3161 δια-

413 3184 739 3238 mentionem
776 3184 896 3240 Filii
951 3186 1184 3243 fecerit:
1227 3198 1281 3243 et
1323 3189 1598 3246 multoties
1628 3191 1977 3263 Uuigenitum

2092 3195 2265 3266 φόρως
2297 3195 2767 3267 μνημονεύσαντος
2797 3196 2890 3250 τοῦ
2933 3197 3085 3262 Υἰοῦ,
3116 3197 3209 3251 καὶ
3256 3197 3518 3262 πολλάκις
3569 3215 3668 3270 μο-

413 3269 562 3324 illum
593 3271 968 3341 appellaverit,
999 3290 1101 3330 nec
1128 3276 1323 3330 alicubi
1357 3291 1417 3331 se
1444 3275 1682 3332 Verbum
1741 3280 1978 3332 nomina-

411 3359 571 3424 verit,
607 3361 701 3414 sed
740 3361 940 3431 ubique
966 3378 1060 3432 per
1079 3362 1364 3433 Evangelia
1399 3380 1458 3420 se
1481 3365 1573 3419 Dei
1609 3365 1800 3420 Filium
1826 3383 1980 3422 usur-

412 3451 625 3518 paverit
656 3470 669 3506 :
698 3451 767 3506 ob
796 3467 1022 3524 eamque
1054 3455 1227 3524 ipsam
1264 3454 1661 3512 confessionem
1676 3470 1700 3522 ',
1763 3456 1975 3512 Petrum

407 3541 624 3595 beatum
654 3543 1027 3610 prmdicaverit
1071 3557 1292 3615 pr0pter
1340 3547 1486 3600 illam
1528 3549 1922 3605 confessionem
1957 3565 1970 3601 :

2084 3285 2274 3355 νογενῆ
2309 3285 2435 3342 Υἱὺν
2475 3286 2804 3351 ἀνειπόντος,
2841 3286 2935 3340 καὶ
2964 3287 3231 3358 μηδέποτε
3259 3287 3431 3354 Λόγον
3473 3288 3666 3340 ἑαυτὸν

2081 3377 2534 3443 ἀποκαλέσαντος,
2577 3378 2662 3431 διὰ
2689 3378 2903 3433 πάντων
2940 3378 2997 3431 δὲ
3025 3377 3132 3432 τῶν
3162 3378 3508 3448 Εὑαγγελίων
3537 3379 3666 3432 Υῐδν

2080 3470 2214 3524 Θεοῦ
2241 3467 2377 3525 εἶναι
2400 3471 2730 3536 διδάξαντος,
2765 3473 2850 3538 ἐφ’
2888 3463 2933 3538 ᾧ
2977 3470 3072 3524 καὶ
3109 3470 3406 3541 μακαρίζει
3435 3471 3527 3523 τὸν
3559 3472 3665 3524 Πέ-

2079 3581 2205 3634 τρον
2235 3563 2513 3635 εἰρηκότα,
2547 3563 2629 3617 Σὺ
2656 3559 2718 3617 εἷ
2742 3565 2776 3616 o'
2803 3563 3079 3630 Χριστὸς,
3115 3567 3148 3617 ὀ
3183 3564 3318 3628 Υἱὸς
3369 3563 3477 3617 τοῦ
3510 3563 3663 3619 Θεοῦ

412 3629 491 3686 Tu
529 3647 582 3685 es
605 3633 695 3688 ille
718 3632 979 3700 Christus,
1013 3633 1186 3689 Filius
1220 3635 1314 3690 Dei
1343 3621 1446 3690 uiui
1472 3637 1518 3669 ⁷⁸
1546 3654 1564 3692 :
1602 3639 1752 3709 Cujus
1782 3639 1979 3694 revela-

2092 3653 2184 3707 τοῦ
2213 3653 2455 3722 ζῶντος·
2486 3657 2580 3709 καὶ
2607 3655 2705 3726 τὴν
2737 3654 2938 3725 γνῶσιν
2971 3653 3121 3724 αὐτῷ
3152 3654 3553 3726 ἀποκαλύψεως
3568 3655 3663 3709 τοῦ

409 3720 610 3775 tionem
663 3738 693 3776 a
745 3722 904 3777 Patre
937 3723 1238 3795 profectam
1271 3727 1318 3782 ei
1361 3729 1500 3782 dixit
1529 3730 1849 3794 innotuissc,
1886 3731 1974 3784 ubi

2092 3742 2291 3814 Πατρὸς
2317 3720 2595 3812 γεγονέναι
2627 3720 2894 3815 μαρτυρεῖ
2916 3762 2989 3815 ιρη
2999 3720 3116 3808 σας..
3139 3720 3440 3812 Μακάριος-
3470 3742 3546 3810 εἴ,
3567 3746 3666 3799 Σί-

407 3815 760 3882 testiﬁcatur,
798 3815 995 3872 Beatus
1029 3836 1103 3885 es,
1132 3820 1315 3874 Simon
1335 3820 1592 3891 Barjona,
1638 3826 1906 3892 quiamro
1928 3835 1976 3878 et

2092 3851 2203 3886 uo»-
2224 3833 2510 3902 Βαριωνᾶ,
2542 3837 2630 3889 ὅτι
2659 3836 2816 3905 σὰρξ
2848 3837 2945 3890 καὶ
2972 3831 3116 3905 αἷμα
3147 3839 3261 3890 οὐκ
3301 3835 3666 3905 ἀπεκάλυψέ

409 3909 626 3979 sanguis
656 3910 752 3963 hoc
796 3911 888 3964 tibi
921 3927 1026 3964 non
1063 3913 1329 3981 reuelauit,
1371 3916 1462 3969 sed
1500 3914 1666 3969 Pater
1715 3933 1859 3970 meus
1887 3917 1974 3986 qui

2092 3937 2199 3986 70¢,
2229 3924 2367 3977 ἀλλ’
2411 3926 2445 3977 ὀ
2477 3923 2677 3994 Πατήρ
2697 3942 2820 3995 μου
2850 3927 2882 3979 ό
2929 3923 3239 3992 οίιράνιοςο
3281 3927 3311 3978 6
3348 3925 3664 3996 θαυμαστὸς

409 4009 484 4053 est
508 4001 563 4052 in
586 3999 729 4055 caelis
782 4001 850 4056 ⁷³⁵.
893 4001 991 4056 Vir
1019 4003 1122 4058 iste
1155 4004 1506 4068 admirabilis,
1546 4006 1830 4062 obturatas
1880 4008 1978 4060 ha-

2092 4008 2229 4078 ὦτος
2259 4013 2446 4085 ὥσπερ
2478 4014 2807 4086 βεϐυσμένος
2835 4014 2903 4068 τὰ
2946 4009 3080 4079 ὦτα,
3121 4015 3294 4070 ταῦτα
3335 4017 3482 4070 κατὰ
3513 4017 3663 4083 λέξιν

409 4090 546 4146 hens
577 4105 760 4155 aures,
784 4091 898 4146 hinc
927 4092 1141 4148 disertis
1184 4093 1364 4150 verbis
1417 4097 1604 4151 scribit
1635 4114 1648 4148 :
1687 4115 1706 4149 ι
1741 4097 1806 4152 Ει
1837 4099 1977 4153 hanc

2092 4103 2275 4172 γράφει
2299 4121 2311 4134 ’
2349 4123 2367 4156 ι
2408 4105 2518 4158 Καὶ
2561 4105 2650 4159 διὰ
2673 4105 2831 4160 τοῦτο
2853 4108 2952 4178 οὐχ
2982 4107 3112 4160 Υἱὸν
3151 4107 3286 4160 Θεοῦ
3316 4109 3512 4163 ἑαυτὸν
3542 4110 3661 4161 ὀνο-

409 4182 580 4251 ipsam
619 4181 688 4235 ob
717 4183 977 4238 rationem
1005 4184 1189 4239 nullibi
1225 4201 1284 4240 se
1319 4185 1513 4240 Filium
1545 4188 1638 4242 Dei
1686 4190 1973 4253 nominat,

2092 4211 2100 4243 ι
2143 4194 2322 4264 μάζει,
2355 4194 2488 4250 ἀλλὰ
2510 4197 2783 4268 πανταχοῦ
2813 4198 2940 4252 Υἱὸν
2958 4197 3244 4270 ἀνθρώπου
3267 4199 3460 4252 ἑαυτὸν
3489 4199 3659 4268 λέγει.

411 4271 613 4341 ubique
640 4279 819 4326 autem
841 4272 1038 4329 Filium
1093 4275 1350 4344 hominis,
1402 4286 1459 4329 ιιι
1487 4292 1582 4347 per
1634 4279 1774 4335 hanc
1818 4295 1972 4335 suam

2092 4302 2099 4335 ι
2141 4285 2227 4338 ἵνα
2261 4285 2350 4339 διὰ
2391 4288 2492 4358 τῆς
2545 4288 2799 4360 τοιαύτης
2832 4290 3157 4360 ὁμολογίας,
3214 4289 3327 4360 (60)
3382 4290 3532 4345 θέσει
3568 4291 3660 4346 τὸν

406 4363 826 4430 confessionem,
859 4375 1044 4420 notum
1078 4366 1300 4429 faceret,
1337 4383 1457 4422 eum
1492 4369 1582 4439 qui
1635 4385 1819 4425 revera
1855 4383 1974 4426 erat

2092 4394 2098 4426 I
2140 4377 2443 4448 ἄνθρωπον,
2473 4378 2560 4431 διὰ
2590 4380 2688 4451 τῆς
2710 4379 2844 4452 πρὸς
2859 4380 3019 4434 αὑτὸν
3052 4381 3502 4445 κοινωνίας,Υἱὸν
3521 4383 3660 4437 Θεοῦ

406 4455 582 4512 Filius
604 4457 857 4525 hominis,
881 4467 1100 4528 propter
1127 4461 1555 4514 communionem
1580 4461 1746 4526 illam,
1780 4461 1972 4546 Filium

2092 4486 2104 4518 ι
2144 4468 2394 4535 γενέσθαι
2437 4471 2852 4543 παρασκευάσῃ.
2891 4491 2909 4524 ι
2966 4471 3128 4543 Ὁρᾷς
3187 4473 3339 4535 ὅπως
3374 4473 3503 4526 Υἱὸν
3559 4476 3660 4545 μὲν

406 4547 500 4603 Dei
536 4550 907 4606 constitutum.
952 4569 970 4601 ι
997 4549 1154 4606 Vides
1181 4560 1378 4617 autem,
1413 4553 1552 4620 quod
1584 4568 1688 4608 non
1735 4555 1894 4609 audet
1927 4571 1981 4610 se

2092 4561 2243 4614 αὑτὸν
2273 4561 2367 4614 τοῦ
2391 4562 2528 4616 Θεοῦ
2559 4563 2839 4633 ὁμολογεῖν
2875 4565 2938 4617 οὐ
2962 4564 3155 4635 τολμᾷ,
3187 4565 3262 4630 ῶς
3285 4567 3351 4620 ἂν
3389 4567 3465 4638 μὴ
3495 4568 3660 4620 ἐκπέ-

412 4640 504 4693 Dei
561 4639 754 4696 Filium
802 4643 1084 4710 profiteri:
1137 4659 1204 4696 ne
1248 4659 1277 4696 a
1319 4645 1571 4710 dogmate
1638 4644 1728 4697 illo
1766 4646 1979 4701 excidat

2092 4667 2159 4703 so:
2185 4649 2279 4704 τοῦ
2311 4651 2601 4706 Σαϐελλίου
2622 4654 2909 4724 δόγματος·
2935 4654 3062 4707 Υἱὸν
3084 4654 3140 4707 δὲ
3161 4653 3453 4725 ἀνθρώπου
3479 4655 3656 4719 καλεῖ,

406 4731 736 4788 Sabelliano.
775 4734 974 4790 Filium
1027 4751 1162 4790 vero
1201 4736 1456 4800 hominis,
1493 4744 1714 4805 propter
1754 4751 1973 4792 carnem

2092 4743 2138 4794 it”
2168 4741 2234 4812 ἣν
2262 4741 2516 4814 ἀνείληφε
2552 4744 2748 4816 σάρκα.
2781 4745 2890 4800 Καὶ
2949 4745 3122 4813 Λόγον
3181 4745 3238 4798 δὲ
3289 4745 3356 4799 δι’
3385 4746 3509 4800 ὅλου
3561 4746 3656 4802 τοῦ

404 4820 551 4876 illam
613 4837 772 4892 quam
820 4826 1135 4896 assumpsit,
1187 4825 1453 4879 nominat.
1519 4824 1752 4879 Verbum
1791 4835 1970 4880 autem

2092 4833 2276 4886 tiuelou
2314 4835 2746 4906 συγγράμματος
2777 4835 3032 4907 ὀνομάζει
3067 4836 3304 4906 συνεχῶς
3353 4840 3656 4910 ἐπισημαι-

402 4909 606 4981 ubique
638 4912 692 4966 in
727 4913 819 4969 illo
839 4930 939 4970 suo
962 4915 1164 4984 scripto
1198 4913 1484 4986 compellat
1515 4913 1873 4985 frequentius,
1915 4924 1972 4972 ut

2092 4919 2315 4990 ιόμενος,
2347 4923 2425 4986 ὡς
2453 4923 2604 4977 οὐδὲν
2634 4924 2744 4995 (61)
2773 4925 2957 4996 ἕτερον
2993 4919 3060 4995 ἦν
3105 4925 3293 4993 Λόγος.
3337 4927 3449 4978 Καὶ
3489 4909 3549 4980 ἐν
3571 4923 3655 4993 οἷς

401 5000 667 5057 indicaret
688 5002 844 5069 illud,
874 5003 976 5058 nisi
995 5003 1248 5084 Verbum,
1275 5004 1406 5060 nihil
1434 5020 1655 5066 prorsus
1675 5007 1966 5063 exstitisse.

2092 5013 2113 5064 Γ
2139 5010 2230 5066 οῦν
2261 5015 2353 5067 τὸν
2383 5014 2666 5069 Σαόέλλιον
2699 5017 3520 5090 καταμέμφεται,παρατίθεται
3551 5019 3652 5090 μὲν

473 5124 532 5183 >14
568 5118 665 5176 Ed.
691 5117 891 5186 Paris,
923 5135 1048 5191 pag.
1080 5121 1169 5174 77.
1227 5121 1297 5181 ⁷³,
1341 5122 1530 5178 Matth.
1559 5121 1746 5186 xt,27.
1810 5125 1856 5154 ’⁸
1889 5122 2077 5177 Matth.
2110 5139 2219 5190 xvi,
2251 5124 2334 5178 l6.
2415 5131 2460 5159 ’°
2492 5135 2626 5186 tuto.
2659 5135 2744 5199 16,
2786 5140 2872 5195 17,

468 5279 581 5352 (58)
618 5279 801 5369 'Y‘ullgo
841 5281 1126 5369 ’ἠσφάλθαι
1189 5290 1244 5338 et
1305 5283 1498 5338 ἑαυτὸν
1549 5278 1685 5338 ὧθεν
1739 5297 1795 5341 et
1822 5286 1970 5353 ἄξιος

2092 5291 2300 5369 ψεειιιξη
2334 5311 2351 5363 ;
2390 5296 2752 5369 hoc_vole_l}a_t,
2781 5296 2872 5349 τὸν
2900 5295 3206 5369 ἄνθρωπον,
3238 5310 3430 5366 nempe
3461 5301 3643 5369 φύσει,

400 5346 590 5434 συγ-γλ.
618 5346 686 5434 ξι
834 5346 1190 5434 ἠγνὶυκέναι..
1250 5421 1286 5434 ,ν
1383 5424 1395 5434 _
1548 5422 1589 5434 _.
1703 5424 1716 5434 _
1871 5346 1916 5434 '_
1950 5346 1966 5353 ⁷

2092 5346 2220 5434 least
2248 5346 2844 5424 facint—riDei-Filium.
2881 5346 3099 5434 proprter
3141 5346 3284 5420 illam
3336 5346 3644 5433 wastivi

471 5419 960 5510 ςδεὶμκέψαοῖθιει
977 5422 1051 5510 ἔξ
1079 5422 1226 5510 vis
1250 5421 1333 5510 ita.
1383 5422 1676 5510 meo-ﬁam
1703 5424 1965 5510 ῑιίξοιμιιπι

2092 5431 2241 5510 rl._—_-_
2267 5419 2592 5510 uetuit..ng
2611 5419 2866 5510 μὲνΘεοῦ

327 5515 336 5528 -
401 5491 670 5582 Sa’bellius
699 5491 1464 5582 ιηςωίηξιινλόγοὶυὺιιυίάιρρῐ·
1513 5494 1668 5582 λόγον
1704 5491 1966 5582 intelligat

2136 5504 2249 5582 (61)
2279 5491 2693 5582 Ἕτερον-νῆιξό
2713 5508 2921 5582 Λόγος.
2953 5491 3096 5576 Lege
3109 5491 3170 5582 rei
3305 5510 3335 5562 6
3361 5508 3557 5582 Λόγος,
3592 5511 3643 5565 id

403 5563 696 5644 videamus.
729 5561 869 5644 Num
905 5563 1116 5644 lilium}
1147 5561 1237 5617 Μί
1257 5594 1326 5644 _—
1346 5565 1469 5618 Mox
1514 5561 1672 5644 vulgo
1697 5561 1963 5644 μηδέπξτε
2064 5561 2208 5644 enim
2228 5561 2368 5641 vult,
2402 5561 2683 5634 nullo—alio
2714 5561 2936 5644 nomine
2971 5561 3413 5644 ορῖειιοιῖιιῖιξέ-
3443 5561 3644 5638 δέ.Ἰίιῆ

397 5629 588 5720 Emito):
631 5631 788 5720 λόγον
810 5641 864 5720 et
891 5633 1050 5720 μοῦηό
1078 5635 1394 5720 ἐπουράνιος
1424 5644 1479 5720 et
1523 5629 1676 5700 οὗτος
1697 5629 1708 5636 ’
1728 5629 1958 5708 ὑπερϐε-

2092 5629 2783 5720 egenm'srsumma
2824 5642 2891 5720 ῆν
2923 5648 2957 5715 ἢ
3006 5629 3383 5720 Miami...
3420 5629 3636 5717 ιῑῑδῐ

397 5699 755 5790 ϐυσιμέὶνοςῑθι
783 5699 903 5790 υἱὸν
928 5699 1227 5790 ὰνθρῶπου
1245 5706 1332 5760 ἵνα
1357 5706 1466 5790 διά.
1486 5775 1498 5785 ο
1941 5787 1949 5790 Α

2092 5699 2222 5771 Io‘i'ro
2257 5718 2415 5788 vulgo
2438 5699 2792 5790 παρατίθεται
2821 5699 2937 5781 τ’άς.

471 5771 584 5842 (60)
613 5771 784 5825 Θέσει
837 5775 941 5830 τὸν
991 5771 1320 5845 ἄνθρωπον.
1378 5773 1681 5846 Trajectitia
1724 5785 1867 5844 sunt,
1901 5787 1955 5833 et
