3838 6222
197 360 309 417 857

1099 394 1107 404 ι
1176 362 1268 420 DE
1304 363 1846 422 ECCLESIASTICA
1885 364 2294 424 THEDLOGIA
2329 363 2460 422 LIB.
2499 363 2543 421 1.

3340 356 3451 424 εδδ

197 475 296 539 τὰς
337 471 434 528 τοῦ
464 473 718 547 Σωτῆρος
743 474 948 550 φωνὰς,
987 475 1055 530 δι’
1096 468 1172 532 ὧν
1200 477 1306 550 ἔφη
1333 495 1347 510 ο
1384 479 1596 546 Οὐδεὶς
1624 478 1777 550 ἔγνω

1884 479 1940 533 In
1975 479 2069 535 illo
2093 486 2274 534 autem
2298 493 2458 549 passu
2489 491 2597 547 quo
2629 476 2926 534 Sabellium
2980 455 3225 545 accusat,
3279 474 3448 534 verba

194 566 307 620 τὸν
326 564 558 634 Πατέρα
579 568 633 620 sl
659 567 746 637 μὴ
777 570 811 621 ό
849 567 1002 635 Υἱός,
1031 569 1130 621 καὶ
1157 561 1205 636 ᾧ
1229 570 1305 624 ἂν
1337 573 1370 625 ό
1395 572 1528 638 Υἱὸς
1547 571 1774 626 ἀποκα-

193 658 402 725 λύψει.
437 657 649 730 Ὠσπερ
691 657 748 711 δὲ
797 659 1266 730 ἐπανορθούμενος
1295 661 1485 728 αὐτὰς,
1527 663 1648 717 ἀντὶ
1678 661 1775 716 τοῦ

203 747 345 802 Υῑοῦ
383 749 582 818 Λόγον
620 745 776 812 αὖθις
819 750 1100 820 ὀνομάζει,
1137 745 1240 805 ὦδε
1273 753 1464 822 λέγων·
1504 772 1522 803 ι
1565 751 1778 819 Οὐδεὶς

197 858 219 892 s
257 839 368 910 γὰρ
387 835 534 906 οἶδε,
563 842 716 912 φησὶ,
746 841 852 896 τὸν
877 845 1107 913 Πατέρα
1129 847 1181 898 εὶ
1214 843 1300 914 μὴ
1339 848 1372 898 ό
1409 846 1559 910 Υἱός,
1592 844 1777 898 τουτέ-

195 949 219 982 s
258 950 372 986 στιν
415 935 445 987 ὁ
492 935 703 1004 Λόγος,
743 955 761 985 s
791 937 886 989 καὶ⁷
918 937 1203 1008 ἐπιφέρει·
1238 956 1256 988 ι
1291 937 1347 990 '0
1373 937 1480 1008 γάρ
1511 937 1680 1006 Λόγος
1708 937 1774 991 δι’

201 1042 220 1074 ι
268 1023 461 1076 ἑαυτοῦ
489 1023 585 1096 τὴν
597 1025 809 1097 Πατρὸς
828 1026 1053 1097 παρέχει
1084 1026 1306 1095 γνῶσιν,
1335 1045 1350 1077 ι
1377 1027 1470 1080 καὶ
1490 1025 1776 1097 προστίθη-

194 1132 302 1168 σιν’
333 1135 350 1167 ι
392 1115 674 1171 Ἀδύνατον
704 1112 771 1188 ἦν
803 1118 1002 1189 ἑτέρως
1027 1117 1228 1186 γνῶναι
1245 1119 1334 1171 τὸν
1350 1117 1550 1189 Θεὸν,ἣ
1574 1117 1661 1171 διὰ
1679 1117 1773 1172 τοῦ

201 1225 220 1258 s
235 1206 363 1259 ἰδίου
376 1208 549 1275 Λόγου
561 1247 573 1260 .
590 1210 726 1262 »Καὶ
743 1205 895 1272 αὖθις
911 1211 1122 1278 Λόγον,
1145 1209 1264 1262 ἀντὶ
1280 1209 1371 1262 τοῦ
1397 1209 1553 1273 Υἰοῦ,
1570 1209 1768 1279 τίθησι·

195 1300 294 1353 καὶ
329 1299 419 1351 τὸν
445 1299 598 1368 ἆγιον
637 1300 800 1353 αὑτοῦ
835 1300 1007 1369 Λόγον
1041 1299 1324 1354 ἀποκαλεῖ.
1380 1301 1490 1353 Καὶ⁸
1529 1302 1586 1352 ἐν
1631 1300 1773 1354 οῦτω

194 1390 554 1462 βραχυτάτοις
588 1393 794 1462 ῥήμασι
826 1389 1085 1454 πολλάκις
1137 1392 1233 1462 μὲν
1265 1393 1636 1462 ἐμνημόνευσε
1671 1393 1773 1446 Λό-

189 1501 316 1552 γου,
352 1483 482 1537 Υἱοῦ
501 1485 556 1537 δὲ
581 1485 688 1537 οὐδ’
706 1483 871 1549 ἅπαξ.
901 1485 1057 1537 Ἀλλά
1075 1485 1169 1538 καὶ
1197 1485 1364 1554 αὐτὴν
1388 1484 1481 1538 τοῦ
1520 1486 1770 1556 Σωτῆρος

194 1576 485 1644 μεταποιεῖ
512 1575 611 1645 τὴν
634 1574 812 1646 ῥῆσιν,
837 1575 958 1628 ἀντὶ
989 1574 1104 1639 τοῦ,
1123 1576 1152 1626 ό
1171 1575 1297 1638 Υἱὸς
1317 1574 1558 1643 ἐπάγων,
1585 1575 1771 1629 τουτέ-

194 1680 317 1716 στιν
355 1667 389 1717 ό
417 1666 609 1733 Λόγος
631 1707 646 1730 ,
691 1663 810 1734 οὐχὶ
846 1664 1044 1735 μᾶλλον
1075 1664 1174 1734 τῆς
1207 1663 1300 1717 τοῦ
1338 1664 1465 1721 Υἱοῦ
1496 1665 1768 1734 σημασίας

193 1755 542 1830 ἁρμοζούσης
572 1759 636 1828 τῇ
659 1757 751 1810 τοῦ
784 1757 996 1828 Πατρὸς
1029 1757 1318 1828 ἐπηγορίᾳ.
1351 1755 1512 1809 Ὅθεν
1543 1756 1765 1819 εἰκότως

187 1853 220 1903 ὁ
245 1851 346 1920 μὲν
366 1849 552 1922 Σωτὴρ
583 1848 873 1920 προσφυῶς
903 1850 1181 1919 ἐφήρμοσε
1208 1851 1272 1918 τῇ
1299 1846 1390 1900 τοῦ
1422 1847 1631 1917 Πατρὸς
1667 1846 1766 1918 τὴν
1799 1831 1839 1886 Β

187 1941 288 1994 τοῦ
320 1940 448 1994 Υἱοῦ
483 1939 742 2008 συζυγίαν
761 1957 774 1970 ·
793 1941 821 1992 ὁ
861 1939 918 1992 δὲ
949 1938 1040 1992 τὸν
1071 1938 1197 1991 rem
1223 1940 1394 1991 εἰπεῖν
1423 1936 1767 2009 παραιτησά-

194 2049 360 2104 μενος
381 2033 491 2087 ἀνω
513 2031 662 2086 κάτω
687 2032 779 2086 τὸν
808 2031 978 2099 Λόγον
1006 2029 1118 2099 (6'2)
1150 2029 1333 2100 θρυλεί
1364 2030 1458 2082 καὶ
1479 2027 1766 2082 Σαϐελλίου

191 2127 296 2196 μὲν
345 2125 660 2195 κατηγορεῖ,
711 2122 804 2176 τὸν
851 2123 978 2174 Υἱὸν
1034 2120 1401 2193 ἀρνουμένου·
1459 2121 1650 2174 ταύτὸν
1710 2120 1766 2174 δὲ

187 2217 448 2290 πράττων
493 2217 706 2286 ἐκείνῳ,
743 2214 1155 2287 σχηματίξεται,
1197 2216 1266 2286 τῇ
1295 2215 1414 2269 κατ’
1445 2212 1607 2267 αὑτοῦ
1649 2213 1766 2266 δια-

186 2310 321 2381 ϐολῇ
340 2311 442 2383 τὴν
459 2313 558 2381 τῆς
586 2309 904 2375 κακοδοξίας
927 2309 1183 2361 ὑπόνοιαν
1208 2307 1474 2362 ἐκκλίνειν
1500 2307 1761 2377 οἰόμενος.

185 2403 254 2455 Et
285 2401 384 2472 μὲν
411 2396 504 2455 οὖν
529 2400 607 2471 τῷ
627 2401 898 2472 Σαϐελλίῳ
929 2400 1204 2471 μέμφεται
1231 2400 1322 2454 τὸν
1352 2399 1480 2452 Υἱὸν
1508 2398 1602 2454 τοῦ
1629 2398 1764 2453 Θεοῦ

183 2491 531 2566 ἀρνουμένῳ,
580 2493 756 2564 ἐαυτῷ
777 2494 1040 2564 πρότερον
1063 2493 1200 2564 χρῆν
1237 2491 1548 2563 μέμψασθαι
1571 2508 1585 2522 ο
1627 2493 1676 2546 εί
1707 2492 1764 2545 δὲ

183 2587 274 2640 ὅτι
311 2586 371 2640 ὃν
402 2586 564 2651 αὐτὸς
603 2586 832 2658 ὡρίζετο
865 2587 1056 2655 Λόγον,
1092 2585 1376 2648 Σαϐέλλιος
1417 2584 1634 2654 ἠγνόει·
1664 2585 1765 2640 οὐκ

179 2677 365 2750 ὀρθῶς
387 2676 544 2731 τοῦτό
568 2695 631 2746 γε
657 2679 866 2751 ᾐτιᾶτο.
900 2677 1039 2731 Οὔτε
1064 2677 1173 2749 γάρ
1195 2675 1503 2741 Σαϐέλλιον,
1524 2675 1636 2730 οὔτ’
1663 2677 1764 2730 αὑο

179 2771 315 2835 τοὺς
356 2769 662 2835 Ἰουδαίους,
694 2772 821 2834 τοὺς
847 2770 938 2824 τὸν
962 2769 1196 2841 Χριστὸν
1221 2768 1315 2822 τοῦ
1333 2766 1468 2821 Θεοῦ
1499 2767 1765 2839 ἀρνουμέ-

182 2879 333 2926 νους,
366 2863 426 2915 ὄν
451 2879 582 2933 φησι
608 2861 936 2934 Μάρκελλος.
950 2863 1006 2915 ἐν
1035 2861 1112 2932 τῷ
1139 2859 1257 2931 Θεῷ
1289 2856 1427 2912 εἶναι
1455 2860 1626 2928 Λόγον
1643 2900 1658 2925 ,
1693 2857 1761 2911 δι’

182 2949 248 3008 οὗ
272 2955 462 3008 Musei
489 2953 583 3007 καὶ
615 2955 728 3018 τοῖς
762 2954 1067 3026 προφήταις
1090 2951 1516 3024 κεχρημάτικεν,
1565 2949 1762 3020 ἀγνοῆε-

186 3063 303 3109 σαι,
337 3043 524 3099 τοῦτον
567 3044 622 3098 δὲ
651 3044 895 3116 ἀκριϐῶς
927 3044 1146 3109 εἰδέναι,
1179 3043 1272 3097 καὶ
1307 3045 1335 3096 ό
1361 3044 1468 3106 πᾶς
1495 3041 1637 3095 εἴποι
1671 3039 1758 3107 ἂν,

1880 568 2188 625 Servatoris
2241 569 2728 634 commemoravit,
2771 569 2969 638 quibus
3001 569 3116 623 ait:
3152 567 3322 622 Nemo
3351 583 3448 622 no-

1875 661 1948 715 vit
1975 657 2190 714 Patrem
2215 659 2317 713 nisi
2348 656 2546 725 Filius,
2569 670 2616 713 et
2634 661 2719 713 cui
2747 657 2922 714 Filius
2946 660 3101 714 voluit
3127 659 3356 714 revelare
3375 659 3444 714 ".

1877 751 2009 818 Quae
2053 751 2181 806 dum
2233 750 2446 814 recitat,
2490 759 2744 820 tanquam
2812 761 3184 816 correcturus,
3231 756 3290 815 >14
3345 766 3446 822 pro

1879 841 2024 897 Filio
2078 841 2308 898 Verbum
2353 855 2478 897 eum
2537 841 2854 898 nominavit.
2910 842 3002 897 Sic
3051 842 3192 897 enim
3249 841 3440 896 fatur:

1883 952 1902 985 ι
1948 933 2118 988 Nemo
2141 934 2279 987 novit
2331 931 2548 986 Patrem
2575 933 2675 986 nisi
2705 930 2903 999 Filius,
2937 934 3039 988 hoc
3067 941 3152 988 est
3192 931 3441 1000 Verbum,

1881 1044 1899 1076 ι
1933 1025 2135 1094 quibus
2170 1024 2321 1079 addit
2357 1043 2369 1079 :
2412 1023 2647 1078 Verbum
2683 1023 2882 1078 etenim
2908 1038 3004 1092 per
3037 1037 3099 1079 se
3137 1021 3315 1078 Patris
3345 1039 3443 1079 ex-

1881 1137 1901 1169 ι
1932 1116 2082 1172 hibet
2109 1116 2473 1187 cognitionem
2501 1131 2517 1170 :
2545 1114 2741 1184 quibus
2775 1113 3061 1183 adiungit:
3104 1113 3442 1184 lmpossibile

1881 1231 1899 1262 ι
1931 1207 2195 1278 siquidem
2224 1215 2345 1263 erat
2368 1205 2612 1274 alioquin
2638 1205 2804 1261 Deum
2829 1219 3178 1277 cognoscere,
3217 1205 3320 1260 nisi
3343 1219 3441 1275 per

1878 1322 1896 1355 ι
1932 1302 2204 1372 proprium
2234 1299 2402 1372 ipsius
2441 1298 2699 1356 Verbum.
2736 1318 2756 1355 s
2793 1299 2990 1356 lterum
3013 1309 3192 1356 autem
3223 1315 3320 1369 pro
3351 1299 3442 1355 Fi-

1872 1394 1944 1448 lio
2005 1393 2286 1449 substituit
2353 1391 2616 1448 Verbum:
2650 1399 2706 1447 et
2743 1402 2988 1448 sanctum
3045 1391 3160 1462 ejus
3208 1391 3440 1448 Verbum

1871 1486 2132 1540 nominat.
2171 1483 2326 1553 Sa-pe
2355 1499 2582 1540 numero
2616 1491 2796 1540 autem
2833 1499 2930 1554 per
2971 1498 3133 1540 voces
3159 1494 3267 1539 tam
3301 1497 3438 1554 pau-

1869 1579 2120 1634 cissimas
2152 1577 2339 1645 Verbi,
2373 1576 2558 1632 nullibi
2595 1584 2775 1632 autem
2821 1575 2969 1640 Filii,
3007 1576 3335 1632 mentionem
3365 1574 3439 1630 fa-

1868 1670 1964 1724 cit.
1994 1667 2133 1735 Quin
2160 1679 2215 1726 et
2244 1669 2419 1740 ipsam
2471 1666 2780 1724 Servatoris
2831 1669 3122 1724 dictionem
3172 1666 3439 1723 transfor-

1875 1769 1986 1814 mat
2021 1776 2036 1813 :
2071 1760 2160 1814 ubi
2197 1773 2296 1829 pro
2330 1759 2492 1826 Filio,
2525 1759 2812 1824 subinfert,
2873 1760 2978 1816 hoc
3023 1769 3110 1816 est
3158 1760 3434 1820 Verbum:

1869 1851 2032 1922 idque
2055 1867 2179 1907 cum
2211 1849 2335 1907 Filii
2371 1853 2684 1924 appellatio,
2723 1853 2893 1908 multo
2945 1852 3114 1922 magis
3136 1851 3438 1921 paternita-

1870 1944 1938 1998 tis
1960 1942 2223 2000 vocabulo
2248 1945 2572 2002 conveniret
2611 1961 2771 2016 quam
2802 1943 2963 2000 Verbi
2995 1961 3010 1999 :
3052 1959 3174 1998 cum
3215 1954 3271 2000 et
3322 1945 3439 2012 ipse

1869 2033 2308 2106 Servatorjuxta
2357 2037 2788 2107 congruentiam,
2845 2035 3036 2091 Filium
3090 2049 3214 2091 eum
3277 2033 3439 2088 Patre

1867 2126 2236 2195 copulaverat.
2299 2127 2378 2183 lla
2422 2141 2638 2198 semper
2696 2127 2966 2197 refugiens
3017 2127 3436 2197 appellationem

1867 2217 2009 2282 Filii,
2039 2218 2296 2288 Verbum,
2326 2233 2520 2276 vocem
2553 2235 2754 2290 susque
2780 2219 2954 2289 deque
2987 2226 3186 2274 versat.
3219 2216 3440 2284 ,Sabel-

1866 2310 1997 2364 lium
2025 2318 2174 2366 certe
2213 2309 2434 2365 damna:
2472 2309 2831 2384 abnegantem
2875 2309 3094 2374 Filium,
3143 2317 3200 2364 et
3257 2317 3434 2362 tamen

1865 2415 1926 2456 se
1949 2398 2284 2455 contormem
2309 2399 2482 2455 eidem
2507 2409 2725 2470 praestat
2751 2417 2765 2454 :
2795 2399 2948 2468 quasi
2984 2407 3166 2468 posset
3211 2407 3268 2454 et
3323 2396 3436 2454 vel-

1865 2494 1962 2563 let,
2011 2493 2082 2549 ab
2127 2493 2272 2550 illius
2305 2492 2687 2558 accusatione,
2743 2493 3108 2562 suspicionem
3164 2492 3440 2548 haereseos

1863 2585 2102 2642 amoliri.
2129 2585 2262 2643 Cum
2289 2586 2333 2642 si
2359 2585 2522 2641 vellet
2545 2585 2837 2642 Sabellium
2868 2587 2937 2641 ob
2971 2585 3023 2640 id
3053 2584 3226 2654 ipsum
3251 2584 3436 2639 redar-

1863 2693 2048 2751 guere,
2076 2681 2223 2749 quod
2248 2677 2446 2732 Filium
2473 2677 2562 2732 ille
2600 2678 2694 2734 Dei
2726 2677 3044 2747 abnegaret,
3079 2677 3433 2747 semetipsum

1863 2779 1988 2826 ante
2007 2783 2131 2826 eum
2163 2769 2398 2826 debebat
2426 2783 2707 2826 accusare.
2735 2769 2888 2838 Quod
2915 2769 2963 2824 si
2989 2767 3258 2825 Sabellius
3282 2768 3436 2838 igno-

1863 2862 2041 2927 rabat,
2063 2875 2223 2930 quem
2254 2871 2412 2917 vocat
2454 2862 2570 2933 ipse
2606 2862 2870 2928 Verbum,
2913 2878 3018 2917 non
3055 2870 3173 2916 erat
3197 2861 3300 2916 hoc
3332 2875 3432 2914 no-

1862 2955 2006 3010 mine
2029 2955 2379 3012 incusandus.
2407 2955 2544 3011 Nam
2587 2969 2688 3012 nec
2708 2965 2858 3011 certe
2878 2954 3172 3020 Sabellius,
3218 2969 3286 3010 ne
3311 2953 3437 3024 qui-

1863 3045 1982 3100 dem
2032 3044 2203 3102 Judaei
2255 3047 2349 3116 qui
2406 3045 2681 3104 Christum
2719 3046 2866 3102 illum
2912 3046 3007 3102 Dei
3068 3046 3433 3111 abnuebant,

181 3139 249 3192 οὐ
279 3137 437 3208 μόνον
470 3137 736 3192 Ἰουδαίων
765 3137 899 3190 ἀλλά
928 3137 1021 3191 καὶ
1061 3136 1345 3207 Ἑλλήνων.
1399 3135 1629 3204 Λογικὸν
1653 3131 1762 3205 γάρ

1868 3151 2022 3206 quem
2050 3136 2338 3226 liarcellus
2367 3137 2620 3205 afﬁrmat,
2659 3139 2712 3195 in
2747 3141 2858 3195 Deo
2893 3136 3130 3193 Verbum
3155 3150 3294 3200 esse,
3337 3150 3436 3206 per

179 3230 271 3292 τίς
297 3229 396 3282 ούκ
416 3228 480 3282 ἂν
499 3229 881 3301 ὁμολογήσειεν
907 3225 1047 3282 εἶναι
1073 3227 1164 3281 τὸν
1187 3227 1341 3291 Θεὸν,
1359 3225 1434 3289 ὡς
1461 3226 1555 3279 καὶ
1577 3225 1760 3294 σοφὸν,

183 3322 283 3383 καὶ
308 3322 509 3391 ἀγαθὸν
539 3322 634 3376 καὶ
664 3321 888 3376 δυνατόν
911 3339 926 3386 ;
961 3320 1248 3384 Σαϐέλλιος
1273 3319 1330 3372 δὲ
1352 3319 1511 3372 τοῦτο
1543 3317 1640 3389 μὲν
1663 3317 1766 3370 ούκ

181 3413 254 3470 ἂν
303 3413 562 3486 ἀρνηθείη
603 3414 836 3480 εἰδέναι;
878 3414 960 3467 ὅτι
993 3413 1049 3466 δὲ
1081 3413 1155 3484 μὴ
1200 3411 1293 3466 καὶ
1326 3410 1455 3464 Υίὸν
1495 3409 1588 3463 τοῦ
1626 3406 1763 3462 Θεοῦ

183 3503 365 3569 ζῶντα
401 3505 493 3558 καὶ
522 3504 830 3573 ὑφεστῶτα,
855 3504 989 3557 ὄντα
1009 3520 1069 3558 τε
1090 3503 1184 3556 καὶ
1213 3501 1446 3574 προόντα
1477 3500 1575 3570 τῆς
1629 3517 1764 3573 σαρ-

181 3599 282 3662 κός
337 3598 607 3669 ὁμολογεῖ.
647 3597 865 3667 Ταύτης
900 3597 1062 3650 ἕνεκα
1109 3595 1208 3666 τῆς
1245 3594 1382 3665 πρὸς
1445 3591 1763 3664 Μάρκελλον

185 3686 526 3758 συμφωνίας,
562 3687 763 3756 ὁμοίως
803 3685 955 3756 αὐτῷ
990 3687 1090 3756 τῆς
1121 3684 1214 3738 τοῦ
1253 3685 1388 3738 Θεοῦ
1443 3683 1767 3754 Ἐκκλησίας

181 3779 381 3848 ἠλάθη.
416 3779 538 3842 Πῶς
559 3779 616 3832 δὲ
638 3778 708 3832 τά
743 3778 834 3836 ῐσα
862 3778 1180 3850 Μάρκελλος
1202 3777 1278 3848 τῷ
1301 3776 1574 3848 Σαϐελλίῳ
1605 3776 1767 3848 ἐφρό-

179 3889 287 3934 νει,
320 3871 475 3942 δῆλος
527 3870 593 3925 ἂν
643 3871 729 3941 εἴη
778 3871 838 3935 ἐξ
871 3863 947 3924 ὧν
992 3870 1052 3925 ἒν
1088 3871 1182 3923 καὶ
1236 3870 1431 3924 ταύτὸν
1488 3864 1629 3924 εἶναι
1676 3867 1767 3922 τὸν

177 3963 316 4016 Θεὸν
368 3964 465 4043 καὶ
521 3963 612 4017 τὸν
665 3963 830 4017 αὑτοῦ
862 3963 1032 4033 Λόγον
1079 3962 1431 4029 διεστείλατο,
1496 3962 1626 4016 ποτέ
1667 3960 1768 4032 μὲν

179 4056 367 4118 αὐτοῖς
399 4056 636 4127 ῥήμασιν
664 4053 853 4108 εἰπών.

1864 3239 2026 3296 quem
2049 3216 2279 3282 Mosem'
2307 3237 2362 3284 et
2402 3229 2694 3300 prophetas
2744 3228 3139 3297 alloquebatur.
3178 3224 3291 3282 lmo
3327 3241 3433 3281 non

1863 3315 1964 3371 soli
1988 3331 2046 3372 se
2065 3315 2233 3372 Judaei
2263 3317 2367 3374 hoc
2417 3319 2598 3374 dicent
2658 3319 2900 3389 apprime
2954 3317 3292 3389 intelligere,
3338 3315 3436 3373 sed

1864 3407 1966 3476 ipsi
1999 3407 2166 3462 etiam
2198 3409 2422 3480 pagani.
2450 3408 2586 3464 Nam
2609 3409 2733 3480 quis
2757 3425 2859 3463 non
2897 3409 3064 3464 Deum
3111 3416 3293 3464 mente
3315 3421 3436 3465 esse

1864 3500 2149 3569 prazditum
2175 3500 2456 3568 fatebitur,
2488 3510 2549 3557 ut
2601 3501 2926 3572 sapientem,
2984 3509 3046 3555 ut
3102 3501 3300 3556 bonum
3327 3539 3345 3564 ,
3375 3513 3436 3553 τι

1865 3591 2181 3658 potentem?
2215 3589 2483 3647 Sabellius
2513 3591 2661 3647 nullo
2683 3601 2830 3647 certe
2871 3601 3030 3647 modo
3083 3597 3345 3645 tateretur
3372 3603 3436 3647 so

1862 3683 1965 3738 hoc
1997 3682 2270 3752 ignorare.
2298 3684 2438 3750 Quin
2488 3683 2684 3738 Filium
2708 3682 2803 3739 Dei
2828 3683 3008 3738 vivum
3043 3693 3098 3737 et
3133 3680 3436 3736 subsisten-

1862 3784 1990 3842 tem,
2023 3776 2113 3846 qui
2137 3787 2193 3832 et
2217 3785 2381 3840 esset,
2408 3787 2462 3832 et
2493 3787 2617 3832 ante
2646 3790 2866 3831 carnem
2902 3783 3236 3844 assumptam
3265 3779 3431 3838 esset,

1862 3875 2205 3938 agnosceret.
2244 3866 2312 3922 Et
2345 3878 2522 3923 tamen
2561 3867 2631 3923 ob
2652 3867 2795 3920 hanc
2823 3866 2992 3936 ipsam
3017 3879 3140 3919 cum
3171 3863 3274 3919 hoc
3301 3860 3438 3916 Maro

1864 3958 2001 4014 cello
2029 3961 2572 4026 contesserationem,
2597 3959 2806 4031 ejectus
2834 3957 2923 4013 ille
2960 3956 3061 4012 fuit
3092 3954 3163 4010 ab
3192 3953 3436 4013 Ecclesia

1864 4051 1981 4108 Dei.
2008 4050 2128 4118 Quo
2182 4064 2342 4124 pacto
2399 4064 2583 4108 autem
2641 4051 2925 4108 Marcellus
2959 4051 3190 4115 dicatur,
3243 4047 3432 4103 eadem

180 4161 306 4199 cum
335 4144 570 4201 Sabellio
600 4147 874 4217 opinatus,
940 4148 1286 4205 manifestum
1354 4147 1485 4212 (let,
1539 4153 1826 4216 propterea
1863 4145 2005 4215 quod
2041 4161 2208 4201 unum
2258 4155 2420 4217 atque
2476 4146 2618 4202 idem
2661 4145 2978 4219 proﬁteatur
3024 4143 3216 4208 Deum,
3270 4149 3437 4211 atque

180 4237 353 4308 ipsius
381 4236 476 4293 Dei
506 4235 763 4305 Verbum,
799 4240 952 4295 hisce
990 4241 1283 4311 aliquando
1313 4240 1494 4297 verbis
1520 4252 1676 4294 usus.

814 4335 976 4391 ΚΕΦ.
1015 4335 1116 4392 ΙΖ’.

181 4422 386 4491 ὀπως
419 4422 655 4492 ἠρνεῖτο
685 4424 1240 4551 τυμνῄζτὴξεφᾳλῇ
1271 4427 1386 4497 τὴν
1417 4428 1760 4484 ὑπόστασιν

813 4514 921 4551 του
1021 4515 1122 4551 ου.

813 4514 921 4551 του
969 4514 996 4551 1
1004 4514 1122 4554 ’tov.

259 4607 279 4640 ι
313 4589 377 4642 Et
416 4589 515 4660 μὲν
539 4588 648 4660 γὰρ
676 4590 711 4661 ἡ
740 4589 836 4644 τοῦ
871 4589 984 4659 (6⁸5)
1029 4589 1341 4662 πνεύματος
1383 4588 1628 4657 ἐξέτασις
1672 4589 1761 4660 γί-

187 4699 208 4732 e
253 4696 434 4746 γνοιτο
492 4665 650 4751 μόνη,
685 4679 744 4734 ἒν
792 4680 887 4734 καὶ
923 4681 1118 4735 ταύτὸν
1163 4682 1395 4746 εἰκότως
1427 4681 1562 4736 ave
1591 4680 1763 4750 Λόγος

193 4791 213 4822 σ
255 4767 394 4826 εῖναι
421 4771 500 4842 τῷ
526 4771 646 4843 Θεῷ
673 4773 934 4841 φαίνοιτο·
958 4792 978 4825 s
1006 4772 1118 4841 (64)
1147 4773 1278 4828 ποτὲ
1305 4773 1363 4827 δὲ
1399 4773 1761 4844 παραϐάλλων

173 4864 257 4936 τῷ
289 4865 615 4936 ἀνθρωπείῳ
653 4865 797 4935 λόγῳ
837 4864 930 4918 τὸν
969 4863 1066 4918 τοῦ
1112 4863 1272 4928 Θεοῦ,
1312 4863 1407 4918 καὶ
1467 4864 1753 4934 ἐπιλέγων,

180 4977 199 5009 s
236 4957 298 5010 ἒν
346 4957 442 5010 καὶ
471 4956 666 5010 ταύτὸν
702 4951 841 5010 εἶναι
875 4955 954 5027 τῷ
1007 4955 1332 5026 ἀνθρωπείῳ
1375 4955 1467 5009 τὸν
1520 4955 1578 5008 ἐν
1607 4953 1756 5025 αύτῷ

180 5067 200 5101 s
238 5048 435 5117 Λόγον,
485 5047 663 5123 οὐδενὶ
693 5045 1058 5120 χωριζόμενον
1088 5047 1261 5119 ἑτέρῳ
1291 5047 1326 5119 ἢ
1381 5046 1518 5120 μόνῃ
1553 5047 1620 5117 τῇ
1653 5045 1754 5116 τῆς

255 5187 317 5245 >14
349 5179 450 5236 Ed.
489 5179 690 5247 Paris.,
718 5195 840 5253 pag.
873 5181 964 5248 78,
992 5181 1079 5238 79.
1155 5181 1203 5213 ⁷⁸
1237 5181 1427 5238 Matth.
1453 5198 1532 5248 x1,
1553 5181 1642 5239 27.

256 5394 373 5467 (62)
406 5392 578 5472 Vulgo
609 5393 835 5472 θρύλλει
877 5395 1144 5472 (ξι-’ἐχρῆν
1196 5395 1370 5468 μέμψ.
1427 5406 1485 5454 et
1519 5398 1758 5472 ὁρίζεται

183 5464 361 5538 λόγον
378 5475 433 5519 et
459 5464 777 5538 Μάρκελλος
796 5464 1086 5538 Σαδελλίῴ.

259 5533 372 5606 (65)
424 5533 769 5605 Πνεῦματος
797 5533 1094 5606 ἐξέτασις.
1152 5533 1302 5603 Vult,
1331 5535 1542 5606 opinor,
1572 5547 1630 5594 ut
1671 5553 1760 5596 se-

183 5606 422 5660 cundum
454 5605 732 5670 deitatem,
767 5606 860 5657 vel
879 5605 1113 5660 divinam
1152 5605 1420 5662 rationein
1449 5609 1760 5665 considere-

187 5689 312 5748 t_uus
337 5673 660 5748 Myov,_n_am
681 5672 928 5748 πνεῦμα,
961 5675 1058 5743 ipsi
1081 5675 1298 5748 ponitur
1316 5691 1415 5748 pro
1445 5677 1555 5748 Deo
1585 5696 1600 5733 :
1631 5680 1759 5748 quia

187 5693 312 5800 ἓὲιδ
339 5693 660 5756 Αογονκιιρω
691 5693 928 5756 πνευμαέ
959 5693 1058 5756 ψει
1081 5693 1298 5745 ponitur
1316 5693 1415 5748 pro
1445 5693 1555 5734 Deo
1585 5696 1600 5733 :
1631 5693 1720 5803 (Ψ

267 5754 449 5816 {valor
478 5746 642 5816 dixit,
670 5743 810 5798 Deus
839 5755 1058 5816 spiritus
1091 5755 1173 5816 est,
1191 5745 1374 5816 (Joan.
1405 5761 1481 5815 tv,
1508 5747 1623 5816 24).
1704 5787 1720 5800 .

259 5814 372 5882 (64)
406 5813 554 5869 Ποτέ
583 5812 650 5869 δὲ
689 5813 1108 5884 παραϐάλλων.
1159 5809 1477 5884 Marcellus,
1522 5809 1757 5878 Verbum

1789 4332 1836 4392 D

2390 4332 2449 4391 »Β
2488 4325 2642 4382 CAP.
2680 4324 2844 4383 XVII.

1972 4416 2126 4485 Quod
2147 4417 2576 4487 manifestissime
2601 4428 2839 4490 perneget
2868 4416 3177 4489 hypostasin
3202 4413 3360 4469 Filii.

1935 4529 1956 4563 ι
1997 4511 2086 4583 [Β.
2111 4509 2250 4565 LXII
2272 4510 2396 4567 coll.
2421 4526 2476 4581 p.
2531 4510 2682 4584 107.]
2711 4510 2985 4580 Siquidem
3006 4509 3174 4564 solius
3211 4507 3436 4576 spiritus

1869 4623 1889 4656 ι
1932 4603 2238 4672 disquisitio
2301 4602 2414 4666 iiat,
2467 4602 2709 4667 omnino,
2771 4617 2872 4657 nec
2929 4600 3147 4670 injuria,
3191 4597 3432 4653 Verbum

1865 4715 1884 4747 ι
1927 4711 2088 4749 unum
2115 4705 2277 4764 atque
2305 4695 2446 4750 idem
2478 4711 2602 4750 cum
2635 4694 2744 4750 Deo
2775 4691 3042 4747 videbitur
3059 4707 3200 4747 esse.
3221 4709 3242 4742 ι
3265 4688 3432 4746 Corn-

1859 4801 2066 4857 ponens
2114 4795 2292 4842 autem
2337 4785 2624 4857 aliquando
2665 4784 2901 4840 Verbum
2931 4781 3024 4837 Dei
3047 4796 3168 4836 cum
3193 4780 3436 4836 humano

1862 4874 2058 4938 verbo,
2117 4873 2365 4944 adiungit
2409 4891 2422 4927 :
2459 4891 2480 4926 ι
2534 4871 2706 4928 Unum
2747 4883 2910 4940 atque
2945 4886 3040 4941 per
3060 4868 3243 4926 omnia
3285 4867 3433 4924 idem

1865 4982 1886 5015 ι
1927 4981 2048 5019 cum
2097 4966 2317 5020 homine
2345 4979 2468 5019 esse
2519 4964 2647 5019 illud
2693 4965 2834 5034 quod
2871 4964 2924 5017 in
2951 4964 3066 5033 ipso
3095 4962 3254 5022 inest.
3297 4959 3430 5014 Ver-

1865 5074 1885 5107 ι
1925 5056 2053 5112 bum
2099 5057 2270 5113 nihilo
2298 5057 2514 5130 quidem
2556 5056 2625 5113 ab
2668 5055 2775 5112 alio
2815 5055 3278 5116 discriminatum,
3325 5047 3430 5106 nisi

1858 5398 1974 5462 Dei,
1999 5410 2122 5453 cum
2157 5395 2392 5452 hominis
2419 5394 2587 5451 verbo
2615 5394 3004 5461 componebat,
3031 5401 3082 5446 et
3125 5388 3426 5462 ἐνδιάθετον

1855 5478 1913 5541 et
1936 5458 2287 5541 προφορικόν.
2318 5465 2596 5541 legendum
2620 5464 2700 5536 τῷ
2723 5458 2781 5518 ἐν
2799 5462 3092 5541 ἀνθρῴπῳ,
3117 5476 3220 5541 non
3243 5458 3427 5541 δειξάν-

1859 5531 2132 5610 θρωᾶτείῳζ
2162 5543 2308 5610 patet
2327 5531 2395 5590 ei
2418 5534 2580 5610 paulo
2600 5531 2738 5610 post
2744 5531 3118 5610 sequentibus.
3136 5531 3424 5610 _M.-:Dein

1855 5599 2182 5692 vulgom'kllv
2200 5605 2252 5660 θ.
2288 5623 2352 5692 μζ
2385 5599 2538 5692 οῦδὲν
2707 5599 2798 5675 ἦν.
2823 5599 3224 5692 :[forrolvulgo
3233 5599 3427 5692 .1193.-

1857 5672 2042 5750 ψενίξι
2061 5672 2268 5750 τούτοις
2289 5672 2455 5750 αὐτὸν
2485 5675 2672 5740 εἰπὼν,
2699 5672 2794 5750 πρ.
2831 5684 2886 5731 et
2915 5672 3163 5747 χωρῆσαι
3195 5680 3251 5728 et
3299 5673 3423 5726 ἑπι-

1862 5745 2083 5804 σκόπτει
2105 5758 2159 5806 et
2187 5748 2245 5803 ού
2277 5747 2384 5823 γὰρ
2418 5745 2482 5802 ἄν
2511 5757 2564 5804 ct
2588 5745 2806 5818 «again.
