3838 6222
444 371 552 433 859

1144 366 1413 424 EUSEBll
1451 367 1918 426 CESARIENSIS
1955 369 2103 426 OPP.
2147 369 2322 426 PARS
2356 369 2447 426 IV.
2487 400 2556 414 —
2592 369 3011 427 DOGMATICA.

3579 375 3683 432 860

453 508 477 546 ι
513 487 692 559 operis
721 489 1090 544 tantummodo
1124 489 1382 546 eﬂlcacia.
1430 509 1450 543 ι
1481 490 1746 558 Quocirca
1788 492 1878 546 ubi
1938 490 2009 544 ita

2127 508 2140 542 ι
2176 489 2427 562 πράξεως
2465 490 2733 562 ἐνεργείᾳ..
2763 509 2782 543 ι
2807 491 3028 563 Διόπερ,
3061 491 3192 545 ποτέ
3232 491 3328 562 μὲν
3353 490 3683 562 ἀπεφαίνετο

446 582 652 647 statuit,
704 581 1017 650 priusquam
1073 582 1304 637 mundus
1361 583 1750 650 produceretur
1782 623 1807 656 ,ἢ
1879 583 2012 655 nihil

447 672 672 726 omnino
721 679 917 740 praeter
987 670 1154 734 Deum
1221 671 1509 735 exstitisse,
1563 682 1621 727 et
1681 671 1808 727 alibi
1862 673 2015 734 hisco

447 760 578 828 ipsis
615 759 797 816 verbis
845 761 1058 814 utitur:
1106 779 1126 812 ι
1163 759 1300 816 Cum
1347 761 1586 815 nondum
1634 762 1737 816 iste
1783 762 2014 816 mundus

452 870 473 904 ι
514 851 805 922 productus
849 849 1041 918 fueral,
1093 861 1291 926 praeter
1330 852 1496 906 Deum
1535 851 1750 922 quidem
1815 853 2012 918 solum,

453 961 474 995 ι
515 943 650 998 nihil
703 951 823 998 erat
873 942 1052 1010 aliud;
1085 963 1104 996 ι
1147 953 1200 996 et
1245 943 1333 998 ubi
1382 942 1622 997 divinum
1687 943 1818 999 illud
1881 943 2014 998 Ver-

449 1035 616 1100 bum,
687 1042 869 1090 nostro
926 1034 1221 1096 indicativo.
1276 1049 1372 1103 per
1431 1035 1617 1089 omnia
1695 1035 2016 1090 aSsimilavit

447 1129 634 1192 verbo,
685 1127 737 1181 in
776 1128 970 1196 quibus
1005 1127 1105 1182 ista
1139 1127 1333 1181 scribit
1387 1125 1480 1198 [Β.
1537 1125 1627 1181 LV
1661 1127 1782 1183 coll.
1841 1141 1894 1196 p.
1945 1127 2016 1182 59

452 1219 514 1274 Ι).
548 1219 649 1273 Ml
679 1219 737 1274 D.
767 1217 972 1290 l258.]
1017 1234 1076 1271 ιι
1117 1217 1576 1284 Quemadmodum
1630 1233 1717 1273 res
1752 1221 2015 1274 universa:

457 1329 476 1362 ι
517 1325 636 1380 quae
662 1310 938 1380 producta:
961 1309 1192 1374 fuerunt,
1218 1325 1248 1364 a
1275 1308 1435 1364 Patre
1462 1311 1896 1380 producebantur
1918 1324 2014 1378 per

460 1421 478 1452 ι
522 1400 779 1468 Verbum,
836 1401 903 1455 ad
933 1400 1180 1456 eumdem
1205 1400 1418 1455 modum
1447 1410 1502 1458 et
1522 1417 1642 1472 quae
1673 1418 1702 1455 a
1750 1402 1910 1456 Patre
1929 1402 2014 1456 di-

456 1513 474 1542 σ
511 1494 792 1552 cebantur,
823 1508 920 1564 per
936 1493 1171 1548 Verbum
1207 1495 1434 1549 indicem
1457 1494 1808 1551 edebantur.»
1835 1495 2014 1565 Atque

451 1586 549 1650 ita,
578 1599 698 1639 cum
731 1585 832 1640 hoc
858 1592 1012 1654 pacto
1055 1584 1404 1640 indicativum
1431 1583 1655 1639 verbum
1690 1584 2009 1654 compellans-

450 1683 535 1730 set
577 1675 774 1745 ipsum.
810 1689 1062 1730 sermone
1108 1676 1484 1745 progrediente
1532 1683 1710 1728 tamen
1760 1676 2011 1730 eumdem

451 1767 626 1834 ipsum
671 1780 700 1818 a
732 1763 890 1820 Patre
921 1765 1332 1834 inseparabilem
1356 1766 1693 1834 pronuntiat,
1721 1765 1862 1834 quod
1889 1780 2010 1833 spe-

448 1862 565 1908 ctat
605 1854 672 1907 ad
720 1853 1042 1924 hypostasin
1101 1871 1290 1922 suam,
1349 1870 1622 1924 unumque
1673 1871 1797 1910 cum
1853 1855 2013 1911 Patre

451 1953 614 2015 atque
661 1945 798 1998 idem
851 1945 1028 2009 docet,
1079 1947 1227 2001 hisce
1272 1946 1500 2002 verbis:
1542 1966 1562 1998 ι
1603 1946 1783 2016 Atque
1843 1947 2011 2012 istud,

455 2053 476 2084 ι
516 2035 728 2104 opinor,
780 2036 872 2106 qui
905 2047 1050 2091 recte
1096 2038 1280 2092 volunt
1321 2051 1534 2106 sapere,
1582 2053 1687 2092 non
1708 2027 2012 2092 admodum

456 2142 476 2174 ι
513 2124 802 2180 diliiculter
829 2127 1105 2182 collecturi
1137 2136 1262 2182 sunt
1291 2129 1359 2181 ab
1386 2128 1510 2181 exili
1542 2128 1777 2198 quodam
1830 2139 1882 2183 et
1908 2129 2013 2183 hu-

455 2234 476 2266 ι
517 2214 628 2269 mili
676 2215 819 2270 inter
848 2216 1093 2272 homines
1116 2217 1380 2288 exemplo.
1407 2217 1540 2271 Nam
1573 2234 1670 2272 nec
1694 2219 2011 2285 humanum,

456 2327 475 2356 ι
523 2305 592 2361 ab
621 2306 838 2362 homine
868 2309 1111 2388 verbum,
1138 2319 1406 2377 poteStatc
1442 2311 1621 2380 quivis
1653 2319 1707 2366 et
1737 2311 2014 2382 bypostasi

455 2417 474 2448 ι
517 2397 871 2467 separaverit.
910 2399 998 2453 Est
1031 2400 1178 2454 enim
1207 2401 1454 2467 verbum,
1482 2417 1646 2456 unum
1680 2410 1841 2472 atque
1873 2403 2014 2458 idem

455 2505 474 2537 ι
507 2503 630 2543 cum
657 2489 873 2544 homine
904 2503 919 2542 :
949 2504 1054 2544 nou
1078 2489 1234 2544 aliter
1259 2490 1479 2545 omnino
1509 2492 1832 2562 separabile,
1851 2507 2012 2561 quam

458 2597 481 2628 ο
515 2577 680 2632 solius
720 2579 1052 2648 operationis
1096 2577 1310 2633 ell'ectu.
1345 2598 1363 2632 ι
1389 2578 1505 2647 Qua
1557 2581 1909 2636 similitudine
1958 2591 2015 2635 et

453 2667 579 2722 alibi
610 2683 737 2723 usus
763 2678 866 2734 est,
899 2670 984 2725 ubi
1018 2671 1094 2724 ait
1124 2670 1214 2742 [ιι.
1249 2670 1382 2744 LVI]
1412 2689 1426 2725 :
1463 2689 1482 2723 ι
1513 2672 1858 2741 Quaecunque
1889 2683 2016 2728 sunt

458 2778 478 2810 ι
521 2773 641 2828 quae
663 2757 822 2814 Pater
845 2759 989 2829 loqui
1020 2759 1462 2830 deprehenditur,
1507 2762 1596 2816 illa
1626 2763 1808 2816 omnia
1837 2763 2015 2833 prolo-

457 2867 478 2901 ι
519 2850 702 2920 quitur
731 2865 828 2917 per
857 2848 1089 2904 Verbum
1139 2866 1316 2904 suum.
1361 2854 1539 2921 Atque
1590 2853 1693 2908 hoc
1749 2853 1802 2906 in
1862 2855 2018 2911 nobis

461 2956 481 2993 ι
525 2941 655 3008 ipsis
681 2951 905 3010 apparet
931 2954 1052 2994 esse
1085 2941 1177 3003 ita,
1207 2941 1471 3012 siquidem
1495 2945 1677 3014 parvis
1707 2944 1866 2998 liceat
1897 2960 2014 2998 ma-

461 3050 479 3083 ι
520 3047 624 3102 gna
652 3047 992 3102 componere.
1043 3031 1177 3086 Nam
1207 3048 1540 3103 quascunque
1590 3051 1687 3091 nos
1730 3036 1882 3104 juxta
1919 3054 2018 3092 no-

2115 581 2220 653 πρὸ
2241 582 2340 652 τῆς
2365 581 2459 635 τοῦ
2490 582 2698 652 κόσμου
2743 581 3053 645 συστάσεως
3096 582 3262 654 μηδὲν
3309 583 3499 654 ἕτερον
3547 579 3685 639 εἶναι

2116 666 2254 745 πλὴν
2295 673 2465 737 Θεοῦ,
2524 674 2619 744 καὶ
2671 673 2834 728 πάλιν
2879 675 3062 738 αὐτοῖς
3099 675 3336 746 ῥήμασιν
3371 675 3578 744 ἔλεγεν,
3607 677 3685 731 ὅτι

2119 785 2138 816 ‹
2185 767 2351 837 μήπω
2382 765 2476 819 τοῦ
2509 766 2711 838 κόσμου
2737 766 3038 835 γεγονότος,
3060 766 3212 819 οὐδὲν
3252 765 3439 838 ἕτερον
3461 761 3531 837 ἦν
3552 766 3684 836 πλὴν

2120 876 2138 906 ι
2183 857 2318 910 Θεοῦ
2367 858 2564 928 μόνου·
2607 876 2626 908 ι
2679 857 2809 910 ποτέ
2848 855 2906 910 δὲ
2941 856 3020 928 τῷ
3057 857 3312 929 ἡμετέρῳ
3363 858 3683 929 σημαντικᾷ

2115 949 2258 1019 λόγῳ
2293 949 2384 1003 τὸν
2415 947 2509 1002 τοῦ
2535 947 2669 1002 Θεοῦ
2701 947 3056 1020 παρέϐαλλεν,
3087 950 3145 1002 ἐν
3170 943 3253 1013 οἷς
3281 941 3383 1004 ὦδε
3404 949 3650 1021 ἔγραφεν
3676 966 3687 978 ·

2121 1059 2139 1092 ι
2164 1041 2377 1112 Ὠσπερ
2402 1040 2473 1094 τὰ
2491 1040 2752 1109 γεγονότα
2780 1039 2957 1095 πάντα
2985 1040 3088 1094 ὑπὸ
3119 1039 3214 1094 τοῦ
3249 1040 3466 1112 Πατρὸς
3484 1039 3576 1093 διὰ
3594 1041 3690 1094 τοῦ

2121 1150 2138 1181 ι
2187 1131 2360 1200 Λόγου
2398 1130 2640 1200 γέγονεν,
2694 1129 2839 1183 οὕτω
2873 1129 2968 1183 καὶ
3019 1129 3087 1182 τὰ
3135 1128 3402 1199 λεγόμενα
3441 1129 3547 1182 ὑπὸ
3595 1129 3690 1181 τοῦ

2119 1240 2138 1268 ι
2179 1221 2394 1293 Πατρὸς
2422 1221 2510 1275 διά
2540 1219 2635 1274 τοῦ
2665 1220 2838 1288 Λόγου
2863 1219 3205 1291 σημαίνεται.
3248 1237 3268 1271 ι
3309 1219 3421 1273 Καὶ
3447 1219 3512 1291 δὴ
3534 1219 3692 1286 λόγον

2116 1310 2444 1384 σημαντικὸν
2467 1313 2525 1365 ἐν
2567 1311 2775 1374 τούτοις
2805 1310 2966 1364 αὑτὸν
3006 1309 3262 1373 ἀνειπὼν,
3302 1309 3505 1381 προῖὼν
3541 1310 3691 1378 ἑξῆς,

2115 1401 2415 1474 ἀχώριστον
2460 1401 2722 1472 αὑτὸντῇ
2766 1401 3080 1466 ὑποστάσει,
3106 1400 3164 1456 ἐν
3195 1402 3290 1454 καὶ
3317 1401 3514 1455 ταύτὸν
3548 1397 3694 1454 εἶναι

2112 1495 2190 1564 τῷ
2238 1495 2413 1566 Πατρὶ
2459 1493 2816 1563 παρίστησιν,
2861 1484 2965 1544 ὧδέ
3007 1508 3084 1562 πη
3135 1491 3337 1558 λέγων·
3379 1507 3399 1540 ι
3439 1487 3695 1542 Τοῦτοδέ

2120 1605 2140 1637 ι
2185 1585 2362 1657 ῥᾴδιον
2385 1581 2663 1654 οἷμαιτοῖς
2687 1581 3027 1654 εύφρονοῦσι,
3061 1583 3155 1636 καὶ
3183 1581 3292 1635 ἀπὸ
3317 1579 3515 1652 μικροῦ
3543 1597 3695 1643 τινος

2119 1697 2136 1727 ι
2183 1677 2276 1730 καὶ
2289 1674 2541 1730 ταπεινοῦ
2558 1674 2678 1728 καθ’
2695 1675 2844 1745 ἡμᾶς
2856 1671 3294 1744 παραδείγματος
3316 1671 3542 1740 γνῶναι.
3556 1670 3695 1723 Οὐδὲ

2121 1787 2137 1817 ι
2180 1766 2288 1839 γὰρ
2321 1767 2413 1820 τὸν
2443 1765 2536 1819 τοῦ
2558 1764 2844 1837 ἀνθρώπου
2865 1763 3023 1832 λόγον
3037 1764 3262 1834 δυνάμει
3284 1763 3379 1816 καὶ
3397 1763 3695 1818 ὑποστάσει

2123 1878 2142 1910 ι
2183 1859 2413 1930 χωρίσαι
2435 1860 2541 1911 τινὶ
2571 1857 2812 1912 δυνατόν.
2845 1857 2943 1910 Ἐν
2984 1856 3093 1926 γάρ
3121 1857 3236 1908 ἐστι
3269 1854 3362 1908 καὶ
3389 1853 3587 1924 ταύτὸν
3616 1854 3696 1925 τῷ

2125 1971 2142 2003 ι
2183 1949 2451 2022 ἀνθρώπῳ
2475 1951 2504 2002 ὁ
2530 1949 2705 2019 λόγος,
2746 1950 2841 2003 καὶ
2864 1948 3041 2002 οὐδενὶ
3083 1946 3452 2020 χωριζόμενος
3497 1946 3694 2022 ἐτέρῳ,

2125 2063 2143 2095 ι
2187 2045 2222 2113 ἢ
2253 2021 2392 2114 μόνῃ
2426 2021 2493 2113 τῇ
2522 2041 2623 2111 τῆς
2652 2041 2906 2112 πράξεως
2937 2039 3211 2112 ἐνεργείᾳ.
3244 2057 3263 2089 ›
3304 2039 3416 2093 Καὶ
3443 2021 3601 2101 αὖὋις

2119 2136 2253 2206 αὑτῇ
2291 2135 2553 2206 κέχρηται
2586 2132 2751 2185 εἰκόνι
2783 2134 2840 2184 ἐν
2879 2127 2962 2195 οἷς
2990 2147 3154 2202 φησι·
3193 2148 3212 2182 ι
3251 2130 3437 2184 Πάντα
3462 2129 3572 2199 γὰρ
3595 2129 3699 2183 ὅσα

2126 2247 2145 2278 ‹
2187 2227 2252 2280 ἂν
2283 2228 2311 2280 ὁ
2347 2225 2536 2298 Πατὴρ
2563 2223 2721 2297 λέγῃ,
2744 2223 2918 2277 ταῦτα
2963 2221 3240 2292 πανταχοῦ
3273 2221 3365 2274 διὰ
3389 2221 3493 2274 τοῦ⁸
3520 2221 3696 2289 Λόγου

2126 2339 2143 2370 ι
2183 2319 2355 2388 λέγων
2387 2319 2651 2388 φαίνεται.
2670 2316 2842 2371 Τοῦτο
2871 2317 2928 2371 δὲ
2954 2316 3112 2387 δῆλόν
3145 2316 3266 2368 ἐστι
3287 2315 3385 2369 καὶ
3414 2316 3510 2384 ἀφ’
3534 2314 3694 2385 ἡμῶν

2125 2431 2144 2463 ι
2191 2411 2392 2474 αὑτῶν,
2427 2411 2527 2464 ὅσα
2558 2408 2730 2481 μικρά
2764 2407 3020 2480 μεγάλοις
3044 2407 3137 2461 καὶ
3167 2406 3332 2470 θείοις
3370 2406 3696 2460 ἀπεικάσαι.

2127 2524 2143 2556 ι
2190 2504 2301 2557 Καὶ
2346 2504 2512 2574 ἡμεῖς
2540 2501 2669 2572 γάρ,
2707 2499 2884 2554 πάντα
2913 2499 3016 2552 ὅσα
3043 2497 3109 2552 ἂν
3149 2496 3425 2568 θέλωμεν,
3459 2495 3607 2550 κατά
3638 2494 3702 2548 τὸ

2126 2615 2143 2646 ι
2182 2593 2401 2647 δυνατὸν
2429 2591 2606 2659 λέγειν
2630 2607 2692 2643 τε
2724 2590 2818 2644 καὶ
2840 2591 3033 2654 ποιεῖν,
3050 2587 3128 2658 τῷ
3152 2586 3408 2658 ἡμετέρῳ
3433 2586 3700 2656 ποιοῦμεν

2127 2707 2144 2738 ι
2183 2687 2346 2758 λόγῳ.
2391 2704 2410 2738 ι
2443 2681 2629 2737 Ταῦτα
2661 2683 2721 2736 οὐ
2764 2681 2964 2752 μᾶλλον
2997 2678 3316 2751 Μαρκέλλου
3345 2677 3699 2750 ἢΣασελλίου

2120 2779 2362 2847 λέγοντος
2407 2773 2624 2830 ἀκούειν
2661 2774 2925 2844 προσήκει
2945 2769 3204 2842 νομίζειν,
3229 2771 3278 2823 εί
3313 2769 3388 2840 μὴ
3412 2769 3522 2840 ἀρα
3553 2769 3701 2824 τοῖς

2121 2867 2457 2922 ἐπισκώπτοι
2484 2864 2756 2935 Σαδελλίῳ
2786 2861 3127 2935 Μάρκελλος,
3143 2862 3227 2914 ὃτι
3255 2860 3331 2932 μὴ
3357 2860 3590 2924 ἀναιδῶς
3607 2859 3699 2914 τὸν

2122 2965 2180 3016 ὲν
2207 2959 2285 3030 τῷ
2311 2957 2430 3029 Θεῷ
2458 2956 2791 3028 σημαντικὸν
2818 2956 3010 3023 Λόγον,
3051 2952 3128 3018 ὡς
3159 2953 3322 3016 αὑτὸς
3343 2952 3538 3018 οἴεται,
3571 2951 3700 3005 Υίὸν

2121 3051 2320 3122 ἐτόλμα
2340 3047 2641 3120 ὀνομάζειν.
2673 3047 2748 3101 Οὐ
2772 3046 2880 3118 γὰρ
2907 3041 2974 3100 αὖ
3008 3044 3242 3116 τοσαύτη
3270 3043 3419 3114 αύτῷ
3434 3041 3698 3112 λογισμοῦ

459 3155 469 3166 -
522 3133 694 3176 strum
724 3136 912 3190 posse,
955 3123 1134 3177 dicere
1165 3123 1246 3176 vel
1285 3123 1467 3180 facere
1503 3128 1887 3197 cupiverimus,
1922 3144 2018 3193 per

467 3229 484 3238 ρ
524 3221 762 3238 ..ληι-...υι
813 3228 908 3238 ...ι-ι.
961 3213 1181 3238 -..ι-ὶι.......
1232 3215 1317 3238 :II-
1356 3215 1537 3238 -112-.-
1576 3219 1759 3238 _l_s--___
1896 3219 2012 3238 ll,,_

2127 3145 2302 3216 παρῆν
2325 3143 2498 3205 ἀνοια,
2518 3141 2593 3205 ὡς
2621 3140 2790 3209 Λόγον
2819 3139 3018 3210 ὁμοίως
3035 3135 3362 3209 ἀνθρώποις,
3371 3135 3482 3238 ’καὶ
3509 3133 3593 3204 τῷ
3610 3133 3701 3186 ἐπὶ

461 3229 484 3265 α
523 3221 764 3268 nostrum
813 3228 912 3268 nos
961 3213 1186 3268 verbum
1231 3215 1322 3272 illa
1350 3215 1544 3272 ell'ecta
1571 3219 1782 3274 damus.
1838 3238 1857 3272 ι
1893 3219 2020 3275 Ηαιο

457 3319 557 3359 nos
598 3313 810 3373 oportet
855 3305 1168 3363 existimare
1216 3323 1324 3363 non
1352 3311 1528 3364 minus
1566 3309 1880 3366 Marcellum
1938 3312 2020 3368 di-

457 3401 671 3448 centem
710 3395 919 3458 audire,
956 3411 1118 3465 quam
1155 3395 1470 3455 Sabellium.
1513 3399 1622 3456 Nisi
1672 3401 1810 3458 forte
1837 3403 2019 3458 riden-

455 3487 583 3539 dum
624 3485 843 3542 volebat
871 3487 1164 3542 Sabelliqu
1209 3488 1495 3546 Marcellus
1534 3492 1854 3562 propinare;
1895 3494 2020 3564 quia

459 3593 565 3633 non
616 3576 871 3646 audebat,
935 3580 1076 3650 quod
1124 3596 1289 3638 ausus
1315 3592 1399 3638 est
1454 3584 1587 3654 ipse,
1622 3584 1854 3640 Verbum
1896 3586 2024 3642 illud

457 3668 554 3725 Dei
593 3669 977 3738 indicativum,
1021 3676 1167 3743 quod
1207 3675 1479 3730 existimat
1534 3684 1775 3744 tantum,
1826 3677 2022 3732 Filium

458 3762 554 3818 Dei
595 3763 894 3820 nominare.
937 3765 1097 3822 Certe
1149 3783 1256 3822 non
1305 3783 1372 3822 eo
1398 3768 1642 3838 prorupit
1685 3768 1731 3822 is
1777 3769 2021 3835 insania’,

460 3863 521 3908 ut
554 3869 884 3922 sermonem,
938 3871 1034 3926 per
1083 3859 1264 3911 omnia
1301 3858 1539 3913 butnano
1589 3859 1920 3914 simillimum
1962 3867 2020 3924 ὦ

462 3945 574 4000 Deo
598 3945 836 4000 omnium
887 3961 1142 4013 supremo
1175 3947 1399 4001 auderet
1429 3947 1724 4002 ascribere.
1776 3947 1883 4002 Sed
1925 3963 2028 4003 nec

458 4049 526 4088 eo
551 4035 796 4090 stultitia:
824 4035 1060 4098 devenit,
1090 4046 1148 4089 ut
1183 4037 1407 4092 verbum
1441 4037 1658 4108 aliquod
1710 4054 1814 4093 non
1847 4039 2028 4094 subsi-

459 4143 633 4200 stens,
677 4132 876 4187 Filium
930 4133 1024 4188 Dei
1054 4133 1377 4188 nominaret.
1434 4132 1696 4199 Quocirca
1731 4135 1822 4204 qui
1863 4150 2026 4189 unum

461 4223 596 4279 dixit
638 4223 803 4277 Deum
851 4222 1138 4290 Sabellius,
1189 4221 1382 4278 Filium
1406 4238 1533 4278 vero
1565 4224 1870 4294 abnegavit,
1901 4241 2030 4279 con-

459 4325 788 4386 sequenter,
845 4315 1136 4371 secundum
1189 4331 1340 4370 suam
1393 4316 1810 4384 suppositionem
1880 4331 2031 4369 euut-

457 4408 579 4461 dem
633 4406 920 4462 alIirmavit
944 4405 1182 4469 Patrem,
1216 4420 1375 4474 quem
1415 4413 1470 4461 et
1508 4403 1722 4460 Filium.
1753 4405 2032 4461 Marcellus

2123 3236 2338 3290 πάντων
2372 3235 2568 3289 διδόναι
2599 3231 2736 3303 Θεῷ.
2781 3230 2904 3284 Οὐδ’
2931 3228 3104 3292 οῦτως
3137 3227 3343 3298 ἠλίθιος
3370 3221 3462 3298 ἦν,
3490 3225 3571 3288 ὡς
3611 3224 3700 3278 τὸν

2125 3327 2200 3399 μὴ
2222 3325 2504 3396 ὑφεστῶτα
2526 3325 2712 3394 λόγον,
2741 3322 2868 3376 Υίὸν
2884 3320 3018 3374 Θεοῦ
3039 3319 3242 3374 καλεῖν.
3267 3318 3487 3388 Διόπερ,
3511 3314 3702 3368 mea.

2121 3419 2232 3483 λιος
2285 3419 2382 3472 ἕνα
2437 3417 2568 3470 Θεὸν
2621 3413 2811 3478 είπὼν,
2866 3412 2959 3466 τὸν
3017 3410 3076 3464 δέ
3123 3409 3252 3463 Υίὸν
3297 3407 3700 3479 ἀρνησάμενος,

2122 3509 2404 3581 ἑπομένως
2441 3511 2508 3578 τῇ
2554 3505 2703 3576 αὐτῷ
2731 3503 2948 3576 δοθείσῃ
2983 3500 3257 3564 ὑποθέσει,
3285 3499 3375 3553 τὸν
3406 3498 3571 3552 αὑτὸν
3593 3497 3704 3549 Πα-

2122 3600 2256 3668 τέρα
2277 3593 2413 3651 εἷναι
2435 3599 2527 3649 καὶ
2542 3594 2668 3648 Υίὸν
2691 3593 2913 3662 ἔφασκε.
2932 3589 3252 3663 Μάρκελλος
3273 3588 3329 3642 δέ
3348 3587 3481 3659 (65),
3505 3586 3704 3658 ὁμοίως

2125 3689 2318 3759 ἐκείνῳ
2341 3687 2399 3740 ἓν
2424 3687 2519 3739 καὶ
2541 3683 2736 3738 ταύτὸν
2766 3678 2905 3735 εἶναι
2940 3681 3032 3733 τὸν
3054 3679 3207 3744 Θεὸν,
3242 3678 3337 3731 καὶ
3357 3677 3449 3730 τὸν
3475 3678 3534 3730 ἐν
3557 3675 3706 3744 αὑτῷ

2126 3775 2298 3842 Λόγον
2329 3771 2522 3836 διδοὺς,
2561 3772 2736 3842 μάτην
2764 3767 3028 3837 ἐσφάλθαι
3055 3767 3144 3819 τὸν
3168 3764 3476 3827 Σαϐέλλιον,
3509 3764 3630 3836 οὐχὶ
3651 3764 3705 3815 δὲ

2129 3867 2221 3920 καί
2247 3864 2436 3919 ἐαυτὸν
2463 3861 2732 3934 ὁμολογεῖ.
2777 3860 2848 3913 Ἦ
2897 3859 3008 3930 γὰρ
3046 3857 3294 3910 κάκεῖνον
3343 3854 3704 3926 ἀποδέχεσθαι

2129 3956 2286 4028 χρῆν,
2313 3954 2347 4024 ἢ
2379 3955 2474 4006 καὶ
2511 3949 2674 4006 αὐτὸν
2712 3947 3022 4021 μέμφεσθαι
3047 3962 3062 3976 ο
3097 3948 3131 4018 ἢ
3171 3947 3527 4018 μεμφόμενον
3565 3946 3705 3999 ἐκεῖ·

2130 4065 2242 4113 νον,
2280 4046 2378 4118 τὴν
2415 4044 2607 4115 ὁμοίαν
2639 4041 2790 4112 αὑτῷ
2829 4037 3148 4104 κακοδοξίαν
3187 4037 3576 4109 ἐκτρέπεσθαι,
3613 4037 3709 4090 καὶ

2134 4135 2208 4208 μὴ
2236 4131 2672 4206 ἀνδριαντοποιοῦ
2709 4131 2864 4200 δίκην
2901 4126 3248 4182 ὑποτίθεσθαι
3290 4126 3384 4180 τὸν
3429 4125 3588 4191 Θεὸν,
3640 4129 3708 4196 τῇ

2133 4225 2324 4280 ἐαυτοῦ
2365 4225 2658 4296 ἐνθυμήσει
2686 4223 2780 4276 καὶ
2803 4219 2879 4291 τῷ
2907 4219 3020 4290 ίδίῳ
3040 4217 3287 4289 λογισμῷ
3328 4215 3712 4289 προσδιαλεγό-

2137 4336 2316 4392 μενον,
2350 4317 2508 4371 αὑτόν
2535 4333 2594 4370 τε
2625 4313 2801 4385 ἐαυτῷ
2835 4310 3339 4385 παρακελευόμενον
3359 4310 3565 4379 λέγειν,
3593 4309 3711 4379 (66)

2137 4413 2271 4479 Ἀγε
2315 4407 2650 4477 ποιήσωμεν,
2693 4403 2795 4479 άγε
2840 4401 3133 4473 πλάσωμεν
3178 4399 3498 4472 ἀνδριάντα.
3557 4399 3713 4453 υῦτω

458 4515 588 4554 vero
618 4501 710 4571 qui
747 4499 970 4564 perinde
1023 4507 1186 4568 atque
1233 4499 1322 4552 ille
1355 4499 1518 4552 Deum
1564 4513 1728 4551 unum
1779 4499 2019 4567 idemque

2136 4501 2242 4570 γὰρ
2264 4499 2356 4552 καὶ
2376 4497 2467 4550 τὸν
2476 4495 2606 4548 Θεὸν
2623 4493 2899 4566 εἰρηκέναι
2912 4493 2994 4556 τὸ,
3011 4491 3363 4561 Ποιήσωμεν
3376 4492 3712 4560 ἄνθρωπον,

459 4593 731 4648 statuebat
759 4608 881 4649 cum
918 4589 1093 4647 Verbo
1119 4607 1238 4655 sun,
1267 4591 1448 4660 inepte
1475 4601 1699 4645 accusat
1725 4590 2022 4645 Sabellium

457 4686 683 4752 erroris,
711 4701 933 4755 prorsus
960 4687 1061 4740 nisi
1094 4700 1153 4740 se
1177 4694 1231 4740 et
1259 4698 1471 4739 errasse
1498 4681 1749 4739 fateatur.
1781 4682 1912 4737 Nam
1946 4684 2029 4738 vel

461 4792 585 4833 cum
631 4777 864 4832 Sabellio
894 4779 1215 4846 conspirare
1265 4776 1519 4840 debebat,
1560 4775 1643 4829 vel
1673 4776 2024 4842 semetipsum

461 4871 815 4939 redarguere,
855 4880 948 4924 aut
988 4870 1033 4925 si
1084 4869 1412 4938 redarguere
1452 4866 1750 4922 Sabelliqu
1792 4864 2026 4930 volebat,

461 4963 705 5018 eamdem
753 4978 969 5034 pravam
1005 4979 1156 5018 suam
1202 4961 1450 5016 haeresim
1494 4957 1746 5027 abiurare
1775 4974 1898 5014 eum
1938 4959 2030 5013 de-

461 5057 628 5111 cuit:
671 5071 771 5111 nec
820 5055 1113 5111 admodum
1168 5054 1399 5124 alicujus
1444 5063 1640 5108 statuae
1690 5050 2028 5116 conﬂatoris,

464 5150 631 5204 Deum
670 5163 974 5218 supponere
1012 5148 1426 5218 colloquentem,
1459 5161 1580 5199 cum
1611 5159 1707 5199 sua
1731 5141 2026 5198 ratiocina-

468 5244 636 5305 tione,
680 5249 738 5296 et
783 5241 946 5295 animi
1004 5241 1085 5295 sui
1143 5238 1545 5308 intelligentia:
1590 5237 1875 5306 ipsumque
1928 5229 2032 5284 sibi

467 5332 569 5401 ipsi
595 5334 946 5404 imperantem
976 5333 1317 5388 introducere
1346 5333 1412 5387 ad
1445 5331 1588 5386 hunc
1629 5328 1846 5384 modum
1880 5341 1894 5376 :
1927 5322 2032 5376 Fa-

555 5477 616 5537 rlt
650 5473 746 5530 Ed.
769 5472 966 5542 Paris.,
993 5490 1116 5544 pag.
1154 5473 1242 5530 80.

564 5635 630 5690 65
683 5635 852 5702 Vulgo
877 5636 1074 5706 ὁμοίως
1104 5636 1252 5707 αύτῷ
1275 5646 1326 5692 et
1347 5635 1500 5689 ἁποδ.
1532 5636 1718 5706 ἐχρῆν.

542 5635 652 5776 ἓϐϋς
687 5709 816 5776 Ἄγε
855 5707 1219 5776 ποιήσωμεν.
1259 5707 1563 5773 Legeutl‘um
1601 5708 1718 5776 ποιή

563 5706 652 5777 66)
687 5709 816 5776 Ἄγε
855 5706 1232 5778 ποιήσωμεν.
1259 5707 1563 5778 Legetnl‘um
1601 5708 1942 5778 ποιήσωμεν,
1982 5711 2038 5778 Ill.

473 5773 605 5832 altus
635 5773 904 5842 habetur,
950 5773 1128 5835 statim
1167 5795 1260 5849 pro
1301 5777 1564 5846 μηδέποτε
1589 5817 1601 5841 ,
1650 5773 1871 5832 restitue
1912 5773 2038 5826 ποτὲ

2135 4594 2258 4664 ἔφη,
2289 4591 2421 4662 μηδὲ
2432 4589 2562 4641 ποτέ
2592 4587 2690 4659 μὲν
2709 4585 3027 4648 ἐνδιάθετον,
3051 4585 3126 4648 ὡς
3149 4585 3235 4638 ἐπ’
3247 4582 3521 4654 ἀνθρώπῳ
3535 4584 3712 4652 λόγον,

2137 4685 2266 4738 ποτέ
2307 4682 2363 4734 δὲ
2388 4677 2743 4751 σημαντικὸν,
2759 4677 2835 4741 ὼς
2850 4677 2941 4729 τὸν
2975 4679 3032 4730 ἐν
3055 4679 3184 4747 ἡμῖν
3211 4675 3550 4746 προφορικὸν
3572 4716 3586 4736 ,
3623 4674 3716 4727 καὶ

2137 4781 2194 4831 ὲν
2231 4776 2309 4848 τῷ
2325 4773 2444 4843 Θεῷ
2473 4769 2836 4825 ὑποτίθεσθαι.
2870 4767 3056 4822 Ταῦτα
3080 4769 3189 4839 γὰρ
3218 4766 3508 4821 Σαδελλὲου
3535 4767 3717 4840 ἢΊον-

2137 4867 2303 4921 δαίων
2333 4864 2477 4927 τινὸς
2510 4861 2620 4915 τῶν
2645 4861 2736 4914 τὸν
2769 4860 2896 4914 Υίὸν
2926 4858 3022 4911 τοῦ
3062 4857 3197 4911 Θεοῦ
3233 4855 3716 4928 ἀπαρακαλύπτως

2136 4957 2480 5030 ἀρνουμένων
2495 4952 2718 5008 ἀνεκτὸν
2741 4948 2809 5023 ἦν
2843 4947 3090 5021 μᾶλλονῆ
3111 4944 3439 5018 Χριστιανοῦ
3473 4944 3718 5014 λέγοντος

2137 5048 2376 5104 ἀκούειν.
2416 5047 2475 5101 '0
2496 5046 2563 5111 δ’,
2583 5045 2771 5115 ὥσπερ
2791 5039 3329 5112 ἐγκαλλωπιζόμενος
3356 5040 3425 5109 τῇ
3455 5038 3714 5106 Ἰουδαϊκῇ

2135 5139 2470 5210 διδασκαλίᾳ,
2496 5140 2561 5208 τῇ
2586 5135 2883 5207 Ἐκκλησία
2909 5131 3144 5204 Χριστοῦ
3175 5131 3305 5201 περὶ
3345 5129 3441 5182 τοῦ
3486 5129 3562 5200 μὴ
3589 5123 3718 5181 εἶναι

2136 5233 2228 5284 τὸν
2262 5232 2388 5285 Υίὸν
2428 5228 2522 5283 τοῦ
2563 5227 2721 5292 Θεοῦ,
2768 5225 2829 5279 τὸ
2875 5223 3132 5287 δυσσεϐὲς
3191 5221 3342 5274 τουτὶ
3405 5220 3504 5272 καὶ
3568 5217 3714 5272 ἀθεον

2142 5323 2350 5392 εἰσάγει
2381 5322 2579 5392 δόγμα,
2613 5319 2721 5391 πρὸ
2756 5317 2850 5371 τοῦ
2893 5316 2984 5369 τὸν
3019 5314 3222 5385 κόσμον
3264 5310 3525 5380 γενέσθαι
3561 5307 3712 5380 μηδὲν

2193 5629 2269 5682 ἐν.
2312 5627 2380 5680 Μ.
2403 5658 2471 5667 -
2489 5623 2660 5692 Vulgo
2691 5639 2849 5692 supra
2886 5621 3233 5692 πλάσσωμεν,
3259 5615 3379 5692 Mox
3405 5613 3580 5692 vulgo

2193 5649 2269 5682 εν.
2313 5649 2380 5680 Ill.
2403 5658 2471 5667 —
2500 5649 2660 5692 νιιικυ
2691 5649 2849 5692 supra
2886 5649 3233 5690 ἠιιυιυυωμιη
3259 5649 3379 5669 mu;
3412 5649 3565 5683 νιιιδυ
3605 5649 3711 5691 Ἰν.-

2147 5649 2210 5770 gi}
2236 5716 2384 5783 any...
2419 5705 2472 5749 et
2505 5694 2656 5783 ἐκκλ.
2689 5693 2782 5747 τοῦ
2815 5710 2898 5766 χρ.
2935 5702 2983 5748 el
3018 5689 3109 5741 τοῦ
3146 5686 3464 5756 ποιηθέντος
3501 5683 3642 5760 αἰρῒῳ
3666 5690 3714 5736 et

2149 5765 2656 5836 παραδεδειγμένον.
