3838 6222
143 389 250 449 8“
1109 395 1196 451 DE
1243 392 1780 452 ECCLESIASTICA
1821 391 2218 450 THEOLOGIA
2257 391 2384 450 LIB.
2426 391 2465 452 1.
3313 400 3418 454 διε

143 511 336 583 ἕτερον
369 507 508 568 εἶναι
545 514 684 587 πλὴν
714 516 850 570 Θεοῦ
885 516 1069 589 μόνου,
1098 517 1164 570 δι’
1194 517 1316 571 ὅλου
1344 514 1438 568 τοῦ
1474 516 1712 587 πονηθέν

1837 516 2044 571 ciamus
2075 513 2326 583 agedum,
2370 515 2597 582 agedum
2634 514 2921 582 tingamus,
2977 531 3078 586 age
3110 517 3338 576 conﬂem
3354 533 3418 573 us

143 620 240 667 τος
257 604 408 676 αὒτῷ
433 607 862 680 συγγράμματος
881 609 1323 674 κατασκευάζων,
1348 609 1415 661 ἶν’
1429 608 1712 681 ἀποκλείστ

1835 615 2092 661 statuam.
2123 605 2199 658 Ita
2232 607 2376 660 enim
2407 608 2664 676 supponit
2701 609 2865 661 Deum
2910 608 3200 680 aliquando
3227 614 3406 682 prolo-

140 695 224 766 τῷ
266 697 382 770 ΥΞῷ
425 698 523 770 τὴν
575 701 826 772 πάροδον.
872 702 1032 756 Ἀλλά
1063 702 1157 756 καὶ
1189 700 1510 771 σεμνύνεται
1542 700 1712 771 αὒχῶη

1833 706 2038 760 culum,
2071 693 2359 749 Faciamus
2389 697 2650 750 hominem
2678 698 2744 752 '".
2769 698 3044 769 Nusquam
3068 711 3220 756 certe
3253 710 3409 756 vocat

143 788 244 841 ’ἐνα
299 789 432 845 Θεὸν
476 791 694 844 εἰδέναι·
744 793 820 857 ὡς
876 793 996 864 οὐχὶ
1045 794 1141 847 καὶ
1167 793 1325 864 ἡμῶν
1349 793 1508 846 τοῦτο
1538 792 1712 860 λεγόν-

1831 788 2066 843 Verbum
2104 789 2248 843 intus
2277 789 2650 853 constitutum,
2678 794 2948 860 quomodo
2981 791 3130 861 loqui
3166 807 3282 847 mos
3315 803 3408 847 est

140 897 275 944 των,
307 881 399 935 τὸν
426 883 555 937 Υίὸν
601 885 693 938 τοῦ
723 885 858 938 Θεοῦ
892 885 1106 956 ἀληθῶς
1144 884 1274 938 Υἱὸν
1319 881 1458 938 εἶναι
1487 884 1712 956 παραδε-

1830 882 1882 934 in
1919 881 2200 935 luunanis:
2225 893 2282 934 at
2318 883 2586 936 interdum
2629 892 2784 938 vocat
2818 885 3192 948 indicativum,
3232 885 3406 940 simil-

143 973 199 1025 δε
209 989 264 1041 ιγ
271 973 467 1044 μένων,
505 978 635 1048 παρ’
652 977 815 1030 αὑτοῦ
830 995 890 1031 τε
906 994 978 1049 ῖμε
988 977 1422 1049 μαθηκότωνὲνα
1437 977 1723 1048 γνωρίζειν

140 1064 300 1131 Θεὸν,
335 1068 496 1122 αὐτόν
526 1087 586 1122 τε
609 1065 746 1124 εἶναι
768 1070 901 1124 Θεὸν
934 1070 1068 1142 ὁμοῦ
1091 1073 1185 1126 καὶ
1209 1071 1428 1142 Πατέρα
1447 1068 1560 1141 (67)
1589 1069 1720 1123 Υἱοῦ

138 1157 239 1210 τοῦ
274 1159 617 1229 μονογενοῦς,
645 1163 838 1217 ἑαυτοῦ
853 1163 1222 1236 δηλαδὴιδντος
1235 1163 1449 1236 ἀληθῶς
1463 1161 1594 1216 Υἱοῦ
1617 1161 1723 1234 πρὸ

139 1249 366 1304 πάντων
393 1251 603 1306 αἰώνων
638 1252 696 1318 ἐξ
733 1254 896 1308 αὐτοῦ
921 1255 1312 1326 γεγενημένου,
1339 1255 1433 1307 καὶ
1461 1253 1520 1306 οὐ
1563 1253 1720 1324 μόνον

136 1338 316 1409 Λόγου
362 1343 696 1414 κεκλημένου
749 1345 855 1418 πρὸ
886 1345 983 1416 τῆς
1024 1344 1338 1417 ἀναλήψεως
1368 1345 1467 1415 τῆς
1497 1344 1727 1415 σαρκὸς,’

136 1433 278 1504 ὅπερ
306 1434 334 1486 ό
365 1437 610 1504 γενναῖος
650 1435 966 1508 διορίζεται,
1017 1436 1151 1490 ἀλλὰ
1190 1437 1284 1489 καὶ
1329 1435 1501 1507 μυρία
1533 1435 1717 1505 ἕτερα,

133 1527 165 1578 ό
184 1525 243 1578 δὲ
276 1525 386 1580 κᾶν
414 1527 606 1598 τούτῳ,
635 1529 734 1600 τῆς
756 1528 908 1593 Θείας
926 1529 1152 1601 Γραφῆς
1179 1529 1594 1601 καταψεύδεται,
1613 1531 1720 1601 πρὸ

132 1620 240 1691 τῆς
298 1622 564 1692 ὲνσάρκου
622 1623 926 1694 παρουσίας
977 1623 1142 1695 μηδὲν
1179 1623 1367 1702 ἓτερον
1421 1623 1717 1696 κεκλῆσθαι

135 1713 301 1767 αὐτὸν
325 1713 812 1786 ἀπισχυριζόμενος
838 1715 870 1784 ἦ
893 1715 1080 1784 Λόγον.
1391 1725 1394 1728 ’

1827 975 2013 1030 limum
2047 985 2234 1031 nostro
2263 977 2425 1031 verbo
2449 977 2742 1046 prolatitio.
2774 978 2929 1032 Esset
2954 978 3056 1033 hoc
3085 978 3140 1033 in
3169 977 3407 1033 Sabellio

1827 1069 2046 1137 quidem
2123 1069 2443 1124 tolerabile:
2475 1070 2558 1123 vel
2604 1071 2654 1124 in
2688 1069 2997 1126 Juda‘orum
3065 1070 3249 1140 aliquo
3309 1070 3406 1141 qui

1825 1162 1942 1215 sine
1972 1162 2422 1229 tergiversatione
2451 1163 2627 1232 aliqua
2666 1162 2857 1218 Filiqu
2882 1163 2981 1229 Dei.
3007 1170 3404 1234 pernegaturus

1824 1263 1966 1307 esset
2003 1275 2018 1309 :
2055 1265 2110 1306 at
2143 1255 2264 1324 quis
2300 1255 2415 1310 haec
2443 1255 2713 1309 dicentem
2740 1254 3114 1310 Christianum
3137 1255 3310 1311 ferat?
3335 1256 3407 1310 At

1826 1345 1917 1400 ille
1963 1346 2122 1401 veluti
2160 1349 2250 1417 qui
2306 1348 2632 1418 gloriaretur
2679 1349 2746 1403 de
2793 1347 3109 1414 Judaismo,
3173 1348 3404 1418 impium

1826 1438 2018 1509 dogma
2057 1450 2219 1507 atque
2258 1442 2481 1495 atheum
2521 1439 2819 1495 introducit
2869 1441 2920 1493 in
2961 1439 3282 1504 Ecclesiam,
3314 1439 3405 1494 Fi-

1826 1531 1955 1586 lium
1983 1532 2075 1587 Dei
2097 1534 2411 1603 neutiquam
2443 1534 2740 1598 exstitisse,
2787 1544 2913 1587 ante
2957 1531 3142 1586 mundi
3195 1532 3401 1602 produ-

1825 1621 2056 1678 ctionem
2088 1644 2101 1679 :
2135 1639 2255 1678 cum
2283 1625 2401 1679 solo
2431 1625 2537 1680 Deo
2568 1636 2796 1694 excepto
2827 1624 2960 1678 nihil
2983 1625 3142 1695 plane
3165 1632 3404 1679 exstaret

1826 1715 1942 1770 ibi:
1988 1717 2199 1786 hocque
2248 1717 2422 1788 ipsum
2473 1717 2848 1782 coustabilire,
2887 1733 2986 1788 per
3031 1717 3223 1785 scripti
3254 1715 3402 1770 illius

136 1806 224 1860 sui
255 1821 567 1877 processum
597 1817 827 1863 conatur
861 1810 1175 1866 universum
1209 1828 1224 1864 :
1265 1811 1316 1864 in
1347 1826 1469 1866 eum
1521 1810 1707 1876 tinem,
1742 1819 1802 1866 ut
1832 1809 1971 1867 Filio
2036 1827 2254 1867 omnem
2319 1814 2525 1868 aditum
2559 1813 2625 1866 ad
2672 1813 3084 1867 subsistentiam
3135 1810 3402 1867 interclu-

132 1905 251 1958 dat.
291 1902 398 1959 Sed
431 1913 485 1960 et
513 1905 734 1976 insuper
765 1907 1116 1963 vehementer
1149 1907 1428 1976 gloriatur,
1463 1923 1522 1963 se
1553 1923 1716 1961 unum
1759 1911 2132 1964 tantummodo
2177 1910 2341 1965 Deum
2412 1925 2742 1980 agnoscere:
2807 1910 2964 1979 quasi
2999 1911 3100 1965 hoc
3145 1925 3243 1965 nos
3293 1924 3399 1964 non

133 1997 523 2053 conﬁteremur
551 2015 676 2055 cum
701 2001 814 2068 illo,
844 2002 935 2071 qui
967 2011 1144 2058 tamen
1180 2003 1270 2056 Dei
1303 2018 1486 2057 revera
1518 2003 1714 2057 Filium
1753 2017 1877 2059 esse
1928 2005 2262 2073 accepimus,
2310 2014 2364 2061 et
2422 2005 2491 2060 ab
2529 2006 2758 2073 ipsomet
2798 2005 2962 2059 etiam
3028 2004 3168 2059 Filio
3232 2021 3400 2059 unum

132 2093 307 2147 Deum
340 2109 637 2165 agnoscere
673 2096 850 2151 edocti
889 2097 1113 2160 fuimus,
1146 2098 1430 2168 ipsumque
1464 2099 1629 2153 Deum
1650 2113 1771 2154 esse
1810 2099 1971 2155 simul
1992 2111 2155 2170 atque
2175 2099 2387 2156 Patrem
2416 2100 2540 2156 Filii
2563 2101 2852 2172 unigeniti,
2882 2101 2965 2155 sui
2990 2101 3400 2172 nempeipsius,

128 2186 228 2254 qui
263 2203 362 2242 nos
399 2189 478 2243 sic
503 2190 705 2256 docuit,
748 2192 839 2262 qui
891 2207 1014 2247 vere
1053 2192 1218 2248 Filius
1259 2194 1558 2254 exsistebat
1582 2205 1710 2248 ante
1755 2195 1937 2250 omnia
1979 2196 2199 2262 s:ecula,
2241 2197 2309 2251 dc
2343 2195 2436 2252 illo
2486 2196 2649 2251 Patre
2705 2197 2940 2267 genitus,
2967 2210 3126 2267 quem
3164 2211 3269 2250 non
3305 2211 3397 2250 so-

129 2281 244 2335 lum
290 2283 525 2338 Verbum
598 2289 922 2356 compellare
971 2287 1211 2344 solemus
1242 2330 1256 2355 ,
1309 2289 1472 2344 etiam
1510 2298 1636 2344 ante
1677 2301 1986 2360 susceptam
2011 2306 2252 2356 carnem,
2288 2292 2364 2344 uti
2394 2291 2544 2345 illum
2590 2288 2994 2346 circumscribit
3056 2289 3232 2344 bonus
3295 2289 3401 2344 iste

125 2381 239 2445 vir,
275 2380 370 2435 sed
402 2381 582 2436 multis
609 2381 730 2438 aliis
763 2384 1076 2439 nominibus
1104 2424 1119 2446 ,
1173 2385 1266 2454 qui
1333 2385 1436 2440 hoc
1494 2385 1609 2454 ipso
1659 2384 1924 2440 mendacii
1986 2385 2232 2457 coarguit
2259 2384 2621 2455 Scripturam,
2665 2383 2792 2438 dum
2845 2383 3221 2440 vehementius
3252 2396 3401 2438 asse-

121 2483 290 2528 verat
341 2472 490 2530 illum
537 2475 683 2532 nullo
714 2476 821 2531 alio
868 2477 1089 2532 nomine
1143 2477 1418 2533 exstitisse
1447 2485 1659 2546 notum,
1691 2485 1820 2532 ante
1851 2491 2004 2532 suam
2038 2477 2493 2532 incarnationem.

772 2572 930 2625 ΚΕΦ.
971 2573 1076 2625 IH’.

119 2659 334 2732 Ὀίτως
379 2660 494 2728 πρὸ
540 2659 654 2732 τῆς
703 2663 1211 2732 ἐνανθρωπήσεως
1279 2662 1460 2718 οὐδὲν
1509 2663 1718 2732 ἕτεροι⁸

199 2730 472 2803 ξφασκεν
486 2728 660 2803 *εἶναι
688 2733 796 2786 τὸν
841 2728 978 2787 Υἷὸν
1001 2728 1049 2802 ἢ
1069 2728 1284 2803 Λόγον,
1329 2733 1490 2800 αὐτῷ
1524 2728 1717 2803 μῶμον

200 2800 409 2869 ὅμοιον
434 2801 516 2868 τῷ
540 2803 676 2871 παρ’
700 2800 1052 2872 ἀνθρώποις-ζ

211 2890 548 2944 Ἐπάκουσον
593 2890 746 2960 γοῦν,
789 2891 864 2955 ὡς
901 2883 1336 2956 διαϐεϐαιοῦται,
1383 2891 1565 2954 αὐτοῖς
1617 2890 1716 2961 ῥήμ-

125 2999 267 3055 μασι
317 2981 504 3036 τοῦτον
545 2984 771 3056 γράφων
811 2985 902 3038 τὸν
943 2985 1175 3056 τρόπον·
1232 3003 1251 3036 c
1298 2984 1460 3036 Ὥστε
1509 2998 1714 3036 παντα-

125 3098 148 3130 ‹
201 3077 360 3148 κόθεν
393 3077 504 3149 (68)
541 3079 658 3132 ἐστὶ
697 3077 878 3149 δῆλον,
913 3079 1077 3150 μηδὲν
1110 3079 1296 3150 ἕτερον
1337 3080 1403 3150 τῇ
1451 3077 1715 3148 ἀῖδιότητι

129 3189 148 3232 ι
199 3166 297 3220 τοῦ
318 3167 490 3236 Λόγου
521 3167 812 3240 ἁρμόττειν
838 3167 1027 3239 ὄνομα,
1065 3167 1098 3238 ἢ
1128 3166 1296 3234 τοῦθ’,
1329 3167 1465 3238 ὅπερ
1487 3168 1516 3220 ὁ
1547 3165 1716 3234 ἁγιώ-

125 3281 148 3313 α
199 3277 362 3324 τατος
392 3259 488 3314 τοῦ
519 3259 654 3313 Θεοῦ
699 3259 946 3331 μαθητὴς
985 3259 1079 3312 καὶ⁹
1111 3257 1406 3320 ἀπόστολος
1440 3257 1712 3328 Ἰωάννης,

124 3374 145 3406 ι
200 3355 260 3406 ὲν
309 3353 451 3423 ἀρχῇ
501 3351 596 3406 τοῦ
650 3351 983 3420 Εὑαγγελίου
1034 3350 1276 3424 εἴρηκεν.
1333 3349 1552 3420 Ἐπειδὴ
1606 3348 1713 3420 γὰρ

126 3429 154 3497 ι’
206 3443 346 3514 μετὰ
391 3443 490 3515 τὴν
535 3445 636 3515 τῆς
690 3443 890 3516 σαρκὸς
929 3443 1193 3514 ἀνάληψιν
1240 3441 1476 3513 Χριστός
1519 3457 1581 3494 τε
1622 3441 1716 3494 καὶ

123 3555 144 3587 ι
211 3535 419 3607 Ἰησοῦς
447 3534 792 3608 κηρύττεται,
823 3533 934 3606 ζωή
969 3551 1028 3587 τε
1061 3534 1156 3587 καὶ
1193 3533 1344 3600 ὁδὸς,
1398 3533 1494 3586 καὶ
1534 3533 1714 3604 ἡμέρα

127 3645 148 3677 σ
201 3627 297 3679 καὶ
328 3626 660 3692 ἀνάστασις,
706 3625 800 3679 καὶ
850 3624 988 3696 θύρα
1053 3625 1147 3678 καὶ
1193 3624 1394 3696 ἄρτος,
1440 3624 1536 3677 καὶ
1583 3623 1636 3677 ετ
1658 3641 1713 3677 τι

127 3737 147 3767 ι
198 3717 389 3794 ἕτερον
444 3718 550 3784 ὑπὸ
610 3716 720 3770 τῶν
767 3717 927 3770 θείων
973 3715 1290 3788 ὀνομάζοιτο
1344 3715 1594 3788 Γραφῶν,
1651 3715 1712 3769 οὐ

127 3831 146 3861 ι
203 3809 356 3881 παρά
410 3810 566 3864 τοῦτο
608 3812 822 3880 ἀγνοεῖν
863 3811 1023 3882 ,ἡμᾶς
1070 3811 1336 3879 προσήκει
1394 3808 1455 3862 τὸ
1500 3808 1714 3880 πρῶτον

2275 2601 2278 2607 ·
2354 2569 2596 2636 »ΒΟΑῆ
2649 2569 2830 2626 XVIII.

1821 2665 1976 2740 Quod
2006 2666 2222 2740 afﬁrmet
2271 2661 2620 2740 iliumanle
2649 2668 2976 2740 assumptum
3016 2676 3235 2740 carnem

1887 2729 2105 2803 prorsus
2140 2734 2288 2787 aliud
2320 2733 2579 2788 exstitisse
2600 2747 2759 2801 quam
2811 2729 3055 2792 Verbum,
3089 2731 3393 2786 consimillt'u

1891 2821 2034 2859 mum
2058 2805 2289 2858 humano
2319 2805 2495 2858 verba.

1888 2897 2024 2952 Audi
2047 2908 2230 2952 autem
2248 2896 2520 2966 quomodo
2535 2896 2637 2950 hoc
2657 2894 2831 2965 ipsum
2849 2894 3064 2956 doceat,
3084 2893 3212 2947 dum
3231 2893 3402 2948 diser-

1817 2988 1888 3044 tis
1911 2989 2129 3058 quidem
2157 2987 2429 3042 verbisita
2463 2986 2653 3041 scribit
2681 2984 2772 3059 [Β.
2797 2983 3067 3057 XXXVII}
3092 3001 3136 3039 τι
3158 2985 3306 3038 Adeo
3340 2992 3400 3038 ut

1823 3097 1842 3131 ι
1887 3078 2043 3150 plane
2063 3079 2210 3134 omni
2230 3079 2390 3134 modo
2421 3078 2767 3134 manifestum
2794 3079 2976 3145 fuerit,
2997 3079 3202 3134 nullum
3233 3078 3398 3133 alium

1822 3187 1842 3219 ι
1885 3181 2079 3224 nomen
2105 3169 2390 3223 aeternitati
2414 3166 2572 3223 Verbi
2589 3169 2974 3224 convenienter
2995 3169 3396 3232 ascribendum,

1821 3281 1840 3313 ι
1882 3276 2041 3331 quam
2068 3262 2171 3316 hoc
2195 3260 2393 3331 ipsum,
2417 3261 2560 3332 quod
2589 3276 2618 3314 a
2651 3261 2995 3317 sanctissimo
3029 3261 3124 3316 Dei
3150 3260 3401 3332 apostolo

1821 3371 1848 3404 ι
1883 3363 1938 3408 et
1967 3353 2235 3422 discipulo
2278 3352 2509 3420 Joanne,
2561 3354 2613 3407 in
2654 3354 2926 3425 principio
2954 3354 3175 3424 ponitur
3213 3352 3396 3408 Evanp

1822 3465 1841 3498 ‹
1882 3445 2026 3516 gelii.
2093 3445 2373 3516 Siquidem
2425 3447 2492 3511 is,
2551 3456 2674 3516 post
2727 3455 3060 3517 assumptam
3126 3459 3395 3510 carnem,

1823 3557 1844 3590 ι
1880 3539 2128 3595 Christus
2165 3547 2221 3593 et
2243 3536 2402 3592 Jesus
2419 3538 3006 3609 praedicatumvitaque
3029 3545 3086 3592 et
3115 3537 3223 3600 via,
3256 3537 3390 3601 dies.

1822 3649 1840 3681 ‹
1886 3630 2236 3695 resurrectio,
2272 3631 2496 3697 ostium,
2527 3630 2703 3700 panis,
2739 3639 2794 3687 et
2826 3645 2945 3700 qua:
2967 3638 3164 3686 caetera
3195 3628 3270 3684 illi
3297 3643 3396 3684 no-

1823 3741 1840 3772 ι
1888 3723 2029 3778 mina
2089 3722 2142 3777 iu
2202 3721 2502 3793 Scripturis
2549 3723 2936 3801 facrosanctis
2997 3722 3388 3782 ascribuutur,

1824 3834 1846 3869 c,
1889 3825 2068 3870 tamen
2107 3832 2214 3871 non
2245 3817 2504 3873 debemus
2546 3817 2818 3886 ignorare,
2853 3815 2996 3886 quod
3040 3813 3292 3884 princeps
3317 3811 3392 3867 illi

130 3926 149 3957 ι
201 3906 395 3988 ὄνομα,
429 3904 510 3981 ὅτι
549 3903 722 3972 Λόγος
763 3901 872 3974 (69)
917 3898 1009 3974 ἦν.
1053 3901 1152 3955 Διὰ
1180 3901 1338 3954 τοῦτο
1382 3899 1512 3972 γὰρ,
1546 3899 1642 3953 καὶ
1689 3901 1712 3953 ό

1827 3925 1843 3958 ι
1889 3921 2081 3964 nomen
2133 3905 2369 3961 Verbum
2420 3904 2617 3967 fuerat.
2650 3903 2730 3960 Ob
2781 3905 2921 3985 hanc
2952 3904 3124 3974 ipsam
3173 3917 3392 3960 causam

125 4017 146 4049 ι
194 3997 501 4067 ἀγιώτατος
541 3996 932 4067 εὐαγγελιστὴς
960 3996 1054 4049 καὶ
1090 3993 1336 4067 μαθητὴς
1357 3993 1449 4047 τοῦ
1479 3991 1705 4064 Κυρίου,

123 4111 144 4144 ι
195 4081 403 4162 σφόδρα
438 4088 754 4162 ἐγρηγορὼς
783 4089 862 4167 τῷ
894 4087 1184 4160 πνεύματι,
1213 4087 1312 4158 τῆς
1345 4085 1549 4140 ἀνωθεν
1585 4102 1713 4156 μνη-

123 4205 142 4236 ‹
197 4182 440 4255 μονεύων
473 4183 681 4254 ἀρχῆς,
724 4182 818 4235 καὶ
872 4179 1096 4253 μηδενὸς
1134 4178 1246 4251 (70)
1291 4178 1578 4249 νεωτέρου,
1616 4176 1712 4229 Ἐν

123 4295 143 4328 ι
195 4274 355 4345 ἀρχῇ
395 4270 532 4345 ἦνό
570 4274 778 4346 Λόγος,
824 4270 949 4346 ἔφη,
992 4271 1091 4326 καὶ
1131 4273 1165 4325 ό
1202 4271 1391 4339 Λόγος
1439 4264 1519 4338 ἦν
1562 4265 1712 4337 πρὸς

123 4388 144 4420 ι
341 4343 511 4431 Θεόν,
539 4343 636 4440 καὶ
677 4343 821 4431 Θεὸς
856 4343 936 4435 ἦν
971 4367 1002 4417 ό
1030 4365 1240 4432 Λόγος,
1276 4362 1364 4414 ἵνα
1392 4360 1541 4432 δείξῃ
1574 4359 1709 4412 εἴτι

124 4480 144 4506 ι
196 4458 383 4535 καινὸν
409 4459 503 4515 καὶ
541 4456 802 4532 νεώτερον
829 4456 1020 4526 ὄνομα,
1050 4454 1192 4508 τοῦτ’
1231 4453 1338 4507 ἀπὸ
1372 4453 1470 4523 τῆς
1518 4451 1709 4522 καινῆς

123 4573 145 4607 ι
197 4552 347 4623 αὑτῷ
393 4551 488 4605 καὶ
527 4550 654 4614 νέας
682 4548 889 4621 ὑπῆρξε
923 4547 1064 4603 κατὰ
1110 4547 1288 4618 σάρκα
1329 4544 1657 4614 οἰκονομίας.
1685 4561 1704 4594 ι

119 4647 237 4701 Καὶ
268 4633 407 4715 ἑξῆς
445 4643 716 4712 ἐπιλέγει·
759 4660 777 4692 ι
807 4625 1035 4703 Οὐκοῦν,
1082 4637 1188 4709 πρὸ
1233 4637 1332 4707 μὲν
1375 4633 1469 4688 τοῦ
1518 4632 1711 4686 κατελ-

124 4761 144 4792 ι
197 4739 311 4793 θεῖν
337 4723 456 4792 ’καὶ
507 4735 594 4790 διὰ
639 4736 738 4819 τῆς
776 4732 1051 4805 Παρθένου
1093 4729 1384 4801 τεχθῆναι,
1431 4727 1602 4796 Λόγος
1641 4721 1709 4796 ἦν

111 4855 129 4882 ι
199 4833 381 4907 μῷθον.
420 4831 596 4894 Ἐπεὶ,
625 4828 679 4881 τί
708 4827 820 4898 (7i)
855 4827 1042 4897 ἕτερον
1072 4820 1162 4895 ἦν,
1196 4823 1302 4892 πρὸ
1333 4821 1428 4874 τοῦ
1473 4820 1572 4891 τὴν
1612 4820 1706 4872 ἀν·-

112 4948 127 4977 ι
197 4923 480 4996 θρωπίνην
503 4921 792 4980 ἀναλαϐεῖν
818 4920 998 4992 σάρκα
1028 4917 1090 4970 τὸ
1127 4914 1383 4969 κατελθὸν
1414 4913 1500 4966 ἐπ’
1542 4910 1706 4982 ὲσχά-

1818 4015 1836 4047 ι
1880 3995 2253 4050 sauctissimus
2295 3994 2624 4064 evangelista
2681 4003 2735 4049 et
2797 3992 3093 4063 discipulus
3143 3991 3390 4056 Domini,

1822 4105 1842 4137 ι
1887 4085 2038 4141 valde
2064 4087 2281 4157 quidem
2309 4086 2395 4140 ille
2420 4087 2611 4156 spiritu
2642 4086 2902 4158 vigilans,
2933 4086 3022 4140 ubi
3048 4084 3216 4149 illius,
3244 4082 3390 4152 quod

1822 4199 1840 4231 ι
1877 4180 2086 4235 eratab
2113 4181 2260 4236 omni
2292 4190 2441 4235 retro
2473 4181 2779 4235 aeternitate
2815 4179 3070 4249 principii
3113 4177 3387 4240 meminit,

1820 4290 1839 4322 ι
1885 4286 1983 4326 nec
2011 4271 2237 4328 inferius
2263 4273 2628 4338 descendens,
2660 4271 2729 4326 In
2762 4271 3042 4342 principio,
3079 4271 3237 4334 dixit,
3275 4277 3389 4322 erat

1819 4381 1837 4413 ι
1888 4360 2150 4416 Verbum:
2181 4373 2231 4416 et
2283 4361 2504 4417 Verbum
2566 4373 2678 4417 erat
2717 4362 2858 4431 apud
2899 4362 3112 4415 Deum:
3150 4371 3196 4415 el
3248 4359 3386 4414 Deus

1819 4475 1835 4505 ι
1872 4465 1982 4508 erat
2029 4453 2165 4508 illud
2216 4454 2444 4512 Verbum
2460 4455 2530 4519 ⁷⁸,
2583 4465 2642 4508 ut
2671 4456 2751 4509 sic
2788 4453 3127 4518 ostenderet,
3164 4453 3213 4506 si
3239 4451 3386 4521 quod

1819 4565 1836 4597 ι
1877 4546 2021 4600 aliud
2049 4547 2114 4602 de
2137 4561 2275 4602 novo
2297 4557 2352 4601 et
2374 4547 2634 4602 novitium
2665 4546 2741 4600 illi
2775 4545 3137 4613 adaptabatur
3163 4557 3384 4608 nomen,

1818 4656 1836 4688 ‹
1880 4638 2006 4692 illud
2031 4637 2081 4692 ei
2115 4638 2430 4703 accessisse,
2465 4654 2493 4691 a
2526 4652 2662 4691 nova
2695 4636 2784 4689 illa
2813 4651 2909 4690 sua
2942 4633 3237 4690 secundum
3262 4648 3386 4688 car-

1817 4749 1835 4782 ι
1879 4745 1999 4784 nem
2025 4729 2446 4799 dispensatione.
2498 4747 2517 4780 ›
2552 4725 2761 4794 Quibus
2787 4725 3038 4795 adiunxit
3064 4726 3118 4779 in
3151 4739 3387 4794 sequen-

1812 4823 1992 4877 tibus:
2030 4841 2048 4874 ι
2085 4823 2354 4889 Quocirca
2381 4820 2695 4895 priusquam
2718 4819 2825 4874 huc
2853 4819 2921 4872 ad
2959 4833 3058 4873 nos
3087 4817 3382 4873 descende-

1819 4933 1836 4966 ι
1881 4921 1982 4980 ret,
2016 4924 2070 4970 et
2114 4916 2180 4970 de
2231 4914 2446 4984 Virgine
2487 4921 2821 4978 nasceretur,
2851 4909 3080 4966 Verbum
3115 4925 3215 4965 nec
3249 4924 3386 4979 prae-

112 5043 128 5071 ι
194 5036 307 5073 των
333 5016 442 5070 τῶν
483 5013 742 5089 ήμερῷν;
900 5011 994 5064 καὶ
1028 5007 1190 5072 αὐτὸς
1232 5006 1459 5077 ἔγραφε.
1507 5004 1616 5056 Καὶ
1647 5003 1709 5056 τὸ

1827 5027 1833 5060 ι
1877 5021 2018 5062 terea
2051 5008 2338 5077 quidquam
2365 5007 2483 5062 fuit.
2510 5005 2643 5061 Nam
2671 5007 2798 5077 quid
2835 5013 2952 5059 erat
2974 5003 3149 5067 aliud,
3176 5015 3386 5070 quaeso,

111 5133 126 5161 ι
192 5108 454 5182 γεννηθὲν
480 5111 546 5161 ὲκ
593 5107 693 5178 τῆς
739 5103 898 5173 ἁγίας
931 5101 1228 5174 Παρθένου,
1269 5100 1420 5153 οὐδὲν
1451 5098 1638 5169 ἕτερον
1671 5097 1704 5166 ἢ

1827 5120 1833 5152 ι
1879 5101 2187 5169 priusquam
2226 5101 2511 5152 humanam
2560 5108 2861 5154 assumeret
2893 5109 3134 5157 carnem,
3163 5094 3212 5147 id
3242 5092 3389 5162 quod

112 5228 128 5257 ι
201 5203 436 5271 Λόγος.)
487 5199 600 5253 Καὶ
645 5198 807 5252 πάλιν
857 5195 1140 5266 ἐπιφέρει·
1197 5213 1215 5244 ι
1250 5191 1520 5262 Πρότερον
1575 5189 1705 5262 γὰρ,

1827 5212 1833 5243 l
1877 5193 2150 5248 descendit
2181 5193 2232 5245 in
2257 5192 2564 5247 novissimis
2597 5191 2822 5246 diebus?
2847 5188 2987 5260 quod
3021 5197 3076 5240 et
3110 5186 3282 5249 ipsum
3319 5183 3389 5238 ab

112 5313 129 5344 ι
196 5291 388 5362 ὥσπερ
433 5288 691 5352 πολλάκις
724 5287 880 5359 ἔφην,
906 5286 1058 5339 οὐδὲν
1087 5285 1270 5355 ἕτερον
1300 5280 1369 5356 ἦν
1402 5281 1437 5352 ἢ
1466 5281 1654 5350 Λόγος.
1680 5300 1700 5332 ι

1827 5303 1836 5337 ι
1875 5300 1942 5340 eo
1975 5285 2232 5354 scriptum
2257 5281 2574 5338 afﬁrmatur.
2603 5284 2908 5347 Enimvero,
2938 5276 3078 5348 quod
3102 5278 3168 5332 de
3200 5283 3389 5330 sancta

207 5439 268 5497 ᾗ
431 5431 773 5502 Paris.,pag.
796 5429 883 5485 8|.
935 5429 979 5473 ⁷7
1014 5427 1150 5496 (ξεί),
1187 5444 1229 5494 ι,
1261 5423 1351 5478 26.
1426 5422 1472 5454 ⁷⁸
1498 5419 1656 5477 Joan.
1683 5437 1721 5488 I,
1756 5422 1807 5476 l.

1882 5593 1994 5661 (69)
2020 5593 2190 5659 Vulgo
2221 5591 2316 5645 ὢν.

1884 5652 1996 5733 (70)
2022 5652 2153 5718 Ροδῖ
2177 5668 2228 5716 h.
2265 5679 2312 5715 ν.
2345 5662 2409 5715 ll.
2435 5661 2693 5731 ὀνόματος
2709 5656 2952 5731 ἐμνήσθη
2971 5655 3050 5710 vel
3067 5653 3242 5710 simile
3258 5652 3391 5726 quid

1812 5735 2078 5789 excidisse
2107 5735 2296 5788 credit.

1883 5806 1992 5876 (7')
2019 5803 2190 5876 Vulgo
2218 5799 2283 5875 ἦν
2314 5803 2530 5874 ἕτεροις
2565 5817 2686 5860 mox
2728 5799 2881 5872 vulgo
2910 5795 3136 5868 ἔγραψε.

202 5597 318 5668 (θτη)
360 5597 469 5652 Kal
499 5596 637 5668 Υἱὰν
657 5593 1046 5668 μοκοτςενοῇς.
1097 5589 1269 5668 ιδειιεῑ⁸
1309 5588 1592 5668 legendum
1620 5589 1708 5668 (ex

127 5655 313 5726 codd]
328 5669 447 5738 dedi
475 5655 697 5738 Πατέρα
725 5655 857 5738 Υἱοῦ
891 5664 983 5738 τοῦ
1006 5655 1128 5734 μον.
1164 5670 1213 5716 et
1239 5655 1409 5738 delevi
1452 5673 1576 5738 mox
1599 5655 1708 5711 τῶν

130 5749 262 5795 ante
292 5729 527 5804 aicbvwvl
555 5729 775 5807 Πατέρα
803 5735 932 5807 Υἱοῦ
989 5729 1329 5807 μονογενοῦςἲ
1375 5729 1566 5807 Statim
1599 5745 1711 5807 _re-

127 5793 333 5870 scribe,
366 5809 452 5861 ὅδε
480 5793 584 5861 κᾶν
611 5793 783 5876 τούτῳ
812 5805 915 5876 [sic
945 5793 1003 5862 ei
1025 5793 1206 5874 cod-dt,
1243 5793 1404 5871 vulgo
1424 5793 1570 5856 ὥδεῖ.
1598 5798 1669 5854 Μ.

207 5879 318 5951 (68)
353 5877 518 5949 Vulgo
551 5879 664 5932 ἐστὶ
689 5877 866 5948 δῆλον.
