3838 6222
434 327 541 384 863

1104 322 1375 381 EUSEBII
1414 324 1897 382 CESARIENSIS
1933 325 2086 382 OPP.
2127 325 2309 383 PARS
2344 325 2434 383 lV.
2476 360 2546 371 —
2581 329 3004 388 DOGMATICA.

3605 328 3709 384 863

377 504 380 506 γ
441 465 460 497 ι
502 442 723 514 Virgine
754 443 1105 506 nascebatur,
1151 444 1282 499 nihil
1317 444 1418 500 nisi
1460 445 1694 500 Verbum
1726 455 1862 502 erat.
1907 465 1925 498 ι
1958 446 2021 501 Et

2160 447 2234 502 Lai.
2263 447 2616 520 προστίθησιν
2642 443 2797 512 αὖθις
2826 448 3052 518 φάσκων
3071 465 3083 478 ·
3121 467 3138 500 ι
3173 447 3232 502 '0
3267 447 3367 518 μὲν
3393 445 3506 516 γὰρ
3532 445 3710 512 Λόγος

435 531 706 590 subinfert
723 535 898 591 denuo
919 533 1012 606 [Β.
1041 533 1202 589 XLIII
1220 533 1343 592 coll.
1369 551 1423 605 p.
1447 537 1540 598 '55,
1559 535 1619 588 D.
1640 535 1709 590 [ἴ.
1741 533 2009 608 ΧΧΧἮ.]

439 649 456 679 ‹
506 627 666 682 Prius
698 629 868 694 enim,
901 630 976 683 uti
1009 629 1211 683 dictum
1239 637 1324 684 est
1353 644 1515 698 smpe,
1560 629 1691 683 nihil
1742 630 1845 684 nisi
1882 628 2015 685 Ver-

438 738 455 766 ι
502 718 846 773 bumfuerat.
888 737 907 770 ι
958 719 1038 773 Ad
1084 735 1203 789 quae
1246 719 1498 788 deinceps
1547 718 1811 773 accedunt
1864 720 2009 773 ista:

437 829 455 859 ε
501 810 739 866 Verbum
765 811 980 879 quidem
1014 811 1065 865 in
1108 811 1374 882 principio
1413 821 1550 874 erat,
1577 811 1711 866 nihil
1748 811 2014 867 exsistens

440 921 456 949 ε
502 901 672 967 aliud,
699 918 862 972 quam
887 902 1147 958 Verbum.
1184 903 1358 960 Verbo
1388 904 1728 958 autem’buic
1759 905 2014 958 adunitus

440 1012 457 1040 ι
506 993 691 1056 homo,
721 1008 843 1047 cum
869 995 1016 1063 prius
1034 1009 1137 1048 non
1157 1003 1330 1061 esset,
1360 996 1520 1049 homo
1542 994 1723 1059 ﬁebat,
1750 994 1891 1064 quiod
1916 1009 2015 1049 nos

439 1105 454 1135 ι
508 1083 691 1139 docuit
732 1083 1010 1141 Joannes:
1047 1085 1116 1140 Et
1163 1085 1387 1141 Verbum
1435 1102 1560 1140 caro
1606 1090 1804 1156 factum
1837 1095 1913 1140 est
1944 1087 2014 1151 ",

441 1195 458 1225 ι
503 1183 562 1230 ιιι
604 1175 772 1232 solius
815 1175 980 1232 Verbi
1017 1178 1268 1233 videatur
1304 1181 1372 1233 ob
1425 1179 1530 1233 hoc
1581 1179 1752 1248 ipsum
1817 1177 2018 1234 fecisse

443 1287 464 1315 ‹
506 1269 857 1324 mentionem.
905 1268 1039 1324 Nam
1087 1271 1202 1325 sive
1234 1270 1458 1334 Christi,
1490 1285 1585 1325 seu
1615 1269 1850 1324 nominis
1887 1267 2015 1326 Jesu

441 1382 460 1411 ε
509 1362 853 1418 meminerint
882 1377 1052 1418 sacrae
1070 1363 1309 1428 Litterae,
1337 1363 1586 1418 videntur
1605 1363 1692 1417 his
1710 1362 2018 1418 nominibus

444 1472 462 1504 ι
499 1452 826 1524 compellare
848 1451 1088 1508 Verbum
1131 1454 1262 1508 illud
1305 1454 1422 1518 Dei,
1466 1459 1524 1517 ᾖ(
1565 1463 1687 1524 post
1711 1463 2016 1522 susceptam

445 1565 462 1593 α
505 1558 748 1602 carnem.
812 1544 965 1612 Quod
1009 1545 1052 1598 si
1111 1545 1236 1616 quis
1268 1545 1556 1615 “receperit
1583 1560 1641 1600 se
1673 1554 2017 1601 ostensurum

445 1658 461 1686 ι
507 1649 699 1691 nomen
733 1635 954 1704 Christi,
986 1635 1145 1699 Filii,
1178 1646 1303 1690 ante
1336 1635 1472 1690 Novi
1502 1635 1841 1692 Testamenti
1880 1644 2019 1690 tem-

445 1747 463 1777 ς
505 1743 635 1797 pora
655 1738 996 1797 usurpatum,
1023 1737 1077 1783 et
1098 1726 1269 1783 Verbo
1293 1728 1610 1796 ascriptum,
1631 1726 1677 1782 is
1699 1725 1836 1782 sciat
1855 1739 2017 1795 opor-

2119 555 2138 590 ι
2185 541 2243 592 ὲν
2291 540 2432 611 ἀρχῇ
2471 535 2560 611 ἦν,
2599 541 2764 614 μηδὲν
2811 541 2997 613 ἓτερον
3040 539 3117 595 ὢν
3160 540 3194 611 ἢ
3236 539 3430 608 Λόγοςο
3460 539 3488 591 ὁ
3524 538 3590 590 δὲ
3636 537 3715 606 τῷ

2119 649 2137 682 ι
2183 631 2342 702 Λόγῳ
2377 631 2598 697 ὲνωθεὶς
2647 632 2956 704 ἄνθρωπος,
2999 633 3100 686 οὑκ
3132 632 3207 686 ὣν
3245 632 3512 703 πρότερον
3550 627 3718 696 γέγο-

2119 742 2138 775 ι
2185 741 2274 778 νεν
2321 723 2624 796 ἄνθρωπος,
2655 724 2730 788 ὠς
2772 724 3012 779 διδάσκει
3060 725 3206 795 ἡμᾶς
3256 723 3370 794 (72)
3405 722 3675 791 Ἰωάννης
3699 737 3715 748 ⁸

2122 833 2140 865 ι
2187 814 2296 869 Καὶ
2331 817 2364 867 ό
2411 817 2606 884 Λόγος
2651 813 2809 883 σὰρξ
2859 814 3116 884 ἐγένετο.
3170 810 3271 865 Διὰ
3315 809 3476 863 τοῦτο
3521 808 3722 860 τοίνυν

2121 925 2140 958 ι
2187 906 2280 960 τοῦ
2313 907 2486 976 Λόγου
2519 906 2878 979 ¹μνημονεύων
2920 906 3167 976 φαίνεται
3214 905 3390 974 μόνον.
3424 903 3558 955 Εἴτε
3604 899 3721 969 γὰρ

2121 1019 2141 1052 ι
2201 1000 2397 1072 Ἰησοῦ,
2434 999 2546 1054 εἴτε
2578 999 2813 1070 Χριστοῦ
2844 999 3106 1070 ὀνόματος
3148 995 3474 1070 μνημονεύοι
3508 994 3550 1064 ἡ
3587 991 3722 1045 θεία

2121 1109 2141 1142 ι
2189 1090 2398 1161 Γραφὴ,
2425 1089 2515 1143 τὸν
2550 1089 2688 1159 μετά
2715 1089 2815 1159 τῆς
2838 1087 3183 1160 ἀνθρωπίνης
3219 1085 3350 1141 ὄντα
3378 1080 3592 1155 σαρκὸς
3612 1078 3722 1133 τοῦ

2125 1203 2144 1235 ι
2191 1182 2327 1236 Θεοῦ
2361 1183 2532 1251 Λόγον
2558 1181 2847 1253 ὀνομάζειν
2887 1181 3156 1252 φαίνεται.
3189 1179 3253 1232 Εἰ
3275 1178 3330 1231 δέ
3365 1174 3580 1239 τιςακαὶ
3603 1173 3725 1244 πρὸ

2124 1293 2143 1327 ι
2187 1275 2287 1345 τῆς
2319 1274 2464 1336 Νέας
2486 1272 2778 1343 Διαθήκης,
2800 1272 2907 1342 (75)
2939 1271 3033 1324 τοῦ
3064 1268 3322 1340 Χριστοῦ,
3349 1265 3482 1319 Υίοῦ
3508 1265 3722 1334 δνομα,

2124 1385 2143 1418 ι
2191 1366 2301 1433 (74)
2326 1364 2403 1436 τῷ
2435 1365 2594 1435 Λόγῳ
2625 1365 2771 1436 μόνῳ
2813 1363 3084 1417 δεικνύναι
3123 1359 3380 1415 δύνασθαι
3428 1354 3724 1426 ἐπαγγέλ-

2123 1477 2143 1509 ‹
2187 1457 2350 1522 λοιτο,
2378 1456 2599 1527 εὑρήσει
2630 1455 2788 1508 τοῦτο
2817 1451 3168 1526 προφητικῶς
3203 1450 3508 1522 εἰρημένον.
3538 1466 3560 1500 ι
3602 1448 3730 1501 Καὶ

2125 1549 2242 1620 μεθ’
2284 1548 2446 1618 ἕτερα
2495 1548 2691 1618 ἐπάγει
2733 1546 2943 1617 λέγων·
2993 1563 3012 1595 ‹
3045 1543 3282 1606 Εἰκότως
3323 1538 3416 1594 οὖν
3458 1538 3572 1610 πρὸ
3615 1537 3728 1606 τῆς

2127 1660 2146 1692 ι
2190 1640 2417 1694 καθόδου
2460 1640 2621 1694 τοῦτο
2686 1635 2778 1711 ἦν,
2836 1640 2971 1711 ὅπερ
3019 1636 3278 1698 πολλάκις
3324 1633 3556 1704 ἔφαμεν,
3600 1629 3729 1700 (75)

2129 1752 2148 1784 «
2181 1732 2397 1800 Λόγος·
2431 1732 2569 1803 μετὰ
2610 1733 2666 1786 δὲ
2698 1732 2796 1803 τὴν
2827 1731 3070 1794 κάθοδον,
3101 1729 3195 1783 καὶ
3233 1728 3330 1800 τὴν
3371 1727 3470 1798 τῆς
3507 1724 3733 1796 σαρκὸς

451 1838 467 1868 ι
514 1828 611 1885 tet,
650 1819 765 1874 haec
809 1819 991 1873 omnia
1027 1818 1345 1889 prophetice
1401 1818 1476 1871 ita
1513 1817 1678 1872 dicta.
1717 1836 1736 1870 ι
1791 1816 1860 1871 Ει
1899 1822 2023 1886 post

2199 1822 2464 1894 ἀνάληψιν
2526 1824 2798 1895 διαφόρων
2864 1823 2958 1876 καὶ
3021 1822 3130 1875 τῶν
3185 1818 3495 1890 ὲπηγοριῶν
3527 1815 3729 1890 ,τετύ-

442 1919 638 1965 mulera
673 1909 942 1965 subinfert
979 1910 1231 1979 inquiens
1256 1926 1275 1962 ι
1310 1927 1330 1962 ι
1369 1909 1489 1965 Non
1521 1909 1792 1965 immerito
1820 1909 2018 1979 igitur,

2200 1933 2354 1986 χηκε.
2385 1935 2403 1968 ι
2447 1915 2634 1970 Ταῦτα
2679 1916 2778 1987 μὲν
2805 1913 2919 1980 οὖν,
2945 1916 3012 1969 δι’
3046 1908 3120 1968 ὧν
3144 1911 3464 1984 Μάρκελλος
3494 1908 3730 1962 ἁλίσκετ’

449 2021 466 2050 ‹
515 2002 621 2067 iam
670 2017 814 2073 saepe
857 1995 1120 2067 diximus,
1159 2010 1286 2057 ante
1331 2017 1488 2058 suum
1528 2003 1847 2058 descensum
1904 2011 2024 2058 erat

2163 2026 2240 2072 αι,
2280 2007 2369 2060 τὸν
2409 2009 2506 2079 μὲν
2535 2009 2662 2062 Υἱὸν
2690 2008 2783 2061 τοῦ
2821 2008 2956 2062 Θεοῦ
2983 2007 3076 2061 τὸν
3112 2006 3261 2069 ὄντα,
3291 2004 3386 2057 καὶ
3410 2001 3596 2067 ζῶντα
3625 2002 3731 2055 καὶ

447 2116 462 2143 ι
507 2092 741 2146 Verbum
768 2111 783 2146 :
814 2102 937 2164 post
967 2093 1288 2148 descensum
1311 2101 1366 2148 et
1391 2093 1571 2148 carnis
1591 2092 2014 2162 assumptionem

2160 2097 2334 2169 ληθῶς
2361 2098 2487 2152 Υίὸν
2519 2099 2648 2153 ὅντα
2673 2098 3026 2172 ἀρνούμενος,
3070 2097 3242 2166 Λόγον
3280 2094 3337 2148 δὲ
3371 2093 3524 2164 ψιλὸν
3563 2090 3729 2144 είσάο

447 2209 466 2240 ε
507 2189 686 2244 varias
729 2189 924 2243 exinde
969 2186 1358 2258 appellationes
1399 2187 1656 2243 obtinuit.
1717 2206 1735 2240 ι
1777 2187 1843 2241 Et
1902 2187 2017 2241 haec

2160 2209 2253 2244 ων.
2293 2175 2571 2246 Ᾱὲδεικται
2605 2192 2663 2246 δὲ
2693 2191 2782 2245 διὰ
2812 2189 2920 2244 τῶν
2964 2187 3272 2261 ἔμπροσθεν
3299 2181 3730 2256 παρατεθεισῶν

441 2289 570 2334 ειιηι
597 2279 813 2349 quidem
853 2277 964 2341 illa,
1020 2277 1218 2347 quibus
1245 2276 1682 2340 demonstratur,
1705 2274 2015 2330 Marcellum

2161 2285 2286 2338 ύτοῦ
2318 2285 2510 2356 φωνῶν
2548 2285 2643 2338 καὶ
2669 2287 2850 2338 ὁποῖον
2879 2285 3041 2338 αὑτὸν
3073 2279 3211 2335 εἶναι
3233 2279 3401 2348 Λόγον
3430 2273 3731 2330 ὑπετίθετο

442 2371 840 2438 deprehensum
861 2368 1062 2423 Filium
1090 2368 1183 2422 Dei
1202 2367 1349 2422 illum
1377 2367 1646 2422 viventem
1685 2380 1813 2421 vere
1835 2375 1889 2421 et
1918 2381 2016 2421 ex-

445 2467 726 2521 sistentem
767 2479 896 2520 vere
929 2464 1228 2535 abnegasse
1257 2481 1271 2516 :
1309 2472 1364 2520 et
1395 2463 1595 2518 nudum
1637 2472 1845 2518 tantum
1879 2462 2014 2518 Ver-

2125 2377 2534 2450 παραδείγματι
2566 2378 2846 2449 χρώμενος
2883 2375 2960 2448 τῷ
2995 2374 3320 2446 ἀνθρωπείῳ
3362 2371 3527 2439 λόγῳ,
3558 2369 3622 2421 ’ἐν
3665 2383 3731 2419 τε

2125 2470 2222 2521 καὶ
2252 2469 2448 2523 ταύτὸν
2478 2466 2618 2523 εἶναι
2648 2470 2823 2538 λέγων
2856 2467 3020 2522 αὐτὸν
3060 2466 3137 2537 τῷ
3169 2463 3308 2535 Θεῷ.
3336 2463 3449 2516 Καὶ
3481 2461 3546 2530 δὴ
3592 2456 3732 2511 ταύ-

443 2557 902 2627 bumimaginari.
937 2555 1043 2611 Sed
1069 2565 1125 2611 et
1155 2556 1375 2624 insuper
1407 2563 1651 2626 apparet,
1688 2570 1756 2610 ex
1791 2556 1857 2611 iis
1897 2571 2017 2626 quae

2160 2578 2226 2633 ην
2269 2562 2442 2634 ἀρχὴν
2494 2562 2977 2634 ὑποστησάμενος,
3035 2557 3340 2621 ἀκολούθως
3382 2559 3445 2608 ὲκ
3478 2553 3584 2621 τῆς
3634 2551 3730 2604 δοο

441 2648 498 2703 in
528 2647 959 2718 prmcedeutibus
987 2647 1054 2701 de
1095 2645 1264 2716 ipsius
1307 2645 1446 2702 libro
1490 2646 1664 2716 posita
1716 2655 1866 2712 sunt,
1927 2661 2020 2700 cu-

438 2737 681 2808 iusmodi
712 2737 863 2792 illum
887 2738 1124 2792 Verbum
1153 2751 1274 2792 esse
1301 2736 1644 2806 opinabatur,
1673 2752 1795 2791 cum
1827 2751 2019 2792 exem-

444 2827 537 2900 plo
561 2829 628 2884 de
653 2829 890 2885 humano
918 2828 1086 2882 verbo
1111 2837 1374 2882 uteretur.
1425 2826 1602 2882 Unum
1630 2841 1823 2897 nempe
1847 2827 2020 2883 idem-

2127 2651 2314 2723 θείσης
2342 2651 2490 2722 αὐτῷ
2538 2652 2890 2714 ὑποστάσεως
2933 2651 3023 2703 ἐπὶ
3070 2648 3132 2701 τὸ
3163 2642 3598 2715 καταψεύδεσθαι
3626 2639 3730 2709 τῆς

2127 2742 2486 2798 θεοπνεύστου
2516 2746 2738 2817 Γραφῆς
2775 2742 3131 2814 διαστρόφους
3158 2757 3218 2792 τε
3252 2737 3422 2807 αὑτῆς
3451 2730 3730 2789 ποιεῖσθαι

2123 2835 2226 2900 τὰς
2251 2838 2566 2910 ἑρμηνείας.

444 2937 554 2992 que
600 2922 747 2977 illum
801 2937 922 2978 cum
970 2921 1080 2976 Deo
1130 2936 1250 2976 esse
1301 2929 1566 2976 statuens.
1620 2919 1732 2976 Hoc
1763 2925 1830 2975 ad
1884 2922 2030 2980 hunc
2105 2930 2328 2985 modum
2395 2933 2693 2988 constituto
2720 2929 2992 3001 principio
3036 2935 3432 2994 consequenter
3463 2920 3530 2974 ad
3578 2918 3728 2974 hanc

445 3031 600 3072 suam
653 3015 1106 3084 suppositionem,
1163 3014 1338 3082 pergit
1382 3014 1448 3068 ad
1519 3013 1862 3069 mendacium
1915 3015 2212 3087 Scriptura:
2275 3023 2706 3094 impingendum,
2777 3031 2833 3078 et
2877 3021 2942 3076 ad
2996 3019 3144 3074 illam
3212 3011 3725 3084 interpretandam,

449 3110 716 3163 detortum
739 3107 794 3163 in
833 3109 1158 3164 sententiam
1187 3124 1360 3162 suam.

1078 3200 1230 3258 CAP.
1272 3202 1413 3257 XIX.

447 3295 607 3363 Quod
632 3312 798 3350 sacra:
815 3294 1126 3367 ειν-ἔρωτα),
1153 3312 1254 3349 non
1281 3294 1643 3367 tantummodo
1675 3294 1904 3350 Verbum
1934 3315 2032 3367 ap—

518 3367 706 3435 pellent
739 3367 833 3420 Dei
867 3364 1086 3429 Filium,
1118 3368 1208 3419 sed
1244 3367 1499 3418 sexcentis
1534 3365 1653 3419 aliis
1683 3367 1900 3422 diversis
1941 3364 2037 3423 no-

520 3437 771 3503 minibus,
799 3439 960 3496 etiam
987 3445 1107 3490 ante
1131 3436 1552 3490 incarnationem
1574 3453 1749 3492 suam.

527 3526 603 3582 De
625 3528 822 3596 quibus
843 3529 1087 3597 quidem,
1109 3526 1154 3582 si
1180 3527 1231 3581 in
1267 3527 1539 3596 praesenti,
1566 3527 1840 3599 paulisper
1866 3529 2035 3600 dispi-

454 3627 686 3686 ciamus,
724 3636 835 3675 non
878 3620 1113 3675 absurde
1138 3619 1382 3674 facturos
1403 3617 1752 3684 arbitramur,
1781 3628 1840 3675 ut
1863 3622 2035 3691 ignari

452 3715 648 3768 Irarum
680 3728 860 3767 rerum
897 3711 1222 3781 intelligant,
1263 3710 1468 3765 nullam
1505 3710 1665 3782 plane
1696 3711 2034 3782 Scripturam

455 3806 607 3860 illius
643 3805 828 3860 favere
865 3804 1129 3874 Opinioni,
1157 3802 1249 3872 qui
1288 3802 1519 3858 novitati
1564 3803 1790 3857 studens
1824 3818 1856 3858 a
1889 3811 2036 3857 recta

455 3898 564 3951 ﬁde
604 3896 880 3952 aberravit;
905 3911 916 3946 :
946 3895 1055 3949 imo
1078 3893 1238 3965 plane
1268 3893 1603 3948 contrarium
1643 3893 2039 3964 proloquantur

457 4003 650 4045 omnes
665 4005 678 4040 :
695 3997 748 4042 et
760 3987 1062 4041 occlamant
1075 3985 1193 4041 suis
1207 3984 1532 4040 testimoniis
1550 3995 1736 4040 contra
1755 3999 2038 4056 perversas

457 4081 631 4151 ipsius
670 4078 1030 4132 narrationes.
1062 4076 1296 4132 Omnino
1324 4084 1505 4130 autem
1536 4091 1759 4131 necesse
1777 4075 2038 4131 fuitistuil

463 4165 706 4241 aggredi,
736 4175 1022 4236 propterea
1065 4166 1208 4236 quod
1239 4174 1388 4231 sunt,
1416 4165 1506 4234 qui
1540 4165 1846 4233 suspiciunt
1875 4166 2037 4220 istum

459 4261 761 4327 hominem,
809 4274 877 4313 ne
928 4258 1049 4327 quis
1114 4255 1350 4310 fortasse
1404 4256 1472 4310 de
1501 4257 1716 4311 illorum
1790 4270 2038 4320 numero,

460 4368 558 4424 per
617 4365 895 4407 sacrarum
983 4348 1313 4404 Litterarum
1393 4347 1779 4419 ignorantiam,
1851 4347 2040 4403 existi-

461 4453 574 4500 met
611 4444 777 4500 I'erire
812 4444 959 4498 illum
979 4456 1199 4512 scopum
1239 4439 1505 4495 veritatis.
1547 4440 1725 4516 Atque
1754 4438 1885 4492 illud
1915 4449 2041 4493 ante

2059 3211 2106 3274 ϐ

2778 3204 2937 3258 ΚΕΦ.
2979 3201 3078 3255 18'.

2137 3299 2328 3364 Ὅπως
2358 3298 2418 3350 αί
2447 3295 2593 3351 θεῖαι
2612 3295 2840 3364 Γραφαὶ
2873 3296 2944 3348 οὐ
2973 3293 3167 3364 μόνον
3187 3290 3404 3364 Λόγον,
3624 3282 3725 3336 καὶ

2200 3353 2388 3438 μυρία
2420 3353 2672 3438 Λὲτερᾳξ
2867 3353 3013 3438 ,πρὸ-
3042 3360 3150 3438 τῆς
3210 3353 3727 3427 ἑνὶινθρωπήσεως

2205 3432 2506 3508 ὠιῖόμαζον
2536 3432 2646 3491 τὸν
2677 3435 2813 3491 Υἱὸν
2843 3434 2948 3488 τοῦ
2981 3432 3150 3487 Θεοῦ.

2209 3529 2323 3599 (76)
2363 3523 2462 3582 Ὧν
2496 3528 2775 3599 βραχείας,
2804 3526 2897 3578 ἐπὶ
2923 3523 3014 3576 τοῦ
3050 3521 3338 3593 παρόντος,
3375 3518 3558 3579 καλῶς
3583 3517 3728 3588 ἔχειν

2137 3621 2310 3691 ἐφάνη
2339 3638 2428 3691 μοι
2455 3617 2869 3689 διασκέψασθαι,
2897 3619 3008 3680 τοῖς
3037 3633 3095 3668 τε
3120 3612 3408 3683 ἀγνοοῦσιν
3437 3610 3726 3676 ἐπιδεῖξαι,

2137 3714 2214 3777 ὠς
2257 3713 2480 3784 οὐδεμία
2527 3713 2625 3784 μὲν
2657 3710 2806 3781 αὑτῷ
2850 3706 3222 3780 νεωτερίζοντι
3254 3705 3350 3758 καῖ¹
3402 3705 3502 3774 τῆς
3539 3703 3730 3772 ὑγιοῦς

2141 3807 2527 3878 ὲκτρεπομένῳ
2579 3805 2813 3867 πίστεως
2863 3802 3080 3873 συνᾴδει
3144 3797 3354 3872 Γραφὴ,
3415 3795 3732 3850 τούναντίον

2140 3893 2197 3946 δὲ
2233 3895 2402 3946 πᾶσαι
2445 3891 2914 3962 ἀντιφθέγγονται,
2949 3888 3045 3943 καὶ
3091 3883 3560 3958 ἀντιμαρτυροῦσι
3608 3886 3735 3947 ταῖς

2140 3985 2239 4037 οὑκ
2275 3983 2449 4055 ὀρθῶς
2486 3983 2633 4054 αὐτῷ
2672 3981 3145 4054 -παραληφθείσαις
3185 3979 3525 4049 διηγήσεσιν.
3551 3976 3732 4044 Ὅπερ

2141 4079 2306 4148 ἐχρῆν
2341 4077 2574 4148 μάλιστα
2603 4079 2715 4141 τοῖς
2759 4077 2851 4130 τὸν
2885 4075 3055 4146 ἄνδρα
3087 4071 3319 4144 τιμῶσιν
3360 4067 3728 4142 ἐνδείξασθαι,

2149 4173 2350 4243 μήποτ’
2389 4171 2500 4242 ἄρα
2523 4188 2608 4234 τις
2669 4169 2849 4223 αὑτῶν
2877 4166 3104 4240 ἀπειρίᾳ
3135 4165 3246 4220 τῶν
3289 4164 3452 4218 θείων
3494 4165 3734 4232 ἀναγνω-

2148 4265 2334 4335 μάτων
2382 4264 2670 4334 τυγχάνειν
2711 4262 2873 4316 αὑτὸν
2918 4260 3014 4314 τοῦ
3069 4261 3170 4331 τῆς
3217 4257 3479 4331 ἀληθείας
3525 4258 3729 4312 σκοποῦ

2145 4355 2434 4426 νομίσειεν.
2469 4356 2581 4409 Καὶ
2607 4355 2670 4423 δὴ
2703 4353 2890 4408 τοῦτον
2915 4352 3132 4425 πρῶτον
3156 4349 3573 4421 διασκοπητέον,
3607 4351 3636 4403 ὃ
3663 4349 3726 4424 δὴ

2145 4448 2239 4501 καὶ
2263 4448 2597 4520 τετόλμηκεν
2627 4446 3030 4519 ἀποφήνασθαι,
3059 4445 3188 4517 πρὶν
3236 4442 3497 4514 τεχθῆναι
3521 4441 3610 4496 διὰ
3633 4443 3727 4514 τῆς

461 4539 569 4595 alia
603 4538 656 4592 in
693 4537 1050 4606 quaestionem
1081 4546 1362 4597 vocemus,
1404 4531 1547 4602 quod
1577 4527 1846 4585 aﬂirmare
1877 4547 2028 4588 ausus

2160 4535 2425 4607 Παρθένου
2454 4535 2544 4589 τὸν
2559 4537 2685 4590 Υἱὸν
2705 4533 2798 4588 τοῦ
2821 4534 2980 4597 Θεοῦ,
3009 4534 3084 4603 μὴ
3109 4533 3218 4602 (77)
3237 4530 3540 4600 κεκλῆσθαι
3561 4530 3728 4600 ἑτέρῳ

461 4640 566 4696 cst,
599 4630 798 4685 Filium
833 4630 920 4685 Dei
946 4627 1089 4683 nullo
1113 4626 1221 4681 alio
1254 4625 1493 4689 nomine,
1528 4623 1633 4678 nisi
1662 4623 1825 4679 Verbi
1854 4634 2028 4680 notum

2160 4625 2370 4696 Βνόματι
2396 4627 2430 4697 ἢ
2466 4625 2656 4694 Λόγον.
2692 4625 2842 4696 Μηδὲ
2891 4625 2998 4695 γὰρ
3029 4619 3167 4676 εἷναι
3204 4622 3366 4676 αὐτόν
3399 4639 3453 4675 τι
3492 4622 3599 4693 πρὸ
3635 4621 3728 4693 τῆς

464 4720 844 4792 appellatione,
909 4719 1225 4789 priusquam
1289 4717 1356 4772 de
1408 4715 1634 4785 Virgine
1690 4724 2032 4770 nasceretur.

463 4806 630 4878 quue
655 4808 725 4863 ob
761 4822 882 4862 eam
907 4821 1128 4862 causam
1156 4805 1301 4890 quod
1329 4815 1457 4860 ante
1478 4803 1824 4875 praesentiam
1853 4805 2035 4860 incar-

461 4900 704 4955 nationis
733 4897 868 4954 nihil
893 4899 1036 4952 aliud
1082 4905 1140 4964 ὦ
1191 4913 1350 4967 quam
1392 4897 1630 4952 Verbum
1659 4904 1825 4951 erat:
1865 4911 2042 4965 neque

463 4992 572 5047 alio
604 4992 714 5047 ullo
779 4992 1024 5057 nomine,
1065 4991 1169 5046 nisi
1217 4989 1534 5060 prophetice
1564 4997 1872 5044 vocaretur.
1908 4988 2044 5044 Ver-

544 5117 603 5178 Β
639 5111 734 5169 Ed.
768 5110 965 5177 Paris.,
997 5125 1122 5178 pag.
1161 5108 1344 5175 82,85.
1382 5109 1426 5140 7’
1456 5106 1615 5161 Joau.
1647 5123 1686 5163 ι.
1709 5106 1799 5161 14.

543 5252 658 5326 (72)
701 5251 872 5321 Vulgo
967 5251 1141 5304 Ἰωάν.
1171 5247 1237 5304 Β.
1272 5247 1494 5302 alterum
1518 5246 1803 5318 ἄνθρωπος
1825 5246 1964 5302 delet
1997 5261 2027 5300 e

2160 5246 2369 5326 legend.
2431 5246 2750 5326 ὑπόστασιν,
2788 5245 2891 5326 hit".

471 5323 595 5377 nui:
635 5323 989 5395 μονον-βοτη).

545 5384 825 5516 (ἶ5)ΜΤοῦ
875 5389 1158 5460 Χριστοῦ,
1213 5389 1321 5443 τοῦ
1361 5387 1524 5443 Υἱοῦ.
1584 5385 1830 5459 ,Ιιεεεηὼ
1877 5386 1911 5456 ἢ
1952 5384 2047 5440 τοῦ

548 5482 630 5516 Ου.
720 5503 731 5515 .

528 5463 630 5517 Ξοῦ.
664 5464 731 5516 Μ.

474 5464 786 5606 “algidi
822 5533 986 5606 λόγῳ
1023 5531 1209 5606 μόνῳ.
1269 5526 1514 5606 obscure
1544 5567 1559 5592 ,
1619 5537 1673 5582 et
1731 5525 2048 5606 imperfecte

477 5596 793 5675 illtiil.iqiio'd
825 5596 1076 5675 τῷλόγῳ
1109 5601 1272 5672 μόνῳ,
1311 5601 1450 5654 idem
1480 5611 1595 5664 est,
1627 5613 1690 5675 ac
1724 5598 1769 5652 si
1811 5596 2044 5675 diceret,

474 5674 556 5744 τῷ
596 5666 740 5744 λόγῳ
773 5666 930 5744 μονον
989 5666 1147 5744 ὅντιθ,
1188 5666 1359 5744 deest
1385 5679 1569 5744 autem
1595 5739 1605 5744 _
1632 5666 2046 5744 διαφερόμενον,

479 5736 924 5814 προστίθεμενον,
958 5754 1050 5797 aut
1078 5743 1252 5814 simile
1273 5741 1421 5814 quid.
1455 5739 1710 5814 Δοθείσης
1741 5736 2048 5814 αὑτῷ-ὑπο-

482 5755 924 5814 προστιυεμενον,
958 5755 1050 5797 aut
1078 5755 1252 5797 s.mlle
1273 5755 1421 5808 qma.
1455 5755 1710 5808 Δουεισης
1741 5755 2048 5862 antinom-

482 5815 747 5881 στάσεως,
785 5823 941 5870 antea
972 5813 1190 5871 memini
1218 5810 1470 5865 ὑπόθεσιν
1502 5809 1782 5880 scriptum,
1824 5823 1855 5861 u
1899 5814 2050 5862 lerat

2145 4716 2412 4786 ὲνσάρκου
2434 4715 2735 4788 παρουσίας
2755 4715 2786 4786 ἦ
2813 4715 3004 4783 Λόγον,
3031 4712 3154 4784 μηδ’
3172 4711 3490 4782 ὠνομάσθαι
3509 4711 3725 4781 ἑτέρως.

2147 4809 2194 4861 εἰ
2235 4808 2310 4880 μὴ
2353 4808 2462 4877 ἄρα
2502 4807 2886 4880 προφητικῶς*
2930 4806 3103 4873 Λόγον
3166 4803 3275 4874 γάρ
3329 4799 3470 4857 εἷναί
3524 4820 3586 4855 τε
3639 4803 3726 4856 καὶ

2149 4897 2486 4968 ὠνομάσθαι,
2518 4898 2614 4951 καὶ
2656 4897 2808 4950 οὐδὲν
2853 4895 3040 4965 ἓτερον
3091 4895 3307 4963 φάσκει,
3351 4892 3491 4963 μετά
3541 4893 3600 4946 δὲ
3633 4895 3726 4964 τὴν

2153 4988 2415 5059 ἐνσαρκον
2449 4988 2770 5066 παρουσίαν,
2810 4987 3080 5058 διαφόρων
3128 4985 3223 5039 καὶ
3275 4983 3383 5037 τῶν
3421 4983 3726 5056 ἐπηγοριῶν

2988 5258 3046 5297 ro
3091 5242 3465 5307 ὑποστάσεως,
3523 5238 3719 5310 legend.

2158 5313 2467 5390 ὑποθέσεως
2493 5318 2570 5390 [et
2584 5317 2673 5390 εἰς
2694 5313 2925 5390 -οοιῑι1.].,
2943 5313 3013 5390 M_.

2227 5389 2339 5454 (75)
2360 5381 2546 5458 Vulgo
2573 5388 2602 5458 ό
2633 5386 2804 5454 Λόγος
2835 5381 3050 5458 etinfra
3083 5381 3333 5436 ὑπέθετο.

2223 5451 2336 5526 (76)
2352 5451 2570 5526 initium
2593 5451 2763 5526 ipsum
2786 5453 3350 5526 capiti_s_depravatum
3376 5459 3482 5526 est,
3512 5451 3714 5526 legend.

2321 5521 2417 5581 ’ὧν
2466 5527 2588 5599 διὰ-ί
2613 5521 2766 5599 θρα..
2801 5521 2907 5581 etc.
2942 5521 3016 5578 Μ.
3043 5554 3114 5564 —
3147 5521 3271 5578 Mox
3307 5522 3468 5593 vulgo
3507 5522 3718 5594 οὐδεμία

2152 5595 2301 5668 αὑτῷ
2327 5614 2375 5652 ν.
2406 5607 2461 5668 et
2487 5599 2517 5650 ὁ
2546 5597 2603 5650 δὲ
2621 5595 2744 5668 καί.

2225 5660 2339 5751 (77)
2367 5667 2464 5751 φὴ
2481 5666 2813 5751 κεκλήσθω.
2826 5663 2939 5745 1ῳο
2955 5661 3270 5751 κεκλῇσθαι.
3287 5660 3559 5751 δεμ-ψῃ
3577 5662 3719 5734 vulgo

2155 5733 2469 5810 ὠνομάσθαι
2503 5738 2688 5810 ἕτερον
2720 5748 2774 5794 et
2798 5735 2951 5790 τοῦτο
2985 5735 3040 5787 δὲ
3066 5733 3159 5788 οὖν
3187 5750 3283 5802 πρ.
3309 5733 3547 5788 δεκτέον.
