3838 6222
114 257 230 313 865

1109 255 1198 314 DE
1232 257 1770 318 ECCLESIASTICA
1809 257 2207 318 THEOLOGIA
2247 259 2376 316 LIB.
2417 260 2460 317 1.

3270 266 3378 326 866

115 380 503 451 τετυχηκέναι.
547 379 718 434 Τοῦτο
743 379 808 451 δὴ
841 375 937 435 οὖν
965 378 1183 452 πρῶτον
1213 381 1449 450 δεκτέον,
1475 383 1679 456 ἀμαθῶς

1807 383 1936 439 bum
1963 399 2092 440 vero
2107 393 2163 440 et
2185 393 2309 440 erat
2331 395 2444 440 tum
2466 393 2520 440 et
2544 385 2844 451 dicebatur,
2869 395 2926 441 et
2949 387 3090 443 nihil
3116 388 3285 446 aliud.
3309 394 3378 448 At

117 473 222 527 καὶ
256 473 364 526 τῶν
397 471 556 526 Θείων
600 471 834 546 Γραφῶν
873 474 1340 546 ἀνεπιστημόνως,
1375 475 1536 530 αὑτὸν
1568 477 1704 530 ἀπο-

120 567 456 638 φηνάμενον.

773 829 929 884 ΚΕΦ.
970 830 1056 885 Κ¹.

113 918 484 993 Παρᾳθέσεις
515 919 614 993 καί
653 919 955 993 ἑρμηνεῖαι
995 921 1228 993 pegma;
1265 918 1384 974 τῶν
1432 921 1552 976 ἀπὸ
1590 921 1701 993 τῆς

187 987 352 1056 θείας
395 987 642 1059 Γραςρῆς
669 987 1052 1057 ἀποδείξεων,
1069 987 1160 1044 ’ἐν
1187 991 1353 1057 ὅλοις
1383 987 1699 1060 τριάκοντά

186 1063 558 1130 κεφαλαίοις.

184 1159 258 1205 α’.
296 1151 519 1224 Πρῶτον
567 1151 667 1222 μὲν
699 1149 808 1223 γὰρ
842 1152 1004 1215 αὐτὸς
1038 1154 1067 1205 ὁ
1104 1151 1245 1216 Θεῖος
1305 1154 1700 1227 εὐαγγελιστὴς

123 1243 404 1315 Ἰωάννης,
422 1244 451 1295 ό
469 1243 532 1314 δὴ
551 1242 686 1314 (77‘)
705 1243 877 1311 Λόγον
894 1244 1054 1298 αὐτὸν
1081 1244 1338 1308 ἀνειπὼν,
1356 1246 1456 1300 οὐκ
1479 1249 1558 1310 εἰς
1589 1264 1698 1313 μα-

108 1335 270 1408 κρὸν,
308 1335 424 1389 ἀλλ’
470 1333 632 1399 εὐθὺς
680 1335 775 1388 καὶ
817 1335 970 1407 παρά
1022 1337 1156 1390 πόδα
1189 1337 1322 1391 Θεὸν
1361 1339 1521 1393 αὑτὸν
1559 1339 1695 1392 ὠνό-

109 1445 277 1498 μασε,
323 1428 536 1498 φήσας·
596 1426 706 1481 Καὶ
761 1425 907 1492 Θεὸς
941 1423 1020 1498 ἦν
1052 1431 1086 1482 ό
1131 1429 1342 1498 Λόγος.
1392 1431 1698 1501 Δυνάμενπ

105 1519 244 1588 γοῦν
269 1520 466 1584 εἰπεῖν,
496 1517 609 1590 (78)
634 1519 728 1572 καὶ
750 1519 885 1573 Θεοῦ
913 1515 981 1592 ἦν
1002 1521 1032 1572 ό
1067 1519 1259 1588 Λόγος,
1284 1520 1442 1574 τοῦτο
1472 1522 1568 1593 μὲν
1595 1523 1695 1576 οὐκ

103 1612 241 1683 ἔφη,
267 1611 342 1674 ὡς
364 1611 430 1664 ἂν
472 1612 546 1682 μή
577 1629 658 1674 τις
687 1611 849 1664 αὑτὸν
886 1610 964 1682 τῷ
993 1611 1144 1684 παρὰ
1172 1610 1476 1684 ἀνθρώποις
1507 1615 1693 1686 ὅμοιον

102 1699 250 1757 εἶναι
307 1704 532 1774 φήσειε·
581 1702 714 1756 Θεὸν
757 1703 814 1756 δὲ
864 1703 1028 1757 αὑτὸν
1069 1703 1256 1768 καλεῖ,
1301 1705 1364 1757 τὸ
1417 1706 1693 1777 ὑπερφυὲς
1729 1751 1768 1806 Β

100 1792 205 1848 τοῦ
241 1795 370 1864 περὶ
418 1794 581 1848 αὐτὸν
629 1793 966 1866 θεοπρεποῦς
1010 1793 1352 1867 ἀξιώματος,
1402 1797 1544 1850 οὕτω
1576 1798 1688 1851 δει-

102 1884 266 1948 κνύς.
615 1896 617 1899 ’

177 1978 247 2049 β’.
283 1976 541 2040 Μεταϐἀς
569 1977 627 2030 δὲ
665 1977 748 2048 ἐφ’
775 1977 966 2049 ἑτέραν
1009 1979 1251 2033 ἐπίνοιαν
1294 1979 1393 2052 τῆς
1424 1981 1552 2052 περὶ
1595 1983 1691 2034 αὐ-

98 2070 200 2123 τοῦ
247 2069 584 2139 δοξολογίας,
627 2071 756 2136 Φῶς
803 2070 964 2123 αὐτὸν
995 2070 1277 2142 ὠνόμασε,
1316 2073 1690 2145 προϋπάρχειν

96 2161 270 2216 αὐτὸν
319 2161 417 2232 τῆς
472 2161 567 2214 τοῦ
634 2161 884 2232 σώματος
930 2160 1282 2233 ἀναλήψεως,
1346 2162 1489 2215 κατά
1531 2161 1689 2215 τοῦτο

95 2255 240 2309 αὐτὸ
296 2253 576 2327 δηλώσας,
640 2255 699 2308 ὲν
761 2249 843 2318 οἷς
899 2255 1027 2326 περὶ
1072 2255 1167 2309 τοῦ
1227 2254 1532 2309 Βαπτιστοῦ
1581 2274 1687 2328 φη-

96 2367 213 2404 σινο

172 2442 242 2512 γ’.
290 2442 411 2495 οὐκ
447 2436 529 2511 ἦν
576 2439 806 2506 ἐκεῖνος
853 2439 920 2493 τὸ
957 2437 1102 2509 φῶς,
1143 2437 1282 2492 ἀλλ’
1323 2438 1424 2491 ἵνα
1465 2456 1688 2507 μαρτυ-

82 2537 267 2606 ρήσῃ
293 2535 427 2604 περὶ
454 2532 561 2588 τοῦ
589 2532 801 2603 φωτὸς,
830 2532 861 2587 ὃ
888 2530 1115 2602 prvellit
1143 2530 1339 2584 πάντα
1376 2531 1689 2599 ἄνθρωπον

89 2630 430 2700 ἐρχόμενον
474 2629 560 2692 είς
596 2625 703 2679 τὸν
753 2627 1007 2695 κόσμον.
1058 2624 1154 2676 Ἐν
1196 2621 1277 2688 τῷ
1334 2624 1540 2692 κόσμῳ
1584 2618 1683 2693 ἦν,

91 2720 202 2776 καὶ
242 2723 276 2775 ό
311 2720 540 2788 κόσμος
585 2716 659 2770 δι’
705 2715 890 2770 αὐτοῦ
940 2713 1198 2784 ἐγένετο,
1234 2713 1333 2766 καὶ
1379 2711 1412 2766 ό
1456 2713 1685 2780 κόσμος

90 2812 292 2869 αὐτὸν
338 2814 450 2866 οὐκ
479 2811 651 2879 ἔγνω.
681 2810 786 2874 Εἰς
833 2805 907 2860 τὰ
942 2805 1064 2860 ἴδια
1103 2801 1273 2876 ἦλθε,
1315 2803 1415 2857 καὶ
1447 2805 1502 2856 οί
1548 2803 1685 2857 ἴδιοι

90 2903 290 2958 αὐτὸν
317 2902 389 2955 οὐ
437 2898 796 2968 παρέλαϐον.
838 2897 1000 2968 Ὁρᾷς
1042 2896 1190 2958 ὅπως
1235 2892 1446 2958 τούτοις
1482 2895 1544 2947 οὐ
1583 2895 1686 2948 Λό-

90 3013 197 3065 γον
229 2992 411 3065 μόνον,
436 2991 511 3055 ὡς
540 2989 714 3044 ἐδόκει
753 2987 1082 3059 Μαρκέλλῳ,
1109 2985 1245 3040 ἀλλά
1275 2987 1368 3039 καὶ
1401 2985 1554 3051 Θεὸν,
1586 2987 1684 3040 καὶ

1804 481 2089 544 postquam
2122 489 2286 530 carne
2335 485 2548 546 sumpta
2577 476 2815 542 advenit,
2866 478 3104 536 diversis
3155 483 3374 548 quidem

1805 563 1976 620 titulis
2014 566 2398 637 usurpabatur.
2429 566 2585 634 Quod
2631 568 2699 623 ab
2738 567 2833 623 illo
2871 569 2946 624 ita
2974 572 3232 640 positum,
3259 573 3378 629 Ἰω-

1801 656 1977 724 perite
2003 657 2230 722 dictum,
2261 668 2315 712 et
2338 672 2434 728 per
2463 673 2732 714 summam
2770 658 3174 730 Scripturarum
3219 663 3370 733 igno-

1804 747 2058 816 rantiam,
2083 759 2208 804 ante
2235 750 2417 805 omnia
2459 733 2939 806 demonstrandum
2957 762 3063 808 est.

2430 840 2584 897 CAP.
2625 840 2745 896 XX.

1801 949 2099 1029 Proposita:
2138 971 2232 1024 per
2277 965 2455 1030 partes
2481 973 2509 1010 e
2536 959 2701 1011 sacris
2749 957 2984 1030 Litteris,
3016 968 3064 1013 et
3095 959 3374 1030 explicata:

2260 1041 2368 1080 xxx
2407 1029 2910 1082 demonstrationes.

1873 1161 1926 1215 1.
1963 1158 2230 1229 Imprimis
2274 1160 2602 1232 evangelista
2655 1161 2896 1217 Joannes
2959 1161 3098 1231 ipse,
3155 1163 3248 1233 qui
3309 1165 3377 1219 de

1798 1250 1962 1306 Verbi
1995 1251 2360 1323 appellatione
2405 1268 2529 1308 eum
2561 1255 2807 1324 agnovit,
2839 1269 2945 1310 non
2975 1255 3163 1312 multis
3201 1255 3375 1312 inter-

1797 1343 2010 1412 positis,
2042 1344 2170 1414 quin
2216 1346 2420 1410 statim,
2456 1354 2512 1400 et
2563 1345 2618 1400 in
2667 1349 2952 1416 procinctu
3002 1347 3168 1414 velut,
3205 1347 3375 1403 Deum

1797 1437 2048 1490 eumdem
2081 1438 2334 1506 appellat,
2365 1438 2618 1507 inquiens
2653 1456 2666 1492 :
2695 1437 2767 1492 Et
2801 1438 2943 1494 Deus
2969 1449 3083 1494 erat
3128 1438 3374 1496 Verbum.

1797 1527 1930 1581 Cum
1966 1528 2110 1583 enim
2148 1529 2197 1584 ei
2244 1529 2404 1584 facile
2430 1528 2623 1585 fuisset
2647 1531 2830 1586 dicere
2858 1549 2873 1584 :
2901 1539 2959 1586 et
2991 1532 3230 1587 divinum
3254 1545 3375 1587 erat

1796 1617 2058 1686 Verbum,
2095 1619 2198 1674 hoc
2230 1635 2338 1675 non
2388 1621 2461 1675 ita
2511 1622 2716 1690 posuit,
2749 1638 2818 1678 ne
2847 1625 2972 1694 quis
3003 1623 3154 1678 illum
3184 1626 3374 1693 opina-

1795 1718 1952 1762 retur
1999 1709 2233 1763 similem
2287 1712 2526 1765 humano
2574 1713 2790 1767 cuidam
2838 1714 3004 1769 verbo
3049 1715 3369 1770 exstitisse:

1793 1802 1890 1855 sed
1918 1801 2155 1872 appellat
2184 1819 2306 1857 eum
2342 1803 2510 1859 Deum
2540 1821 2553 1858 :
2578 1821 2684 1875 quo
2714 1806 2912 1862 divina:
2943 1808 3223 1879 dignitatis
3255 1808 3373 1879 ejus

1792 1893 2306 1948 excellentissimam
2347 1896 2608 1951 indicaret
2635 1907 2903 1951 naturam.

1861 1985 1916 2038 2.
1960 1983 2258 2042 Transiens
2317 1987 2446 2042 hinc
2516 1990 2582 2042 ad
2645 1989 2804 2043 aliam
2871 1988 3369 2044 considerationem

1791 2075 2103 2144 quamdam,
2136 2075 2284 2132 illius
2328 2091 2490 2148 quam
2523 2079 2760 2134 habebat
2788 2077 3224 2149 gloriﬁcationis,
3257 2079 3368 2132 Lu-

1791 2182 1900 2220 cem
1952 2167 2100 2221 illum
2148 2176 2330 2234 vocat,
2367 2179 2422 2225 et
2469 2185 2568 2240 per
2594 2171 2745 2226 illum
2778 2171 2952 2241 ipsum
2989 2171 3199 2227 titulum
3232 2187 3398 2242 prae-_

1790 2258 2067 2313 exstitisse
2099 2271 2221 2313 eum
2255 2260 2499 2316 indicare
2526 2261 2697 2316 voluit
2728 2272 2854 2318 ante
2878 2273 3216 2332 assumptum
3246 2279 3370 2319 cor-

1790 2365 1890 2419 pus
1916 2365 2072 2405 suum
2103 2369 2116 2405 :
2147 2351 2415 2421 siquidem
2440 2352 2506 2407 de
2533 2353 2776 2422 Baptista
2816 2353 3028 2410 locutus
3045 2355 3122 2409 ait
3141 2373 3154 2409 :
3173 2402 3188 2420 ,

1860 2442 1914 2496 5.
1953 2441 2081 2496 Non
2109 2452 2225 2497 erat
2256 2443 2344 2496 ille
2380 2442 2493 2507 lux,
2527 2445 2617 2497 sed
2654 2455 2712 2498 ut
2739 2447 3094 2500 testimonium
3131 2446 3371 2516 perhibe-

1789 2545 1866 2588 ret
1896 2535 1960 2589 de
1989 2534 2187 2588 lumine
2225 2534 2342 2602 illo,
2369 2536 2509 2606 quod
2548 2535 2816 2590 illuminat
2859 2553 3062 2592 onmem
3102 2541 3368 2594 hominem

1787 2627 2145 2680 uenientemin
2179 2627 2316 2680 hunc
2338 2627 2615 2682 mundum.
2649 2626 2716 2682 In
2753 2631 2949 2682 mundo
2979 2641 3116 2696 erat,
3149 2640 3197 2685 et
3219 2647 3368 2684 muns

1787 2717 1886 2769 dus
1906 2731 1998 2787 per
2029 2717 2199 2786 ipsum
2228 2717 2403 2787 factus
2425 2727 2521 2782 est,
2545 2727 2594 2771 et
2625 2719 2854 2774 mundus
2893 2736 3010 2773 eum
3038 2738 3141 2774 non
3169 2738 3368 2791 cogno-

1786 2812 1874 2862 vit.
1909 2807 1974 2860 In
2004 2810 2222 2877 propria
2252 2810 2414 2873 venit,
2452 2817 2502 2862 et
2531 2811 2615 2863 sui
2666 2827 2786 2864 eum
2827 2828 2931 2864 non
2973 2827 3272 2882 receperunt
3295 2815 3365 2870 ⁵ο.

1788 2897 1950 2954 Vides
1981 2910 2186 2966 autem,
2219 2911 2274 2954 ut
2315 2900 2370 2955 in
2409 2901 2529 2957 istis
2579 2917 2687 2957 non
2722 2900 2960 2957 Verbum
2996 2905 3366 2976 solummodo,

1785 2993 1880 3047 sed
1930 3003 1985 3046 et
2032 2992 2197 3048 Deum
2244 3001 2301 3047 et
2357 2993 2556 3058 lucem,
2591 2993 2744 3047 illiilli
2798 2994 3125 3061 nominavit,
3173 3007 3365 3054 contra

91 3089 218 3160 φῶς
261 3086 423 3140 αὐτὸν
453 3084 727 3155 ὠνόμασε,
762 3081 1136 3155 προϋπάρχειν
1170 3097 1230 3134 τε
1265 3080 1428 3135 αὐτὸν
1457 3079 1679 3148 ἐδίδαξε,

1794 3100 1945 3155 quam
2010 3085 2264 3140 Marcello
2327 3086 2638 3140 videbatur.
2692 3085 3094 3143 Praaexstitisse
3150 3104 3370 3159 quoque

91 3182 195 3236 καὶ
232 3179 327 3232 τὸν
371 3178 574 3248 κόσμον
601 3175 668 3229 δι’
696 3173 860 3229 αὐτοῦ
889 3173 1191 3244 γεγονέναι.
1219 3173 1427 3244 Ὥσπερ
1458 3174 1567 3245 γὰρ
1594 3173 1682 3227 διά

88 3272 194 3328 τοῦ
238 3270 375 3325 Θεοῦ
437 3267 547 3342 ('79)
615 3268 791 3338 Λόγου
839 3266 1196 3336 γεγεννῆσθαι
1235 3265 1302 3319 τὰ
1335 3267 1540 3333 πάντα,
1589 3267 1684 3320 καὶ

89 3365 270 3438 χωρὶς
298 3363 464 3417 αὐτοῦ
505 3359 760 3431 γενέσθαι
807 3359 958 3413 οὐδὲν
1003 3358 1369 3430 προείρηκεν,
1414 3356 1556 3411 οὕτω
1588 3359 1683 3412 καὶ

87 3460 186 3514 διὰ
213 3457 326 3529 (80)
364 3454 458 3511 τοῦ
491 3455 665 3524 φωτός
685 3471 700 3486 ο
732 3454 786 3506 '0
812 3452 924 3522 γὰρ
951 3453 1198 3520 κόσμος,
1222 3451 1378 3522 φησι,
1405 3452 1478 3506 δι’
1495 3452 1681 3507 αὐτοῦ

87 3551 356 3622 ἐγένετο.
394 3549 482 3613 Ὠς
519 3544 657 3601 εἶναι
690 3546 747 3600 ἓν
787 3547 881 3600 καὶ
921 3545 1115 3598 ταύτὸν
1154 3544 1221 3598 τὸ
1265 3543 1391 3614 φῶς
1433 3543 1531 3599 καὶ
1574 3544 1682 3601 τὸν

92 3644 252 3700 Θεὸν
288 3645 502 3713 Λόγον.
529 3640 718 3710 Λέγων
745 3638 802 3692 δὲ
834 3638 901 3692 δι’
930 3637 1096 3691 αὑτοῦ
1132 3637 1512 3709 γεγεννῆσθαι,
1549 3639 1682 3692 ποτὲ

95 3732 200 3802 μὲν
227 3728 321 3783 τὸν
354 3728 578 3798 κόσμον,
612 3726 744 3780 ποτὲ
782 3724 838 3777 δὲ
880 3725 948 3778 τὰ
980 3726 1178 3790 πάντα,
1228 3724 1290 3778 τὸ
1329 3725 1436 3796 (81)
1472 3726 1680 3798 ὑπηρε-

88 3823 250 3876 τικὸν
277 3820 373 3874 τοῦ
407 3820 542 3873 Θεοῦ
571 3819 891 3890 παρίστησι.
932 3817 1241 3888 Δυνάμενος
1275 3816 1406 3887 γοῦν
1445 3820 1474 3872 ὁ
1515 3819 1679 3888 εὐαγ-

90 3911 352 3985 γελιστὴς
406 3913 599 3974 εἰπεῖν,
647 3910 851 3964 Πάντα
903 3909 1004 3963 ὑπ’
1052 3909 1238 3963 αὐτοῦ
1287 3909 1543 3980 ἐγένετο,
1586 3910 1681 3963 καὶ⁹

88 4003 284 4070 αὖθις,
317 4003 428 4059 Kal
467 4006 499 4057 ό
537 4003 765 4072 κόσμος
791 4003 892 4057 ὑπ’
918 4000 1106 4055 αὐτοῦ
1134 4001 1392 4071 ἐγένετο,
1417 4002 1538 4072 οὐχ,
1578 4004 1679 4056 ὑπ’

85 4096 305 4161 αὐτοῦ,
339 4096 464 4167 ἔφη,
499 4095 631 4149 ἀλλά
657 4094 730 4147 δι’
752 4093 936 4148 αὐτοῦ
969 4088 1049 4164 ἦν
1079 4109 1092 4123 ·
1120 4093 1183 4146 ἵν’
1208 4093 1354 4164 ἡμᾶς
1385 4093 1681 4167 ἀναπέμψῃ

87 4195 185 4247 ἐπὶ
213 4192 314 4262 τὴν
343 4191 452 4243 τῶν
479 4189 616 4241 ὅλων
647 4185 959 4257 ποιητικὴν,
991 4183 1087 4236 τοῦ
1127 4185 1338 4255 Πατρὸς
1372 4183 1674 4238 αὑθεντίαν.

100 4283 270 4338 Ἀλλὰ
299 4280 399 4336 καὶ
427 4284 460 4335 ό
491 4281 747 4350 κόσμος,
776 4278 958 4348 φησιν,
1001 4275 1188 4331 αὐτὸν
1218 4278 1327 4329 οὐκ
1359 4275 1533 4344 ἔγνω.
1574 4277 1678 4330 Τὸν

82 4375 146 4428 δὲ
187 4375 284 4427 ἐπὶ
326 4372 544 4426 πάντων
571 4371 701 4424 Θεὸν
731 4373 986 4439 φυσικαῖς
1018 4369 1248 4430 ἐννοίαις
1279 4369 1516 4432 ἅπαντες
1543 4369 1675 4440 ὁμο-

1785 3176 2016 3231 ailirmat
2073 3177 2223 3231 illum
2271 3193 2286 3230 :
2336 3186 2391 3231 et
2445 3178 2706 3232 mundum
2768 3193 2866 3247 per
2917 3179 3094 3248 ipsum
3156 3181 3365 3238 factum

1784 3269 1974 3325 fuisse.
2001 3268 2467 3337 Quemadmodum
2496 3271 2642 3324 enim
2672 3269 2728 3324 in
2750 3272 3184 3339 praecedentibus
3212 3276 3367 3330 dixe-

1784 3369 1890 3429 rat,
1921 3362 2102 3417 omnia
2127 3360 2386 3431 producta
2417 3360 2588 3415 fuisse
2614 3376 2711 3431 per
2748 3362 2988 3418 Verbum
3015 3363 3133 3432 Dei,
3158 3375 3215 3421 et
3243 3366 3364 3421 sine

1782 3453 1876 3509 illo
1935 3453 2068 3508 nihil
2109 3453 2271 3524 plane
2323 3462 2712 3523 procreatum,
2773 3454 2852 3508 ita
2905 3469 3123 3526 quoque
3171 3467 3226 3512 et
3269 3473 3366 3527 per

1783 3542 1958 3599 lucem
1988 3543 2106 3596 ait:
2137 3540 2282 3596 Nam
2315 3541 2566 3605 mundus,
2611 3541 2813 3611 inquit,
2849 3534 2958 3610 per'
2985 3542 3137 3595 illum
3187 3544 3361 3611 factus

1782 3644 1878 3697 est,
1919 3642 1980 3688 ut
2011 3635 2084 3687 ita
2117 3647 2256 3686 unus
2287 3632 2538 3699 idemque
2571 3629 2755 3696 fuerit,
2785 3627 2927 3696 Lux,
2959 3639 3014 3686 et
3045 3630 3188 3684 Deus
3228 3629 3359 3685 Ver-

1783 3722 2190 3792 bum.Cumque
2223 3739 2321 3794 per
2347 3723 2495 3778 illum
2528 3721 2762 3777 aﬂirmet
2792 3721 2996 3777 factum
3027 3737 3172 3779 nunc
3202 3739 3362 3778 mun-

1782 3823 1934 3885 dum,
1974 3832 2116 3873 nunc
2174 3828 2372 3873 caetera
2421 3815 2630 3882 omnia,
2679 3815 2989 3870 subindicat
3040 3801 3191 3870 illum
3246 3816 3362 3871 Deo

1781 3910 2242 3966 subministrasse.
2272 3905 2405 3960 Nam
2443 3909 2505 3968 >3
2537 3919 2660 3960 cum
2706 3912 2894 3973 posset
2924 3903 2993 3958 ad
3032 3903 3198 3958 istum
3244 3919 3358 3958 mo-

1782 4003 1905 4057 dum
1930 3999 2176 4072 proferre
2196 3996 2525 4066 evangelista
2552 4011 2567 4048 :
2607 3995 2803 4050 Omnia
2830 3995 2897 4049 ab
2927 3993 3020 4049 illo
3043 3995 3186 4064 facta
3207 4005 3356 4061 sunt,

1781 4103 1944 4162 atque
1977 4094 2171 4146 iterum
2205 4106 2220 4144 :
2251 4088 2485 4143 Mundus
2517 4093 2580 4141 ab
2613 4086 2707 4140 illo
2737 4086 2914 4156 factus
2955 4096 3054 4156 ett,
3089 4100 3194 4141 non
3225 4086 3356 4144 illud

1779 4187 1981 4257 posuit,
2012 4185 2076 4238 ab
2103 4201 2163 4239 eo
2187 4200 2206 4238 :
2240 4183 2334 4238 sed
2363 4198 2456 4251 per
2477 4198 2616 4237 eum.
2659 4180 2778 4248 Quo
2810 4180 3023 4236 scilicet
3052 4181 3357 4237 remitteret

1780 4295 1876 4336 nos
1922 4279 1989 4334 ad
2040 4277 2406 4331 authenticam
2436 4274 2615 4329 Patris
2643 4274 2828 4329 omnia
2856 4273 3078 4328 creandi
3112 4281 3354 4344 potesta-

1782 4385 1910 4425 tem.
1958 4369 2065 4424 Sed
2114 4377 2162 4423 et
2202 4369 2455 4432 mundus,
2487 4367 2684 4436 inquit,
2719 4367 2892 4434 ipsum
2936 4379 3040 4418 non
3091 4364 3355 4434 cognouit.

86 4463 344 4534 λογοῦσιν
382 4462 678 4535 ἄνθρωποι,
707 4461 800 4515 καὶ
833 4460 1040 4532 πρῶτοί
1077 4477 1139 4528 γε
1176 4460 1444 4513 Ἰουδαίων
1487 4462 1676 4526 παῖδες

1794 4462 1912 4518 Sum
1944 4464 2134 4528 Deum,
2164 4459 2259 4530 qui
2311 4460 2383 4515 sit
2426 4473 2590 4529 super
2618 4456 2823 4522 omnia,
2863 4471 2963 4526 per
2991 4454 3241 4510 notiones
3273 4454 3358 4507 in«

85 4560 156 4611 ὲκ
187 4556 299 4609 τῶν
352 4550 702 4626 προφητικῶν
755 4551 985 4623 Γραφῶν
1033 4550 1558 4622 χειραγωγούμενοι,
1598 4551 1674 4616 ὡς

85 4651 189 4706 καὶ
219 4649 382 4713 αὐτὸς
412 4647 647 4719 παρίστη
683 4644 1022 4717 Μάρκελλος,
1049 4647 1105 4698 ἐν
1131 4649 1243 4709 τοῖς
1285 4645 1410 4716 ἑξῆς
1442 4643 1668 4716 προϊών.

85 4740 306 4797 Οὐκοῦν
341 4741 525 4810 ἕτερος
549 4735 617 4809 ἦν
647 4732 821 4800 οὗτος,
847 4737 904 4790 ὂν
929 4739 958 4789 ὁ
989 4737 1192 4808 κόσμος
1225 4738 1324 4790 οὐκ
1356 4737 1515 4806 ἔγνω,
1540 4737 1673 4801 Θεὸς

85 4835 186 4888 καὶ
201 4833 393 4903 Λόγος,
423 4830 537 4902 φῶς
557 4830 816 4902 ὑπάρχων
844 4847 902 4882 τε
921 4831 1012 4882 καὶ
1026 4829 1414 4900 ὠνομασμένος
1434 4847 1448 4858 ·
1470 4830 1584 4899 φῶς
1606 4829 1664 4882 δὲ

81 4929 189 4982 οὐκ
203 4925 482 4996 αἰσθητὸν,
503 4923 625 4977 οὐδὲ
643 4923 751 4995 (82)
768 4921 987 4993 σαρκῶν
1001 4923 1132 4995 (82‘)
1148 4921 1455 4993 ὀφθαλμοὺς
1470 4921 1671 4994 ὁμοίως

163 5120 226 5180 >14
252 5112 351 5168 Ed.
379 5112 584 5174 Paris..
619 5125 743 5182 pag.
769 5109 858 5167 ει.
942 5109 990 5140 ⁸⁰
1021 5107 1178 5164 Joan.
1212 5123 1251 5173 ι,
1285 5107 1343 5174 8,
1380 5108 1469 5162 tl.

161 5320 642 5395 (17.⁸)νιιιιιηὸδες
735 5393 745 5395 _
843 5389 854 5395 -
1008 5390 1026 5395 _
1235 5383 1367 5395 .-_
1460 5381 1516 5395 ρ.
1570 5383 1602 5395 ..

159 5381 413 5465 (18)ᾟώ
428 5381 586 5465 ’Θεὸς
605 5391 686 5461 ἦν
713 5393 746 5444 ό
768 5389 978 5465 Λόγος.
1008 5384 1259 5465 lino,qu
1284 5383 1426 5446 θεῖος
1442 5381 1603 5465 ‘[ded_i
1626 5396 1658 5437 e

1779 4555 1916 4610 sitas
1944 4570 1973 4607 a
2003 4561 2198 4607 natura
2231 4559 2564 4623 cognoscant
2589 4564 2782 4604 omnes
2811 4564 2826 4602 :
2857 4545 3127 4615 imprimis
3169 4556 3351 4600 autem

1779 4647 1873 4703 ﬁlii
1913 4646 2240 4712 Iudaeorum,
2311 4642 2728 4698 manuductione
2768 4639 3175 4708 Scripturarum
3228 4652 3355 4705 pro.

1778 4739 2157 4810 pheticarum,
2205 4735 2351 4806 quod
2409 4733 2788 4805 progrediente
2853 4743 3105 4784 sermone
3167 4726 3355 4782 docuit

1777 4831 2007 4901 ipsemet
2038 4827 2344 4884 Marcellus.
2377 4824 2645 4892 Quocirca
2688 4830 2810 4878 erat
2853 4820 2994 4875 alius
3034 4820 3138 4874 iste
3181 4833 3348 4887 quem

1778 4923 2014 4978 mundus
2057 4939 2163 4977 non
2199 4917 2472 4992 cognovit,
2521 4915 2662 4971 Deus
2701 4922 2866 4984 atque
2912 4910 3177 4976 Verbum,
3229 4908 3349 4964 Lux

1861 5308 1952 5364 79b
1981 5308 2084 5361 Ἵσ.
2118 5307 2279 5377 λόγον
2301 5305 2406 5376 Mp.
2438 5304 2559 5377 Mox
2582 5301 2741 5377 vulgo
2763 5298 2883 5354 οὐδὲ
2912 5297 2971 5377 ἣν
3008 5313 3104 5370 πρ.

1861 5311 1952 5364 79b
1981 5311 2084 5361 Ἴσ.
2118 5311 2279 5377 λόγον
2302 5311 2406 5376 Mp.
2439 5311 2559 5359 Mox
2582 5311 2741 5373 vulgo
2763 5311 2883 5354 οῡοε
2912 5311 2971 5351 εν
3008 5313 3104 5370 πρ.

1837 5311 1952 5453 §8Q)
1983 5378 2093 5432 Τοῦ
2127 5379 2354 5453 ⁸ςρωςός.
2413 5375 2608 5453 ξΟ-γὰρ
2646 5375 2906 5453 κόσμος..
2928 5369 3212 5453 Lege-rem,

85 5438 273 5534 goria?
285 5438 577 5534 £13.35}:
600 5438 1343 5534 sunt;'t.;;.;.g;;'a;_.'a...,
1370 5438 1493 5534 ei:
1515 5452 1658 5534 of...

2078 5438 2195 5534 ὙάίρΔ
2223 5438 2437 5534 ἧγζξεαι
2461 5438 2722 5534 ὁκόσμος
2753 5438 2818 5495 δι’
2846 5438 3030 5495 αὑτοῦ.
3068 5438 3177 5494 [ioc
3231 5446 3359 5505 est,‘

84 5530 157 5607 ἦν
188 5535 218 5585 ό
245 5532 421 5607 λόγος,
445 5545 498 5586 at
520 5525 674 5607 uiuit,
703 5531 802 5607 καί
830 5531 976 5607 Θεὸς
991 5526 1090 5601 ἦν,
1119 5525 1321 5596 aliquid
1349 5525 1494 5607 aliud
1524 5525 1662 5607 diuit
1765 5537 1800 5592 q

87 5594 365 5674 ῥηιετξὸ
383 5594 636 5672 ν’φωτίζει
663 5594 844 5655 πάντα
883 5594 1509 5674 ἀνίᾷρὶιοπονζηῐῐιιιιξιιιικξυ
1527 5594 1661 5674 citat

87 5662 482 5746 evangelista-tn
504 5715 519 5739 ,
563 5662 905 5746 apud‘quem
932 5662 1193 5746 degitur,
1218 5663 1406 5746 ﬁat-fc
1425 5662 1552 5733 φῶς
1594 5662 1662 5718 τὸ

86 5734 381 5813 ἀληθινὸν
395 5743 426 5797 ὃ
441 5734 688 5814 φωτίζει.
712 5734 1178 5812 Μξ-Ιιιίτιιῖωιεο
1195 5734 1566 5810 προϋπάρχειν
1580 5749 1658 5787 τε.

1806 5513 1855 5576 in
1884 5513 2122 5591 lux'erat
2147 5513 2202 5573 et
2230 5513 2529 5591 dicebatur.
2565 5513 2636 5573 Μ.
2669 5586 2681 5591 _
2761 5581 2787 5591 _
2887 5581 2911 5591 _
2953 5580 2986 5591 Α
3032 5578 3057 5591 ,,

1839 5591 1950 5656 (8i)
2003 5589 2398 5657 Ὺπηρετικόν.
2436 5586 2599 5642 Forte
2624 5581 2814 5652 αὐτοῦ,
2844 5581 2923 5654 τῷ
2948 5578 3087 5650 Θεῷ.
3121 5577 3197 5635 Μ.

1843 5660 1957 5723 (82)
1985 5657 2155 5724 Vulgo
2177 5657 2459 5728 σαρκικόν.
3263 5677 3265 5679 ι

1838 5730 1974 5803 '(8‘2')
2009 5729 2143 5785 Οὐδὲ
2176 5727 2322 5802 όφθ.,
2354 5727 2461 5799 Mp.
