3838 6222
468 242 574 302 867

1137 236 1406 295 EUSEBII
1443 233 1925 293 CESARIENSIS
1961 232 2112 290 OPP.
2153 231 2338 288 PARS
2375 230 2469 288 IV.
2508 256 2578 272 --
2615 228 3040 296 DOGMATICA.

3632 220 3719 275 863

468 360 741 416 exsistens
766 365 821 413 et
846 357 1272 429 appellatuslux.
1303 325 1422 413 ἰυι
1452 365 1635 413 autem
1667 371 1773 412 non
1808 355 2045 411 sensibi—

2160 354 2281 424 ἣλίῳ
2329 350 2593 422 φωτίζονο
2645 351 2787 406 οὕτω
2830 350 2938 422 γὰρ
2990 347 3058 402 ἄν
3108 345 3202 401 καὶ
3246 346 3280 415 ἡ
3343 340 3456 397 τῶν
3520 336 3720 406 ἀλόγων

469 450 559 516 lis,
593 464 700 506 non
733 448 1033 520 corporalis
1066 467 1079 503 :
1108 464 1212 503 non
1246 464 1366 518 quae
1399 448 1612 513 oculos,
1640 456 1702 501 ut
1728 445 1810 501 sol
1842 445 2041 500 illumi-

470 550 617 597 raret
641 561 659 597 :
701 556 826 595 nam
861 541 940 596 sic
968 540 1110 595 illius
1145 540 1282 595 adeo
1330 541 1624 610 participes
1667 540 1863 594 ﬁerent
1891 552 2044 593 crea-

469 644 604 690 turae
641 633 1003 689 lrrationales.
1045 631 1201 689 Nunc
1229 632 1407 701 qualis
1435 641 1555 687 erat
1585 631 1674 686 ille
1704 631 1800 685 lux
1823 645 1924 686 nos
1949 631 2044 686 do—

468 738 579 793 cet,
611 727 906 795 inquiens:
937 725 1069 780 Erat
1117 734 1293 779 autem
1337 724 1434 779 lux
1477 724 1789 779 illuminans
1835 739 2043 777 omnem

467 825 732 879 hominem
759 820 1038 875 uenientem
1073 818 1130 871 in
1151 817 1288 871 hunc
1317 818 1594 870 mundum.
1627 815 1709 869 Ad
1742 813 1886 870 solos
1915 828 2044 881 ergo

468 912 717 967 homines
765 908 1072 978 pertinebat
1128 906 1409 962 rationalis
1467 908 1573 961 ista
1626 905 1739 960 lux.
1774 904 2042 972 Quocirca

467 1018 565 1073 per
593 1002 893 1073 potentiam
923 1016 1077 1055 suam
1108 999 1365 1068 praeditus
1398 998 1685 1053 intellectu
1713 1008 1770 1053 et
1801 997 2039 1062 ratione,

468 1097 561 1168 qui
606 1104 689 1150 est
732 1095 845 1159 lux,
878 1094 945 1148 ad
994 1093 1285 1163 imaginem
1335 1106 1490 1146 suam
1526 1099 1582 1145 et
1632 1090 2043 1145 similitudinem

468 1181 761 1244 rationales
817 1185 1026 1240 animas
1074 1194 1131 1239 et
1176 1183 1543 1254 intelligentes
1599 1182 1872 1253 produxit.
1925 1181 2043 1236 Non

466 1289 588 1336 erat
613 1295 744 1351 ergo
767 1273 855 1334 illa
880 1279 971 1332 lux
1008 1278 1315 1343 sensibilis;
1348 1286 1406 1331 ut
1440 1290 1614 1346 neque
1646 1277 1789 1331 Deus
1813 1284 1931 1331 erat
1959 1273 2046 1329 ille

468 1371 561 1442 qui
598 1378 685 1426 est
714 1385 879 1439 super
902 1371 1178 1425 universa.
1218 1366 1363 1423 Deus
1389 1369 1534 1423 enim
1570 1366 1659 1421 lux
1686 1375 1792 1433 est,
1819 1377 1876 1422 et
1904 1376 2047 1422 tene-

466 1463 580 1518 brae
603 1478 709 1517 non
741 1469 867 1516 sunt
895 1461 948 1514 in
984 1474 1070 1515 eo.
1096 1458 1211 1513 Lux
1236 1466 1419 1512 autem
1454 1466 1537 1511 est
1559 1457 1863 1520 inaccessa,
1899 1457 2045 1525 quod

465 1549 756 1625 Apostolus
793 1554 972 1618 docet,
1005 1551 1094 1605 ubi
1129 1553 1205 1604 ait
1236 1568 1249 1604 :
1280 1549 1471 1603 Lucem
1502 1550 1753 1603 habitans
1806 1550 2043 1603 inacces-

466 1665 605 1712 sam,
631 1647 783 1717 quem
836 1660 984 1699 nemo
1013 1644 1161 1705 uidit,
1204 1643 1294 1697 sed
1337 1659 1428 1696 nec
1455 1652 1626 1709 potest
1652 1642 1826 1695 videre
1848 1641 1915 1697 εί.
1944 1640 2046 1694 Ille

468 1746 644 1793 autem
673 1738 729 1790 in
762 1737 957 1790 mundo
999 1743 1135 1799 erat,
1168 1734 1480 1788 illuminans
1537 1750 1739 1787 omnem
1783 1734 2047 1787 hominem

468 1831 756 1885 uenientem
812 1828 869 1881 in
920 1827 1197 1880 mundum.
1251 1825 1360 1881 Sed
1405 1833 1461 1879 et
1506 1825 1764 1890 mundus,
1812 1824 1909 1889 ait,
1951 1839 2049 1894 per

468 1922 613 1977 lianc
643 1920 820 1975 lucem
851 1918 1028 1973 lactus
1060 1927 1215 1984 erat;
1259 1918 1538 1984 nimirum,
1567 1918 1709 1987 quod
1762 1931 2048 1986 supremus

467 2013 654 2077 Pater,
678 2027 775 2081 per
801 2000 1000 2067 Filium
1039 2013 1197 2065 suum
1241 2009 1495 2064 universa
1544 2010 1922 2065 constituerat.
1953 2011 2049 2061 At-

467 2119 576 2174 que
620 2105 693 2159 ita
746 2112 858 2159 tres
907 2103 1025 2158 istae
1079 2097 1494 2173 appellationes,
1541 2102 1596 2155 in
1649 2116 1816 2156 unum
1868 2100 2047 2155 locum

467 2202 741 2265 congestae
789 2207 821 2247 a
875 2191 1147 2262 tbeologo,
1187 2179 1243 2245 in
1281 2190 1552 2261 principio
1596 2189 1903 2260 Scripturae
1934 2206 2048 2246 suae

466 2288 744 2358 leguntur,
772 2300 892 2356 qua:
920 2284 1007 2354 pie
1033 2283 1253 2354 quidem
1289 2290 1346 2337 et
1377 2283 1498 2339 sine
1542 2282 1655 2338 ulla
1692 2282 1928 2347 oﬂ‘ensa,
1952 2300 2050 2353 po-

468 2386 724 2434 testatem
775 2374 1079 2447 insigniunt
1138 2364 1267 2429 Filii
1323 2373 1459 2440 Dei,
1509 2388 1707 2446 nempe
1773 2364 2047 2443 Verbum,

467 2470 613 2526 Deus
637 2478 803 2540 atque
831 2469 947 2525 lux.

537 2564 593 2620 4.
634 2562 894 2631 Quartam
930 2563 1019 2617 his
1051 2559 1294 2616 annectit
1336 2560 1479 2615 idem
1514 2574 1580 2615 eo
1602 2558 1741 2627 loco,
1788 2560 2051 2633 Unigeni-

470 2670 584 2714 tum
613 2659 889 2730 appellans
910 2657 1033 2713 istis
1053 2656 1315 2712 vocibus:
1338 2655 1407 2709 Et
1453 2654 1677 2710 Verbum
1698 2673 1823 2711 caro
1848 2658 2050 2726 factum

478 2764 578 2820 est,
619 2764 668 2808 et
696 2750 947 2806 habitavit
973 2751 1029 2803 in
1058 2742 1208 2804 nobis
1236 2770 1249 2804 :
1284 2748 1353 2802 Et
1390 2748 1617 2803 vidimus
1643 2748 1866 2819 gloriam
1910 2752 2048 2821 ejus,

470 2848 698 2920 gloriam
735 2845 891 2917 quasi
927 2830 1193 2914 Unigeniti
1220 2860 1252 2896 a
1302 2841 1485 2908 Patre,
1514 2844 1728 2913 plenum
1765 2845 1956 2919 gratiae
2000 2855 2050 2900 et

475 2941 714 2994 veritatis
736 2938 806 2994 ⁸⁸.
843 2934 921 2991 lta
949 2950 1166 3007 quoque
1192 2944 1246 2990 et
1277 2933 1596 3005 Unigenitus
1626 2937 1911 2992 dicebatur
1936 2937 2049 3004 ille,

467 3034 783 3104 priusquam
852 3014 1256 3086 incarnaretur.
1310 3026 1448 3081 Nam
1513 3038 1791 3099 utcunque
1862 3038 2050 3084 nostra

469 3137 656 3185 causa,
681 3119 827 3189 quod
851 3120 928 3173 ait
960 3136 973 3172 :
1000 3116 1139 3171 Caro
1161 3117 1339 3186 factus
1361 3129 1435 3173 est
1460 3115 1663 3173 Sermo.
1692 3116 2054 3175 Nihilominus

470 3227 572 3267 nos
609 3211 711 3281 ipsi
765 3210 962 3280 quibus
998 3208 1242 3264 revelare
1292 3214 1351 3272 Et
1400 3211 1652 3281 dignatus
1681 3220 1766 3265 est
1800 3209 2056 3265 divinita-

473 3313 585 3361 tem
614 3318 792 3371 suam,
830 3305 1145 3373 neutiquam
1192 3304 1244 3358 in
1292 3316 1513 3358 carnem
1566 3302 1940 3373 respicientes,
1972 3311 2057 3358 est

472 3395 622 3451 enim
659 3409 788 3449 caro
828 3395 972 3450 scrvi
1029 3393 1225 3461 forma,
1258 3395 1351 3450 sed
1400 3394 1454 3449 in
1494 3392 1661 3464 ipsius
1707 3392 1936 3464 gloriam
1972 3394 2056 3448 in-

472 3497 712 3553 tuentes,
743 3503 864 3558 quae
910 3500 1068 3544 extra
1117 3488 1335 3558 quidem
1386 3501 1588 3557 corpus
1630 3501 1659 3541 a
1708 3495 1892 3541 mente
1921 3500 2055 3556 pura

472 3581 669 3637 visitur
712 3591 768 3635 et
804 3582 1086 3646 defaecata,
1130 3582 1363 3637 vidimus
1393 3579 1512 3651 ejus
1541 3578 1791 3650 gloriam,
1823 3578 2053 3648 gloriam

472 3670 824 3740 ineﬂ‘abilem,
853 3679 906 3726 et
959 3682 1179 3742 captum
1228 3670 1525 3740 quemlibet
1572 3670 1868 3724 humanum
1902 3678 2052 3722 tran-

473 3766 850 3828 scendentem,
878 3765 1094 3834 qualem
1131 3762 1389 3817 nimirum
1424 3761 1549 3830 quis
1599 3760 1883 3831 imaginari
1926 3759 2055 3814 velit

476 3858 712 3927 gloriam
767 3854 1044 3926 Unigeniti
1098 3854 1214 3908 Dei.
1274 3853 1404 3907 Erat
1452 3861 1636 3906 autem
1665 3868 1695 3906 a
1728 3853 1912 3918 Patre,
1948 3838 2054 3905 ista

478 3951 675 4022 g!oria.
713 3946 1119 4003 Animadvertis
1157 3961 1263 4003 non
1294 3945 1383 4000 hic
1405 3945 1534 4010 dici,
1562 3944 1794 3999 vidimus
1820 3943 2052 4014 gloriam

477 4042 616 4110 elus,
654 4040 881 4111 gloriam
920 4038 1083 4093 veluti
1116 4036 1304 4104 Verbi,
1348 4053 1414 4092 ne
1455 4048 1565 4091 tum
1607 4051 1730 4091 cum
1759 4036 1968 4090 dixerat
1998 4035 2052 4089 in

477 4131 949 4204 praecedentibus;
984 4129 1210 4184 Verbum
1274 4146 1398 4183 caro
1441 4130 1640 4198 factum
1684 4128 1807 4195 fuit,
1849 4128 1944 4182 sed
1997 4136 2057 4180 ut

478 4223 706 4293 intelligi
752 4231 933 4292 posset
965 4220 1266 4291 cuiusmodi
1321 4218 1555 4275 Verbum
1591 4209 1682 4275 ille
1720 4231 1842 4272 eum
1889 4230 2058 4288 pone-

481 4328 584 4382 ret,
633 4314 900 4389 (minime
938 4315 1155 4383 quidem
1211 4313 1563 4367 indicativum
1594 4327 1607 4365 :
1639 4326 1766 4365 nam
1814 4311 2054 4367 Verbum

2144 444 2298 510 ζώων
2372 445 2533 515 φύσις
2607 446 2854 514 μετεῖχεν
2927 439 3114 494 αὐτοῦ.
3174 436 3311 490 Νυνὶ
3367 434 3424 487 δὲ
3489 430 3721 484 διδάσκει

2141 540 2325 592 ὁποῖον
2382 533 2451 608 ἦν
2508 536 2657 607 φῶς,
2705 535 2913 603 λέγων·
2962 529 3083 587 Ἦν
3140 528 3251 599 (85)
3322 524 3390 578 τὸ
3451 521 3618 593 φῶς,
3669 520 3720 572 τὸ

2142 626 2392 697 φωτίζον
2434 627 2631 681 πάντα
2654 626 2966 695 ἄνθρωπον
3003 623 3327 691 ἐρχόμενον
3349 620 3437 682 εὶς
3461 614 3573 668 τὸν
3594 612 3725 666 κόσ-

2139 739 2276 790 μον.
2312 720 2449 792 (85⁸)
2476 721 2651 775 Μόνον
2681 722 2788 790 ἄρα
2814 708 2882 789 ἦν
2915 715 3215 786 ἀνθρώπων
3230 712 3292 764 τὸ
3327 708 3548 777 λογικὸν
3580 705 3728 760 τοῦτο

2145 815 2280 885 φῶς.
2320 813 2409 868 Διὸ
2434 815 2659 885 δυνάμει
2704 814 2864 883 νοερᾷ
2901 811 2995 864 καὶ
3025 810 3215 877 λογικῇ
3256 804 3353 868 τὰς
3390 804 3511 856 κατ’
3552 800 3731 853 εἰκόνα

2144 911 2241 981 τὴν
2274 907 2436 962 αὐτοῦ
2471 907 2564 960 καὶ
2602 906 2860 977 ὁμοίωσιν
2904 898 3278 971 πεποιημένας
3317 894 3498 965 ψυχὰς
3540 889 3732 981 vesp-’1;

2145 979 2240 1054 καὶ
2269 998 2494 1067 λογικὰς
2524 994 2909 1067 ἀπειργάζετο.
2946 994 3033 1055 Ὠς
3060 991 3116 1043 δὲ
3140 991 3237 1042 οὐκ
3272 984 3532 1056 αἰσθητὸν
3577 979 3736 1048 ἐτύγ-

2147 1111 2275 1165 χανε
2315 1092 2450 1162 φῶς,
2481 1091 2652 1153 οὕτως
2694 1089 2815 1142 οὐδὲ
2844 1087 2905 1139 τὸ
2951 1085 3206 1138 ἐπέκεινα
3238 1081 3346 1133 τῶν
3390 1079 3529 1133 ὅλων
3574 1074 3736 1136 αὐτὸς

2145 1187 2174 1239 ὁ
2201 1185 2331 1247 Θεὸς
2353 1180 2440 1255 ἦν.
2483 1183 2543 1235 '0
2576 1181 2686 1251 γὰρ
2734 1180 2866 1243 Θεὸς
2918 1178 3032 1248 φῶς
3076 1179 3211 1237 ἐστι,
3256 1173 3351 1227 καὶ
3395 1168 3589 1224 σκοτία
3636 1168 3739 1219 οὐκ

2147 1275 2293 1329 ἐστιν
2328 1276 2382 1327 ὲν
2418 1272 2567 1341 αὐτῷ
2587 1272 2833 1342 οὐδεμίαι
2869 1269 2978 1323 Καὶ
3016 1268 3126 1340 γὰρ
3162 1271 3190 1321 6
3240 1266 3335 1338 μὲν
3369 1259 3487 1333 φῶς
3525 1259 3739 1330 ἀπρόσο

2151 1386 2259 1423 ιτον
2283 1364 2371 1439 ἦν,
2394 1366 2469 1430 ὡς
2495 1368 2523 1419 ὁ
2550 1366 2690 1428 θεῖος
2731 1363 3050 1425 Ἀπόστολος
3081 1360 3321 1414 διδάσκει
3342 1397 3356 1420 ,
3390 1355 3588 1422 λέγων·

2146 1436 2325 1515 οἰκῶν
2368 1461 2716 1528 ἀπρόσιτον,
2774 1454 2845 1510 ὃν
2902 1454 3064 1509 εἶδεν
3110 1448 3343 1517 οὐδεὶς,
3406 1446 3531 1501 οὐδ’
3591 1436 3743 1497 ἰδεῖν

2147 1552 2415 1607 δύναται.
2462 1551 2513 1602 '0
2545 1549 2596 1602 δ’
2634 1550 2703 1602 ἐν
2740 1547 2820 1614 τῷ
2861 1543 3064 1615 κόσμῳ
3098 1540 3196 1614 ἦν,
3240 1537 3501 1610 φωτίζων
3538 1533 3746 1587 πάντα

2148 1645 2463 1713 ἄνθρωπον
2490 1643 2816 1712 ἐρχόμενον
2860 1641 2946 1704 εἰς
2986 1638 3093 1690 τὸν
3134 1635 3387 1703 κόσμον.
3436 1627 3602 1683 Ἀλλὰ
3642 1626 3745 1679 καί

2153 1742 2182 1793 6
2222 1737 2443 1807 κόσμος,
2478 1735 2631 1805 φησὶ,
2681 1730 2769 1785 διὰ
2813 1730 2966 1784 τοῦδε
3017 1727 3109 1781 τοῦ
3158 1725 3334 1795 φωτὸς
3364 1722 3593 1791 γέγονε,

2154 1805 2488 1903 κρείττονος,
2529 1826 2731 1898 δηλαδὴ
2782 1824 2876 1877 τοῦ
2924 1819 3137 1893 Πατρὸς
3193 1816 3281 1871 διὰ
3332 1814 3427 1868 τοῦ
3494 1805 3747 1903 rimis—6

2156 1900 2264 1977 adv
2298 1921 2707 1991 συνισταμένου.
2739 1917 2900 1988 Τρεῖς
2936 1915 3032 1985 μὲν
3061 1912 3124 1982 δὴ
3158 1903 3316 1965 αὗται
3349 1906 3490 1961 κατὰ
3513 1904 3575 1956 τὸ
3606 1900 3747 1955 αὐτὸ

2154 2013 2262 2066 τῶν
2288 2011 2381 2065 τοῦ
2421 2009 2551 2063 Υἱοῦ
2590 2007 2682 2062 τοῦ
2715 2005 2848 2060 Θεοῦ
2881 2004 2993 2075 (84)
3031 1999 3341 2072 δυναμένων
3375 1995 3612 2066 εὔφημοι
3644 1991 3747 2043 καὶ

2155 2102 2396 2166 εὐσεϐεῖς
2447 2099 2737 2171 ἐπηγορίαι
2774 2097 2853 2169 τῷ
2908 2093 3142 2163 θεολόγῳ
3177 2091 3276 2162 τῆς
3308 2086 3532 2160 Γραφῆς
3579 2084 3748 2151 ἀρχο-

2158 2195 2305 2266 μένῳ
2343 2190 2812 2266 παρελείφθησανο
2843 2190 2873 2242 6
2904 2186 3097 2255 Λόγος,
3139 2182 3234 2237 καὶ
3278 2183 3308 2235 6
3350 2178 3506 2241 Θεὸς,
3540 2173 3640 2228 καὶ
3680 2172 3746 2224 τδ

2158 2288 2291 2359 φῶς.

2227 2561 2290 2615 δ’.
2336 2558 2473 2630 Ἤδη
2542 2553 2600 2611 δὲ
2654 2556 2747 2610 καὶ
2812 2553 3080 2624 τετάρτην
3151 2547 3506 2622 προστίθησιν
3556 2548 3587 2599 6
3640 2544 3748 2600 αὖ·

2157 2653 2268 2715 τὸς,
2304 2648 2586 2719 Μονογενῆ
2636 2648 2728 2701 τὸν
2782 2645 2943 2699 αὑτὸν
2996 2640 3306 2704 ἀποκαλῶν,
3348 2641 3406 2692 ὲν
3452 2632 3531 2700 οἷς
3573 2650 3745 2706 gsner

2158 2744 2268 2799 Kal
2327 2747 2360 2798 ό
2418 2744 2609 2812 Λόγος
2668 2738 2823 2807 σὰρξ
2893 2735 3162 2806 ἐγένετο,
3219 2733 3319 2787 καὶ
3386 2728 3751 2795 ἐσκήνωσεν

2158 2838 2228 2890 ἐν
2283 2835 2446 2905 ἡμῖν,
2519 2833 2618 2887 καὶ
2675 2829 3045 2899 ἐθεασάμεθα
3102 2825 3219 2894 τὴν
3284 2823 3475 2888 δόξαν
3528 2818 3747 2883 αὑτοῦ,

2160 2929 2350 2993 δόξαν
2420 2928 2500 2993 ὡς
2562 2921 2943 2993 Μονοτενοῦς
3020 2921 3181 2989 παρὰ
3256 2916 3517 2985 Πατρός,
3584 2913 3748 2979 517}-

2152 3039 2271 3090 ρης
2328 3019 2567 3090 χάριτος
2620 3016 2719 3069 καὶ
2770 3014 3077 3083 ἀληθείας.
3133 3009 3341 3065 Οὐκοῦν
3393 3009 3489 3061 καὶ
3538 3008 3569 3058 ὁ
3627 3006 3747 3058 Mo-

2157 3113 2382 3184 νογενὴς
2428 3109 2522 3164 τοῦ
2572 3106 2707 3162 Θεοῦ
2764 3108 2892 3177 πρὶν
2948 3105 2983 3175 ἢ
3030 3103 3129 3169 τὴν
3190 3102 3369 3172 σάρκα
3424 3095 3743 3153 ἀναλαϐεῖν,

2156 3203 2544 3277 ἐχρημάτιζεν.
2591 3201 2655 3253 Et
2713 3198 2821 3269 γὰρ
2876 3196 2973 3250 και
3026 3195 3097 3248 τὰ
3158 3192 3425 3263 μάλιστα,
3472 3188 3640 3258 φησι,
3680 3186 3751 3277 ,ξς

2156 3301 2324 3370 ἡμᾶς,
2356 3298 2385 3350 6
2420 3297 2611 3365 Λόγος
2633 3290 2788 3360 σὰρξ
2808 3289 3065 3359 ἐγένετο,
3103 3286 3217 3341 ἀλλ’
3250 3286 3399 3355 ὅμως
3443 3284 3635 3354 ἡμεῖς,
3667 3276 3751 3343 οἷς

2156 3389 2493 3461 κατηξίωσεν
2524 3383 2856 3451 ἐνδείξασθαι
2881 3381 2978 3453 τὴν
3011 3378 3202 3433 ἑαυτοῦ
3241 3376 3471 3447 θεότητα
3494 3414 3509 3439 ,
3534 3373 3640 3426 οὑκ
3671 3374 3753 3434 εἰς

2153 3483 2254 3555 τὴν
2278 3482 2456 3552 σάρκα
2489 3476 2822 3549 ἀφορῶντες,
2848 3474 2987 3544 αὕτη
3032 3470 3140 3542 γὰρ
3174 3470 3287 3539 (85)
3332 3466 3515 3539 μορφὴ
3558 3463 3752 3518 δούλου

2153 3570 2243 3647 ἦν,
2280 3572 2392 3628 ἀλλ’
2419 3574 2498 3635 εἰς
2522 3571 2621 3643 τὴν
2650 3567 2807 3634 δόξαν
2836 3563 3002 3618 αὑτοῦ
3039 3562 3137 3636 τὴν
3167 3560 3325 3624 ἐκτὸς
3365 3560 3461 3613 τοῦ
3496 3556 3753 3628 σώματος

2156 3667 2232 3737 νῷ
2257 3664 2483 3736 καθαρῷ
2511 3661 2915 3732 θεωρουμένην,
2950 3654 3295 3725 ἐθεασάμεθα
3326 3651 3425 3723 τὴν
3454 3651 3615 3718 δόξαν
3662 3651 3755 3705 αὐ-

2156 3761 2272 3825 τοῦ,
2327 3759 2484 3823 δόξαν
2544 3756 2784 3829 ἄρρητον
2841 3750 2937 3805 καὶ
2987 3749 3166 3802 πάντα
3221 3744 3431 3815 θνητῶν
3490 3741 3753 3813 λογισμὸν

2158 3849 2610 3922 ὑπερϐαίνουσαν,
2644 3844 2836 3900 ὁποίαν
2854 3846 2940 3908 τις
2959 3837 3415 3912 ἐννοήσειεδόξαν
3443 3834 3578 3889 Υἱοῦ
3610 3833 3751 3887 Θεοῦ

2160 3943 2500 4016 μονογενοῦς.
2542 3938 2650 3994 ’Ἦν
2688 3937 2744 3992 δὲ
2788 3936 2928 4008 αὕτη
2983 3933 3135 4006 παρὰ
3185 3930 3281 3986 τοῦ
3334 3929 3548 4000 Πατρδς
3599 3927 3753 3994 δόξα.

2166 4038 2330 4108 Ὀρᾷς
2355 4076 2370 4100 ,
2403 4037 2550 4097 ὅπως
2593 4032 2693 4086 οὐκ
2729 4026 2881 4096 εἷπε,
2916 4027 3009 4082 καὶ
3058 4021 3401 4094 ἐθεασάμεθα
3445 4020 3547 4092 τὴν
3595 4019 3757 4083 δόξαν

2157 4129 2342 4193 αὑτοῦ,
2372 4126 2527 4190 δόξαν
2551 4124 2627 4187 ὡς
2656 4123 2852 4191 Λόγου,
2880 4118 3059 4174 καίτοι
3108 4112 3406 4188 προειπὼν,
3462 4111 3527 4164 '0
3558 4112 3756 4179 Λότος

2156 4218 2310 4287 σὰρξ
2340 4216 2596 4286 ἐγένετο,
2625 4212 2739 4265 ἀλλ’
2769 4213 2855 4265 ἵνα
2870 4208 3059 4282 διδάξῃ
3094 4207 3276 4260 ὁποῖον
3305 4203 3470 4257 αὑτὸν
3509 4202 3754 4271 ὑπεστή-

2159 4331 2288 4367 σατο
2315 4312 2506 4381 Λόγονσ
2539 4308 2642 4380 (ὅτι
2675 4306 2747 4379 μὴ
2772 4304 3125 4378 σημαντικὸν,
3149 4302 3266 4365 πῶς
3286 4301 3396 4372 γάρ
3428 4299 3525 4353 καὶ
3553 4293 3668 4353 οἷόν
3700 4315 3751 4351 τε

479 4411 697 4481 quidem
738 4409 865 4474 tale,
898 4422 1028 4462 caro
1063 4405 1181 4461 ﬁeri
1230 4405 1511 4475 nequibat)
1537 4404 1887 4474 Unigenitum
1916 4418 2049 4473 prae-

2160 4403 2227 4479 ἦν
2249 4407 2341 4459 τὸν
2366 4404 2605 4458 τοιοῦτον
2630 4402 2808 4472 σάρκα
2842 4396 3094 4467 γενέσθαι
3116 4414 3130 4458 ;
3156 4394 3176 4466 )
3229 4393 3547 4461 ἀναγκαίως
3588 4393 3752 4446 Μονο-

481 4505 714 4569 dixerat,
744 4513 800 4557 et
846 4500 1073 4569 gloriam
1134 4498 1249 4569 ejus
1287 4497 1469 4562 talem,
1522 4497 1739 4567 qualem
1779 4490 1903 4551 Filii
1953 4494 2051 4552 Dei

482 4596 746 4667 unigeniti
796 4594 1027 4664 gloriam
1062 4590 1431 4660 intelligimus.
1462 4589 1527 4643 Et
1551 4588 1777 4659 gloriam
1824 4589 1897 4643 illi
1934 4603 2053 4643 eam

479 4702 509 4740 a
544 4684 702 4740 Patre
754 4699 967 4754 quoque
1021 4684 1179 4738 docet
1225 4691 1282 4735 et
1333 4696 1437 4736 non
1486 4680 1703 4735 aliunde
1750 4680 2055 4735 advenisse.

478 4780 615 4835 Nam
658 4795 758 4835 nec
797 4780 1116 4850 ingenitam,
1160 4795 1258 4834 nec
1296 4778 1565 4848 principio
1616 4786 1912 4842 carentem,
1956 4791 2057 4832 nec

477 4887 511 4927 a
555 4887 613 4928 se
647 4886 975 4943 possessam,
1014 4882 1071 4926 et
1112 4887 1216 4925 non
1263 4870 1485 4924 aliunde
1529 4868 1759 4939 gloriam
1795 4868 2052 4934 habebat,

481 4967 578 5023 sed
606 4980 638 5020 a
665 4965 825 5021 Patre
871 4981 971 5020 suo
1022 4974 1302 5033 acceptam
1337 4981 1349 5018 :
1380 4961 1522 5031 quod
1581 4960 1742 5015 docet
1796 4962 1912 5031 ipse
1966 4959 2054 5014 in-

483 5061 681 5130 quiens
710 5075 724 5111 :
758 5058 944 5124 Pater,
981 5056 1220 5128 gloriﬁca
1256 5070 1337 5108 me
1379 5054 1550 5124 gloria
1578 5052 1673 5107 illa
1718 5069 1876 5123 quam
1913 5052 2053 5121 apud

486 5163 538 5209 te
584 5154 769 5220 habui,
815 5163 938 5207 ante
991 5150 1414 5206 constitutionem
1458 5148 1612 5202 istius
1657 5147 1842 5201 mundi
1864 5146 1931 5211 ⁸³,
1960 5145 2050 5200 cui

2164 4499 2295 4570 γενῆ
2354 4495 2514 4551 αὐτὸν
2566 4494 2814 4566 προεῖπε.
2856 4490 2969 4543 Καὶ
2998 4488 3097 4559 τὴν
3142 4485 3298 4551 δόξαν
3325 4483 3493 4537 αὑτοῦ
3546 4484 3751 4555 ταύτην

2166 4590 2304 4646 εἶναι
2329 4589 2604 4653 διδάσκει,
2654 4584 2775 4639 καθ’
2807 4584 2875 4654 ἢν
2910 4585 3109 4637 νοεῖται
3144 4576 3443 4651 μονογενὴς-
3481 4574 3583 4628 τοῦ
3620 4575 3748 4630 Θεοῦ

2164 4684 2310 4747 Υἱός.
2362 4680 2656 4751 Ὑπάρχειν
2681 4694 2740 4729 τε
2770 4674 2879 4746 (86)
2916 4672 3085 4744 αὐτῷ,
3115 4666 3291 4741 φησὶ,’
3314 4668 3415 4740 τὴν
3451 4667 3620 4733 δόξαν
3662 4667 3748 4720 οὐκ

2165 4773 2386 4831 ἄλλοθεν
2414 4772 2447 4845 ἢ
2480 4770 2629 4844 παρὰ
2653 4767 2746 4822 τοῦ
2774 4764 2987 4839 Πατρός
3009 4777 3023 4792 ⁸
3053 4762 3114 4816 οὑ
3150 4761 3258 4833 γὰρ
3286 4759 3612 4830 ἀγέννητον,
3639 4756 3748 4811 οἰκῶ

2165 4869 2422 4941 ἄναρχον,
2451 4864 2572 4919 οὐδὲ
2607 4862 2902 4933 ἰδιόκτητον
2934 4853 3048 4929 εἶχε
3074 4856 3173 4926 τὴν
3198 4855 3356 4919 δόξαν
3373 4894 3389 4919 ,
3417 4852 3557 4907 ἀλλὰ
3610 4848 3747 4922 mp!

2162 4960 2255 5013 τοῦ
2312 4956 2524 5030 Πατρὸς
2558 4952 2735 5007 λαϐών
2790 4951 2920 5023 (87).
2975 4947 3043 5003 ’0
3072 4948 3134 5019 δὴ
3171 4947 3265 5000 καὶ
3305 4945 3469 5007 αὐτὸς
3510 4944 3746 5030 παρίστη

2162 5051 2355 5120 λέγων,
2374 5027 2587 5115 Πάτερ,
2623 5044 2891 5109 δόξασόν
2915 5058 2992 5111 με
3015 5038 3090 5118 τῇ
3122 5038 3293 5105 δόξῃ,
3316 5034 3401 5102 ἢν
3436 5030 3613 5102 εἶχον
3640 5027 3744 5100 api

2161 5143 2270 5199 τοῦ
2302 5142 2409 5197 τὸν
2440 5142 2672 5210 κόσμον
2702 5138 2853 5192 εἷναι
2874 5133 3034 5205 παρὰ
3058 5132 3179 5187 σοι.
3215 5132 3311 5183 Ὃν
3334 5127 3432 5181 καὶ
3464 5124 3744 5198 ἀμείϐεται

562 5320 622 5379 ›Ῑ‹
651 5314 749 5370 Ed.
792 5313 992 5382 Paris.,
1019 5330 1144 5386 pag.
1172 5313 1261 5369 85.
1334 5313 1379 5345 ⁸¹
1401 5314 1423 5369 ι
1448 5309 1590 5369 Tim.
1611 5328 1683 5379 Vl,
1717 5312 1804 5371 16.
1880 5312 1925 5344 θ’
1950 5304 2105 5367 Joan.
2140 5307 2278 5375 1,14.
2356 5306 2403 5372 9'
2426 5304 2587 5365 Joan.
2608 5318 2746 5373 xvn,
2778 5301 2831 5357 5.

562 5476 673 5544 (85)
696 5472 803 5529 Ἦν
833 5477 860 5529 6
888 5475 1046 5543 ὶότυς
1075 5474 1251 5546 vulgo.

559 5548 694 5618 (85')
729 5546 919 5618 Μόνων
947 5544 1197 5618 ΜρηΜυΞι
1230 5546 1389 5617 vulgo
1422 5546 1660 5603 διδάσκει
1692 5544 2022 5609 Απόστολος.

588 5616 682 5707 ἓξξ
704 5616 1248 5707 iisab-Fiam-
1286 5616 1436 5707 311":
1464 5621 1616 5707 V_“_'.3°
1653 5618 2049 5707 ἐκρηξάτιεξγ·

586 5686 676 5757 85)
709 5686 878 5759 Vulgo
918 5704 1026 5746 om.
1073 5687 1186 5740 καί.
1220 5688 1365 5745 Infra
1410 5688 1597 5758 θνητὸν
1653 5686 1737 5740 )””
1777 5686 2053 5757 ὗπερὸάλ-

2167 5474 2461 5608 “milia.
2494 5539 2641 5608 αὐτῷ
2673 5539 2754 5595 vel
2784 5532 2951 5592 αὐτοῦ
2989 5535 3122 5604 Mp.,
3142 5532 3528 5608 γιιιεοναθιεόν.

2261 5595 2351 5679 alii
2383 5595 2553 5680 Vulgo
2578 5595 2684 5671 ὅδε,
2710 5621 2764 5665 et
2795 5628 2913 5665 mox
2947 5595 3218 5680 παράσου
3236 5595 3552 5677 ἓιιὲδόξασά
3579 5595 3742 5658 σεται

2160 5694 2216 5742 et
2241 5678 2407 5740 αὑτοῦ
2444 5678 2645 5746 πάντες
2674 5693 2723 5737 et
2756 5681 2944 5735 ἀκούει
2978 5678 3112 5732 Σασ.
