3838 6222
178 265 288 323 869

1137 267 1221 323 DE
1258 266 1793 325 ECCLESIASTICA
1832 268 2226 327 THEOLOGIA
2264 270 2398 331 LIB.
2437 272 2477 328 l.

3323 273 3429 329 870

176 380 360 448 λέγων
392 379 420 433 6
450 379 662 453 Πατήρ·
700 380 810 436 Καὶ
841 380 1104 446 ἐδόξασα
1150 381 1249 435 καί
1277 381 1462 436 πάλιν
1498 382 1755 448 δοξάσω.

1862 387 2196 453 respondens
2235 386 2311 439 ait
2354 384 2517 441 Pater
2549 399 2564 439 :
2594 382 2663 438 Et
2694 385 2991 455 gloriﬁcavi
3035 394 3106 452 te,
3140 397 3187 441 et
3236 388 3424 443 iterum

177 475 296 528 Kal
335 473 416 527 ἐτι
462 474 664 545 μᾶλλον
703 476 804 549 τὴν
853 475 1151 531 ὑπόστασιν
1195 476 1359 530 αὑτοῦ
1396 477 1706 547 συνίστησιν
1733 479 1762 531 6

176 563 349 628 αὐτὸς
396 564 786 638 εὐαγγελιστὴς
817 567 1127 638 ἐπιφέρων,
1193 568 1443 639 Ἰωάννης
1492 570 1763 641 μαρτυρεῖ

174 655 311 726 περὶ
336 654 500 708 αὐτοῦ
527 656 622 709 καὶ
646 656 885 729 κέκραγε
925 658 1099 726 λέγων
1125 675 1139 689 ο
1169 654 1361 727 Οὗτος
1392 658 1471 732 ἦν
1501 665 1533 715 ό
1567 663 1760 715 ὀπίσω

173 758 298 809 μου
319 742 642 811 ἐρχόμενος
665 782 679 807 ,
710 744 778 811 ὃς
808 747 1147 815 ἔμπροσθέν
1180 765 1298 815 μου
1335 750 1581 819 γέγονεν
1600 790 1616 813 ,
1669 751 1759 805 ὅτι

176 832 411 901 πρῶτός
435 853 554 905 μου
594 834 695 909 ἦν,
731 837 820 891 ὅτι
870 838 939 892 ἐκ
985 839 1094 892 τοῦ
1140 838 1531 909 πληρώματος
1571 843 1757 896 αὑτοῦ

174 924 353 992 ἡμεῖς
380 926 604 994 πάντες
652 929 962 999 ἐλάϐομεν.
1017 930 1177 983 Ἀλλά
1228 930 1456 1000 βοῶντος
1492 934 1756 993 Ἰωάννου.

175 1015 262 1067 ὅτι
289 1016 507 1087 πρῶτος
549 1015 617 1089 ἦν
653 1019 817 1073 αὑτοῦ
843 1058 859 1085 ,
884 1022 982 1074 οὐκ
1023 1021 1209 1075 ἀκούει
1248 1024 1277 1075 6
1306 1023 1421 1086 νέος
1448 1024 1755 1087 Σαόέλλιος,

176 1106 357 1161 καίτοι
384 1109 524 1161 κατὰ
544 1111 724 1182 σάρκα
743 1112 951 1183 προῆγε
996 1111 1090 1166 τοῦ
1118 1111 1333 1185 (88-89)
1371 1113 1469 1184 τὴν
1495 1116 1706 1183 γένεσιν
1728 1118 1757 1169 6

176 1198 490 1269 Βαπτιστὴς
533 1199 802 1270 Ἰωάννης.
835 1201 959 1265 Πῶς
992 1195 1084 1254 οὖν
1107 1201 1462 1272 μαρτύρεται,
1497 1204 1580 1255 ὅτι
1606 1204 1754 1274 πρῶ-

171 1305 272 1354 τος
299 1289 460 1343 αὑτοῦ
495 1285 563 1362 ἦν
585 1294 682 1362 ;τῇ
710 1292 808 1362 μὲν
835 1292 944 1364 γὰρ
967 1294 1110 1348 κατὰ
1138 1295 1313 1365 σάρκα
1344 1297 1508 1365 γεννή
1520 1312 1620 1356 σει.
1656 1295 1755 1348 οὐκ

171 1376 247 1453 ἦν
271 1382 486 1453 πρῶτος
511 1383 676 1436 αὑτοῦ
700 1374 727 1437 6
750 1385 940 1456 Σωτήρ
963 1401 979 1415 ο
1014 1384 1212 1438 οὐκοῦν
1235 1386 1357 1438 καθ’
1388 1387 1418 1440 δ
1442 1387 1755 1458 Μονογενὴς

170 1466 246 1542 ἦν
274 1468 367 1523 τοῦ
388 1470 546 1536 Θεοῦ,
576 1470 788 1543 πρῶτος
817 1467 886 1543 ἦν
914 1473 1007 1526 τοῦ
1037 1475 1305 1534 Ἰωάννου.
1332 1476 1425 1529 καὶ
1448 1475 1753 1548 ἔμπροσθεν

173 1560 344 1614 αὐτοῦ
368 1562 609 1630 γέγονεν.
640 1558 766 1634 'Ap‘
787 1560 880 1618 οὖν
900 1565 1204 1636 ἐπιδέχεται
1219 1566 1392 1620 ταῦτα
1414 1568 1506 1621 ἐπὶ
1530 1567 1618 1620 τὸν
1644 1570 1755 1621 Πα-

171 1650 315 1723 τέρα
337 1653 429 1705 καὶ
443 1651 575 1707 Θεὸν
598 1653 703 1707 τῶν
722 1655 858 1715 ὅλων
892 1656 1278 1728 ἀναφέρεσθαι,
1306 1658 1339 1729 ἢ
1374 1658 1467 1711 ἐπὶ
1498 1657 1752 1737 άνούσιον

1861 474 2166 544 glariﬁcabo
2184 476 2252 529 “.
2310 476 2415 531 Sed
2457 477 2635 532 adhuc
2673 477 2903 532 ulterius
2954 479 3286 549 evangelista
3337 480 3427 535 ille

1860 565 2003 619 idem
2031 565 2099 621 de
2127 566 2405 636 ltyposiasi
2432 567 2604 636 ipsius
2627 567 2877 637 perbibet
2907 569 3298 638 testimonium,
3333 573 3422 626 ubi

1858 654 2092 711 Joannes
2139 657 2381 727 Baptista
2431 658 2796 713 testimonium
2827 660 2877 713 ei
2907 660 3199 729 perhibuit,
3222 672 3279 717 et
3308 663 3425 718 cla-

1860 750 2030 804 mavit
2059 751 2243 806 dicens
2277 750 2424 805 :Hic
2470 760 2584 805 erat
2625 753 2714 820 qui
2742 760 2855 820 post
2897 769 2979 806 me
3023 754 3254 819 veniens,
3302 766 3424 807 ante

1859 860 1940 898 me
1970 843 2142 912 factus
2173 854 2270 910 est,
2301 846 2424 915 quia
2457 847 2604 913 prior
2632 860 2713 898 me
2756 856 2891 909 erat,
2922 848 3046 916 quia
3088 848 3152 901 de
3195 849 3423 916 plenitu-

1858 940 1980 994 dine
2007 939 2121 1010 ejus
2149 956 2323 993 omnes
2352 940 2643 1008 accepimus
2658 941 2725 997 ⁸⁸.
2770 941 2875 996 Sed
2909 941 3231 996 clamantem
3254 940 3423 995 Joan.

1858 1046 1981 1087 nem
2011 1032 2153 1101 quod
2202 1032 2352 1100 prior
2389 1032 2507 1101 ipso
2547 1030 2729 1097 fuerit,
2756 1032 3026 1088 Sabellius
3084 1048 3191 1087 non
3249 1035 3420 1098 audit,

1858 1137 2132 1195 utcunque
2172 1126 2239 1180 de
2270 1125 2623 1194 generatione
2660 1117 2800 1192 ap'nd
2833 1123 3047 1179 Patrem
3074 1124 3318 1194 Baptista
3342 1126 3425 1180 in-

1856 1219 2114 1272 stituebat
2168 1231 2492 1271 sermonem.
2545 1216 2827 1283 Quomodo
2870 1216 3034 1283 igitur
3077 1216 3126 1271 ei
3177 1216 3423 1271 testimo-

1854 1311 2002 1364 nium
2030 1309 2296 1377 perhibet,
2334 1308 2479 1378 quod
2508 1317 2635 1364 ante
2672 1308 2847 1377 ipsum
2892 1306 3053 1361 erat?
3079 1306 3247 1362 Certe
3275 1307 3419 1375 quod

1854 1408 2064 1469 spectat
2117 1399 2300 1453 carnis
2343 1398 2783 1470 generationem,
2823 1396 3084 1452 Servator
3144 1411 3252 1450 non
3301 1403 3424 1449 erat

1855 1500 1980 1543 ante
2001 1504 2123 1545 eum
2153 1504 2167 1542 :
2198 1492 2510 1545 necessario
2536 1490 2646 1543 vult
2683 1490 2978 1544 secundum
3007 1502 3151 1554 eam,
3181 1502 3287 1555 qua
3324 1486 3420 1541 Dei

1854 1581 2052 1635 dicitur
2087 1579 2426 1653 Unigenitus.
2470 1580 2776 1636 Secundum
2828 1581 2972 1635 hanc
3027 1584 3178 1648 prior
3215 1577 3421 1633 Joanne

1856 1664 1979 1731 fuit,
2011 1676 2067 1722 et
2093 1678 2220 1722 ante
2255 1683 2377 1721 eum
2440 1667 2790 1721 nascebatur.
2833 1664 3150 1719 Patieturne
3199 1664 3301 1717 ista
3352 1665 3420 1716 ad

174 1743 652 1797 καὶάνυπόστατον
668 1746 725 1797 ὲν
755 1744 834 1815 τῷ
863 1744 981 1815 Θεῷ
1018 1745 1187 1814 Λόγον
1198 1746 1287 1800 τὸν
1324 1746 1482 1800 αὐτὸν
1518 1746 1646 1801 ὄντα
1676 1747 1755 1818 τῷ

1857 1747 2066 1804 Patrem
2099 1759 2155 1805 et
2183 1751 2558 1805 universorum
2587 1750 2754 1804 Deum
2784 1749 3001 1813 referri,
3033 1764 3100 1802 an
3132 1749 3312 1817 patius
3346 1748 3416 1800 ad

174 1833 332 1905 Θεῷς
380 1836 492 1889 Καὶ
521 1836 638 1900 πῶς
673 1836 739 1891 ἂν
766 1837 852 1907 εἴη
874 1836 1094 1891 δυνατὸν
1123 1839 1251 1909 περὶ
1282 1838 1375 1892 τοῦ
1406 1837 1481 1910 μὴ
1513 1839 1754 1908 ὑφεστῶ-

174 1943 270 1990 τος
296 1926 453 1994 λόγου
470 1926 723 1996 λέγεσθαι
742 1928 822 1993 τὸ,
850 1926 1227 1998 Ἐμπροσθέν
1247 1947 1365 1999 μου
1386 1929 1593 1999 γέγονε
1616 1946 1633 1993 ;
1660 1930 1754 1993 Τίς

172 2017 223 2069 δ’
255 2016 397 2070 οὕτω
422 2017 636 2089 μανείη,
670 2017 745 2084 ὡς
800 2019 1018 2089 νομίσαι
1052 2018 1303 2091 Ἰωάννην
1333 2019 1424 2073 τὸν
1446 2020 1753 2092 Βαπτιστὴν

173 2109 308 2179 περὶ
324 2108 416 2161 τοῦ
433 2109 569 2163 Θεοῦ
585 2109 692 2163 τῶν
711 2109 847 2163 ὅλων
862 2111 982 2182 είρη
990 2110 1140 2165 κέναι
1154 2110 1235 2175 τὸ,
1246 2113 1623 2181 Ἐμπροσθέν
1634 2129 1753 2181 μου

172 2197 386 2268 γέγονε
404 2239 420 2263 ,
451 2201 547 2254 καὶ
590 2203 675 2256 ὅτι
729 2200 957 2271 πρῶτός
978 2220 1098 2273 μου
1121 2199 1234 2273 ἦν;
1262 2202 1467 2257 Οὐκοῦν
1489 2204 1753 2258 δέδεικται

171 2289 267 2343 διὰ
308 2292 512 2345 τούτων
568 2295 934 2364 προῦπάρχων
980 2294 1080 2364 τῆς
1128 2294 1370 2348 Ἰωάννου
1421 2296 1696 2363 γενέσεως.
1725 2298 1755 2349 6

172 2383 619 2455 θεολογούμενος,
654 2387 749 2439 καὶ
805 2385 1111 2457 ἔμπροσθεν
1153 2384 1317 2440 αὐτοῦ
1361 2386 1597 2455 γεγονὼς
1642 2386 1753 2452 (90)

174 2475 411 2547 συνέστη
432 2495 490 2530 τε
523 2478 583 2531 οὐ
621 2478 779 2549 μόνον
816 2478 986 2547 Λόγος
1004 2519 1019 2545 ,
1050 2478 1185 2532 ἀλλὰ
1220 2480 1312 2532 καὶ
1339 2478 1470 2542 Θεὸς
1494 2479 1587 2532 καὶ
1616 2478 1751 2546 φῶς.

170 2569 275 2622 καὶ
297 2569 626 2640 Μονογεδνὴς,
658 2568 765 2642 πρὸ
797 2570 897 2640 τῆς
935 2570 1200 2642 ὲνσάρκου
1243 2572 1541 2643 παρουσίας
1583 2571 1755 2643 ὑπάρ-

170 2677 290 2730 χων
316 2677 376 2713 τε
403 2661 497 2714 καὶ
521 2661 924 2733 ὠνομασμένος.
952 2662 1167 2716 Τούτων
1200 2662 1256 2716 δὲ
1288 2662 1451 2715 πόθεν
1489 2662 1522 2723 ἡ
1556 2662 1753 2730 γνῶσις

170 2751 256 2822 τῷ
287 2751 665 2823 εὐαγγελιστῇ,
694 2753 854 2816 αὐτὸς
890 2752 1117 2824 δηλώσει
1140 2752 1311 2820 λέγων
1342 2751 1467 2823 ἑξῆς
1485 2792 1500 2817 ,
1530 2755 1558 2805 6
1582 2754 1754 2807 Μονο-

171 2843 344 2914 γενὴς
374 2844 501 2907 Υἱὸς
536 2846 565 2899 6
586 2843 661 2897 ὢν
693 2846 772 2908 εἰς
793 2845 882 2898 τὸν
910 2845 1108 2898 κόλπον
1131 2844 1224 2899 τοῦ
1251 2844 1464 2915 Πατρὸς
1483 2883 1498 2908 ,
1547 2846 1755 2906 ἐκεῖνος

170 2935 504 3006 ἐξηγήσατο.
559 2935 721 3007 Ὁρᾷς
772 2933 923 3006 παρὰ
972 2935 1116 2999 τίνος
1160 2933 1443 3005 μεμάθηκε
1487 2933 1580 2987 τοῦ
1626 2934 1751 2987 Υίοῦ

171 3027 280 3097 τὴν
306 3025 601 3094 θεολογίαν.

1855 1842 2080 1917 verbum
2126 1840 2553 1896 involuntarium
2593 1850 2647 1895 et
2685 1841 2982 1895 inexistens
3018 1840 3072 1893 in
3100 1839 3244 1905 Deo,
3277 1839 3419 1908 quod

1855 1948 1975 1988 cum
1993 1932 2103 1988 Deo
2133 1933 2271 1988 idem
2295 1932 2365 1987 sit
2383 1933 2408 1986 ἲ
2428 1932 2532 1987 Sed
2551 1932 2616 1987 de
2641 1932 2804 1987 verbo
2828 1948 2933 1988 non
2960 1930 3311 1996 subsistente,
3333 1942 3419 1983 est

1856 2021 2187 2093 impossibile
2208 2030 2270 2077 ut
2295 2022 2509 2077 dicatur
2548 2021 2681 2076 illud
2715 2038 2729 2074 :
2767 2021 2903 2075 Ante
2945 2036 3027 2075 me
3066 2019 3260 2088 fuerat.
3284 2019 3418 2086 Quis

1856 2116 1991 2168 adeo
2023 2114 2245 2168 insanus
2277 2123 2381 2177 est,
2414 2124 2472 2167 ut
2502 2113 2753 2181 upiuetur
2778 2112 3077 2182 Baptistam
3111 2112 3177 2166 de
3197 2111 3417 2165 univer-

1856 2221 2037 2263 sorum
2081 2205 2194 2261 Deo
2245 2204 2433 2260 istltaec
2491 2219 2827 2272 usurpasse:
2857 2202 2992 2257 Erat
3030 2212 3151 2257 ante
3206 2218 3308 2267 me,
3362 2213 3420 2257 et

1855 2299 2002 2367 prius
2025 2313 2103 2350 me
2146 2297 2354 2366 genitus
2378 2305 2451 2350 est
2475 2296 2502 2349 ?
2537 2300 2595 2359 »Β
2626 2294 2763 2349 Hinc
2793 2294 2959 2365 igitur
2985 2295 3417 2349 demonstratqu

1856 2399 1964 2454 est,
1995 2403 2118 2443 eum
2167 2389 2236 2443 de
2282 2387 2439 2454 cujus
2478 2385 2764 2440 divinitate
2796 2385 2997 2455 agitur,
3026 2392 3153 2439 ante
3177 2384 3416 2455 genitum

1853 2480 2115 2536 Joannem
2169 2478 2515 2535 substitisse:
2550 2485 2605 2532 et
2652 2477 2803 2547 prius
2842 2474 2932 2531 illo
2980 2476 3216 2547 genitum
3247 2475 3419 2530 exsti-

1857 2570 2036 2626 tisse:
2075 2568 2167 2640 qui
2219 2584 2325 2623 non
2363 2567 2534 2623 solum
2583 2567 2741 2622 modo
2794 2564 3058 2632 Verbum,
3113 2565 3209 2623 sed
3255 2567 3416 2629 Deus,

1856 2661 1973 2727 lux,
2005 2660 2349 2731 Unigenitus,
2379 2668 2507 2714 ante
2533 2658 2823 2712 adventum
2852 2657 2905 2710 in
2934 2671 3099 2712 carne
3124 2664 3179 2712 et
3220 2664 3337 2711 erat
3360 2665 3419 2710 et

1855 2753 2157 2808 dicebatur.
2220 2751 2374 2807 Unde
2430 2764 2561 2805 vero
2613 2749 2728 2804 hac
2777 2747 3018 2817 cognitio
3073 2746 3419 2816 evangelista:

1854 2843 2301 2913 accesserit,ipse
2320 2858 2417 2897 nos
2444 2840 2657 2897 docebit
2683 2840 2736 2894 in
2760 2838 3137 2907 sequentibus,
3159 2836 3419 2906 Unigenio

1856 2941 1943 2987 tus
1980 2931 2173 2997 Filius,
2216 2933 2309 3001 qui
2339 2942 2458 2987 erat
2497 2932 2548 2984 in
2588 2931 2709 2985 sinu
2745 2928 2948 2991 Patris,
2974 2929 3088 2996 ipse
3114 2926 3414 2982 enarravit.

1859 3022 2019 3077 Vides
2043 3022 2202 3078 Verbi
2235 3022 2535 3077 divinitatis
2572 3020 2809 3076 rationes
2836 3018 2975 3073 unde
2997 3016 3206 3072 didicit.

246 3116 309 3170 ε’.
339 3120 414 3172 Οὐ
442 3089 548 3189 γάρ
581 3118 784 3188 Μωσῆς
808 3133 970 3187 φησιν
995 3115 1128 3187 (91),
1177 3117 1297 3170 οὐδὲ
1337 3117 1630 3189 προφητῶν
1671 3136 1754 3183 τις

1925 3113 1976 3169 5.
2018 3112 2136 3169 Νοη
2182 3112 2394 3185 Moyses
2440 3113 2536 3179 ait,
2572 3112 2665 3167 sed
2709 3125 2813 3166 nec
2850 3107 3231 3179 prophetarum
3271 3106 3422 3179 quis-

170 3207 287 3260 τῶν
317 3207 455 3277 μετὰ
481 3206 683 3260 Μωσέα
703 3224 716 3237 ·
748 3204 868 3258 οὐδέ
892 3221 957 3274 γε
976 3205 1222 3274 ἀγγέλων
1246 3223 1350 3269 τις,
1378 3205 1411 3276 ἢ
1440 3206 1545 3259 τῶν
1579 3224 1757 3277 κρειτ-

172 3296 349 3351 τόνων
393 3295 676 3366 δυνάμεων
694 3334 709 3360 ,
741 3293 855 3348 ἀλλ’
877 3294 1037 3358 αὐτὸς
1070 3296 1098 3347 6
1148 3296 1439 3366 μονογενὴς
1465 3295 1591 3359 Υἱὸς
1616 3297 1755 3350 τοῦτ’

172 3387 501 3459 ἑξηγήσατο.
526 3386 732 3441 Οὐκοῦν
775 3389 804 3441 6
842 3388 940 3459 μὲν
981 3387 1208 3459 ἀόρατος
1248 3386 1379 3451 Θεὸς
1421 3387 1519 3441 οὐκ
1564 3387 1758 3459 ἐξηγή-

176 3496 349 3544 σατο,
384 3481 414 3532 6
458 3479 516 3532 δὲ
565 3479 857 3551 μονογενὴς
896 3477 1022 3541 Υἱὸς
1068 3478 1261 3549 ὁρατὸς
1296 3478 1614 3548 γενόμενος,
1658 3480 1756 3549 τὴν

176 3571 312 3643 περὶ
331 3570 425 3623 τοῦ
453 3570 666 3641 Πατρδς
697 3569 1001 3643 ἀνθρώποις
1028 3570 1286 3640 ἐξήγησιν
1314 3560 1623 3640 ἐποιήσατο,
1651 3570 1758 3622 ἔτε-

178 3686 275 3741 ρος
317 3666 393 3721 ὣν
435 3666 636 3738 δηλαδὴ
681 3665 831 3737 παρὰ
857 3666 947 3719 τὸν
998 3665 1228 3734 ἀόρατον
1281 3664 1413 3719 Θεόν
1433 3682 1445 3695 ·
1488 3663 1625 3719 ἀλλὰ
1662 3665 1756 3718 καὶ

176 3759 551 3831 προῦπάρχων
578 3754 669 3829 ἦν,
704 3758 805 3810 οὐκ
848 3759 905 3810 ὲν
931 3759 998 3829 τῇ
1046 3756 1252 3828 διανοίᾳ
1283 3754 1373 3810 τοῦ
1401 3756 1612 3827 Πατρδς
1634 3794 1649 3820 ,
1681 3756 1756 3819 ὡς

178 3848 357 3900 ἐδόκει
384 3847 708 3918 Μαρκέλλῳ,
740 3846 855 3901 ἀλλ’
880 3848 936 3899 ὲν
966 3848 1079 3910 τοῖς
1100 3845 1318 3910 κόλποις
1352 3844 1542 3909 αὑτοῦ,
1568 3844 1757 3917 ὥσπερ

179 3939 299 4009 (92)
324 3938 389 4010 δὴ
416 3940 548 4009 ἡμῖν
576 3937 905 4009 ἐπήγγελται
927 3939 957 3991 ὁ
988 3936 1178 4009 Σωτὴρ
1201 3937 1280 4001 εἰς
1300 3936 1531 4001 κόλπους
1562 3936 1756 4007 Ἀϐρα-

179 4032 266 4102 ὰμ
291 4032 387 4084 καὶ
422 4029 607 4083 Ἰσαὰκ
633 4030 725 4083 καὶ
760 4027 953 4082 Ἰακὼὸ
980 4026 1473 4089 διαναπαύσασθαι,
1498 4025 1641 4080 οὕτω
1663 4027 1756 4080 καὶ

177 4126 208 4175 6
247 4123 372 4185 Υἱὸς
399 4126 478 4186 είς
497 4122 587 4175 τὸν
616 4122 813 4175 κόλπον
840 4115 908 4191 ἦν
936 4118 1031 4172 τοῦ
1057 4119 1269 4190 Πατρὸς
1291 4159 1307 4185 ,
1336 4120 1433 4189 οὐχ
1478 4116 1561 4182 εἷς
1605 4119 1698 4172 καὶ
1727 4120 1755 4171 6

179 4214 345 4277 αὐτὸς
384 4212 459 4268 ὢν
486 4213 563 4284 τῷ
601 4213 794 4284 Πατρὶ,
824 4211 946 4263 ἐπεὶ
979 4209 1112 4281 μηδὲ
1141 4211 1301 4281 ἡμεῖς
1326 4210 1480 4263 αὐτοὶ
1520 4208 1754 4281 ἐσόμεθα

178 4308 296 4369 τοῖς
319 4306 495 4374 ἁγίοις
534 4305 825 4374 πατράσιν.
870 4301 1030 4355 Ἀλλὰ
1054 4300 1162 4372 γὰρ
1188 4300 1282 4353 ἐπὶ
1320 4300 1531 4365 τούτοις
1576 4302 1751 4372 τήρει,

180 4401 331 4461 ὅπως
354 4397 491 4467 μετὰ
506 4397 564 4450 τὸ
578 4394 724 4460 ἅπαξ
743 4394 1004 4466 ὀνομάσαι
1022 4394 1192 4461 Λόγον
1216 4391 1310 4446 καὶ
1323 4390 1453 4445 Θεὸν
1475 4392 1565 4445 τὸν
1591 4392 1751 4447 αὑτὸν
1782 4432 1827 4486 D

180 4491 449 4553 ἀνειπεῖν,
480 4488 575 4542 καὶ
598 4488 711 4556 φῶς
734 4484 1098 4549 ἀποκαλέσαι,
1130 4482 1225 4537 καὶ
1254 4483 1531 4553 Μονογενῆ
1560 4483 1747 4553 φάναι,

182 4582 280 4636 καὶ
302 4581 431 4634 Υίὸν
455 4578 588 4633 Θεοῦ
631 4576 990 4651 ὁμολογῆσαι,
1021 4579 1121 4631 οὐκ
1158 4576 1236 4630 ἔτι
1265 4574 1436 4643 Λόγον
1473 4575 1748 4646 ὀνομάζει,

182 4673 319 4729 ἀλλὰ
351 4673 447 4726 καὶ
475 4671 637 4725 αὑτὸν
665 4668 848 4723 λοιπὸν
886 4671 1088 4741 ἱστορεῖ
1134 4668 1225 4723 τὸν
1256 4668 1520 4738 Σωτῆρα,
1554 4667 1614 4720 οὐ
1644 4666 1749 4719 Λό-

181 4782 280 4834 γον
307 4763 500 4817 ἑαυτὸν
522 4760 897 4815 ἀποκαλοῦντα
919 4798 935 4823 ,
981 4760 1116 4814 ἀλλὰ
1150 4761 1277 4813 Υἱὸν
1306 4760 1401 4813 καὶ
1448 4757 1747 4829 Μονογενῆ,

183 4857 277 4911 καὶ
308 4855 442 4923 φῶς,
476 4855 569 4908 καὶ
594 4852 738 4924 ζωὴν
760 4891 777 4918 ,
820 4853 913 4904 καὶ⁵
938 4851 1227 4922 ἀλήθειαν,
1261 4851 1356 4904 καὶ
1378 4849 1514 4904 ἄλλα
1550 4849 1749 4920 μυρία·

180 4950 372 5019 ὥσπερ
394 4944 488 5001 οὖν
510 4946 741 5001 άκοῦσαι
773 4946 1033 5019 πάρεστιν
1053 4943 1217 4998 αὑτοῦ
1243 4936 1344 4997 ὧδέ
1371 4959 1449 5013 πη
1471 4940 1751 4994 διδάσκον-

180 5054 276 5100 τος
295 5055 310 5069 ·
346 5038 508 5090 Οὕτω
527 5035 637 5105 γὰρ
662 5034 976 5104 ἠγάπησεν
990 5036 1022 5089 6
1043 5030 1184 5099 Θεὸς
1206 5031 1313 5087 τὸν
1324 5031 1575 5100 κόσμον,
1595 5028 1751 5082 ὥστε

182 5130 294 5184 τὸν
337 5127 471 5183 Υίὸν
494 5126 677 5181 αὑτοῦ
718 5125 824 5180 τὸν
842 5122 1139 5195 μονογενῆ
1177 5122 1401 5177 ἔδωκεν
1423 5160 1438 5183 ,
1472 5120 1575 5173 ἵνα
1632 5115 1751 5184 πᾶς

261 5316 323 5377 vlt
346 5309 448 5366 Ed.
468 5306 668 5376 Paris.,
696 5322 821 5379 pag.
846 5303 935 5361 86.
1008 5303 1055 5336 “
1087 5301 1243 5359 Joan.
1273 5317 1371 5367 xu,
1398 5298 1489 5355 28.
1545 5298 1589 5331 ⁸⁸
1614 5296 1767 5354 Joan.
1802 5309 1842 5363 ι,

261 5550 475 5623 (88-89)
504 5548 669 5621 Vulgo
692 5548 900 5623 πατρός
920 5556 974 5604 et
1004 5545 1139 5603 infra
1163 5541 1376 5615 πρῶτος
1408 5539 1572 5596 αὑτοῦ
1593 5533 1661 5611 ἦν
1696 5548 1753 5595 et

185 5621 281 5678 ἰπὶ
302 5621 553 5677 ἀκούσιον
577 5632 631 5676 el
651 5621 896 5691 νομίσας.

257 5694 369 5765 (90)
398 5679 733 5761 Συνέστηκεῦ
761 5690 821 5744 οὒ
855 5679 1014 5760 vulgo
1045 5696 1098 5743 et
1126 5687 1219 5743 τοῦ
1251 5685 1380 5741 Υίοῦ
1410 5679 1712 5759 θεολογίαν.

1856 3206 2001 3276 piam
2032 3212 2156 3275 post
2195 3202 2433 3275 Moysem
2458 3217 2474 3257 :
2498 3217 2604 3259 non
2634 3216 2666 3257 e
2709 3214 2934 3256 numero
2962 3197 3299 3269 angelorum,
3326 3208 3421 3251 aut

1857 3296 2168 3354 sublimium
2197 3295 2394 3366 aliquis
2419 3303 2746 3365 potestatum
2779 3309 2793 3346 :
2819 3292 2913 3348 sed
2952 3291 3067 3360 ipse
3094 3288 3264 3345 Filius
3290 3290 3418 3344 uni-

1855 3389 2092 3457 genitus,
2132 3389 2237 3443 hoc
2271 3386 2585 3442 enarrabat.
2639 3382 2965 3454 Unigenitus
2999 3380 3191 3445 Filius,
3236 3380 3418 3437 factus

1854 3478 2107 3542 visibilis,
2143 3480 2541 3532 enarrationem
2585 3476 2651 3531 de
2687 3474 2849 3529 Patre
2878 3472 3021 3542 apud
3064 3473 3309 3528 homines
3332 3473 3419 3527 in-

1855 3570 2115 3625 stituebat
2137 3569 2304 3633 alius,
2326 3581 2517 3637 nempe
2540 3567 2839 3630 exsistens,
2878 3565 2946 3620 ab
2974 3562 3228 3619 invisibili
3267 3562 3414 3617 Deo:

1854 3660 1949 3715 sed
1972 3671 2028 3715 et
2056 3658 2471 3727 pracexsistebat
2504 3656 2595 3711 ille
2628 3672 2761 3720 non,
2789 3655 2932 3725 quod
2960 3652 3212 3707 Marcello
3242 3652 3417 3706 visum

1854 3758 1957 3814 est,
1996 3749 2050 3803 in
2099 3760 2282 3804 mente
2320 3747 2533 3813 Patris;
2558 3746 2652 3801 sed
2695 3746 2750 3800 in
2794 3747 2917 3800 sinu
2958 3742 3115 3812 ejus:
3147 3743 3417 3813 quomodo

1856 3839 2106 3906 promisit
2158 3838 2415 3894 Servatur
2471 3837 2646 3902 nobis,
2704 3850 2802 3891 nos
2853 3835 2907 3889 in
2947 3834 3071 3890 sinu
3116 3834 3415 3899 Abraham,

1855 3928 2024 3997 Isaac,
2055 3936 2110 3985 et
2139 3920 2307 3984 Jacob
2344 3927 2624 3999 quieturos
2656 3942 2672 3983 :
2704 3927 2780 3982 ita
2812 3935 2868 3983 et
2910 3924 3027 3995 ipse
3060 3932 3183 3979 erat
3214 3924 3266 3977 in
3293 3922 3414 3979 sinu

1854 4020 2053 4087 Patris,
2079 4035 2188 4076 non
2215 4036 2355 4076 unus
2392 4020 2642 4089 idemque
2666 4033 2786 4073 cum
2817 4032 2916 4073 suo
2941 4016 3121 4070 Patre.
3148 4013 3280 4069 Nam
3318 4029 3416 4070 nec

1855 4127 1955 4169 uos
1983 4112 2149 4168 futuri
2182 4126 2373 4167 sumus
2401 4112 2563 4167 iidem
2597 4125 2718 4165 cum
2760 4108 2964 4164 sanctis
3007 4107 3112 4162 illis
3150 4107 3413 4177 patribus.

1855 4205 1961 4261 Sed
1992 4214 2049 4260 et
2088 4205 2219 4260 illud
2262 4204 2485 4274 insuper
2514 4201 2911 4258 observandum
2943 4200 3110 4265 venit,
3152 4199 3296 4269 quod
3327 4198 3417 4253 ubi

1854 4297 2020 4353 semel
2036 4297 2266 4352 Verbum
2286 4296 2684 4359 nominaverat,
2712 4292 2957 4349 eumdem
2984 4291 3148 4347 etiam
3172 4298 3227 4345 et
3250 4290 3418 4345 Deum

1854 4398 1909 4443 et
1935 4387 2110 4444 lucem
2147 4387 2304 4452 dixit,
2328 4396 2383 4442 et
2411 4386 2752 4456 Unigenitum
2785 4381 3093 4454 appellavit,
3128 4390 3185 4436 et
3223 4379 3416 4435 Filium

1856 4480 1950 4534 Dei
1979 4479 2287 4534 conﬁtetur.
2320 4475 2431 4533 Nec
2488 4476 2741 4546 deinceps
2776 4475 2926 4529 illum
2973 4471 3209 4527 Verbum
3257 4485 3416 4525 usur-

1854 4584 1968 4644 pat,
1999 4573 2095 4628 sed
2122 4580 2177 4628 et
2207 4569 2549 4625 Servatorem
2575 4573 2982 4629 commemorat,
3001 4564 3220 4632 insuper
3244 4560 3418 4629 ipsum

1857 4674 1917 4717 se
1946 4659 2215 4718 dicentem
2255 4674 2364 4715 non
2392 4658 2650 4722 Verbum,
2683 4656 2777 4710 sed
2816 4652 3013 4707 Filium
3056 4649 3416 4719 unigenitum,

1856 4752 2053 4819 lucem,
2088 4750 2276 4816 vitam,
2320 4748 2627 4811 veritatem,
2659 4754 2716 4800 et
2741 4750 2998 4799 sexcenta
3033 4743 3251 4811 quidem
3286 4740 3413 4795 alia.

1852 4844 2117 4900 Nimirum
2145 4843 2335 4898 audire
2361 4842 2489 4897 licet
2521 4840 2695 4910 ipsum
2736 4838 2816 4893 sic
2848 4838 3132 4891 docentem
3162 4851 3178 4888 :
3210 4832 3299 4889 Sic
3335 4835 3418 4887 di-

1853 4934 1982 4988 lexit
2027 4932 2168 4987 Deus
2211 4933 2485 4995 mundum,
2532 4939 2588 4982 ut
2630 4925 2833 4980 Filium
2879 4941 3034 4979 suum
3094 4924 3419 4993 unigenitum

1855 5031 2027 5090 daret,
2056 5034 2113 5079 ut
2140 5025 2307 5077 omnis
2336 5023 2425 5094 qui
2457 5021 2628 5074 credet
2676 5020 2731 5072 in
2763 5034 2879 5071 eum
2916 5032 3018 5069 non
3051 5027 3225 5083 pereat
3250 5015 3317 5067 ⁸⁸.
3352 5015 3419 5068 Et

1857 5118 2050 5173 iterum
2078 5137 2091 5171 :
2119 5109 2305 5187 Neque.
2347 5118 2486 5170 enim
2530 5115 2673 5169 misit
2732 5112 2873 5167 Deus
2926 5109 3126 5165 Filium
3177 5124 3329 5162 suum
3363 5109 3419 5161 in

1875 5295 1962 5362 15,
1996 5295 2079 5349 16.
2154 5295 2199 5327 ⁸⁸
2229 5292 2386 5349 Joan.
2417 5292 2615 5359 "516.

1925 5530 2205 5605 (9|__’A.1.lf
2215 5529 2372 5605 ρὺδὲ
2414 5527 2738 5605 προφητῶν
2792 5524 3054 5605 aquilam
3093 5531 3176 5582 est
3206 5536 3334 5583 vera
3354 5521 3418 5579 le-

1857 5596 1982 5660 ctio.
2010 5600 2155 5671 M.:—
2183 5601 2327 5671 (Ego
2345 5596 2503 5658 codd.
2525 5596 2743 5657 secutus
2768 5614 2885 5655 sum
2912 5596 2932 5667 )

1925 5673 2036 5745 (92)
2077 5669 2352 5742 Vulgoi'o‘é.
