3838 6222
401 257 500 314 871
1146 243 1419 310 EUSEBII
1455 246 1936 309 CZESARIENSIS
1972 247 2125 310 OPP.
2167 244 2351 307 PARS
2384 245 2472 307 IV.
2511 272 2580 290 -—-
2616 247 3037 307 DOGMATICA.
3557 255 3664 311 872

403 372 684 436 mundum,
722 378 780 422 ut
801 367 1002 438 judicet
1038 368 1296 420 mundum
1314 366 1381 420 ⁸⁷.
1423 365 1486 419 Et
1517 368 1678 419 tertio
1704 383 1716 417 :
1747 365 1852 430 Qui
1879 381 1982 419 non

2085 366 2120 417 ό
2175 365 2480 418 πιστεύων
2517 366 2606 431 εις
2635 363 2824 419 αὐτὸν
2859 364 2947 435 μὴ
2967 365 3282 434 ἀπόληται.
3313 365 3428 420 Καὶ
3459 367 3658 422 πάλιν·

400 461 594 523 credit,
616 459 732 527 jam
765 458 1041 526 judicatus
1089 467 1186 521 est,
1221 457 1346 526 quia
1376 471 1480 509 non
1511 455 1682 508 credit
1707 456 1760 508 in
1791 470 1981 508 nomen

400 549 662 622 unigeniti
713 545 846 602 Filii
876 545 971 602 Dei
993 547 1060 600 ⁸⁸.
1095 545 1172 601 lta
1211 546 1315 601 hoc
1344 545 1398 598 in
1425 545 1540 598 loco
1571 544 1765 597 iterum
1795 558 1810 597 :
1838 542 1980 598 Deus

401 643 547 695 dedit
578 648 626 693 et
643 639 784 692 misit
810 636 1234 702 Filium,mundi
1257 635 1630 698 Servatorem;
1660 645 1715 689 et
1737 635 1828 704 qui
1865 637 1982 689 mit-

405 715 641 799 tebatur,
665 739 786 787 erat
813 731 1036 786 omnino
1057 730 1192 785 alius
1217 746 1246 784 a
1269 730 1535 784 mittente.
1565 727 1828 794 Quocirca
1850 729 1980 782 mihi

401 825 621 879 videtur
643 822 901 878 Servatur
917 822 971 877 in
995 821 1367 890 sequentibus,
1396 829 1652 890 tanquam
1670 818 1980 875 Marcellum

403 924 461 972 et
501 925 729 972 caeteros
757 915 852 983 qui
909 923 1117 969 natura:
1136 912 1255 968 Filii
1301 913 1561 978 invident,
1605 914 1984 984 pronuntiasse

403 1011 551 1082 quod
577 1010 834 1079 scriptum
856 1017 938 1062 est
962 1006 1181 1062 :Nonne
1203 1010 1257 1062 in
1282 1007 1389 1076 leqe
1412 1019 1580 1062 uestra
1600 1009 1850 1075 scriptum
1871 1018 1945 1062 est
1964 1024 1979 1062 :

411 1108 474 1169 ᾗ
510 1103 622 1173 Ego
667 1102 801 1167 dixi,
835 1101 908 1154 dii
945 1101 1088 1154 estis.
1133 1099 1238 1155 Eos
1282 1103 1419 1155 dixit
1462 1101 1606 1163 deos,
1642 1101 1711 1153 ad
1739 1117 1868 1168 quos
1900 1100 1984 1170 fa-

406 1207 549 1251 ctum
569 1204 644 1250 est
669 1196 877 1248 verbum
903 1193 998 1248 Dei
1017 1207 1210 1262 :neque
1233 1193 1416 1262 poterit
1444 1191 1658 1246 dissolvi
1680 1190 1980 1260 Scriptura.

407 1286 574 1354 Quem
620 1284 783 1338 Pater
816 1283 1186 1352 sancti/ienuit,
1220 1294 1268 1337 et
1317 1285 1371 1336 in
1416 1285 1667 1337 mundum
1701 1284 1864 1348 misit,
1892 1300 1984 1336 vos

405 1379 581 1432 dicitis
609 1393 628 1431 :
654 1379 805 1442 Quod
833 1376 1181 1444 blasphemas,
1211 1374 1455 1443 quoniam
1482 1374 1618 1440 dixi,
1639 1375 1774 1443 quod
1807 1372 1983 1429 Filius

408 1471 504 1525 Dei
531 1487 645 1524 sum
666 1469 734 1522 ”.
760 1469 997 1522 Audisne
1037 1467 1123 1520 hic
1170 1466 1380 1535 quoties
1418 1481 1477 1520 se
1510 1465 1765 1520 Servator
1813 1467 1984 1520 nomi-

407 1571 500 1616 net
537 1575 647 1615 non
683 1557 940 1623 Verbum,
969 1557 1061 1610 sed
1101 1554 1298 1609 Filium
1343 1563 1398 1608 et
1428 1552 1772 1624 Unigenitum
1804 1571 1816 1607 :
1851 1571 1984 1622 qua-

407 1652 532 1707 liter
579 1663 702 1704 sese
738 1663 768 1702 a
802 1647 962 1702 Patre
1017 1645 1240 1700 missum
1286 1644 1477 1699 doceat
1515 1662 1529 1698 :
1561 1653 1616 1698 et
1671 1643 1981 1713 priusquam

407 1745 735 1808 mitteretur,
777 1738 1171 1794 sanctiﬁcatum
1204 1754 1220 1804 ;
1270 1747 1359 1802 et,
1381 1735 1860 1805 quemadmodum,
1889 1752 1984 1790 eos
2014 1714 2056 1768 Β

406 1834 496 1904 qui
529 1839 823 1904 gravantur
845 1828 1087 1884 conﬁteri
1119 1829 1296 1898 ipsum
1327 1826 1521 1881 Filium
1547 1840 1666 1882 esse
1689 1825 1807 1890 Dei,
1833 1842 1985 1900 ave;-

406 1934 573 1990 setur,
600 1940 632 1979 e
661 1921 857 1978 divinis
888 1921 1186 1988 Scripturis
1221 1919 1442 1982 docens,
1471 1918 1613 1986 quod
1645 1932 1750 1972 non
1777 1926 1983 1972 tantum

409 2015 504 2069 ﬁlii
541 2015 656 2080 Dei,
709 2014 806 2069 sed
839 2013 1000 2066 etiam
1036 2012 1108 2065 dii
1151 2010 1407 2064 mortales
1435 2009 1682 2065 homines
1711 2008 1984 2088 appellen-

411 2115 501 2162 tur
532 2124 547 2161 :
581 2115 639 2161 ut
678 2106 898 2160 minime
933 2104 1250 2172 blaspheme
1277 2102 1480 2156 dictum
1509 2102 1793 2166 habeatur,
1816 2101 1986 2154 conﬁ-

413 2197 517 2253 teri
549 2197 698 2252 illum
723 2195 907 2258 simul,
931 2204 987 2249 et
1015 2193 1107 2248 Dei
1133 2191 1353 2258 Filium,
1381 2202 1436 2246 et
1472 2191 1664 2255 Deum,
1702 2204 1861 2260 quem
1885 2189 1986 2244 Pa-

407 2300 497 2346 ter
529 2286 889 2343 sanctiﬁcavit
917 2294 970 2339 et
999 2285 1050 2339 in
1091 2284 1346 2338 mundum
1372 2283 1540 2338 misit.
1571 2281 1709 2348 Quid
1740 2297 1871 2351 ergo
1897 2281 1985 2334 ille

406 2379 740 2451 patiebatur,
768 2379 857 2448 qui
887 2386 1008 2448 post
1039 2376 1200 2430 hasce
1229 2389 1390 2429 voces
1411 2389 1575 2430 ausus
1609 2382 1694 2428 est
1719 2374 1983 2428 exsertim

407 2471 610 2537 dicere,
636 2469 874 2526 Verbum
900 2483 1022 2522 esse
1047 2466 1220 2533 illum,
1239 2480 1342 2521 nec
1371 2475 1630 2536 praeterea
1655 2465 1980 2536 quidquam:

407 2569 572 2629 atque
609 2559 678 2615 ob
705 2573 824 2615 eam
861 2573 1081 2613 causam
1122 2557 1196 2611 ita
1243 2557 1470 2611 totidem
1507 2557 1689 2612 verbis
1720 2557 1981 2620 scribere,

407 2650 500 2723 [Β.
527 2649 697 2706 XXIV
735 2649 858 2706 coll.
901 2658 954 2720 p.
983 2647 1077 2721 42]
1111 2666 1131 2701 ι
1170 2646 1290 2704 Non
1329 2649 1569 2703 nominat
1610 2663 1734 2703 eum
1768 2647 1859 2704 Dei
1893 2648 1985 2703 Fi-

411 2757 435 2793 ι
478 2740 611 2796 lium
648 2755 664 2794 :
691 2742 786 2796 sed
809 2739 1005 2810 ubique
1019 2739 1214 2794 Filium
1239 2739 1470 2794 hominis
1497 2741 1686 2809 seipse
1716 2739 1982 2810 appellat,

413 2849 434 2884 ι
477 2841 538 2887 ut
557 2833 645 2888 sic
675 2847 772 2902 per
803 2831 1107 2887 is1iusmodi
1133 2830 1853 2894 confessionem,hominem
1885 2849 1984 2886 na-

410 2943 433 2979 ι
478 2925 724 2980 turaliter
743 2925 1114 2990 exsistentem,
1151 2923 1244 2979 Dei
1288 2924 1482 2979 Filium
1523 2923 1720 2980 factum
1762 2940 1988 2996 persua-

2077 458 2162 512 Οὐ
2210 457 2322 527 γὰρ
2379 455 2743 511 ἀπέστειλεν
2789 458 2822 510 ό
2885 456 3030 522 Θεὸς
3079 456 3189 511 τὸν
3242 457 3379 512 Υὶὸν
3420 461 3510 525 εὶς
3556 460 3666 513 τὸν

2081 551 2334 618 κόσμον,
2368 548 2470 604 ἵνα
2496 549 2670 618 κρίνῃ
2691 547 2800 602 τὸν
2827 551 3079 618 κόσμον.
3118 550 3229 603 Καὶ
3260 546 3417 614 αὖθις
3438 571 3453 588 ο
3495 552 3550 604 Ὁ
3599 552 3667 606 δὲ

2076 640 2164 710 μὴ
2199 642 2503 695 πιστεύων
2548 639 2665 710 ἤδη
2697 639 2981 709 κέκριται,
3017 639 3109 694 όη
3155 643 3227 694 οὐ
3261 644 3667 696 πεπίστευκεν

2081 736 2168 800 εὶς
2209 732 2276 787 τὸ
2306 733 2495 802 ὄνομα
2542 731 2652 786 τοῦ
2721 732 3095 802 μονογενοῦς
3145 727 3282 788 Υἱοῦ
3331 733 3438 786 τοῦ
3490 734 3662 788 Θεοῦ.

2082 825 2193 879 Καὶ
2250 824 2485 878 ἐνταῦθα
2547 824 2741 878 πάλιν·
2805 820 2870 876 '0
2932 824 3052 893 μὲν
3103 824 3250 890 Θεὸς
3289 825 3493 879 ἐδίδου
3560 825 3664 879 καὶ

2081 917 2422 973 ἀπέστελλε
2464 916 2573 972 τὸν
2608 915 2744 971 Υἱόν
2786 915 3028 985 Σωτῆρα
3072 916 3181 970 τοῦ
3223 916 3458 986 κόσμου
3478 956 3492 981 ,
3535 917 3569 968 6
3609 917 3670 972 δὲ

2082 1011 2438 1065 ἀπεστέλλετο
2500 1009 2688 1081 ἕτερος
2750 1009 2826 1063 ὢν
2888 1009 3087 1081 δηλαδὴ
3161 1008 3313 1080 παρά
3380 1011 3472 1064 τὸν
3527 1012 3670 1067 ἀπο-

2083 1106 2391 1161 στέλλοντα.
2423 1105 2534 1158 ’Διό
2577 1122 2666 1176 μοι
2722 1105 2870 1158 δοκεῖ
2919 1105 3008 1158 διὰ
3064 1103 3170 1157 τῶν
3208 1103 3371 1173 ἑξῆς,
3412 1103 3487 1167 ὡς
3523 1105 3668 1176 πρὸς

2083 1193 2245 1250 αὑτὸν
2276 1195 2593 1266 Μάρκελλον
2623 1196 2712 1249 καὶ
2741 1193 2878 1266 πρὸς
2901 1197 3028 1259 τοὺς
3061 1195 3542 1267 διαφθονουμένους
3598 1201 3668 1268 τῇ

2082 1286 2177 1340 τοῦ
2203 1286 2334 1338 Υίοῦ
2365 1287 2524 1355 φύσει
2562 1286 2980 1357 ἀναγεγράφθαι
3021 1288 3184 1356 αὐτὸς
3219 1290 3247 1342 6
3275 1289 3466 1359 Σωτὴρ
3504 1290 3670 1360 ἡμῶν

2084 1377 2353 1449 εἰρηκώςο
2390 1381 2513 1432 Οὐκ
2548 1379 2682 1432 ἔστι
2709 1377 3115 1450 γεγραμμένον
3143 1380 3213 1432 ἐν
3245 1379 3326 1446 τῷ
3347 1382 3538 1449 νόμῳ,
3577 1380 3672 1435 ὅτι

2083 1471 2197 1540 ἐγὼ
2214 1467 2371 1524 εῖπαο
2401 1471 2534 1525 Θεοί
2563 1471 2701 1524 ἐστε
2720 1487 2735 1539 ;
2772 1473 2816 1523 Ε
2822 1474 2840 1523 ι
2860 1471 3130 1538 ἐκείνους
3147 1465 3276 1524 εἷπε
3297 1472 3490 1538 θεοὺς,
3511 1472 3674 1541 πρὸς

2085 1561 2194 1626 οὓς
2217 1565 2250 1614 ό
2282 1563 2464 1632 λόγος
2487 1561 2724 1631 ἐγένετο
2743 1563 2852 1617 τοῦ
2875 1563 3044 1617 Θεοῦ·
3073 1563 3170 1616 καὶ
3195 1565 3268 1617 οὐ
3289 1563 3535 1617 δύναται
3555 1567 3676 1619 λυ·

2087 1651 2262 1720 θῆναι
2283 1654 2321 1721 ἠ
2345 1653 2578 1722 Γραφῇ.
2598 1656 2702 1708 Ὃν
2722 1657 2756 1708 ό
2775 1653 2978 1722 Πατὴρ
3000 1655 3236 1725 ἡγίασε,
3264 1654 3364 1708 καὶ
3385 1655 3676 1709 ἀπέστειον

2083 1747 2193 1797 λεν
2209 1746 2295 1810 είς
2312 1745 2418 1798 τὸν
2437 1745 2687 1815 κόσμον,
2709 1747 2879 1816 ὑμεῖς
2896 1747 3122 1816 λέγετε,
3147 1747 3236 1800 ὄτι
3252 1747 3674 1817 βλασφημεῖς,

2085 1835 2174 1888 ὅτι
2195 1831 2386 1901 εἷπον,
2409 1837 2540 1901 Υἱὸς
2572 1837 2678 1891 τοῦ
2712 1837 2861 1891 Θεοῦ
2902 1840 3040 1907 ειμι.
3065 1836 3308 1902 Ἀκούεις
3333 1838 3523 1900 ὁσάκις
3550 1837 3675 1908 (95)

2085 1928 2245 1991 αὐτὸς
2259 1931 2286 1981 ὁ
2301 1928 2489 2000 Σωτὴρ
2505 1929 2699 1982 ἑαυτὸν
2718 1931 2778 1983 οὐ
2791 1930 2982 1999 Λόγον,
2997 1930 3133 1984 ἀλλὰ
3148 1929 3277 1984 Υἱδν
3291 1931 3564 2001 ὠνόμασε,
3579 1932 3678 1984 καὶ

2084 2020 2362 2090 Μονογενῆ
2399 2024 2716 2093 προσεῖπενο
2733 2023 2882 2085 ὅπως
2911 2021 2967 2074 δὲ
2991 2022 3325 2076 ἀπεστάλθαι
3346 2023 3560 2085 ἑαυτὸν,
3578 2022 3680 2074 καὶ

2085 2109 2342 2181 ήγιάσθαι
2371 2111 2476 2183 πρὸ
2502 2113 2597 2165 τοῦ
2620 2112 2990 2184 ἀποσταλῆναι
3025 2111 3128 2166 ὑπὸ
3155 2112 3249 2166 τοῦ
3268 2113 3479 2185 Πατρὸς
3494 2113 3677 2167 ἐδίδα-

2088 2217 2207 2265 σκε,
2243 2202 2337 2256 καὶ
2352 2203 2428 2266 ὡς
2447 2204 2574 2268 τοὺς
2591 2204 2884 2268 ὀκνοῦντας
2908 2205 3037 2259 Υίὺν
3062 2206 3223 2259 αὐτὸν
3248 2207 3529 2284 όμολογεῖν
3574 2207 3678 2260 τοῦ

2085 2291 2220 2347 Θεοῦ
2241 2294 2500 2362 δυσωπεῖ,
2530 2295 2796 2350 διδάσκων
2822 2299 2885 2350 ὲκ
2909 2299 3007 2370 τῆς
3034 2298 3183 2362 θείας
3222 2299 3446 2370 Γραφῆς
3465 2337 3480 2364 ,
3501 2299 3582 2362 ὡς
3610 2301 3677 2352 οὐ

2090 2386 2249 2455 μόνον
2266 2387 2374 2439 υἱοὶ
2389 2386 2545 2451 Θεοῦ,
2561 2386 2699 2439 ἀλλὰ
2713 2387 2806 2440 καὶ
2826 2387 2938 2441 θεοὶ
2965 2389 3148 2460 θνητοὶ
3161 2390 3257 2462 τὴν
3288 2389 3450 2459 φύσιν
3476 2391 3678 2463 ἄνδρες

2085 2484 2394 2556 ἐκλήθησαν
2413 2502 2428 2516 ⁸
2459 2485 2539 2540 διὸ
2562 2487 2636 2558 μὴ
2679 2488 2876 2559 χρῆναι
2905 2486 3144 2558 νομίζειν
3185 2486 3504 2558 βλάσφημον
3529 2484 3681 2541 εἶναι

2085 2576 2147 2629 τὸ
2197 2578 2292 2630 κει)⁴
2333 2577 2462 2632 Υἱδν
2507 2578 2643 2632 Θεοῦ
2691 2579 2786 2634 καὶ
2821 2579 2953 2632 Θεὸν
2992 2579 3274 2649 ὁμολογεῖν
3313 2580 3373 2631 ὃν
3413 2581 3442 2631 6
3476 2579 3678 2651 Πατὴρ

2087 2668 2283 2737 ἡγίασε
2309 2670 2403 2722 καὶ
2429 2670 2745 2725 ἀπέστειλεν
2771 2671 2850 2736 εἰς
2876 2670 2968 2725 τὸν
3012 2671 3236 2741 κόσμον.
3275 2670 3338 2722 Τί
3372 2666 3468 2724 οὖν
3499 2671 3682 2742 ἐχρῆν

2086 2760 2280 2814 παθεῖν
2328 2761 2419 2816 τὸν
2466 2763 2603 2832 μετά
2651 2761 2750 2826 τὰς
2782 2762 3049 2826 τοσαύτας
3097 2762 3280 2830 φωνὰς
3315 2762 3678 2834 τολμήσαντα

2088 2849 2277 2920 φάναι,
2297 2849 2405 2921 (94)
2424 2867 2443 2900 ι
2478 2851 2599 2905 ὃλον
2621 2847 2760 2906 εἶναι
2789 2852 2973 2917 αὑτὸν,
2991 2852 3086 2906 καὶ
3115 2851 3265 2905 οὐδὲν
3287 2851 3496 2922 ἕτερον,
3525 2871 3546 2904 ι
3581 2853 3681 2906 αύ-

2087 2942 2291 3009 τολεξεί
2323 2959 2384 2995 τε
2409 2943 2688 3014 εἰρηκότα,
2725 2963 2744 2995 ι
2776 2945 2869 2998 καὶ
2895 2943 2984 2999 διὰ
3008 2944 3196 3007 τοῦτο,
3224 2945 3323 3015 οὐχ
3353 2945 3484 3000 Υἱὸν
3529 2945 3677 3000 Θεοῦ

413 3037 434 3072 ι
481 3021 627 3087 deat,
668 3034 768 3090 per
811 3017 1117 3086 hujusmodi
1148 3033 1270 3073 cum
1300 3018 1409 3073 Deo
1451 3017 1908 3072 communionem.
1951 3036 1971 3070 ι

2095 3052 2114 3086 ι
2147 3033 2308 3088 αὑτὸν
2325 3031 2600 3104 ὀνομάζει,
2623 3033 2756 3087 ἀλλὰ
2781 3034 3057 3104 πανταχοῦ
3084 3035 3210 3088 Υίὸν
3236 3033 3525 3106 ἀνθρώπου
3550 3037 3679 3088 ἐαυ-

406 3109 535 3167 Haec
563 3125 687 3166 cum
745 3110 997 3165 dicantur
1043 3124 1073 3163 a
1109 3109 1386 3175 Marcello,
1442 3108 1612 3164 miror
1652 3123 1752 3178 ego
1787 3108 1983 3178 quibus

2091 3144 2111 3178 ι
2143 3126 2234 3179 τὸν
2265 3125 2431 3194 λέγει,
2468 3126 2557 3180 ἵνα
2588 3125 2678 3178 διὰ
2704 3125 2804 3195 τῆς
2830 3125 3084 3197 τοιαύτης
3111 3125 3399 3196 ὁμολογίας
3431 3125 3543 3198 (95)
3583 3126 3679 3180 θέ-

407 3204 580 3260 oculis
634 3213 832 3259 contra
891 3201 1072 3269 tueri,
1131 3202 1328 3271 quibus
1369 3200 1574 3255 labellis
1615 3203 1986 3256 contradicere

407 3305 490 3352 tot
521 3297 718 3350 audeat
759 3294 1102 3349 testimoniis.
1131 3293 1270 3360 Quin
1315 3301 1370 3346 et
1408 3291 1600 3346 ducem
1652 3307 1773 3348 esse
1813 3293 1985 3362 ipsum

406 3401 467 3442 se
489 3384 750 3440 Servator
793 3384 871 3438 ait
896 3393 1259 3453 congruenter
1290 3383 1356 3438 iis
1393 3397 1513 3454 quae
1557 3385 1622 3438 de
1681 3383 1801 3440 luce
1860 3393 1988 3439 sunt

407 3476 687 3547 praedicta,
711 3473 849 3548 Ego,
885 3475 1158 3546 inquiens,
1192 3493 1307 3530 sum
1335 3477 1430 3530 tua:
1469 3475 1652 3530 mundi
1669 3477 1738 3531 ὀ.
1786 3479 1852 3532 Et
1886 3480 1988 3532 ite-

406 3581 526 3622 rum
557 3582 572 3620 :
603 3565 716 3637 Ego
745 3583 863 3620 sum
894 3565 1008 3632 luas,
1038 3575 1086 3619 et
1114 3567 1392 3629 ueritas,et
1420 3566 1526 3619 vita
1545 3565 1614 3619 ⁹¹.
1635 3565 1700 3620 Et
1728 3567 1940 3622 demum
1964 3581 1982 3622 ι

407 3656 525 3712 Lux
561 3659 698 3713 venit
727 3659 783 3712 in
813 3659 1088 3723 mundum,
1128 3669 1176 3712 et
1207 3659 1503 3711 dilexerunt
1535 3658 1770 3714 homines
1819 3663 1987 3731 magis

408 3749 647 3806 tenebras
669 3767 827 3822 quam
854 3751 1024 3804 lucem
1047 3752 1113 3804 θ’.
1133 3749 1284 3817 Quod
1310 3750 1357 3804 si
1389 3751 1512 3820 quis
1535 3751 1854 3822 interroget,
1885 3770 1987 3808 un-

407 3844 476 3896 de
527 3841 770 3907 advenit,
817 3840 1166 3910 respondebit
1217 3840 1264 3894 is
1300 3841 1392 3910 qui
1439 3840 1622 3906 dixit,
1657 3840 1760 3907 Qui
1799 3844 1988 3897 desur-

409 3947 526 3985 sum
569 3931 701 3986 venit
749 3947 905 4000 super
955 3947 1132 3984 omnes
1174 3942 1248 3985 est
1278 3931 1347 3997 ",
1382 3941 1437 3984 et
1474 3931 1577 3996 Qui
1616 3933 1680 3986 de
1729 3932 1858 3987 caelo
1901 3950 1989 3988 vc-

413 4022 511 4087 nit,
535 4020 675 4089 quod
711 4020 858 4081 vidit,
883 4030 930 4073 et
957 4021 1176 4086 audivit,
1221 4023 1551 4090 testiﬁcatur.
1578 4023 1624 4054 ”
1654 4023 1786 4090 Quis
1809 4035 1989 4079 autem

412 4120 532 4167 erat
550 4111 638 4164 ille
671 4113 764 4181 qui
795 4112 860 4166 de
891 4109 1028 4165 coelo
1057 4111 1254 4166 venit?
1297 4111 1433 4167 Num
1483 4129 1587 4168 non
1629 4129 1793 4179 caro,
1829 4129 1991 4183 quam

414 4202 708 4271 assumpsit
751 4201 1058 4257 Servator?
1114 4202 1500 4273 Nequaquam,
1549 4207 1642 4260 sed
1687 4195 1800 4276 ipse
1853 4214 1990 4272 erat,

413 4307 606 4362 nempe
632 4293 720 4347 lux
741 4293 1178 4365 Verbum,atque
1205 4295 1364 4360 Deus,
1392 4295 1715 4368 Unigenitus
1750 4290 1988 4354 existens

2091 3234 2111 3269 ι
2141 3232 2224 3268 σει
2268 3215 2359 3268 τὸν
2390 3213 2676 3286 ἄνθρωπον
2697 3256 2714 3282 ,
2743 3214 2832 3269 διὰ
2880 3216 2981 3288 τῆς
3009 3215 3146 3286 πρὸς
3171 3214 3333 3281 αὐτὸν
3361 3216 3680 3279 κοινωνίας,

2091 3325 2110 3358 ι
2138 3306 2269 3369 Υξὸν
2314 3305 2450 3359 Θεοῦ
2496 3304 2752 3375 γενέσθαι
2801 3305 3221 3379 παρασκευάσῃ.
3255 3322 3277 3358 ι
3327 3304 3517 3358 Ταῦτα
3562 3306 3681 3376 γὰρ

2083 3397 2403 3470 Μάρκελλος
2443 3395 2614 3450 εἰπὼν
2635 3437 2650 3462 ,
2679 3397 2780 3450 οὐκ
2819 3393 2915 3451 οἷδ’
2945 3397 3095 3461 ὅπως
3124 3396 3330 3461 ὁποίοις
3368 3396 3682 3467 ὀφθαλμοῖς

2083 3483 2196 3550 οἶός
2225 3504 2286 3539 τε
2324 3483 2392 3559 ἦν
2418 3486 2791 3552 ἀντιϐλέπειν,
2822 3487 2856 3557 ἢ
2892 3487 3066 3550 ποίοις
3111 3487 3344 3557 χείλεσιν
3375 3488 3680 3556 ἀντιφθέγ-

2083 3578 2298 3647 γεσθαι,
2323 3579 2445 3640 ταῖς
2473 3577 2766 3640 τοσαύταις
2800 3577 3148 3648 μαρτυρίαις.
3190 3578 3300 3630 Καὶ
3333 3577 3450 3646 φῶς
3484 3576 3542 3629 δὲ
3571 3579 3678 3630 αὑ-

2084 3671 2175 3724 τὸν
2205 3666 2342 3724 εἶναι
2361 3670 2391 3722 6
2419 3669 2608 3742 Σωτὴρ
2635 3671 2896 3740 παρίστη,
2923 3669 3230 3740 συμφώνως
3260 3672 3375 3733 τοῖς
3407 3671 3537 3740 περὶ
3577 3670 3678 3724 τοῦ

2085 3759 2264 3828 φωτὸς
2293 3758 2708 3829 προαποδοθεῖσι
2734 3799 2748 3823 ,
2774 3758 2947 3826 λέγων
2967 3797 2982 3823 ,
3001 3758 3146 3827 Ἐγώ
3174 3761 3292 3828 εἰμι
3323 3758 3390 3811 τὸ
3418 3759 3547 3828 φῶς
3563 3760 3680 3814 τοῦ

2086 3852 2338 3920 κόσμου.
2361 3850 2470 3904 Καὶ
2483 3849 2667 3904 πάλιν·
2686 3848 2826 3920 Ἐγώ
2843 3852 2958 3920 ειμι
2976 3849 3041 3903 τὸ
3059 3848 3203 3920 φῶς,
3222 3851 3320 3904 καὶ
3338 3851 3378 3919 ἡ
3394 3850 3678 3918 ἀλήθεια,

2087 3944 2185 3996 καὶ
2207 3945 2244 4012 ἠ
2264 3941 2397 4012 ζωή.
2419 3943 2527 3997 Καὶ
2553 3938 2708 4005 αὖθις
2725 3957 2740 3971 '
2761 3943 2882 3996 Ὅτι
2901 3941 2970 3995 τὸ
2987 3941 3116 4012 φῶς
3136 3942 3438 4009 ἐλήλυθεν
3460 3945 3550 4010 είς
3566 3944 3682 3997 τὸν

2088 4033 2337 4102 κόσμον,
2381 4032 2480 4086 καὶ
2519 4033 2848 4102 ἠγάπησαν
2891 4035 2948 4086 οἱ
2987 4032 3284 4100 ἄνθρωποι
3311 4031 3561 4103 μᾶλλον
3607 4035 3682 4088 τὸ

2089 4122 2311 4188 σκότος
2339 4123 2378 4190 ἣ
2404 4121 2471 4175 τὸ
2494 4122 2638 4190 φῶς.
2672 4123 2781 4176 Καὶ¹
2813 4121 2868 4175 εῐ
2889 4123 2954 4192 γέ
2985 4139 3070 4186 τις
3096 4123 3302 4193 ἔροιτο,
3339 4123 3510 4176 πόθεν
3541 4123 3680 4194 ἐλή-

2091 4213 2270 4279 λυθεν,
2305 4215 2730 4286 ἀποκρινεῖταιὸ
2763 4215 2952 4281 εἰπὼν,
2997 4217 3051 4269 Ὁ
3083 4217 3302 4272 ἄνωθεν
3318 4216 3682 4286 ἐρχόμενος,

2092 4307 2291 4361 ἐπάνω
2322 4306 2564 4362 πάντων
2581 4308 2781 4373 ἐστὶν,
2812 4311 2926 4374 καὶ,
2973 4310 3038 4363 '0
3063 4310 3132 4364 ἐκ
3160 4310 3266 4364 τοῦ
3283 4310 3549 4382 οἰφανοῦ
3583 4314 3681 4381 ἑρ-

411 4393 468 4440 et
496 4384 688 4442 Filius.
729 4385 778 4441 ls
803 4385 892 4439 illa
923 4387 1105 4441 omnia
1139 4402 1260 4458 quae
1283 4388 1434 4456 vidit,
1463 4400 1517 4444 et
1543 4389 1769 4457 audivit,
1795 4393 1983 4446 testiﬁ-

2085 4400 2358 4469 χόμενος,
2397 4400 2429 4454 ὃ
2462 4400 2683 4470 ἑώρακε
2714 4401 2815 4454 καὶ
2841 4401 3104 4471 ἤκουσε,
3128 4405 3438 4473 μαρτυρεῖ.
3486 4409 3589 4474 Τίς
3632 4411 3682 4462 δ’

413 4485 588 4534 catur.
620 4480 703 4533 An
732 4479 938 4533 audivit
960 4479 1073 4534 base
1096 4488 1150 4533 et
1184 4480 1487 4546 vidit,-cum
1521 4482 1573 4535 in
1615 4483 1775 4538 ter-ris
1802 4499 1984 4538 versa-

412 4569 610 4624 retur?
642 4569 778 4634 Non,
804 4570 898 4625 sed
931 4571 1099 4641 prius.
1138 4571 1209 4625 At
1243 4587 1488 4641 quamam
1527 4572 1615 4628 illa
1660 4585 1838 4642 erant,
1864 4591 1984 4646 qme

413 4669 470 4713 et
492 4661 644 4726 vidit,
671 4662 772 4717 nisi
803 4661 966 4718 Pater
993 4663 1016 4718 ?
1051 4663 1222 4730 Quem
1272 4663 1360 4718 ille
1391 4665 1617 4732 audivit,
1658 4676 1855 4735 praeter
1883 4667 1986 4721 Pa-

415 4751 588 4804 trem?
617 4753 766 4809 Adeo
788 4764 968 4810 autem
991 4757 1344 4827 semetipsum
1369 4755 1607 4811 Verbum
1643 4772 1986 4828 nequaquam

2084 4487 2152 4563 ἦν
2181 4493 2208 4544 ὁ
2239 4492 2528 4562 ἐρχόμενος
2551 4494 2616 4545 ἐκ
2633 4491 2729 4545 τοῦ
2751 4493 2980 4564 οὐρανοῦ
3004 4510 3019 4560 ;
3052 4495 3202 4566 Μήτι
3225 4513 3290 4566 γε
3334 4499 3368 4570 ἡ
3407 4499 3572 4572 σὰρξ,
3607 4503 3682 4574 ἣν

2085 4584 2372 4655 ἀνείληφεν
2395 4587 2424 4636 ὁ
2453 4584 2684 4655 Σωτήρ;
2717 4584 3004 4656 Οὐδαμῶς,
3041 4586 3160 4640 ἀλλ’
3194 4590 3360 4653 αὐτὸς
3399 4592 3680 4662 δηλονότι,

2082 4676 2144 4728 τὸ
2167 4676 2300 4745 φῶς,
2334 4676 2430 4730 καὶ
2457 4679 2485 4730 6
2520 4676 2692 4746 Λόγος
2713 4717 2728 4742 ,
2762 4679 2854 4731 καὶ
2883 4680 2911 4731 6
2940 4678 3073 4743 Θεὸς
3094 4719 3110 4744 ,
3138 4682 3233 4734 καὶ¹
3267 4684 3296 4735 6
3326 4685 3678 4760 Μονογενὴς,

2085 4767 2182 4822 καὶ
2215 4769 2243 4820 ὁ
2277 4769 2425 4834 Υἱὸς,
2446 4768 2609 4832 αὐτὸς
2641 4767 2715 4822 ὢν
2733 4771 2906 4824 ταῦτα
2943 4771 3138 4827 πάντα.
3189 4775 3258 4826 Ἀ
3301 4773 3522 4845 ἑώρακε
3563 4781 3682 4833 τοί-

414 4841 831 4913 signiﬁcativum
855 4863 976 4904 esse
999 4849 1277 4920 professus
1308 4857 1412 4916 est,
1448 4855 1506 4914 ἧς
1532 4851 1626 4904 sed
1641 4848 1836 4906 Filium
1861 4867 1983 4908 vere

2085 4877 2179 4915 νυν
2209 4852 2362 4923 οὗτος
2385 4860 2479 4914 καὶ
2503 4860 2540 4915 ἀ
2562 4861 2786 4932 ἤκουσε,
2825 4862 2987 4934 φησὶ,
3021 4867 3307 4936 μαρτυρεῖ.
3339 4841 3557 4924 Οῦκοῦν
3581 4873 3682 4924 καὶ

415 4935 596 4990 vivum
653 4950 709 4992 et
754 4940 1138 4999 subsistentem
1164 4986 1179 5012 ,
1215 4955 1273 5001 ut
1317 4946 1391 5001 ita
1428 4945 1592 5000 fuerit
1635 4945 1981 5016 prolocutus,

415 5026 579 5082 Pater
595 5029 764 5101 diligit
795 5029 1016 5100 Filium,
1033 5044 1083 5088 et
1113 5038 1290 5091 omnia
1314 5037 1530 5091 tradidit
1553 5037 1610 5090 in
1634 5053 1795 5092 manu
1823 5042 1935 5108 ejus
1960 5057 1974 5094 :

414 5119 504 5187 qui
533 5121 694 5174 credit
729 5123 783 5174 in
815 5120 1040 5190 Filium,
1069 5128 1225 5180 vitam
1259 5129 1414 5183 habet
1452 5137 1706 5184 teternam
1745 5130 1816 5182 ”.
1843 5131 1980 5186 Cre-

2083 4948 2232 5021 ἐώρα
2257 4951 2352 5003 καὶ
2371 4950 2571 5020 ἢκουσε
2611 4951 2740 5020 πρὶν
2783 4953 2876 5004 ἐπὶ
2904 4951 3008 5023 γῆς
3048 4953 3239 5006 ἐλθεῖν.
3269 4953 3405 5009 Τίνα
3429 4956 3490 5010 δὲ
3521 4957 3680 5030 ἑώρα

2088 5040 2199 5113 (96)
2233 5043 2266 5114 ἢ
2300 5043 2393 5096 τὸν
2423 5042 2674 5114 Πατέρα;
2702 5040 2859 5107 Τίνος
2885 5043 2942 5096 δὲ
2969 5045 3200 5116 ἤκουσεν
3233 5045 3269 5117 ἦ
3293 5045 3390 5099 τοῦ
3415 5049 3677 5122 Πατρὸςς

2087 5133 2230 5189 οὕτω
2271 5135 2330 5189 δὲ
2365 5134 2560 5189 ἑαυτὸν
2579 5174 2596 5201 ,
2631 5134 2692 5188 ού
2731 5134 2904 5207 Λόγον
2944 5138 3276 5210 σημαντικὸν
3295 5177 3312 5206 ,
3355 5139 3498 5196 ἀλλά
3543 5141 3679 5197 Υἱὸν

489 5273 914 5369 Euximi-.2
944 5291 1064 5369 Pi“:
1092 5276 1194 5369 33-
1266 5279 1605 5369 1'.’.?‘!'.'-!,!!'
1637 5281 1729 5369 ιῖε
1762 5283 1983 5369 lbi!

2085 5287 2157 5369 ΞΖ-
2181 5289 2250 5369 _f°_
2278 5290 2447 5369 _Joa_n.
2473 5297 2764 5369 554-36.
2837 5300 2886 5336 "
2913 5299 3068 5359 Joan.
3108 5315 3224 5369 vin,
3257 5300 3349 5360 12.
3428 5301 3479 5336 ⁹¹
3506 5300 3672 5361 Joau.

414 5356 506 5398 ut
557 5342 610 5399 6.
690 5344 736 5377 "
783 5342 958 5401 Joanl
982 5342 1064 5419 ιιῖ,
1088 5349 1178 5408 19.

489 5540 798 5632 (3339130
829 5559 941 5600 om.
970 5547 1132 5615 αὐτός
1155 5567 1170 5620 ;
1197 5566 1318 5609 mox
1361 5550 1519 5628 vulgb
1577 5557 1893 5632 ἀπεστάλθη
1919 5569 1975 5618 et

403 5610 446 5663 Θ
461 5610 552 5662 τοῦ
580 5610 742 5676 ’Υἱόςζ

488 5681 598 5752 (94)
632 5681 737 5753 Mp.
767 5682 839 5738 ῐσ.
865 5685 1037 5758 λόγον.

1277 5351 1324 5383 οι
1357 5345 1609 5409 unum.
1684 5351 1898 5410 “Ibid.
1946 5355 2035 5414 σε.
2111 5345 2580 5433 "Ibid—.3536.

2155 5565 2266 5641 οξ)
2293 5567 2400 5641 np.
2427 5587 2498 5625 ισ.
2535 5571 2717 5641 φύσει.

2153 5636 2264 5708 (96)
2293 5636 2462 5714 vulgo
2487 5636 2600 5698 udi.
