3838 6222
218 286 326 341 875

1152 279 1250 334 oDE
1288 278 1822 335 ECCLESIASTLCA
1859 279 2251 353 THEOLOGIA
2288 279 2415 335 LIB.
2458 278 2502 334 l.

3342 283 3445 340 874

217 396 435 471 ἀληθῶς
487 393 668 458 ζῶντα
730 394 823 447 καὶ
878 390 1165 461 ὑφεστῶτα
1224 390 1527 455 ἐδίδασκεν,
1570 389 1644 454 ὡς
1704 390 1783 443 λέ-

1893 390 2068 444 dimus
2096 389 2297 456 itaque,
2322 389 2463 458 quod
2511 386 2706 443 Filium
2756 404 2913 444 suum
2945 389 3088 446 Deus
3120 406 3238 446 cum
3263 392 3450 465 dilige-

218 512 335 562 γειν
356 534 371 555 ,
405 490 469 545 Ὅ
490 491 691 559 Πατὴρ
728 485 931 558 ἀγαπᾷ
957 486 1063 540 τὸν
1110 485 1245 541 Υἱόν
1273 485 1373 539 καὶ
1402 484 1595 538 πάντα
1615 484 1791 539 δέδω-

220 602 326 639 κεν
354 580 431 636 ἐν
471 581 546 652 τῇ
579 582 731 651 χειρί
782 581 998 635 αὐτοῦ·
1032 582 1065 633 ὀ
1114 578 1411 632 πιστεύων
1437 576 1549 647 (97)
1576 578 1661 641 είς
1684 576 1790 629 τὸν

231 678 373 730 Υἱὸν
405 674 528 743 ἔχει
562 671 713 742 ζωὴν
754 672 1013 727 αἰώνιον.
1067 670 1416 740 Πιστεύωμεν
1453 669 1663 734 τοίνυν,
1707 669 1788 721 ὅτι

220 769 313 822 τὸν
335 768 461 821 Υίὸν
490 765 718 835 ἀγαπῶν
740 764 973 835 ὁΠατὴρ
1005 762 1179 817 πάντα
1198 761 1423 814 δέδωκεν
1456 762 1514 813 ὲν
1550 764 1616 832 τῇ
1644 761 1789 832 χειρὶ

220 860 405 913 αὑτοῦ.
454 857 755 929 Ἐπιμελῶς
781 856 837 910 δὲ
866 854 1193 927 προσεκτέον
1224 851 1303 924 τῷ
1323 852 1519 906 πάντα
1547 852 1648 922 τῆς
1680 853 1788 907 τῶν

222 952 493 1024 γεννητῶν
534 950 815 1022 ὑπάρξεως
842 948 1097 1002 ἁπάντων
1122 944 1501 1018 πενριληπτικῷ
1539 945 1653 997 δντι
1678 984 1691 1008 ,
1719 946 1785 998 δι’

215 1039 280 1099 οὗ
312 1045 374 1099 τὸ
409 1044 633 1116 μέγεθος
660 1044 759 1113 τῆς
778 1041 872 1095 τοῦ
898 1040 1028 1094 Υἱοῦ
1061 1040 1157 1094 τοῦ
1185 1037 1320 1092 Θεοῦ
1353 1037 1652 1108 δυνάμεως,
1689 1036 1785 1089 ἴδοι

216 1136 284 1190 ἄν
311 1153 414 1199 τις,
449 1136 706 1205 ἐννοήσας
729 1134 830 1204 ὅσῃ
864 1133 957 1185 καὶ
989 1131 1151 1203 ὁποίᾳ
1188 1130 1332 1200 χειρὶ
1372 1130 1520 1201 παρὰ
1550 1128 1643 1182 τοῦ
1676 1131 1788 1182 Πα-

214 1229 343 1299 τρὸς
374 1227 693 1281 ὑπεδέδεκτο
726 1225 825 1297 τὴν
872 1224 977 1277 τῶν
1026 1223 1194 1277 ὅντων
1233 1222 1486 1276 ἁπάντων
1532 1221 1782 1293 ὓπαρξιν.

214 1320 280 1372 Ei
308 1319 416 1387 γὰρ
448 1316 511 1388 δὴ
541 1316 709 1385 μέγας
738 1315 767 1367 6
812 1314 1033 1383 σύμπας
1075 1310 1302 1381 οὐρανός
1338 1328 1397 1363 τε
1438 1310 1530 1364 καὶ
1562 1310 1782 1380 κόσμος,

214 1411 311 1463 καὶ
352 1409 556 1461 τούτων
599 1406 679 1459 ἔτι
748 1403 945 1476 μακρῷ
998 1401 1281 1473 κρείττονα
1328 1402 1421 1455 καὶ
1468 1401 1786 1472 διαφέροντα

210 1499 469 1567 τυγχάνει
512 1496 582 1550 τὰ
629 1496 882 1548 ἐπέκεινα
904 1494 1010 1547 τῶν
1052 1491 1345 1563 ὁρωμένων
1387 1494 1445 1545 ἐν
1478 1492 1786 1562 ἀσωμάτοις

213 1591 310 1644 καὶ
340 1590 655 1658 ἁφθάρτοις,
682 1588 893 1658 νοεραῖς
915 1602 974 1638 τε
998 1585 1094 1639 καὶ
1126 1585 1300 1647 θείαις
1334 1582 1615 1652 ὑφεστῶτα
1637 1583 1787 1636 δυνά-

1860 486 1867 495 '
1896 491 1976 534 ret
2005 480 2184 544 Pater,
2211 480 2394 535 omnia
2422 479 2525 549 ipsi
2571 479 2624 534 in
2654 495 2845 535 manus
2878 481 3119 536 tradidit.
3159 484 3451 540 Attende."-

1890 571 2014 625 dum
2052 582 2135 627 est
2177 585 2340 641 porro
2382 571 2571 626 sedulo
2610 571 2676 626 ad
2709 572 2860 637 illud,
2897 574 3096 638 omnia,
3133 585 3316 643 utpote
3341 592 3452 649 quo

1892 676 2070 716 rerum
2100 663 2339 717 omnium
2374 663 2737 719 subsistentia:
2770 655 3294 736 comprehendantur
3320 686 3465 724 που-.

1890 753 1955 808 de
1997 762 2054 808 et
2093 753 2278 809 videre
2315 754 2584 823 quispiam
2641 766 2824 825 posset
2875 758 3296 827 magnitudinem
3344 777 3443 831 po-

1891 844 2071 898 tentia:
2101 843 2224 899 Filii
2267 845 2394 913 Dei;
2422 846 2548 900 dum
2586 848 2869 917 recogitet,
2910 860 3167 919 quantam
3209 852 3451 922 qualem-

1888 951 1992 1003 que
2014 935 2067 990 in
2110 952 2327 992 manum
2392 939 2589 994 tradita
2635 941 2705 994 sit
2741 958 2769 995 a
2814 940 2978 999 Patre
3015 958 3195 999 rerum
3234 947 3452 1002 univer-

1887 1041 2066 1080 sarum
2098 1028 2463 1083 subsistentia.
2499 1029 2556 1084 Si
2603 1047 2852 1102 magnum
2909 1034 2981 1089 sit
3024 1035 3220 1091 ccelum
3262 1047 3316 1093 et
3349 1038 3450 1094 hoc

1888 1116 2217 1183 universum,
2242 1130 2388 1176 certe
2420 1136 2537 1189 quae
2564 1136 2723 1190 supra
2753 1131 2878 1177 sunt
2902 1124 3002 1179 ista
3023 1126 3196 1181 oculis
3224 1142 3451 1197 usurpa-

1890 1216 1960 1273 ta,
1988 1208 2039 1262 in
2069 1212 2427 1279 potestatibus
2449 1213 2797 1268 subsistentia
2825 1215 3179 1287 incorporeis,
3206 1221 3450 1273 incorru-

1887 1302 2187 1370 ptibilibus,
2222 1303 2646 1375 intelligibilibus
2673 1316 2728 1361 et
2766 1308 2986 1374 divinis,
3025 1309 3193 1365 multo
3230 1313 3446 1381 quidem

1887 1394 2035 1447 hisce
2082 1404 2207 1450 sunt
2233 1395 2540 1466 majora,et
2570 1399 2638 1452 ab
2686 1400 2804 1455 istis
2848 1402 3006 1472 longe
3048 1402 3448 1473 discrepantia:

1884 1500 2055 1555 eaque
2084 1488 2151 1541 ab
2181 1487 2299 1542 istis
2325 1489 2600 1558 universa,
2628 1508 2747 1561 quae
2779 1508 2901 1549 cum
2929 1503 3145 1564 captum
3173 1505 3452 1552 transcen-

1885 1576 2015 1631 dant
2065 1587 2324 1643 nostrum,
2359 1590 2597 1636 nostram
2632 1597 2849 1653 quoque
2899 1584 3452 1656 refugiuntcoguitio-

217 1698 365 1752 μεσι,
410 1680 586 1733 πάντα
628 1696 688 1731 τε
734 1679 834 1732 ὅσα
880 1677 973 1731 τὸν
1020 1677 1288 1749 ἡμέτερον
1348 1675 1783 1747 διαδιδράσκοντα

1888 1682 2031 1722 nem.
2059 1668 2161 1724 lsta
2207 1672 2384 1726 omnia
2415 1682 2471 1727 et
2516 1673 2721 1744 singula
2761 1690 2882 1729 cum
2932 1679 3090 1732 unica
3124 1678 3213 1732 illa
3259 1693 3454 1737 manu

211 1769 360 1834 νοῦν,
385 1770 484 1839 τὴν
510 1769 782 1839 ἡμετέραν
823 1768 1022 1836 γνῶσιν
1056 1766 1306 1821 λανθάνει
1326 1782 1340 1796 ⁸
1371 1765 1576 1820 τούτων
1615 1767 1783 1820 ἁπάν-

1889 1759 2008 1814 Filii
2045 1759 2139 1815 Dei
2183 1762 2443 1833 unigeniti
2486 1733 2873 1834 apprehendat,
2907 1770 3163 1837 potentiae
3199 1785 3309 1825 suae
3340 1774 3451 1825 vir--

211 1879 321 1914 των
363 1861 461 1931 μία
489 1859 583 1913 τοῦ
611 1858 947 1926 Μονογενοῦς
989 1858 1117 1911 Υίοῦ
1156 1856 1250 1910 τοῦ
1299 1857 1432 1911 Θεοῦ
1470 1858 1591 1928 χεὶρ
1628 1875 1783 1929 περι-

211 1951 567 2023 δραττομένη,
599 1950 696 2020 τῆς
724 1949 1183 2020 άπειρομεγέθους
1204 1948 1365 2001 αὑτοῦ
1386 1948 1669 2020 δυνάμεως
1690 1951 1786 2021 τὴν

210 2044 414 2116 ἀρετὴν
447 2043 815 2097 ἐπιδείκνυται
853 2041 983 2112 (98).
1022 2042 1086 2095 '0
1110 2040 1173 2114 δὴ
1188 2042 1283 2095 καὶ
1317 2041 1383 2094 δι’
1408 2041 1600 2112 ἐτέρας
1628 2041 1787 2094 πάλιν

211 2138 378 2199 αὐτὸς
430 2138 459 2189 6
508 2136 636 2199 Υἱὸς
682 2136 919 2207 παρίστη
958 2134 1162 2205 φωνῆς,
1209 2132 1415 2201 λέγων,
1460 2132 1663 2186 Πάντα
1684 2150 1787 2202 μοι

205 2228 514 2297 παρεδόθη
550 2227 667 2283 ὑπὸ
719 2226 823 2280 τοῦ
879 2226 1110 2293 Πατρός
1151 2242 1292 2293 μου.
1342 2219 1476 2287 Εἶθ’,
1503 2223 1577 2286 ὡς
1632 2223 1787 2293 ἡμῶν

214 2318 563 2392 ἀπορούντων
584 2359 600 2383 ,
622 2319 707 2382 τίς
744 2318 863 2370 ποτ’
894 2312 983 2388 ἦν,
1015 2316 1109 2370 καὶ
1157 2317 1186 2368 6
1220 2314 1481 2387 πηλίκος,
1516 2316 1544 2366 6
1572 2312 1669 2384 τὴν
1700 2332 1787 2367 το-

213 2410 418 2482 σαύτην
435 2408 899 2481 παρακαταθήκην
915 2406 1355 2477 ὑποδεδεγμένος,
1377 2405 1473 2473 Μὴ
1490 2404 1662 2473 ζήτει,
1686 2423 1787 2475 φη-

214 2504 293 2567 ci,
305 2503 447 2573 μηδ’
482 2502 683 2571 ἐρώτα.
729 2501 804 2555 Οὐ
834 2500 942 2571 γὰρ
970 2499 1083 2569 ἔχει
1116 2498 1276 2567 φύσιν
1304 2497 1610 2570 ἀνθρώποις
1648 2515 1785 2566 γνω-

215 2595 496 2668 ρίζεσθαι,
539 2594 652 2647 ἀλλ’
694 2594 813 2647 οὑδὲ
855 2595 977 2655 ταῖς
1030 2592 1300 2663 κρείττοσι
1345 2591 1441 2644 καὶ
1491 2589 1787 2660 θειοτέραις

213 2688 507 2757 δυνάμεσιν
534 2687 566 2757 ἡ
595 2685 828 2757 ἀκριϐὴς
855 2684 948 2737 τοῦ
996 2683 1125 2737 Υίοῦ
1165 2683 1258 2736 τοῦ
1290 2681 1424 2735 Θεοῦ
1463 2682 1782 2753 κατάληψις.

211 2780 307 2833 Διὸ
353 2780 657 2851 προφήσας,
701 2775 903 2831 Πάντα
927 2793 1028 2843 μοι
1054 2774 1352 2843 παρεδόθη
1385 2773 1504 2827 ὑπὸ
1526 2773 1632 2827 τοῦ
1669 2776 1785 2827 Πα-

211 2872 354 2938 τρός
364 2887 503 2938 μου,
531 2869 776 2939 ἐπήγαγε
799 2884 812 2897 ’
862 2865 972 2920 Καὶ
1014 2864 1212 2929 οὐδεὶς
1262 2863 1370 2934 (99)
1411 2860 1783 2931 ἐπιγινώσκει

210 2962 323 3016 τὸν
349 2961 510 3025 Υιὸν,
524 2963 573 3014 εὶ
583 2959 669 3029 μὴ
687 2962 720 3012 ὁ
733 2956 951 3025 Πατήρ.
976 2954 1288 3023 Σεσιγάσθω
1302 2955 1479 3008 τοίνυν
1500 2955 1607 3017 πᾶς
1622 2954 1785 3024 ἀπόρ-

1889 1860 2078 1918 tutem,
2103 1866 2316 1907 omnem
2348 1856 2770 1924 magnitudinem
2790 1872 3150 1930 supergressae
3174 1861 3450 1930 patefacit.

1888 1940 2037 2008 Quod
2080 1943 2275 2012 ipsum,
2306 1952 2362 1998 et
2390 1961 2487 2012 per
2520 1946 2679 2001 aliam
2726 1962 2880 2002 suam
2912 1963 3099 2004 vocem
3129 1952 3334 2008 indicat
3362 1954 3453 2008 Fi-

1886 2031 2114 2087 lius-ubi
2163 2033 2431 2103 loquitur,
2475 2034 2664 2091 Omni’a
2688 2038 2812 2092 mihi
2840 2040 3034 2093 tradita
3061 2050 3184 2095 sunt
3224 2060 3257 2096 a
3294 2044 3452 2098 Patre

1888 2140 1998 2179 meo
2024 2126 2089 2177 ".
2112 2125 2311 2181 Deinde
2337 2142 2402 2182 ac
2430 2127 2474 2183 si
2508 2144 2605 2183 nos
2629 2130 2683 2184 in
2706 2130 2912 2188 incerto
2942 2133 3453 2207 btereremus,quis-

1888 2231 2010 2269 nam
2046 2216 2134 2270 ille
2173 2227 2338 2283 esset,
2371 2229 2425 2273 et
2467 2221 2665 2288 qualis,
2700 2223 2792 2293 qui
2824 2224 3126 2293 depositum
3171 2240 3452 2297 receperat

1886 2305 2226 2373 istiusmodi,
2283 2308 2501 2374 Nolito,
2576 2312 2690 2378 ait,
2767 2330 3001 2384 quaerere
3074 2332 3165 2370 nec
3225 2319 3452 2375 interro-

1884 2415 2009 2467 gare
2034 2401 2188 2470 quis?
2241 2399 2360 2456 Non
2412 2414 2497 2459 est
2537 2407 2681 2461 enim
2739 2408 2827 2462 ille
2866 2409 2990 2464 talis
3044 2412 3134 2481 qui
3171 2412 3239 2467 ab
3275 2416 3452 2471 homi-

1887 2492 2045 2546 nibus
2077 2493 2246 2560 possit
2270 2498 2657 2564 comprehendi
2687 2518 2699 2553 :
2733 2501 2841 2557 imo
2882 2519 2952 2560 ne
2975 2507 3188 2575 quidem
3211 2509 3452 2579 perfecte

1886 2580 2110 2651 intelligi
2143 2590 2322 2651 potest
2370 2583 2438 2637 ab
2470 2586 2663 2652 illisce,
2694 2604 2816 2658 quae
2849 2601 2977 2646 sunt
3016 2609 3272 2665 superne,
3298 2609 3451 2668 pote-

1889 2670 2120 2726 statibus
2156 2690 2171 2739 ;
2202 2688 2323 2728 cum
2373 2674 2444 2728 sit
2481 2674 2653 2731 Filius
2698 2677 2815 2733 Dei.
2863 2680 3129 2748 Quocirca
3170 2696 3451 2758 postquam

1885 2763 2291 2826 enuntiaverat,
2328 2763 2523 2819 Omnia
2555 2767 2686 2820 mihi
2733 2769 2861 2824 data
2902 2785 3022 2827 sunt
3054 2792 3087 2829 a
3112 2773 3277 2831 Patre
3315 2794 3451 2844 meo,

1885 2848 2104 2908 intulit:
2137 2852 2203 2908 Et
2248 2871 2399 2909 nemo
2442 2858 2581 2910 novit
2625 2857 2848 2928 Filium,
2881 2866 2983 2918 nisi
3028 2864 3279 2922 Pater”.
3310 2868 3455 2936 Quo-

1885 2944 2029 2999 circa
2069 2946 2287 3001 silentio
2327 2948 2632 3004 involvatur
2664 2954 2841 3009 omnis
2872 2955 2938 3009 de
2967 2955 3105 3011 Filio
3136 2959 3229 3014 Dei
3270 2976 3453 3015 sermo

213 3056 379 3124 ρητος
418 3052 544 3122 περὶ
582 3050 675 3104 τοῦ
714 3048 846 3103 Υἱοῦ
876 3047 971 3101 τοῦ
1007 3046 1141 3100 Θεοῦ
1166 3047 1335 3115 Λόγος
1354 3086 1369 3110 ,
1398 3047 1493 3099 καὶ
1529 3046 1675 3116 μόνῳ
1701 3045 1779 3117 τῷ

1887 3038 1973 3105 qui
1996 3047 2080 3091 est
2112 3038 2506 3105 inenarrabilis,
2537 3050 2591 3094 et
2622 3042 2722 3097 soli
2756 3044 2873 3115 ejus
2917 3044 3062 3102 Patri
3104 3052 3454 3105 commende-

210 3145 329 3197 Πατ
338 3143 389 3215 ρ).
404 3140 785 3213 παραδεδόσθω
800 3142 833 3210 ἡ
851 3141 947 3210 τῆς
977 3138 1036 3203 ἐξ
1063 3136 1226 3192 αὑτοῦ
1242 3138 1506 3205 γενέσεως
1524 3137 1687 3191 αὑτοῦ
1708 3138 1784 3209 (1)

211 3236 413 3304 γνῶσις
435 3274 449 3299 ,
488 3233 621 3304 μηδὲ
655 3233 963 3304 περαιτέρω
986 3249 1069 3294 τις
1091 3229 1267 3301 ζητῶν
1300 3230 1548 3301 χωρείτω
1572 3230 1785 3299 φύσεως

213 3327 346 3398 πέρι
362 3326 455 3379 καὶ
470 3326 655 3389 οὐσίας
672 3325 1001 3395 ἀπορρήτου.
1026 3322 1176 3393 Μόνη
1199 3321 1255 3374 δὲ
1273 3322 1452 3392 ἡμῖνὴ
1474 3322 1636 3375 αὑτοῦ
1658 3340 1723 3375 πε
1732 3324 1785 3392 pi.

211 3416 384 3471 αὑτοῦ
409 3416 723 3471 διδασκαλία
752 3418 817 3486 τῇ
847 3414 946 3483 τῆς
968 3414 1202 3476 πίστεως
1223 3411 1553 3481 βεδαιούσθω
1577 3412 1779 3483 χάριτι,

210 3507 403 3576 σαφῶς
427 3508 601 3561 πάντα
619 3505 764 3575 αὑτῷ
784 3504 888 3559 ὑπὸ
906 3502 997 3555 τοῦ
1014 3501 1223 3574 Πατρὸς
1246 3501 1637 3571 παραδεδόσθαι
1660 3521 1781 3555 παι-

207 3600 458 3653 δεύουσα.
494 3596 702 3652 Οὐκοῦν
739 3597 767 3647 ὁ
807 3596 903 3667 μὲν
917 3595 1045 3658 Θεὸς
1073 3593 1241 3646 ἐδίδου
1263 3594 1358 3646 καὶ
1374 3594 1659 3666 παρεδίδου
1685 3597 1779 3647 ἐπὶ

213 3689 497 3761 βελτιώσει
518 3688 613 3742 καὶ
638 3685 875 3756 ὠφελείᾳ
891 3725 905 3749 ,
929 3682 1015 3737 οἷα
1035 3683 1245 3755 Σωτῆρι
1268 3685 1363 3738 καὶ
1384 3684 1552 3755 ξατρῷ
1573 3685 1665 3737 καὶ⁸
1690 3703 1783 3737 κυ-

208 3782 447 3852 ϐερνήτῃ
492 3779 601 3833 τῶν
650 3778 784 3832 ὅλων
830 3778 929 3847 τὴν
967 3776 1266 3847 παράδοσιν
1289 3774 1635 3846 ποιούμενοςο
1677 3777 1781 3829 όδὲ

208 3872 343 3936 Υἱὸς
374 3871 664 3941 ἐλάμϐανε,
702 3869 796 3924 καὶ
840 3864 929 3922 οἷα
966 3867 1154 3929 πιστὸς
1188 3865 1651 3937 παραθηκοφύλαξ
1682 3868 1781 3935 τὴν

207 3966 358 4020 δόσιν
375 3964 626 4034 ὑπείχετο
649 3962 749 4030 (2),
771 3962 869 4032 οὑχ
887 3960 961 4024 ὡς
979 3960 1148 4031 Λόγος
1174 3958 1425 4022 ἁνούσιος
1452 3959 1543 4011 καὶ
1574 3959 1777 4011 ἀνυπό-

210 4074 428 4121 στατος,
448 4057 563 4111 ἀλλ’
594 4057 670 4119 ὡς
702 4053 917 4126 άληθῶς
934 4054 1060 4118 Υἱὸς
1092 4051 1168 4106 ὢν
1193 4051 1500 4122 Μονογενὴς
1527 4050 1620 4103 καὶ
1642 4052 1780 4119 ἀγα-

206 4149 385 4222 πητὸς
416 4146 512 4202 τοῦ
541 4146 779 4219 Πατρός.

1886 3135 1975 3181 tur
2014 3127 2159 3183 illius
2203 3130 2268 3185 de
2309 3130 2489 3200 seipso
2524 3136 2892 3201 generationis
2923 3140 3113 3196 modus
3160 3149 3216 3196 et
3258 3143 3454 3197 intelli-

1885 3218 2066 3287 gentia
2103 3235 2120 3271 :
2156 3233 2254 3275 nec
2282 3221 2635 3290 disquirendo
2663 3226 2930 3295 quispiam
2961 3232 3338 3302 progrediatur
3374 3234 3454 3286 ul-

1887 3309 2084 3376 terius,
2118 3311 2171 3364 in
2215 3321 2409 3366 natura
2442 3322 2497 3367 et
2526 3316 2829 3372 substantia
2869 3320 3236 3377 inenarrabili.
3282 3324 3455 3393 lpsius

1884 3409 2065 3454 autem
2098 3402 2163 3456 de
2215 3402 2392 3472 seipso
2425 3403 2671 3460 doctrina
2718 3407 3057 3464 solummodo
3094 3427 3189 3481 per
3224 3416 3451 3483 gratiam

1884 3507 2005 3561 qua:
2031 3509 2097 3548 ex
2128 3494 2239 3550 ﬁde
2261 3506 2345 3552 est
2368 3499 2646 3568 obsignata
2691 3510 2907 3556 maneat
2937 3518 3094 3571 :qua:
3125 3507 3307 3559 omnia
3332 3508 3455 3576 qui-

1885 3585 2004 3638 dem
2046 3585 2144 3654 ipsi
2185 3588 2382 3644 tradita
2431 3606 2460 3643 a
2512 3590 2674 3645 Patre
2711 3605 2812 3647 suo
2846 3591 3131 3647 manifeste
3164 3594 3454 3650 admodum.

1885 3692 1983 3732 nos
2014 3679 2188 3734 docet.
2219 3680 2376 3736 Dedit
2416 3698 2546 3752 ergo
2572 3682 2714 3738 Deus
2747 3692 2910 3752 atque
2940 3686 3161 3740 tradidit
3192 3687 3455 3754 illi',banc

1886 3770 2231 3827 traditionem
2284 3788 2459 3841 suam,
2490 3775 2557 3829 ad
2597 3776 3029 3831 emendationem
3055 3787 3109 3831 et
3149 3780 3451 3847 profectum

1886 3862 2279 3931 universitatis,
2304 3874 2561 3936 tanquam
2598 3867 2899 3933 Servatori,
2926 3868 3156 3932 medico,
3183 3870 3456 3939 guberna-

1888 3957 1987 4011 tori
2010 3958 2274 4013 omnium.
2310 3966 2368 4024 »Β
2400 3960 2570 4016 Filius
2591 3975 2657 4016 ea
2688 3961 2915 4032 recepit,
2939 3970 2994 4017 et
3024 3973 3280 4034 tanquam
3316 3964 3456 4018 fidus

1885 4049 2153 4120 quiSpiam
2176 4050 2405 4122 depositi
2431 4064 2613 4110 custos
2634 4054 2847 4124 {donum
2892 4052 3020 4111 illud
3053 4058 3192 4128 apud
3223 4072 3282 4113 se
3314 4058 3456 4111 deti-

1883 4143 2032 4211 nuit,
2074 4159 2179 4199 non
2228 4154 2287 4200 ut
2307 4130 2545 4202 'Verbum
2608 4148 2970 4205 insubsistens
3023 4157 3082 4204 et
3144 4150 3449 4205 substantia

206 4256 423 4307 carens,
452 4239 546 4295 sed
581 4248 832 4307 tanquam
861 4237 928 4301 is,
988 4235 1079 4305 qui
1105 4249 1232 4291 vere
1251 4249 1374 4291 cum
1423 4235 1496 4290 sit
1528 4233 1698 4288 Filius
1720 4272 1734 4298 ,
1766 4233 2073 4304 unigenitus
2111 4246 2167 4291 et
2209 4237 2435 4295 dilectus
2472 4239 2642 4305 Patri,
2682 4240 2749 4294 ad
2782 4241 2924 4310 hac,
2956 4242 3302 4311 semetipsum
3340 4243 3454 4312 ipse

206 4333 508 4389 nominavit
533 4345 724 4403 panem
749 4330 891 4393 vitae,
916 4329 1163 4399 inquiens
1194 4344 1210 4382 :

281 4428 350 4491 ζ’.
385 4428 507 4481 ’Ἔτι
552 4426 687 4499 πρὸς
726 4424 934 4488 τούτοις
966 4425 1060 4477 καὶ
1101 4424 1263 4494 ἄρτον
1308 4421 1405 4492 τῆς
1447 4411 1589 4491 ζωῆς
1622 4419 1780 4483 αὑτὸς

1955 4422 2008 4475 7.
2048 4423 2162 4494 Ego
2190 4442 2305 4478 sum
2329 4428 2479 4494 panis
2516 4428 2654 4481 vim.
2693 4427 2806 4497 Ego
2832 4445 2946 4482 sum
2975 4430 3123 4491 panis
3169 4429 3256 4483 ille
3286 4431 3451 4484 vivus»

208 4519 404 4575 ἑαυτὸν
421 4517 689 4589 ὠνόμαζε,
709 4516 882 4585 λέγων
901 4532 914 4545 ·
951 4513 1091 4584 Ἐγώ
1105 4516 1221 4583 ειμι
1236 4516 1268 4568 ό
1284 4510 1460 4582 ἄρτος
1477 4510 1587 4580 τῆς
1605 4510 1772 4579 ζωῆς.

218 4610 365 4682 Ἐ’τώ
393 4614 513 4681 ειμι
543 4613 577 4664 ό
604 4609 780 4678 ἄρτος
811 4611 845 4663 ὁ
870 4606 999 4675 ζῶν,
1030 4610 1063 4661 ό
1093 4606 1162 4660 ἐκ
1187 4604 1294 4659 τοῦ
1318 4603 1577 4673 οὐρανοῦ
1603 4619 1779 4657 κατα-

207 4700 337 4768 ϐάς.
388 4700 500 4753 Καὶ
552 4699 701 4761 ὅπως
749 4697 962 4769 ὑπῆρχε
1012 4693 1140 4760 ζῶν,
1183 4694 1425 4762 διεσάφει
1473 4691 1776 4764 τρανότατα

204 4791 500 4864 διαρθρῶν,
529 4794 587 4846 ὲν
617 4785 698 4854 οἷς
730 4806 882 4860 φησι,
915 4786 1120 4854 Καθὼς
1150 4784 1468 4841 ἀπέστειλέ
1493 4801 1570 4854 με
1610 4786 1642 4837 ό
1670 4782 1780 4845 ζῶν

204 4882 433 4953 Πατὴρ,
472 4881 636 4951 κάγὼ
664 4879 737 4943 (in
771 4879 869 4935 διὰ
891 4880 997 4933 τὸν
1027 4877 1274 4946 Πατέρα.
1310 4876 1419 4932 Καὶ
1457 4876 1520 4930 '0
1550 4874 1782 4943 τρώγων

195 4994 300 5046 με,
327 4974 601 5040 κάκεῖνος
628 4971 793 5038 ζήσει
824 4970 897 5024 δι’
924 4969 1046 5039 ἐμέ.
1080 4967 1250 5022 Τοῦτο
1280 4967 1334 5020 δὲ
1361 4966 1454 5020 καὶ
1485 4968 1544 5019 ὲν
1576 4966 1782 5036 ἑτέροις

202 5066 446 5131 ἐδίδαξεν
477 5064 647 5119 είπών
665 5081 678 5094 ·
716 5065 940 5130 Ὥσπερ
969 5061 1078 5130 γὰρ
1102 5063 1135 5114 o'
1154 5059 1356 5126 Πατὴρ
1381 5057 1533 5126 ζωὴν
1559 5057 1681 5126 ἔχει
1712 5057 1783 5109 ἐν

201 5158 417 5224 ἐαυτῷ,
450 5156 736 5212 οὕτωκαὶ
785 5154 865 5220 τῷ
914 5153 1027 5217 Υὶῷ
1057 5152 1135 5222 (5)
1164 5152 1385 5205 ἔδωκεν
1427 5150 1592 5221 ἔχειν
1628 5149 1780 5216 ζωὴν

282 5302 344 5361 ἧς
382 5295 476 5350 Ed.
498 5292 671 5349 Paris.
697 5307 817 5361 pag.
851 5289 1040 5353 88,89.

1882 4516 1973 4584 qui
2013 4516 2078 4570 de
2102 4518 2227 4571 emta
2266 4519 2508 4573 descendi
2534 4520 2599 4572 “.
2629 4519 2870 4585 Qualiter
2907 4529 3086 4574 autem
3130 4525 3285 4576 vivus
3310 4523 3453 4577 exsi-

1884 4607 2081 4671 stebat,
2110 4608 2447 4675 apertissime
2485 4607 2779 4663 declaravit
2831 4609 3103 4676 inquiens,
3139 4609 3266 4662 dum
3309 4612 3449 4665 allii-—

1887 4707 2017 4759 mat,
2045 4696 2495 4763 Quemadmodum
2534 4701 2676 4752 misit
2715 4717 2796 4752 me
2837 4700 3008 4755 vivens
3059 4698 3238 4764 Pater,
3282 4711 3331 4754 et
3359 4720 3452 4771 ego

1887 4788 1999 4840 vivo
2031 4804 2124 4856 per
2142 4786 2360 4843 Patrem
2386 4790 2455 4843 ⁹⁹.
2477 4790 2542 4844 Ει
2572 4808 2585 4843 :
2615 4790 2720 4855 Qui
2753 4808 2832 4845 me
2854 4792 3099 4860 comedit,
3132 4793 3221 4847 ille
3245 4807 3453 4862 propter

1886 4895 1967 4932 me
2018 4881 2143 4934 vivet
2170 4881 2206 4933 ⁸.
2252 4880 2365 4936 Hoc
2394 4881 2566 4951 ipsum
2597 4882 2725 4936 alibi
2779 4883 3019 4948 edocuit,
3058 4884 3348 4953 inquiens:
3384 4884 3452 4939 Et

1885 4972 2321 5036 quemadmodum
2370 4971 2535 5028 Pater
2567 4974 2726 5028 vitam
2772 4976 2923 5029 habet
2962 4977 3016 5029 in
3050 4978 3340 5041 semetipso,
3376 4980 3452 5031 ita

1887 5072 1936 5114 et
1963 5060 2108 5115 Filio
2140 5063 2289 5116 dedit
2335 5063 2523 5118 habere
2551 5066 2711 5118 vitam
2741 5067 2794 5119 in
2837 5068 3169 5135 semetipso’.
3204 5068 3332 5121 Erat
3352 5068 3452 5135 igi-

1888 5161 1976 5205 tur
2010 5154 2166 5221 panis
2204 5154 2329 5208 vitae
2365 5173 2378 5207 :
2420 5162 2476 5210 et
2514 5155 2569 5209 in
2615 5155 2756 5211 caelo
2804 5155 3149 5221 subsistebat,
3181 5156 3453 5226 angelieas

274 5352 541 5420 “Maus.
569 5379 647 5428 ιι,
674 5352 797 5417 2'1."
838 5361 883 5392 ’τ
909 5352 1038 5414 ibid.
1114 5357 1158 5390 ἐ
1181 5356 1334 5411 Joan.
1359 5371 1432 5420 Vl,
1459 5355 1668 5421 55,41.
1742 5358 1788 5389 ον
1815 5354 1945 5412 ibid.
1976 5353 2066 5408 τε.
2143 5353 2160 5385 ι
2197 5352 2327 5407 ibid.
2403 5352 2688 5417 ’Joau.v,
2724 5353 2812 5408 εδ.

275 5541 388 5613 (9T)
424 5541 599 5613 Vulgo
629 5539 955 5609 πιστεύομεν
1003 5546 1057 5593 et
1113 5538 1236 5591 dein
1280 5534 1565 5605 ὑπάρξεως
1599 5537 1771 5591 ἁπαν·

199 5632 322 5687 των,
343 5623 393 5687 ει
415 5615 757 5687 ἐψὲτο·
822 5681 835 5687 -
893 5680 904 5687 .
1018 5676 1042 5687 ..

276 5684 391 5750 (98)
421 5682 591 5749 Vulgo
614 5681 701 5734 ὅδε
727 5691 779 5733 et
810 5680 919 5732 ἀπὸ
951 5680 1044 5730 τοῦ
1072 5696 1128 5730 π.

278 5744 391 5825 (99)
416 5744 586 5821 Vulgo
610 5750 868 5818 γινώσκει
901 5761 955 5803 et
984 5763 1104 5801 mox
1130 5744 1523 5816 παραδιδόσθω.

533 5845 803 5906 Pyrum.
849 5843 967 5903 Gn.
1018 5842 1064 5904 Χ
1084 5840 1249 5901 XIV.

1949 5535 2027 5606 (ι)
2048 5534 2218 5606 V__u|go
2243 5549 2351 5587 om.
2372 5536 2537 5589 αὑτοῦ
2566 5546 2619 5589 et
2649 5552 2766 5589 mox
2796 5535 3197 5606 παραδίδοσθαι.

1949 5605 2026 5675 (‘2)
2063 5603 2231 5673 Vulgo
2265 5605 2439 5673 ὲπείχ.
2470 5617 2523 5659 et
2570 5622 2687 5660 mox
2720 5603 2885 5676 ἄρτον
2913 5608 3009 5676 τῆς
3058 5608 3107 5670 ζ.
3138 5620 3194 5664 ct
3239 5608 3450 5679 τρανώ·

1879 5693 2038 5729 τατα.

1954 5745 2028 5817 (5)
2065 5744 2231 5815 Vulgo
2252 5745 2503 5799 δέδωκεν.

3055 5840 3134 5899 28
