3838 6222
154 367 259 421 877

1098 371 1185 426 DE
1220 372 1759 430 ECCLESIASTICA
1798 373 2189 430 TllEOLOClA
2226 375 2354 431 LIB.
2392 377 2431 431 Ι.

3278 383 3380 438 872

152 480 199 533 δ’
229 482 287 534 ἐν
325 484 391 552 τῇ
428 484 599 554 σαρκὶ.
627 482 715 556 ἦν,
750 488 837 541 ὅτε
872 488 1042 542 ταῦτα
1081 488 1296 557 ἔλεγεν;
1323 484 1470 562 Ἀρά
1502 508 1565 559 γε
1598 489 1719 553 ζῶν,

1832 491 2107 558 parabilis,
2152 492 2371 547 missum
2421 490 2619 547 fatetur
2676 496 3024 564 semetipsum
3060 498 3386 563 lQuonmdo

152 571 250 623 καὶ
285 571 549 639 ὑφεστὼς,
583 577 677 629 καὶ
712 577 804 630 τοῦ
836 578 1047 651 Πατρός
1093 580 1351 650 ὑπάρχων
1386 582 1572 645 meq;
1618 583 1726 636 Καὶ

151 660 238 724 τίς
265 657 332 731 ἦν
363 663 391 713 6
422 663 611 736 Πατὴρ
655 666 791 732 τότε,
828 669 901 739 μὴ
943 670 1034 722 τὸν
1064 671 1259 724 οἰκεῖον
1299 672 1630 742 κεκτημένος
1668 673 1727 725 ἐν

147 751 333 823 ἑαυτῷ
363 755 554 824 Λόγον,
585 758 698 811 ἀλλ’
734 760 977 829 ὑφεστὼς
1005 763 1132 817 ἄνευ
1174 763 1377 831 Λόγου;
1422 764 1646 817 ὲνοικῶν
1670 764 1727 818 δὲ

151 850 213 901 ὲν
242 851 308 919 τῇ
356 852 517 922 σαρκί⁵
557 856 586 906 ό
625 855 815 923 Λόγος,
847 856 922 908 ὅτ’
952 858 1045 910 aut
1086 857 1190 928 γῆς
1230 859 1466 913 ἐποιεῖτο
1486 860 1584 923 τὰς
1614 860 1725 913 δια-

148 942 365 1013 τριϐὰς,
386 944 435 996 εἰ
459 944 557 1015 μὲν
580 945 673 998 τοῦ
695 946 1080 1018 Πατρὸςγὲκτὸς
1098 945 1185 1019 ἦν,
1205 949 1312 1014 ζῶν
1339 951 1431 1004 καὶ
1456 951 1723 1021 ὑφεστὼς,

150 1034 247 1085 καὶ
285 1034 383 1104 τὴν
430 1034 608 1106 σάρκα
648 1035 813 1090 κινῶν
860 1037 1036 1108 ψυχῆς
1084 1038 1259 1111 δίκην,
1292 1040 1476 1109 ἔτερος
1524 1042 1723 1114 δηλαδὴ

150 1125 302 1198 παρὰ
330 1126 419 1181 τὸν
448 1128 685 1203 Πατέρα,
726 1131 819 1185 καὶ
855 1129 948 1185 δύο
977 1130 1139 1185 πάλιν
1180 1132 1525 1197 ὑποστάσεις,
1562 1133 1725 1197 αὑτός

146 1234 212 1270 τε
239 1218 329 1271 καὶ
357 1219 386 1269 6
408 1219 626 1290 Πατὴρ,
658 1221 924 1293 ὑπῆρχον.
952 1222 1188 1286 Μάταιός
1211 1240 1268 1277 τε
1296 1225 1401 1286 πᾶς
1422 1226 1450 1277 6
1468 1225 1722 1295 Μαρκέλ-

146 1306 244 1361 λου
296 1308 610 1380 πεφώραται
668 1311 859 1376 πόνος,
906 1312 1136 1384 οὑσιώδη
1177 1314 1350 1382 Λόγον
1399 1314 1577 1379 ζῶντα
1628 1316 1724 1369 καὶ

148 1400 463 1468 ὑφεστῶτα,
502 1402 590 1457 τὸν
625 1404 683 1455 ἐν
698 1405 777 1473 τῇε
792 1406 949 1479 σαρκὶ
984 1407 1271 1474 γενόμενον
1293 1406 1625 1477 ὁριζομένου.
1660 1408 1723 1460 El

62 1556 77 1562 ι
142 1491 192 1544 δ’
214 1493 369 1556 ἐκτὸς
412 1494 620 1566 ὑπῆρχε
662 1496 756 1553 τοῦ
791 1497 925 1553 Θεοῦ
969 1498 1047 1569 (9)
1069 1502 1097 1553 6
1135 1501 1193 1553 ὲν
1229 1498 1308 1569 τῷ
1338 1499 1550 1570 σώματι
1583 1518 1720 1554 κατ-

140 1584 312 1636 οικῶν
370 1584 567 1653 Λόγος,
606 1586 805 1657 ἥνωται
841 1588 898 1641 δὲ
942 1590 1034 1645 καὶ
1073 1591 1311 1660 συνῆπτο
1354 1590 1434 1661 τῷ
1464 1591 1602 1662 Θεῷ,
1647 1591 1723 1654 ὡς

140 1674 204 1725 ἓν
231 1676 324 1728 καὶ
347 1676 538 1729 ταύτὸν
567 1672 705 1731 εἶναι
730 1695 788 1731 τε
819 1679 966 1750 αὑτῷ
986 1679 1047 1747 ἐξ
1070 1682 1315 1753 ἀνάγκης
1343 1680 1527 1746 δώσει,
1552 1681 1586 1752 ἢ
1620 1683 1721 1734 αὑ-

141 1765 237 1821 τὸν
275 1761 413 1820 εἶναι
444 1767 535 1822 τὸν
574 1769 790 1841 Πατέρα
826 1772 885 1824 ὲν
914 1774 979 1842 τῇ
1019 1774 1201 1843 σαρκὶ,
1228 1773 1263 1844 ἦ
1307 1772 1421 1843 (10)
1458 1772 1549 1825 τὸν
1590 1773 1717 1827 Υίὸν

144 1858 434 1925 ὑφεστῶτα
462 1860 579 1914 καθ’
612 1863 804 1917 ἑαυτὸν
831 1864 923 1919 καὶ
951 1865 1275 1935 ἐνεργοῦντα
1296 1868 1356 1920 ἐν
1380 1864 1459 1935 τῷ
1481 1864 1713 1936 σώματι,

140 1949 178 2019 ἢ
203 1950 381 2022 ψυχὴν
422 1952 730 2023 ἀνθρώπου,
776 1953 885 2024 ἢεί
933 1956 1097 2029 μηδὲν
1139 1956 1363 2021 τούτων,
1411 1957 1714 2028 αὐτόματον

141 2042 407 2095 κινεῖσθαι
443 2042 541 2114 τὴν
585 2045 782 2116 σάρκα,
826 2046 1030 2118 ἄψυχον
1073 2042 1238 2104 οὖσαν
1283 2049 1377 2102 καὶ
1406 2049 1619 2118 ἄλογον.
1653 2051 1714 2103 Ei

144 2132 247 2201 μὲν
275 2129 366 2187 οὖν
409 2134 502 2188 τὸν
530 2136 750 2209 Πατέρα
794 2138 962 2206 λέγοι,
1012 2138 1165 2193 ἔσται
1212 2141 1241 2194 6
1288 2142 1478 2213 Πατὴρ
1504 2142 1652 2213 αὑτῷ
1687 2146 1716 2196 ὁ

140 2224 422 2295 γεννηθεὶς
467 2229 559 2283 καὶ
598 2228 784 2284 παθὼν
822 2231 913 2286 καὶ
945 2233 1054 2287 πᾶν
1093 2231 1255 2303 ἔργον
1291 2233 1716 2305 άνθρωποπαθὲς

138 2316 459 2386 ὑπομείνας,
474 2318 500 2370 ὃ
522 2318 585 2390 δὴ
606 2319 975 2393 φθεγξάμενον
987 2323 1272 2379 Σαϐἐλλιον
1289 2326 1540 2389 ἀσεϐείας
1554 2327 1717 2397 ἐγρά-

137 2407 282 2475 ψατο
316 2409 528 2481 γραφὴν
551 2410 643 2467 τοῦ
677 2413 813 2467 Θεοῦ
852 2415 886 2484 ἠ
920 2415 1233 2486 Ἐκκλησία.
1274 2418 1336 2471 Εἰ
1374 2417 1431 2470 δὲ
1476 2418 1566 2472 τὸν
1601 2419 1713 2470 Πα-

134 2495 277 2565 τέρα
316 2497 491 2566 λέγειν
535 2500 595 2553 οὑ
642 2499 858 2572 θεμιτὸν
902 2505 1411 2578 ἐνανθρωπήσαντα,
1454 2508 1543 2562 τὸν
1589 2508 1716 2561 Υἱὸν

132 2588 424 2658 ὁμολογεῖν
466 2591 698 2664 ἀνάγκη,
742 2593 890 2664 αὑτῷ
941 2596 1408 2668 μαθητευομένους
1445 2598 1602 2652 τοῦτο
1642 2600 1718 2652 δι-

134 2684 409 2739 δάσκοντι.
449 2687 513 2739 El
550 2686 607 2741 δὲ
652 2686 839 2743 τοῦτον
880 2689 1095 2760 ἀρνοίτο
1131 2691 1448 2761 Μάρκελλος
1484 2693 1717 2761 ὑφεστά-

132 2793 251 2840 ναι,
276 2776 393 2847 ῶρα
422 2777 573 2846 ψιλὸν
600 2779 881 2851 ἄνθρωπον
923 2780 1084 2836 αὑτὸν
1125 2782 1473 2839 ὑποτίθεσθαι
1498 2785 1562 2836 ἐκ
1609 2784 1714 2838 σώ-

140 2885 315 2937 ματος
347 2868 656 2940 καὶφυχῆς
703 2872 1029 2938 συνεστῶτα,
1072 2874 1148 2937 ὡς
1192 2874 1354 2947 μηδὲν
1395 2876 1495 2946 τῆς
1531 2877 1716 2948 κοινῆς

135 2958 446 3031 ἀνθρώπων
473 2962 808 3018 διαλλάττειν
836 2964 1069 3034 φύσεως.
1118 2968 1277 3023 Ἀλλά
1303 2970 1397 3024 καὶ
1422 2969 1582 3024 τοῦτο
1620 2970 1721 3040 τῆς

152 3053 479 3123 Ἐκκλησίας
492 3055 822 3125 ἀπελήλαται
837 3057 896 3110 τὸ
906 3058 1100 3129 δόγμα·
1117 3060 1146 3112 ὃ
1159 3060 1216 3113 δὲ
1240 3061 1403 3117 πάλαι
1427 3062 1523 3132 μὲν
1537 3061 1726 3116 Ἐὅιω-

132 3148 302 3207 ναῖοι,
331 3146 525 3200 νεωστὶ
549 3146 604 3200 δὲ
636 3150 666 3200 6
688 3150 1033 3219 Σαμοσατεὺς
1073 3151 1165 3204 καὶ
1194 3152 1243 3205 οἱ
1278 3153 1506 3223 ἐπίκλην
1533 3152 1593 3217 ἐξ
1629 3153 1725 3205 αὑ-

1826 597 1945 633 cum
1977 581 2047 634 sit
2083 598 2245 634 unum
2272 592 2431 652 atque
2457 583 2596 637 idem
2628 600 2746 639 cum
2776 586 2905 649 Deo,
2926 601 2985 642 se
3018 586 3125 642 Deo
3151 592 3386 658 compla-

1825 672 1998 724 centia
2041 674 2300 741 perlicere
2350 676 2635 730 testatur?
2664 677 2816 743 Quod
2849 679 2895 733 si
2950 682 3272 747 respondeat
3318 684 3387 735 ad

1826 761 1938 815 haec
1966 761 2272 830 Marcellus,
2315 763 2550 821 Verbum
2597 783 2818 825 carnem
2867 770 3063 827 factum
3100 773 3215 828 haec
3257 790 3387 844 pro-

1825 853 2137 909 nuntiasse:
2166 865 2219 909 et
2246 857 2373 926 quid
2407 859 2547 914 istud
2580 860 2798 929 inquam
2843 862 2909 915 ad
2937 862 3089 929 illud,
3121 878 3226 919 non
3256 880 3387 920 con-

1828 943 1964 997 Iiteri
1990 959 2113 998 eum
2150 944 2341 1000 Filium
2372 963 2507 1014 esse,
2532 951 2627 1006 sed
2653 950 2827 1007 solum
2858 951 3113 1008 Verbum.
3145 954 3387 1022 Qualiter

1822 1050 1951 1091 vero
1979 1035 2034 1089 in
2073 1052 2236 1093 carne
2273 1039 2373 1096 fuit
2401 1054 2523 1095 cum
2551 1042 2663 1098 haec
2689 1043 3096 1114 proloqueretur
3120 1047 3145 1099 ἲ
3176 1046 3387 1103 Numne

1824 1128 2032 1193 vivens,
2072 1128 2408 1194 subsistens,
2440 1142 2593 1187 extra
2651 1132 2863 1189 Patrem
2914 1137 3289 1191 constitutus?
3321 1139 3387 1193 Et

1822 1220 2178 1288 quis,quaaso,
2203 1232 2320 1279 erat
2347 1232 2455 1276 tum
2482 1223 2569 1277 ille
2598 1222 2781 1288 Pater,
2806 1225 2896 1293 qui
2919 1241 3073 1283 suum
3098 1227 3149 1281 in
3174 1243 3232 1282 se
3257 1228 3386 1282 Ver-

1822 1310 1947 1365 bum
1976 1318 2104 1367 tunc
2132 1326 2237 1365 non
2261 1311 2613 1381 possidebat?
2639 1315 2739 1370 sed
2757 1314 2875 1370 sine
2918 1329 3018 1369 suo
3052 1314 3228 1370 Verbo
3253 1317 3385 1371 sub-

1823 1399 2048 1455 sistebat
2082 1399 2105 1453 ἲ
2138 1416 2358 1456 carnem
2404 1417 2535 1459 vero
2579 1404 2817 1461 Verbum
2870 1414 2995 1459 tunc
3043 1406 3382 1472 inhabitans,

1822 1508 1943 1544 cum
1985 1492 2039 1547 in
2083 1494 2242 1550 terris
2282 1494 2369 1550 hic
2415 1506 2867 1565 conversaretur,
2915 1498 3180 1567 siquidem
3230 1509 3383 1555 extra

1822 1598 1976 1638 suum
2029 1584 2243 1643 Patrem
2291 1586 2503 1652 fuerat,
2536 1589 2761 1655 vivens,
2794 1592 3115 1656 subsistens,
3166 1606 3387 1647 carnem

1824 1688 2044 1729 movens
2066 1678 2134 1731 ad
2163 1677 2336 1732 instar
2366 1679 2581 1743 anim,
2611 1679 2832 1735 omnino
2856 1690 2972 1735 erat
3011 1681 3150 1737 alius
3172 1697 3201 1735 a
3228 1681 3387 1737 Patre

1822 1781 1940 1830 suo,
1966 1767 2158 1823 et'duae
2180 1777 2290 1825 tum
2310 1767 2652 1839 hypostases,
2690 1772 2803 1841 ipse
2825 1780 2987 1841 atque
3008 1772 3185 1836 Pater,
3210 1772 3388 1829 subsi-

1745 1845 1787 1900 Β
1816 1858 2049 1913 stehant.
2076 1858 2432 1917 Frustraneus
2453 1862 2558 1919 erit
2572 1877 2735 1932 porro
2756 1862 2992 1918 Marcelli
3016 1864 3169 1919 labor
3188 1866 3386 1930 omnis,

1815 1947 1907 2016 qui
1935 1947 2103 2016 illum,
2139 1952 2282 2019 quod
2321 1951 2372 2007 in
2409 1967 2574 2007 carne
2609 1951 2711 2007 fuit
2740 1952 3097 2009 substantiale
3127 1952 3384 2019 Verbum,

1816 2041 2017 2106 vivum,
2043 2051 2097 2099 et
2126 2044 2425 2103 subsistens
2450 2045 2848 2101 determinavit.
2876 2045 3032 2113 Quod
3069 2048 3113 2101 si
3150 2046 3382 2101 Verbum

1816 2132 1944 2188 illud
1970 2134 2112 2205 quod
2137 2135 2479 2193 inhabitabant
2510 2152 2751 2202 carnem,
2792 2149 2947 2194 extra
2988 2142 3154 2193 Deum
3190 2139 3385 2201 fuerat,

1816 2224 2023 2283 unitum
2077 2239 2207 2280 vero
2256 2225 2359 2281 fuit
2403 2238 2461 2283 et
2497 2229 2805 2300 copulatum
2862 2230 3078 2296 eidem,
3126 2238 3383 2298 tanquam

1820 2320 1879 2378 ›Ι‹
1908 2331 2071 2373 unum
2110 2327 2273 2386 atque
2296 2318 2436 2375 idem
2462 2334 2583 2377 cum
2629 2334 2695 2375 eo
2735 2338 2750 2375 :
2777 2320 2996 2375 omnino
3023 2336 3385 2378 concessurus

1814 2417 1896 2461 est
1919 2406 1993 2461 illi
2020 2408 2411 2475 exsistentiam,
2436 2419 2489 2465 et
2520 2410 2691 2479 ipsum
2713 2426 2925 2480 quoque
2949 2426 3089 2478 esse,
3125 2428 3248 2469 eum
3277 2428 3394 2469 car.

1817 2511 1885 2551 ne
1908 2498 2252 2557 exsistentem
2279 2498 2519 2568 Patrem,
2550 2510 2606 2558 et
2632 2502 2825 2557 Filium
2850 2517 2881 2557 a
2907 2517 2965 2559 se
2985 2512 3039 2559 et
3070 2518 3164 2573 per
3187 2517 3247 2562 se
3270 2506 3393 2561 sub-

1816 2590 2119 2657 sistentem,
2146 2599 2201 2646 et
2234 2592 2287 2648 in
2311 2607 2537 2662 corpore
2557 2604 2866 2665 operantem
2905 2614 2921 2650 :
2948 2605 3042 2651 aut
3072 2596 3259 2657 saltem
3290 2597 3389 2653 ιω-

1819 2695 2030 2735 manant
2073 2681 2306 2737 animam
2344 2684 2439 2741 :si
2472 2686 2605 2740 nihil
2656 2686 2888 2752 horum;
2944 2698 3056 2742 tum
3095 2698 3248 2744 certe
3291 2705 3387 2743 sua

1820 2783 2012 2843 Sponte
2055 2789 2151 2844 per
2178 2789 2236 2832 se
2264 2778 2467 2833 moveri
2510 2793 2750 2843 carnem,
2795 2778 3026 2834 fateatur
3051 2794 3272 2835 necesse
3306 2794 3392 2835 est

1823 2867 2115 2922 inanimam
2167 2878 2224 2923 et
2274 2869 2639 2924 irrationalem
2683 2888 2698 2924 :
2746 2870 2829 2925 sin
2877 2886 3007 2926 vero
3060 2874 3393 2929 concesserit

1822 2972 1943 3013 esse
1972 2957 2186 3013 Patrem
2219 2976 2233 3012 :
2260 2958 2365 3013 erit
2393 2959 2465 3013 illi
2490 2960 2668 3024 Pater,
2703 2961 2935 3032 genitus,
2962 2976 3177 3031 passus,
3198 2970 3253 3017 et
3275 2977 3392 3017 ont-

1825 3048 1913 3102 nia
1941 3048 2177 3103 humana
2206 3064 2367 3118 opera
2405 3051 2497 3120 qui
2531 3052 2749 3106 subivit.
2790 3052 2945 3119 Quod
2977 3066 3101 3108 eum
3128 3052 3393 3107 Saheiiius

1824 3141 1952 3195 olim
1998 3139 2306 3205 aﬂirmav‘it,
2342 3142 2618 3211 inscripsit
2653 3144 2703 3198 ci
2750 3144 2923 3199 dicam
2969 3144 3259 3214 impietatis
3292 3143 3394 3199 Ec-

135 3233 236 3286 τοῦ
269 3234 558 3288 Παυλιανοὶ
584 3209 948 3309 φρονήσαντες
983 3209 1115 3309 (ll),
1159 3209 1719 3310 6uooﬁpwv'6rrdpet-

1824 3234 1984 3287 clesia
2038 3231 2154 3287 Dei.
2212 3232 2364 3299 Quod
2399 3236 2442 3289 si
2494 3209 2645 3290 nefas
2685 3236 2752 3289 sit
2792 3237 2994 3297 dicere,
3043 3209 3393 3291 incarnatum

136 3345 239 3380 ναν
260 3326 433 3398 δίκην.
452 3328 516 3380 Τί
539 3328 602 3399 δὴ
624 3324 715 3382 οὖν
740 3329 985 3384 λείπεται
1009 3331 1147 3401 μετὰ
1166 3330 1338 3385 ταῦτα
1358 3331 1392 3400 ἥ
1414 3330 1513 3401 τὴν
1541 3330 1719 3401 σάρκα

140 3420 305 3489 μόνον
334 3421 572 3491 εἰσάγειν
594 3422 716 3493 δίχα
744 3425 943 3487 παντὸς
978 3426 1187 3479 ὲνοίκου
1224 3424 1333 3481 τῶν
1370 3424 1527 3496 δίκην
1569 3424 1719 3495 παρά

134 3515 256 3576 τοῖς
284 3512 705 3583 θαυματοποιοῖς
748 3516 1055 3587 αὐτόματον
1082 3516 1404 3586 κινουμένην
1426 3533 1439 3579 ;
1465 3516 1575 3571 Καὶ
1603 3516 1717 3580 πῶς

138 3604 177 3673 ἡ
202 3603 361 3674 σάρξ,
384 3604 477 3659 καὶ
510 3605 639 3659 αὑτὸ
662 3606 784 3661 καθ’
811 3607 972 3662 ὲαυτδ
1002 3609 1064 3662 τὸ
1098 3608 1278 3678 σῶμα,
1306 3607 1427 3677 δίχα
1454 3608 1546 3661 τοῦ
1567 3610 1719 3678 ὲνερ-

136 3694 366 3763 γοῦντος
414 3694 564 3751 εἶπεν
597 3698 708 3769 (12)
742 3698 829 3762 ἂν,
874 3700 1078 3767 Καθὼς
1122 3700 1357 3765 ἐδίδαξέ
1393 3718 1489 3769 με,
1533 3701 1719 3754 ταῦτα

135 3786 350 3853 λαλῶ;
378 3788 495 3851 πῶς
516 3789 622 3861 δὲή
657 3789 811 3860 σὰρξ,
847 3786 997 3845 εἶπεν
1022 3790 1088 3845 ἂν
1107 3792 1209 3855 ὅτι,
1242 3792 1387 3861 Ἐγὼ
1406 3792 1477 3845 τὰ
1498 3792 1720 3860 ἀρεστὰ

138 3876 304 3942 αὑτῷ
348 3878 495 3931 ποιῶ
533 3878 831 3943 minore,-
866 3881 991 3944 Πῶς
1025 3881 1083 3934 δὲ
1124 3882 1157 3951 ὴ
1206 3880 1343 3952 σὰρξ
1388 3878 1717 3933 ἀπεστάλθαι

138 3968 342 4039 ἑαυτὴν
376 3970 529 4041 παρά
560 3970 655 4023 τοῦ
697 3972 911 4042 Πατρὸς
946 3971 1168 4039 ἕλεγεν;
1210 3967 1357 4044 τΑρα
1405 3971 1462 4023 δὲ
1499 3952 1719 4040 Πατέρα

136 4060 244 4128 τῆς
275 4061 475 4130 σαρκὸς
503 4060 595 4112 τὸν
635 4060 767 4114 Θεὸν
811 4061 989 4128 λέγειν
1032 4062 1197 4125 ὅσιον,
1232 4062 1264 4131 ἢ
1300 4061 1500 4132 μᾶλλον
1533 4060 1625 4113 τοῦ
1660 4062 1720 4113 ἐν

135 4153 285 4221 αὐτῇ
348 4150 729 4215 κατοικοῦντός
750 4169 810 4205 τε
844 4154 937 4205 καὶ
974 4151 1352 4224 ἐνεργοῦντος
1396 4154 1491 4216 Τίς
1526 4149 1618 4206 οὖν
1651 4148 1719 4223 ἦν

134 4234 335 4307 οὗτος
362 4240 574 4312 Πότερα
617 4243 648 4295 6
682 4244 738 4295 ὲν
762 4242 839 4312 τῷ
868 4244 978 4313 (15)
1006 4242 1125 4314 Θεῷ
1166 4244 1357 4312 Λόγος,
1381 4245 1541 4308 αὑτὸς
1583 4243 1655 4298 ὣν
1691 4246 1719 4296 6

136 4334 277 4397 Θεὸς
315 4332 458 4389 κατὰ
487 4332 795 4397 Σαὸέλλιον,
843 4334 899 4406 ἢ,
941 4335 1077 4407 ὅπερ
1118 4336 1264 4391 ὅσιον
1296 4336 1389 4390 καὶ
1416 4336 1609 4406 ἀληθὲς
1634 4335 1718 4388 λέ-

137 4442 284 4493 γειν,
306 4426 335 4478 6
360 4424 468 4489 ζῶν
491 4426 582 4479 καὶ
607 4423 852 4494 ὑφεστὼς
876 4428 1189 4498 Μονογενὴς
1214 4427 1342 4490 Υἱὸς
1362 4427 1454 4480 τοῦ
1475 4426 1631 4483 Θεοῦ.
1657 4428 1718 4481 Εἰ

134 4512 202 4566 δὲ
231 4511 500 4583 μηδέτερα
536 4513 738 4567 τούτων
763 4514 932 4583 λέγοι,
958 4514 1017 4579 te
1054 4517 1302 4587 ἀνάγκης
1352 4518 1717 4588 ὑποστήσεται

142 4603 327 4676 ψυχὴν
364 4604 673 4678 ἀνθρώπου,
709 4607 802 4660 καί
832 4606 984 4663 ἔσται
1018 4607 1167 4680 αὑτῴ
1202 4608 1356 4677 ψιλὸς
1381 4609 1664 4682 ἄνθρωπος
1689 4611 1717 4661 ὁ

138 4696 401 4767 Χριστός.
442 4699 553 4752 Καὶ
581 4698 762 4752 οὑκέτι
818 4699 1120 4764 Σαῦἐλλιος,
1166 4700 1461 4764 Παυλιανδς
1506 4702 1550 4755 δ’
1584 4705 1716 4772 ἡμῖν

135 4787 318 4851 ἔσται,
340 4790 370 4842 6
399 4788 517 4852 νιος
558 4789 926 4862 συγγραφεύς.
955 4792 1016 4848 Εἰ
1040 4791 1097 4846 δὲ
1132 4792 1223 4846 τὸν
1246 4796 1303 4847 ὲν
1333 4793 1412 4864 τῷ
1437 4794 1557 4866 Θεῷ
1580 4797 1712 4867 φαίη

135 4880 315 4947 Λόγον
345 4881 619 4951 ἐνοικῆσαι
646 4884 712 4953 τῇ
738 4884 919 4955 σαρκὶ,
946 4883 1098 4940 οὑδὶν
1118 4882 1301 4955 ἕτερον
1320 4885 1449 4945 ὄντα
1471 4885 1712 4957 ἥΛόγον,

136 4973 235 5026 καὶ
265 4974 439 5042 Λόγον
468 4975 799 5046 σημαντικόν
832 4977 863 5046 ἦ
888 4977 1264 5048 ἐνεργητικόν·
1292 4978 1386 5031 καὶ
1424 4979 1539 5042 πῶς
1560 4972 1711 5043 οὗτος

134 5058 300 5119 εἶπεν
319 5066 387 5120 ἂν
404 5066 503 5136 ζῇν
528 5066 828 5131 ιδιάζουσαν
850 5067 997 5139 ζωὴν
1017 5066 1169 5137 παρὰ
1202 5067 1295 5122 τὸν
1316 5068 1535 5139 Πατέρα
1556 5086 1570 5132 ;
1600 5069 1710 5123 Ποῦ

133 5156 196 5208 δὲ
222 5155 387 5217 αὑτὸς
407 5155 711 5208 ἀπέσταλτο
734 5156 1074 5225 συνημμένος
1102 5157 1193 5209 καὶ
1218 5157 1490 5226 ἡνωμένος
1516 5158 1602 5209 ἀεὶ
1634 5158 1710 5228 τῷ

216 5360 278 5418 ›Ῑ‹
319 5353 416 5407 Ed.
441 5354 615 5410 Paris.
641 5370 761 5425 pag.
793 5354 884 5409 9i.

212 5536 296 5608 (9)
338 5539 540 5618 ’ξίιᾳὸς
590 5540 841 5618 ὑπάρχει
888 5541 986 5598 τοῦ
1039 5541 1207 5618 Θεοῦ.
1257 5542 1471 5618 Potius
1504 5546 1721 5618 ὑπῆρχε

138 5608 248 5679 [sic
269 5607 478 5686 eodm}.
511 5607 825 5686 utﬁvuirit,
857 5622 912 5666 et
940 5613 1228 5682 συνῆπται.
1256 5615 1326 5670 Μ.
1350 5647 1407 5667 ν-
1424 5613 1539 5672 Mox
1563 5607 1721 5686 νίὶιξο

142 5677 313 5744 σαρκὶ
345 5677 450 5737 καῖ
463 5698 511 5734 τ.
544 5677 691 5734 Υῑόν.

215 5746 592 5873 ρέέξέὲιιὲοδέ
631 5754 799 5819 deest,
832 5763 887 5810 et
912 5768 1035 5810 mox
1060 5752 1215 5823 vulgo
1240 5754 1325 5809 ὅδε
1348 5754 1534 5824 epes-(5.
1561 5768 1612 5812 et
1642 5756 1725 5811 in-
1772 5775 1779 5787 ’

140 5819 227 5870 ira
255 5816 447 5887 δόγμα·

1819 3321 2233 3378 ΐυίεεεαΡαιτοιη
2260 3341 2275 3390 ;
2308 3337 2532 3379 necesse
2564 3335 2648 3379 est
2681 3325 2748 3380 de
2781 3325 2917 3379 Filio
2947 3326 3051 3379 hoc
3079 3323 3395 3394 pronuntie-

1820 3431 1966 3479 mus,
1998 3416 2068 3471 ab
2098 3416 2266 3483 ipsius
2294 3415 2483 3471 schola
2505 3425 2562 3471 et
2593 3417 2899 3485 disciplina,
2928 3416 3021 3485 qui
3060 3418 3163 3471 hec
3187 3415 3391 3479 docuit,

1818 3506 2063 3577 profecti.
2118 3507 2271 3572 Quod
2324 3509 2370 3563 si
2429 3507 2578 3562 illum
2607 3508 2959 3577 abnegarerit
3008 3506 3394 3563 subsistentem
3510 3510 3517 3517 '

1817 3597 2125 3666 Marcellus,
2160 3614 2369 3655 merum
2396 3601 2543 3657 illum
2574 3600 2844 3654 hominem
2868 3600 3131 3655 concedat
3157 3606 3367 3667 otia-tet

1818 3688 1886 3745 de
1921 3703 2149 3759 corpore
2178 3699 2342 3758 atque
2369 3690 2549 3744 anima
2575 3690 2964 3745 constitutum:
2996 3690 3069 3743 ita
3106 3699 3218 3743 uta
3250 3679 3392 3749 conn:

1820 3782 1965 3835 muni
2007 3791 2199 3836 natura
2230 3782 2505 3837 hominum
2543 3782 2853 3838 nullatenus
2903 3783 3140 3841 recedat.
3194 3782 3303 3839 Sed
3326 3794 3385 3837 et

1821 3873 2010 3941 dogma
2039 3874 2144 3927 hoc
2185 3871 2429 3928 Ecclesia
2455 3874 2644 3941 reiecit
2674 3873 2838 3927 etiam
2878 3888 2894 3927 :
2926 3874 3067 3943 quod
3109 3889 3231 3928 cum
3260 3874 3389 3929 olim

1820 3963 2058 4017 Ehionaei
2094 3973 2408 4019 tuerentur:
2457 3974 2511 4020 et
2536 3980 2641 4019 non
2676 3965 2748 4019 ita
2784 3964 2991 4033 pridem
3022 3976 3390 4036 propugnaret

1821 4054 2227 4121 Samosatenus,
2258 4066 2313 4111 et
2341 4056 2435 4127 qui
2470 4057 2538 4111 ab
2585 4056 2675 4111 illo
2705 4057 3145 4122 denominantnr,
3181 4057 3395 4113 Paulis-

1821 4148 1896 4214 ni,
1929 4146 2276 4218 blasphemia:
2296 4147 2641 4211 sententiam,
2667 4149 2732 4202 ah
2763 4148 3001 4204 Ecclesia
3030 4149 3193 4205 latam
3224 4150 3280 4203 in
3298 4166 3394 4207 eos

1821 4239 2120 4295 subierunt.
2148 4238 2287 4306 Quid
2323 4253 2453 4311 ergo
2482 4249 2650 4294 restat
2680 4238 2849 4303 aliud,
2878 4256 3041 4310 quam
3081 4251 3141 4296 ut
3170 4256 3391 4297 carnem

1823 4334 2124 4390 introducat
2154 4334 2354 4388 nudam
2386 4333 2535 4389 omni
2562 4348 2789 4402 prorsus
2824 4336 3176 4391 habitatore?
3204 4338 3393 4390 adruu-

1820 4426 1946 4480 dum
1980 4440 2163 4481 eorum
2205 4440 2491 4496 poparum,
2542 4441 2679 4496 quos
2705 4427 2911 4495 seipsos
2950 4427 3279 4489 motitantes,
3327 4443 3393 4480 a-

1753 4547 1793 4599 υ
1820 4528 1988 4590 gyrta:
2025 4517 2455 4572 circumducunt.
2486 4515 2553 4569 Et
2577 4530 2687 4585 quo
2716 4525 2875 4585 pacto
2906 4530 3058 4582 caro,
3100 4525 3156 4570 et
3188 4517 3396 4585 ipsum-

1822 4619 1933 4665 net
1956 4624 2049 4680 per
2077 4609 2313 4679 seipsum
2364 4622 2552 4676 corpus
2582 4608 2790 4678 absque
2824 4607 2932 4661 ullo
2969 4608 3285 4676 inoperante
3309 4608 3395 4661 di.

1820 4701 1982 4767 xerit,
2020 4699 2151 4767 Quae
2179 4699 2268 4753 ille
2298 4716 2379 4752 mc
2424 4699 2625 4763 docuit,
2677 4700 3051 4769 ett-proloquor
3069 4699 3095 4751 7
3124 4699 3393 4765 quomodo

1819 4808 1949 4846 caro
1974 4792 2193 4854 dixerit,
2241 4790 2353 4860 Ego
2393 4807 2609 4857 semper,
2650 4799 2701 4845 et
2726 4790 2914 4860 ubique
2942 4807 3003 4843 ca
3036 4805 3241 4858 operst,
3274 4804 3393 4858 qua:

1816 4893 1936 4935 sunt
1963 4880 2041 4934 illi
2075 4879 2492 4949 complanentia.’
2519 4879 2637 4946 Quo
2695 4888 2869 4949 pacto,
2904 4895 2965 4933 se
3009 4894 3141 4937 caro
3171 4879 3391 4935 missam

1819 4973 2012 5031 dixerit
2045 4988 2075 5026 a
2115 4974 2307 5042 patre?
2348 4975 2502 5027 Anne
2552 4974 2735 5027 carnis
2759 4982 2966 5042 patrem
2994 4973 3175 5027 dicere
3201 4972 3387 5035 Deum,

1817 5075 2061 5121 sanctum
2088 5064 2216 5119 est?
2251 5072 2347 5118 aut
2371 5064 2548 5133 potius
2578 5063 2713 5131 ejus,
2738 5066 2831 5134 qui
2856 5078 3074 5119 carnem
3110 5064 3312 5119 insidet
3337 5078 3399 5118 et

1819 5157 2119 5214 inhabitet?
2148 5157 2280 5222 Quis
2313 5157 2527 5210 tandem
2572 5158 2660 5211 ille
2691 5157 2888 5210 fuerit?
2917 5157 3125 5211 Nnmne
3161 5157 3388 5211 Verbum

1830 5613 1874 5629 Μ
1898 5540 2008 5610 (ll)
2036 5539 2354 5629 ῥυσφημίας
2383 5538 2453 5595 Μ.
2486 5542 2538 5595 in
2584 5557 2766 5606 corn;
2812 5543 3125 5609 moxvnlgo
3154 5544 3206 5597 τί
3245 5544 3301 5597 δέ
3333 5554 3389 5597 et

1826 5626 1913 5669 οικ
1954 5628 1983 5663 ν
2083 5626 2186 5661 vs.
3402 5648 3407 5655 ,

1900 5626 2148 5751 (immo
2190 5680 2432 5739 εἴπειεν;
2466 5696 2587 5737 mox
2622 5683 2780 5751 vulgo
2807 5683 2872 5736 ἂν
2900 5680 3009 5750 ἐγὼ
3040 5684 3127 5737 τά.

1903 5742 2209 5820 “Sim-11.0
2255 5752 2482 5821 θηκτῷ,
2520 5764 2573 5807 ει
2626 5742 2761 5806 infra
2805 5742 2961 5822 vulgo
2995 5755 3387 5826 συνημμένοςῆ

1829 5821 2115 5890 ἠνομένος.
