3838 6222
441 335 544 390 879

1131 332 1396 390 EUSEBII
1434 332 1908 390 CIESARIENSIS
1945 331 2095 392 OPP.
2140 332 2316 390 PARS
2354 332 2444 394 1V.
2483 361 2551 375 —
2591 329 3009 390 DOGMATICA.

3571 329 3667 383 880

443 452 571 508 illud
592 453 734 523 quod
762 453 814 508 in
851 451 960 508 Deo
988 453 1183 518 fuerat,
1207 454 1435 525 ipsemet
1463 456 1600 510 idem
1630 454 1794 520 Deus,
1825 464 1883 510 ut
1909 454 2007 509 Sa-

2114 453 2259 526 Θεῷ;
2286 455 2407 517 Πῶς
2429 451 2744 507 διδάσκαλον
2765 449 2929 505 αὐτοῦ
2956 465 3118 519 φησιν
3142 441 3280 501 εἶναι
3307 447 3397 500 τὸν
3425 445 3671 518 Πατέρα;

441 545 605 599 bellio
640 543 834 612 placuit
863 543 1004 598 ?aut
1032 543 1210 614 potius
1252 544 1414 617 (quod
1441 559 1563 600 cum
1594 547 1878 602 sanctitate
1899 555 2005 602 stat

442 645 495 686 et
528 634 775 702 veritate)
808 635 993 688 vivens
1041 643 1096 689 et
1129 633 1433 691 subsistens
1475 636 1785 706 unigenitus
1835 636 2004 692 Filius

447 727 540 784 Dei
561 727 584 772 θ
611 727 762 792 Quod
791 727 835 780 si
873 725 1004 780 nihil
1037 725 1230 781 horum
1264 726 1363 796 ipsi
1401 728 1667 793 arriserit,
1696 727 2005 783 omnimodo

443 817 734 874 substituet
767 817 856 871 hie
876 817 1162 871 humanam
1187 819 1458 885 animam;
1487 827 1646 888 atque
1673 820 1746 874 ita
1798 819 1902 874 erit
1931 819 2005 875 illi

445 908 622 963 nudus
652 908 812 963 homo
845 906 1110 962 Christus.
1144 905 1254 962 Nec
1284 907 1510 962 ulterius
1546 908 1700 963 nobis
1744 908 2006 964 Sabellius

444 999 702 1070 prodibit,
726 999 823 1052 sed
857 998 924 1053 de
946 1008 1090 1053 secta
1115 996 1520 1064 Paulianorum,
1547 1015 1719 1056 novus
1748 1002 2004 1071 scriptor.

443 1091 597 1158 Quod
627 1078 956 1146 si'Verbum
1010 1090 1136 1144 illud
1170 1091 1370 1145 dixerit
1410 1090 1684 1147 hominem
1740 1094 2004 1160 habitare,

445 1181 587 1249 quod
625 1181 676 1234 in
709 1179 818 1235 Deo
875 1179 998 1247 fuit,
1045 1181 1174 1234 nihil
1208 1181 1351 1236 aliud
1409 1183 1605 1251 ipsum,
1637 1183 1736 1238 nisi
1775 1183 2005 1240 Verbum

447 1273 734 1337 exsistens,
765 1282 819 1327 et
839 1270 1069 1327 Verbum
1101 1271 1514 1342 signiﬁcativum
1546 1275 1630 1330 vel
1651 1277 2004 1346 operativum,

447 1377 553 1431 quo
578 1372 735 1433 pacto
750 1363 855 1418 hoc
871 1363 1100 1426 dicatur,
1125 1365 1288 1418 vitam
1315 1363 1582 1435 propriam
1606 1377 1660 1422 et
1686 1367 2008 1436 peculiarem

447 1452 632 1507 vivere
676 1451 977 1522 seiunctam
1010 1468 1041 1506 a
1071 1451 1264 1507 Patre?
1295 1452 1413 1519 Quo
1444 1455 1642 1510 missus
1680 1457 1781 1511 fuit
1806 1457 1894 1512 ille
1918 1457 2012 1528 qui

449 1544 666 1612 quidem
717 1543 966 1599 counitus
991 1558 1225 1614 semper,
1251 1553 1306 1598 et
1344 1545 1620 1615 copulatus
1655 1546 1802 1604 Patri
1835 1548 2012 1604 consi-

449 1635 665 1690 stebat?
689 1634 806 1701 Quo
833 1645 990 1706 pacto
1010 1646 1389 1705 praeceptorem
1414 1652 1568 1692 suum
1591 1638 1816 1693 afﬁrmat
1841 1639 2008 1695 Deum

449 1724 708 1781 Patrem?
737 1741 842 1794 quo
871 1737 1034 1795 pacto
1079 1741 1138 1782 se
1167 1741 1380 1796 semper
1420 1737 1476 1783 et
1525 1735 1582 1794 ἧς
1622 1731 1819 1801 ubique
1863 1731 2009 1787 Patri

2105 545 2227 610 Πῶς
2251 547 2308 599 δὲ
2328 546 2395 600 τὰ
2417 544 2623 617 ἀρεστά
2661 543 2739 614 τῷ
2782 544 2958 614 Ilava
2980 542 3213 595 πάντοτε
3253 541 3515 612 πράττειν
3557 541 3679 592 ἐαυ-

2101 641 2193 693 τὸν
2216 638 2434 706 ἔλεγεν,
2481 629 2642 690 αὗται
2683 635 2792 708 γὰρ
2847 634 3143 707 διαρρήδην
3185 632 3316 686 Υίοῦ
3369 633 3678 704 ὑφεστῶτος

2105 731 2196 784 καὶ
2219 730 2418 795 ζῶντος
2446 730 2558 799 (14)
2580 724 2689 782 εἷεν
2713 727 2780 782 ἂν
2804 727 3000 796 φωναὶ,
3018 727 3113 780 καὶ
3134 726 3202 779 δι’
3226 725 3347 779 ὅλου
3370 725 3426 778 δὲ
3447 725 3562 796 (15)
3590 724 3680 777 τοῦ

2103 823 2431 892 Εὐαγγελίου
2467 822 2497 874 6
2533 821 2821 892 εὐχόμενος
2860 819 2939 890 τῷ
2975 820 3168 890 Πατρὶ,
3205 818 3438 884 δοξάζων
3459 819 3552 872 τὸν
3575 819 3690 873 Ha-

2102 913 2236 983 τέρα
2258 915 2286 965 6
2314 911 2462 982 παρά
2498 909 2591 964 τοῦ
2624 909 2836 982 [ἰατρὸς
2857 907 3181 978 δοξασθῆναι
3205 907 3391 972 ἀξιῶν,
3415 907 3467 960 τί
3497 898 3683 978 ἕτερον

2106 1003 2138 1072 ἢ
2169 1001 2453 1072 ὑφεστῶτα
2481 1001 2670 1054 ἑαυτὸν
2691 1000 2949 1063 δείκνυσι,
2999 999 3094 1052 καὶ
3135 999 3368 1070 μάλιστα
3406 1001 3495 1053 ὅτε
3528 999 3680 1068 φησὶ,

2108 1095 2222 1148 Δύο
2268 1091 2591 1161 ἀνθρώπων
2627 1094 2664 1160 ἡ
2698 1092 2992 1163 μαρτυρία
3035 1089 3268 1158 ἀληθής
3308 1089 3499 1143 ἐστιν.
3539 1088 3684 1157 Ἐγώ

2106 1189 2220 1257 ειμι
2251 1189 2285 1240 ό
2323 1182 2639 1255 μαρτυρῶν
2668 1183 2801 1251 περὶ
2837 1182 3124 1252 ἐμαυτοῦο
3158 1183 3271 1235 καί·
3331 1182 3394 1235 '0
3441 1183 3683 1251 πέμψας

2103 1295 2180 1350 με
2207 1278 2410 1347 Πατὴρ
2435 1275 2726 1347 μαρτυρεῖ
2747 1277 2880 1345 περὶ
2907 1275 3073 1346 ἐμοῦ.
3101 1273 3202 1327 Διὰ
3230 1273 3501 1328 τοσούτων
3523 1273 3682 1334 αὐτὸς

2109 1371 2138 1423 6
2187 1369 2375 1440 Σωτὴρ
2418 1367 2597 1432 ζῶντα
2654 1368 2845 1422 ἑαυτὸν
2886 1368 3263 1440 παραστήσας,
3300 1364 3542 1436 οὐδαμοῦ
3569 1357 3684 1435 ’μὲν

2109 1462 2304 1530 Λόγον
2325 1457 2514 1512 ἑαυτὸν
2537 1457 2841 1527 ὠνόμασεν,
2867 1455 2996 1509 Υἱδν
3018 1455 3096 1521 δὲ,
3119 1455 3214 1508 καὶ
3237 1452 3372 1522 φῶς,
3397 1452 3493 1506 καὶ
3514 1453 3686 1505 Μονο-

2110 1554 2265 1622 γενῆ,
2289 1551 2384 1604 καὶ
2407 1550 2570 1622 ἄρτον
2594 1548 2738 1619 ζωῆς
2765 1547 2897 1619 (16).
2945 1546 3078 1619 [Καὶ
3101 1547 3281 1600 πάντα
3305 1545 3482 1613 λόγον,
3510 1543 3545 1614 ἢ
3580 1543 3684 1596 Λό-

2111 1641 2253 1713 γον,]
2296 1641 2405 1696 Καὶ
2446 1641 2603 1710 λόγον
2650 1639 2748 1710 μὲν
2783 1639 2926 1710 ἐχειν
2973 1638 3211 1693 διδάσκει
3257 1635 3504 1705 φάσκων,
3545 1632 3686 1688 Ἐάν

2112 1749 2201 1799 τις
2228 1731 2430 1802 ἀγαπᾷ
2453 1749 2550 1802 με,
2589 1729 2696 1785 τὸν
2721 1733 2916 1800 Λόγον
2943 1747 3060 1799 μου
3093 1729 3339 1799 τηρήσει
3357 1745 3369 1757 ·
3407 1725 3599 1780 ἑαυτὸν
3627 1723 3687 1777 δὲ

451 1831 549 1872 suo
577 1816 962 1886 complacentia
995 1817 1192 1874 fecisse
1223 1818 1397 1875 dicet?
1436 1819 1572 1874 Sunt
1612 1822 1754 1876 enim
1803 1823 1884 1877 ha
1911 1838 2009 1877 vo-

2114 1824 2280 1893 Λόγον
2314 1819 2448 1877 εἶναι
2487 1822 2546 1876 οὗ
2580 1839 2764 1893 φησιν.
2799 1822 2923 1886 Πῶς
2963 1815 3056 1874 οὖν
3091 1819 3226 1892 μετά
3269 1819 3441 1872 ταῦτα
3487 1817 3683 1874 πάντα.

451 1927 546 1968 eos
583 1910 715 1966 satis
747 1911 908 1966 clarae
939 1919 993 1966 et
1027 1910 1326 1966 manifesta:
1354 1910 1445 1966 lilii
1492 1912 1632 1968 illius
1663 1913 1766 1968 vivi
1799 1923 1854 1970 et
1880 1913 2012 1970 sub-

453 2002 714 2065 sistentia,
749 2002 840 2071 qui
871 2001 1068 2070 ubique
1116 2015 1262 2056 certe
1298 2018 1394 2073 per
1448 2003 1793 2074 Evangelium
1817 2006 2010 2076 depre-

452 2104 610 2148 catur
649 2093 890 2162 Patrem,
950 2103 1006 2148 et
1041 2108 1070 2148 a
1099 2094 1284 2157 Patre,
1335 2103 1393 2148 ut
1442 2109 1502 2151 se
1531 2094 1813 2166 gloriﬁcet,
1856 2100 2008 2166 petit.

451 2185 582 2252 Quae
631 2185 850 2256 quidem
920 2184 1121 2253 omnia,
1178 2187 1306 2256 quid
1377 2186 1519 2241 aliud
1574 2187 1790 2254 docent,
1845 2204 2010 2260 quam

452 2279 628 2349 ipsum
675 2292 862 2332 revera
892 2278 1236 2333 subsmisse?
1281 2278 1550 2348 imprimis
1578 2278 1666 2332 ubi
1712 2279 1787 2334 ait
1821 2280 2012 2335 :Duo-

453 2387 568 2424 rum
606 2371 870 2424 hominum
907 2370 1254 2424 testimonium
1283 2385 1460 2424 verum
1486 2379 1580 2424 est.
1624 2369 1735 2441 Ego
1762 2387 1899 2438 sum,
1925 2372 2013 2442 qui

452 2462 804 2516 testimonium
848 2461 1089 2529 perhibeo
1123 2461 1455 2529 mihimetipsi
1507 2475 1526 2514 :
1553 2470 1600 2513 et
1646 2463 1732 2530 qui
1765 2462 1908 2516 misit
1933 2478 2014 2516 me

453 2551 637 2617 Pater,
660 2552 723 2605 de
743 2566 823 2606 me
848 2552 893 2605 is
915 2551 1144 2618 perhibet
1167 2551 1518 2605 testimonium
1536 2551 1578 2604 τ.
1609 2551 1710 2604 Tot
1732 2551 1864 2606 locis
1891 2566 2012 2606 cum

453 2657 515 2698 se
544 2642 724 2698 vivum
754 2640 1126 2711 pradicaverit
1153 2639 1428 2708 Servator,
1461 2655 1726 2711 nusquam
1747 2655 1804 2696 se
1835 2649 2012 2696 tamen

465 2732 687 2789 Verbum
721 2732 1036 2796 nominavit,
1079 2733 1173 2787 sed
1214 2730 1430 2797 Filium,
1481 2741 1537 2786 et
1571 2731 1766 2798 lucem,
1811 2741 1866 2788 et
1899 2733 2014 2786 uni-

453 2825 715 2896 genitum,
737 2832 792 2880 et
823 2837 1016 2893 panem
1039 2827 1181 2877 vitae.
1225 2819 1398 2876 Verba
1432 2831 1611 2878 autem
1641 2837 1737 2876 sua
1773 2829 1829 2877 et
1853 2823 2013 2877 verba

455 2929 516 2971 se
550 2914 750 2970 habere
780 2913 992 2984 quidem
1045 2912 1222 2978 docet,
1277 2911 1368 2966 ubi
1398 2911 1494 2978 ait,
1529 2910 1591 2966 Si
1635 2910 1749 2981 quis
1793 2907 2014 2966 Verbum

455 3019 627 3058 meum
673 3001 1047 3058 custodiverit'
1075 3017 1090 3055 :
1121 3011 1176 3055 at
1201 3001 1570 3070 semetipsum,
1608 3000 1840 3056 Verbum
1889 3016 2016 3056 nus-

455 3108 617 3164 quam
661 3093 922 3148 nominat.
965 3091 1030 3146 Et
1060 3099 1206 3148 certe
1239 3092 1659 3148 erubescendum
1697 3091 1770 3146 illi
1817 3092 2010 3156 fuerat,

455 3185 571 3254 qui,
599 3183 747 3239 hisce
784 3184 1034 3238 omnibus
1065 3197 1171 3236 non
1202 3182 1560 3252 obstantibus,
1605 3183 1836 3238 Verbum
1869 3184 2014 3239 illum

455 3284 512 3329 et
539 3273 671 3330 nihil
713 3272 856 3328 aliud
880 3273 986 3328 nisi
1023 3272 1258 3328 Verbum
1305 3273 1624 3343 designavit.
1645 3274 1864 3331 Andisis
1888 3291 2017 3348 ergo

455 3381 575 3435 qua
605 3364 845 3435 scripsit,
881 3365 1036 3420 dixit.
1065 3365 1156 3438 [Β.
1195 3363 1487 3438 ΧΧΧἭΙ.)
1527 3385 1546 3418 ι
1573 3367 1723 3422 Adeo
1757 3375 1816 3422 ut
1838 3368 2017 3421 omni-

461 3457 665 3512 «modo
710 3455 1057 3512 manifestum
1121 3457 1301 3522 fuerit,
1375 3455 1579 3512 nullum
1632 3457 1775 3513 aliud
1823 3473 2015 3513 nomen

462 3567 480 3599 ι
509 3547 669 3605 Verbi
693 3549 980 3604 aeternitati
1006 3563 1303 3621 congruere
1324 3557 1518 3621 praeter
1539 3550 1642 3605 hoc
1664 3551 1858 3620 ipsum,
1881 3549 2020 3620 quod

459 3659 479 3693 ι
503 3640 878 3697 sanctissimus
905 3640 997 3696 Dei
1051 3640 1345 3711 discipulus
1392 3649 1449 3696 et
1483 3645 1760 3710 apostolus
1787 3641 2021 3697 Joannes

460 3751 483 3784 ι
509 3733 560 3786 in
588 3733 859 3804 principio
906 3731 1181 3804 Evangelii
1229 3732 1548 3787 nominavit.
1588 3750 1608 3785 ι
1634 3731 1700 3786 Et
1740 3733 2016 3788 secundo:

459 3842 478 3876 ι
510 3822 582 3880 Ut
609 3823 940 3889 ostenderet,
991 3823 1132 3892 quod
1176 3823 1218 3878 si
1243 3837 1439 3877 novum
1491 3837 1686 3878 nomen
1725 3821 1938 3892 aliquod
1964 3831 2020 3878 et

459 3930 480 3964 ι
510 3927 684 3982 nuper
714 3912 898 3967 datum
923 3913 973 3966 ei
1009 3911 1379 3978 conveniebat,
1409 3925 1438 3966 a
1459 3925 1600 3968 novo
1624 3921 1680 3966 et
1711 3925 1880 3983 nuper
1905 3921 2016 3967 tra-

460 4023 479 4055 σ
509 4004 621 4059 dito
657 4014 998 4070 testamento,
1030 4005 1132 4059 hoc
1167 4014 1285 4060 erat
1328 4004 1503 4075 ipsum
1533 4019 1826 4076 congruum
1856 4006 1928 4060 illi
1963 4007 2016 4062 in

459 4116 478 4148 ι
502 4110 667 4152 carne
697 4095 1102 4164 dispensationi.
1131 4114 1150 4146 ι
1186 4094 1252 4150 Ει
1271 4096 1430 4151 tertio
1448 4092 1501 4150 εἰ
1526 4094 1811 4163 Quocirca,
1837 4098 2018 4168 prius-

459 4211 478 4238 ι
501 4201 664 4258 quam
698 4187 1066 4251 descenderet,
1095 4195 1151 4241 et
1175 4187 1240 4242 de
1264 4184 1486 4258 Virgine
1513 4195 1848 4243 nasceretur.
1879 4186 2018 4244 Ver-

457 4296 481 4329 ς
496 4277 626 4331 bum
641 4285 760 4331 erat
781 4275 1170 4331 tantummodo.
1195 4275 1332 4342 Quid
1353 4277 1495 4331 enim
1513 4287 1656 4332 esset
1675 4276 1818 4332 aliud
1839 4278 2016 4348 prius-

2110 1916 2210 1970 οὐκ
2245 1915 2469 1987 ἐρυθριᾷ
2495 1917 2522 1969 6
2553 1914 2710 1986 μόνον
2754 1913 2946 1982 Λόγον,
2989 1913 3082 1966 καὶ
3123 1912 3274 1964 οὐδὲν
3313 1911 3500 1981 ἕτερον
3547 1907 3686 1962 εἶναι

2112 2007 2272 2060 αὐτὸν
2301 2006 2752 2077 ἀποφηνάμενος;
2789 2004 3118 2058 Ἐπάκουσον
3134 2003 3262 2070 γοῦν
3283 2003 3430 2064 ὅπως
3457 2000 3682 2073 ἔγραφε,

2111 2098 2303 2166 λέγων,
2343 2116 2360 2147 ι
2389 2097 2550 2150 Ὥστε
2592 2094 2923 2164 πανταχόθεν
2959 2093 3114 2164 δῆλόν
3157 2095 3274 2146 ἐστι
3306 2091 3470 2162 μηδὲν
3503 2089 3687 2158 ἕτερον

2119 2207 2137 2239 ι
2165 2191 2230 2258 τῇ
2268 2188 2527 2258 ἀῖδιότητι
2558 2185 2649 2240 τοῦ
2679 2186 2858 2255 Λόγου
2888 2184 3177 2256 ἁρμόττειν
3222 2182 3413 2252 ὄνομα,
3446 2181 3480 2252 ἢ
3517 2180 3686 2242 τοῦθ’,

2121 2298 2139 2330 ι
2163 2281 2298 2351 ὅπερ
2316 2281 2344 2332 6
2367 2277 2669 2348 άγιώτατος
2689 2277 2783 2332 τοῦ
2805 2276 2939 2331 Θεοῦ
2971 2275 3218 2348 μαθητὴς
3248 2275 3344 2329 καὶ
3393 2273 3689 2334 ἀπόστολος

2120 2392 2138 2423 ι
2180 2372 2450 2443 Ἰωάννης,
2476 2373 2534 2424 ὲν
2566 2372 2708 2443 ἀρχῇ
2741 2368 2836 2423 τοῦ
2865 2369 3192 2438 Εὑαγγελὶου
3223 2364 3526 2437 εἶπεν(17).
3554 2364 3690 2437 [Καὶ

2120 2484 2139 2517 ι
2160 2462 2367 2534 πάλιψ]
2389 2465 2502 2517 Ἵνα
2523 2463 2672 2536 δείξῃ
2691 2463 2772 2516 ὅτι
2785 2461 3095 2530 εῐτιικαινὸν
3114 2460 3206 2514 καὶ
3221 2459 3478 2530 νεώτερον
3494 2458 3687 2528 ὄνομα,

2121 2573 2142 2607 ι
2162 2554 2306 2608 τοῦτ’
2339 2554 2446 2608 ἀπὺ
2474 2553 2574 2624 τῆς
2613 2555 2805 2624 καινῆς
2835 2551 2990 2622 αὐτῷ
3022 2552 3116 2606 καὶ
3155 2551 3280 2614 νέας
3312 2551 3522 2621 ὑπῆρξε
3551 2548 3689 2603 κατά

2121 2667 2139 2698 ι
2166 2645 2344 2717 σάρκα
2370 2646 2697 2716 οἰκονομίας.
2718 2643 2851 2716 [Καὶ
2866 2640 3068 2716 αὖθις]
3091 2641 3298 2696 Οὐκοῦν
3330 2641 3436 2712 πρὸ
3467 2639 3569 2710 μὲν
3595 2635 3689 2691 τοῦ

2122 2759 2141 2791 ι
2172 2738 2575 2801 κατελθεῖν,καὶ
2601 2738 2690 2792 διὰ
2709 2739 2804 2810 τῆς
2837 2737 3109 2810 Παρθένου
3133 2736 3408 2808 τεχθῆναι,
3425 2735 3598 2803 Λόγος
3623 2729 3692 2804 ῆν

2121 2851 2141 2883 ι
2169 2833 2348 2903 μόνον.
2389 2832 2544 2885 Ἐπεὶ
2567 2832 2619 2884 τί
2648 2831 2835 2902 ἕτερον
2863 2825 2954 2901 ῆν,
2981 2830 3086 2901 πρὸ
3108 2828 3200 2883 τοῦ
3227 2828 3322 2899 τὴν
3344 2826 3690 2898 ἀνθρωπίνην

2122 2945 2140 2977 ι
2163 2923 2448 2978 ἀναλαϐεῖν
2480 2923 2677 2992 σάρκα,
2694 2923 2755 2974 τὺ
2785 2921 3049 2991 κατῆλθον
3073 2922 3157 2974 ἐπ’
3183 2919 3424 2990 ἐσχάτων
3453 2917 3561 2970 τῶν
3585 2916 3691 2986 (18)

2122 3033 2141 3065 ι
2171 3012 2390 3085 ἡμερῶν
2408 3029 2422 3078 ;
2441 3012 2516 3074 ῶς
2543 3013 2638 3066 καὶ
2664 3011 2826 3076 αὐτὸς
2851 3012 3116 3083 γέγραφε.
3135 3010 3242 3063 Καὶ
3262 3009 3322 3062 τὸ
3350 3006 3611 3078 γεννηθὲν
3631 3007 3693 3057 ὲκ

2124 3117 2141 3148 ι
2174 3100 2272 3170 τῆς
2299 3097 2574 3170 Παρθένου
2602 3099 2752 3152 οὐδὲν
2780 3099 2964 3171 ἕτερον
2989 3094 3058 3170 ῆν
3085 3099 3120 3170 ἢ
3155 3097 3345 3165 Λόγος.
3377 3114 3395 3148 ι
3445 3093 3693 3150 Τοσαῦτα

2120 3189 2423 3262 Μαρκέλλῳ
2463 3191 2634 3242 είπείν
2682 3189 2776 3242 καὶ
2811 3186 3187 3259 ἀποφήνασθαι
3229 3186 3483 3257 πάρεστι,
3508 3183 3598 3236 διὰ
3637 3183 3695 3235 τὸ

2124 3283 2199 3354 μὴ
2225 3281 2505 3353 ὁμολογεῖν
2533 3281 2624 3335 τὸν
2663 3282 2791 3335 Υἱδν
2827 3280 2922 3334 τοῦ
2959 3279 3116 3344 Θεοῦ,
3148 3278 3282 3349 πρὸς
3308 3277 3369 3330 ὃν
3398 3274 3554 3330 εἶπεν
3583 3275 3647 3329 ἂν
3665 3277 3695 3326 6

2120 3371 2525 3443 Εὑαγγελιστὴς
2581 3371 2720 3442 μέγα
2756 3369 3072 3441 ὲπιϐοήσας.
3114 3367 3179 3421 Τί
3213 3367 3349 3438 φῂς,
3404 3365 3692 3436 ἄνθρωπες

2121 3465 2195 3517 υὺ
2221 3465 2416 3534 Λόγον
2465 3463 2625 3516 αὑτὸν
2663 3462 2798 3533 ἔφην
2835 3462 2994 3533 μόνον
3019 3502 3033 3525 ,
3081 3459 3241 3515 ἀλλὰ
3285 3458 3385 3513 καὶ
3419 3457 3571 3511 Θεὸν
3600 3454 3695 3508 καὶ

2119 3552 2245 3624 φῶς
2267 3553 2334 3608 τὸ
2365 3552 2615 3624 φωτίζον
2655 3553 2853 3607 πάντα
2898 3551 3211 3621 ἄνθρωπον
3253 3550 3586 3619 ἐρχόμενον
3610 3549 3697 3610 εἰς

2117 3644 2226 3697 τὸν
2257 3644 2510 3714 κόσμον,
2540 3644 2638 3698 καὶ
2667 3642 2977 3714 Μονογενῆ
3013 3643 3150 3696 Υίὸν
3180 3641 3286 3696 τὸν
3307 3643 3396 3704 εὶς
3429 3638 3539 3692 τὸν
3561 3641 3698 3691 κόλ-

2118 3754 2237 3791 πον
2266 3737 2371 3792 τοῦ
2414 3737 2662 3804 Πατρός.
2683 3737 2774 3808 Μὴ
2793 3736 2858 3807 δὴ
2892 3737 3048 3808 μόνον
3075 3730 3167 3789 οὖν
3191 3732 3597 3802 συκοφαντείτω
3617 3746 3698 3791 τις

2118 3828 2208 3881 τὸν
2225 3827 2470 3896 θεολόγον
2490 3827 2624 3898 (19),
2645 3828 2759 3882 ἀλλ’
2784 3828 3025 3899 ἀκριϐῶς
3052 3827 3291 3880 ὲπαῐέτω
3315 3824 3700 3887 αὐτοῦ,όποίον

2119 3919 2346 3972 ὑπέθετο
2373 3919 2565 3989 Λόγον,
2581 3919 2732 3991 παρά
2764 3920 2930 3982 πόδας
2952 3918 3212 3988 συνάψας,
3255 3917 3364 3972 Καὶ
3392 3915 3542 3980 Θεὸς
3567 3910 3648 3984 ἦν
3667 3917 3703 3966 δ

2119 4016 2310 4084 Λόγος
2327 4031 2342 4046 ⁸
2369 4014 2462 4068 καὶ
2483 4012 2790 4086 προστιθεὶς
2815 4010 2896 4075 τὸ,
2915 4008 3117 4064 Πάντα
3133 4007 3208 4062 δι’
3224 4005 3412 4062 αὐτοῦ
3435 4003 3698 4074 ἐγένετο.

2119 4103 2275 4158 Κατὰ
2309 4104 2367 4157 δὲ
2418 4103 2579 4158 αὐτὸν
2626 4101 2717 4156 τὸν
2766 4099 2873 4154 τῶν
2912 4098 3048 4152 ὅλων
3089 4097 3320 4168 Σωτῆρα
3371 4093 3495 4147 οὐδὲ
3551 4092 3702 4156 ἅπαξ

2119 4195 2434 4266 ὠνόμασται
2463 4194 2653 4262 Λόγος,
2703 4190 2840 4246 ἀλλὰ
2873 4189 3002 4254 Υίὺς
3032 4187 3190 4250 Θεοῦ,
3224 4187 3317 4240 καὶ
3355 4184 3700 4254 Μονογενὴς,

2120 4287 2216 4342 καὶ
2249 4287 2383 4357 φῶς,
2429 4287 2525 4340 καὶ
2565 4285 2701 4358 ζωὴ,
2747 4285 2841 4338 καὶ
2871 4281 3116 4354 ἀλήθεια,
3151 4280 3246 4334 καὶ
3279 4278 3460 4333 πάντα
3497 4275 3701 4348 μᾶλλον

459 4383 660 4438 «quam
716 4383 938 4424 carnem
1011 4368 1302 4424 humanam
1375 4371 1707 4435 assumebat,
1764 4371 1830 4438 is,
1898 4373 2013 4442 qui,
2046 4366 2153 4448 Βῆ
2187 4377 2376 4447 Λόγος.

459 4462 649 4532 σιμιοά
688 4460 756 4517 ab
793 4462 910 4531 ipso
954 4462 1215 4532 scriptum
1277 4468 1382 4527 est,
1446 4462 1726 4517 descendit
1763 4463 1816 4516 in
1891 4466 2203 4524 novissimis
2259 4470 2626 4540 temporibus?
2675 4479 2822 4524 certe
2877 4475 3035 4522 natus
3068 4465 3134 4520 de
3190 4461 3415 4532 Virgine
3462 4462 3607 4517 nillil
3649 4476 3703 4513 a-

458 4574 479 4607 ι
502 4557 615 4611 liud
639 4564 776 4610 erat.
809 4573 829 4607 ι
858 4554 982 4610 Haec
1014 4553 1174 4609 facile
1193 4551 1295 4609 fuit
1357 4553 1592 4608 sciscere
1627 4563 1679 4608 et
1740 4555 1945 4611 sentire
2001 4556 2280 4626 Marcello,
2333 4571 2617 4632 propterea
2672 4560 2815 4630 quod
2839 4557 3035 4612 Filium
3085 4555 3177 4611 Dei
3214 4569 3318 4608 non
3352 4553 3700 4621 proﬁteatur.

453 4649 522 4704 ad
551 4662 711 4718 quem
742 4660 838 4701 sua
887 4644 1155 4700 referebat
1200 4644 1548 4714 evangelista.
1599 4644 1738 4713 Quid
1788 4648 1888 4713 ais,
1953 4649 2027 4702 mi
2065 4650 2270 4708 homo?
2336 4651 2452 4708 Non
2498 4652 2648 4706 illum
2707 4650 3045 4706 solummodo
3089 4641 3392 4700 nominavit
3442 4639 3695 4708 Verba,

451 4739 541 4793 sed
565 4746 616 4792 et
648 4735 854 4790 Deum:
884 4737 974 4789 sed
999 4741 1188 4800 lucem,
1214 4735 1604 4789 illuminantem
1661 4751 1865 4790 omnem
1903 4738 2163 4794 hominem
2208 4743 2262 4796 in
2329 4743 2467 4796 hunc
2537 4743 2791 4798 mundum
2854 4742 3140 4796 venientem
3179 4758 3200 4796 :
3238 4744 3331 4796 sed
3365 4743 3699 4814 unigenitum

455 4829 675 4893 Filium,
712 4828 801 4897 qui
836 4827 936 4897 fuit
973 4828 1029 4881 in
1067 4829 1188 4881 sinu
1228 4825 1406 4881 Patris
1429 4828 1470 4882 ’.
1514 4825 1683 4882 Nemo
1740 4828 1943 4885 idcirco
1966 4830 2035 4885 de
2071 4833 2198 4888 hinc
2245 4835 2550 4907 theologum
2619 4845 2672 4891 et
2719 4835 3098 4906 evangelistam
3145 4835 3540 4899 calumnietur,
3603 4835 3698 4887 sed

453 4935 576 4975 cum
625 4919 975 4974 accuratione
1012 4916 1160 4971 illum
1212 4918 1416 4980 audiat,
1467 4916 1756 4986 qualenam
1790 4917 2028 4974 Verbum
2067 4921 2406 4993 designabat,
2469 4941 2592 4980 eum
2620 4927 2804 4980 statim
2832 4923 3098 4991 intulerit,
3127 4923 3193 4978 Et
3230 4923 3373 4979 Deus
3398 4935 3520 4978 erat
3578 4922 3702 4976 Ver-

452 5014 594 5067 bum.
651 5010 750 5067 Cui
799 5019 855 5065 et
891 5010 1090 5079 adjecit
1132 5009 1281 5076 illud,
1336 5008 1526 5066 Omnia
1563 5027 1654 5079 per
1690 5011 1842 5066 illum
1878 5013 2019 5083 {acta
2055 5026 2176 5071 sunt
2203 5018 2268 5071 “.
2323 5020 2394 5074 At
2441 5019 2512 5075 ab
2560 5021 2793 5091 ipsomet
2854 5019 3146 5076 Servatore
3210 5017 3607 5084 universitatis,
3637 5031 3702 5070 ne

525 5157 586 5214 iis
621 5149 720 5204 Ed.
757 5147 933 5202 Paris.
961 5134 1082 5216 pag.
1111 5146 1203 5200 92.

521 5223 538 5253 ⁷
569 5219 726 5276 Joan.
751 5234 868 5285 VIII,
907 5215 995 5284 17,
1025 5218 1110 5272 18.
1184 5218 1205 5248 ⁸
1241 5215 1371 5271 ibid.
1403 5215 1492 5281 5|,
1515 5215 1604 5271 52.
1678 5218 1698 5249 ’
1728 5215 1883 5273 Joan.
1922 5234 1961 5283 ι,
2009 5243 2011 5251 ι

2114 5223 2146 5283 ι,
2188 5217 2276 5272 18.
2355 5217 2398 5249 “
2421 5217 2554 5272 ibid.
2581 5219 2636 5274 3.

519 5359 633 5430 (14)
655 5357 824 5430 Υυιιςο
847 5356 1044 5430 ζῶντος
1078 5355 1172 5409 καὶ
1207 5356 1410 5430 iam;

2114 5372 2168 5428 p.
2192 5355 2264 5430 θῇ
2284 5354 2484 5430 _D].-—
2514 5355 2632 5430 Μοιξ
2666 5355 2826 5430 vulgo
2854 5356 3082 5430 ἔγραψε.

514 5418 628 5498 (15)
655 5418 829 5498 Vulgo
856 5418 943 5498 άν,
971 5418 1038 5482 eti
1061 5441 1184 5498 mox
1211 5418 1440 5498 οὖδαμῆ.
1506 5496 1513 5498 _
1719 5494 1761 5498 _
1811 5495 1820 5498 Α

2114 5418 2132 5428 ’
2186 5427 2300 5498 (17)
2318 5418 2725 5498 Εὐαγγελιουίλ
2739 5418 2950 5498 εἰπεῖν.
2976 5418 3120 5498 Lege
3141 5418 3317 5479 εἶπεν.
3338 5423 3433 5498 ΑΗ.

517 5494 627 5568 (16)
680 5497 790 5551 Καὶ
855 5497 1051 5550 πάντα
1093 5494 2003 5568 λόγονμῆαότονζιεηίεηιαιιι

2179 5494 2290 5568 (⁷18)
2318 5494 2488 5568 Vulgo
2507 5494 2632 5553 'om.
2660 5495 2786 5549 τῶν.
2820 5496 2940 5568 Mox
2966 5494 3127 5566 vulgo
3160 5495 3407 5568 ualeat;
3429 5513 3490 5568 τ.
3538 5511 3592 5562 φ.
3631 5507 3690 5542 π.

447 5566 572 5621 sont
597 5566 721 5632 ista,
757 5569 896 5620 forte
922 5568 1220 5636 legendum.
1250 5567 1344 5618 καὶ
1377 5567 1647 5636 πανταχοῦ
1664 5566 1817 5634 λόγον
1844 5568 2002 5688 rige-

449 5655 582 5689 οων.
619 5637 712 5689 καὶ
744 5637 940 5689 πάντα.
969 5637 1002 5689 ἦ
1042 5635 1136 5689 καὶ
1169 5635 1328 5688 αὑτὸν
1363 5635 1518 5689 λόγον
1547 5637 1643 5689 μὲν
1676 5636 1818 5689 ἐγειν
1853 5636 1882 5687 δ
1935 5638 2000 5689 ά-

2114 5566 2202 5620 Ξνθ
2247 5566 2409 5638 ,⁷ὲρχ.
2431 5566 2532 5630 ﬁsi;
2549 5584 2600 5620 τ.
2630 5585 2686 5620 κ.
2721 5568 2812 5620 καὶ
2835 5566 2968 5621 Θεὸν
2999 5567 3097 5620 καὶ
3180 5605 3194 5619 .
3232 5567 3362 5620 Υίὸν
3391 5567 3486 5619 τὸν
3519 5569 3596 5626 εἰς
3639 5579 3694 5612 κ.

2114 5655 2150 5689 τ.
2303 5639 2396 5689 καὶ
2426 5639 2486 5689 οὐ
2513 5637 2666 5689 λόγον
2703 5636 2858 5689 μόνον
2887 5637 2990 5689 ἔφη
3021 5583 3202 5689 αὐτόν.
3237 5632 3480 5689 ΜὴὉῦν.

449 5655 582 5705 φῶν,
619 5637 712 5690 καὶ
744 5637 940 5709 πάντα,
1042 5635 1136 5690 καὶ
1167 5635 1328 5709 αὑτὸν
1363 5632 1643 5709 λόγονγμεν
1676 5632 1818 5706 ἔχειν
1853 5632 2000 5709 διδά-
2101 5655 2150 5690 τ.
2173 5632 2267 5699 Π.,
2303 5632 2396 5709 καὶ
2426 5639 2486 5692 οὐ
2513 5637 2666 5709 λόγον
2701 5636 2867 5709 μόνον
2887 5637 2990 5709 ἔφη
3021 5632 3202 5709 αὐτόν.
3237 5637 3332 5709 Μὴ
3347 5632 3480 5704 ξοῦν.

449 5724 594 5760 σκων
621 5709 838 5776 φάσκει.
869 5706 1073 5778 §ensus
1088 5707 1284 5778 opinor
1311 5715 1394 5760 est
1423 5707 1646 5778 abistis
1678 5722 1785 5778 non
1813 5707 1996 5778 admo-

2175 5709 2288 5778 (19)
2321 5708 2489 5777 Vulgo
2505 5706 2760 5776 θεολόγον
2789 5707 2880 5761 καὶ
2909 5706 3323 5776 εὐαγγελιστήν.

446 5779 569 5832 dum
594 5780 854 5834 diversus.
876 5775 1019 5833 M.—
1034 5775 1166 5850 [Καὶ
1189 5777 1363 5832 πάντα
1396 5775 1594 5847 μᾶλλον
1611 5775 1643 5847 ἢ
1662 5776 1829 5844 Λόγον
1866 5775 1908 5827 li
1933 5777 2002 5828 cl.
