  <div class='ocr_page' id='page_1' title='image "/cluster/home/n/w/nwhite01/storage/ocr_20150623/24/nnc1.0046978259/518.png"; bbox 0 0 3838 6222; ppageno 0'>
   <div class='ocr_carea' id='block_1_1' title="bbox 213 324 312 378">
    <p class='ocr_par' dir='ltr' id='par_1_1' title="bbox 213 324 312 378">
     <span class='ocr_line' id='line_1_1' title="bbox 213 324 312 378; baseline 0 -1"><span class='ocrx_word' id='word_1_1' title='bbox 213 324 312 378; x_wconf 76' lang='lat'><strong>881</strong></span> 
     </span>
    </p>
   </div>
   <div class='ocr_carea' id='block_1_2' title="bbox 1160 319 2501 377">
    <p class='ocr_par' dir='ltr' id='par_1_2' title="bbox 1160 319 2501 377">
     <span class='ocr_line' id='line_1_2' title="bbox 1160 319 2501 377; baseline 0.002 -4"><span class='ocrx_word' id='word_1_2' title='bbox 1160 319 1249 374; x_wconf 85' lang='lat' dir='ltr'><strong>DE</strong></span> <span class='ocrx_word' id='word_1_3' title='bbox 1283 320 1817 377; x_wconf 70' lang='lat' dir='ltr'><strong>ECCLESlASTlCA</strong></span> <span class='ocrx_word' id='word_1_4' title='bbox 1858 319 2417 377; x_wconf 77' lang='lat' dir='ltr'><strong>&#39;IHEOLOGIALIB.</strong></span> <span class='ocrx_word' id='word_1_5' title='bbox 2458 320 2501 376; x_wconf 90' lang='lat' dir='ltr'><strong>l.</strong></span> 
     </span>
    </p>
   </div>
   <div class='ocr_carea' id='block_1_3' title="bbox 3347 321 3452 379">
    <p class='ocr_par' dir='ltr' id='par_1_3' title="bbox 3347 321 3452 379">
     <span class='ocr_line' id='line_1_3' title="bbox 3347 321 3452 379; baseline -0.019 0"><span class='ocrx_word' id='word_1_6' title='bbox 3347 321 3452 379; x_wconf 79' lang='lat'><strong>832</strong></span> 
     </span>
    </p>
   </div>
   <div class='ocr_carea' id='block_1_4' title="bbox 214 426 3448 514">
    <p class='ocr_par' dir='ltr' id='par_1_4' title="bbox 214 426 3448 514">
     <span class='ocr_line' id='line_1_4' title="bbox 214 426 3448 514; baseline -0 -19"><span class='ocrx_word' id='word_1_7' title='bbox 214 440 398 506; x_wconf 57' lang='lat' dir='ltr'><strong>semek</strong></span> <span class='ocrx_word' id='word_1_8' title='bbox 421 438 636 509; x_wconf 84' lang='lat' dir='ltr'><strong>quidem</strong></span> <span class='ocrx_word' id='word_1_9' title='bbox 673 426 905 493; x_wconf 75' lang='lat' dir='ltr'><strong>Verbum</strong></span> <span class='ocrx_word' id='word_1_10' title='bbox 944 440 1277 504; x_wconf 86' lang='lat' dir='ltr'><strong>nominatur,</strong></span> <span class='ocrx_word' id='word_1_11' title='bbox 1307 441 1404 496; x_wconf 90' lang='lat' dir='ltr'><strong>sed</strong></span> <span class='ocrx_word' id='word_1_12' title='bbox 1460 439 1629 497; x_wconf 89' lang='lat' dir='ltr'><strong>Filius</strong></span> <span class='ocrx_word' id='word_1_13' title='bbox 1669 441 1784 509; x_wconf 85' lang='lat' dir='ltr'><strong>Dei,</strong></span> <span class='ocrx_word' id='word_1_14' title='bbox 1822 440 1917 496; x_wconf 82' lang='lat' dir='ltr'><strong>sed</strong></span> <span class='ocrx_word' id='word_1_15' title='bbox 1948 442 2276 514; x_wconf 83' lang='lat' dir='ltr'><strong>unigenitus.</strong></span> <span class='ocrx_word' id='word_1_16' title='bbox 2318 443 2412 498; x_wconf 88' lang='lat' dir='ltr'><strong>sed</strong></span> <span class='ocrx_word' id='word_1_17' title='bbox 2440 440 2553 507; x_wconf 83' lang='lat' dir='ltr'><strong>lux,</strong></span> <span class='ocrx_word' id='word_1_18' title='bbox 2617 440 2713 497; x_wconf 88' lang='lat' dir='ltr'><strong>sed</strong></span> <span class='ocrx_word' id='word_1_19' title='bbox 2754 440 2888 506; x_wconf 77' lang='lat' dir='ltr'><strong>vita,</strong></span> <span class='ocrx_word' id='word_1_20' title='bbox 2944 440 3038 497; x_wconf 87' lang='lat' dir='ltr'><strong>sed</strong></span> <span class='ocrx_word' id='word_1_21' title='bbox 3072 440 3270 496; x_wconf 81' lang='lat' dir='ltr'><strong>veritas</strong></span> <span class='ocrx_word' id='word_1_22' title='bbox 3305 457 3320 495; x_wconf 88' lang='lat'><strong>:</strong></span> <span class='ocrx_word' id='word_1_23' title='bbox 3355 432 3448 497; x_wconf 87' lang='lat' dir='ltr'><strong>sed</strong></span> 
     </span>
    </p>
   </div>
   <div class='ocr_carea' id='block_1_5' title="bbox 212 533 1072 602">
    <p class='ocr_par' dir='ltr' id='par_1_5' title="bbox 212 533 1072 602">
     <span class='ocr_line' id='line_1_5' title="bbox 212 533 1072 602; baseline -0.002 -14"><span class='ocrx_word' id='word_1_24' title='bbox 212 535 391 588; x_wconf 84' lang='lat' dir='ltr'><strong>omnia</strong></span> <span class='ocrx_word' id='word_1_25' title='bbox 422 533 598 601; x_wconf 88' lang='lat' dir='ltr'><strong>potius</strong></span> <span class='ocrx_word' id='word_1_26' title='bbox 628 547 787 602; x_wconf 87' lang='lat' dir='ltr'><strong>quam</strong></span> <span class='ocrx_word' id='word_1_27' title='bbox 816 533 1072 587; x_wconf 82' lang='lat' dir='ltr'><strong>Verbum.</strong></span> 
     </span>
    </p>
   </div>
   <div class='ocr_carea' id='block_1_6' title="bbox 282 617 1781 699">
    <p class='ocr_par' dir='ltr' id='par_1_6' title="bbox 282 622 1774 699">
     <span class='ocr_line' id='line_1_6' title="bbox 282 622 1774 699; baseline 0.002 -22"><span class='ocrx_word' id='word_1_28' title='bbox 282 630 352 695; x_wconf 83' lang='grc' dir='ltr'><strong>η’.</strong></span> <span class='ocrx_word' id='word_1_29' title='bbox 388 624 451 676; x_wconf 82' lang='lat' dir='ltr'><strong>El</strong></span> <span class='ocrx_word' id='word_1_30' title='bbox 483 622 540 676; x_wconf 78' lang='grc' dir='ltr'><strong>δὲ</strong></span> <span class='ocrx_word' id='word_1_31' title='bbox 570 622 900 692; x_wconf 86' lang='grc' dir='ltr'>λέγοιταῦτα</span> <span class='ocrx_word' id='word_1_32' title='bbox 932 626 995 676; x_wconf 86' lang='grc' dir='ltr'><strong>ἐκ</strong></span> <span class='ocrx_word' id='word_1_33' title='bbox 1028 623 1128 694; x_wconf 84' lang='grc' dir='ltr'>τῆς</span> <span class='ocrx_word' id='word_1_34' title='bbox 1153 625 1360 696; x_wconf 79' lang='grc' dir='ltr'><strong>Καινῆς</strong></span> <span class='ocrx_word' id='word_1_35' title='bbox 1391 627 1664 699; x_wconf 84' lang='grc' dir='ltr'>Διαθήκης</span> <span class='ocrx_word' id='word_1_36' title='bbox 1696 628 1774 680; x_wconf 84' lang='grc' dir='ltr'><strong>εἰ·</strong></span> 
     </span>
    </p>
   </div>
   <div class='ocr_carea' id='block_1_7' title="bbox 1885 617 3444 699">
    <p class='ocr_par' dir='ltr' id='par_1_7' title="bbox 1945 617 3444 692">
     <span class='ocr_line' id='line_1_7' title="bbox 1945 617 3444 692; baseline -0.003 -15"><span class='ocrx_word' id='word_1_37' title='bbox 1945 623 1998 678; x_wconf 86' lang='grc'>8.</span> <span class='ocrx_word' id='word_1_38' title='bbox 2029 621 2180 691; x_wconf 85' lang='lat' dir='ltr'><strong>Quod</strong></span> <span class='ocrx_word' id='word_1_39' title='bbox 2197 623 2241 677; x_wconf 89' lang='lat' dir='ltr'><strong>si</strong></span> <span class='ocrx_word' id='word_1_40' title='bbox 2257 621 2345 677; x_wconf 85' lang='lat' dir='ltr'><strong>bic</strong></span> <span class='ocrx_word' id='word_1_41' title='bbox 2365 629 2618 692; x_wconf 87' lang='lat' dir='ltr'><strong>opponat,</strong></span> <span class='ocrx_word' id='word_1_42' title='bbox 2635 622 2736 677; x_wconf 85' lang='lat' dir='ltr'><strong>has</strong></span> <span class='ocrx_word' id='word_1_43' title='bbox 2758 618 2824 676; x_wconf 81' lang='lat' dir='ltr'><strong>de</strong></span> <span class='ocrx_word' id='word_1_44' title='bbox 2853 618 3002 674; x_wconf 85' lang='lat' dir='ltr'><strong>Novo</strong></span> <span class='ocrx_word' id='word_1_45' title='bbox 3017 617 3360 674; x_wconf 83' lang='lat' dir='ltr'><strong>Testamento</strong></span> <span class='ocrx_word' id='word_1_46' title='bbox 3385 625 3444 682; x_wconf 57' lang='grc' dir='ltr'><strong>Ψ</strong></span> 
     </span>
    </p>
   </div>
   <div class='ocr_carea' id='block_1_8' title="bbox 214 711 1784 786">
    <p class='ocr_par' dir='ltr' id='par_1_8' title="bbox 214 711 1784 786">
     <span class='ocr_line' id='line_1_8' title="bbox 214 711 1784 786; baseline 0.003 -20"><span class='ocrx_word' id='word_1_47' title='bbox 214 711 433 783; x_wconf 76' lang='grc' dir='ltr'>ρῆσθαι,</span> <span class='ocrx_word' id='word_1_48' title='bbox 458 711 775 784; x_wconf 86' lang='grc' dir='ltr'>λεχθήσεται</span> <span class='ocrx_word' id='word_1_49' title='bbox 799 713 965 784; x_wconf 82' lang='grc' dir='ltr'>αὐτῷ,</span> <span class='ocrx_word' id='word_1_50' title='bbox 997 715 1079 767; x_wconf 83' lang='grc' dir='ltr'>ὅτι</span> <span class='ocrx_word' id='word_1_51' title='bbox 1111 715 1206 767; x_wconf 84' lang='grc' dir='ltr'>καὶ</span> <span class='ocrx_word' id='word_1_52' title='bbox 1235 715 1318 779; x_wconf 83' lang='grc' dir='ltr'><strong>τὸ,</strong></span> <span class='ocrx_word' id='word_1_53' title='bbox 1367 716 1468 770; x_wconf 86' lang='grc' dir='ltr'>Ἐν</span> <span class='ocrx_word' id='word_1_54' title='bbox 1485 715 1642 784; x_wconf 78' lang='grc' dir='ltr'><strong>ἀρχῇ</strong></span> <span class='ocrx_word' id='word_1_55' title='bbox 1657 713 1784 786; x_wconf 79' lang='grc' dir='ltr'><strong><em>ἦνό</em></strong></span> 
     </span>
    </p>
   </div>
   <div class='ocr_carea' id='block_1_9' title="bbox 211 801 1784 878">
    <p class='ocr_par' dir='ltr' id='par_1_9' title="bbox 211 801 1784 878">
     <span class='ocr_line' id='line_1_9' title="bbox 211 801 1784 878; baseline 0.003 -20"><span class='ocrx_word' id='word_1_56' title='bbox 211 804 423 874; x_wconf 73' lang='grc' dir='ltr'>Λόγος,</span> <span class='ocrx_word' id='word_1_57' title='bbox 450 804 555 857; x_wconf 81' lang='grc' dir='ltr'>οὐδ’</span> <span class='ocrx_word' id='word_1_58' title='bbox 586 804 847 876; x_wconf 80' lang='grc' dir='ltr'><strong>ἑτέρωθεν</strong></span> <span class='ocrx_word' id='word_1_59' title='bbox 874 801 997 877; x_wconf 81' lang='grc' dir='ltr'>ἦνῆ</span> <span class='ocrx_word' id='word_1_60' title='bbox 1028 805 1088 870; x_wconf 77' lang='grc' dir='ltr'>ἐξ</span> <span class='ocrx_word' id='word_1_61' title='bbox 1119 806 1306 877; x_wconf 83' lang='grc' dir='ltr'>αὐτῆς.</span> <span class='ocrx_word' id='word_1_62' title='bbox 1340 808 1435 861; x_wconf 86' lang='grc' dir='ltr'>Ἓν</span> <span class='ocrx_word' id='word_1_63' title='bbox 1458 807 1568 878; x_wconf 88' lang='lat'>(20)</span> <span class='ocrx_word' id='word_1_64' title='bbox 1601 807 1666 878; x_wconf 81' lang='grc' dir='ltr'><strong>δὴ</strong></span> <span class='ocrx_word' id='word_1_65' title='bbox 1691 804 1784 862; x_wconf 83' lang='grc' dir='ltr'>οῦν</span> 
     </span>
    </p>
   </div>
   <div class='ocr_carea' id='block_1_10' title="bbox 212 891 1783 964">
    <p class='ocr_par' dir='ltr' id='par_1_10' title="bbox 212 891 1783 964">
     <span class='ocr_line' id='line_1_10' title="bbox 212 891 1783 964; baseline 0.002 -20"><span class='ocrx_word' id='word_1_66' title='bbox 212 894 307 944; x_wconf 68' lang='grc' dir='ltr'>καὶ</span> <span class='ocrx_word' id='word_1_67' title='bbox 334 892 396 944; x_wconf 86' lang='grc' dir='ltr'><strong>τὸ</strong></span> <span class='ocrx_word' id='word_1_68' title='bbox 426 891 558 945; x_wconf 81' lang='grc' dir='ltr'>αὐτὸ</span> <span class='ocrx_word' id='word_1_69' title='bbox 594 892 941 961; x_wconf 82' lang='grc' dir='ltr'>Εὐαγγέλιον,</span> <span class='ocrx_word' id='word_1_70' title='bbox 971 894 999 945; x_wconf 92' lang='lat'><strong>6</strong></span> <span class='ocrx_word' id='word_1_71' title='bbox 1032 892 1192 956; x_wconf 87' lang='grc' dir='ltr'>αὐτός</span> <span class='ocrx_word' id='word_1_72' title='bbox 1229 911 1287 946; x_wconf 87' lang='grc' dir='ltr'><strong>τε</strong></span> <span class='ocrx_word' id='word_1_73' title='bbox 1319 892 1725 964; x_wconf 84' lang='grc' dir='ltr'>εὐαγγελιστὴς,</span> <span class='ocrx_word' id='word_1_74' title='bbox 1755 894 1783 947; x_wconf 89' lang='lat'><strong>6</strong></span> 
     </span>
    </p>
   </div>
   <div class='ocr_carea' id='block_1_11' title="bbox 212 983 1782 1056">
    <p class='ocr_par' dir='ltr' id='par_1_11' title="bbox 212 983 1782 1056">
     <span class='ocr_line' id='line_1_11' title="bbox 212 983 1782 1056; baseline 0.001 -20"><span class='ocrx_word' id='word_1_75' title='bbox 212 984 386 1051; x_wconf 83' lang='grc' dir='ltr'>Λόγον</span> <span class='ocrx_word' id='word_1_76' title='bbox 427 985 587 1038; x_wconf 80' lang='grc' dir='ltr'>αὑτὸν</span> <span class='ocrx_word' id='word_1_77' title='bbox 616 983 803 1050; x_wconf 79' lang='grc' dir='ltr'>εἰπὼν,</span> <span class='ocrx_word' id='word_1_78' title='bbox 838 984 933 1038; x_wconf 75' lang='grc' dir='ltr'>καὶ</span> <span class='ocrx_word' id='word_1_79' title='bbox 962 984 1030 1037; x_wconf 87' lang='grc' dir='ltr'>τὰ</span> <span class='ocrx_word' id='word_1_80' title='bbox 1062 985 1221 1039; x_wconf 82' lang='grc' dir='ltr'>λοιπά</span> <span class='ocrx_word' id='word_1_81' title='bbox 1251 987 1427 1040; x_wconf 87' lang='grc' dir='ltr'>πάντα</span> <span class='ocrx_word' id='word_1_82' title='bbox 1457 984 1585 1056; x_wconf 63' lang='grc' dir='ltr'><strong>περὶ⁹</strong></span> <span class='ocrx_word' id='word_1_83' title='bbox 1618 984 1782 1039; x_wconf 87' lang='grc' dir='ltr'>αὐτοῦ</span> 
     </span>
    </p>
   </div>
   <div class='ocr_carea' id='block_1_12' title="bbox 212 1075 1783 1146">
    <p class='ocr_par' dir='ltr' id='par_1_12' title="bbox 212 1075 1783 1146">
     <span class='ocr_line' id='line_1_12' title="bbox 212 1075 1783 1146; baseline 0.003 -20"><span class='ocrx_word' id='word_1_84' title='bbox 212 1075 609 1146; x_wconf 80' lang='grc' dir='ltr'>συνεγράψατο.</span> <span class='ocrx_word' id='word_1_85' title='bbox 669 1077 780 1129; x_wconf 75' lang='grc' dir='ltr'><strong>Καὶ</strong></span> <span class='ocrx_word' id='word_1_86' title='bbox 837 1075 1046 1140; x_wconf 84' lang='grc' dir='ltr'><strong>Παῦλος</strong></span> <span class='ocrx_word' id='word_1_87' title='bbox 1095 1078 1154 1131; x_wconf 88' lang='grc' dir='ltr'><strong>δέ</strong></span> <span class='ocrx_word' id='word_1_88' title='bbox 1207 1081 1235 1133; x_wconf 97' lang='lat'><strong>6</strong></span> <span class='ocrx_word' id='word_1_89' title='bbox 1281 1079 1420 1142; x_wconf 85' lang='grc' dir='ltr'>θεῖος</span> <span class='ocrx_word' id='word_1_90' title='bbox 1464 1077 1783 1143; x_wconf 82' lang='grc' dir='ltr'>Ἀπόστολος</span> 
     </span>
    </p>
   </div>
   <div class='ocr_carea' id='block_1_13' title="bbox 213 1165 411 1233">
    <p class='ocr_par' dir='ltr' id='par_1_13' title="bbox 213 1165 411 1233">
     <span class='ocr_line' id='line_1_13' title="bbox 213 1165 411 1233; baseline 0.015 -16"><span class='ocrx_word' id='word_1_91' title='bbox 213 1165 411 1233; x_wconf 79' lang='grc' dir='ltr'>λέγων’</span> 
     </span>
    </p>
   </div>
   <div class='ocr_carea' id='block_1_14' title="bbox 283 1338 1781 1415">
    <p class='ocr_par' dir='ltr' id='par_1_14' title="bbox 283 1338 1781 1415">
     <span class='ocr_line' id='line_1_14' title="bbox 283 1338 1781 1415; baseline 0.005 -20"><span class='ocrx_word' id='word_1_92' title='bbox 283 1342 347 1395; x_wconf 82' lang='grc' dir='ltr'><strong>Θ’.</strong></span> <span class='ocrx_word' id='word_1_93' title='bbox 384 1343 545 1413; x_wconf 81' lang='grc' dir='ltr'>Ἡμῖν</span> <span class='ocrx_word' id='word_1_94' title='bbox 571 1338 659 1410; x_wconf 79' lang='grc' dir='ltr'>εἷς</span> <span class='ocrx_word' id='word_1_95' title='bbox 690 1345 833 1411; x_wconf 85' lang='grc' dir='ltr'><strong>Θεὸς</strong></span> <span class='ocrx_word' id='word_1_96' title='bbox 855 1348 887 1399; x_wconf 91' lang='lat' dir='ltr'><strong>o&#39;</strong></span> <span class='ocrx_word' id='word_1_97' title='bbox 910 1346 1132 1415; x_wconf 79' lang='grc' dir='ltr'>Πατὴρ,</span> <span class='ocrx_word' id='word_1_98' title='bbox 1153 1346 1222 1411; x_wconf 81' lang='grc' dir='ltr'><strong>ἐξ</strong></span> <span class='ocrx_word' id='word_1_99' title='bbox 1245 1342 1317 1403; x_wconf 86' lang='grc' dir='ltr'><strong>οὗ</strong></span> <span class='ocrx_word' id='word_1_100' title='bbox 1346 1348 1419 1401; x_wconf 86' lang='grc' dir='ltr'>τὰ</span> <span class='ocrx_word' id='word_1_101' title='bbox 1439 1347 1653 1411; x_wconf 84' lang='grc' dir='ltr'>πάντα,</span> <span class='ocrx_word' id='word_1_102' title='bbox 1685 1347 1781 1402; x_wconf 73' lang='grc' dir='ltr'>καὶ</span> 
     </span>
    </p>
   </div>
   <div class='ocr_carea' id='block_1_15' title="bbox 210 1429 1784 1509">
    <p class='ocr_par' dir='ltr' id='par_1_15' title="bbox 210 1429 1784 1509">
     <span class='ocr_line' id='line_1_15' title="bbox 210 1429 1784 1509; baseline 0.005 -23"><span class='ocrx_word' id='word_1_103' title='bbox 210 1429 301 1500; x_wconf 76' lang='grc' dir='ltr'>εἷς</span> <span class='ocrx_word' id='word_1_104' title='bbox 325 1434 538 1502; x_wconf 83' lang='grc' dir='ltr'>Κύριος</span> <span class='ocrx_word' id='word_1_105' title='bbox 572 1436 811 1504; x_wconf 83' lang='grc' dir='ltr'>Ἰησοῦς</span> <span class='ocrx_word' id='word_1_106' title='bbox 837 1440 1111 1506; x_wconf 80' lang='grc' dir='ltr'>Χριστὸς,</span> <span class='ocrx_word' id='word_1_107' title='bbox 1139 1438 1212 1492; x_wconf 84' lang='grc' dir='ltr'><strong>δι’</strong></span> <span class='ocrx_word' id='word_1_108' title='bbox 1242 1434 1314 1494; x_wconf 87' lang='grc' dir='ltr'>οὗ</span> <span class='ocrx_word' id='word_1_109' title='bbox 1345 1440 1419 1493; x_wconf 86' lang='grc' dir='ltr'>τὰ</span> <span class='ocrx_word' id='word_1_110' title='bbox 1445 1438 1660 1506; x_wconf 80' lang='grc' dir='ltr'>πάντα,</span> <span class='ocrx_word' id='word_1_111' title='bbox 1692 1439 1784 1509; x_wconf 83' lang='grc' dir='ltr'><strong>δῆ-</strong></span> 
     </span>
    </p>
   </div>
   <div class='ocr_carea' id='block_1_16' title="bbox 209 1525 1783 1604">
    <p class='ocr_par' dir='ltr' id='par_1_16' title="bbox 209 1525 1783 1604">
     <span class='ocr_line' id='line_1_16' title="bbox 209 1525 1783 1604; baseline 0.004 -27"><span class='ocrx_word' id='word_1_112' title='bbox 209 1525 303 1590; x_wconf 84' lang='grc' dir='ltr'><strong>λός</strong></span> <span class='ocrx_word' id='word_1_113' title='bbox 337 1526 452 1579; x_wconf 82' lang='grc' dir='ltr'>ἐστι</span> <span class='ocrx_word' id='word_1_114' title='bbox 489 1528 581 1580; x_wconf 85' lang='grc' dir='ltr'><strong>τὸν</strong></span> <span class='ocrx_word' id='word_1_115' title='bbox 615 1528 720 1599; x_wconf 85' lang='grc' dir='ltr'><strong>πρὸ</strong></span> <span class='ocrx_word' id='word_1_116' title='bbox 749 1529 847 1600; x_wconf 80' lang='grc' dir='ltr'>τῆς</span> <span class='ocrx_word' id='word_1_117' title='bbox 877 1531 1140 1601; x_wconf 87' lang='grc' dir='ltr'>ἐνσάρκου</span> <span class='ocrx_word' id='word_1_118' title='bbox 1182 1532 1483 1604; x_wconf 81' lang='grc' dir='ltr'><strong>παρουσίας</strong></span> <span class='ocrx_word' id='word_1_119' title='bbox 1532 1531 1659 1585; x_wconf 77' lang='grc' dir='ltr'>Υἱὸν</span> <span class='ocrx_word' id='word_1_120' title='bbox 1690 1531 1783 1585; x_wconf 84' lang='grc' dir='ltr'><strong>τοῦ</strong></span> 
     </span>
    </p>
   </div>
   <div class='ocr_carea' id='block_1_17' title="bbox 211 1611 1782 1694">
    <p class='ocr_par' dir='ltr' id='par_1_17' title="bbox 211 1611 1782 1694">
     <span class='ocr_line' id='line_1_17' title="bbox 211 1611 1782 1694; baseline 0.004 -25"><span class='ocrx_word' id='word_1_121' title='bbox 211 1616 373 1681; x_wconf 82' lang='grc' dir='ltr'><strong>Θεοῦ,</strong></span> <span class='ocrx_word' id='word_1_122' title='bbox 414 1617 481 1670; x_wconf 83' lang='grc' dir='ltr'>δι’</span> <span class='ocrx_word' id='word_1_123' title='bbox 524 1611 585 1671; x_wconf 80' lang='grc' dir='ltr'>οῦ</span> <span class='ocrx_word' id='word_1_124' title='bbox 617 1618 686 1673; x_wconf 85' lang='grc' dir='ltr'><strong>τὰ</strong></span> <span class='ocrx_word' id='word_1_125' title='bbox 719 1620 895 1673; x_wconf 90' lang='grc' dir='ltr'>πάντα</span> <span class='ocrx_word' id='word_1_126' title='bbox 928 1622 1162 1689; x_wconf 85' lang='grc' dir='ltr'>ἐγένετο,</span> <span class='ocrx_word' id='word_1_127' title='bbox 1193 1624 1253 1676; x_wconf 83' lang='grc' dir='ltr'>οὐ</span> <span class='ocrx_word' id='word_1_128' title='bbox 1285 1623 1454 1692; x_wconf 84' lang='grc' dir='ltr'>Λόγον</span> <span class='ocrx_word' id='word_1_129' title='bbox 1484 1622 1782 1694; x_wconf 82' lang='grc' dir='ltr'><strong>ὀνομάζων,</strong></span> 
     </span>
    </p>
   </div>
   <div class='ocr_carea' id='block_1_18' title="bbox 212 1708 1783 1783">
    <p class='ocr_par' dir='ltr' id='par_1_18' title="bbox 212 1708 1783 1783">
     <span class='ocr_line' id='line_1_18' title="bbox 212 1708 1783 1783; baseline 0.003 -23"><span class='ocrx_word' id='word_1_130' title='bbox 212 1708 351 1762; x_wconf 76' lang='grc' dir='ltr'>ἀλλὰ</span> <span class='ocrx_word' id='word_1_131' title='bbox 367 1708 569 1781; x_wconf 80' lang='grc' dir='ltr'>Κύριον</span> <span class='ocrx_word' id='word_1_132' title='bbox 602 1710 807 1782; x_wconf 82' lang='grc' dir='ltr'>Ἰησοῦν</span> <span class='ocrx_word' id='word_1_133' title='bbox 842 1712 933 1765; x_wconf 71' lang='grc' dir='ltr'>καὶ</span> <span class='ocrx_word' id='word_1_134' title='bbox 954 1713 1207 1783; x_wconf 86' lang='grc' dir='ltr'>Χριστόν.</span> <span class='ocrx_word' id='word_1_135' title='bbox 1240 1713 1377 1766; x_wconf 86' lang='grc' dir='ltr'>Ἀλλ’</span> <span class='ocrx_word' id='word_1_136' title='bbox 1404 1712 1516 1783; x_wconf 80' lang='lat' dir='ltr'>(2i)</span> <span class='ocrx_word' id='word_1_137' title='bbox 1545 1715 1596 1766; x_wconf 88' lang='grc' dir='ltr'>εἰ</span> <span class='ocrx_word' id='word_1_138' title='bbox 1643 1712 1783 1767; x_wconf 77' lang='grc' dir='ltr'>κατὰ</span> 
     </span>
    </p>
   </div>
   <div class='ocr_carea' id='block_1_19' title="bbox 212 1796 1785 1876">
    <p class='ocr_par' dir='ltr' id='par_1_19' title="bbox 212 1796 1785 1876">
     <span class='ocr_line' id='line_1_19' title="bbox 212 1796 1785 1876; baseline 0.004 -24"><span class='ocrx_word' id='word_1_139' title='bbox 212 1800 532 1872; x_wconf 84' lang='grc' dir='ltr'>Μάρκελλον</span> <span class='ocrx_word' id='word_1_140' title='bbox 557 1796 638 1865; x_wconf 77' lang='grc' dir='ltr'>εἷς</span> <span class='ocrx_word' id='word_1_141' title='bbox 664 1804 756 1856; x_wconf 76' lang='grc' dir='ltr'>καὶ</span> <span class='ocrx_word' id='word_1_142' title='bbox 784 1806 813 1857; x_wconf 93' lang='lat'><strong>6</strong></span> <span class='ocrx_word' id='word_1_143' title='bbox 837 1804 995 1868; x_wconf 81' lang='grc' dir='ltr'>αὐτὸς</span> <span class='ocrx_word' id='word_1_144' title='bbox 1020 1800 1087 1875; x_wconf 79' lang='grc' dir='ltr'>ἦν</span> <span class='ocrx_word' id='word_1_145' title='bbox 1118 1806 1147 1858; x_wconf 90' lang='grc' dir='ltr'><strong>ό</strong></span> <span class='ocrx_word' id='word_1_146' title='bbox 1182 1803 1333 1869; x_wconf 82' lang='grc' dir='ltr'>Θεὸς,</span> <span class='ocrx_word' id='word_1_147' title='bbox 1369 1805 1462 1859; x_wconf 77' lang='grc' dir='ltr'>καὶ</span> <span class='ocrx_word' id='word_1_148' title='bbox 1490 1806 1518 1858; x_wconf 90' lang='lat'><strong>6</strong></span> <span class='ocrx_word' id='word_1_149' title='bbox 1552 1807 1609 1859; x_wconf 86' lang='grc' dir='ltr'><strong>ἐν</strong></span> <span class='ocrx_word' id='word_1_150' title='bbox 1638 1805 1785 1876; x_wconf 83' lang='grc' dir='ltr'><strong>αὐτῷ</strong></span> 
     </span>
    </p>
   </div>
   <div class='ocr_carea' id='block_1_20' title="bbox 214 1893 1785 1967">
    <p class='ocr_par' dir='ltr' id='par_1_20' title="bbox 214 1893 1785 1967">
     <span class='ocr_line' id='line_1_20' title="bbox 214 1893 1785 1967; baseline 0.004 -22"><span class='ocrx_word' id='word_1_151' title='bbox 214 1893 386 1961; x_wconf 81' lang='grc' dir='ltr'>Λόγος</span> <span class='ocrx_word' id='word_1_152' title='bbox 407 1893 538 1964; x_wconf 79' lang='lat'>(22),</span> <span class='ocrx_word' id='word_1_153' title='bbox 568 1895 800 1967; x_wconf 76' lang='grc' dir='ltr'><strong>ἐπήρκει</strong></span> <span class='ocrx_word' id='word_1_154' title='bbox 827 1895 905 1966; x_wconf 86' lang='grc' dir='ltr'>τῷ</span> <span class='ocrx_word' id='word_1_155' title='bbox 933 1895 1238 1967; x_wconf 80' lang='grc' dir='ltr'>’Λποστόλῳ</span> <span class='ocrx_word' id='word_1_156' title='bbox 1267 1898 1463 1966; x_wconf 84' lang='grc' dir='ltr'>φάναι·</span> <span class='ocrx_word' id='word_1_157' title='bbox 1502 1897 1673 1967; x_wconf 83' lang='grc' dir='ltr'><strong>Ἡμῖν</strong></span> <span class='ocrx_word' id='word_1_158' title='bbox 1696 1893 1785 1964; x_wconf 81' lang='grc' dir='ltr'>εἷς</span> 
     </span>
    </p>
   </div>
   <div class='ocr_carea' id='block_1_21' title="bbox 1882 710 3449 786">
    <p class='ocr_par' dir='ltr' id='par_1_21' title="bbox 1882 710 3449 786">
     <span class='ocr_line' id='line_1_21' title="bbox 1882 710 3449 786; baseline -0.006 -14"><span class='ocrx_word' id='word_1_159' title='bbox 1882 721 2193 786; x_wconf 88' lang='lat' dir='ltr'><strong>desumptas</strong></span> <span class='ocrx_word' id='word_1_160' title='bbox 2220 727 2341 769; x_wconf 88' lang='lat' dir='ltr'><strong>esse</strong></span> <span class='ocrx_word' id='word_1_161' title='bbox 2389 712 2846 777; x_wconf 88' lang='lat' dir='ltr'><strong>nomenclaturas,</strong></span> <span class='ocrx_word' id='word_1_162' title='bbox 2896 711 3185 766; x_wconf 79' lang='lat' dir='ltr'><strong>dicendum</strong></span> <span class='ocrx_word' id='word_1_163' title='bbox 3232 710 3310 764; x_wconf 86' lang='lat' dir='ltr'><strong>illi</strong></span> <span class='ocrx_word' id='word_1_164' title='bbox 3346 721 3449 774; x_wconf 85' lang='lat' dir='ltr'><strong>est,</strong></span> 
     </span>
    </p>
   </div>
   <div class='ocr_carea' id='block_1_22' title="bbox 1882 792 3453 879">
    <p class='ocr_par' dir='ltr' id='par_1_22' title="bbox 1882 792 3453 879">
     <span class='ocr_line' id='line_1_22' title="bbox 1882 792 3453 879; baseline -0.007 -15"><span class='ocrx_word' id='word_1_165' title='bbox 1882 809 2027 879; x_wconf 89' lang='lat' dir='ltr'><strong>quod</strong></span> <span class='ocrx_word' id='word_1_166' title='bbox 2064 817 2119 862; x_wconf 89' lang='lat' dir='ltr'><strong>et</strong></span> <span class='ocrx_word' id='word_1_167' title='bbox 2143 805 2273 861; x_wconf 90' lang='lat' dir='ltr'><strong>illud</strong></span> <span class='ocrx_word' id='word_1_168' title='bbox 2304 804 2693 867; x_wconf 83' lang='lat' dir='ltr'><strong>testimonium,</strong></span> <span class='ocrx_word' id='word_1_169' title='bbox 2755 796 2822 856; x_wconf 86' lang='lat' dir='ltr'><strong>In</strong></span> <span class='ocrx_word' id='word_1_170' title='bbox 2857 802 3117 871; x_wconf 81' lang='lat' dir='ltr'><strong>principio</strong></span> <span class='ocrx_word' id='word_1_171' title='bbox 3162 812 3276 854; x_wconf 89' lang='lat' dir='ltr'><strong>erat</strong></span> <span class='ocrx_word' id='word_1_172' title='bbox 3320 792 3453 854; x_wconf 84' lang='lat' dir='ltr'><strong>Ver-</strong></span> 
     </span>
    </p>
   </div>
   <div class='ocr_carea' id='block_1_23' title="bbox 1882 891 3453 963">
    <p class='ocr_par' dir='ltr' id='par_1_23' title="bbox 1882 891 3453 963">
     <span class='ocr_line' id='line_1_23' title="bbox 1882 891 3453 963; baseline -0.004 -11"><span class='ocrx_word' id='word_1_173' title='bbox 1882 899 2001 952; x_wconf 86' lang='lat' dir='ltr'><strong>bum</strong></span> <span class='ocrx_word' id='word_1_174' title='bbox 2026 897 2091 962; x_wconf 78' lang='lat'><strong>“,</strong></span> <span class='ocrx_word' id='word_1_175' title='bbox 2126 911 2231 952; x_wconf 91' lang='lat' dir='ltr'><strong>non</strong></span> <span class='ocrx_word' id='word_1_176' title='bbox 2261 904 2346 951; x_wconf 89' lang='lat' dir='ltr'><strong>est</strong></span> <span class='ocrx_word' id='word_1_177' title='bbox 2374 895 2707 963; x_wconf 62' lang='lat' dir='ltr'><strong>deaumptum</strong></span> <span class='ocrx_word' id='word_1_178' title='bbox 2736 891 2968 958; x_wconf 86' lang='lat' dir='ltr'><strong>aliunde,</strong></span> <span class='ocrx_word' id='word_1_179' title='bbox 2997 900 3058 945; x_wconf 94' lang='lat' dir='ltr'><strong>ut</strong></span> <span class='ocrx_word' id='word_1_180' title='bbox 3089 905 3257 945; x_wconf 91' lang='lat' dir='ltr'><strong>unum</strong></span> <span class='ocrx_word' id='word_1_181' title='bbox 3290 898 3453 959; x_wconf 79' lang='lat' dir='ltr'><strong>atque</strong></span> 
     </span>
    </p>
   </div>
   <div class='ocr_carea' id='block_1_24' title="bbox 1882 984 3454 1059">
    <p class='ocr_par' dir='ltr' id='par_1_24' title="bbox 1882 984 3454 1059">
     <span class='ocr_line' id='line_1_24' title="bbox 1882 984 3454 1059; baseline -0.005 -14"><span class='ocrx_word' id='word_1_182' title='bbox 1882 990 2022 1046; x_wconf 91' lang='lat' dir='ltr'><strong>idem</strong></span> <span class='ocrx_word' id='word_1_183' title='bbox 2049 987 2415 1059; x_wconf 79' lang='lat' dir='ltr'><strong>Evangelium,</strong></span> <span class='ocrx_word' id='word_1_184' title='bbox 2443 996 2603 1055; x_wconf 89' lang='lat' dir='ltr'><strong>atque</strong></span> <span class='ocrx_word' id='word_1_185' title='bbox 2622 986 2848 1054; x_wconf 87' lang='lat' dir='ltr'><strong>ipsemet</strong></span> <span class='ocrx_word' id='word_1_186' title='bbox 2866 984 3215 1055; x_wconf 69' lang='lat' dir='ltr'><strong>evangelista,</strong></span> <span class='ocrx_word' id='word_1_187' title='bbox 3239 984 3329 1053; x_wconf 91' lang='lat' dir='ltr'><strong>qui</strong></span> <span class='ocrx_word' id='word_1_188' title='bbox 3357 997 3454 1037; x_wconf 84' lang='lat' dir='ltr'><strong>no-</strong></span> 
     </span>
    </p>
   </div>
   <div class='ocr_carea' id='block_1_25' title="bbox 1882 1069 3450 1141">
    <p class='ocr_par' dir='ltr' id='par_1_25' title="bbox 1882 1069 3450 1141">
     <span class='ocr_line' id='line_1_25' title="bbox 1882 1069 3450 1141; baseline -0.006 -6"><span class='ocrx_word' id='word_1_189' title='bbox 1882 1079 2109 1135; x_wconf 80' lang='lat' dir='ltr'><strong>minavit</strong></span> <span class='ocrx_word' id='word_1_190' title='bbox 2139 1078 2307 1139; x_wconf 88' lang='lat' dir='ltr'><strong>illum,</strong></span> <span class='ocrx_word' id='word_1_191' title='bbox 2339 1077 2599 1141; x_wconf 80' lang='lat' dir='ltr'><strong>Verbum,</strong></span> <span class='ocrx_word' id='word_1_192' title='bbox 2636 1076 2724 1130; x_wconf 90' lang='lat' dir='ltr'><strong>illa</strong></span> <span class='ocrx_word' id='word_1_193' title='bbox 2765 1069 2957 1131; x_wconf 62' lang='lat' dir='ltr'><strong>castéra</strong></span> <span class='ocrx_word' id='word_1_194' title='bbox 3001 1075 3068 1129; x_wconf 91' lang='lat' dir='ltr'><strong>de</strong></span> <span class='ocrx_word' id='word_1_195' title='bbox 3097 1073 3285 1129; x_wconf 87' lang='lat' dir='ltr'><strong>eodem</strong></span> <span class='ocrx_word' id='word_1_196' title='bbox 3312 1072 3450 1127; x_wconf 86' lang='lat' dir='ltr'><strong>scri-</strong></span> 
     </span>
    </p>
   </div>
   <div class='ocr_carea' id='block_1_26' title="bbox 1882 1162 3451 1240">
    <p class='ocr_par' dir='ltr' id='par_1_26' title="bbox 1882 1162 3451 1240">
     <span class='ocr_line' id='line_1_26' title="bbox 1882 1162 3451 1240; baseline -0.003 -17"><span class='ocrx_word' id='word_1_197' title='bbox 1882 1170 1988 1240; x_wconf 96' lang='lat' dir='ltr'><strong>ptis</strong></span> <span class='ocrx_word' id='word_1_198' title='bbox 2032 1166 2389 1223; x_wconf 74' lang='lat' dir='ltr'><strong>mandaverit.</strong></span> <span class='ocrx_word' id='word_1_199' title='bbox 2440 1166 2544 1223; x_wconf 89' lang='lat' dir='ltr'><strong>Sed</strong></span> <span class='ocrx_word' id='word_1_200' title='bbox 2575 1175 2631 1220; x_wconf 90' lang='lat' dir='ltr'><strong>et</strong></span> <span class='ocrx_word' id='word_1_201' title='bbox 2677 1165 2889 1220; x_wconf 78' lang='lat' dir='ltr'><strong>divinus</strong></span> <span class='ocrx_word' id='word_1_202' title='bbox 2938 1163 3225 1235; x_wconf 75' lang='lat' dir='ltr'><strong>Apostolus</strong></span> <span class='ocrx_word' id='word_1_203' title='bbox 3253 1162 3451 1218; x_wconf 82' lang='lat' dir='ltr'><strong>Paulus</strong></span> 
     </span>
    </p>
   </div>
   <div class='ocr_carea' id='block_1_27' title="bbox 1882 1260 2038 1322">
    <p class='ocr_par' dir='ltr' id='par_1_27' title="bbox 1882 1260 2038 1322">
     <span class='ocr_line' id='line_1_27' title="bbox 1882 1260 2038 1322; baseline -0.006 -7"><span class='ocrx_word' id='word_1_204' title='bbox 1882 1260 2038 1322; x_wconf 81' lang='lat' dir='ltr'><strong>dixit,</strong></span> 
     </span>
    </p>
   </div>
   <div class='ocr_carea' id='block_1_28' title="bbox 1952 1348 3452 1418">
    <p class='ocr_par' dir='ltr' id='par_1_28' title="bbox 1952 1348 3452 1418">
     <span class='ocr_line' id='line_1_28' title="bbox 1952 1348 3452 1418; baseline -0.004 -12"><span class='ocrx_word' id='word_1_205' title='bbox 1952 1352 2007 1407; x_wconf 86' lang='lat'><strong>9.</strong></span> <span class='ocrx_word' id='word_1_206' title='bbox 2037 1349 2182 1405; x_wconf 88' lang='lat' dir='ltr'><strong>Unus</strong></span> <span class='ocrx_word' id='word_1_207' title='bbox 2222 1350 2363 1405; x_wconf 87' lang='lat' dir='ltr'><strong>Deus</strong></span> <span class='ocrx_word' id='word_1_208' title='bbox 2410 1349 2584 1404; x_wconf 80' lang='lat' dir='ltr'><strong>&#39;Pater</strong></span> <span class='ocrx_word' id='word_1_209' title='bbox 2616 1365 2642 1403; x_wconf 85' lang='lat' dir='ltr'><strong>e</strong></span> <span class='ocrx_word' id='word_1_210' title='bbox 2684 1365 2786 1418; x_wconf 90' lang='lat' dir='ltr'><strong>quo</strong></span> <span class='ocrx_word' id='word_1_211' title='bbox 2839 1356 2959 1403; x_wconf 86' lang='lat' dir='ltr'><strong>sunt</strong></span> <span class='ocrx_word' id='word_1_212' title='bbox 2988 1348 3183 1413; x_wconf 80' lang='lat' dir='ltr'><strong>omnia,</strong></span> <span class='ocrx_word' id='word_1_213' title='bbox 3230 1357 3280 1402; x_wconf 87' lang='lat' dir='ltr'><strong>et</strong></span> <span class='ocrx_word' id='word_1_214' title='bbox 3314 1362 3452 1401; x_wconf 84' lang='lat' dir='ltr'><strong>unus</strong></span> 
     </span>
    </p>
   </div>
   <div class='ocr_carea' id='block_1_29' title="bbox 1883 1437 3455 1511">
    <p class='ocr_par' dir='ltr' id='par_1_29' title="bbox 1883 1437 3455 1511">
     <span class='ocr_line' id='line_1_29' title="bbox 1883 1437 3455 1511; baseline -0.006 -12"><span class='ocrx_word' id='word_1_215' title='bbox 1883 1443 2136 1499; x_wconf 87' lang='lat' dir='ltr'><strong>Dominus</strong></span> <span class='ocrx_word' id='word_1_216' title='bbox 2168 1441 2325 1497; x_wconf 77' lang='lat' dir='ltr'><strong>Iesus</strong></span> <span class='ocrx_word' id='word_1_217' title='bbox 2357 1440 2620 1507; x_wconf 88' lang='lat' dir='ltr'><strong>Christus,</strong></span> <span class='ocrx_word' id='word_1_218' title='bbox 2677 1457 2768 1510; x_wconf 83' lang='lat' dir='ltr'><strong>per</strong></span> <span class='ocrx_word' id='word_1_219' title='bbox 2802 1455 2956 1511; x_wconf 84' lang='lat' dir='ltr'><strong>quem</strong></span> <span class='ocrx_word' id='word_1_220' title='bbox 3014 1446 3135 1492; x_wconf 77' lang='lat' dir='ltr'><strong>sunt</strong></span> <span class='ocrx_word' id='word_1_221' title='bbox 3173 1437 3349 1492; x_wconf 80' lang='lat' dir='ltr'><strong>omnia</strong></span> <span class='ocrx_word' id='word_1_222' title='bbox 3374 1438 3455 1505; x_wconf 78' lang='grc'><strong>¹²;</strong></span> 
     </span>
    </p>
   </div>
   <div class='ocr_carea' id='block_1_30' title="bbox 1883 1526 3429 1600">
    <p class='ocr_par' dir='ltr' id='par_1_30' title="bbox 1883 1526 3429 1600">
     <span class='ocr_line' id='line_1_30' title="bbox 1883 1526 3429 1600; baseline -0.006 -10"><span class='ocrx_word' id='word_1_223' title='bbox 1883 1535 2018 1590; x_wconf 91' lang='lat' dir='ltr'><strong>satis</strong></span> <span class='ocrx_word' id='word_1_224' title='bbox 2040 1538 2206 1596; x_wconf 85' lang='lat' dir='ltr'><strong>clare,</strong></span> <span class='ocrx_word' id='word_1_225' title='bbox 2241 1530 2336 1586; x_wconf 91' lang='lat' dir='ltr'><strong>Dei</strong></span> <span class='ocrx_word' id='word_1_226' title='bbox 2364 1530 2584 1597; x_wconf 88' lang='lat' dir='ltr'><strong>Filium,</strong></span> <span class='ocrx_word' id='word_1_227' title='bbox 2606 1544 2702 1600; x_wconf 90' lang='lat' dir='ltr'><strong>per</strong></span> <span class='ocrx_word' id='word_1_228' title='bbox 2733 1544 2889 1600; x_wconf 87' lang='lat' dir='ltr'><strong>quem</strong></span> <span class='ocrx_word' id='word_1_229' title='bbox 2917 1528 3105 1583; x_wconf 21' lang='lat' dir='ltr'><strong>omnia.</strong></span> <span class='ocrx_word' id='word_1_230' title='bbox 3126 1526 3269 1583; x_wconf 79' lang='lat' dir='ltr'><strong>facta</strong></span> <span class='ocrx_word' id='word_1_231' title='bbox 3299 1537 3429 1583; x_wconf 89' lang='lat' dir='ltr'><strong>sunt</strong></span> 
     </span>
    </p>
   </div>
   <div class='ocr_carea' id='block_1_31' title="bbox 1882 1621 3432 1691">
    <p class='ocr_par' dir='ltr' id='par_1_31' title="bbox 1882 1621 3432 1691">
     <span class='ocr_line' id='line_1_31' title="bbox 1882 1621 3432 1691; baseline -0.006 -9"><span class='ocrx_word' id='word_1_232' title='bbox 1882 1627 2045 1682; x_wconf 87' lang='lat' dir='ltr'><strong>etiam</strong></span> <span class='ocrx_word' id='word_1_233' title='bbox 2093 1632 2221 1679; x_wconf 90' lang='lat' dir='ltr'><strong>ante</strong></span> <span class='ocrx_word' id='word_1_234' title='bbox 2275 1622 2447 1691; x_wconf 86' lang='lat' dir='ltr'><strong>ipsius</strong></span> <span class='ocrx_word' id='word_1_235' title='bbox 2500 1621 2553 1676; x_wconf 91' lang='lat' dir='ltr'><strong>in</strong></span> <span class='ocrx_word' id='word_1_236' title='bbox 2586 1634 2754 1677; x_wconf 90' lang='lat' dir='ltr'><strong>carne</strong></span> <span class='ocrx_word' id='word_1_237' title='bbox 2806 1621 3122 1682; x_wconf 67' lang='lat' dir='ltr'><strong>adventum.</strong></span> <span class='ocrx_word' id='word_1_238' title='bbox 3155 1633 3261 1675; x_wconf 89' lang='lat' dir='ltr'><strong>non</strong></span> <span class='ocrx_word' id='word_1_239' title='bbox 3296 1632 3432 1673; x_wconf 76' lang='lat' dir='ltr'><strong>voca</strong></span> 
     </span>
    </p>
   </div>
   <div class='ocr_carea' id='block_1_32' title="bbox 1883 1709 3452 1781">
    <p class='ocr_par' dir='ltr' id='par_1_32' title="bbox 1883 1709 3452 1781">
     <span class='ocr_line' id='line_1_32' title="bbox 1883 1709 3452 1781; baseline -0.003 -11"><span class='ocrx_word' id='word_1_240' title='bbox 1883 1717 2139 1781; x_wconf 90' lang='lat' dir='ltr'><strong>Verbum,</strong></span> <span class='ocrx_word' id='word_1_241' title='bbox 2164 1714 2257 1771; x_wconf 90' lang='lat' dir='ltr'><strong>sed</strong></span> <span class='ocrx_word' id='word_1_242' title='bbox 2287 1714 2573 1769; x_wconf 89' lang='lat' dir='ltr'><strong>Dominum</strong></span> <span class='ocrx_word' id='word_1_243' title='bbox 2623 1712 2803 1767; x_wconf 86' lang='lat' dir='ltr'><strong>Jesum</strong></span> <span class='ocrx_word' id='word_1_244' title='bbox 2833 1711 3126 1767; x_wconf 72' lang='lat' dir='ltr'><strong>Christum.</strong></span> <span class='ocrx_word' id='word_1_245' title='bbox 3183 1709 3339 1777; x_wconf 90' lang='lat' dir='ltr'><strong>Quod</strong></span> <span class='ocrx_word' id='word_1_246' title='bbox 3383 1709 3452 1774; x_wconf 86' lang='lat' dir='ltr'><strong>si,</strong></span> 
     </span>
    </p>
   </div>
   <div class='ocr_carea' id='block_1_33' title="bbox 1884 1800 3449 1878">
    <p class='ocr_par' dir='ltr' id='par_1_33' title="bbox 1884 1800 3449 1878">
     <span class='ocr_line' id='line_1_33' title="bbox 1884 1800 3449 1878; baseline -0.004 -17"><span class='ocrx_word' id='word_1_247' title='bbox 1884 1805 2334 1878; x_wconf 89' lang='lat' dir='ltr'><strong>quemadmodum</strong></span> <span class='ocrx_word' id='word_1_248' title='bbox 2371 1801 2623 1858; x_wconf 83' lang='lat' dir='ltr'><strong>Marcello</strong></span> <span class='ocrx_word' id='word_1_249' title='bbox 2654 1802 2849 1871; x_wconf 88' lang='lat' dir='ltr'><strong>placet,</strong></span> <span class='ocrx_word' id='word_1_250' title='bbox 2886 1801 3030 1857; x_wconf 89' lang='lat' dir='ltr'><strong>idem</strong></span> <span class='ocrx_word' id='word_1_251' title='bbox 3057 1811 3177 1856; x_wconf 89' lang='lat' dir='ltr'><strong>erat</strong></span> <span class='ocrx_word' id='word_1_252' title='bbox 3201 1810 3257 1857; x_wconf 90' lang='lat' dir='ltr'><strong>et</strong></span> <span class='ocrx_word' id='word_1_253' title='bbox 3283 1800 3449 1865; x_wconf 88' lang='lat' dir='ltr'><strong>Deus,</strong></span> 
     </span>
    </p>
   </div>
   <div class='ocr_carea' id='block_1_34' title="bbox 1885 1890 3451 1963">
    <p class='ocr_par' dir='ltr' id='par_1_34' title="bbox 1885 1890 3451 1963">
     <span class='ocr_line' id='line_1_34' title="bbox 1885 1890 3451 1963; baseline -0.005 -10"><span class='ocrx_word' id='word_1_254' title='bbox 1885 1898 2011 1953; x_wconf 87' lang='lat' dir='ltr'><strong>etin</strong></span> <span class='ocrx_word' id='word_1_255' title='bbox 2042 1897 2154 1952; x_wconf 90' lang='lat' dir='ltr'><strong>Deo</strong></span> <span class='ocrx_word' id='word_1_256' title='bbox 2176 1896 2437 1960; x_wconf 80' lang='lat' dir='ltr'><strong>Verbum,</strong></span> <span class='ocrx_word' id='word_1_257' title='bbox 2461 1893 2763 1950; x_wconf 82' lang='lat' dir='ltr'><strong>suﬂ‘ecisset</strong></span> <span class='ocrx_word' id='word_1_258' title='bbox 2790 1891 3047 1963; x_wconf 82' lang='lat' dir='ltr'><strong>Apostolo</strong></span> <span class='ocrx_word' id='word_1_259' title='bbox 3066 1890 3196 1947; x_wconf 91' lang='lat' dir='ltr'><strong>illud</strong></span> <span class='ocrx_word' id='word_1_260' title='bbox 3228 1890 3451 1954; x_wconf 76' lang='lat' dir='ltr'><strong>dixisse,</strong></span> 
     </span>
    </p>
   </div>
   <div class='ocr_carea' id='block_1_35' title="bbox 216 1966 1781 2060">
    <p class='ocr_par' dir='ltr' id='par_1_35' title="bbox 216 1966 1781 2060">
     <span class='ocr_line' id='line_1_35' title="bbox 216 1966 1781 2060; baseline 0.004 -27"><span class='ocrx_word' id='word_1_261' title='bbox 216 1982 363 2047; x_wconf 83' lang='grc' dir='ltr'><strong>Θεὸς</strong></span> <span class='ocrx_word' id='word_1_262' title='bbox 391 1985 423 2035; x_wconf 87' lang='grc' dir='ltr'><strong>ὸ</strong></span> <span class='ocrx_word' id='word_1_263' title='bbox 454 1966 689 2051; x_wconf 75' lang='grc' dir='ltr'>Πατὴρ,</span> <span class='ocrx_word' id='word_1_264' title='bbox 713 1984 780 2048; x_wconf 75' lang='grc' dir='ltr'>ἐξ</span> <span class='ocrx_word' id='word_1_265' title='bbox 812 1980 885 2041; x_wconf 84' lang='grc' dir='ltr'>οὗ</span> <span class='ocrx_word' id='word_1_266' title='bbox 914 1986 985 2038; x_wconf 82' lang='grc' dir='ltr'>τὰ</span> <span class='ocrx_word' id='word_1_267' title='bbox 1018 1966 1230 2039; x_wconf 67' lang='grc' dir='ltr'>πάντα.</span> <span class='ocrx_word' id='word_1_268' title='bbox 1262 1986 1483 2058; x_wconf 82' lang='grc' dir='ltr'>Πλήρης</span> <span class='ocrx_word' id='word_1_269' title='bbox 1510 1966 1618 2058; x_wconf 83' lang='grc' dir='ltr'><strong>γάρ</strong></span> <span class='ocrx_word' id='word_1_270' title='bbox 1651 1983 1720 2059; x_wconf 83' lang='grc' dir='ltr'>ἦν</span> <span class='ocrx_word' id='word_1_271' title='bbox 1752 1989 1781 2060; x_wconf 79' lang='grc' dir='ltr'>ἡ</span> 
     </span>
    </p>
   </div>
   <div class='ocr_carea' id='block_1_36' title="bbox 1885 1966 3456 2060">
    <p class='ocr_par' dir='ltr' id='par_1_36' title="bbox 1892 1982 3456 2056">
     <span class='ocr_line' id='line_1_36' title="bbox 1892 1982 3456 2056; baseline -0.004 -11"><span class='ocrx_word' id='word_1_272' title='bbox 1892 1989 2058 2045; x_wconf 81' lang='lat' dir='ltr'><strong>Nobis</strong></span> <span class='ocrx_word' id='word_1_273' title='bbox 2097 2006 2232 2045; x_wconf 83' lang='lat' dir='ltr'><strong>unus</strong></span> <span class='ocrx_word' id='word_1_274' title='bbox 2262 1988 2402 2044; x_wconf 86' lang='lat' dir='ltr'><strong>Deus</strong></span> <span class='ocrx_word' id='word_1_275' title='bbox 2436 1985 2619 2052; x_wconf 84' lang='lat' dir='ltr'><strong>Pater,</strong></span> <span class='ocrx_word' id='word_1_276' title='bbox 2651 2001 2681 2040; x_wconf 91' lang='lat' dir='ltr'><strong>e</strong></span> <span class='ocrx_word' id='word_1_277' title='bbox 2729 2000 2830 2056; x_wconf 83' lang='lat' dir='ltr'><strong>quo</strong></span> <span class='ocrx_word' id='word_1_278' title='bbox 2858 1993 2979 2039; x_wconf 88' lang='lat' dir='ltr'><strong>sunt</strong></span> <span class='ocrx_word' id='word_1_279' title='bbox 3017 1985 3212 2039; x_wconf 84' lang='lat' dir='ltr'><strong>omnia.</strong></span> <span class='ocrx_word' id='word_1_280' title='bbox 3249 1982 3456 2039; x_wconf 87' lang='lat' dir='ltr'><strong>Sensus</strong></span> 
     </span>
    </p>
   </div>
   <div class='ocr_carea' id='block_1_37' title="bbox 211 2071 1791 2151">
    <p class='ocr_par' dir='ltr' id='par_1_37' title="bbox 211 2071 1791 2151">
     <span class='ocr_line' id='line_1_37' title="bbox 211 2071 1791 2151; baseline 0.007 -28"><span class='ocrx_word' id='word_1_281' title='bbox 211 2071 440 2136; x_wconf 77' lang='grc' dir='ltr'>διάνοια,</span> <span class='ocrx_word' id='word_1_282' title='bbox 479 2075 573 2127; x_wconf 59' lang='grc' dir='ltr'><strong>καὶ⁵</strong></span> <span class='ocrx_word' id='word_1_283' title='bbox 604 2078 633 2129; x_wconf 92' lang='lat'><strong>6</strong></span> <span class='ocrx_word' id='word_1_284' title='bbox 669 2075 839 2144; x_wconf 83' lang='grc' dir='ltr'>Λόγος</span> <span class='ocrx_word' id='word_1_285' title='bbox 884 2076 1193 2149; x_wconf 76' lang='grc' dir='ltr'>αὐτοτελὴς,</span> <span class='ocrx_word' id='word_1_286' title='bbox 1229 2080 1319 2132; x_wconf 80' lang='grc' dir='ltr'><strong>τὸν</strong></span> <span class='ocrx_word' id='word_1_287' title='bbox 1362 2079 1493 2133; x_wconf 81' lang='grc' dir='ltr'>Θεὸν</span> <span class='ocrx_word' id='word_1_288' title='bbox 1541 2080 1791 2151; x_wconf 73' lang='grc' dir='ltr'>εἰσηγούο</span> 
     </span>
    </p>
   </div>
   <div class='ocr_carea' id='block_1_38' title="bbox 216 2163 1791 2236">
    <p class='ocr_par' dir='ltr' id='par_1_38' title="bbox 216 2163 1791 2236">
     <span class='ocr_line' id='line_1_38' title="bbox 216 2163 1791 2236; baseline 0.007 -23"><span class='ocrx_word' id='word_1_289' title='bbox 216 2178 377 2232; x_wconf 86' lang='grc' dir='ltr'>μενος</span> <span class='ocrx_word' id='word_1_290' title='bbox 422 2163 648 2235; x_wconf 84' lang='grc' dir='ltr'>ποιητὴν</span> <span class='ocrx_word' id='word_1_291' title='bbox 679 2165 786 2219; x_wconf 85' lang='grc' dir='ltr'><strong>τῶν</strong></span> <span class='ocrx_word' id='word_1_292' title='bbox 817 2166 972 2222; x_wconf 83' lang='grc' dir='ltr'>ὅλων.</span> <span class='ocrx_word' id='word_1_293' title='bbox 1028 2168 1187 2223; x_wconf 83' lang='grc' dir='ltr'>Ἀλλὰ</span> <span class='ocrx_word' id='word_1_294' title='bbox 1212 2170 1368 2223; x_wconf 85' lang='grc' dir='ltr'>τοῦτο</span> <span class='ocrx_word' id='word_1_295' title='bbox 1396 2170 1491 2224; x_wconf 80' lang='grc' dir='ltr'>καὶ</span> <span class='ocrx_word' id='word_1_296' title='bbox 1541 2170 1791 2236; x_wconf 84' lang='grc' dir='ltr'>Ἰουδαῖος</span> 
     </span>
    </p>
   </div>
   <div class='ocr_carea' id='block_1_39' title="bbox 212 2253 1789 2337">
    <p class='ocr_par' dir='ltr' id='par_1_39' title="bbox 212 2253 1789 2337">
     <span class='ocr_line' id='line_1_39' title="bbox 212 2253 1789 2337; baseline 0.008 -31"><span class='ocrx_word' id='word_1_297' title='bbox 212 2253 282 2307; x_wconf 75' lang='grc' dir='ltr'>ἄν</span> <span class='ocrx_word' id='word_1_298' title='bbox 314 2270 398 2319; x_wconf 91' lang='grc' dir='ltr'><strong>τις</strong></span> <span class='ocrx_word' id='word_1_299' title='bbox 437 2256 599 2309; x_wconf 84' lang='grc' dir='ltr'>εῐποι.</span> <span class='ocrx_word' id='word_1_300' title='bbox 652 2258 711 2310; x_wconf 89' lang='grc' dir='ltr'>Ὁ</span> <span class='ocrx_word' id='word_1_301' title='bbox 751 2257 806 2310; x_wconf 88' lang='grc' dir='ltr'><strong>δέ</strong></span> <span class='ocrx_word' id='word_1_302' title='bbox 849 2260 1285 2332; x_wconf 84' lang='grc' dir='ltr'>τῆςἘκκλησίας</span> <span class='ocrx_word' id='word_1_303' title='bbox 1331 2261 1508 2335; x_wconf 79' lang='grc' dir='ltr'>κήρυξ</span> <span class='ocrx_word' id='word_1_304' title='bbox 1540 2264 1676 2335; x_wconf 83' lang='grc' dir='ltr'>πρὸς</span> <span class='ocrx_word' id='word_1_305' title='bbox 1710 2265 1789 2337; x_wconf 83' lang='grc' dir='ltr'><strong>τῷ</strong></span> 
     </span>
    </p>
   </div>
   <div class='ocr_carea' id='block_1_40' title="bbox 212 2340 1789 2425">
    <p class='ocr_par' dir='ltr' id='par_1_40' title="bbox 212 2340 1789 2425">
     <span class='ocr_line' id='line_1_40' title="bbox 212 2340 1789 2425; baseline 0.009 -28"><span class='ocrx_word' id='word_1_306' title='bbox 212 2347 467 2419; x_wconf 78' lang='grc' dir='ltr'>προτέρῳ</span> <span class='ocrx_word' id='word_1_307' title='bbox 500 2340 591 2401; x_wconf 73' lang='grc' dir='ltr'>καὶ</span> <span class='ocrx_word' id='word_1_308' title='bbox 619 2349 679 2402; x_wconf 88' lang='grc' dir='ltr'><strong>τὸ</strong></span> <span class='ocrx_word' id='word_1_309' title='bbox 710 2349 958 2422; x_wconf 83' lang='grc' dir='ltr'>δεύτερον</span> <span class='ocrx_word' id='word_1_310' title='bbox 994 2353 1069 2425; x_wconf 83' lang='grc' dir='ltr'>μὴ</span> <span class='ocrx_word' id='word_1_311' title='bbox 1097 2354 1311 2423; x_wconf 79' lang='grc' dir='ltr'>ἀγνοεῖν</span> <span class='ocrx_word' id='word_1_312' title='bbox 1342 2354 1600 2409; x_wconf 79' lang='grc' dir='ltr'><strong>διδάσκει.</strong></span> <span class='ocrx_word' id='word_1_313' title='bbox 1636 2356 1702 2411; x_wconf 81' lang='grc' dir='ltr'><strong>Τί</strong></span> <span class='ocrx_word' id='word_1_314' title='bbox 1730 2357 1789 2410; x_wconf 84' lang='grc' dir='ltr'><strong>δέ</strong></span> 
     </span>
    </p>
   </div>
   <div class='ocr_carea' id='block_1_41' title="bbox 212 2433 1791 2516">
    <p class='ocr_par' dir='ltr' id='par_1_41' title="bbox 212 2433 1791 2516">
     <span class='ocr_line' id='line_1_41' title="bbox 212 2433 1791 2516; baseline 0.008 -27"><span class='ocrx_word' id='word_1_315' title='bbox 212 2433 285 2508; x_wconf 75' lang='grc' dir='ltr'>ἦν</span> <span class='ocrx_word' id='word_1_316' title='bbox 327 2438 514 2507; x_wconf 88' lang='grc' dir='ltr'>τοῦτο;</span> <span class='ocrx_word' id='word_1_317' title='bbox 540 2440 652 2494; x_wconf 82' lang='lat' dir='ltr'><strong>Kal</strong></span> <span class='ocrx_word' id='word_1_318' title='bbox 697 2436 785 2507; x_wconf 82' lang='grc' dir='ltr'><strong>εἷς</strong></span> <span class='ocrx_word' id='word_1_319' title='bbox 830 2444 1044 2513; x_wconf 84' lang='grc' dir='ltr'>Κύριος</span> <span class='ocrx_word' id='word_1_320' title='bbox 1087 2445 1324 2514; x_wconf 81' lang='grc' dir='ltr'>Ἰησοῦς</span> <span class='ocrx_word' id='word_1_321' title='bbox 1361 2447 1631 2516; x_wconf 83' lang='grc' dir='ltr'>Χριστός.</span> <span class='ocrx_word' id='word_1_322' title='bbox 1696 2448 1791 2502; x_wconf 84' lang='grc' dir='ltr'>Διὸ</span> 
     </span>
    </p>
   </div>
   <div class='ocr_carea' id='block_1_42' title="bbox 215 2528 1787 2610">
    <p class='ocr_par' dir='ltr' id='par_1_42' title="bbox 215 2528 1787 2610">
     <span class='ocr_line' id='line_1_42' title="bbox 215 2528 1787 2610; baseline 0.007 -30"><span class='ocrx_word' id='word_1_323' title='bbox 215 2528 537 2601; x_wconf 82' lang='grc' dir='ltr'>προστίθησι</span> <span class='ocrx_word' id='word_1_324' title='bbox 574 2530 635 2584; x_wconf 86' lang='grc' dir='ltr'><strong>τὺ</strong></span> <span class='ocrx_word' id='word_1_325' title='bbox 684 2530 930 2604; x_wconf 84' lang='grc' dir='ltr'>δεύτερον</span> <span class='ocrx_word' id='word_1_326' title='bbox 966 2532 1091 2604; x_wconf 54' lang='lat' dir='ltr'><strong>ea;</strong></span> <span class='ocrx_word' id='word_1_327' title='bbox 1133 2534 1326 2603; x_wconf 92' lang='grc' dir='ltr'>λέγων,</span> <span class='ocrx_word' id='word_1_328' title='bbox 1357 2535 1501 2605; x_wconf 71' lang='grc' dir='ltr'>ἡμῖν</span> <span class='ocrx_word' id='word_1_329' title='bbox 1523 2554 1538 2567; x_wconf 77' lang='grc'><em>’</em></span> <span class='ocrx_word' id='word_1_330' title='bbox 1576 2538 1625 2590; x_wconf 81' lang='lat' dir='ltr'><strong>si.</strong></span> <span class='ocrx_word' id='word_1_331' title='bbox 1656 2536 1787 2610; x_wconf 84' lang='grc' dir='ltr'>γὰρ,</span> 
     </span>
    </p>
   </div>
   <div class='ocr_carea' id='block_1_43' title="bbox 212 2620 1789 2696">
    <p class='ocr_par' dir='ltr' id='par_1_43' title="bbox 212 2620 1789 2696">
     <span class='ocr_line' id='line_1_43' title="bbox 212 2620 1789 2696; baseline 0.007 -25"><span class='ocrx_word' id='word_1_332' title='bbox 212 2621 313 2671; x_wconf 73' lang='grc' dir='ltr'><strong>καὶ</strong></span> <span class='ocrx_word' id='word_1_333' title='bbox 344 2621 418 2691; x_wconf 82' lang='grc' dir='ltr'>μὴ</span> <span class='ocrx_word' id='word_1_334' title='bbox 441 2621 625 2683; x_wconf 80' lang='grc' dir='ltr'>πᾶσιν,</span> <span class='ocrx_word' id='word_1_335' title='bbox 654 2621 769 2675; x_wconf 84' lang='grc' dir='ltr'>ἀλλ’</span> <span class='ocrx_word' id='word_1_336' title='bbox 786 2620 960 2695; x_wconf 6' lang='grc' dir='ltr'>χήμῖν,</span> <span class='ocrx_word' id='word_1_337' title='bbox 989 2625 1172 2695; x_wconf 80' lang='grc' dir='ltr'>φησὶν,</span> <span class='ocrx_word' id='word_1_338' title='bbox 1199 2620 1287 2692; x_wconf 85' lang='grc' dir='ltr'>εἷς</span> <span class='ocrx_word' id='word_1_339' title='bbox 1315 2627 1526 2695; x_wconf 82' lang='grc' dir='ltr'>Κύριος</span> <span class='ocrx_word' id='word_1_340' title='bbox 1560 2626 1789 2696; x_wconf 82' lang='grc' dir='ltr'>Ἰησοῦς</span> 
     </span>
    </p>
   </div>
   <div class='ocr_carea' id='block_1_44' title="bbox 211 2711 1790 2785">
    <p class='ocr_par' dir='ltr' id='par_1_44' title="bbox 211 2711 1790 2785">
     <span class='ocr_line' id='line_1_44' title="bbox 211 2711 1790 2785; baseline 0.008 -24"><span class='ocrx_word' id='word_1_341' title='bbox 211 2711 490 2777; x_wconf 76' lang='grc' dir='ltr'>Χριστός.</span> <span class='ocrx_word' id='word_1_342' title='bbox 539 2711 639 2764; x_wconf 82' lang='grc' dir='ltr'><strong>Διὰ</strong></span> <span class='ocrx_word' id='word_1_343' title='bbox 670 2712 721 2765; x_wconf 86' lang='grc' dir='ltr'><strong>τι</strong></span> <span class='ocrx_word' id='word_1_344' title='bbox 762 2712 819 2767; x_wconf 86' lang='grc' dir='ltr'><strong>δὲ</strong></span> <span class='ocrx_word' id='word_1_345' title='bbox 865 2714 1002 2785; x_wconf 80' lang='grc' dir='ltr'>μετὰ</span> <span class='ocrx_word' id='word_1_346' title='bbox 1033 2715 1124 2769; x_wconf 81' lang='grc' dir='ltr'><strong>τὸν</strong></span> <span class='ocrx_word' id='word_1_347' title='bbox 1161 2715 1270 2770; x_wconf 81' lang='grc' dir='ltr'>ἕνα</span> <span class='ocrx_word' id='word_1_348' title='bbox 1309 2715 1456 2771; x_wconf 85' lang='grc' dir='ltr'>Θεὸν</span> <span class='ocrx_word' id='word_1_349' title='bbox 1502 2719 1597 2772; x_wconf 76' lang='grc' dir='ltr'>καὶ</span> <span class='ocrx_word' id='word_1_350' title='bbox 1635 2712 1790 2783; x_wconf 75' lang='grc' dir='ltr'>οὗτος</span> 
     </span>
    </p>
   </div>
   <div class='ocr_carea' id='block_1_45' title="bbox 212 2797 1789 2878">
    <p class='ocr_par' dir='ltr' id='par_1_45' title="bbox 212 2797 1789 2878">
     <span class='ocr_line' id='line_1_45' title="bbox 212 2797 1789 2878; baseline 0.009 -25"><span class='ocrx_word' id='word_1_351' title='bbox 212 2800 364 2870; x_wconf 72' lang='grc' dir='ltr'>ἡμῖν</span> <span class='ocrx_word' id='word_1_352' title='bbox 412 2797 498 2868; x_wconf 83' lang='grc' dir='ltr'>εἷς</span> <span class='ocrx_word' id='word_1_353' title='bbox 542 2804 757 2871; x_wconf 84' lang='grc' dir='ltr'>Κύριος</span> <span class='ocrx_word' id='word_1_354' title='bbox 796 2806 1144 2878; x_wconf 78' lang='grc' dir='ltr'>παρίστησιν,</span> <span class='ocrx_word' id='word_1_355' title='bbox 1178 2807 1466 2877; x_wconf 88' lang='grc' dir='ltr'>ἐπιλέγων,</span> <span class='ocrx_word' id='word_1_356' title='bbox 1506 2809 1581 2863; x_wconf 72' lang='grc' dir='ltr'>δι’</span> <span class='ocrx_word' id='word_1_357' title='bbox 1612 2806 1684 2867; x_wconf 83' lang='grc' dir='ltr'>οὗ</span> <span class='ocrx_word' id='word_1_358' title='bbox 1715 2812 1789 2866; x_wconf 83' lang='grc' dir='ltr'>τὰ</span> 
     </span>
    </p>
   </div>
   <div class='ocr_carea' id='block_1_46' title="bbox 211 2891 1787 2973">
    <p class='ocr_par' dir='ltr' id='par_1_46' title="bbox 211 2891 1787 2973">
     <span class='ocr_line' id='line_1_46' title="bbox 211 2891 1787 2973; baseline 0.01 -30"><span class='ocrx_word' id='word_1_359' title='bbox 211 2891 413 2946; x_wconf 79' lang='grc' dir='ltr'>πάντα</span> <span class='ocrx_word' id='word_1_360' title='bbox 432 2909 450 2956; x_wconf 90' lang='grc'><strong><em>;</em></strong></span> <span class='ocrx_word' id='word_1_361' title='bbox 467 2894 678 2964; x_wconf 80' lang='grc' dir='ltr'>Ἐπειδὴ</span> <span class='ocrx_word' id='word_1_362' title='bbox 694 2893 800 2967; x_wconf 86' lang='grc' dir='ltr'>γὰρ</span> <span class='ocrx_word' id='word_1_363' title='bbox 816 2896 887 2950; x_wconf 86' lang='grc' dir='ltr'>τὰ</span> <span class='ocrx_word' id='word_1_364' title='bbox 905 2896 1101 2952; x_wconf 79' lang='grc' dir='ltr'>πάντα</span> <span class='ocrx_word' id='word_1_365' title='bbox 1126 2898 1198 2951; x_wconf 84' lang='grc' dir='ltr'>δι’</span> <span class='ocrx_word' id='word_1_366' title='bbox 1215 2901 1400 2955; x_wconf 82' lang='grc' dir='ltr'>αὐτοῦ</span> <span class='ocrx_word' id='word_1_367' title='bbox 1426 2900 1678 2973; x_wconf 79' lang='grc' dir='ltr'>ἐγένετο,</span> <span class='ocrx_word' id='word_1_368' title='bbox 1709 2907 1787 2959; x_wconf 78' lang='grc' dir='ltr'><strong>εἰ-</strong></span> 
     </span>
    </p>
   </div>
   <div class='ocr_carea' id='block_1_47' title="bbox 214 2982 1788 3066">
    <p class='ocr_par' dir='ltr' id='par_1_47' title="bbox 214 2982 1788 3066">
     <span class='ocr_line' id='line_1_47' title="bbox 214 2982 1788 3066; baseline 0.01 -32"><span class='ocrx_word' id='word_1_369' title='bbox 214 2982 393 3048; x_wconf 85' lang='grc' dir='ltr'>κότως</span> <span class='ocrx_word' id='word_1_370' title='bbox 430 2986 581 3055; x_wconf 78' lang='grc' dir='ltr'>ἡμῖν,</span> <span class='ocrx_word' id='word_1_371' title='bbox 628 2987 741 3050; x_wconf 84' lang='grc' dir='ltr'>τοῖς</span> <span class='ocrx_word' id='word_1_372' title='bbox 774 2986 918 3041; x_wconf 88' lang='grc' dir='ltr'>τοῦτ’</span> <span class='ocrx_word' id='word_1_373' title='bbox 951 2990 1355 3060; x_wconf 86' lang='grc' dir='ltr'>ἐπισταμένοις,</span> <span class='ocrx_word' id='word_1_374' title='bbox 1398 2993 1605 3066; x_wconf 81' lang='grc' dir='ltr'>Κύριος</span> <span class='ocrx_word' id='word_1_375' title='bbox 1648 2991 1788 3052; x_wconf 76' lang='grc' dir='ltr'>εῖναι</span> 
     </span>
    </p>
   </div>
   <div class='ocr_carea' id='block_1_48' title="bbox 210 3070 1785 3145">
    <p class='ocr_par' dir='ltr' id='par_1_48' title="bbox 210 3070 1785 3145">
     <span class='ocr_line' id='line_1_48' title="bbox 210 3070 1785 3145; baseline 0.013 -22"><span class='ocrx_word' id='word_1_376' title='bbox 210 3070 325 3125; x_wconf 83' lang='grc' dir='ltr'><strong>τῶν</strong></span> <span class='ocrx_word' id='word_1_377' title='bbox 352 3071 488 3127; x_wconf 84' lang='grc' dir='ltr'>ὅλων</span> <span class='ocrx_word' id='word_1_378' title='bbox 534 3075 673 3145; x_wconf 79' lang='grc' dir='ltr'>μετὰ</span> <span class='ocrx_word' id='word_1_379' title='bbox 705 3077 797 3132; x_wconf 85' lang='grc' dir='ltr'><strong>τὸν</strong></span> <span class='ocrx_word' id='word_1_380' title='bbox 845 3077 939 3131; x_wconf 72' lang='grc' dir='ltr'>ἐπὶ</span> <span class='ocrx_word' id='word_1_381' title='bbox 977 3079 1194 3135; x_wconf 90' lang='grc' dir='ltr'>πάντων</span> <span class='ocrx_word' id='word_1_382' title='bbox 1234 3082 1365 3137; x_wconf 78' lang='grc' dir='ltr'>Θεὸν</span> <span class='ocrx_word' id='word_1_383' title='bbox 1411 3087 1785 3145; x_wconf 83' lang='grc' dir='ltr'>πεπίστευται.</span> 
     </span>
    </p>
   </div>
   <div class='ocr_carea' id='block_1_49' title="bbox 216 3164 1786 3245">
    <p class='ocr_par' dir='ltr' id='par_1_49' title="bbox 216 3164 1786 3245">
     <span class='ocr_line' id='line_1_49' title="bbox 216 3164 1786 3245; baseline 0.011 -28"><span class='ocrx_word' id='word_1_384' title='bbox 216 3165 343 3218; x_wconf 88' lang='grc' dir='ltr'>Ὅτι</span> <span class='ocrx_word' id='word_1_385' title='bbox 378 3164 434 3218; x_wconf 80' lang='grc' dir='ltr'><strong>δὲ</strong></span> <span class='ocrx_word' id='word_1_386' title='bbox 461 3168 521 3220; x_wconf 83' lang='grc' dir='ltr'>οὐ</span> <span class='ocrx_word' id='word_1_387' title='bbox 551 3169 678 3239; x_wconf 80' lang='grc' dir='ltr'>περὶ</span> <span class='ocrx_word' id='word_1_388' title='bbox 704 3169 805 3239; x_wconf 80' lang='grc' dir='ltr'>τῆς</span> <span class='ocrx_word' id='word_1_389' title='bbox 836 3169 1037 3240; x_wconf 83' lang='grc' dir='ltr'>σαρκὸς</span> <span class='ocrx_word' id='word_1_390' title='bbox 1070 3170 1222 3225; x_wconf 78' lang='grc' dir='ltr'>ταῦτ’</span> <span class='ocrx_word' id='word_1_391' title='bbox 1257 3174 1368 3245; x_wconf 79' lang='lat'>(25)</span> <span class='ocrx_word' id='word_1_392' title='bbox 1414 3175 1621 3245; x_wconf 78' lang='grc' dir='ltr'>ἔλεγεν,</span> <span class='ocrx_word' id='word_1_393' title='bbox 1649 3178 1786 3235; x_wconf 78' lang='grc' dir='ltr'>ἀλλὰ</span> 
     </span>
    </p>
   </div>
   <div class='ocr_carea' id='block_1_50' title="bbox 212 3257 1781 3343">
    <p class='ocr_par' dir='ltr' id='par_1_50' title="bbox 212 3257 1781 3343">
     <span class='ocr_line' id='line_1_50' title="bbox 212 3257 1781 3343; baseline 0.01 -34"><span class='ocrx_word' id='word_1_394' title='bbox 212 3257 346 3328; x_wconf 74' lang='grc' dir='ltr'>περὶ</span> <span class='ocrx_word' id='word_1_395' title='bbox 376 3258 469 3311; x_wconf 80' lang='grc' dir='ltr'><strong>τοῦ</strong></span> <span class='ocrx_word' id='word_1_396' title='bbox 500 3258 636 3313; x_wconf 86' lang='grc' dir='ltr'>Θεοῦ</span> <span class='ocrx_word' id='word_1_397' title='bbox 663 3261 858 3330; x_wconf 88' lang='grc' dir='ltr'>Λόγου,</span> <span class='ocrx_word' id='word_1_398' title='bbox 894 3261 1050 3333; x_wconf 84' lang='grc' dir='ltr'>δῆλός</span> <span class='ocrx_word' id='word_1_399' title='bbox 1081 3264 1228 3318; x_wconf 86' lang='grc' dir='ltr'>ἐστιν</span> <span class='ocrx_word' id='word_1_400' title='bbox 1256 3267 1320 3320; x_wconf 84' lang='grc' dir='ltr'><strong>ἐκ</strong></span> <span class='ocrx_word' id='word_1_401' title='bbox 1346 3266 1442 3320; x_wconf 86' lang='grc' dir='ltr'>τοῦ</span> <span class='ocrx_word' id='word_1_402' title='bbox 1479 3270 1781 3343; x_wconf 84' lang='grc' dir='ltr'>ἐπιφέρειν,</span> 
     </span>
    </p>
   </div>
   <div class='ocr_carea' id='block_1_51' title="bbox 210 3344 1784 3429">
    <p class='ocr_par' dir='ltr' id='par_1_51' title="bbox 210 3344 1784 3429">
     <span class='ocr_line' id='line_1_51' title="bbox 210 3344 1784 3429; baseline 0.011 -28"><span class='ocrx_word' id='word_1_403' title='bbox 210 3348 291 3402; x_wconf 81' lang='grc' dir='ltr'><strong>δι’</strong></span> <span class='ocrx_word' id='word_1_404' title='bbox 334 3344 406 3405; x_wconf 86' lang='grc' dir='ltr'>οὗ</span> <span class='ocrx_word' id='word_1_405' title='bbox 432 3349 504 3403; x_wconf 89' lang='grc' dir='ltr'>τὰ</span> <span class='ocrx_word' id='word_1_406' title='bbox 545 3351 759 3407; x_wconf 83' lang='grc' dir='ltr'>πάντα.</span> <span class='ocrx_word' id='word_1_407' title='bbox 787 3383 858 3392; x_wconf 92' lang='lat'><strong><em>—-</em></strong></span> <span class='ocrx_word' id='word_1_408' title='bbox 884 3354 1055 3423; x_wconf 81' lang='grc' dir='ltr'>Ἡμῖν</span> <span class='ocrx_word' id='word_1_409' title='bbox 1093 3354 1224 3425; x_wconf 76' lang='grc' dir='ltr'>γὰρ,</span> <span class='ocrx_word' id='word_1_410' title='bbox 1260 3359 1443 3427; x_wconf 70' lang='grc' dir='ltr'>φησιν,</span> <span class='ocrx_word' id='word_1_411' title='bbox 1471 3354 1559 3427; x_wconf 82' lang='grc' dir='ltr'>εἷς</span> <span class='ocrx_word' id='word_1_412' title='bbox 1590 3361 1733 3429; x_wconf 85' lang='grc' dir='ltr'>Θεὸς</span> <span class='ocrx_word' id='word_1_413' title='bbox 1752 3367 1784 3418; x_wconf 83' lang='grc' dir='ltr'><strong>ό</strong></span> 
     </span>
    </p>
   </div>
   <div class='ocr_carea' id='block_1_52' title="bbox 210 3438 1785 3520">
    <p class='ocr_par' dir='ltr' id='par_1_52' title="bbox 210 3438 1785 3520">
     <span class='ocr_line' id='line_1_52' title="bbox 210 3438 1785 3520; baseline 0.01 -27"><span class='ocrx_word' id='word_1_414' title='bbox 210 3438 440 3509; x_wconf 82' lang='grc' dir='ltr'>Πατὴρ,</span> <span class='ocrx_word' id='word_1_415' title='bbox 486 3441 555 3506; x_wconf 80' lang='grc' dir='ltr'>ἐξ</span> <span class='ocrx_word' id='word_1_416' title='bbox 589 3438 659 3498; x_wconf 83' lang='grc' dir='ltr'>οὗ</span> <span class='ocrx_word' id='word_1_417' title='bbox 687 3443 759 3498; x_wconf 87' lang='grc' dir='ltr'>τὰ</span> <span class='ocrx_word' id='word_1_418' title='bbox 795 3443 1011 3513; x_wconf 85' lang='grc' dir='ltr'>πάντα,</span> <span class='ocrx_word' id='word_1_419' title='bbox 1054 3447 1152 3500; x_wconf 72' lang='grc' dir='ltr'>καὶ</span> <span class='ocrx_word' id='word_1_420' title='bbox 1183 3442 1270 3514; x_wconf 76' lang='grc' dir='ltr'>εἷς</span> <span class='ocrx_word' id='word_1_421' title='bbox 1296 3449 1507 3519; x_wconf 80' lang='grc' dir='ltr'>Κύριος</span> <span class='ocrx_word' id='word_1_422' title='bbox 1558 3451 1785 3520; x_wconf 81' lang='grc' dir='ltr'>Ἰησοῦς</span> 
     </span>
    </p>
   </div>
   <div class='ocr_carea' id='block_1_53' title="bbox 210 3531 1783 3618">
    <p class='ocr_par' dir='ltr' id='par_1_53' title="bbox 210 3531 1783 3618">
     <span class='ocr_line' id='line_1_53' title="bbox 210 3531 1783 3618; baseline 0.01 -34"><span class='ocrx_word' id='word_1_423' title='bbox 210 3532 487 3599; x_wconf 83' lang='grc' dir='ltr'>Χριστὸς,</span> <span class='ocrx_word' id='word_1_424' title='bbox 524 3533 597 3587; x_wconf 76' lang='grc' dir='ltr'><strong>δι’</strong></span> <span class='ocrx_word' id='word_1_425' title='bbox 636 3531 707 3590; x_wconf 82' lang='grc' dir='ltr'>οὗ</span> <span class='ocrx_word' id='word_1_426' title='bbox 740 3536 812 3590; x_wconf 88' lang='grc' dir='ltr'>τὰ</span> <span class='ocrx_word' id='word_1_427' title='bbox 840 3536 1057 3593; x_wconf 85' lang='grc' dir='ltr'>πάντα.</span> <span class='ocrx_word' id='word_1_428' title='bbox 1088 3540 1154 3593; x_wconf 86' lang='lat'><strong>&#39;0</strong></span> <span class='ocrx_word' id='word_1_429' title='bbox 1180 3540 1244 3612; x_wconf 83' lang='grc' dir='ltr'><strong>δὴ</strong></span> <span class='ocrx_word' id='word_1_430' title='bbox 1268 3540 1377 3613; x_wconf 72' lang='lat'>(24)</span> <span class='ocrx_word' id='word_1_431' title='bbox 1406 3543 1501 3596; x_wconf 87' lang='grc' dir='ltr'>καὶ</span> <span class='ocrx_word' id='word_1_432' title='bbox 1531 3546 1660 3618; x_wconf 66' lang='grc' dir='ltr'><strong>περ)⁸</strong></span> <span class='ocrx_word' id='word_1_433' title='bbox 1690 3546 1783 3600; x_wconf 87' lang='grc' dir='ltr'><strong>τοῦ</strong></span> 
     </span>
    </p>
   </div>
   <div class='ocr_carea' id='block_1_54' title="bbox 211 3625 1780 3709">
    <p class='ocr_par' dir='ltr' id='par_1_54' title="bbox 211 3625 1780 3709">
     <span class='ocr_line' id='line_1_54' title="bbox 211 3625 1780 3709; baseline 0.011 -34"><span class='ocrx_word' id='word_1_434' title='bbox 211 3625 412 3694; x_wconf 70' lang='grc' dir='ltr'>φωτὸς,</span> <span class='ocrx_word' id='word_1_435' title='bbox 454 3628 546 3679; x_wconf 77' lang='grc' dir='ltr'>καὶ</span> <span class='ocrx_word' id='word_1_436' title='bbox 579 3627 705 3698; x_wconf 78' lang='grc' dir='ltr'>περὶ</span> <span class='ocrx_word' id='word_1_437' title='bbox 740 3628 833 3682; x_wconf 88' lang='grc' dir='ltr'><strong>τοῦ</strong></span> <span class='ocrx_word' id='word_1_438' title='bbox 867 3631 1144 3703; x_wconf 83' lang='grc' dir='ltr'>περιόντος</span> <span class='ocrx_word' id='word_1_439' title='bbox 1185 3633 1356 3702; x_wconf 84' lang='grc' dir='ltr'>Λόγου</span> <span class='ocrx_word' id='word_1_440' title='bbox 1399 3634 1510 3707; x_wconf 82' lang='lat'>(25)</span> <span class='ocrx_word' id='word_1_441' title='bbox 1550 3638 1780 3709; x_wconf 76' lang='grc' dir='ltr'>εἴρηται.</span> 
     </span>
    </p>
   </div>
   <div class='ocr_carea' id='block_1_55' title="bbox 212 3710 1779 3798">
    <p class='ocr_par' dir='ltr' id='par_1_55' title="bbox 212 3710 1779 3798">
     <span class='ocr_line' id='line_1_55' title="bbox 212 3710 1779 3798; baseline 0.01 -30"><span class='ocrx_word' id='word_1_442' title='bbox 212 3716 385 3780; x_wconf 75' lang='grc' dir='ltr'>Αὐτὸς</span> <span class='ocrx_word' id='word_1_443' title='bbox 416 3710 509 3771; x_wconf 86' lang='grc' dir='ltr'><strong>οῦν</strong></span> <span class='ocrx_word' id='word_1_444' title='bbox 533 3713 601 3789; x_wconf 81' lang='grc' dir='ltr'>ἦν</span> <span class='ocrx_word' id='word_1_445' title='bbox 640 3719 846 3789; x_wconf 84' lang='grc' dir='ltr'>Ἰησοῦς</span> <span class='ocrx_word' id='word_1_446' title='bbox 878 3720 1108 3793; x_wconf 81' lang='grc' dir='ltr'>Χριστὸς</span> <span class='ocrx_word' id='word_1_447' title='bbox 1148 3724 1209 3776; x_wconf 83' lang='grc' dir='ltr'><strong>τὸ</strong></span> <span class='ocrx_word' id='word_1_448' title='bbox 1253 3724 1367 3794; x_wconf 82' lang='grc' dir='ltr'>φῶς</span> <span class='ocrx_word' id='word_1_449' title='bbox 1391 3727 1484 3781; x_wconf 72' lang='grc' dir='ltr'><strong>καὶ</strong></span> <span class='ocrx_word' id='word_1_450' title='bbox 1532 3730 1561 3782; x_wconf 92' lang='lat'><strong>6</strong></span> <span class='ocrx_word' id='word_1_451' title='bbox 1590 3728 1779 3798; x_wconf 79' lang='grc' dir='ltr'>Λόγος,</span> 
     </span>
    </p>
   </div>
   <div class='ocr_carea' id='block_1_56' title="bbox 209 3800 1821 3892">
    <p class='ocr_par' dir='ltr' id='par_1_56' title="bbox 209 3800 1821 3892">
     <span class='ocr_line' id='line_1_56' title="bbox 209 3800 1821 3892; baseline 0.008 -30"><span class='ocrx_word' id='word_1_452' title='bbox 209 3808 283 3862; x_wconf 82' lang='grc' dir='ltr'>δι’</span> <span class='ocrx_word' id='word_1_453' title='bbox 319 3800 380 3860; x_wconf 82' lang='grc' dir='ltr'>οῦ</span> <span class='ocrx_word' id='word_1_454' title='bbox 408 3808 476 3863; x_wconf 87' lang='grc' dir='ltr'>τὰ</span> <span class='ocrx_word' id='word_1_455' title='bbox 501 3809 677 3864; x_wconf 88' lang='grc' dir='ltr'>πάντα</span> <span class='ocrx_word' id='word_1_456' title='bbox 703 3810 945 3881; x_wconf 87' lang='grc' dir='ltr'>γέγονεν,</span> <span class='ocrx_word' id='word_1_457' title='bbox 975 3814 1090 3867; x_wconf 82' lang='grc' dir='ltr'>ἀλλ’</span> <span class='ocrx_word' id='word_1_458' title='bbox 1119 3816 1217 3888; x_wconf 85' lang='grc' dir='ltr'><strong>οὐχ</strong></span> <span class='ocrx_word' id='word_1_459' title='bbox 1243 3818 1277 3887; x_wconf 85' lang='grc' dir='ltr'><strong>ή</strong></span> <span class='ocrx_word' id='word_1_460' title='bbox 1306 3816 1460 3889; x_wconf 79' lang='grc' dir='ltr'>σάρξ.</span> <span class='ocrx_word' id='word_1_461' title='bbox 1488 3820 1561 3872; x_wconf 84' lang='grc' dir='ltr'><strong>Οὐ</strong></span> <span class='ocrx_word' id='word_1_462' title='bbox 1587 3820 1695 3892; x_wconf 87' lang='grc' dir='ltr'><strong>γὰρ</strong></span> <span class='ocrx_word' id='word_1_463' title='bbox 1717 3821 1784 3875; x_wconf 82' lang='grc' dir='ltr'>ἂν</span> <span class='ocrx_word' id='word_1_464' title='bbox 1818 3890 1821 3891; x_wconf 17' lang='grc' dir='ltr'><em>ν</em></span> 
     </span>
    </p>
   </div>
   <div class='ocr_carea' id='block_1_57' title="bbox 211 3900 1782 3978">
    <p class='ocr_par' dir='ltr' id='par_1_57' title="bbox 211 3900 1782 3978">
     <span class='ocr_line' id='line_1_57' title="bbox 211 3900 1782 3978; baseline 0.011 -27"><span class='ocrx_word' id='word_1_465' title='bbox 211 3900 344 3969; x_wconf 78' lang='grc' dir='ltr'>περὶ</span> <span class='ocrx_word' id='word_1_466' title='bbox 374 3900 475 3970; x_wconf 83' lang='grc' dir='ltr'>τῆς</span> <span class='ocrx_word' id='word_1_467' title='bbox 516 3903 715 3973; x_wconf 85' lang='grc' dir='ltr'>σαρκὸς</span> <span class='ocrx_word' id='word_1_468' title='bbox 745 3904 1127 3977; x_wconf 76' lang='grc' dir='ltr'>ἀσυναρτήτως</span> <span class='ocrx_word' id='word_1_469' title='bbox 1166 3906 1277 3978; x_wconf 87' lang='lat'>(26)</span> <span class='ocrx_word' id='word_1_470' title='bbox 1316 3908 1488 3974; x_wconf 71' lang='grc' dir='ltr'>οὕτως</span> <span class='ocrx_word' id='word_1_471' title='bbox 1521 3908 1673 3966; x_wconf 76' lang='grc' dir='ltr'>εἶπεν</span> <span class='ocrx_word' id='word_1_472' title='bbox 1715 3913 1782 3969; x_wconf 82' lang='grc' dir='ltr'>ἂν</span> 
     </span>
    </p>
   </div>
   <div class='ocr_carea' id='block_1_58' title="bbox 212 3989 837 4059">
    <p class='ocr_par' dir='ltr' id='par_1_58' title="bbox 212 3989 837 4059">
     <span class='ocr_line' id='line_1_58' title="bbox 212 3989 837 4059; baseline 0.01 -15"><span class='ocrx_word' id='word_1_473' title='bbox 212 3993 295 4059; x_wconf 82' lang='grc' dir='ltr'><strong>τὸ,</strong></span> <span class='ocrx_word' id='word_1_474' title='bbox 312 3993 386 4045; x_wconf 83' lang='grc' dir='ltr'><strong>δι’</strong></span> <span class='ocrx_word' id='word_1_475' title='bbox 421 3989 492 4049; x_wconf 85' lang='grc' dir='ltr'>οὗ</span> <span class='ocrx_word' id='word_1_476' title='bbox 526 3993 597 4048; x_wconf 87' lang='grc' dir='ltr'>τὰ</span> <span class='ocrx_word' id='word_1_477' title='bbox 623 3994 837 4051; x_wconf 84' lang='grc' dir='ltr'>πάντα.</span> 
     </span>
    </p>
   </div>
   <div class='ocr_carea' id='block_1_59' title="bbox 284 4080 1780 4167">
    <p class='ocr_par' dir='ltr' id='par_1_59' title="bbox 284 4080 1780 4167">
     <span class='ocr_line' id='line_1_59' title="bbox 284 4080 1780 4167; baseline 0.009 -30"><span class='ocrx_word' id='word_1_478' title='bbox 284 4080 405 4138; x_wconf 78' lang='grc' dir='ltr'><strong>οἶδὲ</strong></span> <span class='ocrx_word' id='word_1_479' title='bbox 455 4084 513 4138; x_wconf 82' lang='grc' dir='ltr'><strong>δὲ</strong></span> <span class='ocrx_word' id='word_1_480' title='bbox 560 4087 657 4140; x_wconf 75' lang='grc' dir='ltr'><strong>τὸν</strong></span> <span class='ocrx_word' id='word_1_481' title='bbox 692 4088 791 4158; x_wconf 83' lang='grc' dir='ltr'>τῆς</span> <span class='ocrx_word' id='word_1_482' title='bbox 826 4090 1027 4160; x_wconf 81' lang='grc' dir='ltr'>σαρκὸς</span> <span class='ocrx_word' id='word_1_483' title='bbox 1069 4094 1489 4167; x_wconf 84' lang='grc' dir='ltr'>προῦπάρχοντα</span> <span class='ocrx_word' id='word_1_484' title='bbox 1519 4096 1613 4150; x_wconf 87' lang='grc' dir='ltr'><strong>τοῦ</strong></span> <span class='ocrx_word' id='word_1_485' title='bbox 1645 4097 1780 4151; x_wconf 82' lang='grc' dir='ltr'>Θεοῦ</span> 
     </span>
    </p>
   </div>
   <div class='ocr_carea' id='block_1_60' title="bbox 208 4174 1782 4250">
    <p class='ocr_par' dir='ltr' id='par_1_60' title="bbox 208 4174 1782 4250">
     <span class='ocr_line' id='line_1_60' title="bbox 208 4174 1782 4250; baseline 0.01 -24"><span class='ocrx_word' id='word_1_486' title='bbox 208 4174 345 4227; x_wconf 78' lang='grc' dir='ltr'><strong>Υἱὸν</strong></span> <span class='ocrx_word' id='word_1_487' title='bbox 384 4176 615 4247; x_wconf 84' lang='grc' dir='ltr'>Χριστὸν</span> <span class='ocrx_word' id='word_1_488' title='bbox 654 4177 936 4248; x_wconf 77' lang='grc' dir='ltr'>ὀνομάζειν</span> <span class='ocrx_word' id='word_1_489' title='bbox 979 4182 1007 4232; x_wconf 92' lang='lat'><strong>6</strong></span> <span class='ocrx_word' id='word_1_490' title='bbox 1053 4183 1214 4246; x_wconf 86' lang='grc' dir='ltr'>αὐτὸς</span> <span class='ocrx_word' id='word_1_491' title='bbox 1260 4184 1487 4250; x_wconf 82' lang='grc' dir='ltr'>Παῦλος,</span> <span class='ocrx_word' id='word_1_492' title='bbox 1537 4188 1677 4242; x_wconf 82' lang='grc' dir='ltr'>κατὰ</span> <span class='ocrx_word' id='word_1_493' title='bbox 1717 4188 1782 4242; x_wconf 78' lang='grc' dir='ltr'><strong>τὸ</strong></span> 
     </span>
    </p>
   </div>
   <div class='ocr_carea' id='block_1_61' title="bbox 201 4266 1781 4352">
    <p class='ocr_par' dir='ltr' id='par_1_61' title="bbox 201 4266 1781 4352">
     <span class='ocr_line' id='line_1_61' title="bbox 201 4266 1781 4352; baseline 0.009 -33"><span class='ocrx_word' id='word_1_494' title='bbox 201 4266 366 4340; x_wconf 78' lang='grc' dir='ltr'>αὐτὸ,</span> <span class='ocrx_word' id='word_1_495' title='bbox 389 4267 619 4337; x_wconf 78' lang='grc' dir='ltr'>Πέτραν</span> <span class='ocrx_word' id='word_1_496' title='bbox 645 4270 808 4323; x_wconf 81' lang='grc' dir='ltr'>αὐτὸν</span> <span class='ocrx_word' id='word_1_497' title='bbox 854 4272 1163 4339; x_wconf 79' lang='grc' dir='ltr'>ἀποκαλῶν,</span> <span class='ocrx_word' id='word_1_498' title='bbox 1197 4275 1263 4329; x_wconf 87' lang='grc' dir='ltr'>δι’</span> <span class='ocrx_word' id='word_1_499' title='bbox 1309 4270 1383 4330; x_wconf 87' lang='grc' dir='ltr'><strong>ὧν</strong></span> <span class='ocrx_word' id='word_1_500' title='bbox 1415 4279 1615 4349; x_wconf 84' lang='grc' dir='ltr'>γράφει</span> <span class='ocrx_word' id='word_1_501' title='bbox 1653 4283 1781 4352; x_wconf 82' lang='grc' dir='ltr'>περὶ</span> 
     </span>
    </p>
   </div>
   <div class='ocr_carea' id='block_1_62' title="bbox 206 4356 1777 4440">
    <p class='ocr_par' dir='ltr' id='par_1_62' title="bbox 206 4356 1777 4440">
     <span class='ocr_line' id='line_1_62' title="bbox 206 4356 1777 4440; baseline 0.011 -30"><span class='ocrx_word' id='word_1_502' title='bbox 206 4356 321 4411; x_wconf 80' lang='grc' dir='ltr'><strong>τῶν</strong></span> <span class='ocrx_word' id='word_1_503' title='bbox 348 4360 405 4411; x_wconf 85' lang='grc' dir='ltr'><strong>ἐν</strong></span> <span class='ocrx_word' id='word_1_504' title='bbox 425 4362 491 4430; x_wconf 78' lang='grc' dir='ltr'><strong>τῇ</strong></span> <span class='ocrx_word' id='word_1_505' title='bbox 516 4360 708 4431; x_wconf 80' lang='grc' dir='ltr'>ἐρήμῳ</span> <span class='ocrx_word' id='word_1_506' title='bbox 730 4362 1218 4435; x_wconf 76' lang='grc' dir='ltr'>συνδιατριψάντων</span> <span class='ocrx_word' id='word_1_507' title='bbox 1229 4367 1306 4438; x_wconf 82' lang='grc' dir='ltr'>τῷ</span> <span class='ocrx_word' id='word_1_508' title='bbox 1321 4370 1558 4433; x_wconf 80' lang='grc' dir='ltr'>Μωῦσεῖ,</span> <span class='ocrx_word' id='word_1_509' title='bbox 1583 4371 1777 4440; x_wconf 86' lang='grc' dir='ltr'>λέγων,</span> 
     </span>
    </p>
   </div>
   <div class='ocr_carea' id='block_1_63' title="bbox 209 4449 1775 4530">
    <p class='ocr_par' dir='ltr' id='par_1_63' title="bbox 209 4449 1775 4530">
     <span class='ocr_line' id='line_1_63' title="bbox 209 4449 1775 4530; baseline 0.01 -28"><span class='ocrx_word' id='word_1_510' title='bbox 209 4452 471 4503; x_wconf 78' lang='grc' dir='ltr'>Ἐπινον</span> <span class='ocrx_word' id='word_1_511' title='bbox 498 4449 607 4520; x_wconf 78' lang='grc' dir='ltr'>γὰρ</span> <span class='ocrx_word' id='word_1_512' title='bbox 624 4452 691 4505; x_wconf 84' lang='grc' dir='ltr'><strong>ἐκ</strong></span> <span class='ocrx_word' id='word_1_513' title='bbox 722 4454 1122 4523; x_wconf 80' lang='grc' dir='ltr'>πνευματικῆς</span> <span class='ocrx_word' id='word_1_514' title='bbox 1163 4458 1619 4530; x_wconf 75' lang='grc' dir='ltr'>ἀκολουθούσης</span> <span class='ocrx_word' id='word_1_515' title='bbox 1671 4464 1775 4517; x_wconf 85' lang='grc' dir='ltr'>πέ-</span> 
     </span>
    </p>
   </div>
   <div class='ocr_carea' id='block_1_64' title="bbox 205 4540 1777 4624">
    <p class='ocr_par' dir='ltr' id='par_1_64' title="bbox 205 4540 1777 4624">
     <span class='ocr_line' id='line_1_64' title="bbox 205 4540 1777 4624; baseline 0.011 -33"><span class='ocrx_word' id='word_1_516' title='bbox 205 4557 374 4608; x_wconf 82' lang='grc' dir='ltr'>τρας,</span> <span class='ocrx_word' id='word_1_517' title='bbox 411 4540 451 4607; x_wconf 78' lang='grc' dir='ltr'>ἡ</span> <span class='ocrx_word' id='word_1_518' title='bbox 484 4541 552 4595; x_wconf 83' lang='grc' dir='ltr'><strong>δὲ</strong></span> <span class='ocrx_word' id='word_1_519' title='bbox 573 4542 755 4612; x_wconf 84' lang='grc' dir='ltr'>πέτρα</span> <span class='ocrx_word' id='word_1_520' title='bbox 779 4541 857 4615; x_wconf 83' lang='grc' dir='ltr'>ἦν</span> <span class='ocrx_word' id='word_1_521' title='bbox 890 4549 923 4599; x_wconf 87' lang='grc' dir='ltr'><strong>ό</strong></span> <span class='ocrx_word' id='word_1_522' title='bbox 952 4548 1223 4615; x_wconf 82' lang='grc' dir='ltr'>Χριστός.</span> <span class='ocrx_word' id='word_1_523' title='bbox 1256 4552 1365 4603; x_wconf 75' lang='grc' dir='ltr'><strong>Καὶ</strong></span> <span class='ocrx_word' id='word_1_524' title='bbox 1390 4554 1777 4624; x_wconf 76' lang='grc' dir='ltr'>ἐπισφραγίζε-</span> 
     </span>
    </p>
   </div>
   <div class='ocr_carea' id='block_1_65' title="bbox 1887 2074 3450 2160">
    <p class='ocr_par' dir='ltr' id='par_1_65' title="bbox 1887 2074 3450 2160">
     <span class='ocr_line' id='line_1_65' title="bbox 1887 2074 3450 2160; baseline -0.006 -23"><span class='ocrx_word' id='word_1_525' title='bbox 1887 2082 2087 2137; x_wconf 88' lang='lat' dir='ltr'><strong>etenim</strong></span> <span class='ocrx_word' id='word_1_526' title='bbox 2132 2080 2301 2160; x_wconf 36' lang='lat' dir='ltr'><strong>plene.</strong></span> <span class='ocrx_word' id='word_1_527' title='bbox 2333 2077 2616 2135; x_wconf 86' lang='lat' dir='ltr'><strong>constabat</strong></span> <span class='ocrx_word' id='word_1_528' title='bbox 2661 2095 2675 2130; x_wconf 91' lang='lat'><strong>:</strong></span> <span class='ocrx_word' id='word_1_529' title='bbox 2709 2084 2764 2132; x_wconf 91' lang='lat' dir='ltr'><strong>et</strong></span> <span class='ocrx_word' id='word_1_530' title='bbox 2811 2090 2989 2132; x_wconf 87' lang='lat' dir='ltr'><strong>sermo</strong></span> <span class='ocrx_word' id='word_1_531' title='bbox 3018 2074 3287 2145; x_wconf 81' lang='lat' dir='ltr'><strong>perfectus</strong></span> <span class='ocrx_word' id='word_1_532' title='bbox 3314 2085 3450 2160; x_wconf 72' lang='lat' dir='ltr'><strong>erat,</strong></span> 
     </span>
    </p>
   </div>
   <div class='ocr_carea' id='block_1_66' title="bbox 1888 2150 3454 2244">
    <p class='ocr_par' dir='ltr' id='par_1_66' title="bbox 1888 2150 3454 2244">
     <span class='ocr_line' id='line_1_66' title="bbox 1888 2150 3454 2244; baseline -0.006 -15"><span class='ocrx_word' id='word_1_533' title='bbox 1888 2189 1995 2244; x_wconf 90' lang='lat' dir='ltr'><strong>quo</strong></span> <span class='ocrx_word' id='word_1_534' title='bbox 2018 2150 2160 2229; x_wconf 82' lang='lat' dir='ltr'><strong>Deus</strong></span> <span class='ocrx_word' id='word_1_535' title='bbox 2189 2150 2427 2229; x_wconf 62' lang='grc' dir='ltr'>σκήνει-εἱ</span> <span class='ocrx_word' id='word_1_536' title='bbox 2469 2170 2719 2228; x_wconf 87' lang='lat' dir='ltr'><strong>conditor</strong></span> <span class='ocrx_word' id='word_1_537' title='bbox 2746 2167 3066 2239; x_wconf 88' lang='lat' dir='ltr'><strong>ponebatur.</strong></span> <span class='ocrx_word' id='word_1_538' title='bbox 3111 2164 3216 2223; x_wconf 90' lang='lat' dir='ltr'><strong>Sed</strong></span> <span class='ocrx_word' id='word_1_539' title='bbox 3255 2150 3454 2221; x_wconf 69' lang='lat' dir='ltr'><strong>vellu-</strong></span> 
     </span>
    </p>
   </div>
   <div class='ocr_carea' id='block_1_67' title="bbox 1889 2256 3453 2331">
    <p class='ocr_par' dir='ltr' id='par_1_67' title="bbox 1889 2256 3453 2331">
     <span class='ocr_line' id='line_1_67' title="bbox 1889 2256 3453 2331; baseline -0.007 -9"><span class='ocrx_word' id='word_1_540' title='bbox 1889 2268 2038 2323; x_wconf 79' lang='lat' dir='ltr'><strong>daeus</strong></span> <span class='ocrx_word' id='word_1_541' title='bbox 2066 2268 2142 2322; x_wconf 92' lang='lat' dir='ltr'><strong>ita</strong></span> <span class='ocrx_word' id='word_1_542' title='bbox 2173 2264 2485 2320; x_wconf 81' lang='lat' dir='ltr'><strong>aﬂirmaret.</strong></span> <span class='ocrx_word' id='word_1_543' title='bbox 2522 2260 2776 2317; x_wconf 83' lang='lat' dir='ltr'><strong>Ecclesiae</strong></span> <span class='ocrx_word' id='word_1_544' title='bbox 2824 2274 2954 2331; x_wconf 75' lang='lat' dir='ltr'><strong>ergo</strong></span> <span class='ocrx_word' id='word_1_545' title='bbox 2988 2272 3187 2330; x_wconf 68' lang='lat' dir='ltr'><strong>praeco,</strong></span> <span class='ocrx_word' id='word_1_546' title='bbox 3234 2257 3300 2312; x_wconf 92' lang='lat' dir='ltr'><strong>ad</strong></span> <span class='ocrx_word' id='word_1_547' title='bbox 3323 2256 3453 2313; x_wconf 88' lang='lat' dir='ltr'><strong>illud</strong></span> 
     </span>
    </p>
   </div>
   <div class='ocr_carea' id='block_1_68' title="bbox 1888 2350 3450 2429">
    <p class='ocr_par' dir='ltr' id='par_1_68' title="bbox 1888 2350 3450 2429">
     <span class='ocr_line' id='line_1_68' title="bbox 1888 2350 3450 2429; baseline -0.007 -16"><span class='ocrx_word' id='word_1_548' title='bbox 1888 2359 2059 2429; x_wconf 90' lang='lat' dir='ltr'><strong>prius,</strong></span> <span class='ocrx_word' id='word_1_549' title='bbox 2082 2357 2185 2412; x_wconf 86' lang='lat' dir='ltr'><strong>hoc</strong></span> <span class='ocrx_word' id='word_1_550' title='bbox 2214 2356 2448 2425; x_wconf 91' lang='lat' dir='ltr'><strong>positum</strong></span> <span class='ocrx_word' id='word_1_551' title='bbox 2471 2354 2544 2408; x_wconf 47' lang='lat' dir='ltr'><strong>‘in</strong></span> <span class='ocrx_word' id='word_1_552' title='bbox 2576 2351 2827 2408; x_wconf 88' lang='lat' dir='ltr'><strong>secundis</strong></span> <span class='ocrx_word' id='word_1_553' title='bbox 2848 2365 2948 2407; x_wconf 88' lang='lat' dir='ltr'><strong>nos</strong></span> <span class='ocrx_word' id='word_1_554' title='bbox 2978 2350 3153 2405; x_wconf 90' lang='lat' dir='ltr'><strong>noluit</strong></span> <span class='ocrx_word' id='word_1_555' title='bbox 3179 2350 3450 2420; x_wconf 80' lang='lat' dir='ltr'><strong>ignorare.</strong></span> 
     </span>
    </p>
   </div>
   <div class='ocr_carea' id='block_1_69' title="bbox 1890 2439 3455 2517">
    <p class='ocr_par' dir='ltr' id='par_1_69' title="bbox 1890 2439 3455 2517">
     <span class='ocr_line' id='line_1_69' title="bbox 1890 2439 3455 2517; baseline -0.008 -10"><span class='ocrx_word' id='word_1_556' title='bbox 1890 2451 2166 2517; x_wconf 84' lang='lat' dir='ltr'><strong>Quodnam</strong></span> <span class='ocrx_word' id='word_1_557' title='bbox 2207 2464 2338 2504; x_wconf 86' lang='lat' dir='ltr'><strong>vero</strong></span> <span class='ocrx_word' id='word_1_558' title='bbox 2368 2446 2538 2504; x_wconf 83' lang='lat' dir='ltr'><strong>illud?</strong></span> <span class='ocrx_word' id='word_1_559' title='bbox 2566 2445 2639 2500; x_wconf 83' lang='lat' dir='ltr'><strong>Et</strong></span> <span class='ocrx_word' id='word_1_560' title='bbox 2667 2461 2803 2499; x_wconf 85' lang='lat' dir='ltr'><strong>unus</strong></span> <span class='ocrx_word' id='word_1_561' title='bbox 2827 2443 3086 2498; x_wconf 77' lang='lat' dir='ltr'><strong>Dominus</strong></span> <span class='ocrx_word' id='word_1_562' title='bbox 3112 2442 3268 2497; x_wconf 71' lang='lat' dir='ltr'><strong>Iesus</strong></span> <span class='ocrx_word' id='word_1_563' title='bbox 3301 2439 3455 2496; x_wconf 86' lang='lat' dir='ltr'><strong>Chri-</strong></span> 
     </span>
    </p>
   </div>
   <div class='ocr_carea' id='block_1_70' title="bbox 1888 2534 3455 2610">
    <p class='ocr_par' dir='ltr' id='par_1_70' title="bbox 1888 2534 3455 2610">
     <span class='ocr_line' id='line_1_70' title="bbox 1888 2534 3455 2610; baseline -0.007 -12"><span class='ocrx_word' id='word_1_564' title='bbox 1888 2555 2019 2599; x_wconf 88' lang='lat' dir='ltr'><strong>stus.</strong></span> <span class='ocrx_word' id='word_1_565' title='bbox 2059 2541 2351 2610; x_wconf 87' lang='lat' dir='ltr'><strong>Quocirca,</strong></span> <span class='ocrx_word' id='word_1_566' title='bbox 2384 2540 2439 2595; x_wconf 93' lang='lat' dir='ltr'><strong>in</strong></span> <span class='ocrx_word' id='word_1_567' title='bbox 2464 2537 2717 2595; x_wconf 89' lang='lat' dir='ltr'><strong>secundis</strong></span> <span class='ocrx_word' id='word_1_568' title='bbox 2764 2536 2945 2606; x_wconf 88' lang='lat' dir='ltr'><strong>posuit</strong></span> <span class='ocrx_word' id='word_1_569' title='bbox 2987 2534 3144 2599; x_wconf 87' lang='lat' dir='ltr'><strong>illud,</strong></span> <span class='ocrx_word' id='word_1_570' title='bbox 3171 2534 3322 2588; x_wconf 78' lang='lat' dir='ltr'><strong>nobis</strong></span> <span class='ocrx_word' id='word_1_571' title='bbox 3350 2534 3455 2588; x_wconf 82' lang='lat' dir='ltr'><strong>lto&#39;c</strong></span> 
     </span>
    </p>
   </div>
   <div class='ocr_carea' id='block_1_71' title="bbox 1888 2628 3450 2704">
    <p class='ocr_par' dir='ltr' id='par_1_71' title="bbox 1888 2628 3450 2704">
     <span class='ocr_line' id='line_1_71' title="bbox 1888 2628 3450 2704; baseline -0.008 -11"><span class='ocrx_word' id='word_1_572' title='bbox 1888 2651 2074 2704; x_wconf 89' lang='lat' dir='ltr'><strong>sensu,</strong></span> <span class='ocrx_word' id='word_1_573' title='bbox 2118 2644 2209 2701; x_wconf 82' lang='lat' dir='ltr'><strong>ut,‘</strong></span> <span class='ocrx_word' id='word_1_574' title='bbox 2251 2649 2357 2690; x_wconf 91' lang='lat' dir='ltr'><strong>non</strong></span> <span class='ocrx_word' id='word_1_575' title='bbox 2409 2634 2482 2688; x_wconf 90' lang='lat' dir='ltr'><strong>sit</strong></span> <span class='ocrx_word' id='word_1_576' title='bbox 2506 2631 2792 2697; x_wconf 88' lang='lat' dir='ltr'><strong>omnibus,</strong></span> <span class='ocrx_word' id='word_1_577' title='bbox 2830 2638 2888 2684; x_wconf 87' lang='lat' dir='ltr'><strong>at</strong></span> <span class='ocrx_word' id='word_1_578' title='bbox 2937 2628 3086 2683; x_wconf 80' lang='lat' dir='ltr'><strong>nobis</strong></span> <span class='ocrx_word' id='word_1_579' title='bbox 3133 2636 3315 2682; x_wconf 87' lang='lat' dir='ltr'><strong>tamen</strong></span> <span class='ocrx_word' id='word_1_580' title='bbox 3345 2634 3450 2692; x_wconf 88' lang='lat' dir='ltr'><strong>est,</strong></span> 
     </span>
    </p>
   </div>
   <div class='ocr_carea' id='block_1_72' title="bbox 1890 2720 3453 2788">
    <p class='ocr_par' dir='ltr' id='par_1_72' title="bbox 1890 2720 3453 2788">
     <span class='ocr_line' id='line_1_72' title="bbox 1890 2720 3453 2788; baseline -0.008 -5"><span class='ocrx_word' id='word_1_581' title='bbox 1890 2745 2024 2783; x_wconf 87' lang='lat' dir='ltr'><strong>unus</strong></span> <span class='ocrx_word' id='word_1_582' title='bbox 2064 2726 2320 2782; x_wconf 84' lang='lat' dir='ltr'><strong>Dominus</strong></span> <span class='ocrx_word' id='word_1_583' title='bbox 2350 2724 2507 2780; x_wconf 75' lang='lat' dir='ltr'><strong>Iesus</strong></span> <span class='ocrx_word' id='word_1_584' title='bbox 2540 2723 2804 2778; x_wconf 77' lang='lat' dir='ltr'><strong>Christus.</strong></span> <span class='ocrx_word' id='word_1_585' title='bbox 2833 2720 3100 2787; x_wconf 82' lang='lat' dir='ltr'><strong>Quorsum</strong></span> <span class='ocrx_word' id='word_1_586' title='bbox 3132 2732 3264 2774; x_wconf 82' lang='lat' dir='ltr'><strong>vero</strong></span> <span class='ocrx_word' id='word_1_587' title='bbox 3302 2727 3453 2788; x_wconf 89' lang='lat' dir='ltr'><strong>post-</strong></span> 
     </span>
    </p>
   </div>
   <div class='ocr_carea' id='block_1_73' title="bbox 1888 2802 3453 2889">
    <p class='ocr_par' dir='ltr' id='par_1_73' title="bbox 1888 2802 3453 2889">
     <span class='ocr_line' id='line_1_73' title="bbox 1888 2802 3453 2889; baseline -0.008 -16"><span class='ocrx_word' id='word_1_588' title='bbox 1888 2834 2047 2889; x_wconf 90' lang='lat' dir='ltr'><strong>quam</strong></span> <span class='ocrx_word' id='word_1_589' title='bbox 2078 2817 2340 2882; x_wconf 79' lang='lat' dir='ltr'><strong>edixerat,</strong></span> <span class='ocrx_word' id='word_1_590' title='bbox 2384 2802 2521 2870; x_wconf 63' lang='lat' dir='ltr'><strong>un°us</strong></span> <span class='ocrx_word' id='word_1_591' title='bbox 2548 2814 2711 2881; x_wconf 80' lang='lat' dir='ltr'><strong>Deus,</strong></span> <span class='ocrx_word' id='word_1_592' title='bbox 2747 2820 2801 2869; x_wconf 89' lang='lat' dir='ltr'><strong>et</strong></span> <span class='ocrx_word' id='word_1_593' title='bbox 2836 2827 2999 2868; x_wconf 75' lang='lat' dir='ltr'><strong>unum</strong></span> <span class='ocrx_word' id='word_1_594' title='bbox 3035 2824 3246 2880; x_wconf 90' lang='lat' dir='ltr'><strong>quoque</strong></span> <span class='ocrx_word' id='word_1_595' title='bbox 3267 2807 3453 2862; x_wconf 87' lang='lat' dir='ltr'><strong>Domi-</strong></span> 
     </span>
    </p>
   </div>
   <div class='ocr_carea' id='block_1_74' title="bbox 1888 2900 3453 2978">
    <p class='ocr_par' dir='ltr' id='par_1_74' title="bbox 1888 2900 3453 2978">
     <span class='ocr_line' id='line_1_74' title="bbox 1888 2900 3453 2978; baseline -0.008 -14"><span class='ocrx_word' id='word_1_596' title='bbox 1888 2926 2012 2965; x_wconf 87' lang='lat' dir='ltr'><strong>num</strong></span> <span class='ocrx_word' id='word_1_597' title='bbox 2043 2907 2240 2978; x_wconf 82' lang='lat' dir='ltr'><strong>adjecit</strong></span> <span class='ocrx_word' id='word_1_598' title='bbox 2284 2906 2424 2962; x_wconf 86' lang='lat' dir='ltr'><strong>idem</strong></span> <span class='ocrx_word' id='word_1_599' title='bbox 2469 2905 2738 2976; x_wconf 85' lang='lat' dir='ltr'><strong>inquiens,</strong></span> <span class='ocrx_word' id='word_1_600' title='bbox 2783 2920 2877 2973; x_wconf 83' lang='lat' dir='ltr'><strong>per</strong></span> <span class='ocrx_word' id='word_1_601' title='bbox 2899 2918 3051 2973; x_wconf 84' lang='lat' dir='ltr'><strong>quem</strong></span> <span class='ocrx_word' id='word_1_602' title='bbox 3084 2911 3204 2956; x_wconf 86' lang='lat' dir='ltr'><strong>sunt</strong></span> <span class='ocrx_word' id='word_1_603' title='bbox 3239 2900 3453 2955; x_wconf 77' lang='lat' dir='ltr'><strong>omnia?</strong></span> 
     </span>
    </p>
   </div>
   <div class='ocr_carea' id='block_1_75' title="bbox 1887 2989 3451 3070">
    <p class='ocr_par' dir='ltr' id='par_1_75' title="bbox 1887 2989 3451 3070">
     <span class='ocr_line' id='line_1_75' title="bbox 1887 2989 3451 3070; baseline -0.01 -12"><span class='ocrx_word' id='word_1_604' title='bbox 1887 3002 2044 3058; x_wconf 86' lang='lat' dir='ltr'><strong>Certe</strong></span> <span class='ocrx_word' id='word_1_605' title='bbox 2070 2999 2193 3069; x_wconf 87' lang='lat' dir='ltr'><strong>quia</strong></span> <span class='ocrx_word' id='word_1_606' title='bbox 2218 3014 2309 3070; x_wconf 84' lang='lat' dir='ltr'><strong>per</strong></span> <span class='ocrx_word' id='word_1_607' title='bbox 2330 2997 2480 3051; x_wconf 83' lang='lat' dir='ltr'><strong>illum</strong></span> <span class='ocrx_word' id='word_1_608' title='bbox 2506 2996 2683 3051; x_wconf 83' lang='lat' dir='ltr'><strong>omnia</strong></span> <span class='ocrx_word' id='word_1_609' title='bbox 2728 2994 2872 3064; x_wconf 78' lang='lat' dir='ltr'><strong>facta</strong></span> <span class='ocrx_word' id='word_1_610' title='bbox 2898 2994 3130 3065; x_wconf 68' lang='lat' dir='ltr'><strong>fuerant,</strong></span> <span class='ocrx_word' id='word_1_611' title='bbox 3160 3006 3267 3048; x_wconf 90' lang='lat' dir='ltr'><strong>non</strong></span> <span class='ocrx_word' id='word_1_612' title='bbox 3308 2989 3451 3058; x_wconf 84' lang='lat' dir='ltr'><strong>inju-</strong></span> 
     </span>
    </p>
   </div>
   <div class='ocr_carea' id='block_1_76' title="bbox 1889 3078 3452 3163">
    <p class='ocr_par' dir='ltr' id='par_1_76' title="bbox 1889 3078 3452 3163">
     <span class='ocr_line' id='line_1_76' title="bbox 1889 3078 3452 3163; baseline -0.01 -15"><span class='ocrx_word' id='word_1_613' title='bbox 1889 3094 1989 3159; x_wconf 83' lang='lat' dir='ltr'><strong>ria,</strong></span> <span class='ocrx_word' id='word_1_614' title='bbox 2026 3099 2145 3163; x_wconf 91' lang='lat' dir='ltr'><strong>post</strong></span> <span class='ocrx_word' id='word_1_615' title='bbox 2169 3090 2336 3145; x_wconf 88' lang='lat' dir='ltr'><strong>Deum</strong></span> <span class='ocrx_word' id='word_1_616' title='bbox 2373 3088 2521 3143; x_wconf 89' lang='lat' dir='ltr'><strong>illum</strong></span> <span class='ocrx_word' id='word_1_617' title='bbox 2544 3087 2941 3150; x_wconf 86' lang='lat' dir='ltr'><strong>universorum,</strong></span> <span class='ocrx_word' id='word_1_618' title='bbox 2977 3097 3007 3137; x_wconf 90' lang='lat' dir='ltr'><strong>a</strong></span> <span class='ocrx_word' id='word_1_619' title='bbox 3030 3082 3206 3149; x_wconf 87' lang='lat' dir='ltr'><strong>nobis,</strong></span> <span class='ocrx_word' id='word_1_620' title='bbox 3233 3079 3323 3151; x_wconf 89' lang='lat' dir='ltr'><strong>qui</strong></span> <span class='ocrx_word' id='word_1_621' title='bbox 3349 3078 3452 3134; x_wconf 85' lang='lat' dir='ltr'><strong>hoc</strong></span> 
     </span>
    </p>
   </div>
   <div class='ocr_carea' id='block_1_77' title="bbox 1885 3176 3450 3255">
    <p class='ocr_par' dir='ltr' id='par_1_77' title="bbox 1885 3176 3450 3255">
     <span class='ocr_line' id='line_1_77' title="bbox 1885 3176 3450 3255; baseline -0.008 -17"><span class='ocrx_word' id='word_1_622' title='bbox 1885 3183 2052 3255; x_wconf 89' lang='lat' dir='ltr'><strong>probe</strong></span> <span class='ocrx_word' id='word_1_623' title='bbox 2072 3180 2397 3243; x_wconf 82' lang='lat' dir='ltr'><strong>noverimus,</strong></span> <span class='ocrx_word' id='word_1_624' title='bbox 2430 3177 2690 3233; x_wconf 86' lang='lat' dir='ltr'><strong>Dominus</strong></span> <span class='ocrx_word' id='word_1_625' title='bbox 2715 3176 3089 3233; x_wconf 87' lang='lat' dir='ltr'><strong>universorum</strong></span> <span class='ocrx_word' id='word_1_626' title='bbox 3110 3179 3450 3245; x_wconf 75' lang='lat' dir='ltr'><strong>sgnoscetur.</strong></span> 
     </span>
    </p>
   </div>
   <div class='ocr_carea' id='block_1_78' title="bbox 1886 3265 3451 3336">
    <p class='ocr_par' dir='ltr' id='par_1_78' title="bbox 1886 3265 3451 3336">
     <span class='ocr_line' id='line_1_78' title="bbox 1886 3265 3451 3336; baseline -0.007 -7"><span class='ocrx_word' id='word_1_627' title='bbox 1886 3274 2123 3330; x_wconf 84' lang='lat' dir='ltr'><strong>Constat</strong></span> <span class='ocrx_word' id='word_1_628' title='bbox 2154 3286 2286 3328; x_wconf 84' lang='lat' dir='ltr'><strong>vero</strong></span> <span class='ocrx_word' id='word_1_629' title='bbox 2322 3271 2458 3336; x_wconf 71' lang='lat' dir='ltr'><strong>liazc,</strong></span> <span class='ocrx_word' id='word_1_630' title='bbox 2493 3284 2597 3326; x_wconf 91' lang='lat' dir='ltr'><strong>non</strong></span> <span class='ocrx_word' id='word_1_631' title='bbox 2625 3271 2690 3325; x_wconf 91' lang='lat' dir='ltr'><strong>de</strong></span> <span class='ocrx_word' id='word_1_632' title='bbox 2729 3283 2891 3325; x_wconf 86' lang='lat' dir='ltr'><strong>carne</strong></span> <span class='ocrx_word' id='word_1_633' title='bbox 2921 3267 3122 3323; x_wconf 81' lang='lat' dir='ltr'><strong>dixisse</strong></span> <span class='ocrx_word' id='word_1_634' title='bbox 3160 3265 3331 3329; x_wconf 91' lang='lat' dir='ltr'><strong>illum,</strong></span> <span class='ocrx_word' id='word_1_635' title='bbox 3354 3266 3451 3319; x_wconf 84' lang='lat' dir='ltr'><strong>sed</strong></span> 
     </span>
    </p>
   </div>
   <div class='ocr_carea' id='block_1_79' title="bbox 1885 3358 3451 3434">
    <p class='ocr_par' dir='ltr' id='par_1_79' title="bbox 1885 3358 3451 3434">
     <span class='ocr_line' id='line_1_79' title="bbox 1885 3358 3451 3434; baseline -0.008 -13"><span class='ocrx_word' id='word_1_636' title='bbox 1885 3368 1952 3421; x_wconf 89' lang='lat' dir='ltr'><strong>de</strong></span> <span class='ocrx_word' id='word_1_637' title='bbox 1983 3366 2078 3421; x_wconf 89' lang='lat' dir='ltr'><strong>Dei</strong></span> <span class='ocrx_word' id='word_1_638' title='bbox 2118 3365 2304 3430; x_wconf 84' lang='lat' dir='ltr'><strong>verbo,</strong></span> <span class='ocrx_word' id='word_1_639' title='bbox 2330 3373 2616 3434; x_wconf 87' lang='lat' dir='ltr'><strong>propterea</strong></span> <span class='ocrx_word' id='word_1_640' title='bbox 2647 3361 2787 3431; x_wconf 90' lang='lat' dir='ltr'><strong>quod</strong></span> <span class='ocrx_word' id='word_1_641' title='bbox 2820 3358 3140 3423; x_wconf 79' lang='lat' dir='ltr'><strong>subinferat,</strong></span> <span class='ocrx_word' id='word_1_642' title='bbox 3178 3372 3269 3428; x_wconf 85' lang='lat' dir='ltr'><strong>per</strong></span> <span class='ocrx_word' id='word_1_643' title='bbox 3298 3370 3451 3428; x_wconf 79' lang='lat' dir='ltr'><strong>quem</strong></span> 
     </span>
    </p>
   </div>
   <div class='ocr_carea' id='block_1_80' title="bbox 1884 3446 3447 3522">
    <p class='ocr_par' dir='ltr' id='par_1_80' title="bbox 1884 3446 3447 3522">
     <span class='ocr_line' id='line_1_80' title="bbox 1884 3446 3447 3522; baseline -0.007 -10"><span class='ocrx_word' id='word_1_644' title='bbox 1884 3468 2005 3513; x_wconf 84' lang='lat' dir='ltr'><strong>sunt</strong></span> <span class='ocrx_word' id='word_1_645' title='bbox 2036 3456 2231 3510; x_wconf 82' lang='lat' dir='ltr'><strong>omnia.</strong></span> <span class='ocrx_word' id='word_1_646' title='bbox 2265 3483 2335 3495; x_wconf 87' lang='lat'><strong>—-</strong></span> <span class='ocrx_word' id='word_1_647' title='bbox 2365 3452 2558 3519; x_wconf 88' lang='lat' dir='ltr'><strong>Nobis,</strong></span> <span class='ocrx_word' id='word_1_648' title='bbox 2596 3452 2865 3522; x_wconf 87' lang='lat' dir='ltr'><strong>inquiens,</strong></span> <span class='ocrx_word' id='word_1_649' title='bbox 2918 3448 3225 3505; x_wconf 82' lang='lat' dir='ltr'><strong>unusDeus</strong></span> <span class='ocrx_word' id='word_1_650' title='bbox 3266 3446 3447 3513; x_wconf 84' lang='lat' dir='ltr'><strong>Pater,</strong></span> 
     </span>
    </p>
   </div>
   <div class='ocr_carea' id='block_1_81' title="bbox 1883 3540 3448 3614">
    <p class='ocr_par' dir='ltr' id='par_1_81' title="bbox 1883 3540 3448 3614">
     <span class='ocr_line' id='line_1_81' title="bbox 1883 3540 3448 3614; baseline -0.008 -9"><span class='ocrx_word' id='word_1_651' title='bbox 1883 3567 1911 3605; x_wconf 88' lang='lat' dir='ltr'><strong>e</strong></span> <span class='ocrx_word' id='word_1_652' title='bbox 1936 3564 2039 3614; x_wconf 86' lang='lat' dir='ltr'><strong>quo</strong></span> <span class='ocrx_word' id='word_1_653' title='bbox 2071 3556 2195 3601; x_wconf 89' lang='lat' dir='ltr'><strong>sunt</strong></span> <span class='ocrx_word' id='word_1_654' title='bbox 2221 3547 2416 3612; x_wconf 89' lang='lat' dir='ltr'><strong>omnia,</strong></span> <span class='ocrx_word' id='word_1_655' title='bbox 2451 3555 2499 3599; x_wconf 86' lang='lat' dir='ltr'><strong>et</strong></span> <span class='ocrx_word' id='word_1_656' title='bbox 2530 3560 2665 3598; x_wconf 89' lang='lat' dir='ltr'><strong>unus</strong></span> <span class='ocrx_word' id='word_1_657' title='bbox 2705 3543 2961 3598; x_wconf 83' lang='lat' dir='ltr'><strong>Dominus</strong></span> <span class='ocrx_word' id='word_1_658' title='bbox 2998 3540 3160 3596; x_wconf 79' lang='lat' dir='ltr'><strong>Iesus.</strong></span> <span class='ocrx_word' id='word_1_659' title='bbox 3185 3540 3448 3603; x_wconf 76' lang='lat' dir='ltr'><strong>Christus,</strong></span> 
     </span>
    </p>
   </div>
   <div class='ocr_carea' id='block_1_82' title="bbox 1881 3631 3450 3711">
    <p class='ocr_par' dir='ltr' id='par_1_82' title="bbox 1881 3631 3450 3711">
     <span class='ocr_line' id='line_1_82' title="bbox 1881 3631 3450 3711; baseline -0.007 -17"><span class='ocrx_word' id='word_1_660' title='bbox 1881 3656 1974 3709; x_wconf 86' lang='lat' dir='ltr'><strong>per</strong></span> <span class='ocrx_word' id='word_1_661' title='bbox 1996 3653 2148 3711; x_wconf 86' lang='lat' dir='ltr'><strong>quem</strong></span> <span class='ocrx_word' id='word_1_662' title='bbox 2198 3648 2319 3693; x_wconf 90' lang='lat' dir='ltr'><strong>sunt</strong></span> <span class='ocrx_word' id='word_1_663' title='bbox 2365 3638 2562 3693; x_wconf 89' lang='lat' dir='ltr'><strong>omnia.</strong></span> <span class='ocrx_word' id='word_1_664' title='bbox 2594 3636 2748 3702; x_wconf 92' lang='lat' dir='ltr'><strong>Quod</strong></span> <span class='ocrx_word' id='word_1_665' title='bbox 2791 3637 2966 3703; x_wconf 85' lang='lat' dir='ltr'><strong>ipsum</strong></span> <span class='ocrx_word' id='word_1_666' title='bbox 3017 3635 3082 3689; x_wconf 94' lang='lat' dir='ltr'><strong>de</strong></span> <span class='ocrx_word' id='word_1_667' title='bbox 3117 3632 3257 3697; x_wconf 88' lang='lat' dir='ltr'><strong>luce,</strong></span> <span class='ocrx_word' id='word_1_668' title='bbox 3302 3641 3356 3685; x_wconf 88' lang='lat' dir='ltr'><strong>et</strong></span> <span class='ocrx_word' id='word_1_669' title='bbox 3384 3631 3450 3683; x_wconf 86' lang='lat' dir='ltr'><strong>de</strong></span> 
     </span>
    </p>
   </div>
   <div class='ocr_carea' id='block_1_83' title="bbox 1881 3724 3450 3802">
    <p class='ocr_par' dir='ltr' id='par_1_83' title="bbox 1881 3724 3450 3802">
     <span class='ocr_line' id='line_1_83' title="bbox 1881 3724 3450 3802; baseline -0.006 -16"><span class='ocrx_word' id='word_1_670' title='bbox 1881 3732 2066 3797; x_wconf 82' lang='lat' dir='ltr'><strong>verbo,</strong></span> <span class='ocrx_word' id='word_1_671' title='bbox 2102 3731 2242 3802; x_wconf 90' lang='lat' dir='ltr'><strong>quod</strong></span> <span class='ocrx_word' id='word_1_672' title='bbox 2267 3730 2551 3796; x_wconf 83' lang='lat' dir='ltr'><strong>circumit,</strong></span> <span class='ocrx_word' id='word_1_673' title='bbox 2569 3729 2751 3784; x_wconf 88' lang='lat' dir='ltr'><strong>omnia</strong></span> <span class='ocrx_word' id='word_1_674' title='bbox 2790 3728 2994 3783; x_wconf 88' lang='lat' dir='ltr'><strong>dictum</strong></span> <span class='ocrx_word' id='word_1_675' title='bbox 3024 3735 3128 3783; x_wconf 84' lang='lat' dir='ltr'><strong>est.</strong></span> <span class='ocrx_word' id='word_1_676' title='bbox 3172 3725 3302 3780; x_wconf 86' lang='lat' dir='ltr'><strong>Erat</strong></span> <span class='ocrx_word' id='word_1_677' title='bbox 3328 3724 3450 3779; x_wconf 87' lang='lat' dir='ltr'><strong>ideo</strong></span> 
     </span>
    </p>
   </div>
   <div class='ocr_carea' id='block_1_84' title="bbox 1882 3818 3450 3895">
    <p class='ocr_par' dir='ltr' id='par_1_84' title="bbox 1882 3818 3450 3895">
     <span class='ocr_line' id='line_1_84' title="bbox 1882 3818 3450 3895; baseline -0.006 -16"><span class='ocrx_word' id='word_1_678' title='bbox 1882 3826 1994 3895; x_wconf 86' lang='lat' dir='ltr'><strong>ipse</strong></span> <span class='ocrx_word' id='word_1_679' title='bbox 2016 3822 2173 3880; x_wconf 84' lang='lat' dir='ltr'><strong>Jesus</strong></span> <span class='ocrx_word' id='word_1_680' title='bbox 2200 3822 2447 3878; x_wconf 86' lang='lat' dir='ltr'><strong>Christus</strong></span> <span class='ocrx_word' id='word_1_681' title='bbox 2488 3821 2599 3887; x_wconf 80' lang='lat' dir='ltr'><strong>lux,</strong></span> <span class='ocrx_word' id='word_1_682' title='bbox 2640 3829 2696 3876; x_wconf 92' lang='lat' dir='ltr'><strong>et</strong></span> <span class='ocrx_word' id='word_1_683' title='bbox 2724 3818 2982 3885; x_wconf 84' lang='lat' dir='ltr'><strong>Verbum,</strong></span> <span class='ocrx_word' id='word_1_684' title='bbox 3006 3832 3103 3888; x_wconf 90' lang='lat' dir='ltr'><strong>per</strong></span> <span class='ocrx_word' id='word_1_685' title='bbox 3122 3830 3285 3888; x_wconf 90' lang='lat' dir='ltr'><strong>quem</strong></span> <span class='ocrx_word' id='word_1_686' title='bbox 3322 3826 3450 3871; x_wconf 87' lang='lat' dir='ltr'><strong>sunt</strong></span> 
     </span>
    </p>
   </div>
   <div class='ocr_carea' id='block_1_85' title="bbox 1880 3909 3447 3983">
    <p class='ocr_par' dir='ltr' id='par_1_85' title="bbox 1880 3909 3447 3983">
     <span class='ocr_line' id='line_1_85' title="bbox 1880 3909 3447 3983; baseline -0.005 -12"><span class='ocrx_word' id='word_1_687' title='bbox 1880 3915 2079 3983; x_wconf 89' lang='lat' dir='ltr'><strong>omnia,</strong></span> <span class='ocrx_word' id='word_1_688' title='bbox 2116 3928 2224 3971; x_wconf 89' lang='lat' dir='ltr'><strong>non</strong></span> <span class='ocrx_word' id='word_1_689' title='bbox 2249 3923 2426 3968; x_wconf 89' lang='lat' dir='ltr'><strong>autem</strong></span> <span class='ocrx_word' id='word_1_690' title='bbox 2457 3927 2602 3967; x_wconf 88' lang='lat' dir='ltr'><strong>caro.</strong></span> <span class='ocrx_word' id='word_1_691' title='bbox 2628 3910 2811 3982; x_wconf 85' lang='lat' dir='ltr'><strong>Neque</strong></span> <span class='ocrx_word' id='word_1_692' title='bbox 2832 3910 2974 3967; x_wconf 87' lang='lat' dir='ltr'><strong>enim</strong></span> <span class='ocrx_word' id='word_1_693' title='bbox 2997 3910 3070 3965; x_wconf 90' lang='lat' dir='ltr'><strong>ita</strong></span> <span class='ocrx_word' id='word_1_694' title='bbox 3098 3909 3447 3965; x_wconf 88' lang='lat' dir='ltr'><strong>indistinctim</strong></span> 
     </span>
    </p>
   </div>
   <div class='ocr_carea' id='block_1_86' title="bbox 1882 4002 3140 4076">
    <p class='ocr_par' dir='ltr' id='par_1_86' title="bbox 1882 4002 3140 4076">
     <span class='ocr_line' id='line_1_86' title="bbox 1882 4002 3140 4076; baseline -0.007 -13"><span class='ocrx_word' id='word_1_695' title='bbox 1882 4009 1947 4063; x_wconf 91' lang='lat' dir='ltr'><strong>de</strong></span> <span class='ocrx_word' id='word_1_696' title='bbox 2004 4022 2169 4062; x_wconf 89' lang='lat' dir='ltr'><strong>carne</strong></span> <span class='ocrx_word' id='word_1_697' title='bbox 2214 4007 2439 4072; x_wconf 90' lang='lat' dir='ltr'><strong>diceret,</strong></span> <span class='ocrx_word' id='word_1_698' title='bbox 2495 4020 2587 4076; x_wconf 88' lang='lat' dir='ltr'><strong>per</strong></span> <span class='ocrx_word' id='word_1_699' title='bbox 2614 4020 2767 4073; x_wconf 88' lang='lat' dir='ltr'><strong>quem</strong></span> <span class='ocrx_word' id='word_1_700' title='bbox 2794 4012 2912 4059; x_wconf 88' lang='lat' dir='ltr'><strong>sunt</strong></span> <span class='ocrx_word' id='word_1_701' title='bbox 2944 4002 3140 4057; x_wconf 78' lang='lat' dir='ltr'><strong>omnia.</strong></span> 
     </span>
    </p>
   </div>
   <div class='ocr_carea' id='block_1_87' title="bbox 1952 4088 3446 4153">
    <p class='ocr_par' dir='ltr' id='par_1_87' title="bbox 1952 4088 3446 4153">
     <span class='ocr_line' id='line_1_87' title="bbox 1952 4088 3446 4153; baseline -0.006 0"><span class='ocrx_word' id='word_1_702' title='bbox 1952 4095 2058 4153; x_wconf 90' lang='lat' dir='ltr'><strong>Sed</strong></span> <span class='ocrx_word' id='word_1_703' title='bbox 2078 4110 2179 4153; x_wconf 90' lang='lat' dir='ltr'><strong>nec</strong></span> <span class='ocrx_word' id='word_1_704' title='bbox 2201 4096 2294 4152; x_wconf 88' lang='lat' dir='ltr'><strong>Dei</strong></span> <span class='ocrx_word' id='word_1_705' title='bbox 2307 4095 2500 4150; x_wconf 90' lang='lat' dir='ltr'><strong>Filium</strong></span> <span class='ocrx_word' id='word_1_706' title='bbox 2527 4103 2655 4149; x_wconf 87' lang='lat' dir='ltr'><strong>ante</strong></span> <span class='ocrx_word' id='word_1_707' title='bbox 2681 4107 2900 4148; x_wconf 89' lang='lat' dir='ltr'><strong>carnem</strong></span> <span class='ocrx_word' id='word_1_708' title='bbox 2921 4093 3274 4147; x_wconf 73' lang='lat' dir='ltr'><strong>exsistentem</strong></span> <span class='ocrx_word' id='word_1_709' title='bbox 3290 4088 3446 4145; x_wconf 61' lang='lat' dir='ltr'><strong>Chri-</strong></span> 
     </span>
    </p>
   </div>
   <div class='ocr_carea' id='block_1_88' title="bbox 1879 4182 3444 4252">
    <p class='ocr_par' dir='ltr' id='par_1_88' title="bbox 1879 4182 3444 4252">
     <span class='ocr_line' id='line_1_88' title="bbox 1879 4182 3444 4252; baseline -0.006 -8"><span class='ocrx_word' id='word_1_710' title='bbox 1879 4196 2020 4244; x_wconf 90' lang='lat' dir='ltr'><strong>stum</strong></span> <span class='ocrx_word' id='word_1_711' title='bbox 2037 4188 2371 4243; x_wconf 87' lang='lat' dir='ltr'><strong>nominasset</strong></span> <span class='ocrx_word' id='word_1_712' title='bbox 2397 4186 2535 4241; x_wconf 89' lang='lat' dir='ltr'><strong>idem</strong></span> <span class='ocrx_word' id='word_1_713' title='bbox 2559 4185 2775 4252; x_wconf 90' lang='lat' dir='ltr'><strong>Paulus,</strong></span> <span class='ocrx_word' id='word_1_714' title='bbox 2822 4184 2887 4238; x_wconf 90' lang='lat' dir='ltr'><strong>ad</strong></span> <span class='ocrx_word' id='word_1_715' title='bbox 2926 4184 3174 4237; x_wconf 89' lang='lat' dir='ltr'><strong>eumdem</strong></span> <span class='ocrx_word' id='word_1_716' title='bbox 3206 4182 3444 4245; x_wconf 88' lang='lat' dir='ltr'><strong>modum,</strong></span> 
     </span>
    </p>
   </div>
   <div class='ocr_carea' id='block_1_89' title="bbox 1879 4272 3448 4350">
    <p class='ocr_par' dir='ltr' id='par_1_89' title="bbox 1879 4272 3448 4350">
     <span class='ocr_line' id='line_1_89' title="bbox 1879 4272 3448 4350; baseline -0.005 -15"><span class='ocrx_word' id='word_1_717' title='bbox 1879 4282 1967 4335; x_wconf 88' lang='lat' dir='ltr'><strong>ubi</strong></span> <span class='ocrx_word' id='word_1_718' title='bbox 1994 4294 2115 4335; x_wconf 86' lang='lat' dir='ltr'><strong>eum</strong></span> <span class='ocrx_word' id='word_1_719' title='bbox 2132 4278 2363 4350; x_wconf 88' lang='lat' dir='ltr'><strong>appellat</strong></span> <span class='ocrx_word' id='word_1_720' title='bbox 2380 4288 2579 4348; x_wconf 83' lang='lat' dir='ltr'><strong>petram</strong></span> <span class='ocrx_word' id='word_1_721' title='bbox 2607 4278 2660 4331; x_wconf 93' lang='lat' dir='ltr'><strong>in</strong></span> <span class='ocrx_word' id='word_1_722' title='bbox 2688 4278 2876 4333; x_wconf 87' lang='lat' dir='ltr'><strong>eodem</strong></span> <span class='ocrx_word' id='word_1_723' title='bbox 2894 4277 3033 4338; x_wconf 91' lang='lat' dir='ltr'><strong>loco,</strong></span> <span class='ocrx_word' id='word_1_724' title='bbox 3070 4275 3139 4329; x_wconf 91' lang='lat' dir='ltr'><strong>de</strong></span> <span class='ocrx_word' id='word_1_725' title='bbox 3154 4272 3350 4345; x_wconf 90' lang='lat' dir='ltr'><strong>populo</strong></span> <span class='ocrx_word' id='word_1_726' title='bbox 3377 4274 3448 4327; x_wconf 89' lang='lat' dir='ltr'><strong>lo-</strong></span> 
     </span>
    </p>
   </div>
   <div class='ocr_carea' id='block_1_90' title="bbox 1878 4364 3445 4443">
    <p class='ocr_par' dir='ltr' id='par_1_90' title="bbox 1878 4364 3445 4443">
     <span class='ocr_line' id='line_1_90' title="bbox 1878 4364 3445 4443; baseline -0.004 -17"><span class='ocrx_word' id='word_1_727' title='bbox 1878 4387 2049 4443; x_wconf 90' lang='lat' dir='ltr'><strong>quens</strong></span> <span class='ocrx_word' id='word_1_728' title='bbox 2065 4372 2153 4440; x_wconf 91' lang='lat' dir='ltr'><strong>qui</strong></span> <span class='ocrx_word' id='word_1_729' title='bbox 2171 4385 2292 4425; x_wconf 91' lang='lat' dir='ltr'><strong>cum</strong></span> <span class='ocrx_word' id='word_1_730' title='bbox 2310 4369 2489 4441; x_wconf 78' lang='lat' dir='ltr'><strong>Moyse</strong></span> <span class='ocrx_word' id='word_1_731' title='bbox 2505 4372 2558 4424; x_wconf 90' lang='lat' dir='ltr'><strong>in</strong></span> <span class='ocrx_word' id='word_1_732' title='bbox 2575 4370 2789 4424; x_wconf 89' lang='lat' dir='ltr'><strong>deserto</strong></span> <span class='ocrx_word' id='word_1_733' title='bbox 2800 4368 3176 4424; x_wconf 70' lang='lat' dir='ltr'><strong>versabantur.</strong></span> <span class='ocrx_word' id='word_1_734' title='bbox 3192 4364 3445 4419; x_wconf 81' lang='lat' dir='ltr'><strong>Bibebant</strong></span> 
     </span>
    </p>
   </div>
   <div class='ocr_carea' id='block_1_91' title="bbox 1877 4459 3446 4532">
    <p class='ocr_par' dir='ltr' id='par_1_91' title="bbox 1877 4459 3446 4532">
     <span class='ocr_line' id='line_1_91' title="bbox 1877 4459 3446 4532; baseline -0.006 -15"><span class='ocrx_word' id='word_1_735' title='bbox 1877 4464 1941 4517; x_wconf 84' lang='lat' dir='ltr'><strong>de</strong></span> <span class='ocrx_word' id='word_1_736' title='bbox 1956 4462 2223 4532; x_wconf 84' lang='lat' dir='ltr'><strong>spirituali</strong></span> <span class='ocrx_word' id='word_1_737' title='bbox 2253 4463 2485 4530; x_wconf 88' lang='lat' dir='ltr'><strong>sequenti</strong></span> <span class='ocrx_word' id='word_1_738' title='bbox 2512 4478 2598 4517; x_wconf 87' lang='lat' dir='ltr'><strong>eos</strong></span> <span class='ocrx_word' id='word_1_739' title='bbox 2625 4472 2771 4529; x_wconf 85' lang='lat' dir='ltr'><strong>petra</strong></span> <span class='ocrx_word' id='word_1_740' title='bbox 2794 4477 2812 4525; x_wconf 90' lang='lat'><strong><em>;</em></strong></span> <span class='ocrx_word' id='word_1_741' title='bbox 2835 4471 2982 4530; x_wconf 83' lang='lat' dir='ltr'><strong>petra</strong></span> <span class='ocrx_word' id='word_1_742' title='bbox 3014 4470 3189 4514; x_wconf 87' lang='lat' dir='ltr'><strong>autem</strong></span> <span class='ocrx_word' id='word_1_743' title='bbox 3211 4459 3304 4512; x_wconf 87' lang='lat' dir='ltr'><strong>illa</strong></span> <span class='ocrx_word' id='word_1_744' title='bbox 3332 4468 3446 4512; x_wconf 85' lang='lat' dir='ltr'><strong>erat</strong></span> 
     </span>
    </p>
   </div>
   <div class='ocr_carea' id='block_1_92' title="bbox 1878 4549 3444 4625">
    <p class='ocr_par' dir='ltr' id='par_1_92' title="bbox 1878 4549 3444 4625">
     <span class='ocr_line' id='line_1_92' title="bbox 1878 4549 3444 4625; baseline -0.006 -14"><span class='ocrx_word' id='word_1_745' title='bbox 1878 4554 2115 4611; x_wconf 84' lang='lat' dir='ltr'><strong>Christus</strong></span> <span class='ocrx_word' id='word_1_746' title='bbox 2140 4555 2204 4607; x_wconf 76' lang='grc'><strong>⁸³.</strong></span> <span class='ocrx_word' id='word_1_747' title='bbox 2246 4553 2400 4622; x_wconf 90' lang='lat' dir='ltr'><strong>Quod</strong></span> <span class='ocrx_word' id='word_1_748' title='bbox 2444 4555 2616 4625; x_wconf 86' lang='lat' dir='ltr'><strong>ipsum</strong></span> <span class='ocrx_word' id='word_1_749' title='bbox 2663 4555 2947 4624; x_wconf 81' lang='lat' dir='ltr'><strong>consignat</strong></span> <span class='ocrx_word' id='word_1_750' title='bbox 2983 4553 3122 4607; x_wconf 90' lang='lat' dir='ltr'><strong>idem</strong></span> <span class='ocrx_word' id='word_1_751' title='bbox 3148 4551 3328 4606; x_wconf 90' lang='lat' dir='ltr'><strong>statim</strong></span> <span class='ocrx_word' id='word_1_752' title='bbox 3357 4549 3444 4602; x_wconf 88' lang='lat' dir='ltr'><strong>in-</strong></span> 
     </span>
    </p>
   </div>
   <div class='ocr_carea' id='block_1_93' title="bbox 207 4634 1781 4719">
    <p class='ocr_par' dir='ltr' id='par_1_93' title="bbox 207 4634 1780 4714">
     <span class='ocr_line' id='line_1_93' title="bbox 207 4634 1780 4714; baseline 0.011 -30"><span class='ocrx_word' id='word_1_753' title='bbox 207 4651 301 4685; x_wconf 84' lang='grc' dir='ltr'><strong>ται</strong></span> <span class='ocrx_word' id='word_1_754' title='bbox 328 4634 388 4686; x_wconf 84' lang='grc' dir='ltr'><strong>τὸ</strong></span> <span class='ocrx_word' id='word_1_755' title='bbox 415 4634 566 4701; x_wconf 82' lang='grc' dir='ltr'>αὐτὸ,</span> <span class='ocrx_word' id='word_1_756' title='bbox 612 4636 728 4705; x_wconf 83' lang='grc' dir='ltr'>μεθ’</span> <span class='ocrx_word' id='word_1_757' title='bbox 763 4638 923 4709; x_wconf 73' lang='grc' dir='ltr'>ἔτερα</span> <span class='ocrx_word' id='word_1_758' title='bbox 966 4638 1210 4708; x_wconf 69' lang='grc' dir='ltr'>φάσκωνο</span> <span class='ocrx_word' id='word_1_759' title='bbox 1239 4643 1405 4710; x_wconf 84' lang='grc' dir='ltr'><strong>Μηδὲ</strong></span> <span class='ocrx_word' id='word_1_760' title='bbox 1436 4645 1780 4714; x_wconf 61' lang='grc' dir='ltr'>ἐκπειράζω-</span> 
     </span>
    </p>
   </div>
   <div class='ocr_carea' id='block_1_94' title="bbox 1885 4634 3447 4719">
    <p class='ocr_par' dir='ltr' id='par_1_94' title="bbox 1885 4640 3447 4719">
     <span class='ocr_line' id='line_1_94' title="bbox 1885 4640 3447 4719; baseline -0.006 -17"><span class='ocrx_word' id='word_1_761' title='bbox 1885 4650 2094 4719; x_wconf 86' lang='lat' dir='ltr'><strong>quiens,</strong></span> <span class='ocrx_word' id='word_1_762' title='bbox 2144 4646 2255 4702; x_wconf 79' lang='lat' dir='ltr'><strong>Nec</strong></span> <span class='ocrx_word' id='word_1_763' title='bbox 2307 4657 2569 4702; x_wconf 83' lang='lat' dir='ltr'><strong>tentemus-</strong></span> <span class='ocrx_word' id='word_1_764' title='bbox 2595 4652 2653 4710; x_wconf 60' lang='lat'><strong>&gt;3</strong></span> <span class='ocrx_word' id='word_1_765' title='bbox 2698 4644 2967 4700; x_wconf 82' lang='lat' dir='ltr'><strong>Christum</strong></span> <span class='ocrx_word' id='word_1_766' title='bbox 3002 4652 3055 4697; x_wconf 87' lang='lat' dir='ltr'><strong>ut</strong></span> <span class='ocrx_word' id='word_1_767' title='bbox 3094 4640 3333 4696; x_wconf 87' lang='lat' dir='ltr'><strong>nonnulli</strong></span> <span class='ocrx_word' id='word_1_768' title='bbox 3366 4655 3447 4693; x_wconf 86' lang='lat' dir='ltr'><strong>eo-</strong></span> 
     </span>
    </p>
   </div>
   <div class='ocr_carea' id='block_1_95' title="bbox 199 4725 1766 4805">
    <p class='ocr_par' dir='ltr' id='par_1_95' title="bbox 199 4725 1766 4805">
     <span class='ocr_line' id='line_1_95' title="bbox 199 4725 1766 4805; baseline 0.011 -30"><span class='ocrx_word' id='word_1_769' title='bbox 199 4742 322 4794; x_wconf 84' lang='grc' dir='ltr'><strong>μεν</strong></span> <span class='ocrx_word' id='word_1_770' title='bbox 344 4725 448 4779; x_wconf 85' lang='grc' dir='ltr'><strong>τὸν</strong></span> <span class='ocrx_word' id='word_1_771' title='bbox 472 4727 748 4794; x_wconf 85' lang='grc' dir='ltr'>Χριστὸν,</span> <span class='ocrx_word' id='word_1_772' title='bbox 784 4729 973 4797; x_wconf 84' lang='grc' dir='ltr'>καθώς</span> <span class='ocrx_word' id='word_1_773' title='bbox 1002 4748 1160 4797; x_wconf 86' lang='grc' dir='ltr'>τινες</span> <span class='ocrx_word' id='word_1_774' title='bbox 1195 4733 1390 4788; x_wconf 84' lang='grc' dir='ltr'>αὐτῶν</span> <span class='ocrx_word' id='word_1_775' title='bbox 1420 4737 1766 4805; x_wconf 80' lang='grc' dir='ltr'>ἐπείρασαν,</span> 
     </span>
    </p>
   </div>
   <div class='ocr_carea' id='block_1_96' title="bbox 204 4816 1768 4898">
    <p class='ocr_par' dir='ltr' id='par_1_96' title="bbox 204 4816 1768 4898">
     <span class='ocr_line' id='line_1_96' title="bbox 204 4816 1768 4898; baseline 0.007 -28"><span class='ocrx_word' id='word_1_776' title='bbox 204 4816 310 4870; x_wconf 73' lang='grc' dir='ltr'>καὶ</span> <span class='ocrx_word' id='word_1_777' title='bbox 346 4818 463 4872; x_wconf 87' lang='grc' dir='ltr'>ὑπὸ</span> <span class='ocrx_word' id='word_1_778' title='bbox 502 4817 618 4871; x_wconf 85' lang='grc' dir='ltr'>τῶν</span> <span class='ocrx_word' id='word_1_779' title='bbox 668 4819 861 4889; x_wconf 65' lang='grc' dir='ltr'>ὄφεων</span> <span class='ocrx_word' id='word_1_780' title='bbox 908 4821 1238 4881; x_wconf 75' lang='grc' dir='ltr'>ἀπώλοντο.</span> <span class='ocrx_word' id='word_1_781' title='bbox 1291 4827 1401 4879; x_wconf 81' lang='grc' dir='ltr'><strong>Καὶ</strong></span> <span class='ocrx_word' id='word_1_782' title='bbox 1445 4827 1525 4880; x_wconf 76' lang='grc' dir='ltr'>ἔτι</span> <span class='ocrx_word' id='word_1_783' title='bbox 1572 4828 1768 4898; x_wconf 83' lang='grc' dir='ltr'>μᾶλλον</span> 
     </span>
    </p>
   </div>
   <div class='ocr_carea' id='block_1_97' title="bbox 201 4906 1771 4990">
    <p class='ocr_par' dir='ltr' id='par_1_97' title="bbox 201 4906 1771 4990">
     <span class='ocr_line' id='line_1_97' title="bbox 201 4906 1771 4990; baseline 0.01 -31"><span class='ocrx_word' id='word_1_784' title='bbox 201 4906 352 4959; x_wconf 78' lang='grc' dir='ltr'>τοῦτ’</span> <span class='ocrx_word' id='word_1_785' title='bbox 383 4908 511 4961; x_wconf 82' lang='grc' dir='ltr'>αὐτὸ</span> <span class='ocrx_word' id='word_1_786' title='bbox 542 4908 747 4977; x_wconf 77' lang='grc' dir='ltr'>βεϐαιοῖ</span> <span class='ocrx_word' id='word_1_787' title='bbox 772 4909 960 4979; x_wconf 76' lang='grc' dir='ltr'>λέγων’</span> <span class='ocrx_word' id='word_1_788' title='bbox 987 4914 1190 4968; x_wconf 80' lang='grc' dir='ltr'>Πίστει</span> <span class='ocrx_word' id='word_1_789' title='bbox 1213 4917 1472 4986; x_wconf 74' lang='grc' dir='ltr'>Μωυσῆς</span> <span class='ocrx_word' id='word_1_790' title='bbox 1480 4918 1667 4987; x_wconf 80' lang='grc' dir='ltr'>μέγας</span> <span class='ocrx_word' id='word_1_791' title='bbox 1679 4937 1771 4990; x_wconf 75' lang='grc' dir='ltr'><strong>τε·</strong></span> 
     </span>
    </p>
   </div>
   <div class='ocr_carea' id='block_1_98' title="bbox 201 4996 1767 5076">
    <p class='ocr_par' dir='ltr' id='par_1_98' title="bbox 201 4996 1767 5076">
     <span class='ocr_line' id='line_1_98' title="bbox 201 4996 1767 5076; baseline 0.01 -28"><span class='ocrx_word' id='word_1_792' title='bbox 201 4997 480 5064; x_wconf 84' lang='grc' dir='ltr'>νόμενος,</span> <span class='ocrx_word' id='word_1_793' title='bbox 520 4996 827 5064; x_wconf 78' lang='grc' dir='ltr'>ἠρνήσατο</span> <span class='ocrx_word' id='word_1_794' title='bbox 858 5000 1135 5069; x_wconf 80' lang='grc' dir='ltr'>λέγεσθαι</span> <span class='ocrx_word' id='word_1_795' title='bbox 1166 5004 1298 5071; x_wconf 80' lang='grc' dir='ltr'>υἱὸς</span> <span class='ocrx_word' id='word_1_796' title='bbox 1334 5008 1624 5076; x_wconf 78' lang='grc' dir='ltr'>θυγατρὸς</span> <span class='ocrx_word' id='word_1_797' title='bbox 1655 5012 1767 5063; x_wconf 80' lang='grc' dir='ltr'><strong>Φα-</strong></span> 
     </span>
    </p>
   </div>
   <div class='ocr_carea' id='block_1_99' title="bbox 193 5085 1766 5170">
    <p class='ocr_par' dir='ltr' id='par_1_99' title="bbox 193 5085 1766 5170">
     <span class='ocr_line' id='line_1_99' title="bbox 193 5085 1766 5170; baseline 0.011 -33"><span class='ocrx_word' id='word_1_798' title='bbox 193 5085 346 5154; x_wconf 86' lang='grc' dir='ltr'>ραώ·</span> <span class='ocrx_word' id='word_1_799' title='bbox 374 5087 611 5155; x_wconf 79' lang='grc' dir='ltr'>μείζονα</span> <span class='ocrx_word' id='word_1_800' title='bbox 636 5089 901 5144; x_wconf 80' lang='grc' dir='ltr'>πλοῦτον</span> <span class='ocrx_word' id='word_1_801' title='bbox 926 5092 1306 5163; x_wconf 69' lang='grc' dir='ltr'>ἡγησάμενος</span> <span class='ocrx_word' id='word_1_802' title='bbox 1324 5097 1443 5151; x_wconf 82' lang='grc' dir='ltr'>τῶν</span> <span class='ocrx_word' id='word_1_803' title='bbox 1466 5100 1766 5170; x_wconf 76' lang='grc' dir='ltr'>Αἰγύπτου</span> 
     </span>
    </p>
   </div>
   <div class='ocr_carea' id='block_1_100' title="bbox 200 5178 1765 5265">
    <p class='ocr_par' dir='ltr' id='par_1_100' title="bbox 200 5178 1765 5265">
     <span class='ocr_line' id='line_1_100' title="bbox 200 5178 1765 5265; baseline 0.012 -35"><span class='ocrx_word' id='word_1_804' title='bbox 200 5178 524 5248; x_wconf 80' lang='grc' dir='ltr'>θησαυρῶν</span> <span class='ocrx_word' id='word_1_805' title='bbox 554 5181 659 5235; x_wconf 85' lang='grc' dir='ltr'><strong>τὸν</strong></span> <span class='ocrx_word' id='word_1_806' title='bbox 682 5182 1021 5253; x_wconf 82' lang='grc' dir='ltr'>ὀνειδισμὸν</span> <span class='ocrx_word' id='word_1_807' title='bbox 1053 5188 1159 5242; x_wconf 88' lang='grc' dir='ltr'><strong>τοῦ</strong></span> <span class='ocrx_word' id='word_1_808' title='bbox 1194 5191 1467 5259; x_wconf 82' lang='grc' dir='ltr'>Χριστοῦ.</span> <span class='ocrx_word' id='word_1_809' title='bbox 1512 5194 1765 5265; x_wconf 80' lang='grc' dir='ltr'>Ἐναργέο</span> 
     </span>
    </p>
   </div>
   <div class='ocr_carea' id='block_1_101' title="bbox 280 5318 666 5379">
    <p class='ocr_par' dir='ltr' id='par_1_101' title="bbox 280 5318 666 5379">
     <span class='ocr_line' id='line_1_101' title="bbox 280 5318 666 5379; baseline 0.008 -8"><span class='ocrx_word' id='word_1_810' title='bbox 280 5323 339 5379; x_wconf 78' lang='grc' dir='ltr'><strong>›Ῑ‹</strong></span> <span class='ocrx_word' id='word_1_811' title='bbox 366 5318 461 5372; x_wconf 77' lang='lat' dir='ltr'><strong>Ed.</strong></span> <span class='ocrx_word' id='word_1_812' title='bbox 493 5318 666 5374; x_wconf 73' lang='lat' dir='ltr'><strong>Paris.</strong></span> 
     </span>
    </p>
   </div>
   <div class='ocr_carea' id='block_1_102' title="bbox 706 5321 1036 5390">
    <p class='ocr_par' dir='ltr' id='par_1_102' title="bbox 706 5321 1036 5390">
     <span class='ocr_line' id='line_1_102' title="bbox 706 5321 1036 5390; baseline 0.012 -16"><span class='ocrx_word' id='word_1_813' title='bbox 706 5335 826 5390; x_wconf 67' lang='lat' dir='ltr'><strong>pag.</strong></span> <span class='ocrx_word' id='word_1_814' title='bbox 857 5321 1036 5384; x_wconf 67' lang='lat'><strong>95,94.</strong></span> 
     </span>
    </p>
   </div>
   <div class='ocr_carea' id='block_1_103' title="bbox 280 5387 659 5453">
    <p class='ocr_par' dir='ltr' id='par_1_103' title="bbox 280 5387 659 5453">
     <span class='ocr_line' id='line_1_103' title="bbox 280 5387 659 5453; baseline 0.003 -11"><span class='ocrx_word' id='word_1_815' title='bbox 280 5389 318 5417; x_wconf 87' lang='lat'>“</span> <span class='ocrx_word' id='word_1_816' title='bbox 349 5387 502 5442; x_wconf 83' lang='lat' dir='ltr'><strong>Joan.</strong></span> <span class='ocrx_word' id='word_1_817' title='bbox 531 5405 571 5453; x_wconf 81' lang='grc' dir='ltr'><strong>ι,</strong></span> <span class='ocrx_word' id='word_1_818' title='bbox 608 5391 659 5443; x_wconf 79' lang='grc'>1.</span> 
     </span>
    </p>
   </div>
   <div class='ocr_carea' id='block_1_104' title="bbox 274 5548 680 5620">
    <p class='ocr_par' dir='ltr' id='par_1_104' title="bbox 274 5548 680 5620">
     <span class='ocr_line' id='line_1_104' title="bbox 274 5548 680 5620; baseline 0.01 -18"><span class='ocrx_word' id='word_1_819' title='bbox 274 5549 387 5620; x_wconf 81' lang='lat'>(20)</span> <span class='ocrx_word' id='word_1_820' title='bbox 412 5548 582 5620; x_wconf 76' lang='lat' dir='ltr'><strong>Vulgo</strong></span> <span class='ocrx_word' id='word_1_821' title='bbox 603 5552 680 5606; x_wconf 85' lang='grc' dir='ltr'><strong>δέ.</strong></span> 
     </span>
    </p>
   </div>
   <div class='ocr_carea' id='block_1_105' title="bbox 278 5619 885 5689">
    <p class='ocr_par' dir='ltr' id='par_1_105' title="bbox 278 5619 885 5689">
     <span class='ocr_line' id='line_1_105' title="bbox 278 5619 885 5689; baseline 0.008 -17"><span class='ocrx_word' id='word_1_822' title='bbox 278 5619 391 5689; x_wconf 64' lang='lat' dir='ltr'><strong>at)</strong></span> <span class='ocrx_word' id='word_1_823' title='bbox 415 5619 585 5689; x_wconf 79' lang='lat' dir='ltr'><strong>Vulgo</strong></span> <span class='ocrx_word' id='word_1_824' title='bbox 608 5638 717 5676; x_wconf 90' lang='lat' dir='ltr'><strong>om.</strong></span> <span class='ocrx_word' id='word_1_825' title='bbox 752 5624 885 5679; x_wconf 80' lang='grc' dir='ltr'>ἀλλ’.</span> 
     </span>
    </p>
   </div>
   <div class='ocr_carea' id='block_1_106' title="bbox 278 5688 852 5763">
    <p class='ocr_par' dir='ltr' id='par_1_106' title="bbox 278 5688 852 5763">
     <span class='ocr_line' id='line_1_106' title="bbox 278 5688 852 5763; baseline 0.003 -1"><span class='ocrx_word' id='word_1_826' title='bbox 278 5688 390 5763; x_wconf 57' lang='grc' dir='ltr'>(ἓξ)</span> <span class='ocrx_word' id='word_1_827' title='bbox 420 5688 589 5763; x_wconf 69' lang='lat' dir='ltr'><strong>Ynlso</strong></span> <span class='ocrx_word' id='word_1_828' title='bbox 621 5695 852 5763; x_wconf 73' lang='grc' dir='ltr'>ὑπήρχει</span> 
     </span>
    </p>
   </div>
   <div class='ocr_carea' id='block_1_107' title="bbox 280 5759 777 5830">
    <p class='ocr_par' dir='ltr' id='par_1_107' title="bbox 280 5759 777 5830">
     <span class='ocr_line' id='line_1_107' title="bbox 280 5759 777 5830; baseline 0.004 -15"><span class='ocrx_word' id='word_1_829' title='bbox 280 5760 390 5829; x_wconf 67' lang='grc' dir='ltr'><strong>(ΞΒ)</strong></span> <span class='ocrx_word' id='word_1_830' title='bbox 420 5759 587 5830; x_wconf 73' lang='lat' dir='ltr'><strong>Vulgo</strong></span> <span class='ocrx_word' id='word_1_831' title='bbox 615 5759 777 5817; x_wconf 67' lang='grc' dir='ltr'>τοῦθῖ</span> 
     </span>
    </p>
   </div>
   <div class='ocr_carea' id='block_1_108' title="bbox 738 5390 2040 5464">
    <p class='ocr_par' dir='ltr' id='par_1_108' title="bbox 738 5390 2040 5464">
     <span class='ocr_line' id='line_1_108' title="bbox 738 5390 2040 5464; baseline 0.01 -21"><span class='ocrx_word' id='word_1_832' title='bbox 738 5390 813 5444; x_wconf 81' lang='grc' dir='ltr'><strong>¹²Ι</strong></span> <span class='ocrx_word' id='word_1_833' title='bbox 837 5391 959 5449; x_wconf 90' lang='lat' dir='ltr'><strong>Cor.</strong></span> <span class='ocrx_word' id='word_1_834' title='bbox 986 5411 1102 5461; x_wconf 83' lang='lat' dir='ltr'><strong>vm,</strong></span> <span class='ocrx_word' id='word_1_835' title='bbox 1135 5394 1185 5449; x_wconf 88' lang='lat'>6.</span> <span class='ocrx_word' id='word_1_836' title='bbox 1266 5396 1307 5427; x_wconf 81' lang='grc'><strong>¹³</strong></span> <span class='ocrx_word' id='word_1_837' title='bbox 1335 5395 1353 5451; x_wconf 92' lang='lat' dir='ltr'><strong>l</strong></span> <span class='ocrx_word' id='word_1_838' title='bbox 1388 5394 1511 5453; x_wconf 89' lang='lat' dir='ltr'><strong>Cor.</strong></span> <span class='ocrx_word' id='word_1_839' title='bbox 1544 5414 1597 5464; x_wconf 69' lang='grc' dir='ltr'>Χ,</span> <span class='ocrx_word' id='word_1_840' title='bbox 1626 5399 1679 5452; x_wconf 70' lang='grc'>4.</span> <span class='ocrx_word' id='word_1_841' title='bbox 1759 5399 1803 5432; x_wconf 71' lang='grc'><strong><em>⁸³</em></strong></span> <span class='ocrx_word' id='word_1_842' title='bbox 1833 5400 1961 5455; x_wconf 88' lang='lat' dir='ltr'><strong>ibid.</strong></span> <span class='ocrx_word' id='word_1_843' title='bbox 1987 5403 2040 5456; x_wconf 88' lang='lat'><strong>9.</strong></span> 
     </span>
    </p>
   </div>
   <div class='ocr_carea' id='block_1_109' title="bbox 1875 4730 3438 4808">
    <p class='ocr_par' dir='ltr' id='par_1_109' title="bbox 1875 4730 3438 4808">
     <span class='ocr_line' id='line_1_109' title="bbox 1875 4730 3438 4808; baseline -0.005 -15"><span class='ocrx_word' id='word_1_844' title='bbox 1875 4758 1991 4793; x_wconf 82' lang='lat' dir='ltr'><strong>rum</strong></span> <span class='ocrx_word' id='word_1_845' title='bbox 2018 4749 2344 4794; x_wconf 79' lang='lat' dir='ltr'><strong>tentaverunt</strong></span> <span class='ocrx_word' id='word_1_846' title='bbox 2384 4749 2433 4793; x_wconf 86' lang='lat' dir='ltr'><strong>et</strong></span> <span class='ocrx_word' id='word_1_847' title='bbox 2469 4756 2501 4792; x_wconf 80' lang='grc' dir='ltr'><strong>α</strong></span> <span class='ocrx_word' id='word_1_848' title='bbox 2534 4738 2854 4808; x_wconf 84' lang='lat' dir='ltr'><strong>serpentibus</strong></span> <span class='ocrx_word' id='word_1_849' title='bbox 2885 4736 3041 4790; x_wconf 85' lang='lat' dir='ltr'><strong>occisi</strong></span> <span class='ocrx_word' id='word_1_850' title='bbox 3074 4744 3191 4789; x_wconf 88' lang='lat' dir='ltr'><strong>sunt</strong></span> <span class='ocrx_word' id='word_1_851' title='bbox 3222 4732 3286 4788; x_wconf 76' lang='lat'><strong>&quot;.</strong></span> <span class='ocrx_word' id='word_1_852' title='bbox 3330 4730 3438 4787; x_wconf 86' lang='lat' dir='ltr'><strong>Sed</strong></span> 
     </span>
    </p>
   </div>
   <div class='ocr_carea' id='block_1_110' title="bbox 1875 4825 3444 4901">
    <p class='ocr_par' dir='ltr' id='par_1_110' title="bbox 1875 4825 3444 4901">
     <span class='ocr_line' id='line_1_110' title="bbox 1875 4825 3444 4901; baseline -0.006 -13"><span class='ocrx_word' id='word_1_853' title='bbox 1875 4832 2161 4888; x_wconf 84' lang='lat' dir='ltr'><strong>conﬁrmat</strong></span> <span class='ocrx_word' id='word_1_854' title='bbox 2204 4832 2330 4888; x_wconf 92' lang='lat' dir='ltr'><strong>illud</strong></span> <span class='ocrx_word' id='word_1_855' title='bbox 2382 4835 2552 4901; x_wconf 91' lang='lat' dir='ltr'><strong>ipsum</strong></span> <span class='ocrx_word' id='word_1_856' title='bbox 2616 4831 2706 4886; x_wconf 91' lang='lat' dir='ltr'><strong>ubi</strong></span> <span class='ocrx_word' id='word_1_857' title='bbox 2758 4830 2851 4893; x_wconf 84' lang='lat' dir='ltr'><strong>ait,</strong></span> <span class='ocrx_word' id='word_1_858' title='bbox 2898 4827 3005 4882; x_wconf 86' lang='lat' dir='ltr'><strong>Per</strong></span> <span class='ocrx_word' id='word_1_859' title='bbox 3046 4828 3205 4897; x_wconf 82' lang='lat' dir='ltr'><strong>ﬁdem</strong></span> <span class='ocrx_word' id='word_1_860' title='bbox 3237 4825 3444 4895; x_wconf 64' lang='lat' dir='ltr'><strong>ﬂoyses</strong></span> 
     </span>
    </p>
   </div>
   <div class='ocr_carea' id='block_1_111' title="bbox 1874 4916 3444 4993">
    <p class='ocr_par' dir='ltr' id='par_1_111' title="bbox 1874 4916 3444 4993">
     <span class='ocr_line' id='line_1_111' title="bbox 1874 4916 3444 4993; baseline -0.007 -16"><span class='ocrx_word' id='word_1_861' title='bbox 1874 4924 2127 4993; x_wconf 83' lang='lat' dir='ltr'><strong>grandior</strong></span> <span class='ocrx_word' id='word_1_862' title='bbox 2163 4924 2356 4993; x_wconf 69' lang='lat' dir='ltr'><strong>factus,</strong></span> <span class='ocrx_word' id='word_1_863' title='bbox 2398 4922 2603 4992; x_wconf 81' lang='lat' dir='ltr'><strong>negavit</strong></span> <span class='ocrx_word' id='word_1_864' title='bbox 2630 4939 2684 4976; x_wconf 86' lang='lat' dir='ltr'><strong>se</strong></span> <span class='ocrx_word' id='word_1_865' title='bbox 2715 4937 2824 4975; x_wconf 86' lang='lat' dir='ltr'><strong>esse</strong></span> <span class='ocrx_word' id='word_1_866' title='bbox 2844 4920 3014 4988; x_wconf 85' lang='lat' dir='ltr'><strong>ﬁlium</strong></span> <span class='ocrx_word' id='word_1_867' title='bbox 3046 4918 3173 4987; x_wconf 75' lang='lat' dir='ltr'><strong>ﬁliae</strong></span> <span class='ocrx_word' id='word_1_868' title='bbox 3200 4916 3444 4970; x_wconf 81' lang='lat' dir='ltr'><strong>Pharao-</strong></span> 
     </span>
    </p>
   </div>
   <div class='ocr_carea' id='block_1_112' title="bbox 1876 5008 3439 5084">
    <p class='ocr_par' dir='ltr' id='par_1_112' title="bbox 1876 5008 3439 5084">
     <span class='ocr_line' id='line_1_112' title="bbox 1876 5008 3439 5084; baseline -0.005 -16"><span class='ocrx_word' id='word_1_869' title='bbox 1876 5017 1976 5070; x_wconf 87' lang='lat' dir='ltr'><strong>nis.</strong></span> <span class='ocrx_word' id='word_1_870' title='bbox 2028 5014 2259 5084; x_wconf 78' lang='lat' dir='ltr'><strong>Majores</strong></span> <span class='ocrx_word' id='word_1_871' title='bbox 2294 5016 2504 5069; x_wconf 85' lang='lat' dir='ltr'><strong>divitias</strong></span> <span class='ocrx_word' id='word_1_872' title='bbox 2548 5014 2816 5068; x_wconf 70' lang='lat' dir='ltr'><strong>arstimans</strong></span> <span class='ocrx_word' id='word_1_873' title='bbox 2860 5012 3117 5066; x_wconf 83' lang='lat' dir='ltr'><strong>thesauris</strong></span> <span class='ocrx_word' id='word_1_874' title='bbox 3151 5008 3439 5080; x_wconf 63' lang='lat' dir='ltr'><strong>lEgyptio-</strong></span> 
     </span>
    </p>
   </div>
   <div class='ocr_carea' id='block_1_113' title="bbox 1874 5098 3437 5174">
    <p class='ocr_par' dir='ltr' id='par_1_113' title="bbox 1874 5098 3437 5174">
     <span class='ocr_line' id='line_1_113' title="bbox 1874 5098 3437 5174; baseline -0.004 -15"><span class='ocrx_word' id='word_1_875' title='bbox 1874 5123 1987 5159; x_wconf 88' lang='lat' dir='ltr'><strong>rum</strong></span> <span class='ocrx_word' id='word_1_876' title='bbox 2020 5106 2388 5174; x_wconf 83' lang='lat' dir='ltr'><strong>improperium</strong></span> <span class='ocrx_word' id='word_1_877' title='bbox 2427 5105 2623 5160; x_wconf 83' lang='lat' dir='ltr'><strong>Christi</strong></span> <span class='ocrx_word' id='word_1_878' title='bbox 2648 5106 2711 5161; x_wconf 83' lang='grc'><strong>’⁵.</strong></span> <span class='ocrx_word' id='word_1_879' title='bbox 2756 5102 2863 5159; x_wconf 85' lang='lat' dir='ltr'><strong>Sed</strong></span> <span class='ocrx_word' id='word_1_880' title='bbox 2885 5114 2940 5158; x_wconf 87' lang='lat' dir='ltr'><strong>et</strong></span> <span class='ocrx_word' id='word_1_881' title='bbox 2964 5103 3103 5157; x_wconf 87' lang='lat' dir='ltr'><strong>idem</strong></span> <span class='ocrx_word' id='word_1_882' title='bbox 3134 5101 3305 5172; x_wconf 86' lang='lat' dir='ltr'><strong>ipsum</strong></span> <span class='ocrx_word' id='word_1_883' title='bbox 3336 5098 3437 5153; x_wconf 72' lang='lat' dir='ltr'><strong>sd—</strong></span> 
     </span>
    </p>
   </div>
   <div class='ocr_carea' id='block_1_114' title="bbox 1873 5194 3441 5252">
    <p class='ocr_par' dir='ltr' id='par_1_114' title="bbox 1873 5194 3441 5252">
     <span class='ocr_line' id='line_1_114' title="bbox 1873 5194 3441 5252; baseline -0.003 -1"><span class='ocrx_word' id='word_1_884' title='bbox 1873 5195 1978 5252; x_wconf 88' lang='lat' dir='ltr'><strong>huc</strong></span> <span class='ocrx_word' id='word_1_885' title='bbox 2005 5197 2272 5252; x_wconf 80' lang='lat' dir='ltr'><strong>elﬁcacius</strong></span> <span class='ocrx_word' id='word_1_886' title='bbox 2327 5198 2564 5252; x_wconf 88' lang='lat' dir='ltr'><strong>insinuat</strong></span> <span class='ocrx_word' id='word_1_887' title='bbox 2594 5196 2683 5251; x_wconf 91' lang='lat' dir='ltr'><strong>ubi</strong></span> <span class='ocrx_word' id='word_1_888' title='bbox 2724 5196 2838 5252; x_wconf 87' lang='lat' dir='ltr'><strong>ait:</strong></span> <span class='ocrx_word' id='word_1_889' title='bbox 2880 5194 2989 5250; x_wconf 85' lang='lat' dir='ltr'><strong>Hoc</strong></span> <span class='ocrx_word' id='word_1_890' title='bbox 3014 5196 3151 5249; x_wconf 86' lang='lat' dir='ltr'><strong>idem</strong></span> <span class='ocrx_word' id='word_1_891' title='bbox 3177 5196 3441 5250; x_wconf 76' lang='lat' dir='ltr'><strong>sentiatur</strong></span> 
     </span>
    </p>
   </div>
   <div class='ocr_carea' id='block_1_115' title="bbox 2122 5403 2696 5469">
    <p class='ocr_par' dir='ltr' id='par_1_115' title="bbox 2122 5403 2696 5469">
     <span class='ocr_line' id='line_1_115' title="bbox 2122 5403 2696 5469; baseline 0.003 -12"><span class='ocrx_word' id='word_1_892' title='bbox 2122 5405 2166 5434; x_wconf 85' lang='grc'>¹⁸</span> <span class='ocrx_word' id='word_1_893' title='bbox 2187 5404 2348 5462; x_wconf 84' lang='lat' dir='ltr'><strong>llehr.</strong></span> <span class='ocrx_word' id='word_1_894' title='bbox 2388 5420 2464 5467; x_wconf 70' lang='lat' dir='ltr'><strong>xu,</strong></span> <span class='ocrx_word' id='word_1_895' title='bbox 2483 5405 2575 5469; x_wconf 68' lang='lat'>26,</span> <span class='ocrx_word' id='word_1_896' title='bbox 2606 5403 2696 5459; x_wconf 80' lang='lat'><strong>26.</strong></span> 
     </span>
    </p>
   </div>
   <div class='ocr_carea' id='block_1_116' title="bbox 1941 5563 2409 5697">
    <p class='ocr_par' dir='ltr' id='par_1_116' title="bbox 1941 5563 2409 5697">
     <span class='ocr_line' id='line_1_116' title="bbox 1941 5563 2409 5697; baseline -0.017 -72"><span class='ocrx_word' id='word_1_897' title='bbox 1941 5563 2054 5697; x_wconf 52' lang='lat'>(24)</span> <span class='ocrx_word' id='word_1_898' title='bbox 2088 5563 2258 5635; x_wconf 76' lang='lat' dir='ltr'><strong>Vulgo</strong></span> <span class='ocrx_word' id='word_1_899' title='bbox 2283 5567 2311 5617; x_wconf 86' lang='grc' dir='ltr'>ὃ</span> <span class='ocrx_word' id='word_1_900' title='bbox 2332 5567 2409 5619; x_wconf 83' lang='grc' dir='ltr'><strong>δέ.</strong></span> 
     </span>
     <span class='ocr_line' id='line_1_117' title="bbox 1942 5634 2396 5697; baseline 0.009 -11"><span class='ocrx_word' id='word_1_901' title='bbox 1942 5634 2029 5697; x_wconf 79' lang='lat'>(25</span> <span class='ocrx_word' id='word_1_902' title='bbox 2080 5637 2396 5697; x_wconf 83' lang='grc' dir='ltr'>Περιόντος</span> 
     </span>
    </p>
   </div>
   <div class='ocr_carea' id='block_1_117' title="bbox 1942 5630 3233 5708">
    <p class='ocr_par' dir='ltr' id='par_1_117' title="bbox 1942 5630 3233 5708">
     <span class='ocr_line' id='line_1_118' title="bbox 1942 5630 3233 5708; baseline 0.002 -20"><span class='ocrx_word' id='word_1_903' title='bbox 1942 5630 2050 5708; x_wconf 72' lang='lat'>(25)</span> <span class='ocrx_word' id='word_1_904' title='bbox 2080 5630 2396 5708; x_wconf 63' lang='lat' dir='ltr'><strong>gspldrmc</strong></span> <span class='ocrx_word' id='word_1_905' title='bbox 2418 5638 2623 5705; x_wconf 78' lang='grc' dir='ltr'>λόγου.</span> <span class='ocrx_word' id='word_1_906' title='bbox 2656 5638 2819 5695; x_wconf 82' lang='lat' dir='ltr'><strong>Forte</strong></span> <span class='ocrx_word' id='word_1_907' title='bbox 2849 5636 3125 5708; x_wconf 81' lang='grc' dir='ltr'>προόντος.</span> <span class='ocrx_word' id='word_1_908' title='bbox 3158 5630 3233 5690; x_wconf 69' lang='grc' dir='ltr'>Μ.</span> 
     </span>
    </p>
   </div>
   <div class='ocr_carea' id='block_1_118' title="bbox 1942 5704 2661 5779">
    <p class='ocr_par' dir='ltr' id='par_1_118' title="bbox 1942 5704 2661 5779">
     <span class='ocr_line' id='line_1_119' title="bbox 1942 5704 2661 5779; baseline 0.006 -22"><span class='ocrx_word' id='word_1_909' title='bbox 1942 5705 2054 5776; x_wconf 87' lang='lat'>(26)</span> <span class='ocrx_word' id='word_1_910' title='bbox 2082 5704 2247 5776; x_wconf 82' lang='lat' dir='ltr'><strong>Vulgo</strong></span> <span class='ocrx_word' id='word_1_911' title='bbox 2279 5704 2661 5779; x_wconf 79' lang='grc' dir='ltr'>ἁσπαρτήτως.</span> 
     </span>
    </p>
   </div>
  </div>
