3838 6222
436 345 539 400 879

1126 341 1390 399 EUSEBII
1429 340 1903 398 CESARIENSIS
1939 341 2089 400 OPP.
2135 341 2310 397 PARS
2347 340 2439 401 1V.
2477 369 2546 383 —
2586 337 3004 396 DOGMATICA.
3559 336 3649 390 880

438 463 566 518 illud
587 463 729 533 quod
756 463 810 518 in
846 461 954 518 Deo
983 463 1178 528 fuerat,
1201 463 1429 534 ipsemet
1457 465 1595 518 idem
1625 463 1789 529 Deus,
1820 473 1878 518 ut
1904 463 2002 518 Sa-

2111 461 2254 534 Θεῷ;
2280 462 2402 525 Πῶς
2424 459 2738 516 διδάσκαλον
2759 457 2923 512 αὐτοῦ
2950 471 3113 527 φησιν
3137 448 3275 508 εἶναι
3302 453 3392 508 τὸν
3420 451 3652 525 Ila-ripa;

435 555 600 609 bellio
635 553 830 623 placuit
857 552 998 608 iant
1026 553 1205 624 potius
1248 554 1408 625 (quod
1436 568 1558 610 cum
1589 556 1873 611 sanctitate
1894 564 1999 611 stat

437 655 492 696 et
523 643 770 712 veritate)
803 644 988 698 vivens
1036 651 1091 699 et
1124 643 1428 699 subsistens
1470 645 1780 714 unigenitus
1831 645 1999 701 Filius

443 737 580 794 Dei?
607 737 757 803 Quod
786 736 830 790 si
868 735 998 790 nihil
1032 735 1224 790 horum
1259 735 1358 805 ipsi
1395 737 1662 802 arriserit,
1691 736 2000 792 omnimodo

437 828 729 883 substituet
763 827 851 881 hic
871 827 1157 881 humanam
1182 827 1454 894 animam;
1482 836 1642 896 atque
1668 829 1742 882 ita
1793 828 1898 882 erit
1927 828 2001 882 illi

441 919 617 974 nudus
647 918 808 973 homo
841 915 1106 973 Christus.
1138 915 1249 971 Nec
1279 917 1506 972 ulterius
1541 917 1695 972 nobis
1739 916 2002 973 Sabellius

439 1008 697 1080 prodibit,
721 1009 818 1062 sed
853 1007 918 1063 de
941 1017 1085 1062 secta
1109 1006 1515 1073 Paulianorum,
1543 1023 1714 1064 novus
1743 1010 1999 1079 scriptor.

439 1101 592 1168 Quod
623 1088 950 1156 si‘Verbum
1005 1099 1132 1153 illud
1165 1100 1364 1154 dixerit
1405 1099 1678 1155 hominem
1735 1102 2000 1168 habitare,

441 1191 583 1259 quod
620 1190 672 1244 in
705 1189 814 1244 Deo
871 1189 992 1257 fuit,
1039 1190 1169 1244 nihil
1203 1190 1346 1245 aliud
1404 1191 1600 1259 ipsum,
1632 1191 1732 1247 nisi
1771 1191 2000 1248 Verbum

442 1283 729 1347 exsistens,
760 1291 814 1337 et
835 1280 1064 1337 Verbum
1095 1281 1510 1352 signiﬁcalivum
1541 1283 1625 1338 vel
1647 1285 1999 1354 operativum,

443 1387 550 1441 quo
574 1381 730 1442 pacto
747 1374 851 1428 hoc
867 1372 1095 1436 dicatur,
1120 1375 1283 1426 vitam
1310 1373 1578 1444 propriam
1602 1385 1656 1430 et
1681 1375 2003 1445 peculiarem

443 1461 628 1517 vivere
671 1461 972 1531 seiunctam
1006 1477 1036 1516 a
1067 1461 1258 1517 Patre?
1290 1461 1408 1528 Quo
1439 1464 1637 1520 missus
1675 1465 1776 1520 fuit
1802 1465 1890 1520 ille
1914 1465 2007 1536 qui

445 1554 662 1622 quidem
713 1553 961 1609 counitus
987 1568 1220 1623 semper,
1247 1563 1301 1607 et
1340 1555 1616 1624 copulatus
1651 1555 1798 1612 Patri
1830 1557 2008 1613 consi-

445 1644 661 1700 stebat?
685 1643 802 1710 Quo
829 1653 985 1714 pacto
1006 1655 1384 1714 praceptorem
1410 1661 1563 1702 suum
1587 1647 1812 1702 aﬂirmat
1837 1647 2004 1703 Deum

445 1734 704 1791 Patrem?
733 1750 839 1804 quo
867 1746 1031 1804 pacto
1075 1751 1134 1791 se
1163 1750 1376 1805 semper
1415 1746 1472 1792 et
1520 1744 1578 1802 ἧς
1617 1740 1815 1809 ubique
1858 1740 2005 1795 Patri

2099 553 2222 618 Πῶς
2245 555 2302 608 δὲ
2323 554 2390 608 τὰ
2413 552 2617 625 ἀρεστὰ
2655 551 2733 622 τῷ
2777 551 2953 621 Πατρὶ
2975 549 3208 602 πάντοτε
3248 547 3508 619 πράττειν
3548 548 3660 598 ἐαυ-

2096 649 2187 701 τὸν
2210 646 2429 714 ἔλεγεν;
2476 637 2637 698 αὗται
2678 644 2786 716 γὰρ
2842 641 3138 714 διαρρήδην
3180 639 3312 692 Υίοῦ
3365 639 3661 710 ὑφεστῶτος

2100 740 2191 792 καὶ
2214 738 2413 804 ζῶντος
2441 737 2552 807 (14)
2575 732 2684 790 εῐεν
2708 735 2774 789 ἂν
2799 734 2995 803 φωναὶ,
3013 734 3108 786 καὶ
3129 733 3197 786 δι’
3221 732 3343 786 ὅλου
3366 731 3422 786 δὲ
3443 732 3552 803 (15)
3577 732 3663 784 τοῦ

2098 831 2426 900 Εὑαγγελίου
2463 831 2492 882 ό
2529 829 2816 900 εὐχόμενος
2855 826 2934 897 τῷ
2969 827 3164 898 Πατρὶ,
3200 825 3434 892 δοξάζων
3455 825 3543 878 τὸν
3565 826 3676 879 11a-

2097 921 2232 991 τέρα
2253 923 2282 972 ό
2308 919 2457 990 παρὰ
2493 917 2586 972 τοῦ
2619 916 2831 988 Πατρδς
2853 915 3176 986 δοξασθῆναι
3201 914 3388 979 ἀξιῶν,
3411 915 3462 968 τί
3492 906 3667 984 ἕτερον

2100 1010 2134 1081 ἦ
2164 1008 2448 1079 ὑφεστῶτα
2476 1008 2666 1062 ἑαυτὸν
2687 1007 2945 1070 δείκνυσι,
2995 1007 3090 1059 καὶ
3131 1006 3365 1076 μάλιστα
3402 1008 3490 1060 ὅτε
3520 1006 3665 1075 φησὶ,

2103 1102 2218 1156 Δύο
2263 1098 2587 1168 ἀνθρώπων
2622 1101 2660 1167 ἡ
2693 1099 2988 1170 μαρτυρία
3031 1096 3264 1165 ἀληθής
3305 1096 3494 1149 ἐστιν.
3532 1094 3669 1163 Ἐγώ

2101 1197 2216 1264 εἰμι
2247 1196 2280 1248 ό
2318 1189 2634 1262 μαρτυρῶν
2663 1189 2797 1258 περὶ
2832 1189 3120 1260 ἐμαυτοῦο
3155 1189 3268 1242 καίο
3328 1188 3390 1241 '0
3438 1190 3669 1257 πέμψας

2098 1303 2175 1358 με
2203 1285 2406 1354 Πατὴρ
2431 1283 2723 1354 μαρτυρεῖ
2743 1284 2876 1352 περὶ
2903 1283 3068 1353 ἐμοῦ.
3097 1281 3198 1334 Διά
3227 1280 3496 1334 τοσούτων
3519 1279 3670 1341 αὐτὸς

2103 1380 2133 1431 ό
2182 1376 2371 1448 Σωτὴρ
2413 1375 2593 1440 ζῶντα
2650 1375 2841 1428 ἑαυτὸν
2882 1375 3260 1446 παραστήσας,
3297 1371 3536 1442 οὐδαμοῦ
3579 1371 3670 1441 μὲν

2105 1470 2300 1538 Λόγον
2320 1465 2510 1519 ἑαυτὸν
2533 1464 2837 1534 ὠνόμασεν,
2863 1461 2991 1516 Υἱδν
3014 1461 3092 1527 δὲ,
3116 1460 3210 1513 καὶ
3233 1458 3370 1529 φῶς,
3394 1457 3488 1512 καὶ
3509 1458 3674 1510 Μονο-

2106 1562 2261 1630 γενῆ,
2284 1559 2380 1612 καὶ
2403 1557 2566 1630 ἄρτον
2589 1556 2734 1626 ζωῆς
2761 1553 2893 1626 (16).
2941 1552 3074 1626 [Καὶ
3097 1553 3278 1606 πάντα
3301 1551 3479 1619 λόγον,
3506 1549 3540 1620 ἢ
3573 1548 3673 1602 Λό-

2107 1649 2249 1722 γον,]
2292 1649 2401 1704 Kal
2442 1649 2599 1717 λόγον
2646 1647 2744 1718 μὲν
2779 1645 2922 1717 ἔχειν
2969 1645 3208 1699 διδάσκει
3254 1641 3501 1712 φάσκων,
3540 1638 3674 1694 Ἐάν

2108 1757 2197 1806 τις
2224 1739 2426 1810 ἀγαπᾷ
2449 1757 2546 1810 με,
2585 1737 2691 1792 τὸν
2717 1740 2912 1807 Λόγον
2939 1753 3056 1807 μου
3089 1735 3366 1805 τηρήσει·
3404 1731 3591 1785 ἑαυτὸν
3617 1729 3676 1782 δὲ

448 1841 545 1882 suo
574 1825 959 1895 complacentia
991 1826 1188 1883 fecisse
1219 1827 1393 1884 dicet?
1431 1828 1568 1883 Sunt
1608 1831 1750 1885 enim
1798 1831 1880 1885 ha:
1909 1846 2005 1886 vo-

2111 1831 2276 1901 Λόγον
2309 1827 2445 1884 εἶναι
2483 1829 2543 1883 οὗ
2576 1846 2760 1900 φησιν.
2795 1829 2920 1893 Πῶς
2960 1823 3052 1881 οὖν
3087 1825 3223 1898 μετὰ
3265 1825 3438 1878 ταῦτα
3483 1822 3673 1880 πάντα,

447 1937 542 1978 ccs
579 1920 712 1976 satis
745 1920 904 1975 clarae
935 1929 990 1975 et
1023 1919 1322 1974 manifestae
1349 1919 1441 1974 lilii
1488 1921 1628 1976 illius
1658 1922 1762 1976 vivi
1795 1932 1850 1978 et
1877 1921 2008 1979 sub-

449 2012 710 2075 sistentis,
745 2011 836 2081 qui
869 2011 1064 2080 ubique
1112 2023 1259 2066 certe
1294 2027 1390 2082 per
1443 2011 1790 2083 Evangelium
1813 2014 2006 2084 depre—

448 2114 606 2158 catur
646 2103 887 2172 Patrem,
947 2112 1002 2158 et
1037 2118 1066 2157 a
1095 2103 1280 2166 Patre,
1332 2112 1390 2157 ut
1439 2118 1498 2159 se
1527 2101 1810 2174 gloriﬁcet,
1853 2108 2005 2175 petit.

448 2195 579 2263 Quae
628 2195 846 2266 quidem
916 2194 1117 2262 omnia,
1174 2196 1303 2265 quid
1372 2195 1515 2250 aliud
1570 2196 1786 2262 docent,
1841 2213 2006 2268 quam

450 2289 625 2358 ipsum
673 2302 858 2342 revera
889 2287 1233 2343 substitisse?
1278 2287 1546 2358 imprimis
1574 2287 1663 2341 ubi
1709 2288 1784 2342 ait
1817 2288 2009 2344 :Duo-

450 2397 564 2434 rum
603 2381 867 2434 hominum
903 2379 1251 2434 testimonium
1279 2395 1457 2434 verum
1482 2388 1576 2434 est.
1621 2377 1732 2450 Ego
1759 2396 1896 2447 sum,
1921 2381 2010 2450 qui

449 2470 801 2526 testimonium
845 2471 1086 2539 perhibeo
1120 2470 1452 2538 mihimetipsi
1504 2485 1522 2524 :
1550 2479 1597 2522 et
1643 2471 1729 2540 qui
1762 2470 1904 2524 misit
1929 2487 2010 2525 me

450 2561 634 2626 Pater,
657 2560 720 2614 de
740 2575 820 2615 me
845 2561 890 2614 is
912 2561 1142 2628 perhibet
1165 2561 1515 2615 testimonium
1533 2560 1576 2613 ⁷.
1606 2559 1706 2614 Tot
1728 2559 1860 2614 locis
1887 2574 2008 2614 cum

450 2667 512 2708 se
541 2651 721 2707 vivum
752 2650 1124 2720 praedicaverit
1151 2649 1426 2717 Servator,
1458 2664 1723 2720 nusquam
1745 2663 1801 2704 se
1831 2657 2008 2704 tamen

463 2741 684 2799 Verbum
718 2741 1033 2805 nominavit,
1077 2741 1170 2796 sed
1212 2739 1426 2806 Filium,
1478 2750 1534 2794 et
1567 2740 1763 2806 lucem,
1809 2749 1863 2796 et
1895 2741 2012 2794 uni-

451 2835 712 2906 genitum,
735 2841 790 2889 et
821 2846 1013 2902 panem
1037 2836 1179 2886 vitae.
1222 2829 1395 2885 Verba
1429 2839 1608 2886 autem
1638 2845 1734 2885 sua
1771 2838 1827 2886 et
1850 2831 2010 2886 verba

453 2939 513 2980 se
548 2924 746 2980 habere
777 2922 990 2993 quidem
1042 2922 1220 2987 docet,
1274 2920 1366 2975 ubi
1395 2920 1491 2986 ait,
1526 2919 1588 2975 Si
1631 2919 1746 2990 quis
1790 2916 2012 2975 Verbum

453 3029 626 3068 meum
671 3011 1044 3067 custodieerit'
1072 3027 1087 3063 :
1118 3020 1173 3064 at
1199 3010 1568 3079 semetipsum,
1605 3009 1837 3065 Verbum
1887 3025 2014 3064 nus-

453 3117 615 3174 quam
659 3103 920 3158 nominat.
962 3101 1027 3156 Et
1058 3109 1203 3156 certe
1236 3101 1656 3156 erubescendum
1693 3099 1768 3155 illi
1815 3100 2007 3168 fuerat,

453 3195 569 3264 qui,
598 3193 746 3248 hisce
783 3193 1032 3248 omnibus
1063 3206 1169 3246 non
1199 3191 1556 3261 obstantibus,
1602 3191 1833 3247 Verbum
1867 3192 2012 3248 illum

453 3294 510 3339 et
538 3282 670 3339 nihil
711 3282 853 3338 aliud
878 3283 984 3338 nisi
1021 3282 1256 3338 Verbum
1303 3282 1621 3351 designavit.
1643 3283 1862 3339 Audisis
1886 3299 2014 3357 ergo

454 3390 574 3445 qua:
603 3373 844 3444 scripsit,
880 3374 1034 3429 dixit.
1063 3374 1153 3448 [Β.
1193 3372 1486 3446 ΧΧΧἪΜ
1525 3393 1544 3427 ι
1571 3375 1720 3432 Adeo
1754 3384 1814 3430 ut
1836 3376 2015 3430 omni-

459 3466 664 3522 cmodo
709 3464 1055 3521 manifestum
1118 3466 1299 3530 fuerit,
1373 3465 1577 3520 nullum
1629 3466 1774 3522 aliud
1821 3481 2014 3522 nomen

461 3577 479 3610 ι
508 3557 668 3614 Verbi
693 3558 978 3614 aeternitati
1004 3573 1301 3630 congruere
1322 3567 1516 3630 praeter
1537 3559 1640 3613 hoc
1663 3559 1856 3629 ipsum,
1879 3558 2018 3628 quod

459 3669 478 3703 ι
501 3649 877 3707 sanctissimus
904 3650 995 3705 Dei
1049 3649 1342 3720 discipulus
1390 3659 1448 3704 et
1482 3653 1759 3719 apostolus
1785 3649 2020 3705 Joannes

458 3761 481 3794 ι
507 3743 559 3796 in
587 3742 858 3813 principio
905 3741 1180 3813 Evangelii
1227 3741 1546 3796 nominavit.
1587 3759 1606 3793 ›
1633 3740 1699 3795 Ει
1739 3741 2014 3796 secundo:

458 3852 478 3886 ι
509 3831 581 3890 Ut
608 3833 938 3900 ostenderet,
989 3832 1131 3901 quod
1175 3833 1438 3888 sinovum
1489 3845 1685 3886 nomen
1724 3831 1937 3900 aliquod
1962 3839 2018 3887 et

459 3941 479 3974 ι
509 3938 682 3992 nuper
712 3922 896 3977 datum
922 3923 972 3976 ei
1009 3921 1378 3986 conveniebat,
1407 3935 1438 3975 a
1459 3935 1598 3976 novo
1623 3930 1678 3975 et
1709 3934 1878 3992 nuper
1903 3930 2014 3976 tra-

459 4033 478 4066 ι
508 4015 620 4070 dito
655 4024 997 4080 testamento,
1030 4014 1132 4068 hoc
1167 4024 1284 4070 erat
1328 4014 1502 4084 ipsum
1531 4029 1824 4085 congruum
1855 4015 1926 4068 illi
1962 4016 2015 4070 in

458 4126 478 4158 ι
501 4121 666 4162 carne
695 4105 1101 4174 dispensationi.
1131 4123 1150 4156 ι
1185 4105 1250 4159 Ει
1269 4106 1428 4160 tertio
1447 4102 1499 4160 ξι
1525 4103 1810 4173 Quocirca,
1836 4107 2017 4177 prius-

459 4221 478 4249 ι
501 4211 663 4268 quam
698 4197 1066 4260 descenderet,
1095 4205 1150 4250 et
1174 4196 1240 4251 de
1264 4194 1485 4267 Virgine
1512 4205 1847 4252 nasceretur.
1877 4195 2016 4253 Ver-

457 4307 480 4340 ι
497 4288 626 4341 bum
641 4296 760 4341 erat
781 4285 1169 4341 tantummodo.
1194 4284 1332 4352 Quid
1352 4286 1494 4340 enim
1513 4297 1654 4342 esset
1673 4285 1816 4342 aliud
1838 4287 2015 4358 prius-

2105 1924 2206 1977 οὐκ
2241 1922 2466 1995 ἐρυθριᾷ
2491 1924 2520 1976 ό
2550 1921 2707 1993 μόνον
2751 1920 2942 1989 Λόγον,
2984 1921 3077 1973 καὶ
3120 1919 3271 1971 οὐδὲν
3310 1918 3496 1988 ἓτερον
3542 1912 3675 1968 εἶναι

2109 2015 2269 2068 αὐτὸν
2297 2013 2748 2084 ἀποφηνάμενος;
2786 2011 3114 2065 Ἐπάκουσον
3131 2009 3259 2076 γοῦν
3280 2009 3426 2071 ὅπως
3453 2007 3674 2080 ἔγραφε,

2103 2105 2299 2174 λέγων,
2339 2123 2357 2155 ι
2385 2105 2548 2158 Ὥστε
2589 2101 2920 2171 πανταχόθεν
2955 2100 3111 2171 δῆλόν
3154 2101 3272 2153 ἐστι
3303 2097 3466 2169 μηδὲν
3499 2097 3679 2165 ἕτερον

2115 2215 2133 2248 ι
2161 2199 2227 2266 τῇ
2264 2196 2524 2266 ἀῖδιότητι
2555 2193 2646 2248 τοῦ
2675 2193 2854 2262 Λόγου
2884 2191 3174 2263 ἁρμόττειν
3219 2189 3409 2260 ὄνομα,
3442 2189 3475 2259 ἢ
3513 2187 3678 2249 τοῦθ’,

2117 2306 2135 2338 t
2159 2289 2294 2358 ὅπερ
2313 2288 2340 2340 ό
2363 2285 2666 2356 ἀγιώτατος
2685 2284 2780 2339 τοῦ
2802 2283 2936 2338 Θεοῦ
2968 2282 3214 2356 μαθητὴς
3246 2283 3341 2336 καὶ
3391 2280 3681 2340 ἀπόστολος

2117 2400 2134 2431 ι
2176 2380 2446 2451 Ἰωάννης,
2473 2380 2531 2432 ὲν
2563 2380 2704 2450 ἀρχῇ
2738 2375 2833 2430 τοῦ
2863 2375 3190 2446 Εὐαγγελίου
3220 2371 3523 2446 εἶπεν(17).
3550 2371 3684 2444 [Kal

2117 2492 2136 2525 ‹
2157 2470 2364 2543 πάλιν’]
2386 2473 2498 2524 Ἵνα
2519 2471 2670 2543 δείξῃ
2688 2471 2769 2524 ὅτι
2783 2469 3092 2538 εἴτιικαινδν
3111 2467 3203 2522 καὶ
3218 2466 3476 2537 νεώτερον
3491 2465 3680 2535 δνομα,

2118 2581 2139 2614 ι
2159 2562 2302 2616 τοῦτ’
2336 2561 2443 2616 ἀπὸ
2471 2561 2571 2632 τῆς
2611 2563 2802 2631 καινῆς
2833 2558 2987 2628 αὐτῷ
3019 2560 3114 2613 καὶ
3152 2559 3279 2622 νέας
3309 2557 3519 2628 ὑπῆρξε
3547 2555 3683 2609 κατά

2118 2674 2136 2705 ι
2163 2653 2341 2725 σάρκα
2367 2653 2695 2724 οἰκονομίας.
2715 2650 2849 2723 [Kal
2863 2647 3066 2724 αὖθιςο]
3088 2648 3296 2704 Οὐκοῦν
3328 2647 3434 2718 πρὸ
3465 2646 3565 2718 μὲν
3591 2642 3683 2698 τοῦ

2119 2767 2138 2800 ι
2169 2746 2572 2808 κατελθεῖν,καὶ
2599 2746 2687 2799 διὰ
2706 2747 2802 2818 τῆς
2834 2745 3107 2817 Παρθένου
3130 2742 3407 2814 τεχθῆναι,
3423 2741 3594 2809 Λόγος
3619 2735 3688 2810 ἦν

2119 2860 2138 2892 ι
2166 2841 2346 2912 μόνον.
2386 2839 2541 2892 Ἐπεὶ
2564 2839 2616 2892 τί
2645 2838 2832 2910 ἕτερον
2860 2833 2952 2908 ῆν,
2979 2837 3084 2908 πρὸ
3106 2835 3198 2890 τοῦ
3224 2834 3322 2906 τὴν
3343 2832 3684 2906 ἀνθρωπίνην

2120 2953 2138 2985 ι
2160 2931 2446 2986 ἀναλαϐεῖν
2477 2931 2675 3000 σάρκα,
2691 2931 2752 2982 τὸ
2782 2928 3047 2999 κατῆλθον
3070 2929 3155 2981 ἐπ’
3181 2926 3422 2996 ἐσχάτων
3451 2924 3559 2977 τῶν
3581 2921 3687 2993 (18)

2120 3041 2139 3074 ι
2169 3021 2388 3093 ἡμερῶν
2405 3037 2419 3086 ;
2438 3020 2514 3083 ὡς
2540 3022 2635 3074 καὶ
2662 3019 2824 3083 αὐτὸς
2850 3019 3113 3090 γέγραφε.
3132 3016 3240 3070 Kal
3259 3015 3321 3068 τὸ
3348 3013 3608 3084 γεννηθὲν
3627 3013 3689 3064 ὲκ

2121 3125 2139 3157 ι
2172 3108 2269 3178 τῆς
2297 3106 2572 3178 Παρθένου
2599 3107 2750 3160 οὐδὲν
2777 3107 2962 3178 ἕτερον
2986 3100 3056 3178 ἦν
3083 3105 3117 3177 ἢ
3153 3103 3342 3172 Λόγος.
3374 3121 3392 3154 ι
3443 3100 3690 3156 Τοσαῦτα

2117 3197 2420 3270 Μαρκέλλῳ
2460 3199 2632 3250 εἰπεῖν
2679 3197 2773 3250 καὶ
2809 3193 3184 3266 ἀποφήνασθαι
3227 3193 3481 3264 πάρεστι,
3507 3189 3596 3243 διὰ
3634 3189 3693 3241 τὺ

2123 3291 2197 3362 μὴ
2222 3289 2502 3362 ὁμολογεῖν
2530 3290 2621 3344 τὸν
2660 3290 2788 3342 Υἱδν
2825 3288 2919 3342 τοῦ
2957 3286 3113 3351 Θεοῦ,
3146 3285 3280 3357 πρὸς
3306 3284 3366 3338 ὃν
3395 3280 3552 3337 εἶπεν
3581 3282 3646 3336 ἂν
3663 3283 3693 3333 ό

2117 3380 2523 3451 Εὑαγγελιστὴς
2579 3379 2717 3450 μέγα
2754 3377 3069 3450 ὲπιϐοήσας.
3112 3375 3177 3428 Τί
3211 3375 3346 3446 φῂς,
3402 3371 3690 3443 ἀνθρωπες

2119 3473 2194 3526 Ub
2220 3473 2414 3542 Λόγον
2464 3471 2623 3524 αὐτὸν
2660 3470 2796 3541 ἔφην
2833 3470 2991 3540 μόνον
3016 3509 3031 3532 ,
3079 3465 3239 3522 ἀλλὰ
3281 3465 3382 3519 καὶ
3417 3463 3569 3518 Θεὸν
3598 3460 3690 3515 καὶ

2117 3560 2244 3632 φῶς
2266 3561 2332 3615 τὸ
2363 3560 2613 3632 φωτίζον
2653 3560 2851 3614 πάντα
2896 3558 3208 3628 ἄνθρωπον
3250 3556 3584 3626 ἐρχόμενον
3608 3556 3692 3616 εἰς

2115 3651 2224 3705 τὸν
2255 3653 2508 3722 κόσμον,
2538 3651 2636 3706 καὶ
2665 3649 2974 3722 Μονογενῆ
3011 3649 3149 3704 Υιὸν
3179 3648 3284 3702 τὸν
3306 3651 3395 3711 εὶς
3427 3645 3538 3699 τὸν
3559 3647 3694 3698 κόλ-

2117 3762 2236 3799 πον
2265 3745 2370 3799 τοῦ
2412 3744 2660 3811 Πατρός.
2681 3745 2772 3816 Μὴ
2791 3744 2856 3814 δὴ
2890 3744 3047 3815 μόνον
3074 3737 3165 3796 οὖν
3189 3739 3596 3810 συκοφαντείτω
3615 3752 3696 3797 τις

2117 3837 2207 3890 τὸν
2224 3835 2468 3904 θεολόγον
2488 3835 2623 3906 (19),
2643 3835 2757 3889 ἀλλ’
2783 3835 3023 3906 ἀκριϐῶς
3049 3834 3289 3887 ὲπαῖέτω
3314 3831 3500 3894 αὐτοῦ,
3515 3831 3698 3883 ὁποῖον

2117 3927 2345 3980 ὑπέθετο
2372 3927 2564 3997 Λόγον,
2580 3927 2731 3999 παρά
2763 3928 2928 3990 πόδας
2950 3926 3210 3996 συνάψας,
3253 3924 3362 3979 Καὶ
3391 3923 3541 3988 Θεὸς
3566 3917 3646 3991 ἦν
3666 3923 3700 3973 ό

2118 4025 2309 4093 Λόγος
2326 4039 2341 4053 °
2367 4022 2460 4076 καὶ
2481 4019 2789 4094 προστιθεὶς
2813 4018 2894 4083 τὸ,
2913 4016 3116 4072 Πάντα
3132 4015 3206 4069 δι’
3223 4013 3410 4069 αὐτοῦ
3433 4011 3698 4080 ἐγένετο.

2117 4112 2274 4166 Κατὰ
2308 4112 2365 4165 δὲ
2417 4111 2578 4166 αὐτὸν
2625 4109 2717 4164 τὸν
2766 4107 2872 4162 τῶν
2911 4106 3046 4160 ὅλων
3087 4105 3319 4176 Σωτῆρα
3369 4101 3493 4154 οὐδὲ
3549 4099 3702 4162 ἅπαξ

2117 4203 2432 4274 ὠνόμασται
2461 4202 2652 4270 Λόγος,
2702 4199 2840 4254 ἀλλά
2871 4197 3002 4261 Υἱὸς
3031 4195 3188 4258 Θεοῦ,
3223 4195 3316 4248 καὶ
3352 4191 3702 4260 Μονογενὴς,

2119 4295 2214 4350 καὶ
2248 4294 2382 4365 φῶς,
2428 4295 2524 4348 καὶ
2565 4293 2700 4366 ζωὴ,
2747 4293 2840 4346 καὶ
2870 4289 3114 4362 ἀλήθεια,
3151 4288 3245 4342 καὶ
3277 4285 3455 4339 πάντα
3495 4281 3704 4354 μᾶλλον

459 4393 660 4448 «quam
717 4394 937 4435 carnem
1010 4378 1301 4432 humanam
1374 4379 1706 4444 assumebat,
1761 4380 1829 4447 is,
1897 4381 2012 4450 qui,
2045 4374 2152 4456 Di)
2186 4384 2376 4454 Λόγος.

390 4537 392 4539 γ
459 4473 649 4542 equod
688 4470 756 4526 ab
793 4472 909 4541 ipso
954 4472 1214 4541 scripturn
1276 4477 1380 4536 est,
1445 4470 1726 4526 descendit
1763 4472 1815 4525 in
1890 4475 2202 4532 novissimis
2257 4477 2626 4548 temporibus?
2674 4487 2821 4531 certe
2876 4482 3034 4528 natus
3067 4472 3133 4527 de
3189 4468 3412 4539 Virgine
3456 4467 3607 4522 nihil
3652 4482 3710 4519 a—

459 4584 478 4617 ι
502 4567 615 4622 liud
639 4574 776 4620 erat.
809 4583 829 4616 ι
859 4563 982 4619 Haec
1015 4562 1174 4618 facile
1193 4561 1294 4618 fuit
1357 4561 1592 4617 seiscere
1626 4571 1679 4616 et
1740 4564 1944 4620 sentire
2001 4564 2279 4633 Marcello,
2333 4579 2616 4640 propterea
2672 4567 2814 4637 quod
2838 4564 3034 4620 Filium
3083 4562 3176 4617 Dei
3213 4575 3318 4614 non
3351 4559 3710 4627 proﬁteatur,

453 4660 521 4713 ad
551 4671 711 4727 quem
742 4671 839 4710 sua
887 4653 1155 4710 referebat
1200 4653 1548 4723 evangelista.
1598 4652 1738 4721 Quid
1787 4656 1886 4721 ais,
1953 4657 2026 4710 mi
2065 4658 2269 4715 homo?
2336 4658 2451 4716 Non
2497 4659 2647 4714 illum
2706 4657 3043 4713 solummodo
3088 4648 3390 4707 nominavit
3437 4645 3705 4714 Verbum,

451 4749 542 4802 sed
565 4755 615 4802 et
649 4744 854 4800 Deum:
884 4747 974 4798 sed
1000 4750 1188 4808 lucem,
1214 4743 1603 4798 illuminantem
1661 4759 1864 4798 omnem
1902 4746 2163 4802 hominem
2207 4751 2263 4803 in
2328 4750 2467 4804 Itum:
2536 4750 2790 4805 mundum
2855 4750 3139 4804 venientem
3179 4765 3199 4803 :
3237 4751 3330 4803 sed
3363 4749 3712 4820 unigenitum

455 4838 676 4902 Filium,
713 4837 802 4906 qui
837 4836 936 4906 fuit
973 4837 1029 4890 in
1068 4837 1188 4890 sinu
1227 4821 1470 4891 Patris'.
1513 4834 1682 4891 Nemo
1739 4837 1942 4894 idcirco
1965 4839 2034 4894 de
2071 4840 2198 4896 hinc
2245 4843 2550 4914 theologum
2619 4853 2671 4898 et
2719 4843 3098 4914 evangelistam
3145 4841 3540 4906 calumnietur,
3607 4841 3711 4894 sed

453 4944 576 4984 cum
625 4927 976 4983 accuratione
1013 4925 1161 4980 illum
1213 4926 1416 4989 audiat,
1467 4925 1756 4995 qualenam
1789 4926 2027 4982 Verbum
2067 4929 2405 5001 designabat,
2467 4949 2590 4988 cum
2619 4934 2804 4988 statim
2831 4931 3096 4998 intulerit,
3126 4930 3192 4985 Et
3229 4930 3372 4985 Deus
3397 4941 3521 4985 erat
3580 4929 3714 4983 Ver-

453 5024 595 5076 bam.
651 5019 750 5076 Cui
800 5029 856 5074 et
891 5019 1091 5089 adjecit
1132 5018 1282 5084 illud,
1337 5017 1526 5074 Omnia
1562 5036 1653 5088 per
1689 5021 1840 5074 illum
1878 5022 2019 5092 facta
2055 5034 2176 5078 sunt
2202 5027 2268 5080 “.
2323 5029 2393 5081 At
2441 5027 2512 5083 ab
2560 5029 2793 5099 ipsomet
2853 5027 3146 5083 Servatore
3209 5025 3614 5090 universitatis,
3646 5038 3714 5077 ne

526 5165 587 5223 ἧς
620 5158 720 5213 Ed.
757 5157 934 5211 Paris.
961 5144 1082 5225 pag.
1111 5156 1202 5210 92.

521 5232 538 5262 ⁷
570 5229 727 5284 Joan.
751 5243 869 5294 vm,
909 5223 996 5294 17,
1026 5223 1110 5281 18.
1183 5227 1206 5257 ⁸
1241 5224 1371 5280 ibid.
1402 5224 1492 5290 51,
1515 5223 1603 5280 52.
1678 5227 1698 5257 ⁹
1728 5224 1883 5282 Joan.
1921 5243 1960 5292 ι,

2111 5229 2145 5292 i,
2187 5225 2276 5280 18.
2354 5225 2398 5256 "
2421 5225 2554 5280 ibid.
2580 5227 2636 5281 ’5.

520 5367 634 5440 (ιι)
656 5366 824 5440 ιιιιεο
847 5365 1046 5440 tam;
1079 5365 1173 5418 καὶ
1207 5366 1411 5440 ὑφεστζ

2112 5380 2168 5436 p.
2515 5363 2632 5440 Mox:
2666 5363 2826 5440 vulgo
2853 5364 3081 5440 ἔγραψε.

515 5425 630 5506 (155
657 5425 830 5503 Vulgo
857 5425 944 5498 ἀν,
971 5425 1041 5490 δι’
1061 5451 1184 5489 mox
1211 5425 1441 5506 οὖδαμῆ.
1505 5504 1512 5506 Α
1719 5503 1760 5506 _
1812 5504 1820 5506 _

2112 5425 2132 5436 ’
2186 5435 2299 5506 (17)
2319 5425 2950 5506 *Εὐαγγελίουίμέὶσξεῐῆ
2976 5425 3120 5506 [lege
3141 5425 3315 5506 εἶπεν.

519 5502 629 5579 (l6)
681 5502 792 5579 Kal
857 5506 1052 5579 πάντα
1094 5502 2003 5579 λότυνμῆαόγονὶλεηίειιιοιτι

2115 5577 2135 5579 __
2179 5502 2632 5579 (l8)_Vulgo'om.
2660 5503 2798 5579 «Iw.
2820 5503 2940 5579 hic;
2965 5502 3127 5579 vulgo
3159 5502 3406 5579 alga);
3426 5519 3489 5579 3.
3539 5517 3598 5579 εξ,
3636 5511 3697 5547 π.

448 5573 574 5631 Sunt.
599 5573 722 5641 ista,
758 5578 897 5630 forte
923 5573 1221 5644 legendum,
1250 5576 1343 5628 καὶ
1377 5575 1648 5645 πανταχοῦ
1664 5574 1818 5643 λόγον
1836 5573 2002 5696 *στρέ-

451 5665 584 5696 ωων-
619 5647 714 5696 καὶ
745 5646 942 5696 πάντα.
970 5645 1002 5696 ii
1043 5645 1137 5696 καὶ
1169 5645 1328 5696 αὑτὸν
1363 5645 1519 5696 λόγον
1548 5645 1644 5696 μὲν
1676 5645 1818 5696 ἐνειν
1854 5645 1902 5696 δι
1935 5647 2000 5696 ἀ-

2111 5573 2408 5696 ἆνῗ-ρζὲρχ.
2429 5573 2532 5664 ἐἰς
2550 5592 2600 5628 τ.
2631 5592 2686 5627 κ.
2721 5576 2813 5660 καὶ
2836 5573 2968 5628 Θεὸν
2999 5575 3096 5662 xa’i.
3136 5590 3194 5642 μ..
3232 5574 3361 5661 Υίδν
3389 5573 3486 5663 ’ξὺν
3520 5574 3602 5633 εἰς
3646 5585 3701 5618 ι.

2111 5663 2150 5696 τ.
2230 5683 2267 5696 ..
2303 5646 2396 5696 καὶ
2425 5663 2486 5696 ου
2513 5645 2667 5696 λόγον
2704 5661 2859 5696 ιιονον
2887 5644 2990 5696 ἔφη
3021 5643 3202 5696 αυτόν.
3238 5644 3330 5696 Μὴ
3359 5660 3481 5696 ουν.

451 5665 584 5715 φων,
619 5639 716 5701 καϊ
745 5646 942 5711 πάντα,
970 5639 1004 5717 ἦ
1043 5645 1137 5699 καὶ
1169 5645 1328 5717 αὑτὸν
1363 5645 1519 5712 λόγον
1676 5639 1818 5715 ἔχειν
1854 5639 2000 5717 διδά-
2102 5663 2150 5699 τ.
2173 5639 2267 5707 Π..
2303 5639 2396 5717 καὶ
2425 5647 2486 5699 οὐ
2513 5645 2667 5717 λόγον
2703 5644 2868 5717 μόνονΔ
2887 5644 2990 5717 ἔφη
3021 5639 3202 5717 αὐτόν.
3238 5639 3481 5717 Μὴξοῦν.

450 5713 595 5771 σκων
623 5719 838 5785 φάσκει.
871 5713 1072 5786 Sensus
1095 5716 1285 5782 opinor
1311 5723 1394 5768 est
1424 5713 1646 5786 abiistis
1683 5713 1786 5786 non
1814 5716 1997 5786 admo-

2175 5717 2288 5786 (19)
2321 5716 2489 5785 Vulgo
2507 5713 2760 5783 θεολόγον
2789 5714 2881 5768 καὶ
2910 5713 3321 5784 εὐαγγελιστήν.

448 5789 571 5842 dunt
596 5783 856 5845 diversus.
877 5785 1020 5843 M.-—
1035 5784 1166 5859 [Kal
1189 5786 1364 5840 πάντα
1397 5783 1595 5856 μᾶλλον
1612 5783 1644 5856 ἢ
1663 5784 1830 5852 Λόγον
1866 5783 1909 5836 li
1933 5786 2003 5837 cl.

3801 193 3808 514 ξ
