3838 6222
223 308 324 362 881

1172 311 1260 366 DE
1294 313 1827 373 ECCLESIASTICA
1868 317 2259 376 'IHEOLOGIA
2283 321 2428 376 ΜΒ.
2469 321 2511 377 1.

3357 329 3463 386 832

223 425 408 491 semel,
431 424 647 495 quidem
683 414 916 482 Verbum
954 430 1287 497 nominatur,
1317 435 1414 489 sed
1469 433 1638 491 Filius
1679 437 1793 504 Dei,
1833 437 1926 493 sed
1958 439 2286 512 unigenitus.
2327 443 2422 499 sed
2449 440 2563 509 lux,
2626 442 2722 500 sed
2763 443 2898 510 vita,
2953 445 3048 502 sed
3081 447 3280 503 veritas
3314 464 3330 502 :
3364 438 3459 506 sed

221 519 401 572 omnia
431 519 607 587 potius
637 534 797 590 quam
827 521 1082 578 Verbum.

290 615 362 679 η’.
397 609 459 662 El
492 607 548 663 δὲ
578 609 723 680 λέγοι
738 611 909 666 ταῦτα
940 615 1004 666 ἐκ
1036 613 1137 685 τῆς
1162 617 1369 688 Καινῆς
1400 619 1672 693 Διαθὴκης
1703 623 1773 675 εἰ·

1953 620 2007 675 8.
2037 620 2188 688 Quod
2205 622 2248 676 si
2265 621 2354 677 hic
2373 631 2626 692 opponat,
2643 624 2744 680 has
2767 621 2832 680 de
2861 621 3011 678 Novo
3026 623 3369 682 Testamento
3393 633 3452 690 >14

222 696 441 768 ρῆσθαι,
467 697 783 771 λεχθήσεται
807 702 974 774 αὐτῷ,
1005 704 1088 758 ὅτι
1119 706 1215 758 καὶ
1243 707 1326 772 τὸ,
1376 709 1477 763 Ἐν
1493 709 1650 779 ἀρχῇ
1664 707 1791 781 ἦνὸ

217 789 430 858 Λόγος,
457 790 563 843 οὐδ’
593 791 854 864 ἑτέρωθεν
881 789 948 866 ἦν
973 795 1005 865 ἦ
1036 794 1095 860 ἐξ
1126 797 1314 868 αὐτῆς.
1348 801 1442 853 "Ev
1466 800 1575 872 (20)
1608 801 1672 872 δὴ
1698 799 1791 857 οῦν

218 878 314 929 καὶ
341 877 403 930 τὸ
433 878 565 932 αὐτὸ
601 879 948 948 Εὐαγγέλιον,
977 884 1007 934 ό
1039 883 1199 947 αὐτός
1235 902 1294 938 τε
1325 886 1731 958 εὐαγγελιστὴς,
1760 890 1790 942 6

217 969 392 1036 Λόγον
433 970 594 1024 αὐτὸν
622 971 809 1039 εἰπὼν,
843 973 939 1027 καὶ
968 974 1036 1028 τὰ
1068 975 1228 1030 λοιπὰ
1257 979 1432 1032 πάντα
1463 978 1591 1049 περὶ
1624 979 1788 1034 αὐτοῦ

217 1061 614 1203 ἓνεγράψατο.
674 1065 786 1118 Καὶ
842 1065 1052 1130 Παῦλος
1101 1068 1160 1122 δὲ
1212 1072 1240 1124 6
1287 1070 1426 1135 θεῖος
1470 1071 1788 1138 Ἀπόστολος

282 1168 416 1203 γων⁹

282 1168 416 1218 γων⁹

287 1327 351 1381 6'.
388 1328 549 1399 Ἡμῖν
575 1325 662 1397 εἷς
693 1333 836 1400 Θεὸς
857 1337 891 1389 ὀ
913 1336 1136 1406 Πατὴρ,
1156 1337 1225 1403 ἐξ
1249 1334 1320 1395 οὗ
1350 1340 1422 1395 τὰ
1442 1340 1657 1406 πάντα,
1687 1342 1784 1398 καὶ

212 1413 304 1485 εἷς
327 1421 542 1488 Κύριος
575 1423 813 1492 Ἰησοῦς
839 1429 1113 1495 Χριστός,
1141 1429 1215 1483 δι’
1245 1427 1316 1486 οὗ
1348 1432 1422 1486 τὰ
1447 1432 1662 1500 πάντα,
1694 1434 1787 1505 δῆ-

212 1509 306 1575 λός
339 1512 454 1565 ἐστι
490 1514 584 1567 τὸν
617 1516 722 1588 πρὸ
750 1518 849 1589 τῆς
879 1521 1143 1591 ἐνσάρκου
1183 1524 1486 1596 παρουσίας
1534 1526 1661 1579 Υἱὸν
1692 1527 1784 1580 τοῦ

212 1601 375 1666 Θεοῦ,
416 1603 482 1656 δι’
525 1597 587 1658 οὗ
618 1605 687 1660 τὰ
720 1608 896 1663 πάντα
929 1612 1163 1680 ἐγένετο,
1193 1615 1254 1668 οὐ
1286 1615 1456 1685 Λόγον
1485 1617 1783 1688 ὀνομάζων,

212 1693 352 1747 ἀλλὰ
367 1694 570 1767 Κύριον
603 1697 808 1770 Ἰησοῦν
842 1702 933 1754 καὶ
954 1703 1208 1774 Χριστόν.
1241 1704 1378 1758 Ἀλλ’
1404 1706 1516 1777 (21)
1546 1710 1596 1762 εἰ
1643 1708 1784 1762 κατὰ

212 1785 533 1858 Μάρκελλον
557 1783 638 1853 εἷς
663 1793 757 1844 καὶ
785 1795 813 1846 6
837 1794 995 1858 αὐτὸς
1020 1791 1088 1866 ἦν
1118 1798 1147 1849 ὁ
1182 1796 1333 1862 Θεὸς,
1368 1799 1462 1852 καὶ
1489 1800 1518 1852 6
1551 1801 1609 1854 ἐν
1637 1800 1784 1873 αὐτῷ

212 1877 386 1946 Λόγος
407 1879 538 1950 (22),
568 1882 800 1955 ἐπήρκει
827 1885 904 1955 τῷ
932 1887 1238 1959 Ἀποστόλῳ
1266 1890 1428 1958 φάναι
1448 1908 1462 1923 ο
1501 1892 1672 1961 Ἡμῖν
1694 1889 1784 1960 εἷς

214 1967 364 2056 Θεὸς
390 1971 423 2021 ό
452 1969 676 2039 Πατὴρ,
711 1972 780 2037 ἐξ
810 1969 883 2030 οὗ
913 1976 984 2029 τὰ
1016 1975 1228 2031 πάντα.
1261 1979 1482 2052 Πλήρης
1508 1981 1616 2054 γὰρ
1649 1978 1719 2054 ἦν
1750 1985 1785 2056 ἡ
1817 1963 1861 2018 Β

197 2055 439 2123 διάνοια,
476 2061 572 2114 καὶ
602 2065 632 2116 6
667 2063 838 2133 Λόγος
881 2067 1191 2141 αὐτοτελὴς,
1226 2072 1318 2125 τὸν
1360 2072 1492 2126 Θεὸν
1539 2055 1790 2147 είσηγούέ

212 2163 375 2218 μενος
420 2150 646 2223 ποιητὴν
676 2153 784 2209 τῶν
814 2156 969 2212 ὅλων.
1026 2159 1184 2214 Ἀλλὰ
1210 2163 1366 2217 τοῦτο
1393 2165 1488 2218 καὶ
1538 2165 1788 2232 Ἰουδαῖος

209 2238 279 2292 ἄν
310 2255 395 2333 τις
433 2242 596 2333 εἴποι.
649 2246 708 2299 '0
748 2246 804 2300 δὲ
847 2249 1282 2324 τῆςἘκκλησεας
1327 2256 1504 2328 κήρυξ
1537 2260 1673 2330 πρὸς
1706 2261 1786 2333 τῷ

207 2332 464 2405 προτέρῳ
497 2328 587 2388 καὶ
616 2337 675 2390 τὸ
706 2337 954 2412 δεύτερον
991 2344 1065 2417 μὴ
1093 2346 1307 2414 ἀγνοεῖν
1337 2328 1596 2404 διδάσκει,
1632 2352 1698 2407 Τί
1726 2328 1785 2408 δέ

206 2417 281 2493 ἦν
322 2425 510 2494 teuto;
536 2429 648 2483 Kal
693 2425 780 2496 εἷς
825 2434 1040 2503 Κύριος
1082 2437 1319 2506 Ἰησοῦς
1355 2442 1626 2510 Χριστός.
1691 2445 1786 2498 Διὸ

208 2515 532 2586 προστίθησι
569 2519 630 2572 τὸ
679 2519 924 2593 δεύτερον
961 2522 1086 2596 ἑξῆς
1128 2526 1321 2596 λέγων,
1351 2529 1533 2598 ἡμῖν’
1570 2534 1619 2586 εἰ
1650 2533 1782 2606 γὰρ,

206 2606 307 2658 καὶ
338 2606 412 2678 μὴ
435 2608 618 2674 πᾶσιν,
647 2610 954 2685 suum»,
983 2617 1166 2686 φησὶν,
1193 2613 1281 2685 εἷς
1309 2620 1520 2688 Κύριος
1555 2623 1784 2691 Ἰησοῦς

205 2696 485 2763 Χριστός.
533 2699 632 2752 Διὰ
664 2701 715 2754 τί
755 2700 812 2757 δὲ
858 2704 996 2774 μετὰ
1026 2706 1118 2761 τὸν
1154 2707 1263 2762 ἕνα
1301 2709 1450 2764 Θεὸν
1495 2713 1590 2767 καὶ
1628 2708 1783 2780 οὗτος

204 2785 357 2855 ἡμῖν
404 2783 492 2854 εἷς
533 2791 750 2860 Κύριος
789 2796 1136 2868 παρίστησιν,
1170 2799 1459 2871 ἐπιλέγων,
1499 2803 1574 2858 δι’
1604 2801 1677 2862 οὗ
1708 2808 1782 2863 τὰ

203 2875 406 2931 πάντα
424 2895 444 2944 ;
460 2880 671 2953 Ἐπειδὴ
687 2882 792 2956 γὰρ
808 2886 880 2940 τὰ
897 2886 1093 2944 πάντα
1117 2889 1190 2943 δι’
1207 2893 1392 2949 αὐτοῦ
1418 2894 1670 2967 ἐγένετο,
1700 2903 1779 2956 εὶ-

205 2967 386 3060 κότως
423 2972 573 3042 ἡμῖν,
619 2977 732 3040 τοῖς
766 2975 910 3031 τοῦτ’
942 2980 1345 3052 ἐπισταμένοις,
1389 2987 1596 3060 Κύριος
1639 2987 1779 3047 εἷναι

201 3056 317 3110 τῶν
344 3057 479 3114 ὅλων
525 3063 664 3133 μετά
696 3065 788 3121 τὸν
835 3067 930 3121 ἐπὶ⁵
968 3070 1184 3127 πάντων
1224 3074 1356 3130 Θεὸν
1401 3056 1776 3141 πεπίστευται.

205 3150 334 3203 Ὀτι
369 3151 425 3204 δὲ
451 3155 512 3208 οὺ
542 3157 669 3227 περὶ
694 3157 795 3227 τῆς
826 3160 1027 3230 σαρκὸς
1060 3162 1212 3217 ταῦτ’
1247 3166 1358 3238 (25)
1403 3168 1612 3240 ἔλεγεν,
1639 3174 1776 3232 ἀλλὰ

201 3243 336 3338 περὶ
366 3244 625 3338 ΞοῦᾼΘεοῦ
653 3249 848 3319 Λόγου,
883 3251 1039 3323 δῆλός
1069 3255 1217 3310 ἐστιν
1245 3260 1309 3312 ἐκ
1335 3260 1431 3314 τοῦ
1468 3264 1770 3338 ἐπιφέρειν,

198 3333 281 3387 δι’
421 3335 493 3390 τὰ
534 3339 748 3395 πάντα.
776 3373 847 3381 -
873 3343 1043 3414 Ἡμῖν
1081 3345 1213 3416 γὰρ,
1247 3351 1432 3420 φησὶν,
1459 3348 1549 3422 εἷς

198 3424 428 3495 Πατὴρ,
475 3428 544 3493 ἐξ
577 3426 648 3486 οὗ
675 3431 747 3486 τὰ
783 3432 1000 3503 πάντα,
1042 3439 1140 3492 καὶ
1171 3434 1258 3506 εις
1284 3442 1495 3512 Κύριος
1547 3424 1772 3516 Ἰησοῦς

197 3518 475 3612 Χριστὸς,
513 3520 585 3574 δι’
623 3519 696 3578 οὗ
727 3524 800 3579 τὰ
827 3525 1046 3583 πάντα.
1075 3531 1142 3584 '0
1167 3532 1230 3604 δὴ
1255 3532 1365 3605 (24)
1393 3537 1488 3590 καὶ
1518 3541 1647 3612 περὶ
1677 3542 1771 3596 τοῦ

198 3609 400 3704 ιρωτρς,
435 3614 548 3704 erat
565 3615 692 3686 περὶ
727 3617 821 3671 τοῦ
854 3621 1131 3692 περιόντος
1171 3625 1342 3694 Λόγου
1386 3627 1497 3701 (25)
1536 3609 1767 3704 εἴρηται.

197 3701 373 3793 Αὐτὸς
403 3696 496 3756 οὖν
519 3700 588 3776 ἦν
626 3707 833 3777 Ἰησοῦς
863 3709 1094 3783 Χριστὸς
1134 3715 1195 3768 τὸ
1239 3716 1353 3786 φῶς
1377 3696 1486 3774 ιιιιὶ⁷
1518 3724 1547 3776 6
1576 3696 1765 3793 Λόγος,

193 3793 270 3846 δι’
306 3785 367 3845 οὗ
395 3795 462 3886 φά
487 3796 663 3851 πάντα
689 3799 930 3869 γέγονεν,
960 3803 1076 3857 ἀλλ’
1103 3807 1202 3879 οὐχ
1228 3785 1262 3878 ἡ
1291 3809 1445 3881 σάρξ.
1473 3813 1547 3866 Οὐ
1573 3785 1680 3886 γὰρ
1702 3785 1769 3872 ἐν

195 3885 330 3955 περ)⁸
360 3885 462 3956 τῆς
502 3890 701 3959 σαρκὸς
730 3892 1112 3967 άσυναρτήτως
1150 3898 1262 3970 (26)
1301 3901 1473 3968 οὕτως
1506 3885 1661 3960 εἶπεν
1700 3909 1767 3965 ἂν

196 3977 372 4043 τὸ,δι’
406 3975 477 4036 οὗ
511 3979 582 4035 τὰ
607 3981 822 4040 πάντα.

268 4066 390 4124 υἷδέ
440 4071 498 4124 δὲ
544 4074 641 4128 τὸν
676 4075 776 4147 τῆς
810 4079 1012 4149 σαρκὸς
1052 4086 1472 4158 προῦπάρχοντα
1502 4089 1596 4144 τοῦ
1628 4091 1763 4146 Θεοῦ

191 4159 328 4212 Υἱδν
368 4161 598 4232 Χριστὸν
637 4165 920 4236 ὀνομάζειν
962 4171 990 4223 ό
1035 4173 1197 4237 αὐτὸς
1242 4176 1470 4243 Παῦλος,
1520 4182 1660 4236 κατὰ
1700 4184 1764 4237 τὸ

182 4251 349 4347 ἀξιτδ,
372 4253 602 4323 Πέτραν
627 4257 790 4311 αὐτὸν
837 4260 1145 4330 ἀποκαλῶν,
1178 4267 1246 4320 δι’
1291 4262 1365 4323 ὧν
1397 4272 1597 4342 γράφει
1635 4277 1763 4347 περὶ

187 4341 303 4396 τῶν
330 4345 387 4396 ἐν
407 4347 472 4417 τῇ
498 4347 689 4418 ἐρήμῳ
712 4349 1200 4424 συνδιατριψάντων
1210 4359 1288 4430 τῷ
1302 4341 1539 4426 Μωῦσεῖ,
1564 4341 1758 4434 λέγων,

190 4436 452 4489 Ἔπινον
478 4436 588 4506 γὰρ
605 4439 672 4492 ἐκ
703 4443 1104 4514 πνευματικῆς
1143 4449 1600 4524 ἀκολουθούσης
1651 4459 1757 4512 πέ-

186 4542 355 4593 τρας,
392 4527 431 4593 ἡ
464 4527 533 4581 δὲ
553 4528 736 4599 πέτρα
759 4529 838 4603 ἦν
870 4538 904 4588 ὁ
933 4538 1203 4606 Χριστός.
1235 4543 1345 4596 Καὶ
1370 4546 1758 4618 ἐπισφραγίζε-

1889 717 2201 783 desumptas
2227 726 2348 768 esse
2396 714 2854 781 nomenclaturas,
2904 715 3193 771 dicendum
3240 717 3318 771 illi
3353 729 3457 782 est,

1889 805 2034 876 quod
2071 815 2126 860 et
2150 803 2280 859 illud
2311 805 2700 869 testimonium,
2761 799 2830 860 In
2864 807 3125 876 principio
3169 818 3283 861 erat
3328 799 3461 862 Ver-

1889 895 2007 948 bum
2032 894 2097 960 ",
2132 909 2237 950 non
2267 903 2352 950 est
2381 895 2714 964 desumptutn
2741 895 2974 963 aliunde,
3003 905 3064 951 ut
3095 912 3264 952 unum
3296 905 3459 967 atque

1888 987 2028 1042 idem
2055 986 2420 1058 Evangelium,
2448 996 2609 1056 atque
2627 988 2854 1056 ipsemet
2873 989 3222 1060 evangelista,
3244 991 3335 1060 qui
3363 1005 3460 1045 no-

1887 1076 2114 1132 minavit
2144 1076 2312 1139 illum.
2344 1077 2604 1143 Verbum,
2641 1078 2730 1132 illa
2769 1073 2962 1134 cmtéra
3006 1079 3073 1134 de
3102 1079 3290 1135 eodem
3317 1080 3456 1136 scri-

1887 1166 1993 1237 ptis
2037 1165 2393 1222 mandaverit.
2443 1166 2548 1224 Sed
2579 1176 2635 1222 et
2681 1168 2894 1224 divinus
2943 1169 3230 1240 Apostolus
3258 1169 3456 1226 Paulus

1886 1257 2042 1320 dixit,

1955 1349 2010 1404 9.
2040 1347 2185 1404 Unus
2225 1349 2366 1405 Deus
2413 1350 2586 1405 'Pater
2619 1367 2646 1406 ο
2687 1367 2790 1422 quo
2842 1361 2962 1407 sunt
2991 1353 3187 1420 omnia,
3233 1364 3284 1409 et
3318 1370 3456 1409 unus

1885 1441 2139 1496 Dominus
2170 1440 2327 1496 Iesus
2360 1440 2623 1509 Christus,
2679 1461 2771 1514 per
2805 1459 2959 1515 quem
3016 1452 3138 1499 sunt
3176 1445 3352 1499 omnia
3377 1447 3458 1513 “;

1885 1532 2020 1587 satis
2042 1535 2208 1595 clare,
2242 1529 2338 1586 Dei
2366 1530 2586 1599 Filium,
2609 1547 2704 1602 per
2734 1547 2892 1604 quem
2920 1534 3102 1589 omnia
3129 1533 3272 1590 facta
3301 1545 3430 1590 sunt

1884 1624 2046 1680 etiam
2095 1630 2222 1678 ante
2276 1622 2448 1692 ipsius
2501 1623 2554 1678 in
2587 1638 2756 1680 carne
2807 1625 3124 1688 adVentum,
3156 1640 3263 1682 non
3299 1640 3433 1682 voca

1883 1713 2140 1781 Verbum,
2165 1714 2258 1770 sed
2287 1714 2573 1770 Dominttm
2625 1715 2804 1771 Jesum
2833 1715 3128 1772 Christum.
3184 1716 3340 1785 Quod
3384 1719 3452 1784 si,

1883 1804 2335 1875 quemadmodum
2371 1803 2624 1860 Marcello
2653 1805 2850 1874 placet,
2886 1806 3030 1862 idem
3056 1817 3178 1862 erat
3201 1817 3257 1864 et
3283 1807 3448 1874 Deus,

1884 1907 1938 1951 et
1957 1895 2010 1950 in
2041 1896 2153 1951 Deo
2175 1895 2436 1962 Verbum,
2460 1895 2763 1954 suffecisset
2789 1897 3046 1968 Apostolo
3065 1897 3195 1954 illud
3227 1898 3451 1963 dixisse,

1891 1987 2057 2043 Nobis
2095 2005 2231 2043 unus
2261 1987 2400 2046 Deus
2433 1987 2617 2055 Pater,
2650 2005 2678 2043 e
2727 2005 2829 2060 quo
2856 1999 2978 2045 sunt
3015 1992 3210 2046 omnia.
3248 1990 3454 2047 Sensus

1885 2081 2085 2135 etenim
2131 2080 2298 2160 plene.
2330 2079 2614 2137 constabat
2658 2099 2673 2134 :
2707 2089 2762 2136 et
2809 2095 2988 2137 sermo
3015 2080 3285 2152 perlectus
3312 2093 3448 2160 erat,

1885 2186 1993 2242 quo
2015 2172 2157 2228 Deus
2186 2158 2423 2230 universi
2466 2173 2716 2230 conditor
2743 2172 3064 2243 ponebatur.
3108 2171 3214 2230 Sed
3253 2158 3452 2230 vellu-

1885 2265 2034 2322 dams
2062 2267 2138 2320 ita
2169 2263 2481 2321 aﬂirmarct.
2518 2263 2772 2320 Ecclesiae
2821 2279 2951 2337 ergo
2985 2279 3184 2336 praeco,
3230 2265 3296 2320 ad
3319 2265 3450 2322 illud

1883 2356 2055 2427 prius,
2078 2356 2181 2412 hoc
2210 2357 2444 2426 positum
2467 2356 2540 2410 -in
2571 2355 2824 2411 secundis
2845 2370 2944 2412 nos
2975 2356 3148 2412 noluit
3175 2357 3446 2427 ignorare.

1885 2449 2162 2514 Quodnam
2203 2465 2334 2504 vero
2363 2448 2534 2505 illud?
2561 2447 2633 2503 Et
2661 2463 2799 2503 unus
2821 2448 3082 2503 Dominus
3107 2449 3264 2504 Jesus
3296 2447 3450 2505 Chri-

1882 2551 2014 2597 stus.
2053 2540 2346 2609 Quocirca,
2378 2541 2433 2596 in
2458 2541 2712 2596 secundis
2757 2541 2940 2611 posuit
2982 2540 3139 2606 illttd,
3166 2541 3316 2596 nobis
3345 2543 3450 2597 lio'c

1881 2648 2068 2703 sensu,
2112 2643 2204 2700 ut,‘
2245 2649 2351 2691 non
2403 2635 2475 2690 sit
2499 2633 2786 2702 omnibus,
2824 2643 2882 2689 at
2931 2635 3080 2689 nobis
3126 2643 3308 2690 tamen
3338 2643 3444 2701 est,

1883 2742 2018 2781 unus
2057 2725 2313 2781 Dominus
2343 2725 2500 2781 Jesus
2532 2725 2797 2782 Christus.
2826 2725 3094 2792 Quorsum
3125 2739 3258 2782 vero
3295 2736 3446 2796 post-

1881 2832 2040 2886 quam
2071 2816 2332 2882 edixerat,
2376 2803 2513 2872 un°us
2539 2815 2704 2885 Deus,
2739 2824 2794 2873 et
2829 2832 2992 2872 unum
3027 2831 3239 2887 quoque
3259 2815 3446 2870 Domi-

1880 2924 2004 2963 num
2035 2905 2232 2977 adjecit
2275 2907 2416 2963 idem
2460 2907 2749 2978 inquiens,
2775 2925 2868 2978 per
2890 2923 3043 2978 quem
3075 2918 3196 2962 sunt
3231 2908 3444 2963 omnia?

1878 2999 2035 3056 Certe
2061 2999 2184 3068 quia
2209 3014 2301 3069 per
2321 2998 2471 3052 illum
2496 2999 2674 3052 omnia
2719 2998 2864 3068 facta
2889 2998 3121 3070 fuerant,
3151 3012 3259 3055 non
3299 2997 3442 3067 inju-

1879 3091 1980 3157 ria,
2016 3099 2135 3161 post
2160 3089 2327 3162 Deum
2363 3089 2510 3144 illum
2534 3089 2931 3154 universorum,
2968 3103 2999 3143 a
3020 3088 3197 3156 nobis,
3222 3087 3314 3158 qui
3339 3086 3443 3143 hoc

1874 3181 2042 3252 probe
2062 3179 2387 3245 noverimus,
2419 3179 2680 3236 Dominus
2705 3180 3078 3236 universorum
3099 3186 3440 3251 agnosceutr.

1875 3271 2112 3328 Constat.
2143 3286 2275 3328 vero
2312 3271 2448 3338 haec,
2483 3287 2586 3328 non
2615 3273 2680 3328 de
2718 3287 2881 3328 carne
2910 3272 3111 3329 dixisse
3150 3272 3320 3336 illum,
3343 3274 3440 3328 sed

1873 3365 1942 3418 de
1972 3364 2067 3420 Dei
2107 3364 2292 3430 verbo,
2319 3375 2604 3435 propterea
2635 3365 2776 3434 quod
2809 3363 3128 3428 subinferat,
3166 3379 3259 3434 per
3285 3378 3441 3436 quem

1872 3465 1993 3510 sunt
2023 3455 2218 3509 omnia.
2252 3483 2322 3495 —-
2353 3453 2546 3521 Nobis,
2583 3455 2852 3525 inquiens,
2905 3454 3213 3511 unusDeus
3254 3453 3435 3521 Pater,

1870 3563 1898 3602 e
1923 3562 2026 3612 quo
2059 3554 2182 3600 sunt
2208 3547 2403 3612 omnia,
2438 3556 2485 3600 et
2517 3561 2651 3600 unus
2692 3545 2948 3601 Dominus
2985 3545 3146 3601 Iesus.
3171 3547 3435 3612 Christus,

1867 3653 1960 3705 per
1983 3651 2134 3709 quem
2184 3647 2305 3692 sunt
2351 3638 2548 3693 omnia.
2579 3637 2734 3704 Quod
2776 3639 2952 3706 ipsum
3003 3639 3068 3693 de
3103 3637 3243 3703 luce,
3288 3648 3343 3692 et
3371 3639 3436 3691 de

1867 3729 2052 3796 verbo,
2087 3730 2228 3800 quod
2252 3730 2536 3798 circumit,
2555 3731 2736 3786 omnia
2775 3731 2979 3786 dictum
3009 3741 3112 3788 cst.
3157 3731 3288 3786 Erat
3313 3731 3435 3786 ideo

1867 3822 1979 3892 ipse
2001 3819 2158 3878 Jesus
2185 3821 2432 3878 Christus
2472 3821 2584 3889 lux,
2625 3831 2681 3877 et
2709 3821 2967 3890 Verbum,
2991 3837 3088 3892 per
3107 3836 3270 3893 quem
3306 3833 3434 3878 sunt

1864 3912 2064 3980 omnia,
2101 3927 2208 3969 non
2233 3922 2410 3968 autem
2441 3928 2586 3968 caro.
2612 3911 2796 3984 Neque
2816 3913 2958 3971 enim
2981 3914 3054 3969 ita
3082 3914 3432 3971 indistinctim

1865 4006 1930 4059 de
1987 4019 2152 4060 carne
2197 4006 2423 4072 diceret,
2479 4021 2571 4077 per
2597 4021 2750 4076 quem
2777 4015 2896 4062 sunt
2927 4007 3124 4061 omnia.

1935 4091 2041 4150 Sed
2062 4108 2163 4151 nec
2183 4094 2278 4151 Dei
2290 4094 2484 4150 Filium
2510 4104 2638 4150 ante
2663 4109 2883 4150 carnem
2905 4096 3258 4152 exsistentem
3273 4094 3430 4152 Chri-

1863 4192 2003 4240 stum
2019 4186 2354 4242 nominasset
2379 4186 2518 4242 idem
2541 4186 2758 4255 Paulus,
2804 4187 2870 4241 ad
2909 4188 3157 4242 eumdem
3188 4189 3426 4252 modum,

1862 4277 1950 4332 tibi
1977 4291 2097 4332 eum
2114 4277 2346 4348 appellat
2361 4288 2562 4348 petram
2590 4280 2642 4332 in
2670 4281 2859 4335 eodem
2875 4280 3014 4342 loco,
3053 4279 3120 4334 de
3136 4279 3332 4350 populo
3359 4281 3430 4335 lo-

1859 4383 2030 4439 quens
2047 4370 2135 4438 qui
2153 4384 2274 4424 cum
2291 4368 2472 4441 Moyse
2487 4372 2540 4425 in
2557 4371 2771 4427 deserto
2782 4371 3157 4428 versabantur.
3173 4369 3426 4424 Bibebant

1858 4460 1922 4514 de
1937 4461 2205 4530 spirituati
2234 4464 2466 4530 sequenti
2493 4479 2580 4518 eos
2606 4474 2753 4530 petra
2773 4479 2793 4528 ;
2815 4474 2962 4533 petra
2994 4475 3168 4518 autem
3191 4464 3285 4518 illa
3312 4475 3426 4518 erat

1858 4551 2096 4607 Christus
2121 4553 2184 4607 ".
2228 4552 2380 4622 Quod
2424 4555 2596 4625 ipsum
2643 4557 2927 4627 consignat
2962 4556 3102 4612 idem
3127 4556 3307 4612 Statim
3336 4555 3423 4607 in-

185 4636 282 4671 ται
308 4619 545 4716 ἰο-αὐτο,
591 4623 708 4716 μεθ’
743 4625 904 4697 ἔτερα
945 4628 1190 4698 φάσκωνο
1217 4635 1385 4702 Μηδὲ
1416 4638 1760 4708 ἐκπειράζω-

1877 4647 2074 4716 ιιιὶειιε,
2124 4619 2550 4702 Necvtentemus-
2575 4653 2633 4711 ὦ
2678 4619 2945 4702 Christum
2980 4656 3034 4700 ut
3073 4646 3312 4700 nonnulli
3345 4660 3426 4699 eo-

177 4726 301 4778 μεν
323 4711 428 4764 τὸν
452 4714 727 4781 Χριστὸν,
762 4718 952 4786 καθώς
981 4737 1139 4788 τινες
1174 4724 1370 4781 αὐτῶν
1399 4729 1756 4800 ἐπείρασαν,

182 4801 289 4892 καὶ
324 4803 442 4857 ὑπὸ
479 4803 596 4859 τῶν
646 4807 839 4876 ὄφεων
885 4811 1217 4873 ἀπώλοντο.
1269 4819 1380 4872 Καὶ
1423 4819 1504 4873 ἔτι
1550 4823 1747 4892 μᾶλλον

178 4891 330 4984 τοῦτ’
361 4893 488 4947 αὐτὸ
519 4895 725 4984 βεϐαιοῖ
750 4898 938 4968 λέγων’
964 4903 1168 4959 Πίστει
1190 4891 1646 4981 Μωῢσῆςμέγας
1657 4933 1749 4984 γε·-

178 4982 457 5048 νόμενος,
497 4983 804 5051 ἠρνήσατο
835 4989 1112 5059 λέγεσθαι
1143 4995 1276 5062 υἱὸς
1311 5001 1601 5069 θυγατρὸς
1631 4982 1745 5058 φα-

169 5069 322 5138 ραώ·
350 5072 588 5141 μείζονα
611 5078 878 5133 πλοῦτον
903 5081 1282 5154 ἡγησάμενος
1301 5089 1420 5144 τῶν
1442 5095 1743 5164 Αἰγύπτου

175 5164 500 5232 θησαυρῶν
528 5167 634 5222 τὸν
657 5169 996 5242 ὀνειδισμὸν
1029 5178 1136 5233 τοῦ
1169 5182 1443 5250 Χριστοῦ.
1488 5188 1741 5259 Ἐναργέ-

253 5307 314 5364 is
341 5303 436 5358 Ed.
469 5304 640 5362 Paris.

681 5323 801 5378 pag.
832 5310 1010 5374 93,94.

252 5373 294 5402 ¹¹
323 5372 477 5428 Joan.
506 5391 544 5440 ι,
582 5378 632 5430 1.

247 5533 361 5607 (eo)
384 5534 555 5607 Vulgo
575 5539 653 5594 δέ.

251 5605 364 5676 (21)
389 5605 557 5676 Vulgo
580 5625 689 5664 om.
725 5613 858 5668 ἀλλ’.

392 5674 561 5756 ιυριο
593 5681 825 5756 bona

252 5743 362 5814 (23)
392 5743 558 5816 Vulgo
586 5743 748 5805 1:069".

712 5379 788 5433 “l
811 5380 933 5438 Cor.
961 5401 1076 5451 VIII,
1109 5385 1159 5440 6.
1240 5387 1282 5419 ¹³
1309 5386 1327 5442 l
1362 5386 1486 5445 Cor.
1518 5407 1571 5458 Χ,
1601 5393 1653 5447 ι.
1733 5394 1777 5428 ³⁸
1808 5395 1935 5452 ibid.
1961 5399 2014 5453 9.

1855 4755 1970 4791 rum
1997 4748 2324 4793 tentauerunt
2364 4749 2413 4794 et
2448 4757 2480 4793 a
2513 4739 2832 4809 serpentibus
2863 4739 3020 4792 occisi
3052 4748 3170 4793 sunt
3200 4737 3264 4794 ".
3309 4736 3415 4793 Sed

1853 4829 2139 4885 confirmat
2182 4831 2309 4887 illud
2360 4834 2531 4901 ipsum
2594 4832 2684 4886 ubi
2735 4832 2828 4895 ait,
2876 4830 2982 4885 Per
3023 4831 3183 4900 ﬁdem
3214 4830 3421 4900 Moyses

1851 4921 2105 4989 grandior
2140 4922 2333 4990 factus,
2376 4923 2580 4991 negavit
2607 4939 2661 4977 se
2692 4939 2801 4977 esse
2821 4923 2991 4990 ﬁlium
3023 4921 3150 4990 ﬁlia:
3175 4919 3421 4976 Pharao-

1852 5013 1952 5066 nis.
2005 5011 2236 5082 Majores
2271 5015 2481 5067 divitias
2525 5015 2792 5068 azstimans
2835 5015 3094 5069 thesauris
3127 5012 3416 5085 Egyptia-

1851 5119 1963 5155 rum
1996 5103 2364 5172 improperium
2402 5105 2599 5159 Christi
2623 5105 2686 5161 ".
2731 5104 2838 5161 Sed
2860 5116 2915 5161 et
2938 5105 3078 5160 idem
3110 5105 3280 5176 ipsum
3311 5104 3413 5159 ad-

1849 5191 1954 5248 huc
1981 5194 2247 5250 eﬂicacius
2302 5196 2539 5251 insinuat
2569 5195 2659 5252 ubi
2699 5197 2812 5254 ait:
2855 5196 2964 5253 Hoc
2989 5199 3126 5254 idem
3151 5201 3416 5256 sentiatur

2097 5402 2140 5432 “'
2161 5401 2323 5460 Hebr.
2363 5419 2438 5466 ιιι,
2457 5404 2549 5469 24»,
2580 5403 2669 5460 26.

1914 5560 2028 5695 (24)
2061 5561 2232 5634 Vulgo
2256 5565 2284 5617 ὃ
2305 5566 2381 5618 δέ.

1915 5631 2002 5695 (25
2053 5635 2368 5695 Περιόντος

2053 5631 2368 5711 μεριόντος
2391 5638 2596 5711 λόγου.
2629 5638 2791 5697 Forte
2821 5638 3098 5711 προόντος.
3130 5635 3205 5696 ὶί.

1914 5701 2027 5772 (26)
2054 5701 2219 5775 Vulgo
2251 5701 2633 5778 ἁσπαρτῆτως.
