3838 6222
224 327 330 383 883

1160 339 1247 394 DE
1288 341 1821 399 ECCLESIASTICA
1860 344 2248 402 'l‘HEOLOGlA
2282 344 2410 404 [ΑΒ.
2451 343 2492 402 Ι.

3350 349 3455 406 886

227 444 433 511 μάζων.
472 447 675 516 μεταξὺ
716 448 807 501 τὸν
847 450 1069 523 μεσίτην
1115 455 1344 523 εἰσάγει,
1389 456 1580 526 λέγων·
1632 460 1694 512 '0
1729 458 1775 512 δέ

1898 475 2042 525 rem,
2075 460 2162 516 ubi
2202 460 2295 524 ait,
2326 459 2430 514 Sed
2461 461 2718 516 mediator
2740 461 2894 515 unius
2935 478 3036 516 non
3063 470 3158 516 est.
3190 461 3455 517 Eratideo

215 536 472 602 μεσίτης
495 537 633 603 ἐνὸς
653 541 762 592 οὐκ
790 541 980 594 ἐστιν.
1010 538 1117 595 Ἦν
1142 545 1250 618 ἄρα
1271 547 1366 600 καὶ
1387 548 1493 619 πρὸ
1515 550 1611 620 τῆς
1641 552 1791 604 ἐναν-

223 625 558 697 Θρωπήσεως
601 632 742 683 κατὰ
767 632 888 697 τοὺς
917 635 1190 700 Μωῦσέως
1225 638 1446 708 χρόνους
1496 643 1791 711 μεσιτεύων

220 718 290 788 τῇ
315 717 623 790 νομοθεσίᾳ.

294 805 379 874 ιβ’.
421 808 532 862 Καὶ
571 809 830 882 ἀρχιερέα
879 814 934 868 δὲ
982 816 1144 870 αὐτὸν
1183 819 1215 870 ὁ
1257 819 1420 884 αὐτὸς
1479 821 1790 889 ’Δπόστολος

225 898 490 952 ἀποκαλεῖ
515 900 993 974 λέγων’Ἔχοντες
1012 904 1124 963 οὖν
1142 911 1414 980 ἀρχιερέα
1435 912 1644 982 μέγαν,
1671 915 1788 970 διε-

221 992 530 1056 ληλυθότα
559 994 699 1062 τοὺς
726 998 1039 1066 οὐρανοὺς,
1094 1001 1334 1070 Ἰησοῦν
1365 1003 1470 1058 τὸν
1520 1007 1656 1065 Υὶὸν
1685 1007 1790 1062 τοῦ

223 1081 393 1134 Θεοῦ.

294 1180 383 1241 ιγ’.
425 1177 499 1229 Οὐ
546 1177 652 1248 μὴν
700 1181 835 1236 ἀλλὰ
892 1185 985 1238 καὶ
1029 1187 1394 1257 ἀπαύγασμα
1437 1189 1548 1259 τῆς
1581 1191 1783 1260 δόξης,

219 1265 316 1317 καὶ
345 1269 691 1340 χαρακτῆρα
719 1275 824 1329 τοῦ
855 1278 1004 1333 Θεοῦ
1038 1281 1132 1334 καὶ
1167 1281 1320 1346 Flor,
1350 1283 1445 1338 καὶ
1493 1288 1784 1352 κληρονό-

208 1373 349 1422 μον,
371 1356 462 1410 τὸν
494 1360 652 1413 αὐτὸν
678 1358 805 1426 οἶδε,
838 1364 1029 1434 λέγων,
1064 1366 1174 1422 Επ⁹
1199 1369 1473 1440 ἐσχάτων
1507 1371 1624 1426 τῶν
1649 1374 1787 1443 ἠμε-

209 1444 340 1513 ρῶν
358 1450 580 1503 τούτων
594 1452 902 1522 ἐλάλησεν
923 1458 1069 1527 ἡμῖν
1085 1461 1157 1513 ἐν
1189 1460 1321 1527 Υὶῷ,
1349 1461 1424 1516 ὃν
1439 1464 1616 1532 ἔθηκε
1641 1470 1785 1534 κλη-

207 1538 475 1605 ρονόμον
489 1539 751 1610 πάντων,
777 1544 851 1599 δι’
881 1544 952 1603 οὗ
978 1551 1075 1603 καὶ
1100 1550 1350 1620 ἐποίησε
1379 1552 1519 1622 τοὺς
1544 1555 1781 1623 αἰῶνας,

215 1624 284 1718 (ξς
317 1625 402 1679 ὢν
436 1629 800 1718 άπαὺγασμα
828 1635 936 1705 τῆς
975 1638 1161 1712 δόξης
1193 1643 1293 1698 καὶ
1337 1645 1637 1718 χαρακτὴρ
1675 1647 1784 1715 τῆς

216 1714 609 1786 ὑποστάσεως
639 1725 844 1780 αὐτοῦ.
878 1729 987 1782 Καὶ
1034 1731 1264 1787 ἐνταῦθα
1303 1733 1490 1809 ὥσπερ
1530 1714 1783 1810 ἀνωτέρω

1899 559 2024 604 ante
2047 552 2471 606 incarnationem
2490 566 2640 606 suam
2677 566 2772 618 per
2791 563 3002 606 aetatem
3031 551 3228 622 Moysis
3255 554 3454 608 media-

1898 643 2031 697 toris
2057 641 2271 697 functus
2302 657 2524 700 munere
2557 643 2610 697 in
2639 642 2861 702 ferendo
2887 641 3083 712 legem.
3115 713 3118 715 Α

1967 817 2054 871 12.
2084 816 2189 876 Sed
2220 826 2274 871 et
2303 817 2608 886 pontiﬁcem
2643 828 2803 877 vocat
2839 821 3086 878 eumdem
3137 821 3276 876 idem
3309 821 3452 890 Apo-

1893 909 2086 964 stolus.
2152 907 2419 966 Habentes
2474 911 2632 982 igitur
2679 912 2970 980 pontiﬁcem
3028 928 3307 983 magnum,
3361 917 3450 983 qui

1894 1001 2046 1056 catos
2067 1003 2374 1072 penetravit,
2406 1000 2590 1058 Iesum
2622 1000 2820 1062 Filium
2848 1003 2944 1064 Dei
2974 1004 3034 1058 ³³.

1963 1180 2051 1237 15.
2086 1179 2311 1252 Insuper
2361 1180 2690 1250 splendorem
2741 1182 2956 1254 gloriae,
2999 1192 3056 1238 et
3097 1183 3450 1240 characterem

1893 1265 1991 1320 Dei
2019 1275 2073 1321 et
2096 1265 2318 1334 Filium,
2377 1275 2430 1322 et
2463 1267 2721 1322 heredem
2763 1272 3016 1330 eumdem
3045 1280 3222 1338 vocat,
3267 1271 3334 1326 In
3365 1290 3450 1326 no-

1889 1358 2110 1413 vissimis
2139 1358 2275 1414 hisee
2303 1359 2482 1419 diebus
2512 1359 2718 1416 locutus
2740 1373 2816 1416 est
2845 1365 2993 1417 nobis
3044 1366 3100 1418 in
3147 1363 3289 1419 Filio
3330 1382 3448 1431 suo,

1888 1463 2040 1517 quem
2084 1447 2353 1504 constituit
2401 1449 2661 1504 haeredem
2707 1452 2938 1508 omnium
2967 1468 2986 1506 :
3015 1469 3108 1523 per
3130 1470 3282 1524 quem
3327 1454 3449 1526 fecit

1889 1549 1936 1593 et
1961 1539 2201 1605 sweula;
2230 1539 2323 1612 qui
2355 1556 2476 1594 eum
2511 1551 2641 1599 esset
2679 1543 2924 1612 splendor
2949 1545 3156 1616 gloria,
3187 1555 3235 1601 et
3255 1547 3447 1600 chara-

1888 1638 1999 1683 cter
2019 1631 2328 1686 substantia
2351 1631 2466 1702 ejus
2490 1632 2556 1686 ".
2594 1631 2694 1689 Hic
2727 1633 2804 1689 uti
2841 1643 2898 1689 et
2945 1635 3196 1708 superius
3243 1637 3447 1692 dictum

1885 1729 1976 1776 est
2003 1721 2068 1776 de
2100 1720 2300 1790 Verbo,
2335 1722 2479 1793 quod
2504 1724 2683 1777 omnia
2709 1738 2803 1798 per
2826 1725 3000 1798 ipsum
3024 1724 3164 1782 iacta
3195 1727 3324 1782 sint.
3358 1724 3449 1799 [Et

222 1805 442 1875 ἐλέγετο
475 1813 604 1883 περὶ
644 1814 739 1868 τοῦ
783 1817 982 1887 Λόγου,
1025 1823 1086 1876 τὸ
1117 1824 1252 1895 (55),
1282 1805 1468 1881 πάντα.
1509 1827 1576 1882 δι’
1624 1805 1775 1883 αὐτοί

1888 1812 1955 1869 de
1983 1813 2104 1871 luce
2143 1827 2260 1884 quae
2288 1813 2343 1869 in
2382 1815 2582 1871 mundo
2624 1817 2728 1872 fuit
2763 1831 2780 1871 :
2809 1825 2868 1873 et
2892 1820 3122 1878 mundus
3153 1834 3249 1890 per
3277 1820 3448 1890 ipsam

223 1896 439 1992 ἐγένετο
455 1899 587 1973 (36),
621 1906 714 1960 καὶ
741 1910 982 1978 περὶτοῦ
1016 1915 1191 1981 φωτὸς
1205 1916 1288 1983 τὸ,
1314 1919 1373 1972 ὲν
1399 1918 1477 1990 τῷ
1505 1920 1694 1991 κόσμῳ
1718 1918 1786 1992 ἦν

212 1989 308 2086 καὶ
358 1992 387 2046 ό
426 1994 636 2086 κόσμος
676 1999 744 2052 δι’
788 2002 952 2060 αὐτοῦ
995 2007 1233 2074 ἐγένετο,
1264 2010 1357 2064 καὶ
1417 2013 1545 2085 περὶ
1612 1989 1784 2086 Ἰησοῦ

209 2080 472 2174 Χριστοῦ,
500 2087 582 2148 τὸ.
627 2089 796 2160 Ἡμῖν
820 2089 910 2161 εἷς
927 2097 1143 2165 Κύριος
1157 2101 1388 2170 Ἰησοῦς
1411 2080 1685 2174 Χριστὸς,
1711 2106 1785 2160 δι’

205 2168 282 2228 οὗ
313 2175 384 2228 τὰ
407 2176 622 2240 πάντα,
655 2181 753 2238 θέα
775 2223 788 2244 ,
813 2185 960 2250 ὅπως
989 2191 1117 2260 περὶ
1142 2168 1234 2246 τοῦ
1279 2168 1677 2266 αὐτοῦνόμοιωξ
1707 2199 1784 2252 εἴ-

209 2282 373 2358 ρηται
411 2268 491 2358 τὸ,
544 2269 618 2325 δι’
665 2268 739 2329 οὗ
768 2275 880 2347 (57)
924 2279 1024 2334 καὶ
1066 2282 1318 2352 ἐποίησε
1352 2286 1494 2353 τοὺς
1542 2288 1780 2358 αἰῶνας.

221 2356 543 2428 Ἐπιστῆσαι
575 2360 633 2418 δὲ
670 2361 780 2436 (58)
812 2367 906 2422 τὸν
943 2369 1067 2424 νοῦν
1095 2372 1154 2426 ἐν
1185 2373 1392 2440 τούτοις
1419 2376 1587 2448 ἄξιον,
1633 2356 1783 2446 ὅπως

205 2448 522 2520 ὠνόμασται
554 2451 911 2532 ἀπαύγασμα.
961 2455 1129 2533 Οἶμαι
1165 2465 1272 2536 γὰρ
1298 2467 1396 2540 τῆς
1436 2471 1501 2524 ἐκ
1532 2470 1625 2525 τοῦ
1671 2474 1784 2529 Πα-

204 2541 338 2611 τρὸς
366 2541 462 2596 τοῦ
495 2544 626 2598 Υἱοῦ
652 2550 956 2621 γεννήσεως
983 2559 1384 2627 παραστατικὸν
1410 2557 1548 2618 εἶναι
1576 2565 1668 2620 τὸν
1694 2567 1782 2620 λόο

205 2647 323 2696 γον.
390 2633 659 2700 Πολλάκις
718 2638 829 2711 γάρ
881 2643 1271 2718 ὼνομασμὲνου
1323 2651 1474 2717 Υἱοῦ,
1538 2656 1633 2709 καὶ
1683 2658 1780 2711 τοῦ

203 2720 345 2774 Θεοῦ
374 2723 586 2796 Πατρὸς
606 2733 1037 2801 χρηματίσαντος
1063 2738 1196 2808 (59),
1223 2741 1346 2795 ἐπεὶ
1373 2743 1472 2808 τὰς
1492 2745 1600 2799 τῶν
1628 2748 1781 2812 ζώων

204 2814 454 2905 γενέσεις
482 2819 720 2876 τοιοῦτόν
748 2841 870 2880 τινα
895 2827 1096 2900 τρόπον
1128 2831 1501 2905 ὲπιλάὸοιμεν,
1539 2840 1646 2895 ὑπὸ
1685 2842 1778 2894 τοῦ

203 2903 344 3000 Θεοῦ
388 2907 828 3000 ρεοπρεπεστέρᾳ
875 2919 1136 2992 κέχρηται
1166 2903 1392 2981 εἰκόνιό
1436 2929 1774 3000 ’Δπόστολος,

207 2997 460 3088 περὶᾼμεν
474 3000 568 3054 τοῦ
596 3002 828 3076 Πατρδς,
861 3007 1050 3076 εἰπὼν,
1085 3011 1212 3079 Φῶς
1233 3014 1413 3072 οἰκῶν
1430 2997 1774 3088 ἀπρόσιτοπζ

205 3083 297 3137 τὸν
328 3084 388 3140 δὲ
420 3086 566 3184 ξίὸν,
591 3091 934 3184 ἀπαύγασμα
962 3099 1054 3152 τοῦ
1087 3105 1354 3176 πατρικοῦ
1393 3083 1569 3178 φωτός
1592 3113 1778 3184 ὁρισά-

208 3192 393 3243 μενος,
425 3177 565 3234 ὥστε
595 3179 734 3240 εἶναι
759 3185 818 3239 τὸ
848 3188 1187 3265 ἀπαύγασμα
1229 3177 1476 3270 γέννημα
1504 3202 1597 3256 τοῦ
1625 3177 1776 3276 πρώ-

203 3283 300 3322 του
336 3271 532 3340 φωτὸς,
566 3274 628 3326 οὐ
654 3277 792 3334 κατὰ
821 3280 918 3351 τὴν
936 3283 1043 3338 τῶν
1063 3284 1269 3358 θνητῶν
1294 3287 1448 3352 ζώων
1469 3271 1775 3352 ὑποστάντα

205 3361 442 3428 γένεσιν,
473 3368 614 3422 κατὰ
643 3369 701 3422 δὲ
733 3371 795 3426 τὸ
822 3373 984 3444 ῥηθὲν
1021 3377 1387 3450 παράδειγμα.
1420 3382 1658 3449 Εἰκότως
1682 3383 1774 3442 οὖν

203 3451 299 3503 καὶ
340 3453 522 3510 εἰκόνα
579 3457 741 3512 αὐτὸν
774 3460 870 3516 τοῦ
903 3461 1038 3514 Θεοῦ
1087 3463 1181 3518 τοῦ
1213 3465 1446 3538 ἀοράτου
1485 3470 1768 3538 ἀποκαλεῖ,

198 3543 292 3634 διὰ
309 3545 370 3598 τὸ
389 3548 446 3604 ὲν
474 3550 654 3620 μορφῇ
677 3549 808 3604 Θεοῦ
831 3551 1114 3624 ὑπάρχειν,
1141 3557 1231 3610 καὶ
1249 3557 1335 3610 διὰ
1354 3559 1413 3612 τὸ
1433 3560 1775 3634 ἀπαύγασμα

199 3631 342 3689 εἶναι
366 3639 459 3692 καὶ
489 3645 811 3714 χαρακτῆρα
834 3645 932 3715 τῆς
961 3646 1329 3716 ὑποστάσεως.

275 3728 354 3783 ιδ’.
395 3731 494 3786 Διὰ
534 3731 706 3787 ταῦτα
753 3735 862 3808 γὰρ
907 3739 1036 3808 περὶ
1083 3738 1246 3794 αὐτοῦ
1297 3742 1522 3813 γράφων
1564 3743 1770 3814 ἐλεγεψ

203 3821 310 3886 Ὄς
334 3822 505 3878 ἐστιν
530 3826 708 3878 εἰκὼν
736 3826 842 3884 τοῦ
873 3830 1021 3887 Θεοῦ
1046 3832 1150 3885 τοῦ
1178 3833 1456 3901 ἀοράτου,
1480 3839 1773 3904 Πρωτότο-

198 3930 308 3978 nec
351 3913 553 3982 πάσης
602 3917 870 3986 κτίσεως.
911 3921 1041 3980 Ὀτι
1090 3923 1160 3980 ἐν
1195 3923 1354 3991 αὐτῷ
1401 3925 1650 3996 ἐκτίσθη
1701 3929 1774 3984 τὰ

197 4006 418 4071 πάντα,
451 4007 524 4065 τὰ
555 4009 626 4062 ἐν
656 4011 932 4080 οὐρανοῖς
964 4015 1163 4070 καὶτὰ
1198 4017 1300 4072 ἐπὶ
1338 4017 1444 4088 τῆς
1481 4018 1616 4089 τῆς,
1650 4021 1772 4075 εἴτε

193 4096 442 4164 ἀόρατα,
473 4101 594 4156 εἴτε
624 4103 846 4170 θρόνοι,
871 4103 992 4160 εἴτε
1035 4109 1395 4176 κυριότητες,
1417 4107 1539 4162 εἴτε
1568 4109 1767 4178 ἀρχαὶ,

192 4190 320 4244 εἴτε
343 4191 614 4256 ἐξουσίαι
635 4212 649 4225 ο
685 4197 760 4249 τὰ
805 4196 998 4253 πάντα
1032 4197 1106 4252 δι’
1143 4200 1352 4266 αὐτοῦ,
1399 4201 1499 4256 καὶ
1542 4205 1630 4270 εὶς
1651 4204 1770 4273 [au-

191 4280 306 4334 τὸν
322 4282 606 4351 ἔκτισται,
649 4287 863 4358 (imitat
885 4291 1068 4355 αὐτός
1088 4291 1220 4344 ἐστι
1247 4291 1361 4360 πρὸ
1387 4291 1645 4358 πάντων,
1672 4295 1770 4348 καὶ

192 4371 394 4428 πάντα
421 4375 492 4428 ἐν
529 4378 691 4443 αὐτῷ
723 4380 1081 4448 συνέστηκε.
1117 4383 1304 4438 Ταῦτα
1349 4384 1457 4456 γάρ
1496 4387 1624 4458 περὶ
1671 4389 1768 4459 τῆς

1887 1901 2066 1958 factus
2105 1901 2251 1974 fuit.]
2288 1905 2353 1959 Et
2385 1908 2449 1961 de
2478 1905 2604 1964 Iesu
2635 1907 2875 1976 Christo,
2909 1909 3075 1963 Nobis
3098 1926 3233 1964 unus
3263 1909 3448 1964 Domi-

1885 2013 1982 2052 nus
2015 1997 2171 2055 Iesus
2215 1999 2460 2058 Christus
2505 2020 2597 2071 per
2635 2021 2791 2074 quem
2830 2006 3007 2062 omnia
3037 2006 3104 2059 “.
3155 2005 3230 2061 De
3255 2008 3445 2062 eodem

1882 2090 2105 2158 vidcsis,
2136 2095 2586 2162 quemadmodum
2619 2097 2840 2164 dicitur,
2883 2113 2977 2166 per
3017 2113 3168 2169 quem
3222 2099 3343 2168 fecit
3397 2110 3446 2154 et

1882 2186 2096 2242 saecula.
2123 2186 2225 2248 Hic
2256 2203 2383 2246 vero
2415 2205 2593 2262 opera:
2619 2193 2852 2266 pretium
2899 2201 2987 2258 est
3020 2196 3302 2252 advertere
3329 2195 3446 2252 ani-

1882 2291 2026 2332 mum
2069 2279 2136 2341 ad
2177 2279 2230 2335 id
2272 2281 2414 2350 quod
2444 2282 2642 2342 dicitur
2672 2283 2957 2354 splendor;
2992 2285 3066 2342 ita
3095 2285 3238 2342 enim
3263 2293 3445 2342 statuo

1881 2382 2066 2424 vocem
2096 2369 2256 2434 istam
2299 2372 2681 2440 subindicare,
2713 2374 2859 2438 illam
2895 2376 2966 2434 de
3002 2375 3163 2438 Patre
3188 2376 3311 2434 Filii
3349 2392 3441 2447 ge-

1881 2461 2239 2521 nerationem.
2276 2460 2410 2524 Cum
2437 2464 2583 2528 enim
2621 2463 2743 2522 Filii
2786 2481 2981 2524 nomen
3029 2468 3226 2538 saepius
3253 2483 3445 2524 occur-

1881 2559 2048 2618 rerat,
2079 2561 2134 2608 et
2167 2551 2328 2608 Pater
2360 2553 2525 2615 etiam
2558 2556 2892 2626 frequentius
2938 2558 3080 2618 Deus
3109 2559 3388 2615 audiverat
3420 2579 3434 2616 :

1881 2655 1947 2694 ne
1977 2641 2194 2698 modum
2212 2642 2352 2699 forte
2378 2643 2608 2718 aliquem
2647 2647 2736 2703 hic
2756 2647 3114 2719 imaginamur
3134 2651 3227 2720 qui
3256 2650 3311 2704 in
3351 2667 3443 2720 ge-

1880 2731 2161 2789 neratione
2209 2749 2391 2790 rerum
2439 2739 2802 2800 animatarnm
2833 2739 3108 2807 occurrit,
3150 2739 3443 2810 Apostolus

1878 2825 2286 2887 similitudinem
2321 2827 2643 2888 diviniorem
2687 2829 2928 2897 adhibet,
2958 2830 3050 2886 ubi
3072 2829 3140 2887 de
3167 2830 3280 2887 Deo
3308 2832 3439 2904 agit,

1877 2921 1944 2975 ad
1973 2919 2188 2976 Patrem
2236 2920 2367 2978 illud
2401 2921 2681 2991 applicans
2705 2962 2723 2988 ,
2759 2921 3020 2980 Habitans
3078 2923 3244 2978 lucem
3287 2925 3438 2978 inae—

1878 3029 2112 3070 cessam:
2140 3013 2337 3075 Filium
2366 3027 2499 3070 vero
2531 3014 2858 3084 compellans
2886 3013 3230 3084 splendorem
3258 3023 3440 3084 pater-

1879 3120 1958 3160 nae
1981 3105 2148 3171 lucis;
2176 3114 2234 3164 ut
2260 3105 2517 3176 splendor
2559 3106 2629 3162 sit
2657 3107 2817 3177 primi
2863 3107 3008 3163 illius
3044 3106 3265 3163 luminis
3289 3109 3439 3179 geni-

1879 3204 1998 3254 tura
2023 3215 2038 3254 :
2069 3211 2173 3252 non
2195 3198 2263 3251 ad
2293 3197 2510 3252 modum
2539 3200 2809 3260 creaturis
2844 3199 3164 3256 mortalibus
3211 3214 3439 3267 usurpa-

1877 3296 1988 3340 tum
2023 3287 2317 3354 exsistens,
2349 3289 2475 3344 dum
2503 3299 2858 3360 generantur,
2897 3306 3086 3347 verum
3115 3286 3276 3362 juxta
3306 3291 3438 3346 alla-

1875 3385 1983 3432 tam
2018 3378 2446 3436 similitudinem.
2475 3380 2670 3438 Merito
2689 3397 2812 3443 eum
2846 3383 3034 3454 igitur,
3065 3396 3121 3440 et
3144 3386 3434 3458 imaginem

1875 3471 2109 3542 appellat
2138 3472 2430 3529 invisibilis
2450 3478 2508 3538 ὦ
2544 3474 2639 3530 Dei
2674 3494 2688 3531 :
2720 3485 3010 3547 propterea
3034 3479 3179 3548 quod
3201 3480 3434 3534 exsisteu

1873 3574 1976 3629 ret,
2008 3564 2063 3619 in
2093 3565 2265 3620 forma
2287 3565 2382 3621 Dei
2411 3583 2424 3620 :
2460 3577 2516 3622 et
2539 3567 2664 3638 quia
2691 3576 2812 3624 erat
2841 3568 3098 3638 splendor
3140 3580 3197 3626 et
3231 3572 3431 3626 chara-

1872 3663 1987 3710 cter
2007 3654 2343 3714 substantiae.

1942 3747 2027 3802 μ.
2061 3746 2212 3804 Hanc
2237 3749 2310 3804 ob
2335 3763 2552 3810 causam
2582 3750 2648 3806 de
2688 3750 2780 3805 illo
2801 3750 3050 3806 scribens
3075 3751 3152 3807 ait
3180 3770 3194 3806 :
3225 3751 3328 3818 Qui
3356 3763 3432 3807 est

1870 3842 2041 3912 imago
2075 3841 2171 3896 Dei
2205 3842 2490 3897 invisibilis
2537 3859 2556 3898 :
2593 3844 2970 3915 primogenitus
3009 3846 3175 3898 omnis
3223 3856 3432 3900 creatu-

1870 3954 1965 3996 rte.
1993 3937 2257 4004 Quoniam
2285 3940 2340 3993 in
2371 3940 2485 4007 ipso
2523 3949 2702 3993 creata
2738 3949 2860 3994 sunt
2893 3941 3103 4006 omnia,
3153 3957 3271 4010 qua
3307 3954 3428 3997 sunt

1871 4029 1926 4082 in
1957 4028 2102 4094 creto,
2138 4039 2184 4082 et
2219 4045 2336 4100 qua!
2367 4045 2522 4098 super
2567 4039 2786 4097 terram,
2814 4033 2922 4086 siue
2958 4032 3202 4098 uisibilia,
3232 4052 3323 4090 seu
3357 4037 3432 4091 in-

1869 4118 2127 4184 uisibilia;
2167 4121 2272 4174 sive
2306 4121 2520 4185 throni,
2556 4135 2646 4174 seu
2679 4121 3064 4177 dominationes
3098 4139 3116 4176 :
3145 4124 3249 4178 sive
3282 4127 3430 4195 prin-

1869 4209 2094 4277 cipatus,
2131 4226 2224 4264 seu
2260 4220 2538 4280 potestates
2564 4227 2584 4265 :
2617 4211 2793 4266 omnia
2812 4229 2906 4282 per
2931 4215 3126 4284 ipsum,
3159 4227 3211 4271 et
3240 4220 3293 4272 in
3317 4221 3428 4289 ipso

1870 4305 2080 4358 condita
2115 4313 2258 4370 sunt,
2286 4313 2337 4356 et
2365 4305 2474 4370 ipse
2514 4313 2634 4358 ante
2671 4312 2748 4357 est
2785 4306 2986 4370 omnia,
3019 4315 3070 4360 et
3100 4310 3155 4360 in
3182 4309 3294 4376 ipso
3314 4324 3426 4362 om—

1869 4395 1961 4448 nia
1995 4394 2280 4449 subsistunt
2312 4396 2379 4449 ²².
2412 4393 2536 4450 Haec
2572 4396 2753 4449 omnia
2779 4436 2796 4462 ,
2829 4395 2957 4451 licet
2989 4411 3145 4454 secus
3175 4397 3428 4454 Marcello

193 4465 450 4558 θεότητος
471 4467 567 4523 τοῦ
593 4470 722 4526 Υἱοῦ
743 4471 837 4525 τοῦ
861 4473 1017 4538 Θεοῦ,
1046 4475 1151 4530 κᾶν
1177 4475 1252 4547 μὴ
1277 4476 1582 4550 Μαρκέλλῳ
1610 4478 1761 4550 δοκῇ,

1882 4486 2136 4550 videatur,
2163 4486 2230 4541 de
2249 4485 2369 4541 Filii
2386 4487 2668 4542 divinitate
2685 4489 2956 4543 dicuntur.
2982 4486 3166 4558 Neque
3181 4491 3324 4545 enim
3352 4501 3429 4546 tot

190 4551 433 4626 εἴρηται.
466 4555 545 4611 Οὐ
573 4559 683 4630 γὰρ
724 4561 853 4633 περὶ
880 4565 979 4633 τῆς
1019 4563 1220 4633 σαρκὸς
1246 4560 1397 4617 εἶπεν
1429 4565 1496 4619 ἂν
1526 4566 1762 4620 τοσαῦτα

189 4651 219 4697 ὁ
251 4645 394 4710 θεῖος
427 4648 764 4715 ’Δπόστολος.
785 4653 984 4724 Μωρὸν
1006 4654 1116 4725 γάρ
1137 4655 1295 4708 τοῦτο
1310 4657 1404 4710 καὶ
1425 4657 1756 4730 ἀδιανόητον,

193 4735 334 4804 πρὸς
369 4735 446 4807 τῷ
493 4739 586 4792 καὶ
635 4741 1004 4813 ἁσυνάρτητον
1036 4741 1176 4801 εἶναι
1205 4745 1319 4817 (ﬂ)
1365 4748 1464 4818 τῆς
1507 4749 1758 4819 φράσεως

189 4826 293 4895 τὴν
330 4827 645 4898 ἑρμηνείαν.
691 4831 814 4895 Πῶς
853 4835 962 4905 γὰρ
1004 4836 1131 4905 περὶ
1167 4837 1265 4906 τῆς
1313 4839 1512 4909 σαρκὸς
1549 4837 1754 4910 ἥρμοζε

271 4985 330 5056 g4
353 4982 462 5056 βό.
493 4983 665 5043 Paris.
692 5001 825 5056 pag.
862 4989 950 5042 96.

269 5051 311 5081 "
350 5049 510 5108 Hebr.
543 5069 618 5122 tv,
643 5049 729 5110 14.
774 5049 850 5088 ’⁸ο
883 5059 1041 5116 Hebr.
1063 5076 1105 5127 ι,
1136 5062 1250 5122 μδ.
1337 5064 1381 5095 ²¹
1411 5061 1432 5116 1
1461 5064 1586 5120 Cor.
1617 5079 1736 5131 vm,
1761 5067 1815 5123 6.

191 5183 399 5264 nescio,
430 5185 572 5243 forte
593 5204 686 5253 an,
710 5189 857 5253 ἔνθα.
895 5203 946 5246 ut
977 5195 1064 5256 sit,
1093 5195 1181 5247 ubi
1210 5195 1374 5250 Deum
1414 5198 1674 5264 nominat,
1699 5209 1754 5254 et

190 5254 414 5321 arigelos
451 5271 736 5322 memorat,
795 5254 1167 5317 intermedium
1233 5267 1436 5322 inducit
1489 5254 1750 5322 mediato-

193 5322 406 5410 i-etn'dd.
435 5354 506 5410 -ς
533 5326 737 5410 _Scripsi
767 5347 888 5410 cum
916 5335 1075 5410 codd.
1121 5334 1299 5402 ἰδίως;
1323 5351 1446 5392 mox
1479 5338 1634 5410 vulgo
1662 5340 1754 5392 ἐπὶ

188 5393 501 5474 inﬁciet
523 5393 712 5474 ὥσπερ
746 5401 838 5474 καὶ
861 5402 1133 5474 ἀνωτέρω.

406 5462 573 5534 Yulgo
599 5462 691 5520 ὅτι
707 5470 794 5523 τά.

412 5532 588 5608 lini—go
616 5538 708 5608 xor}
735 5539 898 5592 αὐτοῦ
930 5543 1147 5608 ἐγένετο
1169 5559 1277 5598 οιη.

267 5602 377 5674 (ξῖ)
410 5603 510 5674 Mp.
527 5602 724 5661 ἀύτοῦ.

414 5670 776 5757 Ἐπιστιξσας
815 5679 899 5733 δέ.
936 5680 1168 5757 Legend.
1206 5686 1492 5757 ἐπιστῆσαι
1534 5689 1612 5743 δέ.
1657 5691 1721 5744 Μ.

270 5743 382 5812 ('59)
412 5745 514 5798 Kal
548 5747 695 5814 πρὸς
727 5743 1221 5821 χρηματίσῖιντος,
1253 5743 1416 5812 Error
1447 5774 1512 5812 ex
1565 5743 1755 5818 abbre-

1865 4579 1921 4626 et
1948 4571 2073 4626 talia
2089 4571 2316 4628 dixisset
2363 4573 2430 4630 de
2462 4589 2625 4628 carne
2669 4576 2978 4643 Apostolus.
3021 4576 3258 4632 Stultum
3279 4581 3422 4634 enim

1864 4662 2006 4719 foret
2056 4679 2232 4736 neque
2279 4665 2516 4737 cogitatu
2551 4665 2750 4731 facile,
2783 4678 2843 4724 ut
2894 4683 2962 4724 ne
3009 4669 3188 4724 dicam
3235 4671 3426 4727 incon-

1862 4767 2074 4822 gruum,
2097 4755 2241 4825 quod
2270 4757 2337 4811 ad
2362 4755 2654 4813 dictionem
2687 4759 2880 4814 attinet
2907 4770 2964 4816 et
2999 4763 3234 4818 nominis
3257 4763 3425 4819 inter-

1861 4847 2241 4913 pretationem.
2274 4847 2376 4915 Qui
2415 4850 2561 4904 etaim
2591 4862 2952 4919 congruenter
2994 4854 3060 4910 de
3098 4869 3262 4912 carne
3315 4859 3424 4914 dici

1904 5069 1947 5100 ¹¹
1975 5069 2180 5126 Coioss.
2215 5087 2254 5137 ι,
2298 5073 2486 5129 15-17.

1860 5204 2028 5286 viata‘
2055 5205 2322 5272 scriptura
2350 5211 2513 5286 _npdg
2565 5221 2716 5286 ortus
2767 5223 2890 5269 est:
2952 5216 3230 5286 legendum
3273 5221 3416 5275 enim

1858 5274 2071 5355 [Ιατρὸς
2093 5274 2575 5355 λρημῃατίσάντος,
2609 5284 2694 5336 ἵνα
2755 5286 2828 5355 μὴ
2885 5286 2977 5338 ἐπὶ
3003 5274 3115 5350 Ἶτάς
3142 5297 3195 5341 et
3221 5274 3418 5342 ὑπολάὲ

1859 5293 2071 5394 ἕατρος
2093 5293 2575 5398 Ιιέίρημοιτισαντος,
2609 5293 2694 5336 ἵνα
2755 5293 2828 5355 μὴ
2885 5293 2977 5338 ἐπὶ
3016 5293 3115 5368 τὰς
3142 5297 3195 5341 et
3221 5293 3418 5342 ὑπολά-

1894 5360 2066 5426 οιμεν.
2087 5415 2099 5426 Δ
2147 5345 2528 5426 .—-l_'3mendavr
2548 5353 2721 5426 locum
2742 5369 2805 5426 ex
2821 5355 3004 5426 codd.,
3021 5356 3108 5412 ubi
3129 5357 3284 5426 vulgo
3297 5360 3420 5413 τινὰ

1858 5424 1983 5467 ante
2005 5415 2203 5484 τρόπον
2234 5416 2386 5472 deest
2410 5427 2463 5474 et
2492 5423 2750 5477 scribitur
2771 5415 3119 5480 ἐπιλάϐοιαεν
3145 5415 3268 5481 ὑπ’ό.
3296 5428 3412 5484 Mox

1855 5484 2169 5563 vulgariam
2188 5485 2288 5563 τοῦ.
2317 5488 2414 5563 μέν
2433 5501 2499 5563 _et
2514 5489 2839 5563 ὁριζόμενος.

2074 5554 2241 5636 νριεο
2272 5554 2492 5636 ἐκτίσθη
2515 5554 2568 5615 εἰ
2589 5554 2710 5636 mox
2741 5554 2886 5636 δοκεῖ
2908 5574 2961 5618 et
2985 5565 3224 5636 πρὸςτό.

2101 5624 2218 5713 Τῆς
2262 5624 2534 5713 φράσεως
2590 5631 2710 5713 τὴν.
2757 5624 3199 5713 ἀρμοξίαὴξιιιι
3242 5641 3418 5713 potius

1861 5709 2023 5780 quam
2049 5697 2529 5780 ép'pqveiav;_Natn
2563 5697 2843 5771 sequitur;
2861 5703 2975 5767 πῶς
3026 5706 3134 5778 γὰρ
3170 5697 3294 5780 περὶ
3322 5709 3421 5778 τῆς

1865 5765 2062 5834 σαρκὸς
2081 5765 2316 5839 ἥρμοσε.
2347 5767 2416 5825 Μ.
