3838 6222
399 349 494 405 887

1133 343 1400 400 EUSEBII
1439 339 1902 399 CESARIENSIS
1938 335 2086 393 OPP.
2126 335 2303 391 PARS
2339 333 2429 390 ιγ.
2455 362 2525 375 —-
2555 329 2975 388 DOGMATICA.

3548 325 3647 381 888

399 477 623 542 posset,
661 468 754 539 qui
789 475 874 524 est
919 466 1144 538 imago?
1185 465 1412 522 dixisset
1456 465 1682 534 utique,
1727 477 1845 534 qua:
1891 468 1975 516 est

2092 457 2275 526 téyaw,
2312 456 2371 519 ὅς
2404 457 2550 508 ἐστιν
2576 451 2772 515 εἰκώνς
2809 449 2934 503 δέον
2960 449 3010 501 ei
3043 445 3152 518 ἄρα
3192 445 3384 516 φῆσαι,
3416 443 3453 514 ἦ
3505 444 3646 496 ἐστιν

401 575 601 631 Imago.

473 653 558 709 15.
588 650 729 708 Alibi
770 665 987 722 quoque
1033 649 1173 706 idem
1218 647 1468 705 eumdem
1519 645 1754 719 appellat
1783 644 1973 715 imagi-

403 761 524 800 nem
575 745 692 810 Dei,
729 763 749 798 ι
784 743 936 812 Quod
983 743 1030 800 si
1077 742 1454 799 absconditum
1506 741 1577 795 sit
1621 737 1973 808 Evangelium

409 855 429 888 ι
467 848 710 892 nostrum
738 880 752 902 ,
783 837 850 892 ab
880 836 946 892 iis
972 844 1057 892 est
1089 834 1463 890 absconditum
1496 835 1587 904 qui
1621 839 1882 902 pereunt,
1920 831 1974 885 in

409 947 428 980 ι
465 930 662 999 quibus
703 930 846 986 Deus
878 929 1058 988 saeculi
1106 929 1263 984 istius
1299 927 1599 982 obcaecavit
1642 925 1976 980 intellectum

410 1041 430 1073 ι
467 1022 865 1077 incredulorum
889 1063 906 1088 ,
939 1037 1004 1076 ne
1043 1020 1331 1077 irradiaret
1365 1020 1418 1073 in
1448 1018 1705 1074 cordibus
1731 1018 1978 1086 ipsorum

412 1133 434 1168 ι
470 1115 792 1171 illuminatio
818 1113 1095 1186 Evangelii
1122 1111 1250 1169 Jesu
1301 1111 1529 1173 Christi,
1570 1109 1662 1180 qui
1693 1118 1778 1164 est
1802 1109 1980 1178 imago

412 1227 432 1259 ι
466 1207 584 1262 Dei.
640 1225 660 1261 ι
717 1206 816 1262 Ubi
867 1205 1252 1261 advertendum
1289 1203 1445 1258 nobis
1477 1202 1661 1256 animo
1691 1209 1814 1266 est,
1837 1200 1980 1270 quod

407 1300 620 1354 divinus
635 1297 926 1368 Apostolus
954 1294 1426 1353 determinativum
1455 1293 1521 1348 de
1539 1291 1757 1348 Christo
1774 1306 1983 1348 sermo-

408 1404 530 1445 nem
553 1389 807 1453 i'nstituit,
838 1388 1127 1458 imaginem
1153 1385 1246 1440 Dei
1267 1384 1471 1439 scilicet
1491 1383 1766 1454 appellans
1785 1383 1980 1452 ipsum,

407 1496 478 1536 ne
509 1481 629 1550 quis
657 1480 792 1534 duos
816 1478 1103 1549 imaginari
1131 1476 1263 1531 deos
1293 1483 1492 1545 posset,
1511 1473 1605 1530 sed
1626 1488 1813 1540 unum,
1833 1485 1984 1526 nem-

409 1586 476 1642 pe
502 1585 623 1625 eum
649 1569 738 1639 qui
771 1583 932 1638 supra
966 1568 1146 1623 omnia
1170 1578 1272 1623 est.
1295 1567 1351 1623 Si
1375 1566 1518 1621 enim
1547 1578 1688 1618 unus
1715 1573 1798 1618 est
1819 1561 1984 1630 Deus,

413 1675 464 1719 et
492 1674 686 1734 praeter
711 1662 862 1717 illum
890 1676 997 1717 non
1023 1667 1108 1716 est
1133 1660 1294 1728 alius,
1330 1658 1500 1729 ipsius
1527 1655 1598 1712 sit
1621 1664 1857 1724 oportet,
1892 1653 1982 1723 qui

410 1771 510 1826 per
529 1755 724 1810 Filium
762 1771 918 1810 suum
945 1764 1202 1824 tanquam
1224 1767 1319 1822 per
1338 1750 1629 1818 imaginem
1649 1747 1977 1818 agnoscitur.

2073 549 2254 603 εἰκών.

2150 648 2228 695 ιε’.
2271 639 2382 694 Κάὶ
2431 641 2490 692 ἐν
2534 637 2704 708 ἑτέρῳ
2757 635 2815 688 δὲ
2863 633 3025 686 πάλιν
3067 632 3097 684 6
3141 629 3302 693 αὐτὸς
3343 626 3530 681 εἰκόνα
3562 624 3650 678 τοῦ

2077 731 2212 786 Θεοῦ
2229 731 2386 785 αὐτὸν
2401 728 2649 800 ὠνόμαζε
2678 728 2871 796 λέγων,
2897 745 2916 778 ι
2946 725 3008 780 Εἰ
3035 725 3093 778 δὲ
3122 723 3215 776 καὶ
3235 721 3350 775 ἐστι
3378 719 3653 787 κεκαλυμο

2086 847 2105 879 ι
2139 825 2296 898 μένον
2311 822 2372 876 τδ
2391 821 2502 894 (42)
2517 820 2848 889 Εὑαγγὲλιον
2869 819 3048 889 ἡμῶν,
3066 820 3122 869 ὲν
3138 819 3250 878 τοῖς
3266 813 3470 868 ἀπολλυ
3478 814 3656 884 μένοις

2088 938 2106 971 ι
2139 920 2255 972 ἐστὶ
2274 914 2710 986 κεκαλυμμένον,
2733 915 2790 965 ἐν
2810 907 2891 975 οἷς
2914 913 2943 965 6
2964 910 3098 973 Θεὸς
3123 908 3218 962 τοῦ
3247 906 3442 970 αἰῶνος
3463 906 3655 959 τούτου

2085 1032 2104 1063 ι
2141 1009 2416 1080 ἐτύφλωσε
2447 1007 2516 1060 τὰ
2547 1008 2790 1078 νοήματα
2819 1004 2928 1058 τῶν
2978 1001 3241 1064 ἀπίστων,
3287 999 3424 1070 πρὸς
3465 996 3528 1050 τὸ
3585 997 3657 1068 μὴ

2088 1121 2106 1152 ι
2141 1097 2488 1168 καταυγάσαι
2513 1095 2625 1167 (45)
2661 1098 2851 1158 ὲνταῖς
2877 1083 3125 1166 καρδίαις
3153 1089 3333 1144 αὐτῶν
3366 1089 3660 1158 τὸνφωτι-

2090 1212 2121 1244 ι-
2147 1190 2282 1261 σμδν
2307 1187 2403 1243 τοῦ
2435 1186 2767 1256 Εὑαγγελίου
2795 1184 2892 1238 τοῦ
2924 1181 3182 1254 Χριστοῦ,
3217 1182 3276 1245 ὃς
3315 1183 3464 1234 ἐστιν
3499 1177 3662 1232 εἰκὼν

2093 1303 2112 1336 ι
2146 1283 2238 1336 τοῦ
2257 1281 2414 1337 Θεοῦ.
2441 1299 2464 1331 ι
2494 1277 2664 1333 Ἔνθα
2684 1279 2778 1332 καὶ
2801 1277 3067 1348 προσήκει
3093 1274 3185 1327 τὸν
3206 1273 3329 1325 νοῦν
3349 1272 3661 1342 ἐπιστῆσαι,

2083 1377 2156 1441 ὡς
2189 1380 2217 1431 6
2249 1377 2390 1440 Θείος
2438 1373 2755 1437 Ἀπόστολος
2786 1371 2969 1444 ὁρικὸν
2990 1369 3316 1440 ἐξηνέγκατο
3344 1367 3508 1435 λόγον.
3532 1364 3663 1435 περὶ

2085 1470 2178 1523 τοῦ
2214 1467 2473 1540 Χριστοῦ,
2495 1464 2664 1519 εἰπὼν
2696 1463 2858 1518 αὑτὸν
2906 1461 3088 1514 εἰκόνα
3118 1459 3213 1512 τοῦ
3253 1457 3409 1520 Θεοῦ,
3447 1457 3537 1509 ἵνα
3588 1455 3662 1525 μή

2085 1579 2169 1626 τις
2200 1561 2291 1613 δύο
2324 1559 2478 1622 θεοὺς
2515 1556 2775 1610 ὑπολάϐοι
2806 1553 2942 1608 εἶναι
2963 1595 2977 1619 ,
3006 1552 3120 1607 ἀλλ’
3157 1552 3254 1604 ἕνα
3283 1550 3377 1602 τὸν
3404 1549 3498 1601 ἐπὶ
3524 1547 3665 1601 σι’-,ἀνι

2085 1670 2214 1707 των.
2242 1653 2305 1706 Ει
2331 1652 2440 1724 γὰρ
2469 1647 2549 1714 εἷς
2571 1649 2725 1712 Θεὸς,
2758 1647 2853 1700 καὶ
2882 1645 2982 1698 οὐκ
3014 1642 3158 1696 ἔστιν
3185 1641 3369 1710 ἕτερος
3393 1638 3536 1708 πλὴν
3563 1635 3666 1689 αὒ-

2087 1746 2202 1811 τοῦ,
2244 1745 2406 1807 αὐτὸς
2435 1742 2500 1797 ἃν
2532 1742 2617 1812 εἴη
2646 1743 2674 1793 ὁ
2716 1741 2810 1793 καὶ
2839 1737 2927 1791 διὰ
2956 1735 3051 1788 τοῦ
3085 1732 3215 1787 Υἱοῦ
3241 1731 3317 1795 ὡς
3348 1730 3426 1784 δι”
3455 1729 3667 1790 εἰκόνος

412 1807 1035 1916 ὒῦορεοριετεῖίῖίιίιιε
1058 1807 1291 1914 ’(ιιιοᾳίιε
1322 1807 1589 1903 ῡευενεεῑ,
1622 1807 1843 1908 propter
1880 1835 1982 1890 Pa-

2092 1807 2501 1910 γνιοριζόμενος.
2532 1807 2622 1886 Διό
2656 1832 2749 1885 καὶ
2783 1833 2812 1885 6
2844 1830 2969 1892 Υἱὸς
2998 1826 3151 1891 Θεὸς,
3182 1823 3272 1879 διὰ
3297 1823 3394 1894 τὴν
3428 1823 3486 1874 ἐν
3519 1819 3670 1889 αὐτῷ

412 1937 510 1992 tris
539 1939 788 2007 tiguram,
827 1936 882 1990 in
910 1936 1046 2006 ipso,
1073 1944 1131 1988 ut
1158 1934 1211 1987 in
1236 1933 1494 2003 imagine,
1518 1929 1890 1986 resultantem.
1926 1927 1982 1982 Id

412 2029 556 2099 quod
589 2028 803 2083 divinus
835 2026 1128 2095 Apostolus
1151 2025 1374 2090 indicat,
1405 2025 1531 2079 dum
1581 2021 1874 2092 aliquando
1909 2021 1985 2075 in-

414 2122 574 2190 quit,
602 2121 696 2190 qui
749 2135 867 2173 cum
905 2119 964 2172 in
1001 2117 1101 2172 Dei
1147 2117 1319 2186 forma
1355 2125 1527 2169 esset:
1559 2113 1849 2183 aliquando
1882 2126 1982 2166 au»

413 2219 544 2278 tem,
574 2225 698 2267 eum
729 2209 1018 2277 imaginem
1052 2209 1144 2264 Dei
1192 2207 1381 2263 delinit
1413 2221 1555 2261 esse.
1584 2207 1766 2274 Atque
1795 2204 1866 2258 ita
1899 2203 1984 2257 in-

419 2312 503 2357 ter
529 2311 760 2356 caeteras
787 2299 1229 2356 nomenclaturas
1273 2297 1445 2353 Filius
1498 2305 1556 2353 et
1585 2305 1705 2351 erat
1738 2305 1792 2350 et
1836 2285 1986 2350 dice-

413 2395 576 2450 batur
630 2394 807 2463 imago
841 2393 935 2448 Dei
965 2433 981 2459 ,
1014 2391 1326 2462 priusquam
1369 2389 1425 2443 in
1474 2403 1639 2444 carne
1685 2387 1982 2442 adveniret.

415 2489 591 2558 Atque
607 2487 711 2544 ista
741 2487 957 2558 quidem
994 2499 1163 2556 pauca
1199 2485 1266 2540 de
1313 2483 1634 2546 innumeris,
1671 2495 1736 2536 ne
1769 2481 1984 2534 modum

415 2577 762 2644 excedamus,
802 2574 1000 2632 eNovo
1033 2573 1382 2631 Testamento
1433 2574 1660 2628 adducta
1695 2572 1824 2626 sint.
1849 2567 1988 2636 Quin

415 2683 472 2726 et
501 2671 630 2726 olim
655 2671 979 2725 exsistentes
1002 2668 1278 2738 prophetae
1305 2665 1425 2731 Dei,
1457 2667 1707 2722 eumdem
1757 2664 1988 2720 diversis

418 2762 740 2832 theologicis
767 2760 1076 2816 nominibus
1097 2761 1456 2814 honorarunt.

488 2853 578 2908 16.
609 2853 705 2909 Est
728 2851 819 2924 qui
846 2866 966 2906 eum
990 2890 1006 2916 ,
1037 2849 1299 2920 Spiritum
1344 2849 1438 2904 Dei
1469 2854 1664 2910 vocat,
1693 2845 1943 2915 inquiens
1973 2863 1985 2898 :

418 2945 732 3018 Egredietur
755 2943 905 3017 uirga
931 2943 995 2998 de
1022 2943 1197 2998 radice
1235 2941 1378 2997 Iesse
1417 2959 1435 2996 :
1480 2947 1538 3006 >14
1580 2953 1628 2996 et
1657 2943 1756 3011 ﬂos
1800 2944 1865 2992 de
1904 2955 1992 2993 ra-

418 3038 533 3090 dice
556 3037 668 3106 ejus
693 3035 960 3102 ascendet,
997 3045 1045 3089 et
1079 3035 1362 3103 requiescet
1396 3049 1553 3102 super
1577 3031 1726 3086 illum
1762 3031 1992 3100 Spiritus

2083 1931 2175 1985 τοῦ
2206 1929 2418 2001 Πατρὸς
2451 1928 2525 1990 ὡς
2552 1929 2609 1980 ὲν
2635 1925 2802 1978 εἰκόνι
2831 1923 3132 1995 μόρφωσιν.
3161 1920 3227 1971 Ὃ
3249 1916 3314 1988 δὴ
3334 1915 3669 1986 παρίστησιν

2083 2028 2112 2078 6
2147 2024 2288 2088 Θεῖος
2324 2021 2665 2084 Ἀπόστολος,
2705 2017 2827 2070 τοτὲ
2863 2015 2964 2086 μὲν
3000 2013 3192 2082 λέγων,
3233 2008 3302 2075 ὃς
3348 2009 3419 2062 ἐν
3465 2004 3672 2076 μορφῇ

2086 2115 2234 2172 Θεοῦ
2261 2114 2568 2184 ὑπάρχων,
2609 2110 2730 2164 τοτὲ
2759 2109 2815 2162 δὲ
2847 2107 3006 2162 αὐτὸν
3050 2105 3231 2158 εἰκόνα
3257 2101 3351 2155 τοῦ
3382 2099 3520 2153 Θεοῦ
3551 2101 3669 2170 ὁρι-

2085 2211 2327 2281 ζόμενος.
2380 2205 2588 2261 Οὐκοῦν
2645 2201 2784 2274 μετὰ
2829 2199 2940 2253 τῶν
2988 2196 3163 2252 ἄλλων
3209 2191 3522 2264 ὲπηγοριῶν
3577 2187 3674 2243 καὶ

2086 2303 2249 2358 εἰκὼν
2287 2300 2380 2354 τοῦ
2415 2297 2552 2352 Θεοῦ
2583 2296 2689 2367 πρὸ
2717 2294 2820 2364 τῆς
2863 2292 3130 2362 ἐνσάρκου
3159 2285 3464 2358 παρουσίας
3485 2286 3514 2336 6
3543 2281 3672 2343 Υἱὸς

2084 2393 2153 2470 ἦν
2175 2413 2235 2449 τε
2266 2393 2360 2449 καὶ
2384 2391 2714 2462 ὠνόμασται.
2745 2384 2905 2439 Ἀλλά
2935 2380 3110 2437 ταῦτα
3136 2381 3234 2452 μὲν
3261 2377 3371 2432 ἀπὸ
3399 2375 3502 2459 τῆς
3526 2377 3671 2428 Και-

2087 2490 2184 2560 νῆς
2222 2485 2512 2556 Διαθήκης,
2546 2481 2699 2550 ὀλίγα
2729 2478 2837 2533 ὰπδ
2871 2475 3076 2548 μυρίων
3100 2475 3233 2546 ἡμῖν
3259 2471 3424 2540 λόγου
3456 2485 3673 2539 συμμε-

2095 2580 2251 2651 τρίας
2277 2578 2436 2650 χάριν
2467 2573 2750 2644 συνῆκται.

2161 2855 2256 2913 ις’.
2277 2846 2387 2900 Καὶ
2415 2845 2465 2897 oi
2493 2841 2660 2896 πάλαι
2691 2841 2788 2911 μὲν
2807 2837 3088 2910 γενόμενοι
3113 2834 3208 2888 τοῦ
3231 2833 3368 2887 Θεοῦ
3392 2831 3678 2904 προφῆται

2090 2943 2181 2996 τὸν
2215 2939 2376 2994 αὑτὸν
2411 2935 2521 3007 (44)
2553 2933 2830 3004 διαφόροις
2873 2929 3076 3000 ἐτίμων
3104 2925 3421 2995 θεολογίαις.
3471 2925 3529 2976 '0
3580 2923 3680 2993 μὲν

2092 3033 2200 3104 γὰρ
2231 3027 2495 3085 ἀπεκάλει
2528 3024 2690 3079 αὑτὸν
2742 3021 2960 3091 πνεῦμα
2993 3016 3088 3073 τοῦ
3117 3017 3276 3082 Θεοῦ,
3305 3016 3501 3084 λέγων,
3548 3015 3677 3079 Ἐξ-

418 3128 652 3196 Domini,
676 3115 906 3198 spiritus
929 3125 1199 3195 sapientia:
1227 3134 1274 3178 et
1315 3122 1667 3194 intelligentia:
1695 3121 1761 3189 ³³,
1785 3131 1839 3175 et
1867 3135 1984 3190 quae

2092 3129 2394 3186 ελεύσεται
2409 3118 2632 3189 ῥάϐδος
2645 3117 2713 3170 ἐκ
2734 3115 2845 3185 τῆς
2857 3113 3023 3183 ῥίζης
3038 3111 3285 3169 Ἰεσσαί·
3301 3109 3397 3163 καὶ
3415 3107 3602 3173 ἄνθος
3611 3107 3679 3160 ἐκ

419 3229 741 3290 sequuntur.
787 3219 1078 3289 Perspicue
1098 3217 1366 3288 siquidem
1398 3216 1452 3270 in
1478 3216 1595 3271 istis
1619 3213 1988 3270 manifestavit

418 3326 540 3368 eum
568 3312 658 3380 qui
691 3309 757 3366 de
773 3311 977 3366 semine
999 3309 1167 3366 David
1206 3308 1384 3362 fuerat
1417 3307 1712 3363 secundum
1745 3323 1984 3373 carnem,

422 3415 478 3458 et
512 3403 825 3459 inhabitans
860 3403 1020 3456 etiam
1059 3403 1114 3457 in
1153 3400 1244 3456 illo
1274 3399 1366 3455 Dei
1414 3401 1673 3455 Verbum.
1711 3398 1865 3454 Unde
1904 3399 1990 3454 di~

425 3495 582 3549 vinus
607 3492 898 3562 Apostolus
924 3507 1066 3548 nunc
1104 3491 1372 3562 loquitur,
1394 3489 1646 3545 Dominus
1679 3499 1854 3544 autem
1889 3491 1992 3559 spi-

422 3586 555 3640 ritus
581 3593 658 3639 est
689 3585 764 3649 ";
807 3599 951 3639 nunc
984 3583 1178 3639 iterum
1199 3623 1216 3648 ,
1265 3580 1502 3636 Christus
1534 3581 1629 3634 Dei
1665 3582 1918 3649 potentia,
1941 3591 1989 3634 et

420 3677 682 3746 sapientia
727 3675 822 3730 Dei
861 3676 929 3729 ⁸⁸.
982 3675 1138 3730 Alius
1183 3675 1405 3743 insuper
1453 3671 1716 3742 propheta
1761 3649 1881 3726 eu'm
1924 3672 1990 3726 ad

422 3765 672 3822 eumdem
711 3765 927 3821 modum
965 3765 1213 3835 spiritum
1264 3762 1526 3833 appellat,
1574 3762 1807 3831 Spiritus
1837 3763 1992 3832 faciei

421 3869 616 3912 nostra:
637 3857 877 3911 Christus
910 3854 1161 3910 Dominus
1193 3854 1260 3910 ’°.
1286 3853 1350 3909 Et
1385 3854 1439 3909 in
1477 3852 1772 3924 Evangelia
1801 3852 1869 3908 de
1900 3869 1994 3908 eo-

421 3952 543 4005 dem
591 3949 950 4017 liqnidissimo
1000 3948 1241 4002 dicitur:
1281 3944 1418 4001 Ecce
1473 3962 1604 4015 puer
1647 3962 1790 3998 meus
1840 3961 1992 4014 quem

425 4042 577 4112 elegi,
614 4041 836 4095 dilectus
876 4057 1021 4094 meus
1062 4041 1118 4094 in
1140 4055 1243 4110 quo
1288 4040 1412 4093 bene
1449 4039 1761 4106 complacuit
1801 4040 1992 4091 animt:

422 4147 572 4187 mete.
593 4129 801 4185 Ponam
829 4130 1072 4198 spiritum
1110 4145 1279 4184 meum
1305 4145 1460 4198 super
1492 4145 1630 4196 eum,
1648 4137 1699 4182 et
1722 4128 1992 4196 judicium

424 4223 662 4293 gentibus
697 4221 960 4275 nuntiabit
975 4221 1041 4276 ’⁷.

2089 3221 2198 3289 τῆς
2213 3214 2378 3286 ῥίζης
2390 3212 2502 3285 (45)
2520 3209 2908 3277 ἀναϐήσεται,
2929 3206 3029 3260 καὶ
3047 3203 3540 3259 ἐπαναπαύσεται
3566 3199 3678 3270 (46)

2088 3313 2180 3368 ἐπ’
2222 3307 2410 3364 αὑτὸν
2437 3303 2678 3372 πνεῦμα
2703 3301 2810 3354 τοῦ
2844 3298 3013 3362 Θεοῦ,
3040 3289 3277 3364 πνεῦμα
3304 3293 3548 3361 σοφίας,
3581 3289 3683 3343 καὶ

2089 3401 2422 3462 συνέσεως,
2447 3394 2540 3448 καὶ
2569 3393 2638 3446 τὰ
2676 3391 2822 3462 ἑξῆς.
2852 3387 3051 3458 Σαφῶς
3078 3386 3188 3457 γὰρ
3220 3385 3309 3438 τὸν
3334 3385 3400 3436 ἐκ
3426 3382 3679 3453 σπέρμα-

2089 3511 2181 3557 τος
2225 3490 2410 3552 Δαὸὶδ,
2461 3484 2606 3540 κατὰ
2639 3483 2817 3555 σάρκα
2859 3482 2956 3534 καὶ
2997 3479 3087 3532 τὸν
3123 3476 3485 3546 ὲνοικήσαντα
3529 3471 3680 3542 αὐτῷ

2091 3587 2221 3640 Θεὸν
2245 3580 2539 3652 Λόγον,διὰ
2565 3577 2768 3632 τούτων
2796 3574 3006 3646 ἐδήλου.
3037 3570 3230 3624 Ἔνθεν
3260 3571 3288 3622 6
3327 3566 3474 3629 θεῖος
3516 3564 3682 3618 Ἀπό-

2093 3677 2278 3740 στολος
2307 3673 2438 3728 ποτὲ
2475 3671 2573 3742 μὲν
2610 3669 2817 3736 ἐλεγεψ
2876 3667 2928 3718 Ὁ
2969 3663 3040 3716 δὲ
3080 3663 3297 3730 Κύριος
3331 3659 3400 3714 τὸ
3442 3657 3683 3727 πνεῦμὰ

2091 3770 2280 3824 ἐστιν·
2339 3764 2470 3818 ποτὲ
2513 3762 2591 3827 δὲ,
2622 3759 2876 3829 Χριστὸς
2921 3755 3070 3810 Θεοῦ
3108 3753 3361 3822 δύναμις
3388 3751 3492 3805 καὶ
3532 3749 3681 3803 Θεοῦ

2091 3859 2299 3928 σοφία.
2322 3857 2432 3910 Καὶ
2452 3854 2636 3924 ἕτερος
2661 3850 2716 3903 δὲ
2743 3849 2944 3920 ὁμοίως
2965 3843 3181 3917 πνεῦμα
3204 3843 3366 3896 αὑτὸν
3390 3841 3681 3900 ἀποκαλεῖ,

2093 3953 2285 4019 λέγων,
2320 3947 2562 4015 Πνεῦμα
2592 3940 2914 4012 προσώπου
2943 3937 3115 4008 ἡμῶν
3144 3933 3399 4004 Χριστὸς
3440 3934 3680 4002 Κύριος.

2093 4041 2204 4094 Καϊ
2231 4043 2288 4094 ὲν
2315 4039 2392 4110 τῷ
2425 4035 2740 4107 Εὑαγγελίῳ
2771 4033 2825 4086 δὲ
2860 4031 2987 4101 περὶ
3024 4027 3189 4083 αὐτοῦ
3222 4025 3410 4095 σαφῶς
3440 4026 3680 4096 εἴρηται·

2107 4131 2262 4186 Ἰδοὺ
2295 4133 2328 4184 ὁ
2353 4129 2493 4196 παῖς
2507 4145 2648 4198 μου,
2695 4125 2768 4179 ὃν
2801 4121 3051 4192 ᾑρέτισα
3072 4138 3085 4150 ·
3136 4122 3170 4174 ὁ
3208 4119 3524 4188 ἀγαπητός
3565 4133 3684 4184 μου

2093 4225 2180 4288 εὶς
2205 4222 2276 4274 ὃν
2304 4220 2652 4289 ηὐδόκησεν
2673 4217 2712 4284 ἡ
2740 4212 2911 4284 ψυχή
2931 4229 3072 4282 μου.
3098 4208 3327 4262 Ἔδωκα
3350 4207 3419 4260 τὸ
3444 4205 3687 4275 πνεῦμά

2087 4331 2206 4382 μου
2237 4312 2332 4366 ἐπ’
2373 4310 2579 4376 αὐτὸν,
2613 4308 2814 4376 κρίσιν
2845 4304 2968 4370 τοῖς
2995 4303 3238 4357 ἔθνεσιν
3264 4300 3516 4364 ἐξοίσει.

494 4403 584 4458 Π.
615 4400 767 4456 Alius
795 4414 956 4470 porro
991 4400 1251 4469 propheta
1280 4398 1446 4452 vitam
1481 4413 1613 4453 eum
1631 4409 1807 4457 vocat.
1832 4406 1883 4452 et
1906 4396 1984 4450 lu.

2168 4403 2251 4466 ιζ’.
2287 4399 2588 4473 Προφητῶν
2612 4399 2669 4452 δὲ
2694 4397 2850 4460 ἄλλος
2899 4394 3044 4466 ζωὴν
3073 4393 3255 4457 αὑτὸν,
3279 4392 3374 4445 κα)⁴
3409 4390 3529 4459 φῶς
3559 4390 3688 4443 dmi-

422 4509 566 4560 cem,
596 4493 685 4548 ubi
721 4491 888 4547 Deum
936 4492 1016 4546 sic
1042 4489 1334 4559 alloquitur
1362 4489 1643 4558 inquiens,
1671 4488 1823 4558 Apud
1847 4498 1896 4542 te
1916 4499 1984 4542 est

2101 4495 2239 4567 μαζε
2268 4493 2403 4565 (47),
2431 4495 2489 4545 ἐν
2534 4490 2614 4562 τῷ
2665 4488 3004 4561 προσφωνεῖν
3148 4481 3286 4553 Θεῷ,
3332 4483 3428 4536 καὶ
3481 4482 3686 4551 λέγειν,

423 4585 542 4655 fons
565 4584 708 4651 vitae,
745 4591 796 4636 et
821 4583 876 4636 in
913 4580 1111 4635 lumine
1147 4589 1236 4633 tuo
1276 4577 1563 4632 videbimus
1588 4575 1765 4629 lumen
1782 4574 1984 4642 “.Qui-

2097 4591 2197 4643 ὅτι·
2221 4587 2385 4655 Παρὰ
2399 4586 2498 4639 σοὶ
2528 4582 2689 4653 πηγὴ
2721 4579 2889 4649 ζωῆς,
2907 4580 2976 4632 ἐν
3001 4575 3081 4643 τῷ
3097 4576 3244 4646 φωτί
3268 4592 3384 4628 σου
3414 4575 3687 4644 ὀψόμεθα

423 4694 547 4734 nam
577 4685 695 4732 erat
724 4674 810 4730 ille
831 4673 955 4728 vitae
999 4673 1121 4728 fons
1152 4670 1292 4742 apud
1340 4669 1551 4726 Deum?
1598 4666 1720 4737 quis
1766 4666 1984 4720 lumeni

2098 4679 2242 4750 φῶς.
2273 4679 2370 4743 Τίς
2401 4676 2509 4749 γὰρ
2536 4671 2604 4747 ἦν
2640 4677 2674 4747 ή
2727 4671 2877 4743 παρὰ
2905 4670 2982 4741 τῷ
3025 4667 3145 4740 Θεῷ
3181 4666 3332 4738 πηγὴ
3365 4667 3468 4736 τῆς
3517 4667 3683 4736 ζωῆς,

424 4772 594 4842 ipsius
625 4782 840 4837 nempe,
864 4767 957 4836 qui
982 4766 1038 4821 in
1077 4763 1370 4835 Evangelio
1400 4761 1557 4828 dixit,
1583 4759 1696 4829 Ego
1732 4775 1848 4813 sum
1896 4758 1984 4813 lux

2097 4767 2188 4820 καὶ
2216 4765 2276 4820 τό
2329 4766 2465 4835 φῶς,
2496 4765 2530 4835 ἢ
2569 4763 2729 4826 αὐτὸς
2762 4763 2790 4813 6
2823 4764 2880 4814 ὲν
2913 4757 3263 4827 Εὑαγγελίοις
3309 4754 3506 4819 εἰπὼν,
3547 4754 3687 4826 Ἐγώ

424 4861 609 4916 mundi
631 4861 676 4893 ”
701 4876 718 4927 ;
746 4868 822 4926 et,
849 4856 959 4927 Ego
989 4873 1104 4911 sum
1125 4857 1208 4910 via
1234 4865 1282 4909 et
1305 4855 1514 4916 veritas,
1545 4861 1594 4904 et
1627 4850 1734 4903 vita
1758 4849 1823 4901 ³ο.
1853 4849 1984 4916 Quo-

2094 4858 2210 4925 εἰμι
2229 4855 2293 4909 τὸ
2315 4855 2440 4924 φῶς
2483 4855 2589 4909 τοῦ
2635 4854 2898 4921 κόσμου’
2945 4850 3056 4903 καί’
3101 4847 3247 4918 Ἐγώ
3285 4849 3403 4916 ειμι
3452 4849 3494 4916 ἡ
3546 4847 3685 4914 ὁδός

498 5029 559 5087 ›Ῑ‹
590 5022 686 5077 Ed.
725 5023 1050 5094 Parisapag.
1084 5020 1176 5094 9?.

499 5073 686 5148 ais—ah;
711 5073 1174 5158 x—I:VI_,"2r.vci"illi
1193 5088 1321 5144 Cor.
1355 5103 1438 5151 III,
1466 5089 1552 5142 17.
1651 5091 1697 5120 ⁸⁵
1728 5087 1744 5140 1
1778 5089 1904 5144 Cor.
1931 5105 1968 5155 I,

2092 5131 2101 5147 .
2178 5090 2442 5145 "Thren.
2481 5104 2568 5154 Iv,
2619 5088 2708 5143 20.
2784 5087 2829 5120 ’τ
2859 5084 3050 5140 Matth.
3103 5097 3219 5145 ιιι,
3276 5077 3368 5133 18.
3457 5077 3506 5110 ’⁸
3535 5073 3677 5130 Psal.

425 5180 594 5229 xxxv,
633 5163 721 5218 10.
774 5157 840 5195 ⁷³⁸
866 5160 1022 5218 Joan.
1053 5177 1171 5226 vm,
1197 5159 1298 5225 l2;
1334 5173 1412 5224 Ix,
1448 5159 1501 5215 5.
1579 5159 1622 5190 ³⁸
1659 5157 1824 5214 Joan.
1845 5175 1952 5226 xw,
1993 5161 2046 5218 6.

524 5368 612 5440 42)
631 5367 801 5440 Vulgo
832 5366 990 5440 τοῦτο
1011 5364 1093 5440 τό.
1380 5431 1390 5440 _
1578 5435 1590 5440 _
1769 5433 1781 5440 _
1874 5434 1886 5440 -
1953 5432 1984 5440 Μ

2103 5367 2406 5440 εοῐνςβςειξρ,
2425 5365 2653 5440 stipam).
2683 5361 2756 5440 Μ.

521 5429 610 5507 45)
654 5429 810 5508 Πρῦς
867 5437 935 5490 τὸ
990 5434 1076 5508 μὴ
1129 5431 1518 5508 κᾳταρτάσαι.
1565 5432 1984 5508 Apostolusinll

2174 5436 2286 5508 (45)
2315 5429 2605 5508 γυικοςὶῆς
2628 5435 2680 5508 ῤ.
2709 5429 2894 5484 αὑτοῦ.

429 5492 1086 5586 ϐῶξ-ὑηέζιῖεὺεξιῖὲὶὲ
1132 5503 1196 5583 τι)
1219 5503 1307 5586 μῄ
1327 5492 1878 5586 ξαὺγάσαιζαὺτοῖςη
1890 5503 1984 5557 τὸν

2173 5492 2284 5586 (46)
2338 5492 2858 5586 ’β’ἇέαᾶραὲἰὰύσεται
2883 5500 2975 5554 ἐπ’
3003 5498 3210 5586 αέτότ.
3255 5492 3680 5586 put‘i‘Propr:

429 5561 735 5650 ςῑάειέτιλσ
765 5561 888 5650 έῷτ
912 5561 1094 5650 me
1125 5561 1236 5650 τῆξ
1271 5561 1454 5650 διέξηὲ
1491 5574 1597 5650 ςρῡ
1623 5561 1984 5650 xpmom

2105 5561 2209 5650 tam
2265 5561 2505 5650 ίςιιζὶιιηκ⁸
2529 5568 3082 5650 ᾀναπαιξσεταιῌὲω
3114 5561 3542 5650 αὺτριξζιᾼίι-
3557 5561 3676 5618 Mox

430 5636 552 5718 post
579 5636 734 5718 Θεοῦ,
768 5647 1004 5708 additur,
1038 5636 1288 5714 ἆοράὲου.
1315 5636 1383 5698 Μ.
1405 5636 1488 5687 ἶ-
1509 5643 1629 5700 Mox
1661 5636 1819 5715 vulgo
1849 5636 1984 5696 66:6

2101 5647 2269 5718 vulgo
2288 5636 2444 5718 λόγον
2470 5643 2603 5718 Θεὸν
2633 5653 2686 5696 ει
2713 5640 2900 5718 ἄλλοῖε
2935 5638 3010 5718 δὲ.
3026 5657 3116 5718 χρ.
3146 5649 3198 5691 ει
3221 5636 3504 5718 setas-.53).

429 5691 605 5795 6°53}.
624 5691 863 5795 δδέπαρ-
1305 5785 1338 5795 η
1822 5783 1843 5795 _
2170 5691 2278 5786 (47)
2309 5691 2472 5784 vulgo
2499 5714 2747 5782 ὠνόμασε
2779 5723 2826 5768 cl
2857 5712 2913 5764 ἐν
2943 5691 3371 5780 τῷἚὺαγγελξω
3404 5691 3596 5758 εἰπών.

503 5788 613 5857 (Η)
635 5783 942 5857 Διαφόροις
979 5803 1050 5842 σε
1075 5787 1269 5856 τίμων.
1301 5785 1599 5856 Depravatc
1631 5805 1641 5841 ι
1679 5784 1772 5840 scd
1820 5783 1992 5840 facilis
