3838 6222
167 344 275 402 889

1162 327 1252 382 DE
1287 317 1826 379 ECCLESIASTICA
1857 315 2258 379 THEOLOGIA
2294 315 2421 370 LIB.
2464 315 2504 370 l.

3326 310 3432 369 890

165 465 270 520 καὶ
294 464 333 531 ἡ
361 460 648 528 ἀλήθεια,
689 455 786 510 καὶ
819 454 859 521 ἢ
902 449 1038 518 ζωή.
1084 447 1196 512 Διὸ,
1229 445 1394 498 πάλιν
1435 438 1693 496 ἱκετεύων
1728 436 1757 490 ὁ

1878 432 2007 488 :irca
2060 431 2228 487 Deum
2283 427 2614 500 compellans
2665 425 2888 496 supplex
2925 425 2985 480 in
3021 423 3265 479 oratione
3302 422 3438 478 Pro-

165 555 462 628 Προφήτης
520 551 579 603 ὲν
628 548 761 619 εὐχῇ
805 545 942 617 πρὸς
979 542 1071 595 τὸν
1100 539 1232 594 Θεὸν
1272 537 1446 628 λέγει,
1499 531 1754 628 Ἐξαπα-

165 624 416 702 credor
440 641 509 696 τὸ
554 638 680 709 φῶς
709 652 848 702 σου,
882 633 983 688 καὶ
1011 631 1129 700 τὴν
1163 626 1453 697 ἀλήθειάν
1477 641 1615 679 σου·
1644 624 1752 677 αὐ-

166 736 244 792 τά
274 752 352 806 με
376 731 683 802 ὁδηγήσει.
1624 805 1627 806 ν
1735 757 1741 765 .

243 805 333 898 ιη’.
377 824 658 897 Ἀλήθειαν
697 821 754 875 δὲ
777 819 941 874 αὐτὸν
978 816 1073 871 καὶ
1129 812 1243 885 (ts)
1279 806 1583 881 Ζοροϐάϐελ
1608 805 1755 898 ιινει-

169 897 313 986 πὼν,
353 918 686 989 νικητηρίων
729 911 957 985 ἠξιώθη,
992 911 1082 963 ὅτε
1111 905 1205 960 ἐπὶ
1227 903 1320 958 τοῦ
1351 899 1577 974 Περσῶν
1603 897 1754 989 βασι-

168 1011 310 1074 λέως
355 986 764 1079 ἀναὴὲίραπται
792 999 1050 1074 εἰρηκώςο
1089 996 1201 1052 Καὶ
1231 997 1270 1064 η
1300 989 1548 1059 ἀλήθεια
1561 986 1752 1058 μένει,

169 1104 272 1158 καὶ
299 1103 495 1172 ἰσχύει
519 1103 609 1166 εις
635 1102 744 1153 τὸν
768 1095 984 1152 ἀῑῶνα.
1020 1091 1132 1147 Kal
1165 1087 1253 1159 ζῇ,
1283 1088 1383 1142 καὶ
1420 1081 1626 1154 κρατεῖ
1665 1082 1755 1172 εὶς

170 1199 285 1251 τὸν
312 1171 498 1250 αιῶνα
537 1192 645 1248 τοῦ
696 1189 929 1256 αἰῶνος.
979 1187 1088 1242 Καὶ
1119 1187 1230 1239 οὐκ
1276 1182 1410 1237 ἐστι
1436 1177 1571 1246 παρ’
1599 1171 1755 1242 αὐτῇ

171 1289 387 1346 λαϐεῖν
418 1287 730 1357 πρόσωπαο
763 1282 926 1338 ἀλλὰ
952 1281 1025 1336 τὰ
1042 1279 1244 1333 δίκαια
1263 1273 1436 1340 ποιεῖ,
1461 1271 1578 1328 ἀπὸ
1603 1268 1756 1324 πάν-

169 1402 296 1441 των
325 1381 445 1438 τῶν
477 1381 701 1437 ἀδίκων
736 1378 835 1434 καὶ
872 1371 1152 1442 πονηρῶν
1190 1370 1492 1436 ἀπέχεται.
1515 1359 1611 1424 Οἷς
1637 1365 1758 1416 ἐπι-

170 1479 344 1548 λέγει·
379 1476 487 1532 Kal
522 1472 716 1548 αὐτῆς
743 1472 782 1539 η
807 1467 1006 1538 ἰσχὺς,
1048 1465 1148 1519 καὶ
1179 1462 1246 1516 τὸ
1283 1459 1627 1526 βασίλειον,
1655 1455 1754 1509 καὶ

171 1575 213 1641 η
240 1569 514 1635 ἐξουσία,
534 1565 632 1620 καὶ
650 1566 688 1632 ἡ
706 1560 1096 1633 μεταλοσύνη
1123 1555 1362 1609 πάντων
1374 1550 1495 1606 τῶν
1507 1549 1754 1604 αἰώνων.

173 1655 286 1736 Ζῇν
315 1663 422 1733 γὰρ
453 1658 626 1713 εἰπὼν·
647 1657 743 1728 τὴν
770 1653 1043 1726 ἀλήθειαν,
1077 1649 1172 1703 καὶ
1197 1649 1352 1717 νικᾷν
1391 1645 1486 1699 καὶ
1513 1645 1757 1716 κρατεῖν,

172 1750 632 1825 ὲμφαντικώτατα
677 1746 1020 1817 παρέστησεν
1069 1741 1239 1812 αὐτῆς
1287 1738 1388 1810 τὴν
1432 1737 1754 1791 ὑπόστασιν.

173 1843 274 1910 Ui;
317 1842 622 1906 ἀκολούθως
654 1840 750 1893 καὶ
786 1836 948 1899 αὐτὸς
974 1837 1003 1889 ὁ
1042 1831 1234 1903 Σωτὴρ
1264 1828 1521 1901 ἀλήθειαν
1568 1825 1758 1880 ἑαυτὸν

173 1936 460 2009 ὀνομάζων
502 1933 600 2006 τὴν
645 1930 741 1984 τοῦ
791 1925 1095 2000 Ζοροϐάϐελ
1142 1920 1445 1996 μαρτυρίαν
1490 1923 1762 1990 ὲπεσφρα-

218 2026 379 2088 iit-:10.

174 2043 474 2168 γιῖθῖοίςαὶ
505 2107 748 2180 ποταμὸν
773 2107 829 2160 δὲ
863 2105 1024 2160 αὐτὸν
1050 2103 1334 2174 ὠνόμασεν
1370 2104 1398 2156 ὁ
1430 2099 1620 2156 εἰπών·
1651 2099 1760 2154 Τοῦ

174 2203 447 2275 ποταμοῦ
495 2201 569 2256 τὰ
614 2199 924 2269 ὀρμήματα
964 2197 1360 2267 εὐφραίνουσι
1408 2194 1523 2263 τὴν
1579 2195 1762 2248 πόλιν

172 2299 285 2354 τοῦ
318 2295 488 2351 Θεοῦ.
517 2294 656 2362 Ἤδη
683 2292 739 2344 δὲ
769 2291 864 2345 καὶ
906 2289 1031 2361 ὅρος
1075 2290 1368 2360 προσεῖπεν
1401 2288 1429 2339 ὁ
1454 2288 1656 2358 φήσαςο
1690 2285 1761 2339 Τὸ

176 2392 316 2460 ὅρος
340 2389 373 2444 δ
421 2386 767 2457 ηὐδόκησεν
801 2388 834 2438 ὀ
867 2382 1030 2449 Θεὸς,
1061 2381 1358 2436 κατοικεῖν
1387 2383 1457 2436 ἐν
1475 2382 1654 2448 αὐτῷ.

251 2489 322 2535 κ’.
357 2481 450 2534 Διὸ
485 2479 581 2532 ttat
617 2475 768 2548 παρὰ
817 2473 896 2546 τῷ
947 2473 1164 2544 Δανιήλο
1222 2473 1318 2538 Ἐξ
1362 2472 1540 2542 ὅρους
1593 2475 1763 2541 λίθος

170 2573 417 2644 τμηθεὶς
444 2571 589 2626 ἄνευ
615 2568 846 2641 χειρῶν.
873 2569 985 2621 Καὶ
1031 2565 1214 2631 πάλιν,
1261 2567 1291 2619 ὁ
1342 2565 1504 2630 αὐτὸς
1551 2568 1761 2621 ἀποκα-

176 2669 504 2738 θιστάμενας
535 2667 615 2725 εἰς
653 2665 778 2736 ὅρος
815 2661 1039 2733 ὑψηλὸν,
1079 2661 1306 2732 ἑωρᾶτο*
1342 2660 1435 2714 τοῦ
1477 2661 1574 2732 μὲν
1604 2661 1763 2732 ὅρους

173 2762 278 2833 τὴν
310 2759 649 2832 προῢπαρξιν
669 2757 766 2827 τῆς
794 2753 1045 2826 θεότητος
1074 2751 1237 2807 αὐτοῦ
1273 2751 1646 2823 σημαίνοντος,
1667 2751 1762 2806 τοῦ

175 2858 237 2911 δὲ
277 2854 448 2915 λίθου,
480 2853 578 2922 τὴν
619 2845 1170 2922 ὰνθρωπότηταμθ).

254 2993 362 3040 κα’.
389 2985 500 3039 Καὶ
513 2983 858 3054 δικαιοσύνην
881 2982 938 3035 δὲ
965 2981 1126 3036 αὐτὸν
1147 2981 1394 3035 ὲκὰλουν’
1424 2981 1501 3044 ὡς
1519 2983 1548 3034 ὁ
1568 2979 1762 3049 λέγων*

186 3080 286 3146 Τίς
339 3077 606 3147 ἐξήγειρε
655 3076 773 3131 ἀπὸ
810 3074 1122 3130 ἀνατολῶν
1177 3073 1590 3139 δικαιοσύνην.
1630 3075 1763 3136 Καὶ,

181 3142 338 3244 ἥλιον
366 3142 732 3240 δικαιοσύνης,
766 3168 842 3232 ὡς
864 3171 892 3222 ὁ
917 3167 1102 3221 εἰπών·
1129 3167 1259 3234 Τοῖς
1283 3167 1351 3220 δὲ
1378 3165 1768 3236 φοϐουμένοις
1793 3142 1839 3204 c

176 3282 259 3334 με
282 3259 563 3317 ἀνατελεῖ
580 3259 754 3328 ἣλιος
783 3259 1190 3326 δικαιοσύνης,
1214 3257 1313 3311 καὶ
1341 3257 1505 3323 ἴασις
1529 3257 1598 3310 ἐν
1637 3257 1768 3323 ταῖς

184 3356 475 3426 πτέρυξιν
493 3354 702 3410 αὐτοῦ.
723 3354 835 3406 Καὶ
847 3352 1024 3418 ἄλλος,
1050 3353 1321 3415 Δύσεται,
1348 3352 1533 3422 φησὶν,
1548 3354 1582 3405 ό
1597 3350 1769 3420 ἥλιος

185 3451 288 3505 ἐπὶ
343 3447 486 3514 τοὺς
533 3445 844 3516 προφήτας
891 3443 1034 3511 τοὺς
1084 3442 1442 3510 πλανῶντας
1478 3442 1587 3497 τὸν
1615 3444 1770 3498 λαόν

182 3559 326 3613 μου·
378 3541 439 3593 οὐ
479 3539 589 3610 γὰρ
637 3538 701 3609 δὴ
718 3538 892 3595 ταῦτα
941 3537 1018 3608 τῷ
1073 3535 1316 3608 αἰσθητῷ
1355 3533 1655 3608 ὲφαρμόζοι
1701 3535 1770 3592 ἂν

188 3631 349 3705 ὴλξῳ,
379 3629 514 3688 ἀλλὰ
536 3629 601 3700 δὴ
633 3629 744 3701 (5.0)
765 3627 844 3700 τῷ
876 3629 1128 3700 ὲνσάρκῳ
1160 3629 1338 3700 Λόγῳ.

262 3813 368 3867 κδ’.
396 3813 509 3867 Καὶ
539 3812 732 3882 σοφίαν
782 3811 840 3867 δὲ
890 3811 1052 3867 αὐτὸν
1079 3809 1335 3882 ὀνομάζει
1373 3810 1623 3882 Σολομὼν
1679 3812 1772 3866 ἐπὶ

189 3905 522 3979 Παροιμίαις
577 3904 772 3973 λέγων·
825 3905 890 3959 Ἠ
929 3904 1117 3973 σοφία
1165 3902 1553 3974 ᾠκοδόμησεν
1585 3904 1773 3974 ἑαυτῇ

189 3993 379 4060 οἷκον,
405 3994 503 4050 καὶ
548 3994 840 4064 ὑπήρεισε
883 3995 1150 4061 στύλους
1180 3993 1352 4058 ἑπτὰ,
1383 3995 1478 4047 καὶ
1503 3992 1574 4047 τὰ
1625 3992 1770 4067 ἑξῆς.

190 4088 308 4143 Καὶ
328 4088 409 4140 ὅτι
439 4086 772 4158 προκόσμιος
797 4080 866 4158 ἦν
905 4087 943 4159 η
970 4085 1132 4156 σοφία.
1157 4083 1307 4150 ζῶσα
1340 4083 1434 4139 καὶ
1463 4085 1772 4155 ὑφεστῶσα,

189 4180 358 4244 αὐτὸς
383 4177 658 4232 ἐδίδασκεν
687 4180 751 4231 ὲκ
783 4176 1077 4248 προσώπου
1121 4177 1291 4249 αὐτῆς
1318 4179 1522 4243 ταύτας
1549 4178 1776 4250 προέμε-

183 4287 280 4334 νος
312 4271 413 4333 τὰς
449 4270 650 4339 φωνάς·
701 4269 851 4340 Ἐγὼ
883 4271 924 4339 ἡ
955 4270 1145 4339 σοφία
1173 4270 1610 4338 κατεσκήνωσα
1622 4273 1776 4337 ,ϐου-

1859 526 2022 594 pheta
2059 523 2323 594 loquitur,
2355 519 2553 576 Emitte
2602 521 2781 574 lumen
2825 529 2977 572 tuum
3007 557 3024 584 ,
3065 525 3119 572 et
3161 517 3433 572 ueritatem

1858 629 2028 684 tuam,
2066 616 2162 671 illa
2192 631 2274 672 me
2303 615 2560 670 deducent
2593 614 2658 668 ³⁸.

1931 793 2020 852 l8.
2056 794 2354 850 Veritatem
2392 794 2619 863 insuper
2643 807 2768 849 eum
2803 807 2925 847 cum
2959 799 3176 846 vocaret
3197 787 3436 844 Zorobao

1858 885 1945 942 bel
1974 927 1990 952 ,
2038 885 2282 941 victoria:
2312 885 2554 940 lauream
2595 885 2762 950 tulit,
2797 885 2891 955 qui
2928 898 3112 938 coram
3144 879 3433 936 Persarum

1860 991 2012 1048 rege,
2044 990 2385 1032 memoratur
2401 977 2631 1041 dixisse,
2673 974 2875 1030 Veritas
2912 984 3084 1028 manet
3115 983 3165 1028 et
3185 972 3436 1043 praevalet

1859 1069 1918 1122 in
1956 1078 2231 1124 wternum.
2290 1066 2432 1122 Viuit
2474 1077 2528 1122 et
2561 1078 2840 1137 exsuperat
2886 1068 2941 1121 in
2978 1065 3173 1122 saecula
3215 1063 3436 1120 sarculo-

1861 1160 2200 1232 rnm.Neque
2229 1170 2305 1215 est
2325 1161 2470 1225 apud
2488 1160 2638 1215 illam
2677 1169 2941 1228 respectus
2967 1157 3434 1230 personarum,sed

1854 1253 2122 1323 justitiam
2155 1252 2306 1322 facit,
2346 1253 2412 1304 ab
2461 1252 2659 1322 iniquis
2705 1252 2949 1306 omnibus
2975 1261 3026 1305 et
3057 1250 3235 1321 impiis
3271 1250 3438 1304 absti-

1862 1353 1966 1399 net.
1989 1343 2069 1398 Ad
2090 1358 2210 1412 quae
2236 1342 2480 1398 annectit
2511 1361 2526 1398 :
2561 1341 2737 1412 Ipsius
2767 1353 2941 1397 autem
2972 1343 3068 1408 vis,
3084 1351 3132 1395 et
3166 1340 3436 1410 regalitas,

1861 1445 1912 1491 et
1959 1445 2186 1506 potestas
2211 1479 2224 1504 ,
2255 1445 2304 1490 et
2339 1435 2734 1506 magniﬁcentia
2767 1445 2843 1488 est
2879 1450 2972 1504 per
3008 1435 3184 1488 omnia
3213 1434 3433 1488 secula.

1863 1526 1966 1594 Qui
2017 1526 2160 1581 enim
2194 1527 2379 1582 vivere
2440 1525 2730 1581 veritatem
2783 1527 2959 1592 dixit,
2995 1534 3051 1580 et
3113 1524 3333 1578 vincere
3381 1531 3437 1576 et

1863 1633 2193 1689 exsuperare
2237 1617 2709 1675 :‘evidentissime
2771 1617 3008 1672 ostendit
3062 1613 3436 1672 exsistentiam

1864 1710 2000 1779 ejus.
2042 1711 2110 1766 Et
2160 1719 2578 1781 consequenter,
2629 1724 2688 1766 se
2735 1709 2994 1765 Servatur
3042 1709 3212 1778 ipsam
3256 1705 3439 1778 appel-

1790 1803 1830 1859 B
1861 1803 1935 1858 lat
1988 1805 2308 1870 veritatem,
2346 1811 2401 1860 et
2426 1802 2684 1874 obsignat
2717 1801 3089 1858 testimonium
3127 1797 3440 1855 Zoroliabe-

1860 1895 1944 1952 lis.

1931 2075 2019 2131 l9.
2043 2074 2292 2130 Fluvium
2326 2073 2620 2145 appellavit
2647 2087 2799 2139 eum,
2823 2071 2872 2125 is
2901 2069 2996 2142 qui
3032 2069 3194 2137 dixit,
3221 2066 3435 2122 Flumi-

1862 2168 1943 2222 nis
1969 2169 2193 2236 impetus
2221 2166 2454 2234 lxtiﬁcat
2483 2167 2749 2220 civitatem
2778 2162 2874 2217 Dei
2897 2162 2964 2217 ⁸².
3004 2159 3236 2216 Montem
3261 2158 3435 2213 nomi-

1864 2261 2011 2315 navit
2036 2261 2258 2328 insuper
2286 2257 2379 2329 qui
2404 2256 2544 2312 dixit
2569 2275 2583 2312 :
2610 2254 2842 2310 Montem
2874 2254 2961 2310 cui
2986 2252 3251 2308 benedixit
3269 2249 3436 2318 Deus,

1861 2364 1918 2407 ut
1947 2353 2002 2406 in
2030 2352 2122 2406 illo
2150 2351 2407 2405 habitaret
2427 2349 2497 2403 ³⁸.

1938 2448 1996 2506 »Β
2036 2441 2127 2498 9-0.
2165 2441 2320 2497 Unde
2359 2440 2500 2511 apud
2544 2437 2822 2495 Danielem
2871 2439 2938 2495 de
2977 2449 3159 2496 monte
3194 2439 3390 2513 legitur
3421 2456 3436 2493 :

1867 2535 2090 2590 Excisus
2123 2535 2258 2606 lapis
2304 2536 2418 2588 sine
2447 2533 2691 2588 manibus
2727 2533 2792 2589 “.
2825 2534 2968 2589 Idem
3011 2533 3226 2590 demum
3261 2535 3314 2588 in
3341 2547 3438 2588 ex-

1864 2627 2071 2682 celsum
2101 2635 2341 2682 montem
2369 2629 2456 2683 ubi
2489 2633 2794 2684 recesserat
2823 2625 3125 2682 videbatur.
3148 2626 3253 2682 Per
3282 2641 3458 2680 mon--

1867 2728 1975 2776 tem
2005 2721 2329 2793 intelligitur
2357 2721 2616 2778 divinitas
2657 2721 3062 2792 praexsistens,
3084 2735 3182 2793 per
3209 2720 3438 2792 lapidem

1864 2827 1994 2868 vero
2019 2813 2258 2869 humana
2287 2823 2509 2870 natura.

1934 3003 2026 3062 21.
2055 3004 2160 3062 Sed
2190 3015 2245 3060 et
2270 3005 2421 3061 illum
2465 3004 2734 3077 justitiam
2772 3007 3113 3079 appellarunt
3143 3017 3242 3063 :ut
3276 3009 3320 3063 is
3348 3011 3439 3078 qui

1869 3095 2006 3150 dixit
2036 3113 2050 3150 :
2085 3095 2372 3151 Exsuscita
2415 3098 2682 3167 iustitiam
2730 3099 2794 3154 ab
2832 3097 3050 3154 Oriente
3082 3099 3150 3163 ³⁸,
3188 3107 3244 3154 et
3277 3100 3439 3154 etiam

1864 3187 2086 3258 justitie
2119 3187 2288 3244 solem
2319 3207 2332 3242 :
2363 3197 2424 3244 ut
2465 3189 2511 3244 is
2551 3191 2644 3260 qui
2671 3189 2810 3246 dixit
2851 3209 2866 3248 :
2913 3189 3237 3246 Timentibus
3267 3202 3441 3246 autem

1867 3297 1968 3344 me,
2000 3283 2272 3337 exorietur
2292 3284 2371 3337 sol
2387 3283 2614 3353 justitite
2639 3300 2660 3338 .°
2697 3295 2746 3339 et
2773 3285 2982 3340 sanatio
3005 3286 3060 3340 in
3088 3285 3189 3340 alis
3223 3286 3337 3356 ejus
3354 3285 3400 3319 ³⁸
3423 3304 3440 3340 :

1867 3381 1924 3426 et
1946 3371 2086 3428 alitis
2113 3375 2210 3441 ait,
2243 3373 2457 3430 Occidet
2493 3375 2575 3430 sol
2603 3393 2761 3444 super
2791 3378 3073 3447 prophetas
3096 3421 3110 3445 ,
3139 3377 3231 3448 qui
3263 3394 3444 3431 errare

1869 3463 2071 3533 faciunt
2116 3467 2366 3535 populum
2413 3483 2584 3521 meum
2614 3467 2680 3522 ³⁷.
2718 3467 2846 3524 Haec
2893 3485 2998 3524 non
3031 3478 3344 3539 competunt
3367 3471 3446 3523 vi-

1869 3555 2016 3610 sibili
2065 3556 2193 3614 huic
2229 3557 2373 3626 soli,
2411 3559 2508 3616 sed
2559 3559 2719 3614 alteri
2749 3599 2764 3626 ,
2794 3573 2991 3630 nempe
3030 3557 3212 3614 Verbo
3265 3559 3445 3614 incar—

1871 3656 2018 3703 nato.

1941 3819 2031 3874 22.
2066 3819 2344 3892 Sapientia
2373 3823 2502 3893 quin
2525 3824 2690 3880 etiam
2720 3823 2941 3891 dicitur,
2969 3822 3223 3879 Salomon
3246 3823 3298 3877 in
3314 3821 3447 3878 Pro-

1872 3913 2078 3968 verbiis
2118 3916 2197 3969 alt
2245 3931 2261 3969 :
2320 3913 2598 3986 Sapientia
2645 3917 2748 3972 sibi
2789 3918 3003 3971 domum
3041 3917 3346 3986 adiﬁcauit,
3394 3923 3446 3970 et

1872 4005 2143 4060 substituit
2181 4005 2456 4062 columnas
2501 4017 2699 4078 septem
2733 4008 2800 4075 ³⁸,
2841 4017 2896 4063 et
2949 4021 3074 4077 quae
3119 4013 3444 4076 sequuntur.

1875 4092 2138 4166 Quodque
2183 4106 2314 4153 ante
2352 4097 2614 4153 mundum
2649 4107 2771 4154 erat
2820 4099 2923 4153 ista
2956 4097 3145 4152 vivens
3181 4095 3447 4166 sapientia

1874 4199 1932 4244 et
1959 4187 2285 4254 subsistens,
2313 4190 2472 4246 docet
2502 4189 2644 4246 idem
2670 4229 2686 4256 ,
2720 4191 2810 4246 ubi
2844 4199 3101 4260 tanquam
3137 4203 3202 4244 ex
3242 4201 3337 4242 ore
3367 4187 3451 4255 ip-

1876 4281 1990 4338 sius
2032 4281 2325 4352 Sapientite
2374 4283 2506 4339 istas
2555 4283 2739 4338 emisit
2775 4297 2941 4338 voces
2981 4301 2994 4337 :
3028 4278 3142 4351 Ego
3189 4279 3448 4348 sapientia

184 4363 334 4432 λὴν,
364 4363 464 4417 καὶ
494 4362 744 4433 γνῶσιν,
795 4363 897 4417 καὶ
931 4363 1192 4417 ἔννοιαν.
1233 4363 1380 4433 Ἐγὼ
1421 4364 1760 4420 ἐπεκαλεσά

1878 4371 2110 4426 Ιιιιὺίιαυξ
2138 4373 2470 4443 consilium,‘
2501 4382 2552 4430 et
2600 4375 2899 4439 scientiam,
2955 4382 3007 4428 et
3051 4370 3446 4442 cogitationem.

181 4467 336 4521 μην.
369 4447 484 4504 Εἴθ’
505 4451 634 4521 ἑξῆς
658 4451 946 4521 ἐπιλέγων,
970 4451 1050 4508 Δι’
1064 4451 1212 4522 ἐμοῦ
1229 4452 1342 4524 (51)
1373 4454 1760 4518 ,βασιλεύουσΙ

1881 4461 1993 4533 Ego
2020 4463 2258 4520 inuocaui
2289 4466 2334 4498 "
2369 4488 2382 4524 :
2412 4476 2469 4522 et
2493 4466 2579 4522 his
2615 4467 2894 4536 sequentia
2925 4465 3170 4535 adiungit
3193 4477 3208 4516 :
3233 4459 3340 4516 Per
3368 4478 3450 4515 me

180 4541 491 4610 βασιλεῖς,
513 4543 612 4597 καὶ
639 4546 696 4597 ot
721 4543 1015 4599 δυνάσται
1040 4542 1339 4614 γράφουσι
1357 4544 1770 4624 δικαιοσύνην,

184 4633 268 4687 δι’
297 4633 444 4704 ἐμοῦ
469 4635 823 4706 μεγιστᾶνες
856 4637 1321 4708 μεγαλύνονται,
1369 4637 1470 4693 καὶ
1493 4641 1774 4710 τύραννοι

184 4725 268 4779 δι’
296 4725 442 4794 ἐμοῦ
471 4727 818 4794 κρατοῦσιν.

271 4892 330 4948 >14
364 4886 461 4940 Ed.
494 4885 678 4942 Paris.
709 4900 831 4953 pag.
860 4886 948 4940 98.

267 4957 309 4988 ³¹
358 4955 502 5010 Psal.
556 4972 685 5022 sui,
719 4957 773 5010 5.
874 4957 918 4988 ³²
964 4956 1107 5012 Psal.
1138 4959 1346 5022 va,5.

1883 4570 2030 4625 reges
2051 4568 2272 4626 regnant
2299 4597 2316 4624 ,
2365 4569 2412 4613 et
2445 4559 2742 4614 conditores
2775 4557 2946 4628 legum
2964 4557 3114 4627 justa
3136 4553 3448 4616 decernunt;

1876 4662 1970 4716 per
2003 4664 2084 4704 me
2112 4651 2379 4720 principes
2418 4653 2696 4722 imperant,
2729 4660 2779 4706 et
2798 4660 3032 4722 potentes
3063 4647 3345 4703 decernunt
3360 4645 3451 4713 ju-

1879 4741 2082 4796 stitiam
2108 4743 2176 4800 ”.

1455 4961 1502 4994 ³³
1533 4961 1679 5036 Psal.
1723 4983 1760 5021 ι.

1878 5005 1891 5031 ,
1931 4966 2019 5020 17.
2095 4967 2140 4999 ³⁸
2174 4967 2309 5023 Dan.
2355 4984 2418 5033 tt,
2447 4968 2531 5023 54.
2614 4969 2785 5026 "lea.
2827 4984 2938 5036 xm,
2988 4969 3044 5024 2.
3141 4966 3187 4999 ³⁸
3216 4965 3445 5021 Malach.

186 5042 274 5090 ιν,
317 5027 374 5080 ‘2.
451 5027 493 5059 ⁸⁷
534 5025 698 5083 Mich.
733 5041 834 5092 tu,
861 5025 915 5081 6.
1009 5027 1053 5059 ³⁸
1099 5027 1259 5084 Prov.
1291 5046 1368 5097 ιι,
1412 5032 1464 5086 1.
1544 5033 1752 5092 "Prov.

1878 5025 1898 5103 ',
1931 5036 2019 5104 te,
2069 5037 2158 5092 ιι.
2239 5038 2287 5070 ιο
2327 5025 2458 5095 ibid.
2492 5038 2580 5107 15,
2609 5038 2696 5096 l6.

193 5187 591 5313 Πέὲξὲνγωεο
619 5188 932 5261 Ζοροδάὸηλ
961 5201 1017 5246 et
1052 5189 1232 5258 infra;
1271 5209 1396 5248 mox
1453 5194 1613 5267 vulgo
1663 5199 1775 5254 τῶν

251 5275 445 5311 εοσων.

293 5328 382 5404 ιε)
416 5327 524 5404 Τοῦ
543 5328 612 5382 δὲ
641 5329 748 5404 τοῦ
769 5330 964 5404 λίθου,
985 5330 1099 5400 τὴν
1124 5332 1564 5404 ἀνθρωπότητα.
1601 5336 1775 5396 Locus

197 5413 288 5475 est
328 5401 528 5475 _Daniel
583 5416 644 5455 ιι.
710 5400 904 5475 Qucm_
939 5402 1110 5456 locum
1134 5400 1327 5475 __varie
1385 5400 1770 5475 exposuerunt.

195 5470 452 5547 Iflerique
469 5484 582 5547 _per
617 5471 1102 5547 montem,_beat.im
1133 5472 1408 5547 Virginem
1428 5470 1728 5547 intelligunt
1754 5497 1768 5533 :

197 5542 268 5617 de
292 5557 397 5617 qua
439 5541 557 5595 sine
578 5543 846 5617 manibus,
885 5543 987 5617 hoc
1031 5551 1143 5617 est.
1174 5541 1476 5617 inierventu
1509 5541 1772 5617 humano,

198 5611 460 5686 Christus
483 5613 950 5686 processit,atqu_e
975 5612 1050 5686 ita
1083 5613 1149 5668 de
1180 5613 1414 5669 humana
1450 5617 1565 5672 sola
1597 5611 1764 5686 genie-5

201 5683 414 5758 ratione
450 5681 1119 5758 intelligunt.__Ambros_ius
1169 5686 1318 5754 legit,
1358 5681 1625 5758 montem:
1676 5703 1773 5758 pro

199 5750 400 5820 lapide,
433 5760 490 5806 ut
551 5750 706 5810 mons
764 5752 975 5810 dicatur
1011 5753 1077 5810 de
1129 5750 1312 5812 monte
1344 5750 1773 5823 excisus,'et'de

1875 5211 2075 5258 aeterna
2105 5205 2453 5272 generatione
2484 5201 2602 5257 Filii
2625 5217 2655 5259 e
2675 5199 3158 5272 Patre,_intelligit.
3178 5197 3452 5272 Eusebius

1876 5288 2052 5338 suam,
2069 5267 2131 5328 et'
2141 5288 2332 5328 novam
2370 5273 2636 5328 rationem
2663 5274 2834 5328 inivit.
2859 5267 3190 5326 M.—Délevi
3209 5267 3304 5323 τοῦ
3327 5279 3453 5324 ante

1877 5342 2117 5467 λίθουὲει
2153 5359 2276 5398 mox
2319 5345 2386 5399 ἄν
2416 5343 2575 5413 vulgo
2630 5351 2752 5413 post
2799 5342 2974 5397 ταῦτα
3019 5341 3250 5411 positum
3289 5339 3452 5408 τε]θοὶ

1877 5424 2000 5467 uost
2055 5430 2231 5467 φαοιι..

1913 5424 2000 5467 οει
2025 5424 2231 5467 εωαου..

1876 5429 2000 5484 ροει
2025 5429 2231 5484 εφαρμ.

1882 5553 1889 5554 ί
1949 5483 2062 5554 (50)
2105 5483 2186 5554 Ίῖῷ
2208 5482 2278 5535 ἐν
2323 5483 2503 5554 σαρκὶ
2534 5482 2944 5554 λόγφηΑιὶιοιι,
2981 5482 3273 5554 ἐνσαρκιῳ,
3313 5479 3454 5554 (orte

1875 5549 2293 5625 ὲνσαρκωθέντι.
2327 5549 2519 5625 Omnia
2556 5549 2679 5625 ista,
2715 5552 2970 5625 Christus
2999 5549 3450 5625 in_similitudine,

1875 5637 1979 5675 non
2015 5618 2074 5676 in
2104 5624 2443 5692 proprietate,
2474 5622 2923 5690 aitAugustinus,
2957 5621 3010 5692 in
3053 5618 3200 5674 Psal.
3228 5635 3344 5676 cm.
3377 5618 3448 5672 Μ.

1881 5721 1936 5734 -—
1976 5691 2178 5762 Scripsi
2208 5693 2490 5764 ὲνσάρκῳ;
2527 5709 2648 5764 mox
2681 5692 2838 5764 vulgp
2860 5691 3201 5764 προιέμενος.

1952 5763 2064 5834 (5t)
2127 5761 2533 5819 Βασιλεύουσι
2565 5761 2866 5829 βασιλεῖς.
2908 5761 3100 5818 ⁷Ιιεὶιι
3146 5763 3452 5818 Proverbiis
