3838 6222
385 265 484 319 891

1058 261 1324 318 EUSEBII
1363 263 1832 322 CESARIENSIS
1867 267 2018 322 OPP.
2060 265 2237 319 PARS
2272 265 2358 320 IV.
2399 295 2467 305 —
2507 260 2928 318 DOGMATICA.

3551 263 3664 317 89?.

458 381 530 434 23
561 389 615 433 et
643 378 733 432 24.
769 376 876 432 Sed
906 386 960 431 et
1001 377 1202 446 lignum
1246 380 1375 434 vita
1405 379 1553 434 illum
1579 369 1857 444 Salomon,
1910 391 1965 435 et

2136 376 2242 446 κγ’,
2275 377 2371 430 κδ’.
2420 374 2580 428 Ἀλλά
2612 375 2706 428 καὶ
2737 374 2893 440 ξύλον
2923 373 3090 442 ζωῆς,
3122 375 3216 428 καὶ
3251 375 3456 444 Κύριον
3485 376 3663 428 αὑτὸν

393 471 678 523 Dominum
728 466 1016 537 appellavit
1067 485 1081 521 :
1140 469 1229 522 ubi
1285 471 1408 525 ait:
1441 469 1662 541 Lignum
1695 475 1814 527 vitae
1844 483 1957 537 est,

392 562 632 615 omnibus
667 563 756 629 qui
789 561 1186 628 apprehendunt
1212 563 1422 629 ipsum,
1453 575 1503 617 et
1539 574 1684 618 tutus
1732 566 1832 618 erit
1872 565 1962 629 qui

391 654 445 706 in
469 667 605 714 eam,
633 651 794 705 veluti
823 653 879 706 in
904 651 1182 705 Dominum
1207 655 1451 708 innititur
1472 655 1538 711 εί.

462 741 556 797 25.
593 740 698 796 Sed
730 751 786 796 et
813 742 1123 798 Salomonis
1151 753 1308 811 pater
1342 747 1509 800 David
1542 749 1594 802 in
1624 749 1875 812 Psalmis,
1909 759 1964 804 et

396 834 682 888 Dominum
735 834 893 887 simul
946 844 1101 890 vocat
1149 847 1201 890 et
1250 841 1641 896 sacerdotem:
1687 858 1832 896 nunc
1881 845 1962 896 in-

394 925 590 993 quiens
614 943 628 983 :
663 925 808 979 Dixit
835 925 1096 981 Dominus
1139 928 1366 984 Domino
1396 948 1508 985 meo
1529 973 1543 997 ,
1569 934 1689 988 sede
1711 951 1743 988 a
1766 936 1962 989 dextris

391 1017 620 1084 meis“;
647 1033 791 1071 nunc
821 1019 983 1071 etiam
1017 1037 1029 1072 :
1054 1017 1261 1074 Iuravit
1291 1021 1542 1077 Dominus
1589 1042 1750 1095 neque
1789 1028 1966 1094 resipi-

393 1118 525 1174 scst,
563 1107 641 1162 Tu
673 1126 726 1163 es
755 1107 1016 1165 Sacerdos
1040 1112 1094 1165 in
1119 1123 1390 1181 aeternum,
1420 1117 1708 1170 secundum
1731 1119 1966 1172 ordinent

399 1201 780 1256 Melchisedech
807 1201 876 1255 ⁸³.

469 1291 558 1347 26.
589 1293 693 1347 Sed
725 1304 781 1348 et
810 1294 976 1347 Deum
1027 1294 1171 1349 hunc
1205 1298 1445 1365 agnoscit
1479 1307 1536 1352 et
1578 1298 1862 1368 profitetur
1884 1299 1965 1354 in-

398 1387 596 1453 quiens
621 1403 634 1438 :
663 1385 822 1440 Sedes
860 1396 950 1439 tua
993 1385 1157 1449 Deus,
1195 1388 1254 1439 in
1282 1388 1532 1442 secutum
1559 1391 1740 1444 sreculi
1773 1408 1791 1445 :
1820 1393 1966 1460 virga

399 1477 706 1531 directionis
736 1479 878 1546 virga
903 1481 1046 1548 regni
1076 1480 1177 1533 tui.
1205 1479 1448 1534 Dilexisti
1483 1482 1747 1548 justitiam
1778 1494 1826 1538 et
1851 1485 1968 1537 odi-

399 1567 469 1618 sti
497 1567 866 1635 iniquitatem;
895 1580 1167 1638 propterea
1192 1572 1340 1622 unxit
1373 1581 1420 1624 te
1458 1570 1622 1635 Deus,
1653 1573 1794 1626 Deus
1821 1586 1966 1638 tuus,

404 1657 519 1711 aleo
547 1657 747 1713 latitia:
762 1677 873 1728 prta
904 1663 1229 1716 consortibus
1251 1663 1354 1715 tuis
1378 1663 1444 1716 “.
1474 1664 1614 1720 Deus
1646 1668 1734 1735 qui
1762 1668 1812 1721 in
1847 1668 1968 1723 lStis

405 1767 433 1802 a
466 1750 577 1806 Deo
603 1791 618 1815 ,
658 1763 850 1806 unctus
879 1753 1093 1820 dicitur,
1125 1755 1371 1823 quisnam
1427 1757 1567 1812 alius
1594 1769 1756 1825 esset,
1802 1779 1964 1829 quam

405 1843 495 1910 qui
529 1855 748 1913 propter
773 1846 1084 1900 unctionem
1114 1849 1256 1903 hanc
1283 1857 1587 1918 paternam,
1615 1852 1861 1909 Christus
1883 1869 1971 1911 vo—

405 1945 580 1990 ειιιυτ.

480 2121 539 2178 ιῙ4
590 2116 680 2170 27.
721 2118 848 2172 Erat
907 2119 1046 2174 idem
1100 2121 1204 2175 iste
1253 2129 1307 2175 et
1365 2122 1600 2179 Dilectus
1645 2123 1784 2179 Dei:
1830 2127 1972 2197 quod

404 2205 607 2261 Psalmi
640 2208 782 2264 illius
806 2210 1085 2280 inscriptio
1106 2212 1282 2278 docet,
1310 2212 1423 2269 Ode
1447 2232 1605 2285 super
1619 2215 1879 2272 Dilectum
1903 2219 1970 2273 ".

473 2385 563 2441 28.
598 2388 763 2444 Isaias
789 2396 966 2444 autem
1023 2390 1199 2460 ipsum
1241 2391 1475 2461 appellat
1519 2390 1840 2448 brachium:
1876 2391 1977 2446 Rs—

407 2478 617 2542 aetabit,
651 2478 923 2549 inquiens,
950 2479 1210 2535 Dominus
1243 2483 1519 2535 brachium
1548 2493 1787 2537 sanctum
1821 2500 1973 2537 suum

408 2569 464 2621 in
493 2581 765 2637 conspectu
792 2575 1064 2626 nationum
1093 2573 1160 2628 “.
1182 2571 1350 2629 David
1369 2575 1432 2630 ad
1455 2579 1705 2630 eumdem
1731 2577 1974 2641 modum,

403 2660 670 2726 justitiam
697 2671 752 2717 et
799 2663 1027 2718 salutem
1059 2665 1278 2734 agnovit
1327 2665 1499 2732 illum,
1535 2667 1786 2735 inquiens
1821 2687 1835 2722 :
1873 2667 1974 2721 Re-

410 2752 598 2807 vetavit
633 2753 886 2809 Dominus
915 2756 1146 2810 salutare
1174 2773 1346 2820 suum,
1378 2758 1434 2811 in
1476 2769 1751 2828 conspectu
1808 2761 1976 2814 natio-

411 2866 558 2915 num,
584 2851 825 2905 revelavit
845 2853 1112 2923 justitiam
1141 2873 1289 2910 suam
1316 2857 1385 2908 ⁸⁷.

480 2941 572 2996 29.
608 2941 928 2998 Etitcrum:
963 2945 1282 2999 Annusuiate
1310 2948 1444 3002 diem
1487 2947 1551 3000 de
1604 2949 1690 3002 die
1743 2947 1976 3003 salutare

409 3031 526 3100 ejus
579 3030 647 3086 ⁸⁸.
678 3031 743 3088 Et
774 3032 1020 3089 iterum:
1071 3033 1202 3100 Quis
1251 3037 1396 3089 dabit
1453 3039 1516 3092 de
1558 3037 1690 3093 Sion
1743 3039 1975 3095 salutare

414 3122 589 3177 Israel
608 3123 690 3176 “‘i
715 3124 803 3188 Ει,
840 3124 1069 3180 Ostende
1089 3128 1261 3190 nobis,
1291 3128 1529 3192 Domine,
1558 3132 1790 3184 salutare
1806 3140 1977 3197 tuum,

413 3213 833 3268 misericordiam
866 3225 1010 3269 tatam
1043 3215 1132 3270 des
1173 3217 1318 3271 nobis
1346 3219 1412 3272 '°.
1458 3218 1593 3286 Quid
1629 3235 1764 3289 opus
1791 3233 1895 3286 est,
1924 3230 1981 3274 ut

418 3305 519 3358 ista
561 3305 649 3360 hic
676 3307 926 3376 colligam
959 3308 1273 3376 sigillatim?
1304 3325 1427 3364 cum
1472 3311 1644 3366 cuivis
1672 3311 1834 3368 liceat.
1868 3325 1981 3368 Stu-

417 3395 571 3449 dioso
594 3395 660 3450 de
683 3393 960 3465 Scriptura
985 3396 1242 3451 divinitus
1266 3398 1524 3467 inspirata
1553 3401 1854 3456 istiusmodi
1882 3418 1983 3456 un-

418 3487 690 3556 dirunque
724 3488 1002 3557 colligere.
1036 3487 1246 3557 Ubique
1280 3505 1410 3544 vero
1451 3489 1852 3561 Scripturarum
1883 3508 1981 3562 ap—

417 3588 594 3648 paret,
617 3579 763 3634 viros
789 3581 881 3635 Dei
914 3582 1100 3636 divino
1127 3581 1332 3650 Spiritu
1371 3581 1688 3649 illustratos,
1715 3584 1982 3654 unigeniti

420 3669 514 3724 Dei
547 3671 668 3726 Filii
704 3673 1064 3742 cognitionem
1097 3675 1516 3731 inenarrabilem
1560 3676 1939 3733 manilestasse
1965 3718 1980 3744 ,

419 3758 544 3815 licet
569 3777 675 3816 non
706 3761 848 3818 ultra
907 3765 1163 3834 populum
1213 3765 1548 3821 Judarorum.
1597 3765 1860 3833 Quocirca
1903 3769 1986 3824 di-

421 3852 729 3908 versimode
759 3858 1181 3910 enuntiaverunt
1207 3857 1356 3911 illum
1387 3858 1622 3913 obtectis
1659 3859 1982 3928 quibusdam

421 3945 863 4001 nomenclaturis.
901 3946 1095 4002 Gratia
1144 3950 1289 4002 enim
1339 3949 1429 4003 illa
1466 3950 1891 4019 praedicationis,
1927 3952 1984 4006 in

418 4035 593 4103 ipsius
626 4035 970 4106 praesentiam
995 4047 1050 4094 et
1076 4040 1365 4096 adventum
1387 4041 1799 4097 reservabatur:
1824 4057 1983 4112 quam

419 4128 491 4182 de
519 4129 688 4197 ipsius
719 4128 1025 4194 divinitate,
1052 4146 1150 4201 per
1190 4133 1499 4189 universum
1527 4149 1669 4189 nunc
1716 4143 1986 4189 terrarum

419 4222 634 4284 orbem,
657 4217 825 4274 veluti
872 4221 1144 4290 quoddam
1182 4223 1311 4278 olim
1347 4224 1723 4279 absconditum
1786 4231 1989 4296 myste-

422 4310 564 4365 rium
593 4319 648 4366 et
677 4310 892 4366 silentio
925 4312 1248 4377 involutum,
1283 4313 1523 4371 Ecclesia
1575 4316 1983 4384 proseminavit.

2063 466 2316 540 Σολομὼν
2369 467 2634 520 ἀπεκάλει
2673 465 2864 533 λέγων·
2907 464 3108 518 Ξύλον
3135 463 3285 531 ζωῆς
3323 464 3457 517 ἐστι
3500 463 3665 518 πᾶσι

2061 561 2184 627 τοῖς
2217 557 2636 628 ἀντεχομένοις
2653 555 2862 624 αὐτῆς,
2896 556 2994 609 καὶ
3019 555 3145 621 τοῖς
3172 555 3665 625 ἐπερειδομένοις

2061 653 2154 705 ἐπ’
2170 651 2388 718 αὐτὴν,
2407 650 2487 716 ὡς
2513 649 2610 702 ἐπὶ
2625 650 2863 716 Κύριον,
2877 646 3183 717 ἀσφαλής.

2131 753 2229 800 κε’.
2253 746 2362 798 Καὶ
2392 746 2422 798 ὁ
2450 745 2544 798 τοῦ
2579 745 2926 816 Σολομῶντος
2945 745 3002 798 δὲ
3021 748 3203 816 πατὴρ
3226 746 3392 802 Δασιδ
3418 747 3480 798 ἐν
3508 746 3664 798 Ψαλ-

2067 843 2187 910 μοῖς
2223 839 2358 910 ὁμοῦ
2397 841 2492 892 καὶ
2544 839 2749 910 Κύριον
2789 841 2924 909 ὁμοῦ
2976 839 3070 892 καὶ
3123 839 3277 908 ἱερέα
3313 839 3479 892 αὑτὸν
3539 840 3661 897 (53:

2063 931 2332 1003 ιὺνὸμαζεο
2361 931 2481 984 τοτὲ
2509 930 2606 1002 μὲν
2626 931 2819 999 λέγων’
2851 931 3035 986 Εἶπεν
3064 935 3097 985 ό
3123 932 3333 998 Κύριος
3352 930 3433 996 τῷ
3457 932 3663 999 Κυρίῳ

2060 1042 2198 1093 μουο
2223 1023 2418 1077 Κάθου
2447 1023 2516 1076 ἐκ
2538 1022 2751 1087 δεξιῶν
2759 1041 2898 1091 μουο
2917 1023 3039 1076 τοτὲ
3065 1023 3118 1075 δὲ
3149 1025 3397 1091 φάσκων
3423 1026 3662 1093 Ὠμοσε

2066 1117 2298 1183 Κύριος,
2333 1115 2431 1170 καί
2459 1118 2556 1190 ¹οὐ
2595 1114 3173 1184 μεταμεληθήσεται·
3209 1116 3292 1169 Σὺ
3332 1115 3531 1184 ἱερεὺς
3569 1118 3664 1182 εἰς

2067 1208 2173 1260 τὸν
2195 1204 2401 1271 αἰῶνα,
2435 1205 2586 1260 κατὰ
2632 1206 2750 1274 τὴν
2777 1204 2888 1268 τάξ
2893 1223 2949 1260 ιν
2971 1205 3362 1276 Μελχισεδέκ.

2137 1304 2249 1361 κς’.
2299 1297 2412 1351 Καὶ
2458 1297 2591 1351 Θεὸν
2617 1297 2675 1351 δὲ
2718 1297 2882 1351 αὐτὸν
2930 1293 3068 1351 οἶδεν
3092 1298 3374 1368 ὁμολογεῖν
3402 1299 3431 1350 ὁ
3463 1297 3660 1358 αὐτὸς,

2069 1388 2312 1458 φάσκων·
2360 1389 2412 1441 '0
2443 1390 2656 1456 θρόνος
2688 1405 2826 1452 σου,
2861 1392 2894 1443 ό
2915 1389 3076 1454 Θεὸς,
3099 1391 3186 1454 εὶς
3201 1387 3308 1441 τὸν
3338 1385 3529 1441 αἰῶνα
3554 1387 3665 1439 τοῦ

2067 1480 2300 1548 αἰῶνος,
2316 1480 2538 1549 ῥάϐδος
2554 1481 2878 1548 εὐθύτητος
2900 1481 2939 1548 ἡ
2961 1479 3183 1549 ῥάϐδος
3205 1479 3316 1548 τῆς
3327 1479 3666 1544 ,ϐασιλείας

2068 1587 2202 1625 σου.
2246 1567 2583 1637 Ἠγὰπησας
2605 1568 3019 1638 δικαιοσύνην,
3059 1569 3155 1623 καὶ
3181 1569 3484 1638 ἐμίσησας
3518 1568 3666 1620 ἀνο-

2064 1663 2232 1731 μίανο
2259 1661 2358 1715 διὰ
2406 1660 2581 1716 τοῦτο
2635 1661 2843 1730 ἕχρισέ
2888 1677 2962 1716 σε
3017 1664 3051 1716 ό
3081 1660 3247 1726 Θεὸς,
3290 1663 3322 1714 ό
3352 1661 3500 1724 Θεός
3539 1675 3664 1711 σου

2069 1754 2276 1808 ἔλαιον
2314 1751 2730 1822 ἀγαλλιάσεως
2781 1753 2941 1820 παρὰ
2971 1753 3115 1818 τοὺς
3163 1752 3461 1822 μετόχους
3515 1764 3660 1802 σου.

2070 1845 2200 1909 Θεὸς
2225 1842 2334 1912 γὰρ
2368 1845 2426 1896 ὲν
2479 1841 2690 1905 τούτοις
2721 1842 3004 1913 χριόμενος
3032 1842 3136 1895 ὑπὸ
3157 1841 3250 1895 τοῦ
3291 1839 3429 1896 Θεοῦ
3468 1838 3562 1901 τίς
3593 1839 3665 1890 ἂν

2071 1937 2257 2007 ἔτερος
2285 1937 2367 2006 εἴη
2396 1935 2428 2007 ἢ
2455 1935 2636 1998 αὐτὸς,
2661 1937 2688 1988 ὁ
2710 1934 2796 1988 διὰ
2827 1935 2887 1988 τὸ
2912 1936 3117 2006 χρίσμα
3136 1936 3196 1988 τὸ
3238 1933 3507 2004 πατρικὸν
3533 1932 3664 2000 Χρι-

2074 2027 2196 2089 στὸς
2219 2025 2677 2096 ἀνηγορευμένος.

2143 2117 2246 2184 κζ’.
2284 2119 2340 2172 '0
2363 2118 2406 2170 δ’
2439 2118 2600 2179 αὐτὸς
2635 2112 2788 2179 οὗτος
2816 2115 2909 2168 καὶ
2953 2111 3260 2179 Ἀγαπητὸς
3295 2104 3364 2179 ἦν
3382 2109 3477 2162 τοῦ
3495 2108 3658 2164 Θεοῦ·

2071 2210 2100 2264 ὃ
2127 2211 2191 2282 δὴ
2225 2210 2552 2282 παρίστησιν
2582 2210 2696 2279 (55)
2729 2211 2761 2278 ή
2809 2207 2901 2260 τοῦ
2935 2203 3164 2274 Ψαλμοῦ
3218 2201 3517 2273 προγραφὴ
3565 2219 3665 2254 πε-

2079 2302 2350 2372 ριέχουσα,
2383 2301 2520 2372 ’ῼὸἡ
2553 2299 2703 2367 ὑπὲρ
2721 2298 2825 2352 τοῦ
2851 2296 3200 2365 Ἀταπητοῦ.

2145 2401 2251 2464 κη’.
2313 2394 2538 2456 Ἡσαΐας
2573 2393 2628 2445 δὲ
2675 2390 2933 2462 βραχίονα
2967 2388 3128 2442 αὐτὸν
3163 2388 3430 2442 ἀπεκάλει
3462 2388 3655 2454 λέγων’

2089 2486 2495 2554 Ἀποκαλύψει
2523 2485 2736 2550 Κύριος
2761 2483 2866 2536 τὸν
2882 2481 3184 2550 βραχίονα
3208 2479 3318 2532 τὸν
3354 2479 3530 2548 ἅγιον
3558 2483 3660 2534 αὑ-

2076 2576 2182 2632 τοῦ
2223 2575 2480 2630 ἐνώπιον
2535 2572 2776 2629 πάντων
2799 2569 3008 2626 ἐθνῶν.
3065 2571 3173 2624 Καὶ
3216 2568 3381 2623 Δαὸὶδ
3419 2568 3558 2638 ὁμοῦ
3587 2568 3661 2620 δι-

2077 2667 2366 2738 καιοσύνην
2407 2667 2502 2723 καὶ
2531 2658 2804 2736 σωτήρίαν
2836 2664 2997 2718 αὐτὸν
3030 2663 3311 2732 ἠπίστατοο
3343 2661 3425 2714 διὸ
3455 2661 3656 2728 ἔλεγεν·

2089 2760 2403 2830 Ἐγνώρισε
2453 2759 2668 2826 Κύριος
2717 2755 2785 2812 τὸ
2837 2754 3132 2822 σωτήριον
3178 2751 3365 2806 αὐτοῦ
3409 2751 3663 2805 ἐνώπιον

2078 2846 2196 2901 τῶν
2223 2843 2431 2901 ἐθνῶν
2477 2841 2834 2911 ἀπεκάλυψε
2880 2838 2996 2907 τὴν
3033 2837 3431 2904 δικαιοσύνην
3453 2836 3659 2890 αὐτοῦ.

2151 2939 2251 2994 κθν.
2287 2938 2394 2991 Καὶ
2433 2937 2612 2990 πάλιν·
2649 2932 3118 3015 Εὑαγγελίζεσθε
3159 2930 3388 3000 ἡμέραν
3426 2929 3496 2993 ἑξ
3525 2929 3663 2996 ἠμέ-

2071 3051 2187 3102 ρας
2219 3032 2284 3086 τό
2309 3030 2604 3099 σωτήριον
2627 3026 2834 3081 αὑτοῦ·
2883 3026 2994 3078 Καὶ
3028 3019 3199 3086 αὖθις-
3244 3023 3338 3088 Τίς
3366 3021 3551 3075 δώσει
3598 3022 3665 3073 ἐκ

2084 3125 2236 3181 Σιὼν
2261 3123 2328 3178 τὸ
2360 3122 2654 3189 σωτήριον
2680 3118 2788 3174 τοῦ
2817 3115 3086 3187 Ἰσραήλ;
3117 3115 3235 3170 καί’
3271 3113 3480 3180 Δεῖξον
3501 3113 3632 3184 ἡμῖν
3650 3156 3663 3177 ,

2081 3218 2277 3285 Κύριε,
2311 3215 2376 3268 τὸ
2414 3213 2586 3278 ἔλεός
2614 3225 2751 3273 σου,
2783 3209 2881 3263 καὶ
2920 3209 2988 3262 τὸ
3023 3205 3318 3276 σωτήριόν
3347 3222 3465 3260 σου
3512 3205 3666 3272 δῴη(-

2081 3309 2246 3380 ήμῖν.
2271 3308 2382 3361 Καὶ
2407 3307 2460 3360 τί
2493 3322 2559 3377 με
2577 3305 2658 3358 δεῖ
2681 3302 2803 3357 καθ’
2827 3302 3055 3356 ἕκαστον
3095 3299 3489 3367 avulsi-recent;
3522 3315 3660 3366 παρ-

2081 3401 2140 3454 ὸν
2208 3399 2284 3470 τῷ
2317 3395 2607 3468 φιλομαθεῖ
2648 3393 2719 3448 τὰ
2770 3391 2998 3447 τοιαῦτα
3041 3391 3296 3460 συνάγειν
3324 3390 3402 3454 ’ἐξ
3451 3389 3665 3456 ἀπάσης

2083 3493 2180 3562 τῆς
2229 3489 2583 3544 Θεοπνεύστου
2641 3485 2884 3557 Γραφῆς·
2931 3485 2996 3537 δι’
3030 3477 3098 3554 ἧς
3151 3483 3434 3550 φαίνονται
3484 3482 3534 3531 οἱ
3576 3477 3666 3529 τοῦ

2083 3585 2216 3639 Θεοῦ
2249 3583 2520 3654 ἅνθρωποι
2555 3579 2634 3650 τῷ
2661 3578 2790 3645 θείῳ
2820 3576 3097 3646 Πνεύματι
3140 3572 3526 3643 φωτισθέντες,
3575 3569 3666 3638 τὴν

2084 3676 2179 3730 τοῦ
2207 3672 2542 3743 Μονογενοῦς
2565 3670 2696 3724 Υἱοῦ
2727 3669 2820 3722 τοῦ
2850 3667 2986 3720 Θεοῦ
3010 3665 3211 3734 γνῶσιν
3239 3664 3556 3734 ἀπόρρητον
3582 3657 3666 3714 οὗ-

2087 3786 2186 3822 σαν
2216 3768 2354 3830 τότε,
2408 3767 2500 3819 καὶ
2550 3763 2619 3816 τὰ
2667 3749 2849 3833 πλήθη
2895 3757 3364 3828 διαλαμϐάνουσαν
3409 3755 3526 3825 (54)
3578 3751 3666 3805 τοῦ

2098 3859 2366 3914 Ἰουδαίων
2399 3855 2551 3910 λαοῦ.
2586 3855 2677 3908 Διδ
2723 3853 2818 3906 καὶ
2865 3850 3137 3922 διαφόρως
3166 3848 3326 3902 αὑτὸν
3368 3844 3668 3914 ὲξεφὼνουν

2086 3949 2522 4020 κεκαλυμμέναις
2551 3949 2673 4008 ταῖς
2701 3942 3043 4013 ὲπηγορίαις.
3075 3940 3436 4008 Ἐφυλάττετο
3467 3936 3578 4006 γὰρ

2088 4041 2252 4095 αὑτοῦ
2293 4039 2567 4110 παρουσίᾳ
2598 4039 2632 4108 ἡ
2675 4034 2831 4106 χάρις
2856 4033 2951 4087 τοῦ
2987 4031 3344 4104 κηρύγματος
3394 4026 3496 4090 τῆς
3543 4026 3667 4095 περὶ

2089 4132 2250 4188 αὐτοῦ
2285 4130 2581 4200 θεολογίας,
2611 4130 2678 4202 ἢν
2715 4129 2836 4184 καθ’
2865 4127 2995 4200 ὅλης
3021 4124 3125 4195 τῆς
3151 4119 3479 4191 οἰκουμένης
3506 4120 3541 4190 ἡ
3576 4118 3668 4170 αύ-

2088 4226 2182 4281 τοῦ
2220 4215 2534 4294 Ἐκκλησία,
2569 4223 2759 4295 ὥσπερ
2779 4239 2832 4276 τι
2864 4220 3030 4276 πάλαι
3071 4215 3299 4287 κρύφιον
3328 4211 3424 4264 καὶ
3450 4226 3664 4279 σεσιγη-

2092 4319 2249 4393 μένον
2280 4318 2574 4389 μυστήριον
2605 4312 3012 4386 παραλαϐοῦσα,
3051 4306 3390 4379 σεμνύνεται.

491 4401 583 4457 30.
615 4402 732 4458 Hoc
757 4403 932 4472 ipsum
959 4419 1055 4460 nos
1082 4406 1265 4460 docuit
1315 4406 1530 4472 divinus
1563 4407 1853 4476 Apostolus
1900 4407 1974 4461 in-

2163 4411 2227 4464 λν.
2261 4408 2430 4463 Τοῦτο
2475 4407 2606 4478 γοῦν
2654 4407 2749 4460 καὶ
2789 4407 2818 4458 ὁ
2861 4405 3003 4466 θεῖος
3066 4397 3388 4459 Ἀπόστολος
3435 4394 3665 4448 διδάσκει

423 4495 615 4564 quiens
649 4513 664 4549 :
702 4494 1004 4550 Secundum
1031 4498 1471 4568 dispensationem
1517 4498 1648 4565 Dei,
1691 4515 1809 4569 qua
1859 4501 1985 4552 data

421 4600 496 4641 est
525 4590 654 4642 mihi
682 4605 807 4659 erga
837 4607 949 4655 vos,
971 4591 1256 4660 adimplere
1275 4593 1486 4647 verbum
1520 4592 1637 4658 Dei,
1679 4594 1984 4662 mysterium

423 4681 559 4734 illud
585 4684 722 4751 quod
740 4700 770 4736 a
794 4683 986 4737 steculo
1004 4684 1370 4739 absconditum
1394 4688 1564 4754 {uerat
1607 4684 1664 4737 in
1691 4685 1986 4754 generatio-

426 4772 576 4825 nibus
605 4789 623 4826 :
648 4789 786 4827 nunc
838 4783 1012 4828 autem
1040 4775 1428 4844 manifestatum
1473 4784 1546 4828 est
1581 4775 1776 4827 sanctis
1822 4774 1936 4842 ejus
1966 4811 1982 4837 ,

497 4939 557 5010 >15
589 4936 687 5010 Ed.
720 4937 896 4992 Paris.
932 4954 1054 5010 pag.
1095 4939 1183 4994 99.

508 5006 552 5038 “
595 5007 750 5062 Prov.
793 5025 870 5076 ιιι,
905 5006 1030 5065 18.“
1109 5009 1155 5042 ⁸³
1194 5008 1337 5062 Psal.
1372 5024 1480 5065 CIX.
1509 5008 1562 5062 1.

426 5074 472 5108 ⁸⁷
502 5075 645 5133 Psal.
683 5074 929 5145 xcvn,'2.
1004 5079 1050 5113 ”
1100 5080 1244 5136 Psal.
1277 5095 1397 5147 xcv,
1452 5078 1506 5133 2.

1675 5007 1721 5040 “
1762 5008 1892 5062 ibid.
1925 5007 1978 5060 4.

429 5289 623 5358 legitur
649 5307 664 5342 :
694 5300 750 5346 et
769 5291 860 5344 hic
885 5289 1193 5358 aliquoties,
1219 5288 1357 5357 apud
1386 5297 1649 5341 nostrum.
1678 5283 1747 5340 Μ.
1780 5316 1849 5326 -
1873 5285 1991 5340 Mox

2093 4505 2266 4572 λέγων
2283 4518 2296 4531 ·
2323 4502 2486 4556 Κατὰ
2515 4500 2628 4568 τὴν
2659 4497 3005 4565 οἰκονομίαν
3027 4491 3133 4546 τοῦ
3157 4489 3327 4553 Θεοῦ,
3348 4487 3470 4553 τὴν
3498 4484 3666 4538 δοθεῖ-

2092 4593 2214 4650 σάν
2223 4611 2324 4664 μοι
2337 4596 2423 4659 εὶς
2441 4590 2617 4660 ὑμᾶς,
2637 4587 2951 4658 πληρῶσαι
2971 4585 3078 4638 τὸν
3090 4583 3274 4651 λόγον
3297 4577 3403 4632 τοῦ
3420 4577 3590 4638 Θεοῦ,
3607 4574 3662 4626 τὸ

2086 4687 2422 4756 μυστήριον
2436 4683 2502 4736 τὸ
2521 4677 3049 4749 ἀποκεκρυμμένον
3059 4673 3174 4729 ἀπὸ
3196 4669 3314 4726 τῶν
3327 4670 3562 4724 αίώνων
3574 4681 3662 4721 και

2092 4776 2208 4830 ἀπὸ
2223 4774 2340 4829 τῶν
2363 4771 2583 4844 γενεῶν
2599 4789 2610 4800 ·
2636 4772 2772 4826 νυνί
2788 4769 2856 4823 δὲ
2873 4764 3213 4838 ἐφανερώθη
3229 4761 3354 4828 τοῖς
3365 4762 3562 4831 ἁγίοις
3580 4763 3665 4813 αὑο

3225 4993 3272 5026 ⁸⁸
3297 4991 3401 5046 lsa.
3452 5004 3570 5055 un,
3618 4988 3660 5040 l.

2102 5005 2149 5037 “
2187 5004 2329 5059 Psal.
2361 5019 2504 5068 xuv,
2539 5003 2590 5064 7,
2643 5003 2696 5056 8.
2797 4997 2843 5030 "
2878 4998 3008 5055 ibid.
3047 4997 3100 5050 l.

1608 5078 1652 5111 ⁸³
1701 5078 1845 5134 Psal.
1879 5093 1998 5140 xm,
2031 5077 2083 5131 7.
2171 5078 2217 5108 ⁸ο
2278 5076 2418 5131 Psal.
2447 5089 2671 5137 LXXXIV,
2701 5070 2754 5124 8.

2099 5281 2194 5336 τοῦ
2221 5277 2528 5350 ἀγαπητοῦ.
2557 5277 2628 5330 Μ.
2658 5275 2919 5350 τδιιριιο
2963 5271 3120 5344 vulgo
3142 5272 3172 5326 ὁ
3197 5269 3256 5324 δὲ
3309 5284 3447 5339 παρ.
3476 5276 3530 5322 et
3556 5281 3660 5321 mox

429 5345 586 5432 ydlgp
639 5345 999 5432 μεγαλοῦνταῖ
1050 5370 1104 5416 et
1140 5345 1596 5431 ἀντέρειδομένοις
1625 5359 1714 5411 ὲπ.
1747 5369 1802 5412 et
1847 5359 1973 5411 dees

2101 5345 2435 5432 ὲπιὲαλεῖρι
2457 5345 2900 5432 εύαγγξλίσασθελ

429 5428 579 5502 ὁμοῦ
594 5428 714 5502 post
739 5431 992 5502 ψαλμοῖς.

2173 5422 2284 5504 (54)
2859 5413 3034 5504 λαοιῖ.
3095 5408 3655 5504 Locushdegravams:

1135 5510 1187 5553 et
1239 5516 1362 5556 mox
1411 5501 1506 5555 καὶ
1549 5500 1678 5553 Δεὸν
1724 5499 1780 5552 δὲ
1834 5495 1974 5550 αύτὺε

2100 5477 2200 5549 nec
2229 5477 2345 5546 sine
2368 5491 2572 5544 codicis
2587 5487 2786 5542 auxilio
2818 5485 3110 5566 sanandus,
3155 5484 3372 5564 Opinor.
3397 5477 3543 5584 id:-
3557 5477 3652 5584 Mn:

2097 5565 2251 5584 ___-I_A-
2288 5561 2375 5584 __-1'.
2399 5559 2529 5584 O--_".
2565 5561 2607 5584 -2
2643 5574 2783 5584 _-....
2841 5567 2893 5584 ιιι
2917 5571 3103 5584 ..ιιι-ιη...
3136 5567 3436 5584 ..ιιΠιΡἿιΑΙῆΙΙ
3542 5563 3624 5584 νῆ’

430 5568 798 5646 οἶδεν-ειξιιςικιι
817 5568 1294 5646 ἀναγορευόμενος.
1398 5641 1408 5646 _
1482 5642 1536 5646 __
1614 5641 1624 5646 _

501 5639 609 5706 (5'5)
645 5641 752 5712 Τοῦ
802 5637 1050 5712 Ψαλμὸῦ
1104 5637 1433 5712 προγραφή.
1482 5641 1735 5712 Ἐκείνου⁸
1761 5637 1994 5712 scilicet,

433 5722 522 5764 aut
556 5710 742 5779 αὑτοῦ,
773 5707 959 5783 nempe
989 5714 1076 5781 44,
1099 5707 1548 5783 ςιιῇιιὲἰιιὲειὶριίο
1579 5721 1679 5777 est,
1709 5707 1818 5780 ᾠδὴ
1850 5708 1996 5776 ὑπὲρ

2096 5547 2379 5700 νιιιμοξτοῦ
2399 5559 2531 5615 Θεοῦ
2563 5561 2611 5612 οἱ
2642 5574 2803 5630 προφ.
2839 5567 2896 5613 et
2917 5553 3104 5608 τούτου
3135 5547 3436 5623 μυστηρίου
3469 5559 3520 5602 et
3542 5547 3654 5598 κατὰ

2100 5635 2199 5700 τὴν
2225 5635 2251 5689 ὲ
2289 5673 2302 5686 .

2100 5635 2199 5706 τὴν
2225 5635 2302 5700 ἐξ.
