3838 6222
160 308 270 362 893

1120 305 1206 359 DE
1246 305 1780 361 ECCLESIASTICA
1833 307 2228 363 THEOLOGIA
2269 309 2398 366 LIB.
2435 309 2476 364 Ι.

3297 315 3404 370 894

155 418 292 479 τοῦ,
324 411 414 482 οἷς
439 416 738 485 ἐθέλησεν
755 421 786 471 c‘
805 417 947 484 Θεὸς
977 419 1282 488 γνωρίσαι,
1315 419 1407 483 τίς
1422 421 1454 470 ό
1474 418 1734 485 πλοῦτος

1839 437 1964 492 quos
2006 420 2164 480 voluit
2222 421 2360 475 Deus
2415 437 2740 490 cognoscere,
2783 439 3024 493 quianam
3066 427 3169 479 sint
3203 427 3404 482 divitiw

155 505 268 574 τῆς
287 505 469 576 δόξης
486 507 591 562 τοῦ
595 511 930 577 μυστηρίου
944 510 1157 563 τούτου
1172 509 1240 562 ἐν
1254 506 1378 572 τοῖς
1391 509 1650 568 ἔθνεσιν,
1671 508 1736 575 ὅς

153 601 289 652 ἐστι
308 595 558 668 Χριστὸς
571 600 638 652 ἐν
652 599 812 670 ὑμῖν,
832 602 869 668 ἡ
885 601 1060 666 ἐλπὶς
1071 599 1180 668 τῆς
1193 599 1397 667 δόξης.
1415 601 1576 671 Ὀρᾷς
1592 600 1738 664 ὅπως

160 687 460 762 μυστήριον
504 685 572 762 ἦν
627 692 1116 764 ἀποκεκρυμμένον
1181 691 1463 764 πρότερον,
1523 691 1639 744 νυνὶ
1681 691 1735 743 δέ

157 781 496 851 φανερωθὲν,
526 785 554 836 ὁ
588 783 712 847 Υἱὸς
737 783 830 837 τοῦ
860 783 1014 839 Θεοῦ.
1042 784 1240 855 Διόπερ
1270 784 1319 836 οἱ
1356 785 1453 854 μὲν
1485 782 1576 836 τοῦ
1601 782 1734 835 Θεοῦ

157 875 436 944 προφῆται
473 874 549 946 τῷ
592 876 909 948 προφητικῷ
955 877 1226 946 πνεύματι
1262 875 1535 946 μυστικῶς
1576 875 1735 928 αὐτὸν

159 969 494 1038 ἐθεολόγουν.
537 970 611 1023 Τό
641 969 696 1023 δὲ
742 969 942 1040 πλῆθος
989 969 1083 1022 τοῦ
1127 969 1391 1023 Ἰουδαίων
1442 969 1626 1032 ἔθνους
1679 971 1735 1021 ἐν

158 1062 355 1132 ἀγνοίᾳ.
390 1061 650 1132 ἐτύγχανε
693 1061 784 1114 τοῦ
834 1061 1213 1134 κεκρυμμένου
1261 1061 1579 1132 μυστηρίου·
1616 1060 1735 1112 ὅθεν

156 1153 292 1205 Θεὸν
336 1153 432 1223 μὲν
463 1153 769 1208 ἐδιδάσκετο
796 1155 891 1206 ἕνα
934 1155 1150 1217 εἰδέναι,
1180 1153 1268 1207 διὰ
1293 1152 1351 1206 τὸ
1389 1156 1454 1224 τῇ
1488 1152 1735 1222 πολυθέῳ

157 1245 338 1318 πλάνῃ
370 1245 609 1316 συνεχῶς
644 1246 1039 1318 ύποσύρεσθαι·
1097 1246 1315 1316 Πατέρα
1359 1245 1415 1298 δὲ
1465 1244 1592 1298 ὅντα
1643 1243 1734 1297 τόν

155 1337 291 1390 Θεὸν
321 1337 447 1390 Υίοῦ
474 1337 566 1390 τοῦ
592 1337 928 1406 Μονογενοῦς
961 1339 1163 1408 ἠγνόει·
1189 1337 1346 1390 τοῦτο
1373 1336 1480 1408 γὰρ
1509 1335 1735 1405 ἐφυλάτ-

154 1447 280 1482 τετο
338 1432 402 1501 τῇ
481 1429 541 1494 ἐξ
570 1428 736 1484 ἐθνῶν
779 1429 1072 1500 Ἐκκλησία
1116 1428 1177 1480 τὸ
1234 1427 1551 1498 μυστήριον,
1613 1426 1732 1479 κατ’

153 1521 434 1593 ἐξαίρετον
489 1521 644 1593 χάριν
693 1522 827 1592 αὐτῇ
876 1520 1266 1591 δεδωρημένον.
1313 1520 1398 1572 Ἐν
1424 1518 1572 1589 αύτῷ
1627 1520 1736 1589 γάρ

153 1611 284 1675 εἰσι,
317 1609 454 1662 κατὰ
497 1610 587 1663 τὸν
625 1609 962 1675 ’Λπόστολον,
995 1610 1195 1672 πάντες
1235 1610 1284 1660 οἱ
1329 1606 1589 1678 θησαυροὶ
1635 1611 1733 1679 τῆς

155 1701 351 1770 σοφίας
403 1701 498 1755 καὶ
526 1702 779 1770 γνώσεως
808 1703 1137 1774 ἀπόκρυφοι.
1182 1701 1339 1754 Ἀλλά
1374 1699 1482 1773 γὰρ
1531 1702 1619 1756 διὰ
1647 1719 1732 1755 το-

1838 515 2072 582 mysterii
2097 515 2249 567 islius
2279 515 2330 567 iu
2356 514 2617 582 gentibus,
2648 513 2738 582 qui
2779 524 2852 568 est
2889 513 3130 569 Christus
3157 518 3210 569 in
3239 519 3400 580 vobis,

1836 623 1952 676 spes
1989 607 2172 676 gloria:
2193 607 2309 677 ejus
2337 605 2404 658 ⁸¹.
2446 604 2605 660 Vides
2651 615 2709 660 ut
2735 606 3109 662 absconditum
3150 609 3254 664 hoc
3281 593 3402 678 my.-

1835 699 2060 754 sterium
2101 698 2278 752 fuerat
2312 699 2458 768 prius
2485 739 2503 765 ,
2537 713 2680 754 nunc
2714 706 2892 753 autem
2920 698 3217 754 revelatum
3253 719 3266 754 :
3310 699 3400 753 Fi-

1835 791 1939 844 lius
1975 791 2092 845 Dei.
2148 789 2483 858 Quapropter
2536 791 2813 859 propheta:
2865 790 2957 844 Dei
3009 791 3295 860 mysticum
3347 794 3398 844 in

1837 885 2055 937 modum
2116 882 2434 954 prophetico
2483 880 2689 950 Spiritu
2737 897 2859 937 eum
2917 881 3277 948 deiﬁcarunt;
3307 883 3402 938 Ju-

1833 977 2076 1032 daeorum
2122 985 2300 1030 autem
2322 975 2498 1030 omnis
2526 974 2818 1029 multitudo
2839 975 2892 1030 in
2917 975 3217 1044 ignorantia
3244 975 3399 1030 istius

1836 1068 2080 1141 mysterii
2133 1068 2518 1138 persistebant.
2579 1066 2747 1120 Deum
2785 1067 3001 1136 quidem
3033 1082 3199 1120 unum
3231 1082 3399 1136 agno-

1834 1176 1984 1216 scere
2015 1160 2212 1225 edocti,
2236 1174 2300 1214 eo
2332 1159 2474 1228 quod
2531 1158 2585 1212 in
2625 1172 2842 1212 errores
2873 1158 2939 1211 de
2977 1159 3198 1211 deorum
3255 1157 3399 1210 mul-

1838 1251 2066 1304 titudine
2096 1250 2289 1318 saepius
2313 1247 2802 1303 abstrahebantur:
2831 1245 3048 1302 Patrem
3077 1261 3205 1301 vero
3230 1247 3396 1301 Deum

1835 1339 2093 1408 unigeniti
2125 1339 2208 1393 sui
2234 1337 2351 1392 Filii
2385 1338 2727 1407 ignorabant.
2779 1337 2914 1393 Nam
2954 1338 3058 1393 hoc
3108 1338 3174 1392 de
3219 1340 3398 1407 genti-

1835 1430 1938 1485 bus
1985 1429 2244 1485 Ecclesia:
2291 1429 2671 1483 reservabatur
2719 1427 3038 1498 mysterium
3067 1467 3083 1491 ,
3140 1438 3394 1497 tauquam

1837 1518 2016 1590 gratia
2053 1518 2297 1588 quaedam
2331 1517 2628 1580 excellens,
2654 1517 2754 1586 ipsi
2788 1517 3168 1587 impertienda.
3220 1524 3279 1580 p3
3337 1515 3393 1570 In

1837 1613 1951 1680 ipso
1982 1609 2126 1665 enim
2160 1618 2307 1676 sunt,
2345 1609 2486 1678 quod
2503 1609 2793 1678 Apostolus
2821 1609 3076 1664 observat
3102 1607 3172 1672 ",
3206 1620 3398 1661 omnes

1839 1705 2078 1759 thesauri
2104 1700 2406 1757 absconditi
2427 1700 2775 1768 cognitionis.
2835 1698 3122 1754 Enimvero
3159 1705 3237 1751 tot
3283 1697 3396 1764 jam

156 1769 363 1845 σούτων
383 1796 411 1846 ό
434 1769 690 1847 τοῦΘεοῦ
740 1795 930 1862 Λόγος,
1022 1769 1080 1846 ἐν
1109 1795 1250 1866 ἀρχῇ
1290 1796 1426 1867 πρὸς
1452 1769 1556 1847 ⁷τὸν
1579 1793 1730 1856 Θεὸν,

1837 1796 2184 1861 testimoniis,
2214 1793 2309 1848 Dei
2339 1792 2470 1847 illud
2510 1791 2742 1846 Verbum
2769 1790 2911 1860 quod
2965 1789 3018 1843 in
3071 1789 3226 1843 initio
3275 1796 3399 1842 erat

153 1883 216 1934 ού
272 1884 429 1952 μόνον
473 1883 642 1950 Λόγος
689 1882 1043 1952 κεκλημένος,
1081 1883 1156 1945 ὼς
1189 1882 1506 1954 Μάρκελλος
1539 1881 1730 1946 οἴεται,

153 1972 466 2044 ἀπεδείχθη,
503 1974 639 2026 ἀλλά
672 1975 764 2026 καὶ
796 1972 941 2036 Υἱὸς,
975 1974 1066 2026 καὶ
1093 1975 1423 2046 Μονογενὴς,
1457 1974 1550 2026 καὶ
1597 1972 1731 2042 φῶς,

153 2064 250 2116 καὶ
282 2065 464 2132 ἄρτος,
495 2062 833 2134 καὶΊησοῦς,
861 2064 954 2116 καὶ
980 2065 1232 2131 Χριστὸς,
1263 2066 1358 2117 καὶ
1385 2065 1608 2136 Κύριος,
1641 2066 1735 2118 καὶ

152 2156 461 2227 ἀρχιερεὺς.
488 2157 581 2209 καὶ
602 2155 962 2228 ἀπαύγασμα,
986 2156 1080 2209 καὶ
1101 2158 1408 2229 χαρακτὴρ,
1432 2158 1526 2210 καὶ
1548 2155 1731 2219 είκὼν,

151 2247 248 2298 καὶ
275 2247 624 2315 Πρωτότοκος
664 2248 844 2320 πάσης
876 2250 1126 2314 κτίσεως,
1156 2250 1251 2303 καὶ
1284 2250 1434 2322 πηγὴ
1455 2250 1615 2323 ζωῆς,
1641 2251 1735 2305 καὶ

153 2336 406 2408 ἀλήθεια,
436 2340 527 2391 καὶ
554 2341 816 2410 ποταμὸς,
865 2341 961 2395 καὶ
991 2341 1325 2413 δικαιοσύνη,
1362 2343 1455 2396 καὶ
1481 2343 1630 2414 ἥλιος
1659 2344 1735 2397 δι-

152 2429 470 2500 καιοσύνης,
519 2431 614 2483 καὶ
651 2431 837 2500 σοφία,
868 2433 962 2486 καὶ
993 2431 1148 2498 ξύλον
1189 2433 1350 2505 ζωῆς,
1386 2435 1478 2488 καὶ
1509 2434 1732 2505 Κύριος,

152 2522 249 2573 καὶ
278 2519 430 2583 Θεὸς,
467 2521 561 2574 καὶ
611 2522 938 2592 ’Λγαπητὸς,
974 2523 1067 2575 καὶ¹
1101 2525 1296 2593 ἱερεὺς,
1342 2524 1438 2576 καὶ
1474 2523 1732 2597 βραχίων,

154 2609 272 2680 (55)
320 2611 414 2664 xui.
453 2613 734 2684 σωτήριον,
775 2615 869 2667 καὶ
899 2613 1075 2668 πάντα
1107 2613 1298 2679 ταῦτα,
1369 2614 1442 2667 ὣν
1471 2615 1563 2669 καὶ
1605 2631 1736 2688 προ-

154 2705 422 2775 ΰπάρχων
451 2705 551 2774 τῆς
574 2705 795 2776 σαρκὸς,
817 2707 1143 2777 ὠνομάζετο·
1175 2708 1250 2771 ὡς
1266 2709 1321 2761 αἱ
1350 2709 1736 2780 παρατεθεῖσαι

153 2798 373 2868 Γραφαὶ
416 2797 767 2867 δεδηλώκασι.
819 2796 936 2852 Τίνι
959 2798 1138 2853 τοίνυν
1165 2799 1332 2870 λόγῳ,
1355 2800 1526 2853 ταῦτα
1558 2800 1737 2854 πάντα

155 2892 355 2960 παρεὶς
389 2890 722 2960 Μάρκελλος,
746 2891 838 2943 ἐπὶ
873 2891 1032 2962 μόνου
1067 2890 1159 2945 τοῦ
1187 2893 1360 2960 Λόγου
1386 2892 1624 2958 locarat;
1673 2892 1734 2945 οὐ

154 2976 446 3030 διαϐαίνων
482 2979 579 3048 μὲν
611 2978 704 3031 καὶ
744 2980 839 3032 ἐπὶ
871 2979 968 3043 τὰς
996 2979 1186 3045 λοιπὰς
1211 2982 1546 3052 ἐπωνυμίας,
1577 2982 1736 3053 μόνον

1834 1882 1974 1950 apud
2003 1881 2195 1942 Deum,
2221 1897 2328 1937 uou
2369 1881 2529 1935 modo
2573 1879 2712 1948 quod
2767 1878 3049 1933 Marcellus
3100 1877 3354 1946 Opinatur
3379 1915 3397 1942 ,

1836 1975 2067 2029 Verbum
2087 1974 2290 2029 dictum
2314 1983 2417 2036 est,
2454 1977 2548 2029 sed
2578 1982 2632 2027 et
2657 1971 2844 2037 Filius,
2879 1980 2932 2026 et
2967 1969 3307 2040 Unigenitus,
3339 1979 3398 2023 et

1834 2067 1946 2132 lux,
1966 2077 2020 2121 et
2047 2067 2221 2136 panis,
2251 2075 2306 2122 et
2334 2064 2513 2131 Jesus,
2541 2075 2596 2120 et
2617 2063 2886 2129 Christus,
2918 2071 2974 2118 et
3011 2061 3292 2124 Dominus,
3341 2069 3397 2113 et

1833 2158 2098 2223 Pontifex,
2147 2167 2201 2212 et
2236 2159 2510 2227 splendor,
2540 2167 2593 2212 et
2635 2157 2939 2219 character,
2987 2161 3042 2208 et
3090 2152 3290 2223 imago,
3341 2161 3398 2204 et

1835 2250 2232 2320 Primogenitus
2273 2250 2449 2305 omnis
2487 2257 2786 2303 creature:
2825 2255 2881 2300 et
2912 2244 3032 2300 l‘ons
3055 2245 3200 2309 vitae,
3234 2253 3287 2298 et
3312 2257 3398 2298 ve-

1835 2347 1986 2406 ritas,
2011 2343 2304 2409 etﬂumen,
2348 2352 2404 2397 et
2430 2341 2666 2411 iustitia,
2697 2349 2751 2396 et
2800 2339 2883 2397 sol
2933 2338 3176 2408 justitize,
3216 2347 3271 2393 et
3313 2351 3397 2391 sa-

1835 2437 2058 2506 pientia,
2083 2446 2138 2492 et
2161 2437 2368 2505 lignum
2390 2435 2537 2502 vitze,
2569 2444 2627 2489 et
2655 2433 2932 2499 Dominus,
2959 2440 3017 2488 et
3053 2431 3215 2493 Deus,
3238 2437 3294 2483 et
3316 2428 3398 2482 di-

1834 2526 2025 2590 lectus,
2055 2534 2110 2580 et
2137 2524 2425 2588 Sacerdos,
2461 2533 2516 2578 et
2554 2523 2860 2588 brachium,
2891 2530 2946 2578 et
2993 2519 3232 2576 salutare
3273 2541 3284 2574 :
3340 2526 3396 2573 et

1834 2617 1984 2672 hisce
2013 2616 2229 2684 quidem
2255 2614 2505 2669 omnibus
2521 2613 2894 2683 appellabatur
2917 2611 3247 2676 nominibus,
3271 2624 3392 2663 cum

1833 2710 2143 2775 exsisteret,
2165 2717 2216 2763 et
2250 2706 2648 2778 praeexsisteret
2673 2713 2803 2759 ante
2833 2718 3053 2759 carnem
3081 2709 3348 2770 sumptam
3375 2713 3392 2756 :

1835 2811 1894 2855 ut
1914 2816 1943 2855 e
1963 2799 2185 2868 prolatis
2208 2800 2297 2855 hic
2331 2799 2632 2868 Scripturis
2657 2805 2934 2852 ostensum
2962 2802 3066 2852 est.
3100 2793 3231 2860 Qua:
3253 2793 3395 2844 ratio

1833 2889 2143 2944 Marcellum
2173 2888 2265 2944 hic
2296 2887 2606 2952 commovit,
2636 2895 2694 2939 ut
2719 2886 2835 2940 istis
2878 2883 3147 2938 universis
3169 2889 3393 2951 praeter-

1834 2981 2035 3045 missis,
2067 2980 2120 3035 in
2150 2979 2266 3034 solo
2283 2979 2463 3034 Verbo
2495 2975 2793 3032 resideret?
2830 2975 3012 3044 Neque
3035 2973 3180 3028 enim
3215 2984 3395 3025 trans-

153 3069 215 3122 δὲ
265 3070 439 3138 Λόγον
485 3072 644 3124 αὑτὸν
698 3067 836 3124 εἶναι
873 3073 1096 3142 φάσκων
1130 3073 1223 3126 τοῦ
1252 3072 1407 3126 Θεοῦ·
1437 3075 1529 3127 καὶ
1577 3074 1733 3144 λόγον

1837 3073 1935 3127 ivit
1962 3072 2028 3126 ad
2080 3079 2306 3126 caeteras
2355 3067 2814 3134 nomenclaturas,
2849 3063 3186 3124 solummodo
3243 3061 3391 3114 illum

159 3163 517 3231 σημαντικὸν,
562 3163 690 3216 ποτέ
725 3163 824 3234 μὲν
854 3162 1191 3234 ἡσυχάζοντα
1227 3167 1283 3218 ἐν
1308 3163 1382 3236 τῷ
1415 3164 1552 3237 Θεῷ,
1605 3167 1734 3220 ποτὲ

1836 3165 1929 3220 Dei
1964 3164 2197 3219 Verbum
2223 3177 2342 3219 esse
2370 3161 2596 3227 statuit;
2630 3169 2686 3215 et
2717 3161 2942 3214 verbum
2968 3155 3185 3225 quidem
3222 3152 3394 3222 signi—

157 3251 217 3304 δὲ
245 3251 496 3323 ἐνεργείᾳ
541 3254 676 3328 μόνῃ
710 3254 971 3310 λαλοῦντα
1011 3257 1045 3327 ἢ
1081 3257 1419 3328 πράττοντα;
1452 3253 1529 3310 ’Ἦ
1549 3258 1635 3311 διά
1673 3257 1734 3310 τὸ

158 3344 538 3410 Σαϐελλιάζειν
570 3346 848 3419 ἄντικρυς,
879 3349 974 3402 καὶ
997 3349 1072 3420 μὴ
1100 3350 1373 3405 πιστεύειν
1402 3353 1486 3415 εἰς.
1504 3352 1594 3404 τὸν
1608 3352 1735 3406 Υίὸν

159 3436 252 3490 τοῦ
277 3435 433 3502 Θεοῦ,
471 3438 603 3508 μηδὲ
625 3439 907 3510 γνωρίζειν
939 3441 999 3493 τὸ
1027 3442 1320 3511 μυστήριον
1357 3442 1419 3494 τὸ
1453 3443 1736 3514 προϋπάρ-

161 3545 255 3598 χον
287 3529 387 3599 μὲν
423 3529 608 3593 πάλαι,
669 3531 806 3601 μόνῃ
843 3531 900 3584 δὲ
949 3534 1015 3602 τῇ
1049 3532 1344 3604 Ἐκκλησία
1378 3532 1472 3585 τοῦ
1502 3533 1733 3604 Χριστοῦ

163 3620 252 3672 ῐιά
303 3621 403 3691 τῆς
455 3622 617 3677 αὐτοῦ
651 3623 961 3694 φανερωθὲν
993 3624 1231 3694 χάριτος.
1275 3627 1339 3678 Ei
1370 3625 1426 3678 δὲ
1463 3625 1605 3694 λέγοι
1637 3644 1738 3696 μυ-

168 3714 384 3783 στήριον
437 3709 574 3767 εἶναι
623 3715 998 3785 ἀγνοούμενον,
1049 3713 1109 3768 τὸ
1145 3715 1252 3788 (56)
1287 3716 1455 3786 Λόγον
1504 3714 1644 3786 ἔχειν
1678 3720 1737 3771 ἐν

167 3804 342 3876 ἐαυτῷ
370 3805 460 3860 τὸν
485 3806 636 3869 Θεὸν,
663 3805 959 3879 κεχρῆσθαι
975 3807 1137 3878 λόγῳ,
1153 3808 1308 3861 τοῦτο
1333 3807 1439 3880 γάρ
1455 3809 1602 3880 αὖτῷ
1617 3811 1737 3863 Μα-

169 3896 380 3968 ρκέλλῳ
411 3897 556 3952 δοκεῖ
578 3899 714 3967 (57),
760 3897 946 3950 τοῦτον
971 3899 1230 3970 γράφοντι
1255 3897 1343 3952 τὸν
1363 3899 1580 3970 τρόπον·
1616 3919 1634 3952 ι
1671 3901 1735 3953 Τί

171 4007 192 4040 ι
229 3990 337 4060 γὰρ
367 3989 551 4060 ἕτερον
598 3986 666 4060 ἦν
706 3990 1193 4060 ἀποκεκρυμμένον
1229 3993 1556 4065 μυστήριον,
1597 3995 1735 4048 κατά

173 4099 192 4131 ι
224 4081 313 4133 τὸν
341 4081 544 4149 Λόγον;
571 4080 742 4145 οὕτως
768 4081 824 4134 δὲ
851 4078 919 4153 ἦν
943 4083 1430 4152 ἀποκεκρυμμένον
1456 4084 1601 4154 ἐντῷ
1619 4084 1737 4154 Θεῷ

172 4188 192 4220 ι
226 4169 381 4222 τοῦτο
433 4169 696 4242 πρότερον
747 4170 808 4224 τὸ
845 4172 1162 4243 μυστήριον,
1203 4170 1342 4224 ὥστε
1385 4173 1589 4244 μηδένα
1640 4173 1734 4226 τοῦ

173 4281 192 4312 ι
228 4260 489 4332 προτέρου
509 4261 640 4314 λαοῦ
680 4262 863 4331 σαφῶς
888 4261 956 4315 τὰ
971 4263 1112 4316 κατά
1137 4262 1226 4316 τὸν
1249 4263 1419 4330 Λόγον
1451 4263 1665 4318 εἰδέναι·
1711 4282 1731 4316 ι

167 4356 218 4406 εἰ
241 4349 417 4423 δὴοῦν
442 4353 599 4406 τοῦτο
634 4353 803 4421 λέγοι,
841 4353 1176 4425 μανθανέτω,
1221 4354 1301 4406 ὅτι
1327 4353 1422 4407 καὶ
1453 4355 1561 4417 πᾶς
1604 4355 1735 4406 Ἰου-

1834 3255 2133 3319 ﬁcativum,
2163 3252 2432 3308 interdum
2461 3251 2515 3306 in
2538 3251 2646 3306 Deo
2677 3249 3089 3318 couquiescens,
3123 3243 3391 3300 interdum

1833 3364 1892 3402 re
1921 3355 1974 3402 et
2010 3361 2106 3402 ore
2133 3345 2426 3416 prolatum,
2452 3343 2538 3398 vel
2573 3342 2738 3398 etiam
2780 3355 3030 3410 operans.
3059 3336 3220 3394 Certe
3262 3349 3394 3406 pro-

1832 3449 2013 3506 pterea
2044 3436 2185 3507 quod
2217 3434 2684 3496 Sabellianizaret,
2722 3431 2894 3484 necin
2924 3429 3016 3484 Dei
3043 3427 3236 3482 Filium
3271 3440 3395 3480 cre-

1832 3527 2008 3591 deret,
2056 3540 2156 3581 nec
2183 3532 2501 3594 agnosceret
2531 3521 2844 3593 mysterium
2899 3517 3048 3582 illud,
3083 3517 3224 3586 quod
3280 3517 3396 3586 qui-

1833 3619 1953 3674 dem
1983 3617 2391 3687 pmexsistebat
2423 3615 2548 3672 olim
2600 3630 2614 3667 :
2675 3620 2728 3666 at
2762 3611 2858 3665 soli
2890 3608 3091 3664 Christi
3141 3607 3394 3662 Ecclesia:

1831 3725 1928 3781 per
1962 3709 2130 3779 ipsius
2159 3707 2384 3778 gratiam
2417 3705 2715 3779 revelatum
2740 3711 2841 3758 est.
2869 3700 3018 3768 Quod
3045 3699 3088 3754 si
3111 3699 3254 3752 dicat
3281 3713 3396 3769 my-

1833 3802 2056 3855 sterium
2085 3799 2216 3854 illud
2243 3799 2573 3869 incognitum
2608 3810 2748 3862 esse,
2783 3796 2947 3850 Deum
2979 3807 3101 3846 cum
3121 3791 3176 3845 in
3203 3805 3262 3844 se
3292 3789 3394 3842 ha-

1833 3893 1986 3948 beret
2017 3891 2282 3953 Verbum,
2312 3889 2476 3943 verbo
2507 3887 2598 3943 illo
2630 3901 2810 3952 usum,
2835 3885 2937 3938 hoc
2962 3882 3226 3951 siquidem
3252 3878 3395 3932 Mar-

1834 3984 1971 4040 cello
2000 3983 2213 4037 videtur
2255 3983 2328 4036 ita
2381 3995 2521 4044 esse,
2552 3993 2673 4034 cum
2702 3979 2780 4033 sic
2813 3976 3092 4046 scripserit
3123 3992 3137 4028 :
3179 3992 3197 4024 ι
3255 3971 3394 4038 Quid

1842 4094 1860 4128 ι
1895 4075 2040 4128 aliud
2072 4073 2249 4128 fuerat
2278 4072 2594 4143 mysterium
2633 4069 2766 4124 illud
2806 4067 3205 4128 absconditum,
3229 4079 3394 4132 quam

1841 4185 1863 4218 ι
1890 4164 2128 4220 Verbum
2153 4163 2178 4218 2
2205 4162 2280 4216 lta
2312 4170 2492 4216 autem
2520 4162 2571 4216 iu
2596 4161 2703 4215 Deo
2719 4159 2868 4224 olim,
2891 4167 3010 4213 erat
3034 4157 3136 4212 hoc
3164 4156 3397 4209 abscon-

1841 4275 1860 4308 ι
1892 4256 2061 4309 ditum
2112 4253 2452 4324 mysterium;
2496 4260 2556 4304 ut
2605 4264 2760 4304 nemo
2790 4248 2929 4319 apud
2973 4247 3212 4317 priorem
3241 4244 3394 4297 illum

1843 4366 1861 4400 ι
1893 4346 2147 4417 populum
2182 4343 2510 4413 intelligeret
2571 4341 2735 4406 clare,
2786 4354 2906 4408 quae
2956 4337 3271 4405 spectabant
3325 4335 3396 4387 aut

165 4444 330 4498 δαίων
364 4444 478 4496 ’τῶν
527 4444 618 4497 τὸν
665 4423 894 4516 Χριστὸν
933 4443 1026 4497 τοῦ
1061 4444 1194 4498 Θεοῦ
1244 4445 1318 4516 μὴ
1351 4446 1734 4514 ἐπεγνωκότων

1846 4455 1866 4490 ι
1903 4433 2160 4491 Verbum.
2193 4453 2213 4486 ι
2248 4432 2304 4487 Si
2335 4437 2436 4487 hoc
2463 4430 2722 4502 posuerit,
2753 4431 2931 4483 discat
2971 4433 3203 4496 oportet,
3249 4423 3395 4494 quod

166 4537 546 4607 ὁμολογήσειεν
587 4535 652 4590 ἂν
684 4537 775 4590 τὸν
825 4536 994 4604 Λόγον
1047 4536 1189 4605 ἔχειν
1230 4535 1321 4588 τὸν
1363 4532 1518 4602 Θεὸν,
1540 4537 1633 4589 καὶ
1663 4537 1736 4608 μὴ

167 4627 308 4684 εἶναι
333 4630 542 4699 ἄλογον.
563 4629 733 4683 Τοῦτο
768 4629 824 4682 δὲ
854 4630 947 4683 καὶ
972 4627 1257 4691 Σαὸέλλιος
1284 4628 1465 4692 αὐτὸς,
1506 4629 1600 4682 καὶ
1629 4633 1737 4692 πᾶς

169 4720 374 4790 Ἕλλην
417 4737 477 4773 τε
509 4721 602 4773 καὶ
643 4719 933 4791 βάρϐαρος,
968 4719 996 4771 ὁ
1024 4719 1154 4772 Θεὸν
1185 4714 1323 4772 εἶναι
1350 4720 1734 4790 ὑφιστάμενος,

169 4811 582 4881 ἀναμφιλέκτως
604 4813 842 4882 φήσειεν·
872 4812 1024 4882 Ἅμα
1049 4809 1158 4882 γὰρ
1176 4810 1254 4881 τῷ
1276 4811 1404 4864 Θεὸν
1433 4813 1625 4875 εἰπεῖν,
1642 4811 1737 4864 καὶ

171 4903 332 4970 σοφὸν
364 4903 525 4956 αὐτὸν
554 4905 682 4966 νοεῖ,
731 4901 825 4955 καὶ
855 4901 1089 4970 λογικὸν,
1123 4901 1216 4954 καὶ
1260 4901 1502 4966 δυνατὸν,
1533 4900 1628 4954 καλ⁴
1657 4901 1736 4954 δί-

169 5010 345 5057 καιον,
375 4994 470 5047 καὶ
511 4993 734 5063 ἀγαθόν.
772 4995 929 5046 Ποῖον
962 4989 1054 5048 οῦν
1095 4995 1391 5066 μυστήριον
1419 4990 1486 5066 ἦν
1533 4996 1734 5048 ἀποκε-

168 5085 482 5157 κρυμμένον
506 5085 567 5138 τὸ
614 5087 727 5148 τοῖς
779 5086 944 5139 πᾶσιν
995 5085 1446 5157 όμολογούμενον;
1486 5088 1582 5151 Τίς
1629 5087 1738 5159 γὰρ

169 5175 268 5228 οὐκ
316 5175 382 5227 ἂν
437 5173 580 5228 εῐποι
634 5175 692 5228 ἐν
737 5173 815 5244 τῷ
869 5173 988 5244 Θεῷ
1038 5174 1228 5244 σοφίαν
1281 5171 1437 5240 εἶναι,
1496 5176 1590 5229 καὶ
1645 5175 1737 5228 δύ-

279 5334 338 5391 ›Ῑ‹
375 5327 472 5381 Ed.
498 5329 674 5383 Paris.
711 5345 830 5391 pag.
871 5329 995 5384 100.

277 5401 319 5430 ⁸³
343 5399 554 5453 αοιοδε.
592 5416 630 5467 ι,
661 5400 847 5454 25-27.
924 5401 969 5433 "
1000 5399 1206 5455 Coloss.
1249 5415 1310 5463 ιι,
1362 5398 1414 5450 3.

378 5513 475 5586 Ιξρ.
511 5515 604 5567 καὶ
627 5514 938 5586 δικαιοσύνη
961 5515 1117 5569 codd.

247 5530 355 5580 (an)
379 5530 475 5636 rip.
511 5530 604 5567 και
627 5530 938 5586 οικαιοσυνη
961 5530 1036 5569 co:

247 5581 358 5652 (56)
435 5584 494 5637 όν
531 5587 686 5652 vulgo
709 5595 895 5638 contra
914 5587 1036 5639 cod.

247 5653 356 5721 (57)
385 5651 714 5722 Μαρκέλλῳ
738 5654 918 5709 δοκεῖ.
942 5655 1161 5709 Rectius
1184 5653 1379 5717 ὲδοκει,
1410 5652 1612 5712 statim,
1652 5651 1730 5702 lc-

178 5723 404 5795 geuduut
433 5725 644 5794 opinor,
678 5725 712 5795 ἦ
741 5725 801 5778 τὸ
834 5723 974 5780 κατὰ
997 5724 1085 5780 τὸν
1115 5724 1290 5793 λόγον,
1330 5739 1470 5784 mox,
1500 5722 1730 5792 ἀναμφι-

1839 4530 2143 4586 Ιυάαιοτιιηι
2168 4526 2410 4597 quilibet,
2440 4526 2528 4594 qui
2558 4524 2832 4581 Christum
2857 4519 2950 4575 Dei
2985 4533 3091 4573 non
3113 4524 3396 4586 agnoscat,

1839 4623 2072 4678 Verbum
2105 4628 2284 4673 tamen
2327 4615 2529 4671 habere
2577 4615 2745 4669 Deum
2789 4609 3136 4667 conﬁtebitur
3167 4644 3182 4669 ,
3224 4622 3400 4675 neque

1839 4728 1956 4770 esse
2002 4713 2150 4766 illum
2207 4710 2445 4780 alogum.
2480 4708 2594 4762 Hoc
2657 4707 2888 4776 ipsemet
2941 4701 3251 4757 Sabellius:
3291 4699 3395 4752 hoc

1837 4805 2089 4858 ethnicus
2115 4801 2292 4872 quivis
2326 4799 2582 4854 fatebitur
2611 4815 2625 4852 :
2671 4796 2774 4850 hoc
2799 4794 3082 4854 barbarus,
3104 4791 3197 4860 qui
3228 4790 3394 4843 Deum

1840 4900 2105 4968 agnoscit,
2130 4897 2246 4952 siue
2265 4895 2517 4964 scrupulo
2548 4889 2912 4947 conﬁtebitur.
2966 4888 3100 4941 Nam
3133 4889 3233 4940 hoc
3279 4887 3398 4954 ipso

1840 4991 1980 5059 quod
2021 4990 2185 5043 Deum
2211 4985 2590 5047 conﬁteantur,
2625 4981 2921 5051 sapientem
2949 4976 3274 5044 intelligunt,
3304 4988 3394 5026 ra-

1844 5080 2115 5144 tioualem,
2139 5086 2430 5148 potentem,
2456 5073 2661 5142 justum
2688 5112 2704 5136 ,
2751 5072 2972 5126 bonum.
3018 5067 3084 5121 Et
3127 5063 3395 5134 quodnam

1847 5181 1957 5224 tum
1993 5170 2306 5239 mysterium
2360 5168 2462 5221 hoc
2514 5163 2784 5220 occultum
2829 5161 3028 5224 fuerat,
3085 5156 3228 5227 quod
3277 5163 3398 5209 erat

1837 5513 2031 5578 λέκτῳ,
2068 5524 2120 5565 et
2160 5513 2291 5565 Θεὸν
2327 5513 2515 5569 εἰπεῖν,
2551 5524 2654 5578 non
2680 5506 2824 5578 Θεῷ.
2851 5505 2992 5560 Μ.-
3015 5504 3133 5578 Mog
3169 5503 3403 5578 tjtlggfv

1836 5566 2213 5707 ἓμὲριλέκτως,
2277 5582 2381 5652 Mp.
2427 5566 2835 5650 ἀναμφιλέκτως
2891 5587 2946 5632 et
2991 5576 3051 5628 τὸ
3103 5573 3216 5645 Θεῷ
3246 5566 3399 5644 [ΜΡ.

1881 5671 1903 5706 ε
1940 5673 1986 5707 ν.

1881 5671 1986 5707 εον.
