3838 6222
433 316 540 372 895

1108 311 1379 368 EUSEBII
1417 313 1890 370 CESABIENSIS
1926 315 2075 370 OPP.
2112 315 2295 371 PARS
2331 315 2422 370 IV.
2457 345 2528 356 —
2567 313 2964 372 DOGMATICA

3569 323 3678 376 896

433 434 577 504 apud
607 443 795 487 omnes
817 429 870 485 in
899 431 1146 486 confesso
1180 431 1411 501 positum
1436 432 1461 484 ?
1505 430 1639 498 Quis
1666 448 1772 486 non
1799 431 1996 486 dixerit

2104 449 2280 502 ναμιν,
2341 433 2434 484 καὶ
2483 431 2648 501 ζωὴν,
2691 433 2784 484 καὶ
2827 431 2962 500 φῶς,
3003 434 3095 485 καὶ
3139 433 3414 505 ἀλήθειαν,
3461 437 3556 489 καὶ
3597 436 3674 488 δι-

436 529 488 581 in
522 526 629 579 Deo
678 522 1001 592 sapientiam
1032 538 1174 586 esse,
1198 533 1250 579 et
1287 527 1605 593 potentiam,
1633 537 1689 580 et
1729 527 1917 592 vitam,
1948 534 2002 579 et

434 615 634 677 lucem,
668 621 724 668 et
752 613 1058 677 veritatem,
1094 621 1147 667 et
1169 613 1460 683 justitiam,
1497 622 1550 668 et
1605 615 1892 678 rationem,
1948 624 2002 669 et

428 703 692 776 quidquid
723 704 922 758 bonum
953 714 1007 759 et
1034 704 1318 758 honestum
1351 704 1474 758 est?
1500 703 1637 771 Quin
1673 705 1852 774 potius
1879 720 2000 759 eum

431 811 573 862 esse,
623 797 808 851 omnia
848 798 948 851 ista
983 814 999 850 :
1030 805 1124 850 aut
1152 797 1195 851 si
1232 803 1290 862 >14
1332 796 1460 866 quid
1503 798 1588 852 his
1627 799 1894 866 superius,
1949 806 2004 851 et

433 886 627 942 melius
651 887 944 952 exstiterit,
979 888 1123 956 quod
1149 887 1302 941 nobis
1357 887 1428 940 sit
1483 887 1835 956 incognitum.
1880 885 2004 942 Haec

433 991 649 1043 natura,
687 993 716 1032 a
743 979 916 1046 seipsa
938 980 1129 1034 edocta
1163 979 1309 1047 cogit
1335 992 1772 1048 unumquemque
1796 980 1862 1034 de
1893 981 2003 1036 Deo

436 1072 699 1141 proﬁteri.
723 1071 876 1127 Unde
901 1081 957 1126 et
986 1072 1051 1126 de
1079 1071 1214 1126 Filio
1245 1071 1421 1126 edocti
1448 1087 1636 1126 sumus
1691 1073 1808 1127 haec
1835 1074 1999 1127 etiam

435 1159 672 1228 singula,
700 1159 1036 1229 unigenitum
1093 1161 1242 1214 illum
1283 1175 1422 1229 esse,
1452 1160 1671 1226 Filium,
1728 1164 2000 1218 hmredem

437 1255 616 1311 Patris
648 1255 756 1320 sui,
783 1255 962 1310 omnia
991 1258 1354 1326 possidentem
1391 1271 1510 1325 qua:
1537 1257 1772 1326 possidet
1821 1258 1999 1316 Pater.

441 1346 594 1401 Unde
626 1347 824 1402 dicitur
873 1347 1058 1412 fuisse,
1107 1347 1362 1415 informa
1393 1346 1510 1411 Dei,
1579 1357 1634 1403 et
1685 1350 1856 1419 imago
1883 1350 1999 1416 Dei,

431 1434 584 1504 juxta
603 1436 840 1490 divinum
861 1437 1193 1506 Apostolutn,
1221 1438 1310 1491 ubi
1341 1438 1416 1491 ait
1443 1457 1456 1494 :
1494 1437 1597 1504 Qui
1622 1456 1739 1492 cum
1757 1441 1810 1493 in
1831 1441 2003 1508 forma

437 1527 536 1580 Dei
562 1538 714 1593 esset,
746 1545 848 1582 non
878 1541 951 1583 est
973 1532 1262 1585 arbitratus
1297 1532 1558 1600 rapinam,
1589 1549 1701 1586 esse
1739 1549 1794 1586 se
1821 1549 2002 1601 a’qua-

436 1619 536 1674 lem
559 1619 666 1673 Deo
700 1620 766 1674 ⁸³.
794 1620 860 1674 Ει
887 1635 1074 1676 rursus
1107 1640 1122 1677 :
1166 1621 1270 1688 Qui
1297 1633 1371 1677 est
1395 1625 1567 1694 imago
1595 1624 1692 1678 Dei
1734 1626 1803 1680 “.
1859 1627 2004 1692 Quo-

436 1713 581 1765 circa
610 1712 750 1782 quod
782 1711 924 1767 Deus
949 1721 1067 1768 erat
1117 1713 1341 1782 logicus,
1385 1731 1490 1770 non
1529 1718 1626 1772 fuit
1666 1717 1762 1772 hoc
1809 1729 2002 1790 myste-

437 1801 599 1866 rium,
633 1801 772 1869 quod
803 1818 834 1854 a
863 1801 1054 1855 swculo
1077 1801 1438 1858 absconditum
1477 1807 1675 1874 fuerat,
1713 1819 1762 1862 et
1789 1827 1820 1862 a
1851 1827 2000 1880 gene-

437 1892 752 1946 rationibus.
785 1891 967 1961 Neque
1023 1892 1151 1947 illud
1207 1910 1348 1950 nunc
1403 1899 1699 1953 rcvelatum
1755 1900 1951 1956 dicitur
1985 1941 2000 1967 ,

436 1983 578 2051 quod
603 1984 827 2054 singulis
856 1984 1185 2049 hominibus,
1210 2000 1305 2054 per
1331 1988 1578 2044 notiones
1608 1992 1881 2046 naturales
1911 2008 2002 2048 co-

438 2073 802 2141 gnitissimum
825 2085 930 2129 est.
967 2075 1118 2142 Quod
1157 2079 1200 2132 si
1250 2079 1550 2148 interroget
1582 2081 1871 2150 quispiam,
1935 2082 2000 2136 il-

437 2165 528 2220 lud
578 2165 860 2234 qunlenam
917 2168 1069 2221 erat?
1101 2171 1388 2237 respondet
1430 2172 1740 2241 Apostolus,
1774 2174 1863 2228 ubi
1905 2175 2000 2238 ait,

437 2259 504 2312 At
532 2275 668 2313 nunc
688 2259 742 2312 in
773 2260 968 2314 sanctis
996 2261 1384 2328 manifestatum
1407 2273 1482 2316 est
1515 2263 1605 2330 “',
1631 2264 1698 2320 iis
1726 2265 2001 2331 nimirum,

437 2351 632 2420 quibus
661 2350 828 2406 voluit
857 2353 960 2408 hoc
1011 2353 1185 2423 ipsum
1215 2353 1355 2410 Deus
1392 2355 1658 2419 revelare,
1707 2372 1828 2428 qua;
1879 2367 2004 2412 sunt

438 2443 639 2498 divitiae
676 2443 882 2514 giorite,
918 2445 1158 2516 mysterii
1202 2446 1362 2515 huius
1397 2448 1451 2501 in
1511 2449 1764 2519 gentibus
1808 2449 2005 2520 quibus

437 2543 523 2591 est
553 2535 803 2590 Christus
828 2538 880 2590 in
904 2537 1079 2592 nobis.
1114 2537 1360 2594 Christus
1415 2550 1536 2594 erat
1583 2541 1746 2608 igitur
1803 2550 2006 2612 myste-

438 2626 578 2681 rium
614 2627 742 2682 iilud
769 2647 783 2682 :
811 2626 982 2684 Filius
1012 2629 1058 2684 is
1084 2629 1338 2684 nimirum
1376 2629 1491 2684 Dei.
1516 2629 1779 2697 Quocirca
1813 2631 2005 2702 mysti-

437 2734 561 2772 cum
587 2719 642 2773 in
666 2719 904 2784 modum,
931 2719 1080 2775 illum
1127 2720 1256 2775 olim
1283 2721 1664 2777 diversimodis
1686 2721 2005 2792 appellatio-

438 2813 601 2868 nibus
623 2811 898 2883 prophetae
915 2810 1373 2880 gloriﬁcaverunt,
1397 2812 1449 2867 id
1475 2814 1615 2882 quod
1639 2823 1755 2868 erat
1787 2814 2004 2868 inenar-

2103 523 2414 592 καιοσύνην,
2459 523 2552 574 καὶ
2577 522 2752 590 λόγον,
2799 523 2893 576 καὶ
2933 525 3041 577 πᾶν
3071 525 3100 577 ὅ
3125 541 3178 577 τι
3225 525 3389 579 καλὸν
3412 527 3509 579 καὶ
3545 528 3676 595 ἀγα-

2103 612 2228 676 θόν;
2287 611 2486 682 μᾶλλον
2545 611 2601 665 δὲ
2666 613 2828 666 αὐτὸν
2889 609 3026 667 εἶναι
3084 615 3260 669 πάντα
3317 615 3494 670 ταῦτα
3512 657 3528 681 ,
3584 620 3676 671 καὶ

2103 703 2158 755 εί
2171 721 2222 756 τι
2243 703 2445 757 τούτων
2470 702 2737 774 άνώτερόν
2763 721 2822 756 τε
2849 705 2940 757 καὶ
2961 709 3222 777 κρεῖττον,
3240 708 3334 760 καὶ
3351 711 3487 778 ἡμῖν
3503 710 3677 777 ἄγνω-

2105 811 2231 847 στον
2249 793 2361 862 (58)
2396 810 2410 824 ο
2441 793 2614 847 ταῦτα
2661 794 2769 866 γὰρ
2809 795 3183 860 αὐτοδίδακτος
3211 797 3372 867 φύσις
3396 797 3682 868 ὁμολογεῖν

2104 887 2233 956 περὶ
2255 885 2349 939 τοῦ
2376 885 2510 938 Θεοῦ
2544 886 2722 940 πάντα
2764 887 3048 957 ἄνθρωπον
3074 887 3452 958 ἐξαναγκάζει.
3485 891 3678 944 Ἔνθεν

2103 979 2197 1032 καὶ
2219 978 2310 1032 τὸν
2337 979 2466 1032 Υίδν
2484 977 2842 1050 διδασκόμεθα
2871 979 3049 1033 πάντα
3069 979 3238 1034 ταῦτα
3266 976 3424 1044 εἶναι,
3451 983 3547 1036 ἆτε
3569 984 3681 1035 Μο-

2103 1073 2294 1142 νογενῆ
2320 1073 2465 1137 Υίὸν,
2505 1072 2599 1125 καὶ
2623 1072 2954 1144 κληρονόμον
2994 1072 3121 1126 ὄντα
3164 1072 3256 1126 τοῦ
3301 1074 3534 1145 Πατρὸς,
3584 1077 3682 1129 καὶ

2107 1163 2272 1215 πάντ’
2329 1161 2556 1232 ἔχοντα,
2602 1163 2702 1215 ὅσα
2752 1165 2847 1216 καὶ
2903 1164 2931 1216 6
2984 1163 3192 1235 Πατήρ.
3231 1163 3320 1215 Διὸ
3359 1164 3431 1216 ἐν
3475 1163 3686 1232 μορφῇ

2105 1250 2250 1306 Θεοῦ
2289 1251 2535 1305 λέλεκται
2589 1252 2732 1322 (59)’
2793 1253 2884 1306 καὶ
2943 1253 3120 1306 εἰκὼν
3173 1252 3278 1306 τοῦ
3331 1254 3477 1307 Θεοῦ
3542 1253 3682 1324 (60),

2101 1343 2246 1398 κατὰ
2272 1343 2362 1396 τὸν
2385 1341 2526 1396 θεῖον
2567 1342 2906 1408 ’Δπόστολον,
2936 1346 3209 1413 φήσαντα.
3252 1345 3356 1408 Ὃς
3379 1345 3450 1396 ἐν
3473 1344 3689 1413 μορφῇ

2106 1438 2253 1493 Θεοῦ
2271 1436 2577 1505 ὑπάρχων,
2607 1436 2719 1502 οὐχ
2750 1433 3062 1503 ἁρπαγμὸν
3093 1432 3362 1503 ἡγήσατο
3388 1429 3542 1489 εἶναι
3565 1435 3687 1501 (61)

2104 1529 2210 1583 ἷσα
2235 1527 2372 1594 Θεῷ.
2397 1527 2508 1580 Καὶ
2530 1525 2710 1579 πάλιν·
2745 1526 2849 1590 Ὅς
2867 1525 3038 1577 ἐστιν
3054 1523 3232 1578 εἰκὼν
3251 1524 3357 1578 τοῦ
3379 1524 3691 1594 Θεοῦ.ιούκ

2101 1620 2210 1692 ἄρα
2237 1620 2298 1673 τὸ
2330 1617 2546 1688 λογικὸν
2573 1612 2712 1670 εἶναι
2741 1615 2831 1668 τὸν
2857 1615 2987 1669 Θεὸν
3006 1615 3161 1669 τοῦτο
3181 1611 3248 1686 ἦν
3269 1614 3334 1668 τὸ
3346 1615 3692 1685 μυστήριον

2103 1715 2164 1766 τὸ
2175 1709 2702 1780 ἀποκεκρυμμένον
2715 1709 2833 1763 ἀπὸ
2850 1707 2967 1762 τῶν
2979 1706 3207 1761 αἰώνων
3221 1707 3320 1762 καὶ
3333 1707 3448 1761 ἀπὸ
3465 1706 3585 1761 τῶν
3597 1726 3695 1779 γε-

2102 1801 2284 1854 νεῶν·
2317 1799 2436 1852 οὐδὲ
2481 1798 2635 1852 τοῦτο
2675 1797 2767 1851 νῦν
2809 1796 3146 1868 ἐφανερώθη,
3193 1797 3254 1849 τὸ
3303 1800 3560 1866 φυσικαῖς
3591 1799 3690 1849 ὲν-

2103 1894 2276 1956 νοίαις
2329 1895 2494 1946 πᾶσιν
2559 1891 2865 1963 ἀνθρώποις
2928 1889 3289 1960 ἐγνωσμένον.
3352 1889 3514 1943 Ἀλλὰ
3572 1891 3690 1961 γὰρ

2105 1985 2274 2047 ποῖον,
2293 1984 2340 2035 εί
2364 1979 2538 2053 ἔροιτό
2566 1998 2669 2043 τις,
2706 1980 3058 2050 ἀποκρίνεται
3089 1981 3118 2032 6
3153 1979 3498 2041 Ἀπόστολος·
3530 1981 3690 2034 Νυνὶ

2103 2075 2170 2128 δὲ
2180 2073 2536 2144 ἐφανερώθη,
2553 2072 2748 2141 λέγων,
2763 2071 2887 2137 τοῖς
2897 2071 3085 2140 ἁγίοις
3099 2069 3284 2124 αὐτοῦ
3292 2111 3305 2134 ,
3323 2065 3404 2134 οἷς
3419 2069 3584 2140 ὴθέλη
3591 2087 3654 2122 σε
3661 2090 3691 2122 ν

2103 2170 2132 2221 ὁ
2159 2167 2289 2229 Θεὸς
2311 2165 2595 2236 γνωρίσαι,
2625 2164 2706 2228 τίς
2729 2166 2758 2217 6
2780 2163 3008 2226 πλοῦτος
3031 2165 3129 2234 τῆς
3161 2162 3319 2232 δόξης
3353 2161 3446 2214 τοῦ
3473 2177 3689 2232 μυστη-

2109 2257 2222 2329 ρίου
2244 2255 2433 2309 τούτου
2463 2257 2522 2308 ὲν
2547 2256 2659 2317 τοῖς
2688 2253 2915 2318 ἔθνεσιν,
2937 2247 3020 2317 οἷς
3048 2254 3164 2306 ἐστι
3188 2253 3422 2324 Χριστὸς
3447 2255 3506 2306 ὲν
3533 2254 3685 2324 ὑμῖν.

2104 2347 2344 2418 Χριστὸς
2365 2342 2456 2400 οὖν
2484 2341 2553 2417 ἦν
2581 2346 2640 2399 τὸ
2668 2346 2996 2418 μυστήριον·
3027 2345 3183 2415 δῆλον
3214 2345 3258 2398 δ’
3291 2347 3373 2399 ὅτι
3404 2347 3534 2410 Υἱὸς
3568 2347 3688 2417 (63)

2104 2438 2197 2492 τοῦ
2226 2438 2382 2492 Θεοῦ.
2419 2437 2510 2490 Διὸ
2561 2437 2838 2508 μυστικῶς
2885 2437 3150 2508 πρότερον
3180 2437 3455 2509 διαφόροις
3492 2439 3543 2491 oi
3587 2437 3692 2490 τοῦ

2103 2531 2238 2584 Θεοῦ
2269 2529 2544 2602 προφῆται
2571 2529 2732 2582 αὐτὸν
2757 2527 3006 2595 ἐδόξαζον
3037 2529 3376 2600 ὲπηγορίαις,
3408 2529 3468 2582 τὸ
3507 2530 3690 2602 ἀπόρ-

2105 2622 2266 2692 ρητον
2301 2618 2760 2690 ἀποκρύπτοντες,
2794 2618 2889 2671 καὶ
2923 2620 2988 2689 τῇ
3023 2617 3190 2671 αὑτοῦ
3238 2619 3422 2690 χάριτι
3463 2619 3562 2691 τὴν
3602 2622 3692 2682 εἰς

2107 2711 2316 2776 πάντας
2353 2710 2692 2780 ἀποκάλυψιν
2718 2709 2882 2763 αὐτοῦ
2908 2710 3314 2780 ταμιευόμενοι.
3347 2711 3476 2763 Ὅτε
3503 2710 3692 2763 τοίνυν

2107 2803 2245 2874 μετὰ
2276 2801 2540 2866 τοσαύτας
2562 2800 2672 2855 τῶν
2697 2801 2927 2872 Γραφῶν
2957 2803 3261 2873 μαρτυρίας
3289 2801 3690 2872 διῖσχυρίζεται

338 3165 344 3170 ’
440 3174 744 3246 Scripturis
769 3174 1078 3229 testimonia
1104 3176 1393 3230 contendat
1415 3176 1694 3232 Marcellus
1721 3177 2000 3233 nihilomi-

2104 2892 2440 2966 Μάρκελλος,
2481 2891 2588 2946 τὸν
2613 2894 2684 2946 ἐν
2712 2891 2870 2960 ἀρχῇ
2904 2894 3120 2962 Λόγον,
3152 2895 3281 2964 πρὶν
3307 2893 3340 2964 ἦ
3374 2895 3474 2962 τὴν
3503 2893 3688 2965 σάρκα

2106 2985 2412 3050 ἀναλαϐεῖν,
2442 2986 2606 3056 μηδὲν
2631 2985 2816 3056 ἕτερον
2845 2981 2980 3038 εἶναι
3004 2985 3036 3057 ἢ
3061 2986 3231 3054 Λόγον
3253 3002 3267 3016 ο
3298 2987 3392 3039 καὶ
3425 2986 3548 3057 μηδ’
3576 2988 3694 3040 ἑτέ-

439 3092 726 3139 servantes
755 3083 1114 3139 reconditum.
1144 3083 1278 3138 Cum
1309 3099 1436 3140 vero
1467 3096 1587 3152 post
1618 3095 1696 3140 tot
1747 3101 1779 3141 ο
1830 3088 2002 3144 sacris

2110 3095 2186 3150 ρῳ
2213 3077 2546 3149 χρηματίσαι
2565 3075 2814 3146 ὀνόματιο
2849 3076 2969 3130 τότε
2991 3076 3048 3130 δὲ
3078 3075 3344 3148 διαφόρων
3372 3079 3690 3149 ὲπηγοριῶν

2106 3169 2478 3242 τεωχήκέναι,
2509 3168 2596 3221 ὅτε
2625 3168 2655 3220 6
2689 3168 2860 3236 Λόγος
2903 3167 3042 3239 σὰρξ
3076 3169 3312 3238 ἐγένετο,
3348 3169 3455 3241 πρὸ
3492 3168 3690 3222 τούτου

439 3283 565 3331 nus,
593 3266 744 3334 illud,
771 3266 838 3320 In
861 3269 1120 3338 principio
1170 3273 1302 3323 erat'
1323 3266 1545 3323 Verbum
1567 3269 1638 3335 ⁸⁸,
1669 3270 1801 3325 nihil
1857 3271 2000 3326 aliud

2110 3263 2274 3335 μηδὲν
2321 3261 2506 3332 ἕτερον
2559 3258 2688 3313 ὅντα
2736 3261 2769 3330 ἢ
2812 3262 3011 3330 Λόγον·
3057 3261 3176 3324 πῶς
3207 3261 3307 3314 οὐκ
3339 3259 3560 3332 ἀμαθὴς
3592 3262 3692 3315 καὶ

441 3360 701 3426 indicare,
733 3374 892 3430 quam
913 3375 1058 3425 eum,
1083 3360 1394 3431 priusquam
1420 3364 1727 3417 assumebat
1755 3377 2000 3427 carnem.

2109 3355 2363 3418 ἀσύνετος
2409 3353 2518 3407 τῶν
2569 3353 2728 3407 θείων
2775 3355 3036 3426 ἐλέγχοιέ
3083 3355 3150 3409 ἂν
3199 3353 3686 3424 ἀναγνωσμάτωνς

441 3449 575 3506 nihil
605 3449 748 3505 aliud
803 3466 961 3521 quam
1015 3451 1242 3506 Verbum
1290 3453 1610 3509 exstitisse:
1669 3467 1844 3523 neque
1893 3451 2002 3507 ullo

2122 3447 2280 3502 Ἀλλὰ
2339 3446 2468 3518 γὰρ,
2516 3446 2705 3500 τούτου
2753 3448 3065 3512 συστάντος,
3129 3448 3264 3520 φέρε
3317 3448 3525 3511 λοιπὸν,
3572 3447 3692 3501 ὦσ-

440 3551 638 3612 przeter
663 3541 790 3597 illud
830 3543 1048 3598 nomine
1076 3543 1400 3613 appellatum
1429 3561 1444 3598 :
1471 3552 1580 3598 tum
1608 3558 1737 3598 vero
1769 3544 2002 3615 primum

2110 3558 2217 3612 περ
2271 3539 2696 3603 ἀναϐεϐιωκότα,
2754 3541 2845 3594 τὸν
2896 3541 3013 3596 νέον
3067 3541 3353 3595 Σαϐελλιον
3416 3543 3694 3595 ἐποπτεύ-

441 3647 538 3702 per
559 3634 739 3689 varias
765 3633 1062 3689 indicatum
1096 3638 1562 3701 nomenclaturas,
1615 3634 1830 3704 quando
1867 3633 2004 3688 Ver-
2112 3649 2312 3702 σωμεν.

441 3727 567 3782 bum
599 3743 732 3784 caro
763 3727 965 3784 factum
991 3728 1186 3794 fuerat,
1217 3744 1342 3784 cum
1370 3729 1520 3800 prius
1576 3739 1775 3800 praeter
1804 3726 2039 3784 Verbum
2078 3729 2236 3798 plane
2257 3724 2389 3780 nihil
2457 3726 2793 3794 exstitisset;
2836 3735 2983 3783 certe
3027 3743 3250 3798 prorsus
3294 3729 3384 3784 hic
3431 3729 3693 3786 indoctus

441 3822 880 3893 deprehenditur,
911 3832 967 3878 et
999 3823 1050 3878 in
1085 3823 1380 3895 Scripturis
1420 3823 1592 3880 sacris
1639 3822 2003 3893 intelligendis
2039 3823 2196 3893 plane
2256 3821 2456 3878 infans.
2489 3819 2603 3878 Hoc
2666 3836 2797 3878 vero
2837 3821 2915 3877 sic
2942 3820 3228 3890 adornata,
3264 3820 3495 3893 agedum
3526 3822 3688 3878 dein-

442 3933 592 3990 ceps,
615 3919 783 3976 veluti
813 3919 1137 3984 redivivum,
1177 3936 1374 3977 novum
1407 3921 1553 3978 hunc
1578 3920 1874 3988 Sabellium
1905 3920 2369 3990 introspiciamus.

438 2897 608 2956 rabile
633 2903 1028 2957 a-bscondentes
1057 2920 1074 2958 :
1115 2901 1366 2972 illiusque
1399 2903 1781 2958 revelationem
1819 2905 2004 2974 gratia

439 2992 610 3064 ipsius
643 2994 694 3047 in
730 3008 918 3048 omnes
948 2991 1328 3060 diﬂ‘undendm,
1376 2994 1532 3063 quasi
1579 2996 1889 3050 thesaurum
1917 3012 2003 3052 re-

518 4083 578 4148 ›Ῑ‹
593 4077 718 4148 ‘Ed.
745 4075 921 4131 Paris.
949 4090 1080 4148 pag.
1109 4077 1230 4148 ιρι.

514 4147 562 4180 ⁸³
589 4146 817 4216 Philipp.
845 4163 906 4214 ll,
935 4146 989 4201 6.
1031 4143 1112 4180 ’νδ
1139 4145 1302 4203 Hebr.
1333 4161 1386 4212 t,.
1405 4147 1458 4202 ‘5.
1527 4145 1594 4179 “'
1615 4145 1822 4203 Coloss.
1853 4160 1891 4210 ι,
1921 4143 2002 4201 26.

2104 4148 2133 4181 ί³
2157 4144 2314 4200 Joan.
2342 4162 2382 4210 ι,
2409 4145 2460 4200 1.

512 4326 628 4397 (58)
650 4325 818 4398 Vulgo
849 4327 970 4396 άγν.
1010 4326 1116 4398 εἴη.

509 4398 623 4468 (59)
654 4397 826 4465 Vulgo
865 4398 1102 4468 λέγεται.

517 4466 629 4539 (60)
653 4467 849 4524 Είκὼν
877 4467 984 4539 τοῦ
1012 4467 1182 4524 Θεοῦ.
1215 4466 1365 4524 Adde
1389 4467 1644 4539 ἀοράτου.
1671 4467 1741 4522 Μ.

517 4535 630 4614 (61)
651 4539 822 4614 Vulgo
846 4540 909 4595 τὸ
931 4535 1091 4594 εῖναι.

2185 4328 2296 4398 (62)
2330 4328 2527 4396 Δῆλον
2555 4328 2608 4382 δ’
2643 4329 2734 4383 ὅτι
2763 4331 2914 4397 Υἱός.
2958 4330 3118 4386 Forte
3171 4329 3332 4400 δῆλον
3385 4329 3466 4393 δὲ,
3499 4329 3692 4384 καθότι

2099 4372 2240 4463 im;
2270 4398 2364 4452 τοῦ
2393 4399 2560 4461 Θεοῦ,
2595 4413 2788 4469 nempe
2825 4410 2948 4454 ante
2974 4399 3168 4456 saecula
3200 4402 3493 4463 exsistens,
3520 4418 3689 4469 oppo-

2112 4470 2247 4524 situs
2280 4469 2392 4523 ﬁlio
2424 4467 2769 4526 hominis“.
2793 4470 2998 4528 —Mox
3036 4471 3194 4544 vulgo
3225 4469 3485 4535 ἐδόξασαν
3513 4467 3571 4526 et
3591 4467 3690 4526 τα-

2115 4538 2409 4612 μιευμένοι.
