3838 6222
138 296 235 351 901

1124 302 1211 358 DE
1249 302 1789 360 ECCLESIASTICA
1820 302 2231 361 TllEOLOGlA.
2264 302 2389 357 LIB.
2432 301 2493 358 ll.

3271 305 3380 362 902

137 413 436 466 ὑπόστασιν
462 411 557 466 τοῦ
588 412 716 467 Υἱοῦ
748 418 926 487 γυμνῇ
957 420 1021 487 τῇ
1049 420 1279 491 κεφαλῇ,
1305 421 1441 491 πρὸς
1472 422 1570 490 τῆς
1607 422 1697 474 τῶι

1818 419 1950 474 nihil
1980 434 2199 489 prorsus
2243 418 2519 472 exstitisse
2557 427 2751 486 praeter
2784 418 2950 473 Deum
2982 419 3158 474 docet.
3201 419 3376 477 Verba

134 504 411 575 γεννητῶν
442 505 797 578 δημιουργίας
842 509 1007 578 μηδὲν
1052 510 1236 580 ἕτερον
1276 507 1413 564 εἶναι
1456 513 1594 581 πλὴν
1619 512 1711 564 τοῦ

1815 524 1991 565 autem
2017 512 2137 581 ejus
2165 511 2279 565 haec
2309 511 2422 578 ipsa
2447 519 2604 563 sunt:
2631 508 2703 581 [R
2733 509 2866 564 XCII
2893 521 2946 565 et
2981 510 3159 585 XCIII]
3199 532 3217 565 ι
3242 513 3382 569 Con-

134 596 273 650 Θεοῦ
306 598 470 668 μόνου
509 600 971 670 ἁποφαινόμενος’
1015 603 1214 672 γράφει
1249 602 1293 655 δ’
1330 600 1423 657 οῦν
1445 599 1546 657 ὧδε
1578 604 1697 657 κατέ

1819 620 1837 652 ι
1883 616 2087 656 cessam
2118 600 2194 656 illi
2231 601 2477 670 gloriam,
2523 600 2775 654 Asterius
2805 613 2860 655 et
2897 603 3149 672 gloriam,
3178 614 3233 659 et
3266 622 3373 660 non

133 690 280 755 λέξιν
311 692 477 762 ἰ’ῐὴν
500 692 747 747 δοθεῖσαν
771 694 919 764 αὐτῷ
941 693 1097 758 δόξαν
1132 696 1407 767 Ἀστέριος
1421 696 1577 761 δόξαν
1592 699 1713 751 δνο-

1818 711 1836 741 s
1880 690 2105 759 gloriam
2146 690 2389 743 nominat
2429 706 2443 743 :
2481 688 2607 743 dum
2661 703 2764 742 non
2802 690 3185 757 reminiscitur,
3232 695 3377 761 quod

139 800 161 833 ι
204 780 389 851 μάζει,
411 788 504 836 καί
532 784 594 836 οὐ
611 784 769 850 δόξαν
793 786 953 855 μόνον
971 786 1103 857 (70),
1123 787 1257 842 ἀλλὰ
1274 790 1367 841 καὶ
1383 790 1697 860 προκόσμιοπ

1818 801 1836 832 ι
1884 797 2006 837 cum
2044 782 2280 836 nondum
2330 781 2559 835 mundus
2603 790 2746 834 esset
2787 780 3070 847 conditus,
3108 783 3243 837 nihil
3279 798 3379 837 ex-

140 894 159 925 (
200 875 376 942 δόξαν.
394 876 507 929 Οὐκ
520 875 734 941 ἐννοῶν,
761 878 865 941 ὅτι,
894 880 1057 949 μήπω
1077 880 1169 932 τοῦ
1184 881 1389 951 κόσμου
1406 883 1711 950 γεγονότος,

140 988 158 1017 σ
206 968 318 1036 (71)
345 967 496 1020 οὐδὲν
510 969 695 1039 ἕτερον
736 965 804 1040 ἦν
827 968 964 1040 πλὴν
978 969 1113 1023 Θεοῦ
1141 971 1322 1041 μόνου.
1362 990 1380 1023 ι
1417 972 1527 1024 Καὶ
1558 968 1712 1035 αὖθις

131 1060 196 1113 τὸ
234 1060 369 1115 αὐτὸ
402 1060 613 1131 βεϐαιοῖ
646 1061 854 1130 λέγων’
887 1082 905 1114 ι
941 1063 1184 1134 Οὐρανὸς
1209 1065 1303 1118 καὶ
1317 1063 1389 1134 γῆ
1404 1064 1497 1118 καὶ
1531 1063 1711 1118 πάντα

136 1174 155 1204 s
194 1155 262 1207 τὰ
301 1156 358 1207 ὲν
389 1155 639 1225 οὐρανοῖς
681 1156 775 1207 καὶ
806 1155 899 1208 snt
917 1155 1018 1225 τῆς
1039 1156 1143 1226 γῆς
1164 1156 1435 1221 ὄντα,ὑώ
1451 1156 1551 1211 τοῦ
1574 1157 1709 1211 Θεοῦ

136 1265 154 1296 ι
193 1247 504 1317 γεγένηται.
528 1248 590 1300 Ei
614 1247 793 1300 τοίνυν
819 1246 979 1301 τοῦτο
1010 1248 1275 1315 πιστεύοι,
1310 1251 1522 1321 ἀνάγκη
1547 1250 1711 1304 αὐτὸν

135 1358 153 1387 ι
198 1340 417 1391 κάκεῖνο
463 1338 860 1409 συνομολογεῖν,
909 1339 990 1392 ὅτι
1050 1338 1189 1411 πλὴν
1225 1339 1359 1395 Θεοῦ
1402 1342 1555 1395 οὐδὲν
1596 1341 1712 1395 ἕτε-

134 1450 152 1479 1
196 1446 309 1499 pov.
348 1448 367 1479 ι

779 1516 935 1568 ΚΕΦ.
988 1516 1064 1571 Β’.

238 1609 433 1673 Ὅπως
468 1605 565 1661 καὶ
584 1604 919 1667 Ἰουδαΐζων
944 1606 1019 1677 τῇ
1048 1608 1195 1678 δόξῃ
1216 1610 1598 1682 διελέγχετιιι.

209 1701 375 1771 Ὁρᾷς
419 1699 669 1752 Ἰουδαῖον
693 1698 805 1768 (72)
834 1700 1111 1770 ἄντικρυς,
1138 1703 1229 1757 τὸν
1277 1705 1552 1778 Μονογενῆ
1578 1706 1706 1761 Υἱὸν

1818 895 1835 926 ι
1881 874 2058 928 stabat
2090 872 2233 927 aliud
2268 882 2463 941 praeter
2491 874 2662 927 solum
2706 873 2890 927 Deum.
2913 893 2933 926 ι
2968 874 3074 929 Sed
3114 884 3170 929 et
3211 876 3379 930 idem-

1816 968 2101 1037 metipsum
2163 964 2483 1028 conﬁrmat,
2556 965 2805 1034 inquiens
2872 982 2914 1020 ς·
2953 984 2973 1019 t
3039 966 3246 1022 Caelum
3326 978 3381 1023 et

1817 1072 1835 1104 ι
1883 1065 2047 1119 terra,
2076 1065 2130 1108 et
2161 1069 2280 1124 quae
2306 1055 2358 1107 in
2388 1055 2540 1108 caelis
2564 1066 2690 1109 sunt
2718 1065 2773 1110 et
2803 1056 2855 1110 in
2887 1065 3033 1111 terra
3064 1058 3315 1113 universa
3346 1075 3377 1111 a

1816 1163 1834 1194 ι
1884 1147 1992 1199 Deo
2027 1145 2246 1200 fuerunt
2294 1145 2457 1199 facta.
2508 1144 2622 1199 Hoc
2667 1146 2713 1199 si
2752 1146 2975 1211 credat,
3029 1163 3252 1203 necesse
3296 1161 3381 1205 est

1816 1253 1834 1285 ι
1882 1236 2024 1304 quod
2063 1236 2336 1306 conspiret
2373 1237 2489 1306 ejus
2522 1236 2704 1307 opinio
2730 1252 2852 1292 cum
2882 1252 2970 1303 ea,
2997 1237 3148 1304 Quod
3182 1252 3381 1308 praeter

1814 1345 1833 1378 ι
1882 1328 2047 1383 Deum
2078 1329 2207 1382 nihil
2235 1336 2374 1382 erat.
2402 1348 2420 1377 ι

2419 1513 2477 1570 >14
2513 1506 2664 1561 CAP.
2710 1509 2774 1566 ll.

1880 1599 2032 1663 Quod
2063 1599 2355 1653 Judaizare
2382 1590 2785 1667 deprehenditur
2820 1603 2875 1656 in
2915 1605 3157 1671 opinione
3186 1623 3303 1660 sua.

1879 1689 2039 1743 Vides
2074 1701 2131 1742 ut
2163 1702 2369 1744 tantum
2400 1707 2505 1746 non
2540 1707 2598 1747 se
2619 1692 2862 1747 Judaeum
2911 1707 3151 1763 prmstet,
3185 1713 3379 1767 perne-

124 1792 223 1845 τοῦ
253 1790 413 1857 Θεοῦ,
457 1790 524 1843 δι’
546 1785 607 1845 οὗ
654 1790 724 1843 τὰ
764 1791 942 1845 πάντα
969 1793 1211 1861 γέγονεν,
1253 1774 1603 1866 ἀρνούμενον.
1640 1800 1697 1852 Ei

1808 1797 1938 1848 guns
1968 1783 2059 1837 Dei
2092 1782 2283 1837 Filium
2314 1784 2672 1855 unigenitum,
2710 1801 2807 1856 per
2847 1803 3007 1856 quem
3036 1791 3215 1845 omnia
3248 1808 3378 1846 con-

126 1885 238 1957 γὲιρ
265 1884 405 1955 πλὴν
434 1881 573 1936 Θεοῦ
595 1883 746 1937 οὐδὲν
769 1884 956 1955 ἕτερον
989 1880 1057 1955 ἦν
1088 1887 1196 1957 πρὸ
1225 1887 1325 1957 τῆς
1365 1888 1460 1940 τοῦ
1496 1890 1702 1960 κόσμου

126 1978 413 2045 γενέσεως,
442 1978 543 2030 οὐκ
588 1974 657 2049 ἦν
707 1978 814 2049 ἄρα
856 1980 885 2031 6
925 1978 1071 2042 Υἱός.
1117 1981 1225 2032 Καὶ
1270 1980 1388 2043 πῶς
1435 1983 1611 2037 πάντα
1636 1983 1702 2036 δι’

125 2068 291 2121 αὐτοῦ
323 2068 536 2136 ἐγένετο
571 2070 665 2121 καὶ
696 2071 865 2139 χωρὶς
899 2070 1064 2123 αὐτοῦ
1094 2072 1310 2140 ἐγένετο
1340 2073 1461 2126 οὐδὲ
1506 2074 1600 2139 ’ἐν;
1645 2077 1704 2129 '0

128 2164 228 2231 μὲν
251 2157 344 2214 οὗν
389 2162 656 2225 Ἰουδαῖος,
692 2165 720 2216 6
748 2164 839 2216 τὸν
875 2164 1108 2235 Χριστὸν
1139 2164 1233 2218 τοῦ
1272 2165 1406 2219 Θεοῦ
1440 2167 1705 2239 ἀρνούμε-

124 2270 236 2317 νος,
276 2254 385 2323 πρὸ
418 2254 516 2325 τῆς
559 2254 653 2307 τοῦ
688 2255 892 2326 κόσμου
928 2256 1192 2323 γενέσεως
1230 2258 1380 2311 οὐδὲν
1411 2255 1520 2312 οἶδε
1565 2260 1704 2332 πλὴν

124 2345 260 2399 Θεοῦ
284 2346 465 2416 μόνου,
486 2346 1004 2419 συμμαρτυροῦντος
1036 2347 1185 2418 αὐτῷ
1217 2349 1536 2421 Μαρκέλλου
1565 2351 1699 2422 (75)·

122 2440 157 2509 ἡ
179 2438 239 2491 δὲ
273 2437 511 2508 Χριστοῦ
527 2438 844 2509 Ἐκκλησία,
877 2439 976 2491 σὺν
1012 2441 1296 2512 παρρησίᾳ
1324 2441 1474 2514 πάσῃ
1503 2444 1702 2513 σεμνύ-

122 2546 278 2582 νεται
308 2529 539 2597 λέγουσα
560 2547 573 2560 ·
608 2531 782 2599 Ἡμῖν
814 2527 904 2597 εἷς
944 2531 1087 2599 Θεὸς
1117 2536 1149 2586 ό
1178 2532 1401 2601 Πατὴρ,
1435 2533 1506 2599 ἐξ
1530 2530 1604 2590 οὗ
1630 2535 1703 2590 τὰ

122 2623 354 2675 πάνταο
390 2620 488 2676 καὶ
524 2619 610 2688 εἶς
651 2624 867 2689 Κύριος
911 2624 1150 2691 Ἰησοῦς
1185 2624 1459 2693 Χριστὸς,
1509 2625 1585 2679 δι’
1627 2622 1701 2683 οὗ

122 2714 197 2767 τὰ
225 2713 440 2767 πάντα.
480 2714 647 2767 Ἐπὰν
686 2714 742 2767 δὲ
784 2712 937 2787 λέγῃ,
982 2714 1063 2769 Δι’
1086 2712 1158 2771 οὗ
1191 2717 1265 2770 τὰ
1302 2716 1517 2783 πάντα,
1563 2712 1701 2773 οἶδεν

122 2808 288 2860 αὑτὸν
313 2806 419 2877 πρὸ
446 2807 683 2860 πάντων.
725 2807 885 2859 Ὥστε
916 2806 1021 2879 πρὸ
1064 2806 1166 2878 τῆς
1191 2807 1284 2862 τοῦ
1312 2811 1521 2882 κόσμου
1550 2811 1702 2881 γενέ-

125 2914 264 2962 σεως
278 2900 308 2950 ὁ
328 2898 501 2966 λέγων
520 2898 669 2951 οὐδὲν
682 2897 869 2969 ἕτερον
891 2895 1027 2951 εἶναι
1053 2898 1191 2970 πλὴν
1224 2898 1360 2953 Θεοῦ
1389 2899 1575 2970 μόνου,
1599 2902 1700 2972 τῆς

123 2990 385 3061 ἀληθείας
421 2988 834 3059 καταψεύδεται.
875 2988 981 3043 Σὺν
1013 2988 1123 3061 γὰρ
1145 2989 1224 3060 τῷ
1265 2990 1409 3061 μόνῳ
1437 2989 1558 3063 Θεῷ
1605 2994 1698 3047 καὶ

1806 1876 1961 1928 didit.
2016 1876 2289 1945 Siquidem
2346 1887 2539 1945 praeter
2588 1878 2757 1932 Deum
2811 1880 2946 1934 nihil
2998 1892 3118 1935 erat
3188 1884 3373 1951 aliud,

1806 1967 2113 2038 priusquam
2167 1968 2397 2023 mundus
2436 1969 2876 2039 producebatur:
2913 1982 3024 2027 tum
3076 1985 3227 2032 certe
3268 1994 3375 2032 non

1804 2067 1922 2113 erat
1950 2057 2147 2126 Filius;
2175 2067 2229 2114 et
2261 2070 2397 2125 tum,
2427 2063 2695 2130 quomodo
2718 2064 2895 2117 omnia
2928 2081 3024 2134 per
3054 2067 3202 2121 illum
3234 2070 3373 2125 facta

1805 2151 2037 2217 fuerant,
2064 2161 2118 2207 et
2149 2152 2267 2206 sine
2295 2166 2360 2207 eo
2405 2154 2607 2207 factum
2636 2164 2719 2209 est
2768 2155 2941 2210 nihil?
2969 2157 3128 2213 Certe
3161 2158 3377 2217 Judmus

1803 2244 1894 2312 qui
1924 2243 2198 2298 Christum
2231 2258 2349 2299 esse
2378 2252 2638 2314 pernegat
2666 2245 2756 2299 Dei
2788 2245 3006 2315 Filium,
3037 2258 3162 2305 ante
3188 2255 3373 2308 mundi

1803 2340 2246 2395 constitutionem
2272 2348 2527 2409 agnoscet
2547 2340 2816 2395 exstitisse
2841 2342 2998 2410 plane
3023 2343 3155 2398 nihil
3179 2358 3376 2415 praeter

1803 2431 1973 2486 solum
2004 2431 2170 2485 Deum
2200 2448 2213 2484 :
2250 2433 2339 2485 cui
2380 2432 2626 2500 perhibet
2658 2430 2943 2491 Marcellus
2977 2438 3371 2495 testimonium.

1801 2528 1871 2580 At
1916 2524 2120 2580 Christi
2170 2524 2442 2591 Ecclesia,
2489 2541 2611 2580 cum
2656 2528 2803 2582 omni
2841 2528 3091 2587 libertate
3139 2533 3375 2601 gloriase

1801 2618 2122 2689 proﬁtetur:
2158 2617 2326 2672 Nobis
2360 2634 2495 2672 unus
2543 2617 2681 2673 Deus
2727 2629 2805 2673 est
2841 2619 3023 2699 Pater,
3058 2640 3086 2677 e
3116 2640 3218 2693 quo
3251 2636 3372 2679 sunt

1801 2712 1975 2765 omnia
1997 2724 2017 2761 :
2046 2719 2096 2765 et
2126 2726 2261 2763 unus
2297 2710 2553 2764 Dominus
2595 2708 2752 2765 Iesus
2798 2711 3059 2781 Christus,
3101 2733 3193 2784 per
3222 2735 3374 2788 quem

1800 2810 1925 2857 sunt
1958 2802 2133 2857 omnia
2163 2802 2230 2853 ".
2290 2800 2423 2855 Cum
2470 2816 2599 2856 vero
2658 2804 2803 2859 dicat
2839 2820 2853 2855 :
2892 2804 2999 2861 Per
3053 2826 3206 2879 quem
3251 2822 3374 2866 sunt

1801 2896 2000 2960 omnia,
2029 2895 2177 2948 illum
2209 2894 2454 2963 agnoscit
2481 2904 2607 2949 ante
2633 2898 2839 2953 omnia.
2868 2899 3019 2955 Adeo
3045 2910 3105 2955 ut
3133 2903 3225 2972 qui
3260 2914 3376 2956 tue-

1803 2997 1909 3053 tur,
1955 2994 2082 3042 ante
2126 2988 2383 3041 mundum
2430 2987 2704 3042 conditum
2731 3027 2745 3053 ,
2780 2989 2916 3043 nihil
2962 2993 3181 3047 omnino
3227 2994 3375 3050 aliud

122 3084 153 3133 6
178 3080 488 3150 Μονογενὴς
503 3079 669 3133 αὑτοῦ
688 3080 813 3144 Υἱὸς
834 3075 902 3152 ἦν
929 3080 1038 3151 πρὸ
1056 3080 1157 3151 τῆς
1173 3082 1266 3135 τοῦ
1280 3082 1486 3153 κόσμου
1505 3084 1695 3139 συστά-

1807 3078 1970 3134 luisse
2006 3088 2202 3149 prieter
2244 3078 2447 3142 Deum,
2500 3079 2784 3135 veritatem
2835 3082 3004 3152 ipsam
3059 3086 3370 3141 mentiatur.

126 3187 286 3233 σεως,
316 3170 409 3223 καὶ
434 3170 514 3240 τῷ
556 3171 733 3241 Harp!
764 3171 947 3243 συνῆν.
995 3171 1166 3225 Τοῦτο
1204 3172 1304 3244 γὰρ
1338 3171 1542 3240 ἐδίδαξε
1585 3174 1697 3245 (74)

123 3262 221 3315 νῦν
238 3262 333 3315 καὶ
358 3262 389 3314 6
417 3262 603 3315 εἰπών’
632 3263 751 3315 Ἐπ’
765 3261 1030 3331 ἐσχάτου
1052 3262 1162 3334 (75)
1186 3263 1551 3334 τῶνήμερῶν
1575 3268 1701 3319 τού-

117 3372 240 3408 των
252 3353 563 3421 ἐλάλησεν
593 3353 741 3422 ’ἡμῖν
760 3354 829 3407 ἐν
860 3354 991 3418 Υἱῷ,
1016 3354 1089 3407 ὃν
1118 3356 1298 3423 ἔθηκε
1319 3358 1700 3426 κληρονόμον

119 3446 384 3511 πάντων,
416 3446 489 3500 δι’
521 3442 593 3501 οὗ
628 3447 726 3500 καὶ
767 3447 1019 3513 ἐποίησε
1053 3448 1196 3513 τοὺς
1223 3446 1466 3513 αἰῶνας.
1501 3450 1611 3502 Καὶ
1640 3450 1699 3502 ὲν

119 3539 453 3611 Παροιμιαις
474 3537 561 3590 διὰ
583 3537 945 3608 Σολομῶντος,
963 3539 1124 3601 αὐτὸς
1149 3540 1178 3590 6
1209 3539 1333 3603 Υἱὸς
1360 3540 1488 3611 περὶ
1504 3541 1697 3593 ἑαυτοῦ

118 3629 361 3683 διδάσκει
395 3627 598 3695 λέγων·
670 3627 877 3681 Ἡνίκα
919 3626 1198 3695 ἡτοίμαζε
1244 3625 1353 3679 τὸν
1398 3626 1695 3693 οὐρανόν,

119 3719 533 3791 συμπαρήμην
570 3718 749 3785 αὐτῷ.
789 3719 949 3772 Ἀλλὰ
983 3719 1099 3772 καῖ’
1123 3717 1313 3783 Αὐτὸς
1338 3718 1419 3787 ἦν
1446 3718 1513 3770 τὸ
1549 3718 1695 3787 φῶς,

118 3815 210 3867 τὸ⁹
235 3810 486 3882 φωτίζον
517 3811 715 3864 πάντα
749 3810 1064 3878 ἄνθρωπον
1100 3811 1428 3879 ἐρχόμενον
1457 3812 1543 3874 εἰς
1588 3808 1698 3862 τὸν

117 3909 371 3975 κόσμον.
410 3903 649 3974 Ἐπειδὴ·
696 3904 792 3955 Ἑν
838 3900 918 3967 τῷ
952 3903 1157 3970 κόσμῳ
1176 3898 1255 3971 ἦν
1282 3903 1377 3955 καὶ
1402 3905 1434 3955 ό
1470 3905 1696 3970 κόσμος

114 3999 189 4050 δι’
206 3996 395 4051 αὐτοῦ
417 3995 671 4066 ἐγένετο.
696 3996 758 4047 Εἰ
784 3995 839 4047 δὲ
870 3996 898 4047 ό
931 3994 1135 4065 κόσμος
1171 3994 1239 4047 δι’
1262 3992 1428 4047 αὐτοῦ
1458 3994 1691 4062 ἐγένετο,

111 4093 293 4163 δῆλον,
334 4092 410 4155 ὡς
455 4090 775 4163 προϋπῆρχε
818 4088 912 4141 τοῦ
953 4088 1181 4159 κόσμου.
1232 4091 1347 4143 Οὐκ
1382 4088 1492 4161 ἄρα
1535 4089 1696 4160 μόνος

110 4186 179 4260 ἦν
200 4189 233 4239 6
262 4186 397 4247 Θεὸς
424 4186 529 4257 πρὸ
555 4184 658 4254 τῆς
693 4184 785 4237 τοῦ
817 4184 1024 4253 κόσμου
1068 4185 1377 4247 συστάσεως
1397 4199 1412 4213 ο
1446 4184 1610 4254 συνῆν
1635 4183 1693 4236 δὲ

112 4277 264 4347 αὐτῷ
292 4278 321 4328 ό
339 4274 650 4346 Μονογενὴς
693 4273 858 4328 αὑτοῦ
886 4273 1036 4338 Υἱὸς,
1068 4275 1148 4336 εἰς
1179 4272 1237 4324 ὃν
1257 4272 1477 4343 ἀφορῶν
1516 4274 1545 4325 6
1584 4273 1695 4324 Πα-

110 4373 218 4441 τὴρ
264 4370 515 4439 ἔχαιρεν,
549 4369 626 4431 ὼς
654 4367 898 4421 διδάσκει
936 4366 1119 4430 αὐτὸς,
1149 4365 1224 4419 ῶν
1254 4364 1367 4436 (76)
1422 4366 1455 4435 ή
1506 4364 1687 4434 σοφία,

1804 3170 1919 3225 Una
1948 3172 2144 3224 etenim
2177 3184 2299 3223 cum
2338 3168 2427 3223 illo
2457 3170 2571 3224 solo
2606 3169 2735 3237 Deo,
2778 3178 2833 3227 et
2862 3174 3171 3244 unigenitus
3206 3177 3378 3246 ipsius

1799 3263 1966 3317 Filius
1990 3272 2107 3318 erat
2130 3272 2256 3319 ante
2285 3263 2470 3319 mundi
2499 3265 2909 3332 productionem
2937 3280 2953 3320 :
2981 3276 3036 3321 et
3063 3284 3184 3322 cum
3214 3269 3375 3325 Patre

1798 3353 2247 3408 conversabatur.
2291 3353 2403 3409 Hoc
2446 3355 2646 3409 etenim
2676 3356 2893 3408 edocuit
2940 3357 2985 3410 is
3047 3359 3138 3428 qui
3189 3361 3372 3415 dixit:

1799 3444 1865 3499 In
1886 3445 2177 3499 novissimis
2188 3445 2267 3498 his
2289 3446 2489 3511 diebus,
2510 3446 2716 3499 locutus
2738 3457 2813 3500 est
2843 3448 2991 3502 nobis
3014 3451 3066 3503 in
3080 3448 3223 3503 Filio
3253 3468 3371 3516 suo,

1796 3553 1949 3607 quem
1979 3537 2151 3603 posuit
2185 3537 2442 3591 Iuvre’dem
2480 3539 2733 3602 omnium,
2781 3556 2873 3608 per
2902 3558 3053 3610 quem
3090 3552 3138 3596 et
3174 3550 3374 3598 uacula

1798 3631 2032 3685 condidit
2056 3631 2119 3684 ”.
2149 3630 2213 3685 Et
2244 3632 2298 3685 in
2340 3631 2646 3687 Proverbiis
2677 3648 2773 3702 per
2804 3632 3173 3699 Salomonem,
3200 3635 3370 3690 Filius

1799 3725 1912 3795 ipse
1939 3726 2003 3779 de
2030 3740 2087 3779 se
2110 3725 2312 3790 docuit,
2341 3724 2473 3780 Cum
2504 3737 2713 3797 pararet
2746 3729 2951 3791 cretum,
2984 3729 3197 3782 aderam
3234 3731 3282 3784 ei
3302 3731 3367 3783 ⁸³.

1799 3815 1901 3870 Sed
1931 3824 1983 3870 et
2004 3816 2131 3870 Erat
2172 3816 2281 3886 ipse
2313 3816 2425 3885 tux,
2451 3817 2757 3873 illuminans
2781 3836 2979 3874 omnem
3001 3821 3259 3875 hominem
3285 3839 3373 3875 ve-

1797 3908 2020 3962 nientem
2038 3909 2092 3961 in
2113 3907 2249 3960 hunc
2269 3909 2520 3962 mundum
2536 3909 2598 3961 ⁸⁸.
2614 3908 3077 3978 Quandoquidem,
3092 3912 3158 3965 In
3175 3918 3373 3969 mundo

1795 4008 1990 4066 erat,et
2014 4004 2237 4053 mundus
2252 4016 2341 4069 per
2360 3999 2527 4065 ipsum
2551 3998 2726 4068 factus
2756 4001 2856 4069 fuit
2874 3998 2932 4053 ⁸⁸,
2954 4001 3104 4065 Quod
3127 4004 3170 4056 si
3198 4005 3371 4058 factus

1795 4089 1895 4145 fuit
1922 4106 2019 4160 per
2047 4092 2222 4162 ipsum
2260 4095 2511 4155 mundus,
2542 4102 2690 4146 certe
2726 4103 2870 4160 patet
2907 4092 3038 4147 illud
3070 4095 3212 4164 quod
3242 4108 3373 4150 ante

1795 4182 2053 4236 mundum
2091 4180 2266 4235 fuerat
2293 4180 2427 4248 ipse.
2458 4180 2719 4245 Quocirca
2753 4182 2922 4245 solus,
2952 4192 3076 4236 ante
3111 4185 3366 4239 mundum

1795 4272 2066 4327 conditum
2115 4287 2222 4326 non
2266 4282 2382 4326 erat
2429 4271 2569 4326 Deus
2608 4290 2620 4325 :
2668 4277 3093 4329 eonversabatur
3134 4292 3255 4330 cum
3302 4293 3369 4331 eo

1796 4364 2101 4434 unigenitus
2125 4363 2242 4433 ejus
2273 4362 2460 4430 Filius,
2498 4363 2550 4416 in
2579 4378 2737 4433 quem
2768 4380 2888 4417 cum
2922 4364 3086 4420 Pater
3117 4366 3364 4423 intueba-

110 4463 286 4530 λέγων
330 4462 388 4512 ὲν
432 4460 790 4531 Παροιμίαις·
841 4456 990 4526 Ἐγὼ
1034 4455 1200 4525 ἢμην
1233 4452 1275 4529 ᾖ
1327 4456 1691 4525 προσέχαιρε

1807 4469 1903 4517 tur,
1935 4455 2235 4523 gaudebat,
2273 4454 2417 4522 quod
2465 4454 2577 4522 ipse
2624 4467 2725 4507 nos
2758 4455 2971 4520 docuit,
3008 4456 3094 4510 illa
3138 4458 3191 4510 in
3228 4457 3363 4512 Pro-

110 4556 242 4608 καθ’
269 4552 517 4623 ἡμέραν.
554 4552 664 4604 Καὶ
705 4551 865 4613 αὐτὸς
893 4550 951 4602 δὲ
981 4552 1012 4603 6
1048 4550 1196 4613 Υἱὸς,
1243 4550 1367 4612 ταῖς
1394 4550 1690 4619 πατρικαῖς

108 4646 342 4709 ἐννοίαις
392 4636 756 4708 ὲνατενίζων,
822 4642 1160 4714 εὐφροσύνης
1221 4642 1543 4713 ἐπληροῦτο.
1598 4640 1690 4691 Διό

109 4753 298 4807 φησιν’
336 4737 764 4804 Ηὺφραινόμην
791 4734 859 4787 δὲ
896 4733 1152 4787 ἐνώπιον
1187 4733 1375 4787 αὐτοῦ
1405 4734 1475 4786 ἐν
1508 4731 1689 4786 παντὶ

105 4826 313 4896 καιρῷ.
364 4826 551 4881 Ταῦτα
585 4826 682 4896 μὲν
716 4827 749 4896 ἡ
783 4825 1021 4897 Χριστοῦ
1037 4818 1332 4895 Ἐκκλησία
1380 4825 1447 4877 τὰ
1490 4823 1688 4894 εὐσεϐῆ

106 4923 205 4974 καὶ
238 4921 358 4974 Θεῖα
389 4920 661 4990 μυστήρια
687 4917 1079 4971 παοαλαὸοῦσα
1109 4918 1388 4987 φυλάττει.
1435 4916 1492 4968 'U
1525 4915 1579 4969 δὲ
1604 4914 1693 4967 λέ-

111 5047 171 5103 ﬁt
212 5039 310 5092 Ed.
352 5038 529 5094 Paris.
566 5056 689 5108 pag.
728 5039 851 5093 104.

181 5113 227 5141 ⁶¹
268 5110 440 5165 ICor.
467 5107 597 5174 vm,
627 5110 681 5163 6.
793 5110 839 5140 ⁸³
878 5107 1046 5164 Hebr.
1098 5124 1149 5173 ι,
1194 5108 1249 5163 2.

104 5182 197 5234 30.
278 5182 325 5210 "
363 5181 493 5235 ibid.

170 5276 265 5338 (70
316 5276 490 5330 Μόνον
514 5275 599 5329 ἀλ.
631 5295 683 5328 κ.
716 5293 811 5348 πρ.
843 5277 889 5329 δ.
925 5275 1086 5341 vulgo
1112 5290 1220 5327 om.

173 5276 286 5414 (71)
325 5346 515 5399 Οὐδὲν
564 5348 767 5414 ἕτερον
808 5343 887 5414 ἦν
940 5346 1107 5414 πλὴν
1152 5363 1218 5399 το

173 5347 286 5417 (71)
325 5347 515 5399 Οὐδὲν
564 5347 769 5414 ἕτερον
808 5347 887 5416 ἦν
940 5347 1107 5414 πλὴν
1152 5347 1258 5399 τοῦ
1293 5347 1460 5399 Θεοῦ.
1520 5347 1672 5397 Solus

104 5418 252 5470 hens
287 5431 403 5470 erat
444 5430 697 5471 creatura
747 5420 912 5482 nulla,
951 5419 1053 5472 hoc
1084 5418 1246 5471 toties
1273 5419 1495 5486 urgebat
1529 5413 1672 5466 Mar-

1365 5106 1409 5137 “
1449 5105 1612 5160 Prov.
1660 5118 1781 5167 vm,
1828 5102 1919 5155 27.

1795 4546 1999 4600 verbiis
2028 4545 2327 4614 Sapientia,
2367 4546 2655 4616 inquiens:
2693 4546 2804 4616 Ego
2832 4564 2975 4601 eram
3002 4551 3055 4601 in
3086 4564 3190 4618 qua
3233 4565 3367 4619 gau-

1795 4638 1944 4692 debat
1975 4638 2222 4690 continuo
2244 4636 2309 4688 ".
2356 4638 2461 4691 Sed
2504 4647 2559 4691 et
2601 4640 2827 4707 ipsemet
2863 4638 3028 4693 Filius
3058 4640 3367 4708 replebatur

1795 4726 2185 4793 oblectatione,
2229 4727 2353 4780 dum
2389 4729 2440 4780 in
2492 4736 2743 4796 paternas
2793 4728 3146 4798 cogitationes
3183 4731 3363 4787 intue-

1796 4830 1966 4875 retur.
1995 4816 2257 4882 Quocirea
2285 4818 2447 4882 dixit,
2484 4818 2796 4873 Oblectabar
2829 4832 3003 4873 autem
3033 4837 3210 4875 coram
3245 4822 3365 4887 illo,

1797 4913 1936 4963 omni
1990 4921 2214 4975 tempore
2250 4908 2317 4961 ⁸⁸.
2369 4904 2494 4963 Haec
2550 4921 2675 4964 sunt
2736 4909 2824 4963 illa
2875 4914 3124 4982 mysteria
3176 4927 3364 4967 sacro-

2028 5100 2074 5131 "
2110 5095 2269 5151 Joan.
2313 5112 2361 5163 ι,
2394 5099 2449 5154 9.
2543 5098 2588 5130 ⁸⁸
2628 5100 2756 5157 ibid.
2789 5101 2875 5156 10.
2972 5103 3013 5134 ⁸⁷
3054 5101 3214 5158 Prov.
3244 5118 3363 5167 vnt,

1881 5267 1970 5338 72)
2012 5265 2324 5338 ξιουδιλιῖοίισ·ζ
2353 5265 2489 5338 Nam
2536 5263 2707 5321 Judaei
2738 5308 2755 5334 ,
2814 5267 3195 5337 paternitstetn
3253 5266 3365 5322 Deo

325 5346 515 5399 Οὐδὲν
564 5334 773 5414 ἓτερονδ
808 5343 887 5416 ἦν
940 5334 1107 5414 πλὴν
1152 5346 1258 5399 τοῦ
1293 5345 1460 5399 Θεοῦ.
1520 5342 1676 5416 Solus

1807 5334 2166 5416 letraiiebant,
2186 5335 2356 5416 αὐτῷ.
2386 5334 2462 5416 Μ’,

1857 5408 1970 5479 (75)
2025 5404 2393 5485 Μαρκέλλῳ..
2437 5404 2573 5459 Tum
2630 5405 2918 5485 legendum
2986 5406 3253 5485 Ἰουδαῖοι,
3308 5416 3364 5485 et

103 5488 297 5553 celius,
323 5498 512 5541 contra
564 5489 858 5551 Asterium,
900 5476 1006 5556 'qui
1047 5486 1322 5540 Christum
1339 5476 1674 5539 vereaturam

104 5560 337 5599 dumdu!
392 5561 483 5599 91ml
542 5560 724 5599 ltillllic
784 5560 995 5599 cmpuli:
1048 5557 1249 5599 mnnrln
1291 5555 1673 5599 antinninrem-

1807 5476 2321 5557 ruppap'cupoﬁwsc,
2343 5476 2430 5529 hic
2452 5490 2581 5545 ergo
2603 5492 2822 5543 repone,
2849 5477 3192 5599 Μαρκέλλου,
3218 5481 3361 5546 quod

1807 5566 1905 5599 :mn
1942 5551 2015 5599 ῖσ.
2044 5564 2092 5599 Ill
2124 5545 2233 5599 Mn.
2261 5555 2362 5598 est.
2398 5544 2478 5599 M.
2505 5574 2575 5584 —
2604 5544 2722 5599 Mox
2760 5550 2917 5599 vuieo
2985 5548 3123 5599 ἐγοι.

104 5560 360 5617 docebat.
391 5561 483 5612 sed
542 5560 724 5615 multis
784 5555 995 5613 saeculis
1048 5557 1249 5610 mundo
1291 5555 1673 5622 antiquiorem.

108 5629 393 5700 Eusebius,
443 5630 656 5700 Asterie
689 5629 1005 5700 σύμψηφος,
1048 5626 1679 5700 arreptuminterpreta-

107 5699 436 5760 tnrmillies,
470 5699 534 5751 de
570 5691 773 5768 negata.
800 5691 917 5753 Ftiit
958 5691 1276 5768 iiypostasi.
1333 5694 1401 5752 M.
1438 5723 1507 5733 —-
1534 5691 1673 5748 Infra

105 5773 266 5836 vulgo
294 5771 450 5823 αὐτὸν
494 5771 752 5838 κάκείνῳ.

1784 5544 2096 5628 coniicit-ni
2124 5545 2233 5628 Mp.
2261 5555 2362 5628 est.
2398 5544 2478 5600 M.
2505 5544 2575 5584 4
2604 5544 2722 5599 Mox
2760 5550 2917 5617 vulgo

2985 5548 3123 5616 ἐγοι.

1857 5618 1972 5690 (:14)
2009 5617 2133 5690 Mss.
2173 5617 2345 5690 ήμᾱςς

1854 5685 1967 5759 (75)
2010 5685 2174 5759 Vulgo
2196 5685 2455 5759 εσχάτων
2486 5696 2542 5759 et,
2572 5701 2689 5738 mox
2725 5686 3002 5741 ἁπάντων.

1852 5757 1964 5832 (76)
2009 5758 2067 5811 Ἠ
2101 5758 2304 5824 σοφία,
2341 5757 2435 5808 καὶ
2467 5757 2681 5826 λόγων.
2711 5760 2799 5814 Sic
2831 5760 3039 5827 legend.
3078 5759 3152 5812 M.
