3838 6222
423 285 529 339 905

1091 280 1359 338 EUSEBII
1399 280 1882 337 CESARIENSIS
1919 281 2075 339 OPP.
2118 282 2299 339 PARS
2336 282 2419 338 Ν
2471 313 2540 323 -—
2580 280 3001 336 DOGMATICA.

3581 289 3681 346 904

395 408 630 478 2salicta,
659 414 777 469 quae
807 396 974 453 semel
1010 405 1231 467 accepta
1273 397 1474 452 Christi
1510 397 1747 453 Ecclesia
1781 399 1868 468 pie
1903 414 1998 453 cu-

2117 419 2236 470 των,
2271 420 2289 453 ι
2331 404 2499 473 μήπω
2548 399 2640 453 τοῦ
2694 400 2900 469 κόσμου
2949 398 3257 478 γεγονότοςὲ
3283 396 3453 468 μηδὲν
3504 398 3685 470 ἕτερον

392 474 609 548 δςιοόίι.
634 490 683 545 Is
713 504 866 554 vero,
892 490 983 560 qui
1004 499 1207 554 tuetur,
1227 508 1245 541 ι
1273 500 1399 545 ante
1417 491 1673 545 mundum
1704 492 2001 557 conditum,

423 584 556 639 nihil
573 593 768 652 praeter
789 581 963 637 solum
986 582 1152 635 Deum
1170 581 1471 646 exstitisse,
1497 601 1516 634 ο
1547 596 1579 635 e
1604 582 1814 637 duobus
1838 597 2001 635 unum

423 675 731 732 necessario
762 673 1061 740 constituit,
1091 672 1385 730 Sabellium
1427 688 1505 739 se,
1535 674 1617 728 vel
1648 672 1915 729 Judaeum.
1938 680 1998 737 >14

422 766 557 821 Nam
588 768 632 822 si
668 767 734 822 de
759 766 842 822 sui
877 765 1039 820 animi
1075 765 1344 821 sententia
1380 764 1576 820 Filium
1611 776 1793 835 neget,
1825 765 2002 820 solum

424 859 593 915 Deum
624 856 919 930 professus,
962 855 1180 912 Iudaeus
1228 865 1311 912 est
1356 857 1448 927 qui
1496 856 1772 913 Christum
1809 858 2002 927 rejicit.

428 951 521 1007 Vel
542 953 587 1006 si
620 950 796 1005 Verbo
827 961 983 1005 tenus
1013 950 1256 1020 agnoscit
1282 948 1407 1004 Filii
1440 949 1798 1015 vocabulum,
1826 950 2002 1019 ipsum

424 1054 604 1099 autem
637 1042 832 1098 Filium
865 1058 985 1099 esse
1021 1058 1188 1098 unum
1219 1041 1389 1096 Deum
1430 1041 1599 1107 dicat,
1628 1057 1793 1097 unum
1842 1049 2005 1111 atque

424 1137 696 1204 eumdem,
726 1136 799 1191 ita
827 1142 883 1191 et
913 1134 1126 1189 Patrem
1155 1144 1209 1190 et
1236 1134 1437 1189 Filium
1463 1133 1843 1189 arbitrabitur.
1868 1134 2004 1188 Nam

424 1231 473 1285 si
503 1238 630 1286 ante
656 1230 939 1295 mundum,
961 1228 1095 1283 nihil
1123 1226 1372 1283 exstabat
1402 1229 1561 1298 plane
1586 1238 1784 1296 praeter
1813 1226 2002 1293 Deum,

427 1325 542 1395 ipse
576 1323 661 1379 vel
704 1322 866 1379 Pater
893 1329 949 1378 et
979 1322 1147 1378 Filius
1203 1322 1366 1378 simul
1400 1323 1547 1378 erit:
1592 1322 1673 1378 vel
1708 1332 1859 1379 certe
1900 1338 2004 1379 non

425 1417 675 1485 genuerit
710 1415 903 1471 ﬁlium.
1534 1430 1537 1433 ·

1072 1508 1223 1563 CAP.
1268 1507 1356 1563 ιιι.

427 1599 701 1666 Quomodo
738 1599 834 1654 Dei
877 1598 1101 1653 Verbum
1141 1601 1196 1652 in
1244 1598 1353 1653 Deo
1390 1599 1665 1665 exsislens,
1696 1601 1809 1654 sine
1858 1600 2007 1669 prin-

795 1670 928 1738 cipio
956 1670 1208 1738 deﬁnivit,
1237 1680 1285 1723 et
1320 1670 1638 1739 ingenitum.

496 1761 602 1817 Sed
652 1760 863 1815 videtur
901 1759 1182 1815 Marcellus
1213 1774 1358 1824 eum,
1388 1760 1478 1828 qui
1516 1761 1568 1813 in
1607 1760 1715 1814 Deo
1748 1770 1869 1815 erat
1904 1760 2006 1815 ιο-
2036 1780 2079 1835 Β

425 1868 551 1922 gon,
588 1853 881 1908 secundum
915 1867 1074 1922 quem
1113 1852 1316 1921 logicos
1364 1850 1705 1921 intelligitur,
1752 1852 2001 1905 eumdem

424 1956 546 1994 esse
586 1948 637 1996 et
668 1940 862 1995 Filium
901 1940 1194 1995 arbitrari:
1228 1950 1288 1995 ut
1326 1941 1400 1995 ita
1435 1940 1550 2010 ipse
1595 1943 1667 1996 sit
1705 1942 1787 1996 sui
1837 1941 2007 2009 ipsius

426 2029 613 2097 Pater,
640 2041 695 2086 et
721 2046 752 2084 e
781 2045 1043 2086 converso
1070 2030 1154 2085 sui
1184 2031 1354 2101 ipsius
1382 2031 1575 2087 Filius.
1605 2033 1823 2088 Audisis
1852 2048 2004 2103 ergo,

424 2139 547 2191 quae
577 2124 797 2178 totidem
826 2124 1005 2180 verbis
1028 2126 1248 2195 scripsit
1274 2142 1289 2179 :
1320 2123 1391 2197 [R
1428 2124 1561 2179 XCII
1594 2126 1721 2180 coll.
1749 2140 1802 2195 p.
1837 2126 1906 2180 59
1936 2110 2001 2197 Β]

429 2236 450 2269 ε
492 2218 634 2272 Ante
690 2216 932 2272 universi
982 2218 1394 2282 conditionem,
1444 2226 1601 2284 erat,
1655 2226 1717 2272 ut
1767 2219 2001 2283 videtur,

431 2326 452 2359 ι
499 2308 656 2378 quies
686 2307 824 2373 alta,
872 2308 926 2363 in
976 2307 1089 2363 Deo
1134 2308 1312 2364 Verbo
1362 2309 1662 2365 exsistente
1708 2310 1809 2367 :‘si
1862 2309 2007 2364 enim

431 2417 453 2452 σ
498 2399 687 2454 credat
720 2399 966 2455 Asterius
1004 2398 1173 2455 Deum
1207 2414 1330 2455 esse
1362 2401 1603 2455 universi
1648 2400 2005 2465 conditorem,

432 2507 452 2540 ι
498 2499 644 2543 certe
686 2490 839 2545 nobis
883 2489 1011 2544 illud
1060 2504 1424 2545 concessurus
1450 2499 1568 2556 est,
1601 2490 1749 2545 illum
1794 2506 2010 2561 semper

433 2600 453 2633 ι
499 2582 797 2645 exstitisse,
843 2597 1120 2652 nunquam
1171 2582 1469 2638 exsistendi
1515 2582 1844 2652 principium
1885 2596 2005 2638 sor-

433 2691 453 2723 ι
500 2674 676 2738 tilum,
720 2674 903 2727 omnia
952 2683 1130 2728 autem
1184 2674 1253 2729 ab
1302 2672 1392 2728 illo
1423 2674 1569 2727 facta
1625 2672 1819 2738 fuisse,
1863 2672 2009 2727 etde

432 2785 453 2817 ‹
499 2765 669 2820 nihilo
716 2764 924 2819 facta.»
975 2764 1138 2821 Vides
1178 2774 1239 2819 ut
1289 2766 1457 2820 Deum
1502 2772 1751 2819 statuens
1804 2764 2010 2832 absque

426 2860 573 2917 omni
608 2857 871 2928 principio
902 2855 1141 2913 Verbum
1172 2857 1317 2927 quod
1359 2857 1411 2911 in
1452 2857 1542 2913 illo
1573 2865 1714 2922 erat,
1746 2856 1797 2911 in
1827 2858 2011 2926 quiete

427 2948 659 3009 statuit,
712 2956 838 3003 ante
911 2946 1097 3002 mundi
1176 2946 1559 3010 condituram,
1626 2946 2007 3001 constitutum.

428 3037 615 3109 Pergit
648 3053 829 3109 porro,
873 3046 927 3093 et
962 3037 1205 3107 adjungit
1250 3055 1264 3091 :
1319 3055 1339 3089 ι
1380 3035 1440 3091 Si
1488 3036 1634 3092 istud
1678 3037 1902 3102 credat,
1954 3047 2010 3092 et

2107 489 2245 547 εἶναι
2285 493 2425 563 πλὴν
2455 490 2590 545 Θεοῦ
2630 491 2816 561 μόνου,
2849 509 2867 540 ν
2904 489 3051 543 δυεῖν
3077 488 3306 559 θάτερον
3334 489 3529 542 ἑαυτὸν
3566 490 3687 543 ὄντα

2107 586 2369 657 παρίστη,
2402 586 2435 655 ἢ
2483 584 2757 644 Ἰουδαῖον,
2787 582 2820 653 ἦ
2850 580 3161 635 Σαδέλλιον.
3195 582 3265 633 Ἢ
3308 580 3419 651 γὰρ
3465 581 3690 635 αὐτόθεν

2104 676 2434 747 ἀρνούμενος
2471 675 2562 728 τὸν
2610 673 2759 738 Υἰὸν,
2790 673 2923 726 Θεὸν
2955 672 3012 726 δὲ
3068 673 3229 743 μόνον
3261 672 3523 742 εἰσάγων,
3562 673 3690 726 Ἰου-

2104 768 2253 831 δαῖος
2322 766 2476 820 ἔσται
2523 766 2615 819 τὸν
2662 765 2899 837 Χριστὸν
2953 764 3370 837 ἀρνούμενοςσῆ
3409 766 3577 836 μέχρι
3613 764 3695 816 λό-

2105 878 2201 929 γου
2231 860 2347 932 (77)
2374 858 2473 931 τὴν
2505 858 2600 911 τοῦ
2615 858 2743 911 Υίοῦ
2761 858 3065 929 πρόσρησιν
3094 857 3512 928 ἀποδεχόμενος,
3532 859 3695 912 αὐτὸν

2103 953 2147 1006 δ’
2182 948 2323 1005 εἶναι
2357 952 2585 1021 φάσκων
2618 951 2714 1004 τὸν
2769 951 2867 1005 ἕνα
2910 949 3066 1013 Θεὸν,
3123 949 3249 1002 Υίὸν
3279 950 3415 1019 ὁμοῦ
3448 949 3566 1019 (78)
3603 952 3695 1003 καὶ

2105 1045 2344 1116 Πατέρα,
2374 1044 2466 1097 τὸν
2494 1042 2781 1096 Σαὸἑλλιον
2805 1041 3185 1096 ὲνανεώσεται.
3220 1042 3283 1094 Ei
3313 1040 3423 1114 γὰρ
3457 1041 3567 1114 πρὸ
3599 1040 3692 1094 τοῦ

2106 1135 2310 1206 κόσμου
2343 1134 2497 1187 οὐδὲν
2524 1134 2712 1205 ἕτερον
2740 1128 2810 1204 ἦν
2839 1132 2979 1203 πλὴν
3002 1132 3159 1199 Θεοῦ,
3212 1132 3376 1195 αὐτὸς
3399 1132 3553 1185 ἔσται
3584 1132 3692 1185 Ila-

2105 1224 2208 1297 τὴρ
2231 1225 2326 1279 καὶ
2352 1225 2500 1289 Υἱὸς,
2531 1225 2564 1296 ἢ
2592 1225 2713 1278 οὐδὲ
2741 1223 2851 1289 ἕξει
2884 1224 3018 1278 υἱόν.

2776 1496 2933 1548 ΚΕΦ.
2977 1495 3051 1547 l".

2109 1578 2309 1645 Ὅπως
2333 1580 2443 1635 τὸν
2462 1582 2657 1653 Λιότον
2682 1582 2790 1636 τοῦ
2815 1583 2963 1637 Θεοῦ
2991 1584 3061 1637 ἐν
3091 1581 3174 1649 τῷ
3201 1581 3323 1653 Θεῷ
3341 1581 3493 1636 ὄντα
3511 1582 3694 1653 ἄναρ-

2326 1669 2440 1721 χον
2463 1649 2618 1709 εἶναι
2643 1653 2742 1707 καὶ
2781 1653 3117 1723 ἀγέννητον
3152 1652 3411 1721 ὡρίζετο.

2190 1744 2329 1797 Ἀλλ’
2359 1744 2505 1799 ἔοικε
2531 1744 2851 1815 Μάρκελλος
2866 1746 2958 1801 τὸν
2986 1748 3043 1799 ὲν
3075 1744 3227 1811 αύτῷ
3256 1745 3335 1816 τῷ
3361 1745 3486 1816 Θεῷ
3500 1745 3696 1814 Λόγον,

2106 1838 2228 1891 καθ’
2244 1838 2303 1892 ὃν
2321 1838 2535 1907 λογικὸς
2563 1841 2784 1902 νοεῖται,
2801 1838 2987 1892 τοῦτον
3012 1834 3151 1893 εἶναι
3180 1838 3413 1909 φάσκειν
3427 1839 3522 1892 τὸν
3543 1840 3693 1892 Υἱόν·

2106 1930 2247 1984 ὥστε
2274 1926 2413 1986 εἶναι
2446 1930 2611 1983 αὐτὸν
2636 1930 2831 1984 ἑαυτοῦ
2865 1931 3086 2003 Πατέρα
3114 1930 3209 1986 καὶ
3232 1927 3300 1985 αὖ
3338 1931 3502 1985 πάλιν
3532 1932 3698 1985 αὺτὸν

2108 2023 2303 2076 ἑαυτοῦ
2332 2023 2480 2078 Υίόν.
2514 2024 2848 2078 Ἐπάκουσον
2873 2022 3005 2092 γοῦν
3041 2022 3149 2077 τῶν
3188 2023 3355 2077 αὐτοῦ
3380 2024 3596 2093 φωνῶν,
3631 2024 3697 2077 δι’

2106 2108 2180 2169 ὧν
2210 2114 2398 2168 τοῦτον
2438 2114 2641 2185 γράφει
2677 2114 2770 2168 τὸν
2814 2115 3015 2186 τρόπον
3042 2132 3055 2146 ·
3094 2133 3113 2165 ι
3151 2116 3264 2187 Πρὸ
3307 2116 3417 2187 γὰρ
3458 2116 3562 2186 τῆς
3608 2116 3699 2187 δη-

2114 2224 2133 2257 (
2178 2206 2465 2276 μιουργίας
2507 2205 2728 2276 ἁπάσης
2773 2204 2975 2275 ἡσυχία
2996 2222 3080 2268 τις
3116 2200 3205 2275 ἦν,
3238 2206 3315 2269 ὡς
3342 2205 3513 2271 είκὸς,
3544 2204 3699 2267 δντος

2114 2316 2133 2347 ι
2169 2300 2227 2351 ὲν
2250 2298 2328 2369 τῷ
2354 2297 2472 2369 Θεῷ
2500 2297 2596 2351 τοῦ
2628 2296 2824 2365 Λόγου.
2848 2298 2911 2350 Εἰ
2940 2296 3048 2369 γὰρ
3076 2298 3308 2369 ποιητὴν
3326 2298 3587 2352 ἁπάντων
3609 2298 3701 2350 τὸν

2115 2408 2134 2442 ι
2171 2390 2304 2443 Θεὸν
2369 2389 2647 2460 Ἀστέριος
2700 2390 3067 2445 πεπίστευκεν
3119 2385 3296 2453 εἶναι,
3382 2390 3545 2459 δῆλον
3619 2390 3704 2443 ὅτι

2114 2499 2135 2533 ι
2176 2480 2596 2553 συνομολογήσει
2633 2483 2767 2552 ἡμῖν
2801 2482 2897 2535 καὶ
2930 2482 3113 2545 αὐτὸς,
3147 2481 3238 2535 τὸν
3270 2481 3371 2553 μὲν
3406 2482 3495 2535 ἀεὶ
3519 2482 3700 2552 ὑπάρ-

2116 2591 2134 2623 ‹
2176 2589 2323 2643 χειν,
2363 2573 2497 2641 μηδὲ
2529 2572 2752 2628 πώποτε
2783 2568 2957 2645 ἀρχὴν
2981 2572 3075 2626 τοῦ
3110 2572 3251 2626 εἶναι
3280 2572 3540 2638 λαϐόντα,
3568 2574 3699 2628 τάδε

2116 2681 2135 2715 ι
2174 2662 2501 2733 γεγενῆσθαί
2543 2680 2605 2716 τε
2638 2662 2744 2716 ὑπὸ
2769 2662 2958 2726 αὐτοῦ,
3003 2662 3095 2717 καὶ
3125 2662 3184 2729 se
3214 2665 3316 2717 οὐκ
3342 2663 3515 2717 όντων
3544 2682 3705 2733 γεγε-

2115 2772 2135 2807 ι
2175 2754 2388 2825 νῆσθαι.
2422 2774 2441 2807 ι
2491 2755 2654 2827 Ὁρᾷς
2696 2756 2865 2819 ὅπως,
2904 2754 2998 2808 τὸν
3030 2754 3163 2809 Θεὸν
3191 2756 3428 2827 ἄναρχον
3456 2758 3705 2829 ﬁrmatq-

2112 2846 2369 2918 σάμενος,
2388 2847 2481 2900 τὸν
2509 2847 2681 2916 Λόγον
2704 2848 2762 2900 ὲν
2795 2846 2945 2918 αὐτῷ
2961 2847 3091 2900 ὄντα
3109 2848 3167 2901 ὲν
3196 2849 3399 2920 ἡσυχίᾳ
3422 2845 3566 2904 εἶναι
3598 2852 3707 2922 πρὸ

2110 2939 2211 3009 τῆς
2234 2939 2594 3011 δημιουργίας
2617 2938 2729 3011 (79)
2761 2938 2889 3011 ἔφη,
2924 2940 3020 2993 καὶ
3045 2938 3249 3011 προῖὼν
3273 2940 3404 3010 ἑξῆς
3432 2942 3702 3010 ἐπιλέγειο

2117 3049 2135 3081 r
2174 3032 2237 3084 Ei
2262 3031 2443 3084 τοίνυν
2488 3032 2649 3084 τοῦτο
2691 3030 2961 3099 πιστεύει,
3010 3032 3224 3104 ἀνάγκη
3271 3030 3437 3086 αὑτὸν
3482 3034 3706 3087 κάκεῖνο

434 3146 455 3181 ι
502 3130 632 3184 illud
690 3144 905 3200 quoque
969 3144 1091 3183 eum
1159 3128 1319 3183 fateri
1395 3142 1619 3184 necesse
1679 3137 1800 3195 est,
1869 3131 2008 3199 quod

2122 3142 2141 3175 ι
2181 3122 2581 3195 συνομολογεῖν,
2603 3124 2684 3178 ὅτι
2710 3124 2849 3196 πλὴν
2875 3124 3033 3190 Θεοῦ,
3055 3125 3209 3179 οὐδὲν
3227 3124 3314 3178 Ere
3323 3142 3415 3196 ρον
3437 3121 3706 3197 ἧν.“Εἷχεν

432 3236 455 3270 c
498 3218 657 3287 plane
692 3230 887 3289 praeter
922 3219 1094 3274 Deum
1130 3218 1262 3273 nihil
1290 3229 1405 3273 erat
1434 3219 1602 3274 aliud.
1638 3218 1836 3275 Habuit
1858 3236 2011 3291 ergo,

434 3328 454 3362 ι
507 3302 739 3366 Verbum
791 3311 847 3366 in
920 3311 1082 3365 Patre
1152 3310 1487 3378 subsistens,
1538 3326 1695 3367 suam
1766 3313 2011 3383 peculia-

434 3420 456 3455 r
502 3417 617 3458 rem
668 3402 914 3473 gloriam.
941 3421 960 3455 ι
1002 3401 1139 3458 Hinc
1162 3402 1454 3473 profectus,
1489 3412 1545 3457 et
1589 3412 1876 3469 internum,
1912 3407 2014 3460 hoc

428 3504 513 3549 est
541 3495 836 3566 ingenitum
864 3508 984 3549 esse
1014 3493 1247 3549 Verbum
1286 3494 1640 3563 pronuntiat:
1672 3491 1764 3565 [R.
1798 3494 2012 3550 XLVIII

428 3588 556 3641 coll.
586 3604 638 3657 p.
664 3586 734 3641 55
765 3586 830 3659 C]
866 3606 884 3639 ι
912 3587 1080 3642 Audis
1129 3601 1259 3657 ergo
1304 3584 1542 3656 Spiritus
1594 3588 1774 3643 sancti
1811 3603 2014 3644 conso-

433 3699 454 3733 ι
504 3682 772 3746 nantiam,
802 3681 893 3752 qui
938 3695 1036 3750 per
1081 3679 1283 3734 multas
1328 3689 1385 3734 et
1427 3680 1673 3735 diversas
1716 3695 2010 3750 personas,

436 3792 456 3823 ι
504 3774 663 3828 Verbi
698 3774 990 3829 aiternitati
1026 3773 1397 3828 testimonium
1435 3773 1702 3842 perbibet.
1733 3792 1751 3824 ι
1789 3774 1857 3827 Ει
1889 3788 2012 3826 rur-

431 3880 564 3919 sus:
604 3883 622 3916 ι
654 3864 719 3918 Et
755 3866 825 3920 ob
878 3865 983 3920 hoc
1034 3864 1211 3934 ipsum
1270 3864 1552 3919 exorditur
1593 3864 1661 3919 ab
1708 3868 2015 3920 aeternitate

439 3974 457 4007 ι
506 3952 687 4019 Verbi,
729 3952 795 4006 1η
821 3956 1081 4023 principio
1121 3964 1231 4008 erat
1267 3953 1519 4019 Verbum,
1548 3963 1598 4008 et
1643 3952 1869 4009 Verbum
1900 3965 2013 4009 erat

440 4062 460 4096 ι
508 4046 647 4113 apud
680 4043 867 4111 Deum,
894 4056 941 4098 et
972 4045 1113 4099 Deus
1156 4056 1267 4099 erat
1316 4044 1543 4099 Verbum
1571 4045 1637 4099 θ’.
1675 4044 1874 4101 Tribus
1925 4047 2012 4101 hic

439 4154 459 4187 ι
501 4138 771 4192 continuis
804 4138 1127 4193 tcstimoniis
1159 4153 1289 4193 usus
1316 4139 1677 4194 aeternitatem
1707 4137 1864 4195 Verbi
1897 4139 2012 4193 vult

439 4247 460 4280 ι
506 4228 920 4283 εοηειιιὺίιίτθ.»
975 4228 1223 4293 Qualiter
1272 4244 1401 4283 vere
1446 4229 1682 4284 Verbum
1725 4231 2009 4284 counitum

431 4331 554 4377 crat
586 4321 716 4385 Deo,
741 4330 797 4374 et
826 4336 949 4375 cum
982 4319 1074 4374 illo
1100 4335 1203 4374 una
1236 4319 1561 4388 ingenitum,
1598 4330 1813 4376 tueatur
1833 4336 2012 4391 Operae

432 4415 666 4485 pretium
704 4424 820 4479 est,
868 4422 926 4467 ut
975 4411 1142 4482 ipsius
1187 4412 1367 4467 verbis
1415 4412 1655 4481 positum
1705 4412 2007 4468 audiamus.

2121 3235 2140 3268 ι
2180 3214 2274 3270 οὖν
2305 3218 2406 3288 τὴν
2452 3217 2661 3272 οίκείαν
2686 3217 2843 3283 δόξαν
2868 3220 2898 3272 ό
2926 3219 3121 3287 Λόγος,
3151 3218 3228 3272 ὣν
3256 3221 3316 3273 ὲν
3345 3219 3427 3289 τῷ
3450 3222 3653 3292 Πατρί.
3683 3242 3700 3272 ι

2125 3306 2403 3361 Ἐντεῦθεν
2446 3308 2693 3374 είκότως,
2734 3310 2827 3363 καὶ
2886 3310 3078 3377 ἀίδιον,
3134 3309 3437 3365 τοῦτ’ἐστιν
3482 3313 3707 3383 ἀγέννη-

2111 3417 2226 3467 τον,
2255 3396 2395 3454 εἶναί
2426 3418 2559 3473 φησι
2593 3402 2685 3455 τὸν
2720 3402 2915 3470 Λόγον,
2948 3397 3053 3457 ὧδε
3096 3404 3359 3475 γράφων*
3389 3424 3409 3455 ι
3458 3405 3708 3469 Ἀκούεις

2117 3510 2138 3545 ‹
2178 3493 2358 3545 τοίνυν
2388 3493 2491 3563 τῆς
2522 3496 2843 3565 συμφωνίας
2871 3495 2965 3548 τοῦ
3006 3496 3164 3563 ἁγίου
3207 3496 3563 3568 Πνεύματος,
3620 3499 3710 3551 διὰ

2119 3602 2139 3635 ι
2176 3584 2385 3638 πολλῶν
2410 3586 2504 3639 καὶ
2530 3586 2805 3658 διαφόρων
2827 3587 3135 3658 προσώπων
3160 3591 3227 3661 τῇ
3248 3589 3340 3643 τοῦ
3365 3591 3544 3659 Λόγου
3565 3609 3710 3663 pap-

2119 3694 2139 3729 ι
2177 3678 2445 3749 τυρούσης
2476 3679 2762 3750 ἀῖδιότητι.
2806 3699 2825 3730 ι
2856 3681 2968 3735 Καὶ
2996 3680 3192 3734 πάλιν
3231 3701 3251 3733 ί
3290 3682 3401 3735 Καὶ
3432 3682 3523 3735 διὰ
3550 3682 3711 3736 τοῦτο

2118 3788 2138 3821 ι
2183 3770 2410 3843 ἄρχεται
2442 3771 2542 3842 μὲν
2586 3772 2694 3825 ἀπὸ
2738 3772 2839 3843 τῆς
2878 3773 3180 3844 ἁῖδιότητος
3216 3773 3312 3827 τοῦ
3343 3776 3544 3843 Λόγου,
3605 3778 3711 3831 ’Er

2118 3882 2138 3917 ι
2172 3864 2331 3936 ἀρχῇ
2370 3861 2452 3935 ἦν
2477 3863 2591 3935 (80)
2624 3867 2657 3919 ὀ
2694 3866 2905 3934 Λόγος,
2944 3865 3142 3934 λέγων,
3187 3866 3286 3921 καὶ
3334 3871 3367 3921 ὁ
3408 3870 3602 3937 Λόγος
3632 3866 3712 3938 ἦν

2119 3975 2138 4009 ι
2185 3956 2335 4025 πρὸς
2354 3957 2462 4010 τὸν
2482 3956 2650 4020 Θεὸν,
2672 3957 2771 4011 καὶ
2799 3958 2945 4023 Θεὸς
2964 3954 3044 4028 ἦν
3057 3960 3091 4011 ὁ
3108 3960 3323 4028 Λόγοςο
3342 3960 3524 4031 τρισὶν
3546 3961 3712 4015 ἐπαλ-

2118 4066 2139 4100 ι
2184 4048 2362 4120 λήλοις
2379 4049 2704 4123 μαρτυρίαις
2732 4048 3013 4121 χρώμενος
3043 4050 3142 4123 τὴν
3175 4051 3456 4124 ἀῖδιότητα
3487 4054 3583 4107 τοῦ
3603 4055 3713 4110 Λό-

2120 4162 2139 4195 ‹
2179 4160 2277 4211 γου
2294 4143 2568 4197 δεικνύναι
2585 4142 2854 4214 βούλεται.
2883 4163 2902 4196 ι
2927 4144 3189 4209 Ὀπωςδὲ
3218 4144 3459 4216 ἡνῶσθαι
3495 4145 3713 4217 τῷΘεῷ

2114 4238 2207 4291 καὶ
2224 4237 2617 4307 συναγέννητον
2640 4231 2777 4291 εἶναι
2804 4236 2955 4307 αὐτῷ
2973 4236 3065 4290 τὸν
3098 4236 3272 4306 Λόγον
3304 4236 3539 4306 ἔφασκε,
3569 4239 3715 4309 πάρ-

2112 4347 2258 4383 εστιν
2285 4329 2451 4383 αὐτοῦ
2479 4327 2803 4393 ἐπακοῦσαι,
2849 4321 2954 4382 ὧδέ
2998 4344 3076 4398 πη
3117 4327 3388 4396 λέγοντος·
3414 4348 3436 4381 ι
3470 4330 3586 4402 Τὴν
3612 4331 3713 4401 μὲν

2115 4422 2259 4476 κατὰ
2281 4422 2461 4495 σάρκα
2507 4422 2820 4493 οἰκονομίαν
2836 4421 2913 4493 τῷ
2933 4420 3204 4493 ἀνθρώπῳ
3233 4420 3515 4493 διαφέρειν
3549 4422 3713 4491 γινώο

438 4523 461 4558 ι
486 4505 945 4575 Dispensationem
963 4503 1178 4573 quidem
1207 4502 1444 4572 inparue
1475 4503 1617 4559 illius
1638 4504 1704 4558 ad
1741 4503 2008 4560 hominem

2119 4485 2481 4589 σκομεν·’τὴν
2506 4515 2565 4569 δὲ
2591 4485 2733 4570 κατά
2776 4485 2993 4586 πνεῦμα
3036 4485 3318 4585 ἀῖδιότητα
3634 4517 3714 4585 τῷ

434 4607 687 4666 spectare
718 4595 1066 4666 intelligimus
1096 4613 1109 4648 :
1150 4603 1206 4647 at
1238 4608 1387 4659 vero,
1417 4594 1719 4649 secundum
1756 4594 2008 4664 spiritum

434 4687 798 4742 aeternitatem
845 4686 964 4757 ejus
1037 4686 1246 4741 unitam
1319 4701 1442 4740 cum
1506 4685 1670 4741 Patre
1737 4686 2014 4742 credimus

434 4795 575 4835 esse.
610 4796 630 4829 ι

1078 4868 1232 4924 CAP.
1291 4866 1379 4923 IV.

474 4971 535 5029 >14
578 4962 854 5029 Quomodo
894 4977 1077 5032 unum_
1099 4971 1255 5031 atque
1279 4960 1418 5015 idem
1447 4975 1556 5015 esse
1584 4960 1793 5019 verbum
1822 4970 1977 5032 atque

1042 5030 1213 5085 Deum
1236 5032 1394 5087 dixit.

507 5126 610 5195 Qui
642 5125 883 5179 adhunc
926 5122 1141 5177 modum
1190 5122 1245 5177 in
1286 5123 1397 5177 Deo
1440 5122 1663 5176 verbum
1713 5137 1835 5178 esse
1884 5138 2017 5179 con-

510 5249 571 5307 ›Ῑ‹
605 5242 702 5297 Ed.
725 5238 899 5295 Paris.
923 5254 1046 5311 pag.
1087 5238 1343 5304 i05,106.

488 5326 491 5329 ‘
532 5315 555 5346 ⁸
591 5311 750 5368 Joan.
778 5328 819 5376 ι,
848 5312 901 5365 1.

509 5407 623 5476 (77)
660 5406 724 5461 Ἠ
743 5405 918 5476 μέχρι
948 5405 1155 5476 ψόγου.
1187 5404 1349 5457 Forte
1379 5403 1661 5476 p6vou._M.

509 5410 599 5470 (77
660 5410 724 5461 Ἠ
743 5410 918 5476 μέχρι
948 5410 1155 5474 λόγου.
1188 5410 1349 5457 Forte
1379 5410 1558 5474 μόνου.
1592 5410 1661 5457 Μ.

508 5410 623 5547 (Ἰεζ
669 5477 777 5531 Καὶ
808 5475 1039 5544 Πατέρα
1089 5476 1501 5547 ὲνανεώσεται.
1540 5474 1860 5547 orte,£va
1923 5476 2012 5528 καί

438 5545 610 5601 αὐτὸν
632 5547 933 5616 νομίσεται,
967 5557 1065 5600 hoc
1097 5556 1199 5605 est,
1224 5546 1459 5616 Snbellii
1475 5545 1713 5599 tuebitur
1739 5546 2008 5616 ἱρείη-θείω.

440 5620 630 5671 Addidi
662 5614 725 5671 ex
762 5620 919 5673 codd.
950 5617 1040 5671 τὸν
1083 5615 1371 5668 Σαὸἐλλιον
1405 5614 1478 5668 cl'.
1511 5630 1565 5683 p.
1606 5616 1705 5669 107
1752 5614 1795 5667 D
1824 5616 1919 5670 litt.
1954 5614 2010 5667 lu

443 5692 547 5765 line
577 5689 783 5765 plenius
832 5688 1025 5765 12395.-
1053 5686 1279 5765 ﬂabris;
1313 5686 1473 5765 ista:
1520 5684 1888 5765 [lathpﬁuoﬁ
1922 5687 2015 5765 καὶ

441 5754 640 5828 Υἱὸςζῆ
671 5754 1085 5822 ὅλως,οῧθ“’έξει’
1104 5756 1250 5823 Υίόν,
1277 5758 1324 5810 ei
1354 5758 1454 5811 huc
1477 5765 1559 5811 est
1588 5754 1915 5810 Judaisntus.
1942 5755 2011 5808 Μ.

2119 4608 2296 4680 Πατρί
2328 4607 2789 4677 πεπιστεύκαμεν.
2833 4625 2853 4661 ι

2771 4878 2927 4931 ΚΕΦ.
2971 4878 3045 4930 Δ’.

2121 4966 2320 5032 θοκως
2341 4966 2411 5021 ἓν
2432 4968 2529 5023 καί
2548 4970 2737 5024 αὐτὸν
2762 4965 2918 5094 εἷέἷιει
2943 4968 3050 5023 τὸν
3079 4971 3277 5039 Λόγον
3298 4970 3398 5023 καί
3429 4968 3541 5023 τὸν
3562 4969 3716 5024 Θεὸν

2908 5057 2993 5094 τε.

2908 5057 2993 5109 τε.

2194 5127 2394 5183 Τοῦτον
2434 5129 2546 5200 (81)
2588 5130 2653 5201 δὴ
2693 5131 2784 5183 τὸν
2816 5132 3015 5203 τρόπον
3049 5134 3108 5185 ὲν
3135 5130 3213 5202 τῷ
3242 5130 3363 5201 Θεῷ
3383 5131 3517 5195 δοὺς
3569 5128 3717 5186 εἶναι

2118 5438 2181 5450 -
2218 5408 2364 5466 lnl‘ra
2397 5410 2467 5465 τὰ
2503 5412 2561 5465 δὲ
2602 5429 2722 5481 γεγ.
2762 5412 3042 5468 transtulit
3068 5410 3239 5467 Mont.
3274 5414 3459 5466 omnia
3482 5412 3713 5483 (πάντα)

2120 5491 2303 5534 autem
2338 5492 2444 5536 est.

2191 5552 2303 5628 (79)
2334 5552 2430 5628 _Sic
2453 5552 2600 5628 Mp.;_
2629 5551 2793 5628 codd:
2810 5562 2887 5628 et_
2903 5554 3064 5623 vulgo
3092 5554 3179 5623 ἐφ’

2190 5618 2522 5695 (βίῃ-γωδοζ
2542 5622 2632 5695 Ἑν
2657 5624 2799 5693 ἀρχῇ
2827 5618 2922 5695 οὖν
2950 5618 3154 5681 εἴη)οὲ
3309 5624 3597 5695 ἀλλήλαις.

2188 5689 2477 5763 t81)\’ulgt)
2498 5692 2554 5745 δέ
2586 5704 2639 5749 et
2678 5689 2893 5762 ἔν’λεῷ.
