3838 6222
152 306 271 362 ’965

1107 307 1197 363 DE
1220 305 1757 365 ECCLESIAS‘I‘ICA
1793 298 2189 361 THEOLOGIA
2225 298 2356 359 UB.
2396 302 2461 359 ll.

3298 298 3406 354 906

156 424 258 480 τὸν
282 422 441 491 λόγον
471 421 608 492 (82),
628 422 689 475 ἓν
719 424 815 476 καὶ
843 423 1038 477 ταύτὸν
1084 419 1225 476 εἶναι
1275 421 1424 493 αὑτῷ
1452 422 1579 493 ἑξῆς
1605 424 1743 476 ἀπο-

1857 419 2029 485 cessit,
2063 434 2228 475 unum
2254 429 2417 489 atque
2448 418 2589 473 idem
2625 432 2750 473 cum
2777 432 2844 473 eo
2874 417 3002 472 illud
3025 416 3280 486 deinceps
3307 415 3406 470 do-

161 518 439 587 φαίνεται,
475 516 616 570 κατὰ
657 515 801 580 λέξιν
845 511 946 569 ὦδε
982 516 1207 588 γράφων
1234 533 1247 545 ·
1276 534 1296 566 ι
1335 517 1399 568 Et
1432 515 1531 585 μὲν
1560 514 1668 585 γὰρ
1706 515 1741 584 ἡ

166 624 189 658 ι
231 603 328 658 τοῦ
354 604 667 674 Πνεύματος
690 604 936 668 ἐξέτασις
961 606 1199 672 γίγνοιτο
1231 606 1387 675 μόνη,
1416 605 1472 657 ἒν
1498 604 1591 658 καὶ
1610 605 1741 657 ταύ-

168 716 189 749 ι
232 696 325 749 τὸν
363 695 585 759 εἰκότως
615 696 680 749 ἂν
704 698 732 749 6
757 696 928 764 Λόγος
954 692 1095 749 εἴναι
1126 697 1207 766 τῷ
1239 696 1358 765 Θεῷ
1387 697 1628 764 φαίνοιτο
1647 713 1660 726 ·
1692 698 1741 748 εἰ

168 803 190 836 ι
231 785 290 839 δὲ
340 787 373 855 ἡ
426 786 577 839 κατὰ
626 785 823 853 σάρκα
870 786 1154 857 προσθήκη
1207 787 1300 839 ἐπὶ
1349 785 1444 838 τοῦ
1493 785 1742 855 Σωτῆρος

167 896 190 927 ς
235 876 572 940 ἐξετάζοιτο,
616 878 869 949 ἐνεργείᾳ
907 880 940 947 ἡ
976 876 1166 943 θεότης
1210 877 1345 949 μόνῃ
1379 873 1740 929 πλατύνεσθαι

171 990 189 1020 ι
231 970 379 1023 δοκεῖ
394 986 407 999 ·
430 969 569 1023 ὥστε
598 971 822 1033 εἰκότως
846 970 1010 1039 μονὰς
1026 970 1194 1032 ὅντως
1217 969 1365 1022 ἐστὶν
1382 968 1700 1039 ἀδιαίρετος.
1717 988 1735 1019 ι

165 1062 278 1114 Καὶ
310 1060 471 1113 πάλιν
505 1060 708 1132 προῖὼν
756 1078 949 1130 φησιν·
988 1079 1007 1111 ι
1048 1062 1121 1113 Ού
1160 1060 1250 1115 διὰ
1280 1060 1381 1132 τὴν
1431 1062 1488 1112 ἐν
1537 1060 1742 1113 ἅπασιν

168 1172 191 1205 ε
233 1148 327 1206 οὖν
356 1152 533 1221 λόγοις
580 1170 639 1205 τε
683 1155 778 1205 καὶ
833 1153 1015 1224 ἔργοις
1043 1153 1245 1224 ἀκριϐῆ
1281 1153 1620 1223 συμφωνίαν,
1667 1153 1744 1215 ὡς

169 1260 193 1298 t
240 1244 513 1315 Ἀστέριος
542 1243 668 1314 ἔφη,
702 1244 730 1295 6
751 1244 939 1314 Σωτὴρ
964 1243 1134 1311 λέγει,
1172 1244 1319 1313 Ἐγὼ
1352 1244 1448 1296 καὶ
1480 1246 1511 1296 ό
1540 1241 1744 1310 Πατὴρ

168 1352 195 1391 ι
230 1336 307 1389 ἓν
325 1336 527 1403 ἐσμεν·
556 1335 693 1388 ἀλλὰ
718 1335 849 1388 διότι
880 1335 1135 1387 ἀδύνατόν
1158 1336 1302 1387 ἐστιν
1327 1334 1360 1405 ἢ
1382 1334 1552 1401 Λόγον
1585 1334 1741 1396 Θεοῦ,

168 1449 193 1486 ι
232 1432 269 1504 ἦ
297 1431 428 1485 Θεὸν
460 1430 552 1483 τοῦ
582 1430 775 1483 ἐαυτοῦ
805 1429 1119 1501 μερίζεσθαι
1154 1428 1347 1497 Λόγου.
1385 1447 1404 1480 ι
1440 1430 1502 1481 Et
1537 1429 1647 1499 (83)
1680 1429 1743 1500 δὴ

165 1518 262 1576 οὖν
289 1522 348 1574 ἓν
367 1522 461 1573 καὶ
482 1521 674 1574 ταύτὸν
696 1516 763 1591 ἦν
794 1522 823 1573 6
843 1520 974 1583 Θεὸς
1006 1520 1100 1572 καὶ
1124 1523 1155 1573 ό
1181 1522 1238 1572 ὲν
1268 1518 1416 1589 αύτῷ
1448 1519 1639 1586 Λόγος,
1669 1519 1744 1582 ὡς

165 1616 317 1670 δοκεῖ
347 1614 673 1686 Μαρκέλλῳ,
723 1615 751 1665 6
791 1616 848 1665 ἐν
877 1616 943 1684 τῇ
986 1612 1117 1683 ἁγίᾳ
1144 1611 1407 1683 Παρθένῳ
1432 1612 1741 1682 γενόμενος,

166 1709 265 1761 καὶ
303 1706 626 1778 σαρκωθεὶς,
672 1705 765 1758 καὶ
809 1704 1251 1775 ἐνανθρωπήσας,
1298 1704 1391 1756 καὶ
1439 1702 1627 1757 παθὼν
1679 1701 1746 1755 τά

170 1773 654 1871 ἀναγεγραμμένα,
686 1798 779 1850 καὶ
815 1773 1098 1849 ἀποθανὼν
1143 1795 1283 1866 ὑπὲρ
1322 1794 1429 1848 τῶν
1461 1794 1744 1866 ἁμαρτιῶν
1776 1773 1817 1827 Β

167 1890 352 1962 ἡμῶν,
376 1890 536 1952 αὐτὸς
555 1885 623 1959 ἦν
646 1891 674 1942 ὁ
699 1891 791 1941 ἐπὶ
809 1889 1023 1941 πάντων
1052 1887 1202 1950 Θεός.
1227 1889 1290 1940 Ὃ
1312 1887 1375 1956 δὴ
1402 1887 1747 1957 τολμήσαντα

170 1984 338 2053 φάναι
366 1983 458 2036 τὸν
484 1982 766 2036 Σαϐέλλιον
789 1982 823 2051 ἡ
870 1980 1161 2049 Ἐκκλησία
1192 1981 1288 2034 τοῦ
1317 1980 1450 2033 Θεοῦ
1482 1981 1541 2033 ὲν
1568 1978 1747 2043 ἀθέοις

165 2074 269 2131 καὶ
295 2074 634 2145 βλασφήμως
665 2072 771 2141 (84)
793 2070 1096 2135 κατέλεξεν..

1453 2257 1514 2298 φ

820 2338 978 2397 ΚΕΦ.
1019 2336 1097 2394 E'.

406 2428 528 2487 Ὅτι
553 2432 741 2488 ταῦτα
765 2434 958 2501 λέγων
984 2432 1219 2501 ἠρνεῖτο
1241 2428 1349 2487 τὸν
1382 2430 1536 2486 Υἱόν.

240 2524 309 2579 Εἰ
335 2526 392 2579 δέ
417 2525 565 2594 λέγοι
588 2525 900 2596 Μάρκελλος
922 2526 1011 2577 τὸν
1029 2525 1198 2592 Λόγον
1221 2518 1362 2577 εἶναι
1387 2524 1481 2576 τοῦ
1504 2522 1638 2576 Θεοῦ
1659 2522 1749 2576 τὸν

170 2617 547 2689 σαρκωθέντα,
570 2617 683 2670 ἀλλ’
700 2617 1000 2687 ἀχώριστον
1026 2616 1189 2669 αὐτὸν
1210 2615 1447 2687 ὡρίσατο
1474 2615 1586 2685 (85)
1612 2612 1749 2669 εἶναι

173 2708 268 2762 τοῦ
304 2707 464 2773 Θεοῦ,
496 2707 701 2778 μονάδα
732 2708 854 2770 δοὺς
883 2707 1210 2778 ἀδιαίρετον,
1240 2707 1333 2759 καὶ
1360 2706 1487 2777 μίαν
1515 2706 1750 2759 ὑπόστα-

177 2819 260 2855 σιν
282 2801 378 2855 τοῦ
406 2801 539 2855 Θεοῦ
563 2802 657 2854 καὶ¹
689 2801 781 2854 τοῦ
809 2803 866 2853 ἐν
899 2800 1048 2872 αὐτῷ
1086 2800 1282 2867 Λόγου,
1311 2800 1386 2863 ὼς
1413 2799 1533 2870 μηδ’
1565 2800 1751 2869 ἕτερον

175 2896 316 2945 νοεῖν
356 2893 447 2946 τὸν
498 2893 996 2963 ἐνανθρωπήσαντα
1043 2895 1162 2945 κατ’
1195 2892 1385 2957 αὑτὸν,
1433 2892 1466 2961 ἢ
1518 2891 1607 2944 τὸν
1658 2892 1751 2944 ἐπὶ

175 2985 394 3039 πάντων
421 2985 578 3038 Θεόν·
614 2986 663 3037 εἰ
689 2984 745 3037 δὲ
775 2984 941 3054 μονάς
964 2985 1111 3036 ἐστιν
1136 2983 1459 3055 ἀδιαίρετος,
1484 2984 1542 3036 ἐν
1571 3000 1630 3035 τε
1657 2982 1751 3035 καὶ

1841 521 1929 567 cet
1950 512 2248 577 exstitisse,
2282 512 2356 565 ita
2388 511 2630 566 scribens
2659 528 2673 564 :
2710 509 2800 583 [Β.
2831 508 2970 565 LXII
2999 509 3122 564 coll.
3151 523 3205 578 p.
3243 507 3312 565 79
3336 506 3407 580 Α]

1846 621 1868 653 ο
1907 602 2185 672 Siquidem
2213 605 2436 673 spiritus
2478 604 2576 658 ﬂat
2607 603 2775 659 solius
2818 602 3212 672 interpretatio,
3242 616 3412 655 unum

1848 711 1869 746 ι
1903 710 2028 749 cum
2107 694 2217 749 Deo
2268 703 2429 764 atque
2494 695 2638 749 idem
2699 708 2799 749 nec
2860 693 3135 748 immerito
3199 691 3409 746 videbi-

1849 803 1867 835 ι
1902 794 1989 837 tur
2016 799 2138 839 esse
2168 784 2442 850 Verbum;
2473 785 2615 854 quod
2666 784 2711 837 si
2767 784 3191 838 additamentum
3255 781 3408 844 illud,

1848 876 2195 931 «secundum
2241 890 2482 940 carnem,
2530 874 2817 943 adjiciatur
2866 884 2921 929 ut
2973 873 3291 943 requisitum
3353 873 3409 926 in

1848 984 1868 1018 ι
1902 966 2208 1029 Servatore,
2249 966 2362 1021 sola
2395 969 2706 1035 operatione
2753 966 2965 1020 videtur
2999 965 3254 1020 divinitas
3311 979 3409 1018 ex-

1848 1077 1867 1109 ι
1903 1062 2047 1115 tendi
2088 1076 2100 1109 :
2138 1060 2215 1113 ita
2245 1062 2423 1115 unitas
2448 1075 2545 1114 nec
2592 1060 2789 1127 injuria
2837 1060 2941 1115 erit
2988 1057 3404 1113 indivisibilis.)

1844 1151 1912 1206 Et
1958 1154 2009 1206 in
2060 1167 2349 1223 progressu
2397 1153 2589 1207 iterum
2619 1151 2709 1223 [Β.
2738 1150 2905 1206 LXIV
2945 1151 3067 1206 coll.
3106 1166 3161 1220 p.
3199 1151 3267 1205 '57
3299 1148 3409 1222 D]:

1851 1262 1869 1295 ι
1903 1243 2017 1299 Non
2049 1254 2269 1314 propter
2300 1245 2445 1298 illam
2472 1245 2874 1300 exaetissimam
2914 1244 3111 1313 ubique
3138 1244 3193 1296 in
3232 1242 3413 1297 verbis

1850 1354 1870 1387 ι
1903 1346 1957 1391 et
1978 1335 2138 1389 factis
2176 1337 2611 1404 consonantiam,
2642 1337 2694 1391 id
2735 1337 2879 1406 quod
2912 1336 3129 1390 videtur
3174 1335 3410 1397 Asterio,

1852 1443 1870 1476 ι
1903 1425 2155 1480 Servator
2176 1427 2251 1479 ait
2282 1442 2294 1477 :
2343 1426 2455 1496 Ego
2493 1438 2539 1480 et
2592 1427 2755 1481 Pater
2797 1442 2959 1480 unum
2986 1443 3171 1479 sumus
3195 1423 3262 1487 "°,
3317 1424 3414 1479 sed

1852 1536 1871 1569 ι
1898 1520 2039 1589 quod
2069 1519 2225 1588 plane
2250 1522 2323 1574 sit
2353 1520 2701 1590 impossibile,
2728 1518 2810 1573 vel
2834 1519 3072 1575 Verbum
3095 1534 3125 1572 a
3149 1517 3259 1574 Deo
3282 1557 3298 1582 ,
3326 1516 3414 1570 vel

1851 1627 1870 1662 ι
1906 1610 2073 1665 Deum
2104 1626 2133 1662 a
2170 1609 2349 1666 Verbo
2377 1626 2475 1665 suo
2501 1626 2775 1679 separare.
2812 1630 2830 1662 ι
2864 1610 3093 1677 Quodsi
3141 1611 3213 1664 ita
3246 1623 3412 1661 unum

1846 1712 1965 1755 erat
1984 1713 2143 1771 atque
2167 1702 2309 1756 idem
2339 1703 2478 1758 Deus
2504 1720 2624 1758 cum
2651 1703 2846 1767 Verbo,
2875 1704 3015 1772 quod
3040 1703 3093 1755 in
3120 1703 3235 1771 ipso
3270 1712 3412 1761 erat,

1848 1804 1907 1847 ut
1953 1794 2208 1851 Marcello
2249 1796 2463 1850 videtur
2520 1815 2536 1864 ;
2597 1808 2707 1851 tum
2766 1798 2856 1866 qui
2915 1798 3127 1867 genitus
3187 1804 3306 1848 erat
3359 1796 3413 1847 in

1847 1889 2193 1944 sanctissima
2224 1890 2465 1960 Virgine,
2490 1905 2707 1946 carnem
2743 1890 2980 1954 indutus,
3010 1890 3170 1943 homo
3213 1888 3412 1953 factus,

1847 1983 1939 2051 qui
1980 1998 2099 2051 quae
2133 1984 2333 2053 scripta
2376 1996 2500 2038 sunt
2539 1986 2872 2053 patiebatur,
2924 1983 3016 2053 qui
3067 1991 3292 2037 mortem
3320 1996 3416 2050 op-

1848 2074 2004 2141 petiit
2040 2088 2137 2142 pro
2155 2075 2392 2144 peccatis
2419 2075 2642 2139 nostris,
2692 2083 2810 2128 erat
2835 2075 2948 2143 ipse
2975 2087 3137 2142 super
3162 2072 3414 2125 universa

1852 2164 2012 2218 Deus.
2067 2164 2219 2231 Quod
2266 2182 2388 2221 cum
2441 2165 2708 2222 Sabellius
2760 2166 3008 2229 sentiret,
3068 2164 3216 2218 illum
3270 2164 3416 2217 inter

1847 2256 2038 2311 atheos
2071 2265 2125 2312 et
2161 2256 2505 2328 hlasphemos
2534 2258 2775 2327 reposuit
2794 2256 3034 2312 Ecclesia
3065 2255 3181 2310 Dei.

2504 2348 2655 2407 CAP.
2694 2348 2757 2403 V.

2106 2440 2261 2504 Quod
2300 2457 2415 2493 cum
2446 2441 2522 2493 ita
2553 2443 2735 2505 dicat,
2768 2438 2969 2494 Filium
3000 2448 3165 2510 neget.

1916 2528 2072 2597 Quod
2101 2530 2148 2585 si
2179 2531 2324 2586 dicat
2371 2531 2653 2587 Marcellus
2686 2533 2918 2587 Verbum
2962 2532 3126 2588 fuisse
3165 2533 3417 2588 incarna—

1850 2631 1989 2686 tum,
2022 2626 2262 2696 illudque
2299 2624 2533 2682 Verbum
2581 2640 2613 2679 a
2660 2627 2770 2681 Deo
2807 2627 3169 2698 inseparabile
3203 2628 3416 2694 statuit,

1850 2720 2047 2789 quippe
2082 2720 2227 2788 quod
2258 2720 2437 2774 unitas
2461 2722 2530 2775 sit
2553 2722 2777 2775 indivisa
2823 2740 2837 2777 :
2882 2721 3022 2791 quod
3052 2738 3155 2776 una
3195 2722 3267 2777 sit
3321 2723 3421 2795 hy-

1851 2810 2086 2877 postasis
2112 2809 2224 2875 Dei,
2251 2820 2304 2865 et
2331 2810 2513 2877 Verbi,
2540 2813 2680 2881 quod
2706 2811 2758 2864 in
2794 2812 2910 2881 ipso
2944 2822 3062 2867 erat
3094 2829 3108 2865 :
3142 2828 3249 2866 non
3292 2826 3423 2881 pos-

1852 2915 2039 2954 sumus
2079 2902 2237 2956 aliter
2276 2918 2388 2957 rem
2428 2905 2734 2972 concipere,
2782 2904 2909 2972 quin
2958 2904 3255 2957 secundum
3298 2919 3422 2959 eum

1853 2988 1994 3044 Deus
2017 2990 2087 3055 is,
2111 2994 2200 3061 qui
2228 3002 2317 3046 est
2340 3007 2501 3061 super
2524 2993 2726 3056 omnia,
2754 2994 2824 3046 sit
2850 2992 3196 3060 incarnatus;
3224 2993 3269 3048 si
3301 2994 3425 3047 uni-

175 3075 370 3129 ταύτὸν
395 3078 423 3128 6
450 3075 581 3139 Θεὸς
605 3075 701 3128 καὶ⁹
727 3075 756 3126 6
783 3076 840 3126 ἐν
867 3072 1017 3143 αύτῷ
1043 3072 1232 3141 Λόγος,
1250 3074 1344 3127 καὶ
1371 3072 1482 3141 (86)
1512 3072 1578 3125 ἂν
1606 3070 1745 3125 εἴποι

1858 3091 1939 3135 tas
1964 3090 2048 3136 est
2075 3084 2301 3137 indivisa
2332 3098 2346 3134 :
2372 3084 2417 3138 si
2461 3099 2624 3137 unum
2651 3096 2811 3152 atque
2844 3084 2986 3137 idem
3011 3085 3241 3138 exsistat
3283 3084 3425 3139 Deus

176 3182 260 3228 τις
287 3164 406 3217 τίνα
449 3166 664 3235 Πατέρα
684 3181 699 3197 ο
724 3164 846 3217 τίνα
881 3164 937 3217 δὲ
970 3164 1113 3229 Υἱὸν,
1157 3165 1275 3227 ἐνὸς
1314 3164 1465 3227 ὄντος
1491 3162 1584 3215 τοῦ
1617 3164 1745 3217 ὐπο-

1861 3183 1986 3222 cum
2012 3167 2215 3236 Verbo,
2248 3172 2393 3240 quod
2424 3172 2478 3225 in
2525 3172 2639 3241 ipso
2686 3181 2768 3227 est
2803 3191 2817 3226 :
2858 3188 3143 3239 quemnam
3187 3173 3426 3228 dicemus

178 3255 429 3325 κειμένου
451 3255 638 3319 ;υῦτω
662 3255 766 3326 μὲν
790 3256 855 3324 δὴ
878 3255 1191 3327 Μάρκελλος
1217 3258 1511 3327 υἰοπάτορα
1537 3257 1628 3310 τὸν
1655 3256 1751 3309 ἕνα

175 3348 270 3398 καὶ
306 3345 397 3397 τὸν
433 3346 592 3397 αὑτὸν
624 3346 878 3413 εἰσάγων,
905 3346 995 3399 τὸν
1026 3346 1313 3400 Σαὸέλλιον
1336 3348 1574 3401 ἁνενέου.

825 3614 982 3668 ΚΕΦ.
1021 3616 1107 3668 οη.

825 3616 982 3668 ΚΕΦ.
1095 3654 1107 3665 .

358 3709 557 3773 Ὅπως
581 3709 619 3777 ἡ
654 3708 983 3774 Ἐκκλησία
1007 3616 1113 3761 ἓν
1133 3706 1270 3760 Υίὸν
1294 3706 1577 3776 θεολογεῖ.

260 3800 325 3853 Ἦ
359 3800 415 3854 δὲ
455 3800 746 3870 Ἐκκλησία
784 3801 876 3854 τοῦ
903 3800 1072 3865 Θεοῦ,
1118 3799 1213 3853 καὶ
1260 3799 1355 3868 τὴν
1406 3797 1605 3867 μονάδα
1656 3797 1754 3867 τὴν

1858 3260 2076 3316 Patrem
2108 3262 2267 3317 esse?
2291 3278 2453 3332 quem
2487 3279 2613 3318 vero
2639 3264 2867 3329 Filium,
2891 3280 3013 3320 cum
3059 3265 3130 3320 sit
3177 3266 3429 3336 supposi-

1860 3360 1975 3405 tum
2004 3353 2191 3407 idem?
2216 3352 2291 3406 Ita
2321 3370 2484 3407 unum
2524 3355 2672 3409 illum
2705 3366 2869 3424 atque
2898 3356 3146 3410 eumdem
3194 3373 3314 3412 eum
3344 3359 3429 3414 ln-

1861 3442 2110 3496 troducat
2136 3443 2418 3499 Marcellus
2464 3444 2603 3499 Filio
2656 3445 2894 3510 Patrem,
2924 3446 3216 3500 Sabellium
3264 3462 3425 3502 reno-

1859 3533 2017 3587 vavit.

2507 3633 2657 3708 C_AP.
2698 3634 2787 3689 Vl.

1993 3728 2052 3785 >14
2085 3721 2226 3788 Quid
2255 3724 2319 3778 de
2347 3725 2618 3779 divinitate
2648 3725 2774 3778 Filii
2801 3727 2990 3781 sentiat
3024 3724 3281 3782 Ecclesia.

1932 3815 2001 3868 At
2032 3815 2125 3870 Dei
2172 3816 2414 3871 Ecclesia
2458 3818 2741 3872 indivisam
2764 3820 2925 3889 {certe
2962 3814 3109 3874 novit
3142 3822 3426 3885 unitatem,

179 3889 481 3961 ἀδιαίρετον
502 3890 775 3961 γνωρίζει,
807 3888 938 3959 μίαν
969 3889 1140 3960 ἀρχὴν
1161 3888 1515 3960 ὁμολογοῦσα,
1544 3887 1633 3940 τὸν
1660 3888 1745 3940 Eva

1863 3908 2061 3976 quippe
2112 3922 2231 3975 quae
2270 3908 2470 3962 fatetur
2514 3887 2835 3979 principium
2871 3911 3315 3968 unicum:unum
3363 3915 3429 3967 il-

180 3983 273 4063 καὶ
307 3983 598 4052 ἀγέννητον
621 3983 716 4035 καὶ
744 3982 977 4051 ἄναρχον
1005 3981 1161 4033 Θεόν⁸
1187 3982 1391 4033 καὶτὸν
1421 3980 1480 4043 ἐξ
1511 3978 1675 4033 αὐτοῦ
1698 3978 1745 4032 δὲ

1865 3999 1972 4052 lum
2006 4007 2059 4053 et
2090 3999 2423 4065 ingenitum,
2452 3978 2525 4053 et,
2546 4000 2661 4054 sine
2684 4001 2966 4071 principio
3014 4002 3181 4056 Deum
3210 4018 3227 4068 ;
3270 4013 3325 4058 et
3362 4006 3429 4058 de

177 4077 504 4148 γεννηθέντα
540 4076 798 4146 μονογενῆ
834 4075 980 4138 Υἰὸν,
1003 4073 1265 4145 ἀκριὸὦς,
1295 4074 1422 4125 ὅντα
1452 4075 1546 4125 καὶ
1580 4074 1745 4139 ζῶντα

1868 4092 1984 4158 ipso
2010 4092 2270 4159 genitum,
2301 4092 2633 4159 unigenitum
2677 4092 2871 4147 Filium
2891 4136 2906 4160 ,
2939 4104 3193 4149 accurate
3237 4098 3429 4165 cogni-

177 4169 273 4221 καὶ
295 4168 599 4236 ὑφεστῶτα,
619 4168 847 4237 Σωτῆρα
861 4166 1221 4235 ἐπιγράφεται
1244 4165 1342 4216 οὐκ
1357 4165 1589 4236 ἄναρχον
1606 4166 1745 4229 ὄντα,

1868 4189 2002 4245 tum,
2038 4181 2312 4234 exstitisse
2341 4181 2525 4235 vivere
2574 4192 2627 4236 et
2678 4183 2985 4237 substitisse
3028 4186 3271 4253 agnoscit
3302 4186 3431 4241 Ser-

177 4260 299 4314 ούδέ
320 4259 611 4330 ἀγέννητον
642 4258 775 4328 (87),
821 4258 906 4310 ἴνα
939 4256 1013 4327 μὴ
1039 4256 1132 4309 δύο
1157 4256 1328 4327 ἀρχὰς
1356 4258 1448 4309 καὶ
1484 4256 1576 4309 δύο
1605 4256 1745 4320 θεοὺς

1868 4280 2127 4323 vatorem.
2157 4269 2269 4323 Non
2301 4270 2447 4323 illum
2475 4272 2592 4325 sine
2616 4272 2915 4340 principio,
2951 4289 3055 4327 non
3092 4275 3428 4341 ingenitum:

179 4353 572 4423 ῦποστήσηται,
594 4350 652 4415 ἐξ
676 4348 838 4403 αὑτοῦ
868 4349 924 4401 δέ
953 4347 1277 4419 γεννηθέντα
1292 4347 1385 4401 τοῦ
1418 4349 1649 4419 Πατρὸς,
1668 4353 1745 4402 κατ

1871 4375 1942 4414 ne
1967 4360 2071 4413 duo
2097 4359 2359 4429 principia
2392 4368 2612 4425 statuat,
2659 4370 2714 4415 et
2741 4360 2872 4414 deos
2902 4359 3036 4416 duos
3063 4378 3079 4426 ;
3109 4378 3297 4417 verum
3331 4380 3430 4432 ge-

178 4442 353 4514 ἀρχὴν
375 4442 563 4512 ἔχοντα
578 4441 667 4495 τὸν
690 4440 1071 4510 γεγεννηκότα.
1087 4439 1176 4491 Διὸ
1201 4438 1473 4492 πιστεύειν
1498 4440 1745 4513 παρείλη-

1876 4449 2045 4503 nitum
2076 4451 2144 4504 de
2170 4449 2329 4503 Patre
2361 4464 2483 4516 suo,
2522 4460 2574 4504 et
2599 4451 2918 4519 principium
2962 4452 3247 4506 habentem
3283 4456 3431 4523 geni-

179 4552 280 4605 φεν
310 4536 388 4597 είς
417 4534 511 4585 ἕνα
541 4533 669 4586 Θεὸν
703 4534 919 4603 Πατέρα
952 4532 1385 4603 παντοκράτορα,
1437 4533 1529 4585 καὶ
1554 4534 1633 4595 εἰς
1664 4535 1745 4586 τὸν

1865 4552 2035 4595 torem
2066 4556 2244 4594 suum.
2272 4541 2449 4608 Atque
2482 4541 2606 4595 ideo
2648 4544 2869 4595 credere
2904 4542 3130 4609 accepit,
3174 4543 3224 4595 in
3265 4559 3429 4596 unum

179 4626 385 4696 Κύριον
436 4624 591 4695 ἡμῶν
633 4624 841 4693 Ἰησοῦν
892 4624 1146 4692 Χριστὸν,
1208 4623 1298 4676 τὸν
1341 4626 1605 4695 μονογενῆ
1656 4626 1745 4678 τοῦ

1865 4632 2028 4686 Deum
2047 4631 2261 4685 Patrem
2277 4632 2722 4700 omnipotentem,
2741 4641 2795 4685 et
2817 4633 2869 4683 in
2892 4632 3171 4685 Dominum
3188 4643 3431 4688 nostrunt

177 4718 317 4771 Θεοῦ
348 4717 504 4778 Υἰὸν,
557 4717 653 4787 τῆς
686 4717 846 4785 ἁγίας
872 4716 1072 4785 ταύτης
1098 4718 1190 4769 καὶ
1219 4718 1487 4786 μυστικῆς
1516 4719 1745 4782 πίστεως

1862 4720 2045 4776 Jesum
2090 4721 2403 4784 Christum,
2459 4722 2792 4789 unigenitum
2862 4720 2956 4774 Dei
3020 4718 3234 4777 Filium.
3303 4724 3435 4789 Qme

176 4809 278 4879 τὴν
296 4811 353 4861 ἐν
368 4807 587 4879 Χριστῷ
604 4807 943 4878 παρεχούσης
966 4808 1337 4876 ἀναγέννησιν,
1358 4811 1471 4871 τοῖς
1498 4808 1563 4861 δι’
1586 4810 1745 4878 αὐτῆς

1867 4824 2053 4868 sancta
2087 4824 2143 4868 et
2166 4815 2391 4884 mystica
2423 4812 2574 4881 ﬁdes,
2604 4812 3065 4882 regenerationem
3112 4814 3165 4866 in
3216 4813 3434 4869 Christo

258 4927 317 4983 ᾖ
340 4922 434 4975 Ed.
465 4920 635 4984 Paris,
669 4935 787 4989 pag.
825 4918 951 4982 l07,
989 4920 1110 4974 l08.

257 5017 302 5046 ⁷⁸
340 5014 494 5069 Joan.
530 5031 584 5082 χ,
617 5016 709 5070 30.

252 5128 364 5197 (82)
402 5131 511 5182 Ἓν
569 5130 665 5183 καὶ
706 5131 940 5185 ’ταύτὸν
979 5128 1149 5185 εἶναι.
1178 5131 1275 5185 Vel
1318 5131 1466 5185 ὅντα.
1510 5131 1752 5187 Marcelli

176 5200 449 5272 sententia
477 5210 615 5264 erat,
644 5200 687 5253 si
717 5202 966 5272 Christus
1008 5206 1304 5256 secundum
1336 5207 1588 5257 deitatem
1626 5204 1752 5272 (hoc

176 5280 265 5323 est
300 5268 535 5341 πνεῦμα,
582 5281 637 5323 et
660 5271 976 5341 πνεύματος
1024 5272 1294 5341 ἐξέτασις)
1338 5268 1745 5333 consideratur,

176 5339 590 5412 enatauva'iﬁto;
615 5339 691 5410 τῷ
717 5339 910 5411 Πατρὶ,
940 5342 1019 5395 vel
1064 5352 1121 5394 ut
1172 5339 1427 5409 loquitur,
1475 5342 1750 5412 ἡνωμένος

1853 5134 2040 5205 ἕτερον
2064 5137 2224 5199 νοεῖν,
2260 5136 2349 5189 ubi
2385 5136 2545 5204 paulo
2572 5145 2696 5203 post
2750 5136 2966 5201 legend.
2994 5135 3117 5189 τίνα
3158 5148 3256 5203 pro
3294 5150 3428 5189 πνα.

1854 5220 2009 5258 error
2031 5221 2096 5258 ex
2122 5207 2537 5259 abbreviatioue
2564 5220 2739 5261 ortus.
2783 5206 2853 5259 Μ.

1952 5275 2040 5344 85)
2076 5275 2245 5344 Vulgo
2265 5275 2348 5329 δέ.

1949 5342 2038 5409 84)
2078 5342 2244 5413 Vulgo
2266 5345 2639 5413 ἐγκατέλεξεν.

176 5407 262 5479 τῷ
283 5409 453 5487 Πατρί
475 5426 488 5438 ο
522 5412 565 5463 si
602 5407 886 5487 ve'ro,_qu_a
912 5412 1180 5487 hominem
1219 5407 1534 5487 assumpsit,
1563 5407 1747 5487 respe-

177 5488 275 5553 τις]
314 5480 483 5553 ‘hnjus
514 5481 919 5553 assuntptionis
948 5482 1198 5551 ἐνεργείᾳ
1242 5482 1376 5553 μόνῃ
1421 5482 1747 5535 ἐπλατύνετο

176 5552 213 5619 ἡ
237 5546 459 5619 θειότης,
483 5564 585 5603 non
613 5551 809 5609 divisa.
834 5546 1401 5618 quippe]udlvisibil't's
1427 5554 1652 5605 mttuino
1687 5566 1743 5606 ut

178 5617 288 5672 una
327 5617 483 5672 fuerit
506 5628 561 5689 et
596 5619 866 5686 ipsissima
895 5620 1068 5672 «leitas
1102 5623 1151 5672 in
1180 5621 1338 5681 Filio.
1367 5638 1486 5689 qua:
1527 5632 1648 5675 erat
1686 5624 1737 5675 in

179 5689 365 5749 Patre.
414 5688 556 5741 unde
586 5691 850 5757 sequitur,
883 5691 957 5742 ait
990 5691 1274 5751 Eusebius.
1308 5688 1521 5745 Patrem
1577 5692 1742 5745 fuisse

183 5760 545 5823 incarnatum,
573 5767 677 5811 etc.
714 5758 786 5810 Ita
833 5775 953 5827 cap.
990 5761 1043 5825 5,
1081 5762 1196 5817 ubi.
1223 5760 1433 5829 legend.
1460 5761 1553 5823 ὡς,
1616 5762 1738 5831 μηδ’

584 5851 853 5913 ΡΑτιιοι..
905 5854 1022 5914 Gn.
1069 5853 1301 5914 XXIV.

2065 5412 2235 5489 Vulgo
2262 5412 2535 5489 ουκ-εἷναι
2560 5434 2615 5467 ct
2650 5432 2767 5469 mox
2797 5418 3060 5489 μηδέτερ.

1925 5486 2037 5551 (8b)
2074 5484 2240 5551 Vulgo
2271 5484 2486 5554 πνεῦμα
2526 5497 2579 5538 et
2612 5503 2731 5539 mox
2759 5484 2984 5549 τίςτόν.

1923 5556 2035 5630 (:57)
2066 5556 2191 5630 Ἵνα
2213 5554 2299 5621 μὴ
2318 5555 2425 5607 δύο
2455 5555 2667 5630 ἀρχάς,
2707 5559 2767 5610 ’0
2804 5559 2912 5628 γὰρ
2943 5559 3129 5629 Πατὴρ
3158 5560 3302 5630 ἀρχὴ
3336 5560 3434 5614 τοῦ

1854 5625 1972 5677 υἱοῦ
2014 5626 2107 5676 καὶ
2166 5629 2439 5697 γεννετήςᾼ.
2490 5630 2595 5679 Sed
2649 5625 2903 5680 ludebant
2939 5625 3316 5697 Arioniautte‘tz,
3376 5633 3432 5685 itt

1852 5711 2045 5750 vocum
2083 5704 2311 5749 tstarum
2350 5695 2677 5766 πολυσήμων
2704 5700 3079 5765 ambiguitate.
3124 5701 3188 5753 M.

3036 5862 3114 5921 29
