3838 6222
402 261 503 319 907

1110 256 1377 317 EUSEBll
1415 226 1890 312 CAESARIENSIS
1928 253 2078 312 opp.
2106 250 2290 313 rans
2326 254 2413 311 tv.
2454 279 2527 297 ι-
2561 248 2979 309 DOGMATICA.

3543 255 3642 313 908

402 380 644 445 exhibet,
674 377 743 433 iis
783 360 874 446 qui
924 388 1019 444 per
1068 373 1240 444 ipsam
1269 372 1664 427 illuminautur.
1703 369 1810 424 Sed
1836 369 1964 425 illud

2074 368 2475 441 φωτιζομένοις.
2533 360 2646 437 (88)
2711 365 2871 420 Ἀλλὰ
2923 365 3021 436 τὴν
3052 365 3257 436 μονάδα
3307 366 3443 436 φησι
3488 366 3646 438 Μάρ-

406 472 548 543 quod
577 471 794 542 ponitur
825 483 856 523 a
887 466 1161 531 Marcello,
1193 467 1475 521 monadem
1517 463 1833 534 Operatione
1882 464 1969 518 di-

407 563 589 629 latari,
616 563 671 617 in
706 559 1024 629 corporibus
1074 557 1252 613 locum
1299 557 1492 622 habet;
1530 566 1586 610 at
1628 555 1693 611 de
1726 556 1969 625 incorpo~

407 670 519 719 rea,
542 649 893 708 inenarrabili
929 659 986 705 et
1010 648 1267 704 indicibili
1293 647 1594 704 substantia
1634 660 1820 701 verum
1864 660 1970 701 non

405 757 507 803 est.
573 746 759 815 Neque
811 744 955 800 enim
1018 741 1271 797 dilatatur
1320 741 1374 796 in
1438 738 1732 808 operando,
1799 753 1974 807 neque

405 837 746 893 contrahitur
776 835 830 889 in
864 848 972 890 non
999 834 1294 903 operando,
1333 847 1505 903 neque
1545 834 1782 888 humano
1819 844 1972 885 more

404 937 697 999 operatur,
759 935 852 981 aut
891 926 1130 980 humano
1178 939 1330 980 more
1373 931 1765 979 commovetur.
1828 922 1969 977 Deus

406 1022 524 1077 ideo
586 1035 707 1075 cum
747 1019 819 1074 sit
861 1019 1087 1073 indivisa
1133 1017 1329 1083 unitas,
1370 1015 1565 1070 Filium
1625 1029 1783 1069 suum
1851 1014 1972 1068 uni-

405 1112 644 1183 genitum
670 1112 736 1167 de
767 1111 945 1180 seipso
986 1110 1264 1180 generavit
1296 1126 1311 1176 ;
1345 1125 1449 1165 non
1484 1110 1571 1165 ille
1615 1109 1836 1175 divisus,
1865 1122 1970 1162 non

396 1203 665 1258 alteratus
694 1221 708 1269 ;
747 1217 851 1256 non
882 1202 1288 1258 conversionem
1319 1216 1508 1272 passus
1540 1216 1714 1271 neque
1742 1199 1967 1263 ﬂuxum,

410 1302 504 1349 aut
542 1295 703 1350 alicui
742 1294 1013 1364 subjectus
1051 1292 1309 1364 passioni.
1349 1292 1533 1361 Neque
1584 1293 1728 1345 enim
1783 1290 1973 1361 praeci-

396 1387 583 1456 piens.
615 1400 786 1454 neque
815 1386 1110 1454 imperans,
1138 1398 1244 1438 non
1289 1382 1435 1452 leges
1496 1382 1741 1439 scribens
1785 1392 1843 1436 ut
1873 1383 1972 1436 ho-

406 1476 580 1531 mines
620 1475 833 1540 solent;
886 1489 994 1529 non
1038 1473 1220 1544 lingua
1261 1473 1473 1528 locutus
1522 1483 1616 1527 aut
1665 1473 1821 1528 labiis
1867 1473 1968 1527 ista

400 1576 682 1637 operatur,
713 1580 891 1635 neque
921 1573 1167 1634 respectu
1199 1564 1385 1619 habito
1437 1566 1503 1619 ad
1550 1573 1799 1619 ornatum
1847 1565 1969 1618 uni-

403 1660 571 1726 versi,
619 1656 908 1713 simillimis
957 1656 1111 1711 nobis
1162 1656 1336 1711 oculis
1373 1656 1612 1711 intuetur
1654 1675 1672 1710 ς
1720 1670 1842 1711 cum
1872 1670 1969 1725 per

2072 461 2262 523 κελλος
2311 457 2561 530 ἐνεργείᾳ
2611 453 3006 520 πλατύνεσθαι,
3060 455 3155 508 ἐπὶ
3204 454 3319 525 -μὲν
3376 455 3645 525 σωμάτων

2073 550 2255 624 χώραν
2286 550 2419 620 ἔχει,
2455 548 2549 602 ἐπὶ
2582 547 2640 600 δὲ
2677 547 2776 619 τῆς
2805 546 3096 617 ἀσωμάτου
3143 546 3239 599 καὶ
3289 545 3523 600 ἀλέκτου
3555 548 3650 600 καὶ

2073 642 2450 712 ἀνεκφράστου
2478 638 2662 703 οὐσίας
2680 638 2780 692 οὐκ
2795 637 2895 691 ἔτι.
2928 637 3064 692 οὐδὲ
3084 636 3195 709 γὰρ
3208 638 3267 691 ὲν
3298 635 3379 705 τῷ
3394 638 3647 708 ἐνεργεῖν

2072 736 2421 798 πλατύνεται,
2455 732 2562 785 οὐδ’
2586 734 2643 785 ὲν
2670 731 2750 802 τῷ
2778 731 2852 802 μὴ
2882 732 3124 801 ἐνεργεῖν
3145 728 3513 783 συστέλλεται·
3536 728 3647 782 οὐδ’

2071 828 2207 891 ὅλως
2235 826 2436 897 ὁμοίως
2468 824 2777 896 ἀνθρώποις
2799 825 3032 895 ἐνεργεῖ,
3056 822 3164 875 οὐδ’
3201 821 3405 892 ὁμοίως
3430 819 3650 894 ἀνθρώ-

2073 936 2196 983 ποις
2220 921 2480 972 κινεῖται·
2508 915 2676 987 μονὰς
2703 915 2760 968 δὲ
2786 913 2863 967 ὢν
2887 914 3190 984 ἀδιαίρετος
3214 915 3243 967 ὁ
3270 912 3404 977 Θεὸς
3424 913 3519 967 τὸν
3552 930 3650 983 μο-

2071 1011 2262 1081 νογενῆ
2276 1009 2440 1064 αὑτοῦ
2455 1009 2583 1062 Υίδν
2615 1006 2676 1073 ἐξ
2701 1006 2892 1061 ἑαυτοῦ
2921 1007 3133 1075 ἐγέννα,
3163 1006 3227 1059 ού
3245 1004 3642 1077 διαιρούμενος,

2071 1101 2180 1155 οὐδ’
2201 1100 2503 1163 ἀλλοίωσιν,
2528 1101 2561 1170 ἢ
2591 1099 2816 1171 τροπὴν,
2847 1098 2880 1169 ἢ
2910 1096 3068 1168 ῥοὴν,
3095 1097 3130 1168 ἦ
3155 1114 3208 1149 τι
3236 1097 3409 1161 πάθος
3433 1096 3646 1167 emas-

2070 1207 2196 1244 νων.
2226 1190 2360 1243 Οὐδὲ
2385 1188 2491 1261 γὰρ
2520 1189 2889 1259 προστάττων,
2922 1186 3045 1240 οὐδὲ
3066 1185 3502 1258 ἐγκελευόμενος,
3523 1186 3649 1241 οὐδὲ

2072 1278 2378 1352 νομοθετῶν
2431 1279 2632 1350 ὁμοίως
2675 1277 2985 1349 ἀνθρώποις
3028 1276 3243 1348 γλώττῃ
3287 1278 3386 1331 καὶ
3440 1276 3650 1347 χείλεσι

2070 1370 2268 1434 λαλῶν,
2301 1368 2473 1425 ταῦτα
2502 1371 2762 1440 πράττειο
2794 1369 2914 1422 οὐδέ
2942 1384 3005 1437 γε
3043 1367 3261 1438 ἀφορῶν
3309 1368 3390 1430 είς
3418 1368 3522 1438 τὴν
3552 1366 3649 1421 τοῦ

2070 1464 2271 1525 παντὸς
2289 1462 2667 1533 διακόσμησιν,
2694 1460 2895 1531 ὁμοίως
2923 1462 3056 1530 ἡμῖν
3097 1458 3397 1529 ὀφθαλμοῖς
3432 1457 3653 1530 χρὼμεο

2069 1572 2158 1618 νος
2194 1553 2307 1624 (89)
2341 1552 2636 1615 ὲνατενίςει
2663 1553 2827 1605 ὅποτε
2860 1551 2954 1605 καὶ
2976 1550 3045 1604 τὰ
3076 1550 3150 1622 μὴ
3189 1550 3319 1605 ὅντα
3352 1549 3651 1622 προλαϐὼν

2070 1649 2291 1721 ἀρρήτῳ
2306 1647 2400 1700 καὶ
2422 1644 2574 1715 θεῑκῇ
2600 1642 2846 1713 δυνάμει,
2872 1642 2949 1705 ὡς
2966 1642 3065 1713 ἤδη
3094 1641 3225 1695 ὅντα
3245 1642 3340 1695 καὶ
3359 1641 3652 1710 ὑφεστῶτα

404 1750 661 1804 virtutem
713 1742 864 1804 suam
906 1748 1323 1803 inenarrabilem
1365 1759 1420 1802 et
1457 1749 1693 1803 divinam
1735 1763 1797 1803 ea
1854 1763 1967 1819 qua:

2074 1742 2287 1813 θεωρεῖ.
2337 1739 2472 1792 Ἀλλ’
2519 1732 2639 1789 οὐδὲ
2688 1734 2858 1788 ποιῶν
2905 1735 2998 1788 καὶ
3049 1732 3395 1805 δημιουργῶν
3444 1731 3652 1804 ὁμοίως

404 1841 643 1896 nondum
681 1850 804 1895 sunt
856 1841 1115 1910 producta
1143 1840 1488 1909 anticipando
1533 1840 1830 1903 intueatur,
1863 1855 1968 1894 non

405 1945 561 1988 secus
586 1939 750 2001 atque
772 1929 885 1999 jam
911 1930 1259 1986 subsistentia
1303 1941 1359 1987 et
1402 1933 1685 2002 producta.
1736 1929 1842 1987 Sed
1876 1946 1972 1986 ne-

404 2031 510 2086 que
537 2017 614 2080 is,
646 2026 706 2069 ut
732 2016 873 2086 apud
901 2030 1000 2070 nos
1025 2014 1263 2071 artiﬁces
1295 2015 1504 2082 solent,
1532 2016 1585 2069 in
1617 2016 1893 2085 operando
1918 2024 1972 2070 et

404 2106 638 2161 creando
655 2105 932 2159 materiam
951 2106 1409 2175 prmexsistentem
1428 2105 1674 2159 manibus
1694 2114 1968 2173 acceptam

405 2195 590 2266 digitis
620 2195 939 2265 compingit,
987 2194 1084 2250 sed
1129 2209 1228 2265 per
1282 2194 1615 2251 ineffabilem
1671 2195 1868 2250 iterum
1918 2203 1972 2250 et

406 2285 1009 2354 lncomprehensibilem
1056 2285 1313 2341 virtutem
1357 2300 1509 2340 suam
1536 2324 1551 2350 ,
1616 2298 1798 2339 rerum
1847 2299 1970 2353 pro-

405 2376 688 2430 doctarum
715 2375 956 2430 omnium
995 2377 1350 2433 substantiam
1389 2376 1456 2430 ad
1486 2375 1619 2431 Esse
1646 2390 1799 2431 suum
1845 2390 1968 2445 per-

405 2466 581 2521 duxit.
621 2468 799 2538 Atque
828 2469 903 2522 ita
939 2468 1156 2538 quidem
1190 2470 1372 2524 omnia
1398 2469 1576 2523 eﬂecit
1604 2470 1714 2534 ille,
1750 2468 1974 2523 rationi-

407 2560 507 2613 bus
538 2566 704 2627 atque
744 2557 917 2613 modis
949 2559 1409 2614 inscrutabilibus.
1447 2558 1584 2625 Quid
1613 2571 1713 2612 nos
1736 2557 1972 2613 sollicite

406 2648 528 2702 ideo
560 2649 896 2712 laboramus,
928 2657 987 2701 ut
1014 2648 1245 2702 similem
1273 2649 1562 2717 quamdam
1583 2649 1889 2717 passionem
1914 2648 1967 2703 in

406 2738 498 2792 illo
535 2738 923 2809 imaginemur?
953 2742 1012 2802 >14
1060 2739 1115 2793 in
1152 2737 1271 2793 Filii
1301 2739 1385 2793 sui
1425 2739 1806 2808 generatione,
1837 2752 1970 2807 qua-

2071 1834 2185 1895 τοῖς
2212 1831 2341 1902 παρ’
2378 1832 2510 1901 ἡμῖν
2556 1828 2827 1900 τεχνίταις
2872 1825 3347 1898 προῦποκειμένην
3389 1823 3524 1894 ὓλην
3552 1825 3651 1876 λα-

2073 1920 2183 1975 ϐὼν
2219 1922 2374 1994 χερσὶ
2432 1921 2524 1974 καὶ
2552 1919 2834 1983 δακτύλοις
2864 1918 3204 1971 τεκταίνεται
3246 1916 3390 1987 (90),
3420 1917 3650 1988 ἀρρήτῳ

2071 2014 2129 2068 δὲ
2159 2014 2318 2067 πάλιν
2351 2015 2445 2068 καὶ
2473 2014 2842 2085 ἁκαταλήπτῳ
2871 2011 3099 2082 δυνάμει
3127 2010 3186 2077 ἐξ
3222 2012 3322 2064 οὐκ
3353 2010 3526 2064 ὅντων
3567 2013 3651 2075 εις

2072 2104 2133 2158 τὸ
2164 2101 2301 2159 εἶναι
2332 2105 2429 2176 τὴν
2462 2105 2568 2160 τῶν
2598 2103 2841 2176 γενητῶν
2887 2103 3142 2159 ἁπάντων
3186 2103 3528 2175 ὑπεστήσατο
3557 2101 3654 2155 ού-

2075 2196 2214 2250 σίαν.
2244 2195 2379 2268 Ἤδη
2409 2192 2502 2250 οῦν
2527 2197 2704 2250 πάντα
2720 2196 2899 2264 λόγοις
2926 2196 3058 2266 ἡμῖν
3086 2194 3346 2265 ἀρρήτοις
3365 2192 3465 2247 καὶ
3487 2192 3651 2248 ἀσυλ-

2073 2286 2339 2354 λογίστοις
2373 2287 2564 2342 ὲποίει.
2595 2287 2660 2340 Τί
2676 2286 2739 2358 δὴ
2774 2287 2879 2359 χρὴ
2900 2286 3163 2356 άγωνιᾷν,
3203 2283 3277 2355 μὴ
3301 2284 3506 2355 ὁμοίως
3534 2286 3652 2348 τοῖς

2075 2380 2287 2450 θνητοῖς
2302 2378 2459 2445 ζώοις
2483 2380 2652 2443 πάθος
2675 2397 2730 2434 τι
2756 2380 2883 2451 περὶ
2908 2379 3071 2433 αὑτὸν
3092 2378 3338 2449 εῐποιμεν
3362 2378 3652 2447 γεγονέναι

2075 2472 2167 2524 ἐπὶ
2199 2473 2263 2542 τῇ
2297 2471 2391 2526 τοῦ
2425 2470 2555 2525 Υίοῦ
2588 2472 2874 2542 γεννήσει;
2905 2470 3014 2540 (94)
3053 2472 3119 2541 ἢν
3166 2470 3308 2542 ὑπὲρ
3341 2471 3521 2524 πάντα
3556 2470 3654 2522 καὶ

2077 2559 2182 2631 πρὸ
2212 2559 2428 2613 πάντων
2452 2560 2683 2632 ὑπέστη,
2712 2562 2773 2615 οὑ
2796 2560 2937 2615 κατά
2969 2578 3021 2613 τι
3052 2560 3160 2614 τῶν
3189 2562 3255 2632 τῇ
3295 2559 3509 2630 θνητῶν
3544 2562 3651 2628 φύ-

2076 2667 2163 2702 σει
2198 2651 2674 2722 συνεγνωσμένων,
2715 2652 2857 2706 κατὰ
2879 2651 2938 2706 δὲ
2965 2651 3057 2705 τὸν
3085 2650 3234 2722 αὐτῷ
3268 2652 3415 2722 μόνῳ
3444 2667 3653 2720 γνωρι-

2074 2739 2298 2812 ζόμενον
2319 2743 2521 2814 τρόπον
2536 2759 2552 2773 ο

406 2834 513 2888 lem
539 2834 592 2888 in
622 2835 834 2889 caeteris
890 2834 1488 2902 animantibus:quam
1561 2832 1650 2888 ille
1697 2832 1916 2901 quidem
1978 2836 2381 2901 generationem
2457 2851 2620 2907 super
2674 2839 2876 2906 omnia,
2935 2847 2989 2892 et
3026 2849 3155 2894 ante
3197 2838 3379 2895 onmia
3424 2837 3652 2900 subivit,

409 2926 607 2980 nonad
667 2926 884 2979 modum
932 2933 986 2979 et
1035 2926 1438 2994 proportionem
1482 2924 1723 2980 mortalis
1757 2933 2005 2993 naturae;
2047 2928 2140 2983 sed
2195 2928 2349 2997 juxta
2379 2930 2595 2984 modum
2643 2930 2795 2986 illum
2829 2939 2990 3001 atque
3037 2930 3328 2997 rationem,
3356 2946 3484 3001 quae
3531 2938 3656 2984 erat

403 3021 511 3085 ipsi
541 3020 640 3075 soli
675 3019 892 3090 cognita
919 3026 975 3075 et
998 3018 1295 3074 intellecta.

1019 3107 1172 3163 CAP.
1204 3107 1317 3162 VII.

437 3222 720 3289 Quomodo
748 3221 988 3275 Ecclesia
1032 3217 1218 3274 Patris
1264 3220 1516 3289 praedicat
1554 3220 1929 3277 monarclu'am.

476 3399 765 3455 Enimvero
795 3399 1022 3463 vereris,
1056 3400 1128 3454 mi
1155 3399 1338 3465 homo,
1372 3400 1522 3467 illud,
1558 3415 1623 3455 ne
1651 3401 1695 3456 si
1724 3401 1859 3456 duas
1888 3400 1972 3454 fa-

395 3502 557 3549 teare
587 3493 929 3564 hypostases,
967 3493 1075 3547 duo
1103 3492 1289 3547 itidem
1320 3493 1582 3564 principia
1627 3493 1974 3549 subintrodu-

404 3600 518 3649 cas,
550 3593 605 3639 et
642 3600 673 3638 a
726 3582 940 3639 deitatis
998 3584 1075 3637 ita
1131 3582 1350 3637 excidas
1405 3584 1744 3638 monarcbia.
1785 3583 1972 3639 Discas

400 3691 553 3744 ergo,
580 3674 723 3744 quod
753 3689 876 3729 cum
920 3688 1066 3728 unus
1110 3674 1182 3727 sit
1220 3673 1338 3727 sine
1387 3672 1653 3743 principio
1699 3672 1973 3741 ingenitus

407 3765 573 3829 Deus,
603 3762 772 3818 Filius
798 3773 975 3818 autem
999 3764 1063 3818 de
1094 3763 1188 3818 illo
1216 3773 1608 3835 progeneretur
1636 3780 1650 3817 :
1681 3779 1846 3818 unum
1879 3779 1974 3819 ne-

396 3856 643 3911 cessario
672 3855 993 3924 principium
1040 3853 1242 3918 fuerit,
1290 3855 1604 3909 monarchia
1658 3862 1713 3909 et
1746 3869 1970 3924 regnum

397 3960 604 4010 ouum;
646 3961 768 3999 cum
800 3946 1101 4000 subscribat
1128 3946 1243 4014 ipse
1271 3945 1438 3999 Filius
1471 3955 1701 4015 paterno
1722 3945 1970 4015 imperio,

404 4047 463 4091 et
499 4037 841 4107 principatui.
878 4034 1059 4105 Caput
1079 4037 1219 4090 enim
1250 4035 1450 4092 Christi
1483 4036 1621 4091 Deus
1651 4045 1755 4102 est,
1785 4051 1974 4091 secun-

401 4130 538 4182 dum
567 4130 881 4197 Apostolutn
922 4147 936 4184 :
974 4130 1066 4184 sed
1093 4128 1297 4183 vereris
1330 4129 1685 4183 vehementer
1710 4143 1776 4183 ne
1805 4141 1970 4198 coga-

403 4227 492 4273 tur
516 4220 566 4274 is
614 4221 721 4275 duo
773 4220 1039 4291 principia
1090 4218 1268 4284 fateri,
1316 4218 1408 4289 qui
1446 4219 1584 4275 duas
1624 4219 1972 4274 conﬁtebitur

402 4311 722 4381 hypostases
767 4311 946 4366 Patris
973 4319 1138 4379 atque
1170 4309 1290 4363 Filii
1331 4324 1346 4363 :
1390 4312 1484 4364 sed
1531 4317 1588 4363 et
1628 4309 1770 4363 istud
1800 4310 1970 4373 disce,

400 4404 541 4473 quod
572 4403 853 4474 quiPatris
877 4413 931 4459 et
959 4403 1082 4459 Filii
1132 4404 1453 4472 hypostases
1483 4400 1618 4456 duas
1638 4441 1653 4466 ,
1681 4400 1814 4456 duos
1845 4415 1971 4456 esse

506 4570 566 4627 »Β
604 4563 705 4618 Ed.
743 4562 943 4629 Patris”
977 4580 1097 4634 pag.
1131 4562 1259 4618 109.

2728 3107 2884 3163 ΚΕΦ.
2919 3111 2989 3163 Z'.

2079 3216 2274 3283 Ὅπως
2311 3215 2350 3286 ἦ
2403 3218 2731 3286 Ἐκκλησία
2762 3216 2878 3292 τὴν
2907 3218 3013 3273 τοῦ
3038 3219 3268 3288 Πατρός
3307 3222 3659 3292 μοναρχίαν

2710 3289 3006 3357 κηρύττει.

2156 3399 2315 3453 Ἀλλὰ
2345 3400 2505 3472 φοῦῇ,
2537 3396 2582 3456 ῶ
2613 3402 2888 3474 ἄνθρωπε,
2919 3401 3013 3472 μὴ,
3042 3401 3135 3455 δύο
3164 3402 3494 3468 ὑποστάσεις
3520 3407 3656 3475 ὁμο-

2072 3491 2328 3561 λογήσας,
2355 3487 2448 3544 δῦο
2479 3492 2655 3565 ἀρχὰς
2680 3491 3013 3562 εισαγάγοις,
3047 3492 3270 3563 καὶτῆς
3312 3496 3657 3566 μοναρχικῆς

2074 3584 2323 3656 θεότητος
2362 3585 2637 3648 ὲκπέσοις.
2682 3584 2937 3640 Μάνθανε
2969 3585 3167 3649 τοίνυν,
3206 3586 3284 3649 ὼς
3333 3587 3658 3653 ὲνδςγδντος

2071 3677 2308 3749 ἀνάρχου
2342 3678 2436 3732 καὶ
2466 3679 2760 3750 ἀγεννήτου
2794 3677 2950 3742 Θεοῦ,
2983 3676 3078 3730 τοῦ
3111 3678 3167 3731 δὲ
3203 3677 3333 3731 Υίοῦ
3379 3678 3441 3744 ἐξ
3480 3681 3655 3734 αὑτοῦ

2072 3769 2490 3840 γεγεννημένου,
2526 3769 2621 3840 μία
2649 3768 2800 3824 ἔσται
2833 3769 2996 3842 ἀρχὴ,
3034 3770 3301 3840 μοναρχία
3332 3786 3391 3822 τε
3424 3772 3523 3824 καὶ
3556 3769 3659 3840 βα-

2075 3859 2376 3932 σιλεία-μία
2397 3900 2411 3925 ,
2439 3862 2562 3914 ἐπεὶ
2594 3861 2689 3915 καὶ
2713 3861 2875 3924 αὐτὸς
2910 3863 2939 3915 ὁ
2971 3861 3100 3924 Υἱὸς
3128 3859 3303 3932 ἀρχὴν
3340 3862 3657 3933 ἐπιγράφε-

2069 3951 2161 4005 ταὶ
2192 3951 2281 4006 τὸν
2310 3951 2473 4006 αὑτοῦ
2511 3953 2748 4022 Πατέρα.
2792 3951 2902 4023 (92)
2933 3952 3158 4023 Κεφαλὴ
3199 3951 3310 4024 γὰρ
3338 3953 3582 4022 Χριστοῦ
3624 3956 3659 4009 ὁ

2070 4038 2199 4104 Θεὸς
2221 4080 2235 4105 ,
2267 4040 2409 4094 κατὰ
2443 4041 2535 4094 τὸν
2581 4041 2919 4097 Ἀπόστολον.
2968 4041 3126 4096 Ἀλλὰ
3152 4043 3414 4113 ἀγωνιᾷς,
3450 4045 3530 4116 μὴ
3558 4044 3658 4098 δύο

2071 4129 2225 4194 θεοὺς
2271 4131 2481 4203 ἀνάγκη
2638 4131 3039 4204 παραδέξασθαι
3069 4133 3161 4187 τὸν
3192 4133 3285 4186 δύο
3316 4135 3659 4199 ὑποστάσεις

2070 4225 2284 4297 Πατρὸς
2309 4226 2402 4281 καὶ
2430 4226 2560 4280 Υἱοῦ
2588 4222 2726 4280 εἶναι
2756 4223 3139 4297 ὁμολογοῦντα.
3179 4224 3339 4279 Ἀλλὰ
3368 4226 3467 4279 καὶ
3493 4226 3659 4280 τοῦτο

2070 4316 2303 4384 γίνωσκε
2324 4358 2340 4382 ,
2374 4318 2449 4382 ὡς
2480 4319 2509 4370 ὁ
2535 4317 2628 4372 δύο
2660 4317 2984 4381 ὑποστάσεις
3014 4316 3224 4388 Πατρὸς
3246 4316 3343 4369 καὶ
3372 4316 3512 4370 Υίοῦ
3541 4318 3654 4389 (93)

2068 4407 2192 4472 δοὺς
2222 4411 2323 4463 οὑκ
2358 4409 2726 4478 ἀναγκάζεται
2768 4409 2861 4463 δύο
2894 4408 3139 4481 πατέρας
3186 4410 3397 4473 εἰπεῖν,
3450 4411 3516 4464 οὐ
3559 4410 3657 4464 δύο

471 4724 581 4795 (88)
624 4726 801 4795 Ἀλλὰ
830 4725 945 4793 τὴν
969 4723 1221 4794 μονάδα,
1251 4734 1358 4795 etc.
1395 4723 1627 4794 Legend.
1688 4722 1803 4778 ἀλλ’
1843 4724 1871 4778 ὅ
1913 4741 1966 4778 τι

2074 4723 2269 4779 Christi
2302 4724 2637 4795 divinitatem
2688 4723 2892 4795 retulit,
2915 4720 3149 4795 quodde
3175 4721 3660 4795 hominessgumo

399 4793 489 4850 aut
522 4793 730 4866 ἐπειδή.
771 4796 826 4848 In
859 4811 922 4849 eo
954 4793 1098 4866 quod
1126 4798 1203 4848 ait
1245 4793 1551 4860 Marcellus,
1583 4809 1705 4847 nant
1735 4795 1957 4864 alioqui,

400 4866 579 4920 hiulca
603 4864 991 4919 eSI‘sententia.
1037 4864 1104 4917 M.

2073 4804 2167 4864 pto
2198 4797 2575 4862 usurpabatur.
2592 4793 2848 4864 Regulam
2879 4789 3041 4846 tradit
3072 4791 3225 4864 idem
3245 4791 3376 4864 ibid.
3405 4790 3460 4843 in
3493 4789 3661 4864 Com-

2068 4860 2232 4918 inent.
2266 4860 2339 4918 ad
2363 4865 2562 4918 locum.
2606 4860 2767 4918 Ὀτάν
2810 4876 2864 4916 τι
2907 4861 3162 4914 ταπεινὸν
3212 4860 3455 4930 λέγεται,
3508 4863 3658 4930 μετὰ

467 4935 580 5005 (89)
624 4931 990 4994 Ἐνατενίζει.
1017 4932 1107 4988 Sic
1144 4933 1509 4987 scribendum.
1532 4932 1602 4988 Μ.
1628 4933 1756 5005 ιρι,
1784 4950 1836 5005 p.
1861 4936 1962 4991 105

2074 4934 2164 5005 τῆς
2178 4933 2387 5005 σαρκὸς
2415 4933 2564 4996 ὄντος
2597 4933 2782 5005 αὐτοῦ,
2813 4933 2913 4986 οὐκ
2940 4930 3329 5005 εὐτέλεια-τῆς
3352 4929 3652 5005 θεότητος,

616 5072 873 5142 Ἀρρήτῳ
919 5071 989 5125 δὲ
1020 5071 1224 5144 πάλιν.
1289 5071 1348 5125 In
1401 5072 1672 5140 operando
1725 5071 1964 5143 ἄρρητος

397 5154 535 5205 erat,
561 5142 634 5197 uti
663 5154 718 5196 et
752 5147 801 5196 iu
832 5144 1108 5196 intuendo.
1141 5142 1209 5193 M.

469 5212 578 5284 (9i)
612 5215 717 5268 Ἦν
738 5210 909 5281 ὑπέρ.
940 5211 1128 5284 Potius
1155 5211 1234 5284 ὃν.
1256 5209 1422 5276 Quem
1444 5210 1659 5284 Filium,
1686 5212 1960 5279 produxit.

398 5280 524 5336 nec
554 5280 690 5335 acita
727 5280 863 5335 sunt
882 5294 1070 5336 contra
1107 5283 1361 5347 Arianos,
1408 5280 1530 5335 vide
1579 5282 1778 5343 Athan.
1836 5298 1961 5352 pag.

395 5352 521 5407 408.
552 5353 673 5407 409.
719 5352 795 5405 Μ.-

467 5421 578 5493 (92)
608 5420 852 5490 Κεφαλὴ
914 5422 1022 5493 γὰρ
1075 5420 1329 5493 Χριστοῦ
1375 5424 1408 5474 ό
1437 5422 1595 5487 Θεός.
1638 5420 1836 5493 Locus
1875 5430 1959 5493 est

394 5487 415 5544 Ι
450 5487 576 5547 Cor.
603 5487 756 5559 “,3,
793 5487 1054 5545 Ἐνταῦθα
1082 5490 1419 5562 ἐπιπηδῶσιν
1450 5493 1580 5561 ἡμῖν
1603 5492 1650 5543 οἱ
1671 5492 1954 5562 α-ἱρετικοὶ,

397 5563 568 5629 inquit
588 5562 1023 5631 Chrysostomus,
1050 5560 1341 5614 ἐλάττωσιν
1367 5560 1501 5615 τινα
1535 5563 1601 5614 ὲκ
1649 5560 1756 5613 τῶν
1799 5564 1953 5631 εἰρη-

391 5632 570 5700 μένων
630 5631 985 5695 ἐπινοοῦντες.
1039 5632 1149 5687 Hoc
1196 5631 1327 5686 facit
1384 5631 1666 5695 Eusebius,
1721 5632 1846 5687 dunt
1888 5632 1954 5687 ad

2066 4998 2202 5074 ἀλλὰ
2244 4998 2341 5074 τῆς
2393 5003 2704 5074 οἰκονομίας
2758 5001 3054 5074 δεχομένης
3102 5000 3164 5054 τὸ
3186 4998 3422 5074 λεχθέν.
3472 4998 3655 5066 Quam

2069 5069 2521 5126 tradidit'Atltau.
2552 5069 2602 5125 in
2633 5073 2779 5126 hom.
2807 5069 3146 5126 de‘ltutnana
3176 5069 3388 5125 Chl‘lSli
3420 5081 3656 5123 natura.

2071 5142 2211 5194 Ὅσα
2238 5138 2331 5195 οὖν
2368 5141 2567 5264 εὐτε-λῖὲ
2588 5142 2807 5213 ῥήματα
2841 5139 2946 5194 ὑπὸ
2994 5139 3091 5221 τοῦ
3121 5139 3260 5193 Θεοῦ
3302 5137 3547 5210 εἴρηται.
3578 5140 3653 5210 τῇ

2074 5212 2314 5264 πτωγεία
2343 5213 2506 5264 αὐτου
2570 5212 2805 5264 ιαωέοει.
2845 5210 2950 5264 Sed
2982 5212 3178 5264 ubmue
3216 5210 3359 5264 hanc
3403 5208 3653 5264 regulam

2074 5228 2314 5283 πτωχειᾳ
2343 5228 2506 5265 αυτου
2539 5228 2805 5282 οιαφερει.
2846 5228 2950 5265 δερ
2982 5228 3178 5279 umque
3217 5228 3359 5264 nano
3403 5228 3654 5279 regum“!

2073 5284 2662 5359 habetsusquedeque
2688 5281 2955 5359 Eusebius
2969 5297 2999 5359 _:_
3032 5296 3155 5359 nam
3185 5290 3242 5333 et
3299 5280 3355 5331 in
3386 5292 3656 5359 sequen-

2069 5354 2211 5404 tibus
2246 5351 2420 5405 locum
2454 5349 2602 5405 illum
2630 5349 2787 5405 Joan.
2821 5365 2912 5414 xx,
2937 5349 3024 5405 17.
3048 5351 3237 5403 eodeni
3272 5350 3440 5402 modo
3472 5350 3657 5401 inter-

2066 5429 2344 5492 pretatur:
2387 5421 2445 5492 ΪΟ
2475 5420 2577 5492 μὲν
2612 5419 2676 5492 δὴ
2705 5420 2837 5483 Θεὸς
2852 5419 2958 5492 καὶ
2991 5418 3201 5492 Πατὴρ,
3228 5418 3326 5469 καὶ
3352 5415 3656 5492 αὑτοῦ-τώ

2065 5489 2194 5543 Υίοῦ
2226 5490 2355 5554 Θεὸς
2377 5487 2487 5548 ὢν(
2499 5487 2772 5557 δείκνυται
2800 5506 2813 5540 z
2849 5490 2921 5543 ita
2945 5489 3091 5542 enim
3115 5487 3329 5557 opinor.
3354 5487 3656 5557 legendum

2062 5571 2164 5615 est.
2197 5559 2533 5632 7M._-_—7lnfr4a
2676 5559 2835 5632 vulgo
2850 5574 2978 5632 om.

2139 5631 2249 5701 (95)
2279 5629 2450 5702 Vulgo
2480 5624 2807 5701 θεοῦξῳιυῖι
2832 5628 2975 5683 delet
3002 5628 3040 5681 ll
3068 5645 3081 5681 :
3119 5627 3335 5683 correxi
3364 5626 3492 5691 δοὺς
3518 5624 3655 5682 coll.

2570 5208 2805 5282 ιαῲέρει.
2832 5210 2950 5282 Sed
2982 5212 3178 5279 ubique
3216 5208 3370 5282 hanc
3403 5208 3654 5279 regularis
3734 5226 3739 5233 ι
