3838 6222
178 287 291 347 909

1097 278 1192 337 DE
1230 280 1763 338 ECCLESIASTICA
1803 279 2197 341 THEOLOGlA
2232 282 2362 339 LIB.
2404 283 2467 338 ii.

3325 289 3433 344 91')

182 404 356 467 υἱούς·
402 400 538 455 ἀλλὰ
562 396 655 454 τὸν
685 398 784 468 μὲν
806 398 905 453 ἕνα
929 399 1149 468 Πατέρα
1177 398 1358 462 δώσει,
1385 398 1475 453 τὸν
1499 399 1557 453 δὲ
1579 399 1766 472 ἕτερον

1871 400 1997 455 deos
2030 409 2269 463 statuet,
2300 414 2405 455 non
2428 399 2638 472 cogitur
2661 398 2817 455 fateri
2869 402 3003 456 duos
3027 410 3228 472 patres,
3262 421 3435 476 neque

189 495 339 548 Υἱόν.
399 492 558 547 Κατὰ
603 491 694 545 τὸν
734 490 893 543 αὑτὸν
930 486 1023 544 οὖν
1066 488 1266 560 τρόπον
1312 490 1434 544 οὐδὲ
1478 489 1572 544 δύο
1613 490 1766 554 θεοὺς

185 588 405 658 ἀνάγκη
433 584 617 640 δοῦναι
645 583 736 636 τὸν
768 582 867 647 τὰς
898 582 991 638 δύο
1018 583 1343 646 ὑποστάσεις
1369 582 1602 637 τιθέντα.
1632 584 1766 637 Οὐδὲ

182 679 298 750 γάρ
327 677 598 746 ἰσοτίμους
625 675 794 739 αὐτὰς
818 674 1132 746 όριξόμεθα,
1161 676 1271 729 οὐδ’
1301 675 1468 746 ἄμφω
1498 675 1766 747 ἁνάρχους

185 771 287 823 καὶ
328 767 686 838 ἀγεννήτουςδ
729 765 865 820 ἀλλὰ
902 767 1037 837 Δμίαν
1082 768 1180 839 μὲν
1213 767 1311 838 τὴν
1348 766 1640 837 ἀγέννητον
1673 768 1767 819 καὶ

189 844 447 930 ἄναρχον,
475 857 705 927 θατέραν
730 857 786 911 δὲ
816 858 1079 928 γεννητὴν
1104 858 1199 911 καὶ
1227 857 1400 928 ἀρχὴν
1428 856 1518 910 τὸν
1549 858 1768 929 Πατέρα

192 950 557 1021 κεκτημένην.
592 949 682 1001 Διὸ
720 949 814 1002 καὶ
842 949 1004 1013 αὐτὸς
1047 952 1076 1002 ὁ
1121 949 1248 1014 Υἱὸς
1280 950 1373 1003 καὶ
1408 947 1599 1003 ἑαυτοῦ
1630 944 1767 1002 εἶναι

195 1041 327 1096 Θεὸν
350 1042 440 1096 τὸν
466 1043 627 1096 αὐτοῦ
658 1042 872 1113 Πατέρα
892 1042 1148 1109 διδάσκει,
1176 1043 1233 1095 ἐν
1257 1037 1338 1106 οἷς
1366 1059 1499 1112 φησι
1518 1059 1530 1071 ·
1576 1040 1767 1109 Ἀγέρ-

186 1152 372 1206 χομαι
407 1134 558 1202 πρὸς
590 1133 697 1188 τὸν
726 1132 955 1202 Πατέρα
989 1151 1131 1203 μου,
1172 1132 1271 1188 καὶ
1310 1131 1544 1201 Πατέρα
1576 1130 1765 1201 ὑμῶν,

188 1227 291 1280 καὶ
322 1226 470 1279 Θεόν
487 1243 629 1295 μου,
670 1224 767 1278 καὶ
798 1225 946 1277 Θεὸν
976 1223 1163 1294 ὑμῶν.
1208 1225 1265 1277 Ὀ
1303 1222 1400 1293 μὲν
1426 1222 1489 1293 δὴ
1515 1221 1647 1285 Θεὸς
1675 1222 1768 1275 καὶ

187 1312 384 1382 Πατὴρ
415 1312 509 1364 καὶ
551 1311 714 1365 αὐτοῦ
754 1311 845 1364 τοῦ
887 1312 1015 1365 Υἱοῦ
1046 1312 1155 1382 (94)
1190 1311 1321 1374 Θεὸς
1364 1310 1438 1363 ὢν
1468 1311 1764 1364 δείκνυται.

185 1404 283 1457 Διὸ
304 1403 368 1476 δὴ
399 1399 480 1466 εἷς
509 1403 641 1468 Θεὸς
670 1407 735 1475 τῇ
773 1403 1062 1476 Ἐκκλησία
1087 1405 1196 1474 (95)
1230 1403 1323 1458 τοῦ
1348 1404 1477 1457 Υἰοῦ
1504 1403 1769 1475 κηρύττε-

176 1508 282 1548 ται
303 1533 318 1557 ,
353 1496 382 1547 ὁ
402 1493 459 1547 δὲ
490 1494 641 1559 Υἱὸς,
680 1495 767 1547 ὅτε
806 1495 905 1566 μὲν
930 1495 1088 1558 αὐτὸς
1116 1494 1520 1567 παραϐάλλεται
1546 1494 1624 1564 τῷ
1654 1495 1768 1547 Πα-

182 1588 279 1657 τρὶ
311 1585 411 1638 οὐκ
446 1584 521 1638 ἔτ’
563 1585 715 1639 ἔσται
742 1588 836 1639 καὶ
866 1586 1030 1640 αὐτοῦ
1059 1587 1153 1640 τοῦ
1197 1586 1408 1658 Πατρὸς
1449 1586 1603 1650 Θεὸς,
1650 1586 1766 1640 ἀλλ’

184 1676 321 1740 Υἱὸς
362 1677 655 1750 μονογενὴς
682 1678 777 1731 καὶ
816 1678 1097 1749 ἀγαπητὸς
1124 1678 1288 1731 αὑτοῦ
1310 1719 1325 1742 ,
1353 1679 1447 1732 καὶ
1473 1678 1635 1732 εἰκὼν
1670 1677 1765 1731 τοῦ

1869 492 2006 547 ﬁlios
2036 493 2190 557 duos,
2219 493 2315 547 sed
2352 507 2516 545 unum
2564 507 2630 545 ex
2658 491 2730 547 iis
2750 491 2991 555 Patrem,
3028 494 3254 549 alterum
3298 512 3428 554 vero

1867 583 2124 639 concedet
2143 597 2266 637 esse
2293 583 2509 638 Filium.
2548 583 2630 637 Ad
2672 584 2922 637 eumdem
2968 599 3183 656 quoque
3214 589 3432 643 modum

1868 688 2042 745 neque
2069 689 2293 729 necesse
2317 688 2401 729 est
2424 689 2547 728 eum
2580 676 2712 729 duos
2746 675 2874 730 deos
2923 674 3116 740 fateri,
3172 680 3262 747 qui
3301 680 3435 735 duas

1868 765 2149 821 admiserit
2187 765 2529 836 hyposmses.
2570 764 2705 819 Nam
2754 781 2928 836 neque
2958 765 3076 823 illas
3105 769 3310 825 honore
3337 786 3435 839 pa-

1867 873 1954 913 res
1992 859 2278 929 ponimus;
2334 871 2509 926 neque
2535 857 2719 911 ambas
2742 858 3006 927 principio
3042 868 3311 928 carentes,
3342 871 3438 917 aut

1869 950 2178 1021 ingenuitas;
2217 949 2313 1004 sed
2357 963 2518 1001 uuam
2554 962 2620 1002 ex
2650 947 2754 1003 illis
2785 948 3103 1019 ingenitam,
3139 954 3258 1007 sine
3282 953 3436 1022 prin-

1869 1040 2012 1111 cipio
2038 1041 2386 1095 exsistentem
2412 1058 2429 1107 ;
2463 1039 2686 1094 alteram
2716 1055 2848 1095 vero
2870 1041 3127 1112 genitam,
3154 1042 3437 1100 etPatrem

1868 1133 1950 1187 sui
1982 1132 2149 1201 ipsius
2181 1132 2502 1201 principium
2538 1131 2928 1201 possidentem.
2971 1132 3334 1199 Quamobrem
3382 1145 3438 1191 et

1870 1223 1987 1292 ipse
2030 1222 2200 1276 Filius
2228 1220 2398 1275 Deum
2432 1236 2588 1275 suum
2636 1221 2794 1275 docet
2834 1236 2956 1277 esse
2993 1223 3205 1278 Patrem
3256 1239 3434 1290 suum,

1868 1310 1922 1364 in
1958 1309 2153 1380 quibus
2188 1311 2296 1377 ait,
2339 1294 2487 1364 vado
2527 1312 2596 1364 ad
2645 1310 2858 1365 Patrem
2900 1328 3103 1377 meum,
3134 1323 3180 1367 et
3217 1313 3438 1370 Patrem

1862 1414 2095 1455 vestrum
2124 1415 2145 1455 :
2178 1401 2344 1456 Deum
2397 1419 2570 1456 meum
2619 1414 2666 1457 et
2722 1403 2889 1457 Deum
2944 1413 3172 1458 uestrum
3196 1406 3263 1458 ".
3295 1405 3440 1461 Deus

1870 1502 2017 1548 certe
2045 1501 2099 1547 et
2122 1494 2507 1564 Paterripsius
2532 1509 2747 1565 quoque
2778 1495 2901 1549 Filii
2934 1496 3077 1550 Deus
3121 1510 3243 1552 esse
3268 1498 3438 1553 doce-

1872 1595 1975 1639 tur.
2014 1584 2280 1651 Quocirca
2316 1601 2455 1640 unus
2482 1585 2624 1641 Deus
2665 1588 2807 1656 apud
2836 1587 3135 1643 Ecclesiam
3170 1590 3439 1658 praedica-

1873 1688 1981 1741 tur,
2012 1677 2134 1732 Filii
2164 1677 2345 1732 Pater.
2393 1677 2564 1732 Filius
2608 1690 2789 1733 autem
2840 1682 3056 1748 quando
3102 1694 3227 1734 cum
3279 1679 3441 1735 Patre

183 1766 325 1819 Θεοῦ
357 1768 449 1820 τοῦ
478 1768 732 1840 ἀοράτου,
760 1770 855 1823 καὶ
881 1770 1220 1842 ἀπαύγασμα
1249 1774 1347 1842 τῆς
1381 1772 1654 1842 πατρικῆς
1679 1770 1766 1823 δό-

1871 1780 2238 1839 comparatur,
2275 1785 2380 1825 non
2431 1770 2542 1838 jam
2584 1769 2769 1824 Patris
2822 1771 2989 1840 ipsius
3026 1771 3167 1825 Deus
3215 1770 3435 1835 dicitur,

183 1856 290 1926 ξης
315 1872 329 1886 °
366 1856 511 1910 σέϐει
538 1874 597 1909 τε
625 1859 718 1911 καὶ
744 1862 1059 1930 προσκυνεῖ,
1089 1860 1183 1914 καὶ
1207 1860 1416 1925 δοξάζει
1450 1862 1541 1915 τὸν
1573 1860 1765 1914 ἑαυτοῦ

180 1946 432 2019 Πατέρα,
486 1947 633 2003 Θεὸν
672 1950 836 2003 αὐτὸν
881 1950 975 2004 καὶ
1024 1951 1243 2005 ἑαυτοῦ
1298 1953 1762 2025 ἐπιγραφόμενος·

120 2042 130 2051 '
178 2040 286 2092 καὶ
325 2037 579 2110 εὔχεσθαι
627 2042 1058 2114 ἀναγέγραπται,
1107 2037 1153 2112 ᾧ
1196 2044 1291 2097 καὶ
1339 2046 1667 2118 εὐχαριστεῖ,
1724 2039 1768 2114 ᾧ

185 2131 289 2183 καὶ
335 2130 574 2202 ὑπήκοος
625 2133 786 2204 μέχρι
833 2133 1061 2188 θανάτου
1103 2135 1331 2203 γίνεται.
1390 2135 1672 2207 Ὁμολογεῖ
1707 2154 1767 2190 τε

184 2222 290 2293 ζῇν
319 2222 408 2277 διὰ
438 2222 529 2278 τὸν
562 2225 811 2297 Πατέραρ
864 2226 957 2279 καὶ
999 2227 1165 2296 μηδὲν
1212 2228 1471 2281 δύνασθαι
1507 2230 1767 2302 πράττειν

180 2313 321 2367 ἄνευ
354 2313 445 2368 τοῦ
480 2315 722 2388 Πατρὸς·
765 2316 859 2370 καὶ
884 2317 961 2389 μὴ
992 2319 1055 2371 τὸ
1087 2318 1280 2372 ἑαυτοῦ
1316 2318 1526 2391 θέλημα
1571 2323 1768 2389 ποιεῖν,

176 2405 326 2459 ἀλλὰ
358 2404 418 2458 τὸ
449 2405 543 2459 τοῦ
577 2408 811 2482 Πατρός.
840 2409 1000 2478 Λέγει
1032 2409 1076 2461 δ’
1107 2405 1199 2463 οὖν
1224 2411 1415 2475 αὑταῖς
1445 2412 1764 2477 συλλαϐαῖς·

186 2499 314 2551 ’Ότι
340 2498 712 2566 καταϐέϐηκα
735 2499 804 2553 ἐκ
827 2500 934 2554 τοῦ
960 2502 1241 2568 οὐρανοῦ,
1268 2504 1380 2571 οὐχ
1411 2504 1511 2557 ἵνα
1538 2504 1770 2571 ποιήσω

178 2588 257 2642 τὸ
284 2588 514 2658 θέλημα
536 2588 605 2641 τὸ
629 2589 797 2658 ἐμὸν,
822 2589 981 2643 ἀλλὰ
1007 2590 1076 2643 τὸ
1113 2590 1342 2661 θέλημα
1367 2593 1473 2647 τοῦ
1495 2592 1771 2662 πέμψαν-

181 2680 295 2744 τός
326 2695 434 2749 με·
475 2682 570 2734 καὶ
610 2677 796 2744 αὖθις·
842 2683 924 2736 Οὐ
962 2681 1219 2752 δύναμαι
1267 2682 1382 2753 ἐγὼ
1429 2685 1622 2739 ποιεῖν
1669 2686 1770 2741 ἀπ’

183 2775 455 2847 ἐμαυτοῦ
482 2776 662 2832 οὐδὲν
684 2794 698 2809 ο
731 2778 925 2844 καθὼς
958 2779 1174 2843 ἀκούω,
1209 2780 1408 2847 κρίνω,
1443 2779 1542 2833 καὶ
1584 2782 1623 2849 ἠ
1650 2780 1774 2848 κρί-

185 2884 294 2934 σις
323 2869 362 2936 ή
391 2867 506 2937 ἐμὴ
536 2867 735 2922 δικαία
775 2869 930 2935 ἐστὶ,
959 2869 1047 2923 ὅτι
1076 2871 1148 2923 οὺ
1178 2867 1326 2938 ζητῶ
1356 2870 1420 2924 τὸ
1448 2870 1678 2940 θέλημα
1704 2870 1771 2925 τὸ

181 2958 357 3028 ἐμὸν,
401 2959 563 3016 αλλὰ
601 2960 668 3015 τὸ
709 2961 937 3031 θέλημα
979 2962 1082 3016 τοῦ
1128 2963 1478 3032 πέμψαντός
1512 2980 1591 3032 με
1632 2963 1768 3035 (95).

178 3051 305 3105 Kal.
332 3052 412 3105 ὅτι
449 3068 515 3120 γε
561 3052 744 3122 ἕτερος
789 3047 858 3123 ἦν
907 3054 936 3105 ὁ
972 3053 1193 3124 πέμψας
1231 3055 1391 3107 αὐτὸν
1439 3056 1565 3126 παρ’
1608 3054 1769 3108 αὐτὸν

188 3142 526 3212 παρίστησιν
576 3140 703 3212 ἑξῆς
743 3141 952 3210 λέγων·
1003 3143 1136 3196 Ἐὰν
1176 3142 1292 3213 ἐγὼ
1324 3142 1603 3213 μαρτυρῶ
1636 3145 1770 3216 περὶ

181 3232 471 3301 ἐμαυτοῦ,
500 3233 539 3301 ἡ
564 3235 861 3303 μαρτυρία
877 3251 995 3302 μου
1021 3230 1134 3289 οὖκ
1160 3235 1331 3289 ἔστιν
1353 3235 1606 3304 ἀληθής.
1640 3237 1769 3290 Ἄλ-

182 3327 303 3390 λος
339 3324 513 3379 ἐστὶν
562 3327 595 3378 ὀ
640 3325 959 3395 μαρτυρῶν
1000 3326 1134 3395 περὶ
1173 3327 1338 3397 ἐμοῦ.
1389 3324 1523 3381 Εἶτα
1559 3344 1663 3398 μνη
1672 3344 1768 3398 μο-

181 3416 389 3481 νεύσας
424 3417 519 3471 τοῢ
562 3418 904 3485 Βαπτιστοῦ,
953 3418 1043 3472 τὸν
1082 3420 1302 3492 Πατέρα
1339 3420 1589 3491 μάρτυρα
1630 3414 1769 3472 εἶναι

182 3507 357 3562 αὑτοῦ
398 3508 664 3573 διδάσκει,
703 3509 924 3578 φάσκων
946 3527 959 3540 ·
1009 3511 1121 3564 Καὶ
1177 3515 1209 3564 ό
1248 3510 1482 3580 πέμψας
1527 3528 1605 3581 με
1652 3514 1770 3565 Ha-

186 3600 329 3669 τὴρ,
353 3600 535 3666 αὐτὸς
557 3602 972 3671 μεμαρτύρηκε
994 3601 1127 3671 περὶ
1150 3601 1316 3672 ἐμοῦ.
1338 3603 1447 3655 Καὶ
1475 3601 1768 3675 προστίθη-

188 3709 282 3745 σιν
302 3708 317 3721 ο
345 3693 388 3743 Ε
394 3694 412 3745 ι
436 3693 549 3762 (97)
572 3694 841 3763 ἠγαπᾶτέ
864 3713 960 3765 με,
982 3695 1235 3765 ἐχάρητε
1264 3694 1359 3759 ἂν,
1411 3694 1498 3749 ὅτι
1526 3696 1770 3762 πορεύο-

180 3801 296 3854 μαι
331 3783 483 3852 πρὸς
524 3784 630 3838 τὸν
662 3785 894 3855 Πατέρα
917 3805 929 3817 ·
973 3787 1061 3840 ὅτι
1102 3790 1134 3841 d
1182 3787 1383 3856 Πατήρ
1411 3804 1531 3857 μου
1559 3785 1770 3856 μείζων

183 3873 310 3944 μοῦ
363 3875 515 3929 ἐστι.
559 3876 640 3943 Διῖ
685 3870 761 3930 ὧν
804 3879 1055 3932 ἁπάντων
1090 3879 1271 3951 ἕτερον
1305 3879 1492 3933 ἑαυτὸν
1530 3877 1624 3931 τοῦ
1658 3879 1770 3932 Πα-

185 3965 323 4039 τρὸς
346 3966 637 4021 δείκνυται.
680 3970 792 4022 Καὶ
822 3970 883 4023 τὸ
915 3971 1178 4042 ὑπερέχον
1215 3974 1314 4042 τῆς
1341 3970 1501 4040 δόξης
1531 3970 1625 4023 τοῦ
1658 3971 1770 4023 Πα-

184 4060 321 4128 τρὸς
354 4060 639 4131 περίστησι
666 4060 753 4114 διὰ
776 4061 869 4114 τοῦ
895 4061 984 4116 τὸν
1010 4063 1108 4134 μὲν
1138 4061 1533 4116 ἀπεσταλκέναι
1564 4062 1766 4130 λέγειν,

186 4149 388 4203 ἑαυτὸν
416 4150 474 4203 δὲ
510 4152 845 4205 ἀπεστάλθαι
865 4169 879 4182 ο
919 4154 1014 4206 καὶ
1043 4154 1108 4206 ἐκ
1140 4152 1233 4206 τοῦ
1274 4152 1503 4224 οὐρανοῦ
1535 4152 1766 4222 κατελη-

186 4240 419 4310 λυθῆναι
444 4243 541 4313 οὐχ
573 4243 659 4297 ἵνα
692 4247 891 4317 ποιήσῃ
932 4245 993 4298 τὸ
1021 4244 1230 4315 θέλημα
1269 4245 1331 4297 τὸ
1374 4242 1591 4307 ἑαυτοῦ,
1634 4242 1768 4295 ἀλλὰ

187 4332 254 4386 τὸ
296 4331 392 4384 τοῦ
432 4332 749 4403 πέμψαντος
787 4336 968 4393 αὐτόν.
1027 4337 1137 4389 Καὶ
1185 4336 1238 4388 τί
1298 4337 1363 4390 ἂν
1419 4335 1555 4406 πρὸς
1599 4335 1767 4388 ταῦτα

1868 1863 1962 1916 sed
1995 1860 2168 1916 Filius
2201 1861 2541 1930 unigenitus,
2592 1874 2646 1916 et
2677 1862 2903 1917 dilectus
2929 1861 3048 1931 ejus
3092 1879 3108 1915 :
3149 1872 3204 1917 et
3256 1862 3474 1933 imago.

1867 1950 1960 2006 Dei
2013 1951 2319 2015 invisibilis,
2378 1960 2434 2005 et
2484 1952 2882 2020 resplendentia
2925 1963 3170 2020 paterna:
3202 1954 3434 2024 glorise:

1868 2043 2131 2108 honorat,
2176 2045 2363 2098 adorat
2393 2055 2448 2098 et
2470 2054 2762 2098 veneratur
2808 2059 2963 2099 suum
2999 2043 3240 2112 Patrem,
3271 2045 3438 2101 Deum

1866 2147 1990 2189 eum
2019 2142 2074 2186 et
2112 2133 2281 2202 ipsius
2317 2133 2482 2188 Deum
2516 2134 2820 2189 inscribens
2861 2151 2875 2188 :
2913 2135 2998 2188 cui
3029 2137 3233 2205 gratias
3255 2150 3436 2206 agere,

1868 2227 1955 2279 cui
1995 2240 2183 2294 preces
2213 2224 2438 2280 fundere
2466 2227 2683 2291 dicitur,
2718 2226 2804 2280 cui
2843 2227 3109 2292 gobediens
3152 2242 3323 2296 usque
3371 2229 3439 2282 ad

1871 2326 2099 2370 mortem
2131 2315 2330 2370 iuerat.
2376 2322 2434 2380 ὦ
2466 2317 2690 2371 Fatetur
2725 2331 2785 2370 se
2815 2318 2999 2372 vivere
3050 2333 3147 2388 per
3195 2317 3439 2384 Patrem,

1873 2422 1973 2461 uec
2016 2408 2303 2476 quidquam
2341 2422 2499 2477 posse
2527 2408 2706 2462 facere
2735 2408 2851 2462 sine
2881 2407 3072 2474 Patre;
3113 2424 3217 2464 non
3261 2425 3437 2472 suam.

1870 2498 1964 2553 sed
1991 2497 2172 2553 Patris
2200 2499 2532 2553 voluntatem
2564 2500 2761 2553 facere.
2794 2500 2885 2553 Ait
2912 2500 3096 2569 igitur,
3129 2514 3185 2555 et
3214 2502 3439 2556 totidem

1870 2594 2085 2663 quidem
2111 2593 2311 2660 verbis,
2346 2592 2497 2660 Quod
2526 2593 2591 2647 de
2624 2594 2750 2648 caelo
2785 2594 3062 2661 descendi,
3119 2613 3221 2650 non
3255 2608 3310 2649 ut
3346 2596 3439 2666 fa-

1866 2702 2035 2739 cerem
2073 2684 2392 2739 uoluntatem
2425 2701 2623 2752 meam,
2670 2686 2759 2739 sed
2792 2686 3111 2739 voluntatem
3157 2687 3305 2756 ejus,
3348 2690 3442 2758 qui

1869 2777 2010 2830 misit
2036 2776 2205 2833 me".
2233 2776 2303 2831 Et
2330 2777 2527 2830 iterum
2565 2792 2579 2828 :
2616 2775 2741 2830 Non
2781 2792 2993 2846 possum
3038 2794 3132 2848 ego
3159 2780 3331 2847 facere
3375 2782 3442 2833 de

1869 2870 2174 2936 memetipso
2221 2869 2560 2938 quidquam:
2615 2869 3057 2938 quemadmodum
3118 2871 3309 2938 audio,
3365 2872 3443 2927 ita

1861 2962 2089 3030 judico,
2137 2971 2183 3013 el
2230 2976 2403 3014 meum
2451 2961 2715 3029 judicium
2764 2975 2961 3014 rectum
2991 2971 3102 3026 est,
3157 2962 3281 3028 quia
3337 2979 3442 3016 non

1869 3070 2050 3119 quare
2069 3054 2388 3109 voluntatem
2408 3069 2598 3117 meam,
2626 3055 2717 3107 sed
2743 3054 3062 3109 voluntatem
3103 3054 3286 3110 Patris
3303 3097 3318 3122 ,
3350 3058 3443 3125 qui

1870 3145 2013 3198 misit
2044 3159 2125 3198 me
2147 3142 2215 3197 ".
2248 3143 2425 3197 Alium
2453 3156 2584 3197 vero
2609 3142 2774 3199 fuisse
2799 3144 3010 3213 ipsum,
3060 3145 3225 3199 alium
3258 3155 3438 3201 autem

1869 3237 1962 3308 qui
1994 3237 2140 3292 misit
2162 3237 2356 3305 ipsum,
2385 3235 2807 3305 docetiuquiens
2846 3252 2860 3289 :
2893 3233 2953 3290 Si
2974 3252 3066 3305 ego
3085 3237 3440 3291 testimonium

1869 3330 2168 3400 perhibeam
2210 3329 2273 3382 de
2320 3329 2550 3396 meipso,
2590 3328 2949 3381 testimonium
2997 3344 3166 3381 meum
3209 3345 3311 3383 non
3362 3340 3441 3384 est

1870 3435 2084 3484 verum;
2115 3420 2251 3471 alius
2275 3430 2350 3472 est
2380 3418 2469 3488 qui
2501 3420 2563 3470 de
2592 3434 2671 3472 me
2694 3418 3005 3483 testiﬁcatur
3020 3417 3085 3472 ⁷⁸.
3111 3416 3437 3474 Mentionem

1872 3511 2066 3565 dehinc
2096 3494 2346 3580 Baptista:
2371 3504 2620 3578 iaciens,
2661 3513 2872 3567 Patrem
2901 3529 3055 3568 suum
3115 3514 3194 3569 illi
3245 3524 3438 3570 testem

1869 3616 1989 3655 esse
2020 3615 2316 3667 asseverat,
2368 3604 2649 3672 inquiens,
2705 3605 2768 3658 Et
2804 3607 2894 3673 qui
2939 3621 3022 3659 me
3073 3606 3217 3660 misit
3253 3604 3434 3672 Pater,

1869 3692 1978 3757 ipse
2001 3692 2310 3761 testiﬁcatus
2338 3704 2413 3747 est
2451 3695 2515 3748 de
2539 3710 2619 3748 me
2639 3695 2708 3747 ⁷³.
2742 3695 2904 3748 Addit
2931 3705 3141 3748 autem:
3186 3693 3255 3748 Et
3285 3696 3332 3749 si
3362 3698 3439 3749 di-

1869 3783 2030 3853 ligitis
2064 3800 2164 3851 me,
2192 3787 2491 3852 gauderetis
2534 3786 2711 3855 utique
2747 3788 2885 3855 quod
2923 3791 2995 3839 ad
3026 3784 3240 3839 Patrem
3274 3789 3439 3857 proﬁ-

1868 3877 2056 3930 ciscor.
2094 3874 2359 3940 Quoniam
2406 3876 2572 3930 Pater
2627 3893 2706 3931 me
2763 3878 2938 3945 major
2984 3892 3058 3932 est
3101 3879 3166 3932 ⁷⁸.
3231 3876 3439 3945 Quibus

1869 3968 2117 4022 omnibus
2149 3968 2382 4022 ostendit
2433 3982 2491 4024 se
2530 3968 2695 4022 alium
2746 3984 2776 4022 a
2817 3969 2998 4037 Patre,
3053 3978 3110 4024 et
3154 3980 3433 4041 paternam

1868 4059 2091 4128 gloriam
2120 4060 2376 4129 majorem
2404 4059 2640 4115 insinuat
2661 4076 2813 4128 esse;
2842 4077 2963 4116 cum
3001 4075 3059 4117 se
3083 4064 3152 4117 ab
3186 4063 3276 4118 illo
3307 4065 3438 4117 mis-

1868 4165 1986 4204 sum
2027 4151 2206 4217 dicat,
2248 4166 2307 4205 se
2340 4165 2482 4228 vero
2529 4154 2595 4207 de
2638 4153 2776 4208 coelo
2822 4154 3207 4221 descendisse,
3243 4169 3348 4209 nou
3378 4166 3438 4209 ut

1868 4255 2018 4294 suam
2053 4242 2617 4298 t'oluntatethaceret
2640 4282 2655 4307 ,
2687 4246 2780 4298 sed
2814 4245 3141 4298 voluntatem
3173 4246 3312 4315 ejus,
3343 4246 3434 4314 qui

1869 4330 2016 4384 misit
2059 4345 2204 4385 eum.
2254 4331 2392 4398 Quid
2442 4336 2509 4387 ad
2568 4335 2672 4389 ista
2709 4332 2954 4388 dicturus
3000 4344 3085 4388 est
3128 4334 3436 4397 Marcellus,

188 4422 330 4494 φαίῃ
367 4422 474 4493 (98)
506 4423 838 4496 Μάρκελλος,
872 4426 1084 4480 ἀκούων
1122 4425 1215 4480 τοῦ
1251 4426 1672 4497 κατεληλυθότος
1708 4426 1767 4491 ἐξ

1871 4436 1991 4475 cum
2033 4437 2154 4475 eum
2185 4423 2273 4490 qui
2305 4424 2371 4477 de
2398 4424 2537 4479 cmlo
2568 4426 2879 4489 descendit,
2934 4426 3035 4478 ista
3082 4425 3195 4493 ipsa
3241 4426 3439 4479 docen-

192 4514 425 4587 οὖρανοῦ
455 4515 627 4569 ταῦτα
652 4518 1025 4584 διδάσκοντος;
1066 4519 1140 4572 Οὐ
1184 4519 1292 4589 γὰρ
1331 4519 1500 4590 δήπου
1532 4520 1627 4571 καὶ
1670 4517 1765 4570 νῦν

186 4610 292 4681 τὴν
323 4609 502 4679 σάρκα
527 4610 622 4663 τοῦ
654 4612 903 4683 Σωτῆρος
932 4612 1102 4666 ταῦτα
1136 4614 1362 4682 φάσκειν
1394 4614 1526 4683 ἐρεῖ.
1558 4613 1631 4665 Οὐ
1655 4611 1764 4683 γὰρ

189 4700 225 4770 ὴ
260 4699 399 4773 σὰρξ
425 4703 489 4755 ὲκ
515 4703 607 4756 τοῦ
638 4704 867 4775 οὐρανοῦ
902 4704 1247 4775 κατελήλυθε.
1284 4704 1417 4757 Τίνα
1445 4703 1620 4755 τοίνυν
1652 4705 1769 4774 ἐρεῖ

258 4886 275 4892 -
303 4844 363 4902 Ψ
396 4806 492 4893 Ed.
528 4837 721 4903 Paris.,
765 4857 884 4912 pag.
934 4841 1057 4895 110.

296 4932 343 4962 ’ί
370 4930 525 4986 Joan.
567 4949 656 4998 xx,
690 4934 777 4988 i7.
875 4934 921 4965 ⁷¹
950 4932 1104 4987 Joau.
1153 4947 1232 4999 Vl,
1281 4933 1371 4989 38.
1446 4932 1496 4965 ⁷⁸
1524 4932 1679 4986 Joan.
1720 4948 1775 4996 ι’,

191 5061 547 5139 seqpenti'bus
570 5079 624 5125 et
657 5085 710 5139 p.
735 5070 838 5125 i38
866 5070 908 5123 Β
935 5070 994 5124 Η
1034 5068 1211 5124 deleto
1255 5069 1429 5139 λέγων
1465 5069 1607 5139 quod
1641 5079 1766 5139 post

189 5128 326 5194 Υἱοῦ
358 5140 515 5202 vulgo
566 5128 780 5208 legitur.
834 5140 1012 5194 Possis
1050 5149 1105 5194 et
1152 5139 1265 5203 θεὶς
1316 5128 1603 5208 (ΞΟΙΙῘῘΟὐΙὌ,
1638 5128 1762 5192 cum

191 5226 318 5264 mox
347 5208 552 5263 τιθέναι
570 5222 844 5279 sequatur.
865 5209 922 5263 In
951 5226 1094 5265 corr.
1128 5209 1198 5263 M.
1227 5229 1247 5261 ι
1282 5210 1444 5265 Forte
1462 5209 1614 5268 Θεοῦ,
1635 5219 1689 5262 et
1711 5210 1762 5261 iu

188 5279 698 5351 versionequiduas
722 5282 782 5351 in
813 5280 924 5334 Deo
953 5280 1291 5351 hypostaseis
1324 5297 1339 5333 :
1367 5281 1643 5351 Ariaitiaat
1678 5280 1767 5351 hic

189 5348 513 5473 uitoépassim
577 5350 858 5406 Eusebius.
912 5368 931 5401 ι
988 5348 1059 5392 l—
1106 5348 1236 5404 Mox
1288 5351 1448 5421 vulgo
1502 5348 1623 5402 οὐδὲ
1672 5348 1766 5401 δύο

192 5437 224 5470 υ
315 5435 363 5473 ε.

192 5435 363 5480 υωυς.

265 5487 382 5559 (94)
406 5487 578 5559 Vulgo
606 5489 741 5543 Θεοῦ
773 5489 921 5553 Υἱός.

266 5558 397 5630 (95)
421 5557 531 5613 Τοῦ
572 5560 706 5614 Υὶοῦ
755 5561 1126 5630 κηρύττεται.
1170 5557 1435 5613 Utrumne
1465 5558 1762 5630 Ecclesiam

198 5626 323 5682 Filii
348 5628 514 5693 dixit;
552 5646 618 5683 an
665 5630 796 5683 Θεὸν
823 5626 939 5683 Ἰτοῦ
995 5629 1150 5693 Υἱοῦ,
1178 5631 1280 5683 hoc
1330 5631 1525 5697 potius.
1571 5629 1632 5681 Et
1689 5631 1767 5682 sic

197 5698 339 5771 forte
368 5691 519 5771 tleest
557 5700 643 5753 hic
668 5770 673 5771 ί
696 5700 923 5771 Πατήρ;
960 5691 1144 5754 Statim
1194 5691 1564 5771 iege,'§)_sta‘t
1614 5697 1766 5765 εὔχε-

199 5765 344 5823 σθαι.
379 5767 504 5824 1133c
532 5770 712 5825 omnia
746 5772 812 5827 de
838 5765 975 5827 i‘iiio
1006 5765 1300 5826 secundum
1340 5769 1578 5824 divinam
1615 5784 1767 5822 llaill-

1814 4930 1905 4986 '50.
1979 4929 2026 4960 "
2068 4928 2195 4984 ibid.
2238 4928 2327 4991 ⁸51,
2370 4926 2458 4981 52.
2537 4927 2738 4982 "ibid.
2772 4928 2865 4984 37.

1870 4523 1976 4567 tem
2010 4514 2215 4568 audiat.
2251 4513 2387 4579 Non,
2415 4518 2627 4586 opinor,
2657 4516 2783 4570 illud
2812 4517 3043 4583 allegare
3073 4516 3289 4583 poterit,
3321 4531 3443 4569 car-

1873 4622 1992 4660 nem
2024 4608 2328 4661 Servatoris
2354 4609 2456 4662 hoc
2482 4609 2837 4676 prolocutam.
2889 4607 3002 4661 Non
3033 4608 3176 4661 enim
3207 4622 3339 4663 caro
3373 4609 3441 4661 de

1873 4699 2012 4753 cwlo
2039 4700 2338 4755 descendit.
2386 4701 2684 4766 Quemnam
2731 4712 2859 4767 ergo
2913 4699 3159 4753 dicturus
3211 4709 3317 4756 est.
3376 4699 3442 4752 de

2964 4929 3012 4961 "
3026 4927 3183 4984 Joan.
3207 4944 3317 4994 xw,
3345 4927 3437 4987 28.

1819 5058 1823 5066 ’
1869 5085 1984 5123 ram
2029 5067 2309 5137 proposuit
2342 5066 2708 5135 intelligenda,
2758 5076 2812 5119 et
2860 5077 3039 5120 tamen
3085 5066 3245 5120 etiam
3298 5068 3442 5135 apud

1869 5142 2048 5207 ipsum
2071 5137 2315 5207 quaedam
2350 5150 2495 5196 sunt,
2531 5152 2651 5204 quae
2681 5137 2747 5190 de
2804 5137 3023 5207 homine
3075 5151 3299 5204 prorsus
3339 5153 3439 5207 ca-

1872 5205 2226 5278 pittntttr.lta
2283 5207 2417 5260 ludit
2469 5207 2556 5259 hic
2604 5216 2792 5260 auctor
2821 5205 3071 5270 ὕπουλος,
3131 5217 3187 5260 et
3235 5206 3444 5275 σαπρὸς

1873 5277 2088 5332 ubique.
2134 5277 2201 5329 Μ.
2828 5282 2831 5287 ·

1943 5296 2201 5417 igiij'lei
2218 5345 2306 5397 ὅτι
2338 5362 2404 5413 γε
2432 5345 2631 5412 ἕτερος
2650 5341 2752 5415 ἦν,
2770 5344 2899 5417 lucc
2925 5358 2954 5395 e
2980 5341 3166 5417 codice
3187 5340 3437 5417 supplevi

1874 5412 2126 5472 Biblioth.
2173 5412 2472 5471 Bodleiana:
2502 5412 2712 5467 altero:
2753 5415 2976 5465 deerant
3003 5415 3145 5466 enim
3186 5412 3237 5464 in
3294 5429 3435 5476 uico,

1870 5503 2038 5556 usque
2055 5490 2141 5549 ad,
2169 5484 2469 5556 Ταῦταγὰρ
2481 5484 2789 5538 οῐεσθαιτὸν
2801 5482 3041 5553 Πατέρα,
3059 5483 3347 5535 exclusive.
3367 5482 3447 5535 lli.-

1941 5560 2055 5627 (97)
2099 5556 2265 5622 Vulgo
2287 5556 2558 5627 ἀγαπᾶτε.

1940 5621 2052 5698 (98)
2081 5621 2249 5695 Vulgo
2292 5621 2345 5676 6‘
2376 5626 2445 5678 Μ.
2470 5638 2524 5677 et
2556 5625 2691 5698 i_u_i'ra
2723 5622 3001 5693 ὲπελέγξει
3035 5631 3091 5677 et
3121 5624 3216 5677 καὶ
3249 5621 3435 5685 καθὼς

1868 5701 1929 5754 τὸ
1952 5694 2165 5769 θέλημά
2194 5694 2300 5768 ίμου
2326 5706 2380 5751 et
2410 5694 2653 5766 συμφθῆ.
