3838 6222
208 318 316 374 913

213 435 598 544 μιὶιμενοςζηως
629 441 722 544 καὶ
747 443 815 497 δι’
853 445 1018 503 αὐτοῦ
1057 450 1360 524 ὁρώμενος.
1395 458 1454 510 Ὀ
1481 458 1590 532 γὰρ
1629 463 1784 534 ἑωρα-

1906 483 2000 535 per
2027 468 2198 536 ipsum
2233 471 2402 526 visus.
2440 471 2574 527 Nam
2606 474 2696 544 qui

210 525 326 590 κὼς
355 527 445 581 τὸν
477 527 606 620 Yi-bv
632 530 846 603 ἑώρακε
878 536 956 607 (5)
984 539 1075 591 τὸν
1100 541 1340 614 Πατέρα,
1367 545 1466 617 τὴν
1496 525 1793 620 ἀγέννητον

210 617 463 689 θεότητα,
508 614 618 673 οἷον
665 623 723 675 ὲν
765 626 962 680 εἰκόνει
1005 630 1099 683 καὶ
1137 614 1446 708 κατόπτρῳ,
1480 614 1641 710 ὲν-τῷ
1681 614 1794 710 Ϋὶᾧ

209 709 760 784 χαρακτηριζομένην
812 715 974 785 ὀρῶν.
1050 721 1432 794 Ἄπαύγασμα
1494 709 1621 796 γάρί
1662 709 1794 784 ἐστι

207 802 405 872 φωτὸς
428 803 623 858 ἀϊδίου
650 807 748 860 καὶ
787 808 1111 880 alvom-por
1137 815 1516 885 ἀκηλίδωτον
1541 820 1651 889 τῆς
1684 821 1791 876 τοῦ

211 894 363 948 Θεοῦ
382 894 703 974 ἐνεργείας,
735 898 832 952 καὶ
853 900 1029 955 εἰκὼν
1046 903 1158 973 τῆς
1189 907 1555 976 ἀγαθότητος
1585 913 1788 966 αὐτοῦ·

209 989 391 1042 πάντα
429 988 484 1041 δὲ
523 989 694 1042 ταῦτα
725 991 874 1063 παρά
911 993 1006 1046 τοῦ
1048 995 1263 1068 Πατρὸς
1307 997 1509 1065 λαϐὼν,
1536 999 1597 1066 ἐξ
1629 1003 1792 1056 αὐτοῦ

206 1095 270 1131 τε
301 1081 396 1133 καὶ
423 1081 520 1151 τῆς
552 1080 805 1153 θεότητος
837 1084 937 1156 τὴν
976 1086 1154 1154 δόξαν,
1196 1089 1272 1152 ὼς
1303 1091 1368 1144 ἂν
1413 1092 1794 1164 Υἱὸς.γνήσιος

207 1175 306 1226 καὶ
350 1175 665 1246 μονογενὴς,
700 1175 938 1246 εἰληφὼς
967 1178 1100 1249 ἔχει.
1151 1181 1287 1233 Ἀλλ’
1317 1184 1377 1235 οὐ
1420 1185 1514 1238 καὶ
1547 1189 1574 1238 6
1605 1186 1793 1257 Πατὴρ

207 1266 365 1337 παρά
410 1283 554 1330 τινος
598 1268 818 1338 εἴληφεο
875 1269 1092 1326 πάντων
1124 1272 1168 1326 δ’
1202 1273 1364 1338 αὐτὸς
1406 1276 1482 1331 ὢν
1524 1279 1665 1350 ἀρχὴ
1701 1281 1795 1333 καὶ

207 1357 364 1428 πηγὴ
393 1357 487 1409 καὶ
517 1357 642 1428 ῥίζα
673 1358 782 1412 τῶν
817 1361 1038 1429 ἀγαθῶν
1058 1402 1082 1430 ,,
1120 1365 1345 1431 εἰκότως
1381 1365 1462 1432 εἷς
1508 1371 1599 1431 καὶ
1635 1372 1794 1443 μόνος

206 1446 593 1518 ἀναγορεύοιτο
623 1448 688 1504 ἂν
718 1449 872 1515 Θεός.

849 1545 1005 1601 ΚΕΦ.
1069 1549 1154 1603 H'.

217 1631 483 1699 Ὄποίοις
522 1633 754 1704 ῥήμασι
798 1636 1157 1712 Μάρκελλος
1209 1643 1442 1712 ἠρνεῖτο
1500 1643 1606 1698 τὸν
1660 1647 1794 1702 Υἱὸν

848 1708 952 1762 τοῦ
987 1708 1156 1766 Θεοῦ.

1161 332 1260 394 DE.
1287 337 1822 399 ECCLESIASTICA
1857 344 2259 406 'THEOLOGIA
2299 352 2427 408 ue.
2467 329 2552 410 ιι.

3361 370 3468 428 θιι

2746 475 2941 534 Filium
2985 481 3139 550 vidit,
3186 485 3234 542 is
3281 490 3470 559 utique

1895 567 1951 610 et
1971 557 2182 614 Patrem
2219 561 2374 628 vidit,
2403 563 2530 618 dum
2573 564 2831 627 deitatem
2861 569 3181 643 ingenitam,
3214 557 3393 634 veluti
3412 581 3466 634 in

1894 650 2130 721 imagine
2159 661 2324 723 atque
2350 658 2570 725 speculo
2603 659 2654 714 in
2677 660 2814 717 Filio
2842 664 3345 738 cbaracterisatam,
3378 673 3465 727 in-

1897 749 2094 795 tuetur.
2135 743 2234 797 Est
2262 747 2400 799 enim
2439 749 2685 818 splendor
2715 763 2944 810 (eleme-
2969 757 3102 812 lucis
3130 774 3150 812 :
3193 771 3240 815 et
3283 777 3465 830 specu-

1894 830 2002 885 lum
2054 836 2450 895 mundissimum
2493 845 2810 910 operationis
2872 857 3104 916 paternae
3139 865 3158 904 :
3197 861 3246 906 et
3285 854 3461 923 imago

1896 922 2142 980 bonitatis
2172 929 2341 996 ipsius
2377 930 2444 984 “.
2475 932 2600 989 Haec
2629 946 2807 992 autem
2841 941 3020 994 omnia
3051 956 3172 997 cum
3205 944 3272 1000 de
3299 922 3462 1002 Patre

1895 1017 2241 1086 suscepisset,
2272 1021 2340 1075 ab
2367 1021 2458 1077 illo
2496 1033 2550 1079 et
2581 1026 2808 1094 gloriam
2838 1031 3157 1101 divinitatis,
3201 1045 3460 1106 tanquam

1899 1106 2062 1164 Filius
2095 1110 2333 1168 dilectus
2369 1122 2423 1169 et
2456 1117 2762 1188 unigenitus
2807 1124 3039 1192 accepit,
3090 1125 3185 1181 sed
3236 1143 3340 1182 non
3388 1129 3462 1184 ita

1895 1197 2056 1254 Pater
2087 1215 2116 1254 a
2162 1217 2434 1274 quoquam
2483 1209 2716 1279 accepit,
2766 1226 2890 1266 cum
2942 1213 3012 1269 sit
3068 1214 3183 1285 ipse
3223 1219 3460 1273 omnium

1894 1287 2220 1358 principium
2266 1302 2326 1353 et,
2365 1293 2486 1351 fons
2516 1304 2569 1350 et
2595 1298 2757 1353 radix.
2777 1301 3042 1358 bonorum
3067 1305 3244 1371 ;_unde
3267 1308 3460 1363 merito

1895 1391 2033 1434 unus
2060 1387 2114 1434 et
2144 1381 2292 1437 solus
2317 1386 2641 1452 praedicatur
2662 1389 2822 1446 Deus.

2459 1597 2516 1655 Β
2567 1592 2718 1648 CAP.
2762 1594 2893 1650 Vill.

1966 1679 2166 1746 Quibus
2201 1684 2364 1737 verbis
2397 1682 2682 1739 Marcellus
2717 1687 2988 1757 abnegavit
3025 1688 3229 1745 Filium
3271 1691 3385 1746 Dei.

299 1815 459 1869 Ἀλλά
488 1817 694 1873 τούτων
721 1820 782 1874 ιν
806 1821 997 1894 ἀγνοίᾳ
1028 1824 1312 1895 τυγχάνων
1346 1826 1422 1899 (6)
1450 1827 1784 1900 Μάρκελλος,

1965 1791 2090 1846 Haec
2118 1809 2239 1848 cum
2274 1793 2484 1863 ignoret
2512 1796 2818 1865 Marcellus,
2846 1815 2954 1854 non
2987 1800 3099 1854 vult
3149 1801 3356 1858 Filium
3391 1803 3457 1859 de

203 1908 272 1960 οὐ
308 1907 552 1978 βούλεται
590 1911 689 1982 μὲν
722 1911 937 1987 ἀληθῶς
963 1915 1054 1970 τὸν
1080 1917 1207 1970 Υἱὸν
1235 1918 1301 1970 ὲκ
1327 1917 1422 1971 τοῦ
1452 1920 1664 1992 Πατρὸς
1699 1939 1791 1990 γε-

205 1998 524 2069 γεννῆσθαι,
561 2001 637 2066 ὡς
667 2002 794 2058 Υἱδν
829 2004 1007 2069 ζῶντα
1038 2007 1133 2060 καὶ
1175 2009 1480 2078 ὑφεστῶτα·
1512 2008 1599 2066 οἷα
1631 2013 1687 2066 δὲ
1705 2013 1790 2067 λό-

205 2108 308 2159 γον
341 2093 502 2148 αὑτὸν
533 2096 866 2168 σημαντικόν
896 2116 1040 2163 τινος
1071 2101 1103 2170 ᾖ
1144 2103 1560 2172 προστακτικὸν,
1597 2105 1790 2176 προελ-

207 2181 326 2234 θεῖν
350 2180 444 2234 τοῦ
470 2182 607 2237 Θεοῦ
642 2185 861 2255 φάσκει.
911 2190 1109 2243 Ἀκουε
1138 2191 1183 2243 δ’
1217 2187 1310 2244 οὖν
1343 2193 1667 2258 ἀκαλύπτως
1695 2196 1789 2251 καὶ

205 2272 369 2328 τοῦτο
399 2273 646 2344 λέγοντος
677 2278 840 2344 αὐτοῦ
880 2280 1063 2336 ταῖσδε
1101 2285 1220 2346 ταῖς
1255 2287 1488 2352 φωναῖς·
1531 2304 1549 2336 ι
1585 2286 1656 2342 Ἱῖὸ
1693 2288 1788 2357 μὲν

212 2383 233 2414 ς
279 2359 373 2417 οὖν
397 2366 501 2436 πρὸ
528 2365 641 2421 τῶν.
668 2369 876 2423 αἰώνων
909 2369 1070 2423 αὑτὸν
1095 2371 1457 2443 γεγεννῆσθαι
1488 2374 1656 2445 φῆσαι
1687 2376 1785 2447 (7),

211 2475 232 2508 ι
285 2459 592 2524 ἀκολούθως
623 2461 898 2533 εἰρηκέναι
938 2461 1103 2518 δοκεῖ.
1139 2463 1388 2534 Γέννημα
1421 2464 1529 2536 γὰρ
1555 2465 1616 2518 τὸ
1651 2483 1785 2538 προ-

213 2568 233 2600 σ
281 2550 434 2604 ελθὸν
479 2551 572 2604 τοῦ
613 2553 916 2623 προεμένου
954 2552 1160 2622 γίνεται
1207 2554 1438 2626 Πατρὺς,
1475 2555 1700 2628 θάτερον
1740 2558 1785 2612 δ’

213 2658 233 2690 ς
282 2640 383 2692 οὐκ
415 2639 495 2693 ἔτι
524 2641 692 2710 ὑγιῶς
722 2643 830 2695 οὐδ’
859 2643 1096 2709 εὐσεϐῶς
1139 2645 1299 2700 αὑτὸν
1332 2645 1783 2718 παραλέλειπται.

211 2749 231 2782 ε
280 2732 355 2784 Τὸ
383 2733 492 2803 γὰρ
522 2735 596 2808 μὴ
625 2737 795 2805 Λόγον
821 2732 961 2791 εἶναι
988 2737 1156 2808 φῆσαι
1186 2738 1278 2792 τὸν
1307 2738 1367 2804 ἐξ
1395 2739 1560 2792 αὐτοῦ
1592 2741 1786 2812 προελ-

212 2839 232 2873 ‹
278 2821 442 2878 θόντα
474 2827 586 2896 (καὶ
636 2827 825 2882 τοῦτον
853 2824 991 2883 εἶναι
1021 2830 1114 2883 τὸν
1147 2830 1246 2901 τῆς
1273 2833 1576 2902 γεννήσεως
1609 2831 1785 2903 ἀληθῆ

210 2933 231 2965 ‹
282 2913 542 2984 τρόπον),
593 2916 706 2970 ἀλλ’
749 2917 964 2990 ἀληθῶς
998 2920 1125 2973 Υἱὸν
1176 2920 1335 2991 μόνον
1382 2921 1617 2993 ἔμφασιν
1665 2940 1786 2976 τινα

210 3019 230 3050 ε
277 3003 390 3063 τοῖς
410 3001 694 3057 ἀκούουσιν
716 3005 1061 3080 ἀνθρωπίνης
1071 3007 1247 3077 ὅψεως
1263 3011 1522 3082 παρέχειν
1538 3011 1746 3067 εἴωθεν.
1761 3034 1780 3065 ι

203 3085 323 3143 Εἶθ’
369 3092 449 3145 ὅτι
499 3093 634 3165 μηδὲ
683 3097 1003 3168 γεγέννηται
1060 3101 1123 3153 ὲκ
1159 3099 1252 3153 τοῦ
1294 3101 1508 3174 Πατρὸς
1548 3106 1577 3156 ὁ
1617 3104 1786 3173 Λόγος

1891 1881 2051 1938 Patre
2080 1899 2266 1940 revera
2297 1897 2500 1952 natum,
2546 1887 2708 1942 veluti
2741 1889 2918 1944 vivum
2942 1900 2995 1944 et
3024 1893 3405 1949 subsistentem
3436 1913 3452 1951 :

1890 1983 1946 2027 at
1978 1975 2044 2031 de
2072 1975 2182 2031 Deo
2210 1991 2488 2046 egressum
2520 1977 2669 2033 illum
2715 1994 2820 2034 non
2849 1980 3005 2035 aliter
3031 1982 3128 2046 ait,
3162 1998 3320 2053 quam
3355 2000 3456 2040 cu-

1884 2065 2397 2137 jusvisimperativa
2448 2078 2542 2124 aut
2583 2071 2876 2127 indicativa
2925 2088 3023 2128 vox
3068 2074 3132 2129 de
3167 2076 3284 2145 ipso
3319 2077 3448 2132 exit.

1888 2157 2022 2211 Audi
2057 2172 2186 2214 vero
2221 2159 2394 2228 ipsum
2422 2161 2739 2218 clarissimis
2765 2163 2946 2218 verbis
2980 2166 3082 2220 hoc
3121 2166 3263 2221 idem
3309 2168 3454 2222 alﬂr-

1890 2259 2124 2304 mantem
2151 2249 2242 2320 [R.
2266 2249 2459 2316 XXXI,
2492 2252 2643 2318 coll.,
2675 2269 2728 2323 p.
2759 2254 2829 2309 56
2879 2254 2966 2327 8.]
3019 2273 3037 2306 ι
3068 2254 3293 2311 Videtur
3325 2273 3452 2329 ergo

1893 2359 1912 2392 ‹
1959 2342 2104 2396 hisce
2143 2351 2538 2413 consequenter
2567 2345 2872 2411 dicendum,
2902 2357 3025 2402 ante
3052 2349 3246 2404 saecula
3277 2349 3452 2420 ipsum

1895 2451 1912 2483 ι
1959 2443 2294 2502 generatum.
2341 2435 2475 2490 Nam
2516 2438 2659 2507 quod
2707 2437 2772 2493 de
2823 2439 2984 2495 Patre
3045 2443 3455 2510 praaexsistente

1892 2542 1911 2577 ι
1962 2527 2257 2596 egreditur,
2311 2528 2557 2597 genimen
2607 2528 2721 2598 ejus
2749 2539 2851 2586 est.
2890 2532 3048 2587 Aliud
3088 2548 3218 2589 vero
3253 2546 3314 2590 ut-
3357 2536 3451 2602 sit,

1893 2634 1912 2667 ι
1958 2617 2062 2672 dici
2108 2633 2214 2672 non
2257 2628 2434 2688 potest
2476 2635 2596 2675 cum
2643 2636 2778 2676 sana
2823 2624 3025 2693 pietate
3075 2624 3446 2694 coniunctum.

1892 2723 1914 2758 ι
1959 2705 2092 2761 Nam
2115 2708 2198 2763 vel
2232 2708 2505 2766 aﬂirmare
2530 2727 2635 2767 non
2679 2726 2799 2768 esse
2826 2714 2972 2768 illum
3008 2713 3262 2782 Verbum,
3306 2719 3448 2786 quod

1893 2818 1911 2850 ι
1957 2813 2022 2854 ex
2049 2815 2114 2856 eo
2142 2803 2416 2872 egreditur
2450 2804 2694 2876 (ethunc
2724 2806 2896 2876 ipsum
2930 2823 3048 2864 esse
3099 2825 3238 2866 verae
3284 2825 3449 2880 gene-

1893 2906 1912 2940 ι
1957 2889 2186 2946 rationis
2213 2891 2486 2962 modum),
2530 2895 2626 2949 sed
2658 2909 2786 2950 vere
2807 2895 3025 2962 Filium,
3057 2913 3157 2956 nec
3187 2910 3446 2968 praeterea

1893 2996 1913 3030 ι
1959 2981 2249 3052 quidquam
2300 2997 2315 3037 :
2361 2983 2672 3040 relationem
2724 2988 3007 3056 quamdam
3062 2990 3288 3046 visionis
3344 2992 3450 3045 hu-

1893 3091 1912 3124 ι
1960 3089 2130 3128 manas
2158 3075 2368 3130 videtur
2395 3077 2733 3133 audientibus
2750 3081 3061 3136 exhibere.»
3081 3082 3281 3138 Deinde
3309 3085 3449 3152 quod

203 3185 477 3253 παριστὰς
527 3163 629 3239 ὧδε
681 3163 826 3262 λέγει
877 3163 1010 3261 πρὸς
1058 3190 1220 3258 λέξιν.
1275 3210 1294 3244 ι
1345 3163 1612 3248 Ὀποίνυν
1644 3163 1784 3267 legibs

1891 3179 2062 3233 neque
2109 3163 2338 3220 Verbum
2391 3165 2456 3220 de
2485 3166 2648 3224 Patre
2696 3183 2795 3224 suo
2838 3180 3125 3240 generetur
3183 3174 3448 3238 insinuat,

201 3269 506 3338 ἀπόστολος
533 3276 626 3329 καὶ
658 3278 912 3352 μαθητὴς,
933 3279 1028 3333 τοῦ
1061 3283 1268 3354 Κυρίου
1306 3284 1586 3356 Ἰωάννης,
1623 3288 1787 3345 atate-

200 3381 367 3434 τητος
395 3366 557 3424 αὑτοῦ
577 3369 947 3441 μνημονεύων,
975 3372 1180 3444 ἀληθὴς
1202 3374 1451 3443 ἐγίγνετο
1479 3375 1572 3431 τοῦ
1613 3377 1786 3446 Λόγου

203 3457 454 3531 μάρτυςο
521 3459 616 3512 Ἐν
659 3460 818 3530 ἀρχῇ
844 3457 923 3532 ἦν
951 3465 980 3516 6
1011 3465 1220 3534 Λόγος,
1255 3467 1355 3520 καὶ
1397 3471 1430 3521 ὀ
1477 3470 1669 3538 Λόγος
1710 3467 1788 3540 ἦν

198 3549 356 3618 πρὸς
383 3550 488 3604 τὸν
532 3552 697 3616 Θεὸν,
731 3555 827 3608 καὶ
859 3556 1003 3623 Θεὸς
1026 3553 1106 3628 ἦν
1139 3562 1172 3612 ό
1216 3561 1436 3630 Λόγοςο
1494 3561 1643 3615 οὐδὲν
1691 3580 1786 3632 γε-

195 3641 403 3706 νέσεως
447 3644 678 3698 ἐνταῦθα
709 3648 1062 3721 μνημονεύων
1104 3649 1198 3702 τοῦ
1242 3653 1437 3720 Λόγου.
1472 3672 1490 3704 ι
1535 3652 1691 3710 Οὕτω
1721 3654 1786 3728 δὴ

199 3734 297 3788 τδν
339 3735 467 3789 Υἰὸν
501 3735 594 3790 τοῦ
630 3737 765 3791 Θεοῦ
795 3740 1127 3811 ἀρνούμενος
1152 3743 1244 3798 τὸν
1270 3745 1329 3797 ὲν
1360 3744 1439 3818 τῷ
1466 3744 1585 3817 Θεῷ
1609 3746 1780 3814 Λόγον

201 3827 338 3878 ποτὲ
384 3828 480 3898 μὲν
517 3828 662 3882 ἔνδον
698 3825 838 3883 εἶναι
882 3833 940 3884 ὲν
983 3831 1062 3902 τῷ
1111 3832 1228 3904 Θεῷ
1274 3834 1500 3905 ἔφασκε,
1553 3837 1681 3890 ποτὲ
1725 3837 1781 3890 δὲ

200 3917 453 3989 προϊέναι
486 3919 582 3973 τοῦ
612 3919 746 3974 Θεοῦ
766 3937 780 3952 ο
821 3924 916 3976 καὶ
943 3923 1130 3978 ἄλλοτε
1164 3925 1324 3980 πάλιν
1358 3927 1782 3998 ἀναδραμεῖσθαι

198 4013 284 4074 εἰς
313 4011 403 4064 τὸν
443 4011 594 4077 Θεδν,
625 4015 719 4068 καὶ
752 4013 967 4067 ἔσεσθαι
1000 4016 1058 4068 ὲν
1085 4017 1256 4088 αὐτῷ,
1289 4018 1364 4083 ὡς
1393 4020 1488 4072 κα.)⁸
1517 4019 1782 4090 πρότερον

195 4097 290 4172 ἦν.
343 4103 674 4157 Ἐπάκουσον
722 4105 766 4157 δ’
805 4105 953 4170 ὅπως
1005 4106 1178 4160 ταῦτα
1227 4107 1371 4177 λέγει
1419 4108 1626 4173 τούτοις
1670 4113 1782 4174 τοῖς

202 4196 449 4266 ῥήμασι·
494 4213 512 4246 ι
562 4196 697 4250 Νυνὶ
736 4197 792 4250 δὲ
824 4198 1064 4252 πιστεύω
1115 4202 1236 4263 ταῖς
1285 4199 1457 4264 θείαις
1513 4202 1779 4272 Γραφαῖς,

203 4303 224 4336 ι
273 4286 354 4338 ὄτι
396 4279 474 4349 εἷς
503 4289 531 4339 ό
559 4286 713 4351 Θεὸς,
743 4289 836 4342 καὶ
875 4291 904 4342 ό
953 4290 1141 4343 τούτου
1185 4290 1355 4359 Λόγος
1399 4291 1638 4362 προῆλθε
1683 4291 1781 4362 μὲν

205 4393 224 4425 ι
273 4373 367 4427 τοῦ
399 4375 626 4448 Πατρὸς,
654 4378 740 4430 ἵνα
765 4378 942 4433 πάντα
983 4378 1048 4432 δι’
1079 4379 1244 4433 αὑτοῦ
1281 4381 1522 4452 γένηται·
1561 4382 1697 4452 μετά
1725 4381 1780 4434 δὲ

1887 3256 2012 3309 dum
2059 3257 2129 3310 ita
2165 3256 2418 3325 loquitur.
2447 3277 2466 3310 ι
2500 3256 2736 3316 Sanctus
2779 3261 2898 3317 ideo
2939 3264 3232 3333 apostolus,
3259 3275 3315 3321 et
3349 3267 3451 3320 Do-

1893 3365 1911 3398 ‹
1952 3349 2081 3401 mini
2112 3348 2410 3417 discipulus
2461 3349 2734 3419 Joannes,
2789 3354 2912 3408 dum
2967 3357 3288 3412 aeternitatis
3334 3358 3449 3426 ejus

1893 3457 1912 3490 ι
1961 3440 2288 3494 mentionem
2326 3440 2478 3507 facit,
2511 3444 2824 3500 verissimus
2849 3448 3013 3501 verbo
3041 3449 3193 3502 testis
3223 3449 3454 3505 adhibe-

1892 3549 1910 3581 ι
1960 3539 2066 3596 tur,
2105 3530 2173 3585 In
2204 3533 2483 3602 principio,
2511 3533 2783 3604 inquiens,
2811 3549 2923 3591 erat
2956 3536 3202 3606 Verbum,
3234 3551 3280 3594 et
3328 3540 3453 3595 Vera

1891 3643 1909 3675 ι
1959 3623 2078 3677 bum
2117 3624 2249 3678 illud
2305 3636 2417 3682 erat
2467 3632 2607 3698 apud
2659 3628 2848 3694 Deum,
2890 3641 2935 3684 et
2971 3631 3112 3686 Deus
3159 3644 3269 3688 erat
3324 3634 3452 3688 Ver-

1890 3734 1910 3768 ι
1956 3717 2077 3771 bum
2124 3719 2192 3772 ⁸⁵.
2221 3717 2490 3785 Nusquam
2535 3721 2901 3789 generationis
2928 3721 3092 3780 Verbi
3134 3726 3295 3781 isthic
3335 3742 3452 3782 me-

1890 3829 1909 3862 ι
1955 3811 2126 3864 minit.
2160 3829 2197 3863 ι.
2243 3810 2397 3866 Hunc
2424 3814 2490 3866 ad
2523 3815 2736 3869 modum
2770 3813 2964 3870 Filium
3017 3817 3108 3872 Dei
3149 3821 3445 3890 abnegans,

1886 3901 2118 3956 Verbum
2151 3917 2285 3956 vero
2318 3912 2562 3958 statuens
2595 3905 2646 3958 in
2685 3906 2790 3961 Deo
2824 3908 3115 3978 exsistens,
3158 3911 3451 3978 aliquando

1885 3990 2012 4045 illud
2063 3993 2207 4048 intus
2257 3993 2310 4047 in
2348 3994 2455 4049 Deo
2497 3995 2614 4049 vult
2658 4011 2800 4064 esse,
2857 3998 3125 4055 interdum
3157 4001 3234 4055 ait
3265 4017 3295 4056 e
3340 4002 3453 4059 Deo

1881 4084 2083 4152 egredi,
2123 4084 2388 4139 interdum
2426 4087 2491 4140 ad
2529 4086 2696 4142 Deum
2729 4103 3028 4157 recurrere,
3054 4092 3224 4162 ipsum
3251 4094 3449 4150 iterum

1881 4187 1936 4230 et
1967 4176 2018 4230 in
2050 4176 2160 4231 Deo
2205 4176 2350 4232 velut
2387 4186 2542 4233 antea
2591 4181 2847 4235 residere.
2896 4183 3032 4238 Audi
3086 4199 3216 4242 vero
3249 4188 3448 4257 quibus

1882 4269 2060 4324 verbis
2129 4269 2229 4324 hoc
2288 4269 2534 4326 aliirmet.
2596 4271 2706 4344 [Β.
2761 4272 2893 4343 Vill,
2939 4277 3064 4332 coll.
3131 4294 3183 4348 p.
3235 4279 3297 4334 M
3358 4278 3439 4352 C]

1887 4379 1912 4412 ι
1953 4362 2124 4417 Credo
2151 4372 2328 4417 autem
2371 4379 2469 4432 ego
2511 4380 2655 4420 nunc
2693 4365 2994 4436 Scripturis
3031 4368 3250 4436 divinis,
3303 4374 3449 4440 quod
3518 4389 3520 4392 '

203 4484 224 4516 ι
271 4465 364 4517 τὸν
417 4469 605 4538 καιρὸν
638 4469 735 4542 τῆς
788 4471 1043 4542 κρίσεως,
1091 4471 1186 4524 καὶ
1223 4473 1322 4542 τὴν
1363 4471 1472 4524 τῶν
1522 4473 1778 4526 ἁπάντων

1890 4473 1908 4506 ι
1956 4470 2093 4509 unus
2135 4455 2204 4510 sit
2251 4455 2390 4510 Deus
2436 4457 2742 4511 dicentibus
2778 4497 2794 4523 ,
2837 4468 2892 4512 et
2937 4458 3081 4528 quod
3137 4459 3228 4514 Dei
3290 4462 3450 4528 lmjus

204 4575 223 4606 ι
271 4556 574 4626 διόρθωσιν,
621 4561 714 4612 καὶ
755 4560 847 4613 τὸν
896 4562 1202 4633 ἀφανισμὸν
1248 4564 1346 4634 τῆς
1395 4564 1777 4635 ἀντικειμένης

203 4665 222 4696 ι
274 4645 494 4717 ἀπάσης
541 4650 846 4720 ἐνεργείας,
893 4651 1011 4704 τότε
1053 4653 1213 4715 αὐτὸς
1260 4654 1662 4723 ὑποταγήσεται
1700 4655 1778 4725 τῷ

203 4757 224 4788 ι
274 4739 602 4804 ὑποτάξαντι
635 4741 782 4812 αύτῷ
825 4743 894 4796 τὰ
937 4744 1114 4798 πάντα
1161 4744 1280 4815 Θεῷ
1323 4745 1418 4799 καὶ
1465 4747 1668 4817 Πατρίο
1712 4748 1776 4800 ἵν’

205 4849 224 4878 ε
269 4827 442 4892 οὕτως
527 4832 582 4883 ὲν
611 4831 688 4901 τῷ
717 4831 834 4903 Θεῷ
871 4836 899 4886 6
934 4835 1128 4903 Λόγος,
1167 4835 1356 4906 ὥσπερ
1387 4836 1482 4889 καὶ
1509 4837 1775 4909 πρότερον

203 4939 224 4972 ι
271 4916 343 4991 ἧν
378 4921 485 4994 πρὸ
531 4923 622 4975 τοῦ
650 4923 741 4978 τὸν
779 4925 981 4996 κόσμον
1016 4925 1187 4979 εἶναι·
1235 4927 1448 4992 οὐδενὸς
1477 4929 1585 4999 γὰρ
1626 4929 1776 4993 ὄντος

204 5033 224 5064 ι
274 5012 538 5085 πρότερον
576 5011 642 5085 ἦν
680 5015 772 5068 τοῦ
816 5017 950 5069 Θεοῦ
986 5017 1170 5088 μόνου,
1203 5017 1418 5072 πάντων
1453 5020 1509 5072 δὲ
1554 5019 1641 5072 διά
1681 5019 1775 5072 τοῦ

203 5125 224 5156 α
273 5106 448 5175 Λόγου
499 5107 742 5174 γίνεσθαι
799 5109 1119 5180 μελλόντων,
1193 5110 1464 5181 προῆλθεν
1530 5113 1559 5164 6
1603 5113 1775 5180 Λόγος

202 5217 225 5249 ε
271 5197 530 5269 δραστικῇ
559 5199 828 5272 ἐνεργείᾳ,
859 5193 1030 5268 Λόγος
1069 5200 1164 5254 τοῦ
1199 5202 1413 5272 Πατρὸς
1449 5200 1546 5259 ὥν.
1601 5222 1618 5253 ι
1667 5204 1776 5255 Καὶ

203 5287 366 5341 πάλιν
395 5288 494 5360 τὴν
542 5289 712 5362 αὐτὴν
752 5288 988 5343 διάνοιαν
1030 5289 1348 5361 λευκότερον
1388 5289 1622 5362 τίθησιν,
1673 5283 1774 5344 ὦδε

278 5406 338 5464 ›Ῑ‹
373 5399 469 5455 Ed.
493 5399 694 5468 Paris.,
723 5417 840 5472 pag.
874 5400 997 5458 112.

273 5490 322 5524 ⁸⁸
342 5484 469 5561 sap.
497 5509 616 5562 vm,
639 5493 728 5548 26.
803 5493 848 5526 ⁸³
872 5493 1028 5552 Joan.
1067 5511 1106 5564 ι,
1134 5496 1183 5551 1.

273 5604 351 5673 (5)
377 5602 550 5675 Vulgo
573 5607 668 5660 καὶ
705 5624 755 5660 τ.
793 5608 858 5662 II.

277 5675 357 5744 (6)
393 5675 561 5743 Vulgo
585 5677 614 5728 6
649 5676 718 5730 M.
747 5687 803 5732 et
834 5693 954 5734 mox
985 5681 1102 5742 ταῖς
1134 5680 1211 5735 δέ.

269 5744 348 5816 (Ῑὶ
388 5746 742 5815 Ἀκολούθως
783 5748 1102 5817 εἰρηκέναι.
1135 5751 1231 5807 Cui
1269 5749 1484 5809 tandem
1509 5751 1611 5808 hoc
1641 5750 1768 5805 ἀκό-

1892 4563 1911 4597 ι
1960 4545 2190 4600 Verbum
2219 4547 2484 4614 processit
2517 4547 2582 4601 de
2608 4547 2790 4613 Patre,
2836 4555 2894 4600 ut
2928 4547 3108 4601 omnia
3149 4562 3248 4618 per
3298 4550 3448 4603 illum

1891 4657 1911 4690 ι
1958 4639 2163 4694 tierent.
2200 4641 2268 4692 At
2301 4647 2421 4708 post
2459 4639 2647 4710 judicii
2704 4649 2916 4710 tempus
2959 4642 3340 4707 consummati,
3393 4651 3450 4697 et

1889 4751 1908 4784 ‹
1955 4732 2328 4786 universorum
2389 4731 2882 4798 restaurationem,
2959 4743 3014 4790 et
3078 4734 3447 4789 amolitionem

1889 4843 1906 4875 ι
1956 4825 2286 4893 operationis
2318 4822 2716 4894 cujuscunque:
2767 4824 2834 4878 ad
2870 4826 3177 4894 oppositum
3229 4832 3355 4880 tunc
3395 4833 3452 4880 et

1890 4935 1911 4968 ι
1955 4917 2077 4985 ipse
2115 4916 2427 4984 subjicietur
2457 4915 2591 4980 Deo,
2628 4915 2718 4984 qui
2775 4915 3008 4985 subjecit
3041 4916 3136 4986 ipsi
3173 4917 3450 4982 universa,

1889 5027 1917 5061 ις
1949 5018 2004 5062 ιιι
2029 5009 2280 5078 deinceps
2309 5007 2522 5062 futurus
2557 5009 2627 5064 sit
2672 5008 2850 5064 denuo
2883 5009 2936 5062 in
2973 5007 3082 5063 Deo
3119 5007 3280 5063 Patre
3317 5009 3451 5064 Ver-

1889 5119 1910 5151 ι
1953 5101 2096 5166 hum,
2127 5099 2582 5170 quemadmodum
2618 5099 2816 5166 fuerat,
2869 5100 3179 5168 priusquam
3219 5100 3450 5152 mundus

1885 5211 1906 5244 ι
1953 5195 2296 5247 conderetur.
2330 5191 2464 5246 Nam
2499 5207 2622 5245 cum
2672 5202 2870 5262 praeter
2902 5191 3070 5246 Deum
3115 5189 3250 5244 nihil
3293 5193 3451 5262 plane

1885 5303 1905 5337 ι
1947 5292 2208 5352 exstaret,
2256 5292 2311 5338 et
2361 5297 2457 5354 per
2496 5281 2732 5339 Verbum
2801 5294 2958 5339 erant
2999 5284 3180 5340 omnia
3240 5284 3446 5354 produ-

1884 5607 2107 5662 λουθονῐδ
2140 5608 2386 5662 humanae
2415 5609 2789 5678 generationi?
2844 5616 2990 5664 certe
3024 5608 3177 5664 deest
3223 5607 3448 5678 aliquid.

1881 5680 2011 5744 Quae
2037 5689 2360 5804 ιῖῗίιυιὲἰιιυν,
2394 5679 2644 5736 videntur
2687 5687 2936 5750 corrupta
2968 5694 3109 5748 esse,
3155 5693 3254 5735 nec
3299 5696 3328 5733 a
3366 5697 3451 5735 me

1881 5765 2045 5804 sanan
2087 5765 2138 5803 a.
2237 5787 2249 5802 .

1880 5765 2138 5806 sananua.
2181 5765 2249 5802 nl.
