3838 6222
410 366 517 424 915

1082 374 1354 430 ΕυδΕΒΙΙ
1386 371 1857 430 ΕτΕΞΑΒῐΕΝΞῙὸ
1895 374 2045 428 ()PP.
2087 374 2264 430 PARS
2302 375 2395 429 IV.
2430 408 2500 417 —
2538 344 2973 431 DOGMATIC'As

3568 378 3677 435 916

420 508 440 540 σ
485 493 683 557 cenda,
709 491 971 560 processit
998 505 1122 546 cum
1165 491 1432 549 eﬂ'ectuali
1471 492 1710 549 efficacia
1746 495 1978 549 Verbum

2098 494 2308 566 γράφων
2328 513 2340 525 ·
2385 514 2403 546 ι
2442 495 2555 565 Πρδ
2595 494 2702 565 γὰρ
2729 493 2823 546 τοῦ
2853 496 2944 548 τὸν
2973 493 3176 564 κόσμον
3214 490 3373 554 εἶναι,
3402 480 3531 567 ἦνίὸ
3564 496 3671 549 Λό-

354 602 367 609 ε
420 602 441 635 ι
487 585 630 654 quod
663 584 838 640 Patris
863 594 1003 639 erat.
1035 604 1054 637 ι
1091 586 1260 653 Quam
1295 587 1549 642 eamdem
1589 585 1805 641 demum
1853 602 1981 640 sen-

418 675 643 729 tentiam
670 672 1006 745 ,expressius
1085 680 1156 731 ita
1198 678 1375 746 posuit
1399 696 1417 731 τ
1449 676 1542 750 [Β.
1587 675 1721 744 LIV,
1754 678 1878 734 coll.
1914 678 1977 732 41

416 766 616 835 D,163
650 767 718 832 Α,
762 768 864 823 161
900 768 985 841 B.]
1025 787 1046 819 ι
1084 768 1220 824 Cum
1260 771 1494 824 nondum
1559 779 1706 824 esset
1751 770 1983 823 mundus

420 876 441 911 ι
487 858 598 924 bic,
635 858 869 915 Verbum
904 871 1021 916 erat
1051 863 1104 917 in
1136 862 1299 917 Patre
1326 878 1424 917 suo
1454 882 1468 918 :
1508 869 1567 928 ᾖ(
1606 872 1662 917 at
1707 877 1831 917 cum
1875 861 1985 915 Deo

420 969 439 1001 ι
485 951 845 1020 complaceret
888 954 1240 1022 omnipotenti
1283 970 1468 1011 creare
1511 956 1690 1011 omnia
1735 970 1860 1025 quae
1927 954 1984 1009 in

418 1060 443 1092 ι
487 1042 642 1097 οωιίε
667 1053 827 1098 erant
849 1053 905 1098 et
941 1044 995 1098 in
1023 1054 1187 1111 terra,
1232 1046 1298 1098 ad
1328 1047 1511 1100 mundi
1566 1047 1984 1115 productionem

421 1153 441 1184 ι
490 1135 868 1202 requirebatur
910 1137 1156 1205 operatio
1201 1136 1470 1192 eﬂectiva.
1529 1136 1598 1192 Et
1640 1155 1760 1193 cum
1791 1150 1987 1207 prater

423 1245 441 1277 ι
494 1227 661 1281 Deum
710 1227 885 1282 solum
937 1242 1042 1282 non
1095 1237 1339 1283 exstaret
1392 1230 1530 1285 alius
1577 1229 1724 1303 (nam
1771 1231 1840 1285 ab
1873 1233 1989 1301 ipso

421 1337 441 1368 ε
491 1319 663 1375 fuisse
694 1321 910 1375 condita
942 1320 1197 1374 universa
1231 1321 1287 1376 in
1321 1322 1572 1377 confesso
1606 1323 1842 1392 ponitur)
1875 1335 1987 1378 tum

422 1429 443 1460 ι
486 1413 788 1482 procedens
808 1409 1047 1466 Verbum
1083 1411 1234 1476 illud,
1264 1412 1404 1481 quod
1441 1414 1591 1482 prius
1640 1413 1987 1469 intellectuali

422 1522 445 1556 ι
494 1502 654 1559 modo
680 1503 824 1558 intus
865 1504 1081 1572 agebat.
1135 1506 1470 1572 comparavit
1498 1521 1556 1573 se
1585 1514 1646 1559 ut
1677 1506 1862 1561 mundi
1896 1506 1991 1561 [ie-

426 1613 446 1645 ι
495 1603 579 1649 ret
613 1595 883 1659 conditor,
917 1614 938 1647 ι
966 1594 1235 1650 subinfert
1259 1605 1440 1650 autem
1482 1606 1601 1666 post
1639 1597 1757 1652 haec
1808 1595 1991 1652 omnia

420 1684 665 1738 demum.
704 1701 727 1736 ί
760 1682 914 1738 Hanc
947 1683 1017 1737 ob
1058 1698 1299 1751 causam,
1358 1700 1465 1739 non
1513 1687 1748 1756 appellat
1791 1701 1851 1741 se
1895 1687 1989 1741 Dei

425 1794 444 1828 ι
490 1775 712 1840 Filium,
745 1776 837 1831 sed
867 1777 1065 1845 ubique
1105 1790 1165 1831 se
1195 1787 1351 1833 vocat
1394 1779 1562 1833 lilium
1620 1779 1899 1834 hominis:
1931 1789 1990 1833 ut

426 1886 445 1918 ε
489 1881 587 1936 per
615 1867 756 1922 hanc
779 1882 929 1923 suam
960 1867 1352 1923 confessionem
1392 1885 1515 1922 eum
1543 1872 1633 1940 qui
1661 1879 1779 1924 erat
1802 1872 1983 1939 homo,

426 1977 445 2005 ι
492 1974 589 2029 per
629 1959 1064 2013 communionem
1116 1973 1237 2014 cum
1271 1958 1452 2014 Verbo
1492 1961 1683 2015 Filium
1725 1962 1819 2016 Dei
1867 1977 1987 2018 esse

425 2071 445 2102 ο
493 2051 849 2120 disponeret:
882 2061 936 2106 et
963 2063 1340 2107 consummato
1368 2052 1469 2107 hoc
1515 2069 1616 2108 suo
1658 2070 1847 2124 opere,
1883 2056 1984 2110 ite-

426 2161 446 2195 σ
496 2159 614 2199 rum
644 2144 793 2213 ipse,
831 2143 980 2197 velut
1019 2143 1257 2198 Verbum
1287 2144 1607 2198 aduniretur
1637 2145 1750 2200 Deo
1778 2162 1794 2209 ;
1818 2146 1899 2200 sic
1931 2155 1990 2200 ut

425 2254 444 2287 ι
492 2235 810 2304 adimpleret
846 2235 973 2288 illud
1014 2236 1155 2303 quod
1183 2235 1473 2303 Apostolus
1504 2236 1741 2297 dicebat,
1768 2235 1916 2291 Tunc
1939 2248 1988 2292 et

426 2345 447 2378 ι
491 2329 602 2395 ipse
647 2326 956 2395 subjicielur
993 2337 1061 2389 et,
1098 2329 1189 2396 qui
1219 2328 1320 2395 ipsi
1361 2328 1542 2381 omnia
1595 2329 1815 2398 subjecit
1855 2329 1986 2394 Deo,

426 2436 447 2469 ι
487 2427 543 2471 ut
574 2418 642 2472 sit
678 2416 814 2470 Deus
847 2418 1023 2470 omnia
1051 2417 1105 2468 in
1128 2417 1366 2470 omnibus
1389 2416 1455 2469 ⁸⁸.
1489 2414 1642 2471 Tunc
1671 2427 1851 2472 autem
1874 2434 1991 2473 om-

425 2528 447 2559 s
489 2509 577 2564 nia
609 2511 759 2573 ﬁent,
792 2524 913 2578 qua:
940 2508 1091 2579 prius
1116 2507 1355 2562 fuerant.
1380 2527 1401 2561 ι
1434 2507 1561 2563 Haec
1583 2523 1703 2563 cum
1725 2509 1791 2563 de
1814 2508 1990 2564 Verbo

420 2599 709 2656 Marcellus
737 2584 1006 2656 edisset-at
1026 2637 1044 2666 ,
1076 2599 1168 2655 illo
1199 2600 1454 2654 nimirum
1486 2608 1708 2670 propter
1735 2601 1880 2668 quod
1911 2601 1991 2655 lo-

419 2694 569 2762 gicos
607 2693 746 2746 Deus
787 2691 1006 2758 dicitur,
1045 2691 1098 2745 in
1140 2692 1406 2747 maximas
1453 2692 1648 2748 incidit
1684 2694 1990 2761 angustias,

2090 606 2108 638 ι
2156 605 2250 656 γος
2284 588 2342 640 ἐν
2375 588 2453 659 τῷ
2483 589 2685 661 Πατρί·
2717 588 2807 642 ὅτε
2844 588 2901 641 δὲ
2935 587 3011 660 (8)
3039 590 3069 641 6
3102 587 3505 659 παντοκράτωρ
3537 586 3670 651 Θεὸς

2090 697 2109 729 ε
2157 679 2332 733 πάντα
2364 680 2435 734 τὰ
2475 695 2534 732 τε
2581 682 2639 733 ὲν
2687 679 2935 751 οὐρανοῖς
2984 678 3080 733 καὶ
3124 679 3217 731 ἐπὶ
3264 681 3368 749 γῆς
3403 678 3676 749 προέθετο

2092 787 2111 820 ι
2156 769 2401 839 ποιῆσαι,
2451 769 2732 841 ἐνεργείπ
2776 772 2809 841 ἡ
2858 767 2953 822 τοῦ
2991 769 3194 840 κόσμου
3235 768 3450 837 γένεσις
3496 768 3673 820 ἐδεῖτο

2092 879 2113 913 ι
2158 860 2487 934 δραστικῆς,
2531 863 2624 917 καὶ
2669 861 2755 916 διὰ
2786 860 2978 924 τοῦτο,
3015 860 3242 931 μηδενὸς
3281 859 3437 923 ὄντος
3475 858 3669 930 ἑτέρου

2094 971 2113 1004 ε
2159 953 2297 1025 πλὴν
2328 952 2465 1007 Θεοῦ
2514 954 2732 1026 (πάντα
2760 952 2870 1024 γὰρ
2896 952 3233 1024 ὁμολογεῖται
3261 951 3352 1004 ὑπ’
3376 950 3549 1004 αὐτοῦ
3572 967 3670 1019 γε-

2094 1063 2113 1095 (
2158 1045 2511 1117 γεννῆσθαι),
2551 1047 2670 1099 τότε
2704 1047 2732 1098 6
2765 1046 2967 1113 Λόγος,
2990 1041 3267 1115 προελθὼν
3312 1042 3527 1111 ἐγίνετο
3573 1041 3672 1096 τοῦ

2093 1154 2113 1188 ‹
2156 1136 2362 1208 κόσμου
2415 1138 2664 1208 ποιητὴς,
2715 1139 2745 1191 6
2796 1136 2890 1190 καὶ
2946 1136 3208 1208 πρότερον
3259 1135 3407 1189 ἔνδον
3459 1131 3673 1205 ventio;

2095 1248 2113 1281 ι
2159 1229 2464 1300 ἑτοιμὰζων
2493 1230 2675 1286 αὐτόν.
2713 1250 2733 1283 s
2767 1229 2877 1282 Καὶ
2906 1224 3063 1293 αὖθις
3099 1227 3236 1299 μετὰ
3268 1227 3446 1281 πάντα
3478 1224 3673 1295 ἐπιφέ-

2094 1335 2176 1389 ρει
2218 1319 2426 1389 λέγων·
2458 1339 2477 1372 ι
2524 1321 2636 1374 Καὶ
2671 1320 2759 1374 διὰ
2802 1319 2958 1374 τοῦτο
2986 1320 3085 1390 οὐχ
3113 1319 3243 1372 Υἰὸν
3288 1316 3422 1372 Θεοῦ
3474 1317 3671 1371 ἑαυτὸν

2095 1431 2113 1465 ι
2157 1412 2432 1483 ὀνομάζει,
2477 1412 2613 1467 ἀλλὰ
2651 1411 2927 1484 πανταχοῦ
2977 1412 3104 1466 Υἱὸν
3140 1410 3425 1483 ἀνθρώπου
3477 1408 3673 1464 ἑαυτὸν

2095 1524 2115 1557 ι
2160 1504 2309 1573 λέγει
2333 1522 2347 1535 ·
2382 1505 2469 1558 ἵνα
2508 1504 2597 1558 διὰ
2629 1505 2731 1574 τῆς
2760 1504 3018 1575 τοιαύτης
3066 1502 3357 1574 ὁμολογίας
3388 1501 3537 1555 θέσει
3578 1500 3674 1555 τὸν

2097 1614 2117 1649 ε
2159 1597 2443 1669 ἄνθρωπον
2498 1598 2586 1653 διὰ
2636 1599 2737 1668 τῆς
2790 1597 2927 1670 πρὸς
2979 1596 3140 1650 αὑτὸν
3199 1595 3488 1659 κοινωνίας
3540 1594 3675 1648 Υίὸν

2098 1709 2118 1742 ι
2164 1689 2298 1743 Θεοῦ
2331 1689 2585 1759 γενέσθαι
2620 1689 3018 1763 παρασκευάσῃ
3039 1707 3052 1720 ·
3103 1687 3198 1742 καὶ
3236 1688 3375 1757 μετὰ
3425 1685 3493 1740 τὸ
3517 1686 3675 1749 τέλος

2098 1803 2117 1834 «
2161 1784 2261 1855 τῆς
2298 1782 2549 1855 πράξεως
2593 1779 2778 1847 αὖθις,
2812 1783 2889 1847 ὡς
2942 1783 3145 1851 Λόγος,
3190 1780 3365 1851 ἑνωθῇ
3405 1779 3485 1849 τῷ
3527 1778 3683 1850 Θεῷ,

2093 1892 2111 1924 ι
2160 1872 2380 1944 πληρῶν
2410 1874 2585 1926 ἐκεῖνο
2624 1872 2686 1926 τὸ
2713 1872 2818 1925 ὑπὸ
2844 1870 2937 1925 τοῦ
2992 1870 3311 1924 Ἀποστόλου
3358 1870 3675 1941 εἰρημένον,

2093 1984 2112 2017 ι
2167 1966 2303 2020 Τότε
2331 1964 2513 2031 αὐτὸς
2538 1963 2981 2036 ὑποταγήσεται
3016 1964 3097 2030 τῷ
3118 1961 3485 2026 ὑποτάξαντι
3511 1959 3687 2026 αὑτῷ-

2094 2077 2112 2110 ι
2155 2057 2228 2111 τὰ
2253 2057 2469 2125 πάντα,
2496 2058 2597 2110 ἵνα
2618 2052 2660 2129 ᾖ
2686 2057 2758 2111 τὰ
2787 2057 2984 2110 πάντα
3012 2055 3111 2109 καὶ
3129 2055 3200 2109 ἐν
3222 2052 3414 2110 πᾶσιν
3437 2057 3472 2108 ὀ
3504 2055 3672 2120 Θεός.

2096 2166 2115 2199 ι
2165 2148 2358 2200 Ἔσται
2397 2147 2506 2219 γὰρ
2535 2145 2836 2217 τηνικαῦτα
2870 2145 3018 2200 τοῦθ’
3051 2146 3187 2209 ὅπερ
3229 2144 3494 2216 πρότερον
3520 2139 3615 2215 ἦν.
3651 2162 3672 2195 ι

2092 2238 2339 2291 Τοσαῦτα
2385 2236 2704 2307 Μάρκελλος
2751 2236 2879 2309 περὶ
2915 2234 3005 2290 τοῦ
3041 2235 3217 2304 Λόγου
3250 2233 3456 2300 εἰπὼν,
3486 2234 3585 2288 τοῦ
3620 2234 3681 2287 ὲν

2093 2328 2171 2399 τῷ
2210 2328 2350 2399 Θεῷ,
2396 2327 2516 2381 καθ’
2548 2327 2577 2381 ὃ
2606 2326 2836 2399 νοοῦμεν
2885 2328 3047 2381 αὐτὸν
3079 2326 3298 2393 λογικὸν
3328 2322 3500 2389 εἶναι,
3530 2324 3681 2395 δεινῇ

2095 2420 2371 2492 δυσχωρίᾳ
2392 2418 2798 2491 περιπέπτωκε,
2826 2418 3102 2490 τολμήσας
3126 2419 3282 2481 ἐκτὸς
3304 2417 3396 2471 τοῦ
3419 2415 3561 2470 Θεοῦ
3594 2432 3686 2483 γε-

2095 2511 2309 2578 γονέναι
2358 2511 2489 2564 ποτὲ
2546 2511 2710 2580 φάναι
2741 2511 2834 2565 τὸν
2874 2514 2931 2565 ὲν
2974 2509 3124 2582 αὐτῷ
3145 2510 3341 2580 Λόγον,
3377 2509 3475 2563 καὶ
3517 2508 3686 2561 πάλιν

2098 2602 2246 2666 ἐντὸς
2279 2602 2442 2655 αὑτοῦ
2474 2602 2611 2673 μετὰ
2639 2604 2727 2656 τὸν
2760 2603 2950 2676 καιρὸν
2982 2606 3082 2675 τῆς
3120 2603 3371 2675 κρίσεως·
3410 2602 3480 2654 ἶν’
3509 2600 3689 2662 οὕτως

2096 2690 2132 2768 ᾗ
2167 2697 2224 2749 ὲν
2253 2694 2331 2765 τῷ
2356 2694 2475 2768 Θεῷ
2506 2697 2725 2760 ἑνωθεὶς
2759 2692 2929 2768 αὐτῷ,
2955 2696 3145 2768 ὥσπερ
3172 2697 3267 2750 καὶ
3293 2695 3562 2767 πρότερον
3594 2689 3684 2765 ἦν.

421 2799 585 2839 ausus
617 2782 889 2837 aliirmare
921 2791 1078 2836 extra
1107 2781 1274 2836 Deum
1316 2782 1649 2851 processisse
1685 2782 1981 2852 aliquando
2020 2788 2112 2853 qui
2164 2785 2218 2840 iu
2255 2787 2367 2841 Deo
2403 2797 2523 2842 erat
2556 2788 2719 2856 logon
2758 2807 2770 2842 :
2804 2797 2861 2843 et
2920 2802 3111 2843 rursus
3170 2796 3293 2857 post
3320 2786 3515 2856 judicii
3544 2794 3690 2840 tem-

420 2894 523 2948 pus
582 2877 749 2932 Deum
780 2876 956 2932 denuo
1029 2876 1404 2946 ingressurum
1432 2895 1448 2930 :
1481 2884 1544 2930 ut
1611 2875 1685 2930 ita
1719 2876 1938 2930 demum
1981 2878 2239 2934 aduuitus
2280 2879 2390 2936 Deo
2429 2880 2711 2947 subsistat,
2761 2881 3223 2951 quemadmodum
3262 2888 3318 2934 et
3356 2877 3515 2949 prius
3541 2877 3683 2934 sub-

419 2971 657 3028 stiterat.
874 2978 879 2983 ’

1063 3063 1216 3117 CAP.
1253 3062 1343 3119 IX.

2760 3066 2919 3118 ΚΕΦ.
2962 3063 3044 3118 Θ’.

530 3157 806 3227 Refutatio
842 3171 1100 3224 perversa
1134 3156 1295 3224 hujus
1334 3155 1563 3210 hominis
1595 3156 1886 3210 sententia.

2266 3157 2555 3226 Ἔλεγχος
2589 3153 2700 3224 τῆς
2726 3156 2835 3208 τοῦ
2858 3154 3087 3223 ἀνδρὸς
3122 3151 3509 3219 κακοδοξίας.

493 3252 647 3307 Nunc
707 3252 925 3308 domum
987 3251 1055 3305 ad
1116 3249 1576 3320 interrogationes
1649 3252 1991 3320 respondeat.

2168 3248 2309 3320 Ὥρα
2344 3248 2523 3303 τοίνυν
2572 3246 2848 3317 ἐρωτῶσιν
2877 3247 3006 3317 ἡμῖν
3049 3243 3212 3297 αὑτὸν
3257 3245 3686 3315 ἀποκρίνασθαι.

421 3343 564 3411 Quid
602 3344 670 3398 de
705 3351 952 3412 tempore
977 3343 1302 3397 intermedio
1326 3343 1530 3397 sentire
1560 3342 1842 3407 debemus,
1871 3358 1992 3397 cum

2098 3339 2161 3393 Ti
2191 3335 2283 3394 οὖν
2312 3340 2369 3395 ὲν
2388 3339 2466 3411 τῷ
2495 3338 2696 3410 μεταξὺ
2727 3337 2923 3411 χρόνῳ,
2947 3337 3036 3390 ὅτε
3064 3337 3220 3401 ἐκτὸς
3243 3331 3312 3407 ἦν
3341 3337 3372 3389 6
3393 3336 3569 3405 Λόγος
3591 3332 3693 3389 τοῦ

418 3448 579 3493 extra
615 3436 784 3491 Deum
820 3444 968 3491 esset
1005 3435 1200 3506 logos?
1242 3434 1523 3502 Quomodo
1558 3435 1941 3505 egrediebatur
1973 3435 1993 3489 ’ἓ

2098 3432 2258 3497 Θεοῦ,
2290 3434 2559 3506 προσήκει
2581 3433 2756 3496 νοεῖν;
2786 3428 2910 3492 Πῶς
2940 3428 2999 3482 δὲ
3049 3428 3354 3500 προῆλθεν;
3408 3428 3499 3480 Ἐν
3522 3426 3692 3497 ὁποίᾳ

420 3530 524 3598 Qui
557 3538 729 3585 status
757 3529 852 3584 Dei
889 3528 1064 3583 fuerat
1103 3526 1315 3582 interea
1340 3527 1466 3582 dum
1508 3529 1666 3597 logon
1694 3529 1749 3582 in
1780 3542 1841 3583 se
1890 3529 1993 3582 sibi

2098 3523 2152 3577 δὲ
2178 3519 2245 3595 ἦν
2277 3523 2386 3594 ἄρα
2414 3523 2745 3577 καταστάσει
2778 3523 2806 3575 6
2835 3520 2989 3584 Θεὸς,
3017 3521 3091 3590 μὴ
3126 3519 3265 3590 ἔχων
3288 3520 3347 3573 ὲν
3381 3518 3568 3589 ἑαυτῷ
3594 3518 3693 3571 τὸν

418 3623 699 3694 proprium
732 3636 838 3676 non
868 3620 1139 3676 haberet?
1182 3620 1229 3675 si
1262 3620 1405 3674 enim
1448 3626 1571 3688 post
1621 3619 1808 3673 mundi
1861 3633 1996 3673 con-

421 3717 842 3772 summationem
869 3716 924 3770 in
967 3715 1078 3770 Deo
1104 3714 1213 3769 erit
1251 3714 1420 3784 logos.
1464 3713 1541 3767 uti
1590 3714 1741 3782 prius
1795 3713 1996 3781 fuerat,

421 3809 695 3877 quomodo
733 3808 839 3863 erit
874 3805 1054 3876 Logos
1090 3821 1121 3861 e
1151 3808 1261 3860 Deo
1284 3806 1588 3875 egressus?
1631 3806 1675 3859 si
1714 3808 1858 3859 enim
1900 3820 1998 3875 per

420 3914 482 3957 se
524 3900 834 3957 subsistens
880 3914 912 3953 a
972 3898 1082 3953 Deo
1140 3908 1262 3953 erat
1298 3899 1458 3963 alius,
1496 3908 1607 3952 tum
1655 3896 1999 3954 frustraneus

421 4000 511 4046 est
557 3992 736 4045 omnis
780 3989 1019 4045 Marcelli
1072 3988 1248 4045 labor.
1300 3986 1456 4057 ρυόά
1508 3990 1555 4044 si
1611 4000 1765 4044 extra
1826 3991 1996 4044 Deum

421 4085 678 4154 egresSus
716 4081 887 4153 logos,
930 4092 992 4137 ut
1013 4092 1258 4139 nostrum
1312 4083 1644 4153 prolatitium
1693 4085 1832 4138 solet
1869 4098 1997 4138 ver-

423 4175 576 4238 bum,
631 4183 783 4228 extra
845 4173 1014 4228 Deum
1073 4175 1451 4243 permanebat,
1500 4176 1845 4244 iuseparatus
1884 4184 1995 4228 tum

423 4274 576 4319 certe
622 4279 861 4334 semper,
905 4274 961 4319 et
1006 4265 1154 4319 omni
1199 4274 1445 4334 tempore
1501 4266 1666 4320 etiam
1719 4274 1833 4320 tum
1875 4281 1994 4320 cum

421 4365 764 4428 operaretur,
799 4368 919 4412 erat
962 4357 1110 4412 intus
1146 4357 1199 4410 in
1243 4358 1369 4420 Deo.
1406 4362 1465 4421 ᾖ
1491 4358 1644 4423 Quod
1684 4357 1729 4411 si
1769 4359 1872 4422 sic,
1907 4366 1995 4412 ta--

423 4458 548 4497 men
580 4443 838 4506 undetﬁt,
882 4453 939 4499 ut
969 4445 1021 4499 in
1062 4444 1203 4499 diem
1230 4442 1421 4511 iudicii
1452 4445 2003 4514 comperendinetur?

422 4536 502 4589 ait
533 4534 678 4590 enim
712 4546 839 4591 tunc
868 4538 978 4591 Deo
1028 4536 1177 4591 illum
1234 4538 1684 4603 readuniendum,
1715 4545 1772 4592 et
1812 4554 2001 4608 perpe-

426 4639 519 4684 tuo
550 4627 817 4693 futurum,
849 4630 989 4685 sicut
1018 4629 1150 4685 olim
1185 4630 1336 4699 prius
1374 4630 1477 4684 fuit
1505 4649 1518 4686 :
1573 4632 1670 4686 sed
1720 4645 1820 4685 nec
1849 4631 2002 4700 logos

423 4722 517 4792 qui
553 4723 622 4778 de
675 4723 784 4778 Deo
836 4724 1122 4792 processit,
1164 4724 1340 4794 qualis
1378 4733 1497 4779 erat
1546 4725 1715 4792 prius,
1765 4725 2002 4779 exstabit

427 4817 572 4882 talis,
601 4818 695 4873 sed
729 4826 786 4873 et
820 4819 962 4873 Deus
995 4821 1078 4874 sui
1115 4821 1287 4890 ipsius
1313 4821 1598 4877 dissimilis
1631 4820 1847 4878 futurus
1872 4833 1955 4877 est
1982 4840 1998 4876 :

424 4919 616 4981 utpote
646 4909 737 4979 qui
765 4910 896 4964 olim
943 4911 1106 4981 logon
1161 4927 1326 4967 suum
1372 4914 1425 4967 in
1472 4927 1533 4968 se
1567 4913 1824 4980 habebat,
1851 4922 1905 4968 et
1946 4915 1999 4967 in

425 5002 532 5057 ﬁne
566 5002 750 5056 mundi
791 5004 1043 5058 eumdem
1070 5015 1467 5074 resumpturus,
1508 5015 1563 5061 et
1586 5007 1801 5061 futurus
1824 5007 2004 5076 qualis

424 5093 552 5146 olim
581 5096 734 5160 prius
759 5093 979 5149 fuerat:
1009 5097 1219 5151 interea
1262 5099 1524 5167 temporis
1558 5098 1900 5153 dissimiliter
1944 5113 2003 5152 se

429 5185 737 5241 habiturus.
786 5185 893 5240 Sed
920 5195 977 5240 et
1012 5185 1164 5257 logos
1192 5188 1257 5241 ad
1289 5189 1539 5244 eumdem
1590 5189 1807 5243 modum
1844 5198 1997 5241 extra

428 5275 597 5331 Deum
628 5278 862 5346 positus,
897 5292 1004 5334 non
1039 5278 1253 5334 futurus
1275 5291 1361 5335 est
1402 5282 1471 5343 is,
1513 5281 1606 5349 qui
1642 5281 1794 5349 prius
1828 5281 2005 5333 fuerat

423 5379 551 5422 ante
599 5371 784 5424 mundi
839 5373 1382 5426 consummationem.
1441 5372 1667 5442 Ecquid,
1728 5372 1878 5427 hisce
1930 5371 2004 5423 ila

500 5488 560 5547 Et
589 5484 690 5541 Ed.
713 5483 915 5549 Paris.,
944 5501 1097 5558 pagg.
1132 5488 1252 5555 115,
1284 5490 1405 5546 114.

495 5575 542 5607 ⁵⁸
569 5574 588 5628 1
618 5575 744 5630 Cor.
775 5600 869 5643 xv,
895 5577 987 5633 28.

502 5668 579 5736 (8)
613 5668 784 5739 Vulgo
803 5671 883 5742 τῷ
918 5672 1262 5741 παντοκράτο
1358 5670 1479 5740 Θεῷ
1503 5679 1559 5725 et
1583 5669 1684 5740 τὴν
1725 5687 1822 5742 πρ.
1842 5670 2004 5724 αὐτὸν

502 5737 715 5792 ινωνίαν
748 5750 804 5795 et
832 5743 952 5795 loco
978 5741 1229 5795 πράξεως
1358 5742 1591 5795 κρίσεως
1621 5742 1816 5795 etdein
1849 5741 2004 5795 vulgo

384 5788 387 5791 λ
430 5737 804 5879 κρινωνὲλανεῐ
832 5737 952 5798 loco
978 5737 1229 5811 πράξεως
1261 5737 1323 5795 ll.
1358 5737 1591 5812 κρίσεως
1621 5737 1816 5798 ἑιόθῖιι
1849 5741 2006 5810 vulgo

430 5825 602 5870 ουτως
662 5826 711 5861 ν.

430 5825 602 5870 ουτως
624 5825 711 5870 ην.

2100 3619 2299 3670 οἰκεῖον
2331 3615 2613 3684 Λόγονςεὶ
2641 3613 2750 3687 γὰρ
2781 3614 2872 3667 ἐπὶ
2908 3612 2985 3685 (9)
3032 3611 3314 3684 συντελείᾳ
3343 3611 3439 3665 τοῦ
3486 3610 3692 3675 παντὸς

2100 3709 2251 3763 ἔσται
2286 3711 2315 3763 ὁ
2357 3710 2527 3778 Λόγος
2551 3710 2610 3761 ὲν
2640 3705 2718 3777 τῷ
2765 3706 2903 3778 Θεῷ,
2938 3705 3128 3778 ὥσπερ
3176 3707 3273 3759 καὶ
3323 3705 3595 3776 πρότερον
3621 3700 3694 3775 ἦν

2099 3804 2206 3876 πρὸ
2239 3801 2332 3856 τοῦ
2357 3819 2553 3873 καιρου
2584 3802 2682 3872 τῆς
2705 3800 3036 3864 συντελείας,
3068 3799 3186 3862 πῶς
3213 3799 3366 3852 ἔσται
3393 3800 3423 3852 ὁ
3450 3798 3629 3866 Λόγος
3660 3798 3697 3849 ὁ

2101 3893 2376 3966 προελθὼν
2391 3894 2486 3947 τοῦ
2508 3892 2641 3946 Θεοῦ
2664 3909 2683 3959 ;
2703 3893 2769 3945 Εἰ
2790 3893 2888 3963 μὲν
2900 3893 3027 3965 γὰρ,
3061 3891 3182 3945 καθ’
3208 3891 3398 3944 ἑαυτὸν
3417 3887 3692 3960 ὑφεστὼς,

2100 3989 2286 4059 ἕτερος
2313 3989 2560 4056 ἐγίγνετο
2588 3986 2682 4039 τοῦ
2707 3985 2868 4050 Θεοῦ,
2896 3985 3125 4055 μάταιος
3150 3985 3177 4037 6
3206 3983 3534 4054 Μαρκέλλου
3591 3982 3695 4034 πό-

2101 4096 2191 4142 νος
2214 4095 2227 4107 ·
2258 4080 2309 4131 εί
2332 4078 2410 4141 δὲ,
2444 4076 2537 4131 καὶ
2570 4073 2850 4145 προελθὼν
2866 4071 2960 4127 τοῦ
2988 4072 3148 4137 Θεοῦ,
3190 4073 3331 4127 κατὰ
3361 4073 3455 4126 τὸν
3482 4075 3541 4127 ὲν
3558 4075 3693 4143 ἡμῖν

2103 4170 2435 4242 προφορικὸν
2465 4168 2643 4237 λόγον,
2661 4167 2821 4238 ἔμενε
2847 4164 2942 4219 τοῦ
2972 4164 3187 4238 Πατρδς
3212 4163 3540 4235 ἀχώριστος,
3558 4166 3693 4219 οὑκ-

2106 4264 2202 4318 οῦν
2242 4265 2329 4317 ἀεὶ
2364 4263 2459 4317 καὶ
2487 4261 2576 4315 διὰ
2611 4260 2811 4324 παντὸς
2829 4255 2897 4331 ἦν
2923 4260 2981 4311 ἐν
3013 4258 3093 4329 τῷ
3124 4256 3265 4328 Θεῷ.
3292 4258 3389 4310 καὶ
3417 4258 3511 4311 ὅτε
3535 4258 3696 4330 ἐνήρ-

2103 4376 2211 4428 γει.
2239 4356 2363 4420 Πῶς
2387 4352 2479 4409 οὖν
2503 4357 2583 4418 εἰς
2611 4354 2703 4407 τὸν
2729 4353 2830 4423 τῆς
2862 4352 3095 4423 κρίσεως
3126 4349 3443 4420 ἀναπέμπει
3474 4349 3693 4420 καιρὸν,

2106 4449 2228 4502 τότε
2257 4447 2433 4517 λέγων
2463 4447 2627 4501 αὐτὸν
2670 4443 3038 4516 ἑνωθήσεσθαι
3065 4442 3144 4513 τῷ
3182 4440 3321 4513 Θεῷ,
3344 4441 3441 4494 καὶ
3466 4440 3692 4495 ἔσεσθαι

2108 4541 2297 4612 ὥσπερ
2322 4541 2417 4594 καὶ
2452 4540 2714 4611 πρότερον
2751 4533 2854 4609 ἦν;
2885 4537 2947 4589 Εἰ
2969 4537 3079 4609 γὰρ
3106 4535 3228 4589 τότε
3255 4533 3410 4587 ἔσται
3445 4532 3562 4604 (10)
3588 4533 3694 4587 ὦσ-

2111 4651 2219 4704 περ
2247 4633 2340 4687 καὶ
2370 4632 2634 4704 πρότερον
2664 4626 2752 4701 ἦν,
2787 4629 2912 4684 οὒτε
2948 4632 2977 4682 ὀ
2998 4628 3193 4697 Λόγος,
3220 4629 3247 4680 6
3289 4625 3574 4696 προελθὼν
3599 4625 3693 4679 τοῦ

2106 4725 2262 4791 Θεοῦ,
2293 4726 2475 4787 ὁποῖος
2504 4719 2572 4795 ἧν
2599 4722 2884 4794 πρότερον,
2913 4719 3165 4793 ὑπάρξει.
3202 4718 3362 4773 Ἀλλὰ
3389 4720 3488 4773 καὶ
3534 4718 3695 4781 αὐτὸς

2101 4818 2130 4869 ὁ
2164 4815 2294 4879 Θεὸς
2337 4814 2490 4867 ἐσται
2541 4810 2718 4881 ἑαυτῷ
2772 4810 3046 4881 ἀνόμοιος,
3080 4807 3246 4863 πάλαι
3293 4806 3393 4876 μὲν
3439 4806 3584 4876 ἔχων
3637 4808 3699 4858 ἐν

2104 4905 2283 4975 ἑαυτῷ
2302 4906 2391 4958 τὸν
2421 4903 2617 4971 Λόγον,
2650 4902 2746 4955 καὶ
2773 4902 2866 4954 ὲπὶ
2893 4898 3171 4971 συντελείᾳ
3195 4896 3290 4951 τοῦ
3320 4896 3525 4960 παντὸς
3562 4896 3696 4950 ἁπο-

2106 4997 2412 5068 ληψὸμενος
2476 4994 2660 5060 αὑτὸν,
2697 4991 2794 5047 καὶ
2849 4991 3133 5062 γινόμενος
3174 4989 3318 5043 τότε.
3363 4988 3478 5059 (11)
3506 4988 3694 5058 ὥσπερ

2107 5089 2492 5159 καὶπρότερον
2533 5083 2631 5157 ἦν’
2669 5088 2727 5139 ὲν
2762 5085 2822 5138 δὲ
2852 5082 2930 5154 τῷ
2966 5082 3169 5154 μεταξὺ
3206 5079 3383 5151 χρόνῳ
3425 5078 3697 5149 ἀνομοίως

2108 5183 2378 5253 κείμενος.
2405 5181 2515 5235 Καὶ
2555 5180 2583 5232 6
2615 5178 2788 5247 Λόγος
2830 5177 2887 5231 δὲ
2919 5173 3200 5238 ὡσαύτως,
3229 5172 3389 5235 ἐκτὸς
3419 5171 3518 5225 τοῦ
3559 5167 3695 5224 Θεοῦ

2109 5273 2419 5343 γενόμενος,
2453 5271 2553 5323 οὐκ
2572 5268 2722 5321 ἔσται
2751 5267 2858 5338 πρὸ
2888 5267 2986 5339 τῆς
3015 5263 3323 5326 συντελείας
3347 5262 3441 5316 τοῦ
3473 5260 3695 5323 παντὸς,

2112 5360 2222 5427 οἷος
2249 5359 2316 5433 ἦν
2347 5361 2629 5433 πρότερον.
2675 5358 2787 5410 Καὶ
2821 5357 2906 5421 τίς
2935 5355 3001 5410 ἂν
3034 5354 3239 5408 τούτων
3269 5352 3696 5422 δυσσεὸέστερος

2188 5664 2263 5736 (9)
2291 5664 2461 5732 Vulgo
2481 5666 2567 5736 11L
2583 5679 2730 5715 συντ.
2751 5672 2808 5717 et
2837 5676 2962 5719 mox
2988 5660 3082 5714 καὶ
3114 5658 3175 5711 τὺ
3210 5655 3502 5728 πρότερον.

2185 5733 2296 5801 (10)
2333 5736 2499 5804 Vulgo
2534 5733 2695 5787 ὥστε.

2187 5810 2294 5878 (ll)
2334 5805 2441 5876 Mp.
2466 5804 2537 5857 ἴσ.
2569 5804 2757 5872 ὅσπερ.
