3838 6222
227 299 335 356 917

1155 295 1247 354 DE
1283 293 1821 354 ECCLESIASTlCA
1860 293 2254 353 THEOLOGIA
2289 293 2418 350 LIB.
2460 292 2525 350 II.

3387 291 3490 349 9l8

230 412 430 483 γένοιτ’
462 411 529 466 ἂν
570 410 763 480 λόγος;
797 408 973 474 ’Ὀλως
1021 408 1129 480 γάρ
1160 408 1223 463 τὸ
1251 404 1345 482 ἦν,
1391 409 1486 463 καὶ
1542 410 1605 461 τὸ
1648 407 1812 466 ἔσται.

1930 410 2139 480 positis.
2184 409 2356 477 magis
2388 407 2609 476 impium
2635 403 2832 476 poterit
2864 404 3028 460 esse?
3057 402 3290 461 Omnino
3322 406 3490 471 enim,

232 506 329 561 καὶ
348 504 413 558 τὸ
452 502 757 573 γεγονέναι,
804 502 934 556 ποτέ
968 503 1063 556 καὶ
1094 501 1280 566 πάλιν,
1306 502 1541 574 μέλλειν,
1573 500 1813 564 ἔσεσθαι,

229 596 337 667 τῆς
368 596 427 650 ἐν
478 594 658 665 χρόνῳ
689 590 995 665 μεταδολῆς
1042 591 1172 647 ὄντα
1210 591 1505 664 δηλωτικὰ,
1561 590 1817 664 ἀλλότρια

232 687 304 742 ἂν
322 687 407 759 εῐη
440 687 543 757 τῆς
566 685 797 758 ἀχρόνου
846 686 940 739 καὶ
973 684 1212 755 άνάρχου
1258 684 1354 741 καὶ
1400 685 1694 755 ἀγεννήτου
1723 684 1817 738 καὶ

231 776 595 833 ἀναλλοιώτου
616 772 833 841 οὐσίας.
862 764 976 846 Ἐφ’
996 772 1087 849 ἦς,
1105 777 1167 830 τδ
1180 772 1320 830 εἶναι
1342 776 1500 847 μόνον
1524 776 1816 848 ἐπιπρέπει

233 873 378 924 νοεῖν
395 887 411 901 ο
445 870 541 924 καὶ
568 865 707 924 εἶναι
738 868 1169 940 ἀπαραλλάκτως
1209 870 1296 923 ἀεὶ
1323 868 1434 939 (12)
1452 868 1596 924 κατά
1623 869 1692 923 τά
1720 870 1817 924 αὖ*

232 963 331 1029 τὰ,
369 962 463 1017 καὶ
483 962 744 1024 ὡσαύτως
764 960 1011 1033 ἔχουσαν,
1044 961 1124 1033 μὴ
1151 960 1499 1033 μειουμένην,
1515 961 1590 1034 μὴ
1606 959 1819 1014 συστελ-

236 1054 495 1126 λομένην,
532 1052 608 1125 μὴ
661 1053 1068 1125 ἐκτεινομένην,
1114 1053 1190 1125 μὴ
1232 1052 1661 1125 ἐξαπλουμένην,
1693 1052 1814 1125 μηδ’

234 1145 397 1208 ἐκτός
418 1162 472 1198 τι
493 1145 585 1199 καὶ
611 1145 763 1210 ἐντὸς
787 1146 988 1215 ἑαυτῆς
1019 1143 1263 1214 ἔχουσαν,
1285 1144 1407 1215 μηδ’
1420 1142 1606 1198 ἄλλοτε
1651 1143 1816 1216 ἄλλην

234 1238 592 1309 γιγνομένην,
645 1238 766 1310 μηδ’
798 1239 984 1310 ἕτερον
1019 1238 1119 1309 μὲν
1161 1232 1328 1291 οὖσαν
1360 1237 1648 1309 πρότερον,
1698 1235 1815 1293 εἶτα

233 1329 371 1384 ἄλλο
396 1347 454 1383 τι
485 1329 837 1402 γιγνομένην,
866 1330 963 1384 καὶ
1000 1330 1161 1383 πάλιν
1201 1330 1282 1392 εἰς
1328 1329 1390 1383 τὸ
1426 1331 1651 1401 ἀρχαῖον
1682 1331 1818 1384 ἀπο-

236 1420 671 1493 καθισταμένην.
705 1424 772 1477 ’Λ
792 1421 856 1493 δὴ
884 1421 1202 1493 Μάρκελλος
1228 1421 1428 1492 ἐτόλμα
1467 1420 1815 1477 ὑποτίθεσθαι

238 1511 411 1566 πάλαι
438 1513 537 1584 μὲν
569 1512 747 1582 λέγων
791 1508 931 1565 εἶναι
965 1512 1055 1566 τὸν
1090 1511 1245 1578 Θεὸν,
1286 1512 1379 1566 καί
1423 1530 1546 1567 τινα
1586 1513 1816 1585 ἡσυχίαν

232 1603 359 1673 ἅμα
386 1602 465 1675 τῷ
495 1603 616 1675 Θεῷ
660 1604 995 1677 ὑπογράφων
1043 1602 1220 1673 ἐαυτῷ
1252 1605 1371 1657 κατ’
1414 1604 1574 1660 αὐτὸν
1610 1608 1816 1659 ἐκεῖνον

230 1697 330 1751 τὸν
350 1699 458 1753 τῶν
487 1698 662 1754 ἀθέων
700 1699 1037 1770 αίρεσιωτῶν
1083 1699 1345 1771 ἀρχηγὸν,
1373 1698 1431 1762 ὃς
1463 1698 1531 1751 τὰ
1562 1697 1696 1753 ἄθεα
1726 1698 1815 1752 δο-

231 1785 518 1855 γματίζων
561 1787 895 1857 ἀπεφαίνετο
935 1787 1140 1858 λέγων·
1174 1784 1298 1842 τΗνο
1324 1787 1456 1851 Θεὸς
1501 1788 1598 1841 καὶ
1644 1788 1811 1858 Σιγήσ

235 1876 381 1946 μετὰ
402 1876 460 1930 δὲ
479 1876 579 1948 τὴν
603 1876 768 1949 Σιγὴν
789 1878 882 1932 καὶ
902 1877 999 1950 τὴν
1017 1878 1273 1950 Ἦσυχίαν
1301 1878 1581 1952 προελθεῖν
1612 1880 1704 1934 τὸν
1718 1880 1817 1935 Λό-

231 1984 336 2036 γον
362 1968 458 2022 τοῦ
499 1968 635 2024 Θεοῦ
683 1973 743 2023 ἐν
791 1969 932 2041 ἀρχῇ
988 1971 1086 2041 τῆς
1140 1970 1498 2042 κοσμοποιίας
1549 1971 1813 2043 δραστικῇ

229 2060 488 2132 ἐνεργείᾳ
507 2078 520 2093 ⁸
555 2061 632 2125 ὡς
663 2061 854 2133 μηκέτ’
876 2058 1014 2116 εἶναι
1041 2064 1203 2117 αὑτὸν
1236 2058 1346 2129 οἷος
1367 2060 1435 2136 ἦν
1458 2066 1518 2119 ἐν
1541 2065 1815 2120 σιωπῶντι

227 2149 321 2221 τῷ
351 2151 473 2223 Θεῷ
503 2154 768 2225 πρότερον
799 2153 1108 2227 ἡσυχάζων,
1138 2155 1252 2210 ἀλλ’
1272 2157 1515 2228 ἐνεργεῖν
1550 2158 1816 2230 προερχό-

232 2257 402 2310 μενον
434 2241 530 2296 τοῦ
573 2242 732 2300 Θεοῦ.
770 2246 882 2299 Καὶ
923 2246 1041 2309 πῶς
1062 2246 1172 2318 ἀρα
1211 2247 1437 2318 προῄει;
1466 2248 1689 2312 Πάντως
1714 2266 1815 2302 που

228 2331 381 2387 κατά
407 2336 687 2405 προφορὰν
712 2337 895 2409 φωνῆς
920 2336 1183 2409 ἐνάρθρου
1204 2356 1217 2371 ·
1251 2338 1622 2410 φθεγγομένου
1653 2340 1817 2411 δηλα-

225 2419 303 2491 ὃὴ
336 2425 432 2478 καὶ
458 2423 748 2490 λαλοῦντος
769 2427 864 2481 τοῦ
897 2428 1032 2482 Θεοῦ
1059 2429 1262 2500 ὁμοίως
1293 2430 1619 2501 ἀνθρώποις.
1648 2432 1817 2485 Τοῦτο

225 2515 370 2583 γοῦν
391 2518 484 2573 καὶ
518 2518 669 2591 αὐτῷ
710 2520 890 2575 ἐδόκει
913 2523 1178 2594 γράφοντι
1209 2521 1400 2577 τοῦτον
1443 2524 1535 2578 τὸν
1580 2525 1779 2596 τρόπον
1798 2542 1811 2557 ο

231 2622 255 2657 ε
286 2606 498 2680 Ὠσπερ
521 2608 631 2681 γάρ
658 2612 726 2666 τά
755 2613 1020 2681 γεγονότα
1035 2613 1212 2670 πάντα
1236 2616 1342 2669 ὑπὸ
1366 2614 1463 2669 τοῦ
1486 2616 1698 2687 Πατρὸς
1728 2615 1817 2671 διά

229 2716 258 2754 ι
285 2698 383 2753 τοῦ
417 2700 593 2770 Λόγου
625 2702 868 2773 γέγονεν,
898 2703 1044 2758 οὕτω
1069 2705 1253 2762 καὶτὰ
1281 2705 1546 2779 λεγόμενα
1578 2707 1684 2760 ὑπὸ
1720 2706 1814 2762 τοῦ

232 2809 256 2842 ι
290 2790 504 2863 Πατρδς
553 2792 641 2849 διά
691 2793 786 2848 τοῦ
814 2795 987 2865 Λόγου
1050 2797 1394 2869 σημαίνεται.
1431 2818 1452 2852 s
1484 2800 1595 2854 Καὶ
1627 2794 1813 2864 αὖθις

232 2901 257 2936 ‹
292 2883 479 2940 Πάντα
523 2884 633 2957 γὰρ
659 2886 759 2941 ὅσα
781 2886 847 2941 ἂν
870 2890 902 2945 ό
927 2888 1117 2961 Πατὴρ
1155 2888 1311 2962 λέγῃ,
1335 2889 1511 2946 ταῦτα
1542 2890 1816 2962 πανταχοῦ

232 2993 260 3027 ι
294 2973 384 3029 διά
409 2974 506 3029 τοῦ
523 2978 698 3046 Λόγου
726 2978 902 3048 λέγων
932 2980 1201 3050 φαίνεται.
1225 2982 1396 3037 Τοῦτο
1423 2982 1483 3037 δὲ
1510 2982 1667 3054 δῆλόν
1700 2986 1816 3039 ἐστι

1928 511 2072 568 erat,
2115 502 2244 567 erit,
2274 498 2517 555 futurum
2547 506 2649 564 est,
2687 498 2994 567 aliquando,
3025 498 3244 566 iterum,
3277 500 3490 554 contin-

1918 608 2072 663 gens,
2126 601 2183 649 et
2231 607 2353 663 qua:
2399 602 2526 648 sunt
2558 591 2876 647 mutationis
2925 590 3122 645 indicia
3156 589 3210 645 in
3252 599 3493 660 tempore

1920 686 2105 755 factm,
2146 687 2324 743 aliena
2371 694 2500 743 sunt
2542 699 2771 758 prorsus
2815 701 2844 738 a
2895 684 3199 740 substantia
3246 682 3335 739 illa
3374 698 3493 754 qua:

1917 791 2002 834 est
2063 779 2181 834 sine
2242 786 2509 850 tempore,
2567 775 2859 847 principio,
2904 773 3276 844 generatione,
3318 785 3493 829 muta-

1922 872 2085 926 tione.
2124 870 2199 926 De
2230 885 2338 941 qua
2374 869 2551 926 solum
2581 867 2715 925 Esse
2746 866 3089 936 cogitandum
3115 874 3200 922 est
3234 876 3328 934 ;et
3357 865 3493 919 Esse

1922 964 2143 1033 quidem
2209 962 2642 1020 immutabiliter.
2683 960 2858 1028 Quam
2905 959 3154 1015 eamdem
3201 967 3258 1015 et
3300 958 3488 1014 eodem

1918 1058 2077 1113 modo
2113 1071 2174 1113 se
2226 1057 2519 1114 habentem
2566 1056 2827 1113 debemus
2864 1056 3192 1124 cogitatione
3241 1065 3489 1124 compre-

1918 1150 2200 1205 hendere:
2255 1164 2363 1205 non
2403 1148 2767 1216 imminutam,
2812 1165 2919 1205 non
2975 1154 3327 1210 eoat-elatam,
3383 1158 3489 1200 nou

1918 1239 2221 1305 dilatatam,
2258 1254 2367 1295 non
2408 1253 2727 1311 expensam,
2767 1240 2905 1296 nihil
2931 1249 3088 1295 extra
3134 1253 3193 1294 se
3226 1236 3311 1292 vel
3350 1237 3488 1290 intra

1917 1344 1976 1385 se
2012 1330 2417 1398 continentem;
2460 1345 2565 1386 non
2592 1331 2733 1386 banc
2758 1331 2940 1397 modo,
2967 1328 3126 1384 modo
3170 1325 3315 1382 illam
3334 1338 3490 1380 com-

1918 1428 2241 1490 parantem:
2275 1430 2526 1476 neutram
2554 1430 2942 1490 permanenter
2969 1436 2984 1474 :
3016 1419 3109 1474 sed
3153 1417 3421 1471 diversam
3461 1432 3490 1466 ει

1918 1527 1979 1567 se
2006 1510 2177 1581 priori
2206 1532 2216 1566 :
2251 1520 2306 1567 et
2346 1526 2536 1567 rursus
2567 1512 2620 1566 in
2653 1521 2856 1566 statum
2899 1509 3049 1564 illum
3077 1508 3310 1579 priorem
3335 1520 3491 1561 revo-

1916 1603 2108 1658 lutam.
2140 1603 2269 1660 Haec
2313 1618 2622 1674 supponere
2648 1612 2834 1659 tamen
2873 1617 3037 1657 ausus
3074 1609 3157 1656 est
3185 1597 3490 1665 Marcellus,

1919 1697 2119 1766 quippe
2149 1695 2239 1765 qui
2270 1696 2401 1752 olim
2452 1695 2529 1749 ait
2576 1694 2746 1749 Deum
2795 1694 3114 1751 exstitisse:
3166 1698 3223 1747 et
3253 1691 3491 1762 quietem

1918 1788 2210 1857 quamdam
2241 1786 2408 1843 altam
2445 1787 2587 1857 apud
2615 1786 2785 1841 Deum
2817 1786 3181 1857 imaginatur:
3216 1786 3281 1840 ad
3313 1784 3493 1840 imita-

1922 1879 2122 1935 tionem
2158 1879 2307 1934 illius
2355 1878 2736 1934 bzeresiarclne
2770 1878 2918 1948 impii
2962 1892 3084 1933 sese
3122 1876 3492 1939 conformans,

1916 1971 2009 2042 qui
2034 1970 2343 2043 blasphema
2382 1971 2688 2027 istiusmodi
2733 1970 3117 2043 dogmatizavit
3147 1989 3171 2030 :.
3201 1977 3321 2025 erat
3350 1966 3496 2024 Deus

1917 2073 1973 2120 et
2012 2064 2159 2134 Sige.
2192 2063 2327 2119 Post
2371 2063 2537 2135 Sigea
2590 2073 2648 2121 et
2685 2062 2990 2136 llesycbian
3037 2063 3375 2135 processisse
3418 2063 3496 2119 ait

1918 2155 2124 2228 Logou,
2157 2157 2211 2212 in
2239 2157 2507 2226 principio
2536 2156 2866 2213 conditionis
2902 2157 3121 2224 mundi,
3140 2172 3262 2212 cum
3296 2171 3492 2228 opera-

1918 2249 2067 2304 tione
2092 2247 2336 2304 eﬂicaci:
2378 2249 2448 2304 ita
2474 2258 2533 2304 ut
2558 2262 2666 2305 non
2695 2256 2858 2316 esset,
2893 2247 3068 2319 qualis
3098 2256 3219 2303 erat
3248 2248 3400 2320 prius
3439 2249 3490 2302 iu

1919 2340 2026 2397 Deo
2064 2342 2476 2412 conquiescenti
2509 2341 2801 2410 quiescens
2847 2342 2983 2411 ipse,
3034 2343 3128 2395 sed
3172 2355 3491 2412 progressus

1915 2434 2081 2488 clleo
2106 2444 2442 2503 operaretur.
2493 2433 2559 2488 Et
2586 2448 2694 2503 quo
2748 2434 2913 2488 modo
2964 2433 3181 2488 tandem
3228 2434 3494 2504 processit

1918 2525 2079 2580 inde?
2102 2523 2334 2583 Omnino
2363 2541 2459 2595 per
2487 2526 2846 2596 prolationem
2879 2525 3163 2596 cujusdam
3195 2524 3495 2581 articulate:

1915 2618 2086 2682 Vocis,
2125 2628 2452 2688 personante
2490 2616 2750 2672 nimirum
2792 2628 2846 2673 et
2887 2617 3241 2688 proluquente
3270 2618 3379 2672 Deo
3426 2618 3503 2673 ad,

1920 2709 2135 2764 modum
2186 2709 2436 2765 humanae
2485 2708 2732 2778 loquelae.
2774 2709 2847 2764 lta
2889 2708 3033 2763 enim
3063 2708 3137 2763 illi
3171 2709 3341 2763 visunt
3377 2720 3487 2775 est,

1916 2804 2042 2859 dum
2070 2801 2143 2857 ita
2172 2802 2437 2858 scriberet
2479 2821 2494 2858 :
2548 2800 2640 2874 [Β.
2683 2800 2772 2856 LV
2822 2802 2971 2869 coll.,
3037 2818 3092 2873 p.
3123 2802 3193 2857 55
3229 2803 3294 2870 Ι),
3334 2801 3400 2857 79
3429 2802 3493 2867 Β,

1918 2892 2024 2947 125
2053 2891 2141 2964 Bl.
2190 2911 2209 2945 ι
2252 2892 2716 2959 Quemadmodum
2743 2893 2883 2948 facta
2914 2894 3094 2949 omnia
3129 2910 3158 2947 a
3188 2893 3371 2958 Patre,
3399 2909 3495 2965 per

1921 3002 1942 3035 ι
1992 2981 2226 3039 Verbum
2283 2980 2434 3037 facta
2469 2991 2636 3038 sunt:
2671 2982 2747 3039 ita
2783 2991 2838 3038 et
2867 2982 3012 3038 dicta
3056 2983 3237 3039 omnia
3262 2998 3291 3037 a
3334 2984 3495 3040 Patre

238 3083 261 3118 ι
305 3068 399 3121 καὶ
429 3068 523 3138 ἀφ’
550 3068 708 3141 ημῶν
733 3069 933 3137 αὐτῶν,
958 3072 1066 3127 ὅσα
1098 3071 1270 3145 μικρά
1301 3076 1416 3138 τοῖς
1444 3075 1699 3145 μεγάλοις
1721 3077 1812 3130 καὶ

1924 3092 1942 3127 ι
1988 3089 2085 3143 per
2123 3073 2356 3130 Verbum
2390 3072 2794 3143 signiﬁcantur.
2833 3094 2853 3127 ι
2883 3074 2949 3131 Et
2977 3076 3211 3131 iterum:
3239 3074 3331 3147 [1⁷1.
3360 3074 3492 3141 LVI,

230 3178 259 3212 ι
303 3158 466 3226 θείοις
500 3162 819 3219 ἀπεικάσαιο
843 3163 939 3218 καὶ
965 3166 1128 3236 ἡμεῖς
1155 3164 1265 3237 γὰρ
1289 3166 1465 3221 πάντα
1491 3167 1591 3221 ὅσα
1621 3166 1686 3222 ἂν
1720 3167 1809 3223 θέ-

232 3271 257 3307 s
292 3253 473 3326 λωμεν
491 3256 634 3311 κατὰ
647 3257 708 3311 τὸ
726 3256 951 3312 δυνατὸν
970 3257 1160 3327 λέγειν·
1171 3276 1232 3312 τε
1252 3259 1346 3313 καὶ
1367 3262 1558 3326 ποιεῖν,
1578 3259 1657 3331 τῷ
1674 3261 1707 3332 ἡ
1714 3278 1812 3332 με-

233 3364 259 3399 c
290 3345 436 3418 τὲρῳ
458 3346 718 3418 ποιοῦμεν
743 3348 1088 3422 λόγῳ.›Είδὴ
1117 3347 1210 3405 οὖν
1237 3350 1452 3414 οῦτωςό
1473 3351 1644 3421 Λόγος
1680 3370 1812 3425 προ-

226 3436 367 3509 ἦλθε
387 3439 480 3493 τοῦ
505 3440 717 3513 Πατρός
744 3442 1002 3514 δραστικῇ
1029 3445 1298 3516 ἐνεργείᾳ,
1320 3444 1483 3499 πόθεν
1505 3446 1812 3519 Μαρκέλλῳ

228 3528 440 3600 ἐπῆλθε
466 3531 774 3603 περιορίσαι
803 3533 992 3603 χρόνον
1016 3537 1083 3606 τῇ
1108 3534 1204 3587 τοῦ
1234 3535 1406 3604 Λόγου
1440 3536 1707 3610 ἐνεργείᾳ,
1720 3536 1811 3591 τὸν

227 3620 337 3691 τῆς
364 3621 671 3686 συντελείας
693 3622 814 3676 καθ’
847 3624 905 3677 ὃν
944 3624 1164 3679 ἔσεσθαι
1198 3626 1396 3696 φάσκει
1428 3628 1518 3682 τὸν
1551 3629 1721 3698 Λόγον
1753 3630 1811 3684 ἐν

227 3712 317 3783 τῷ
347 3713 488 3785 Θεῷ,
516 3713 704 3787 ὥσπερ
732 3716 827 3790 καὶ
856 3718 1120 3790 πρότερον
1161 3714 1261 3791 ira;
1303 3721 1571 3792 Πρότερον
1595 3721 1652 3775 δὲ
1678 3724 1812 3794 ησυ-

228 3805 469 3877 χάζοντα
503 3807 666 3861 αὑτὸν
700 3807 866 3861 ἐδίδου
908 3811 966 3863 ἐν
996 3811 1270 3866 σιωπῶντι
1303 3812 1382 3884 τῷ
1411 3812 1549 3884 Θεῷ.
1601 3814 1810 3869 Οὐκοῦν

228 3898 332 3951 καὶ
384 3898 524 3971 μετά
563 3900 663 3973 τὴν
697 3902 1004 3957 συντέλειαν
1053 3906 1257 3977 ἡσυχία
1296 3924 1382 3971 τις
1429 3906 1600 3972 ἔσται,
1646 3908 1810 3979 μηδὲν

232 3990 521 4061 μέλλοντος
553 3993 799 4064 ἐνεργεῖν.
811 3994 905 4048 τοῦ
924 3996 1118 4065 Λόγου.
1155 3996 1316 4051 Ἀλλά
1332 3999 1443 4071 πρὸ
1462 4000 1560 4070 μὲν
1577 4001 1672 4072 τῆς
1704 4000 1811 4055 τῶν

225 4079 477 4153 γενητῶν
510 4081 821 4147 συστάσεως
852 4084 1004 4137 οὐδὲν
1041 4080 1131 4156 ἦν,
1170 4088 1323 4158 φησὶ,
1359 4087 1497 4160 πλὴν
1522 4089 1678 4144 Θεοῦ.
1701 4091 1811 4144 Καὶ

226 4171 357 4227 ἐπεὶ
383 4173 550 4245 μηδὲν
567 4170 659 4245 ἦν,
692 4175 916 4240 εἰκότως
941 4175 1117 4247 ἐαυτῷ
1135 4176 1232 4249 τὴν
1247 4180 1477 4251 ἡσυχίαν
1510 4181 1770 4235 ὲτυποῦτο
1793 4200 1805 4212 ·

227 4264 377 4319 κατά
413 4266 471 4319 δὲ
514 4267 607 4321 τὸν
650 4269 749 4339 τῆς
784 4269 1097 4333 συντελείας
1142 4271 1336 4342 καιρὸν
1379 4273 1578 4345 Δανιὴλ
1610 4276 1638 4328 ὁ
1679 4292 1810 4347 προ-

229 4356 413 4427 φήτης
442 4358 548 4429 πρὸ
579 4358 677 4413 τοῦ
724 4359 917 4431 θρόνου
959 4359 1053 4414 τοῦ
1097 4360 1233 4415 Θεοῦ
1274 4364 1545 4434 μυριάδας
1591 4364 1808 4419 ἔσεσθαι

1916 3165 2039 3223 coll.
2065 3182 2121 3236 p.
2145 3166 2214 3221 4-0
2243 3167 2305 3232 Β,
2332 3167 2433 3223 118
2459 3164 2549 3239 8.]
2598 3184 2617 3220 ι
2635 3163 2830 3222 Omnia
2861 3183 3199 3239 quaecunque
3217 3166 3380 3222 Pater
3411 3168 3495 3222 di-

1923 3277 1943 3312 ι
1989 3259 2085 3326 cit,
2104 3274 2165 3314 ea
2185 3272 2399 3328 semper
2420 3268 2473 3313 et
2508 3259 2707 3329 ubique
2731 3274 2827 3329 per
2843 3258 3079 3314 Verbum
3110 3258 3486 3315 declarantur:

1924 3368 1942 3402 ι
1988 3350 2131 3420 quod
2154 3358 2208 3404 et
2229 3364 2259 3403 a
2286 3348 2440 3405 nobis
2474 3350 2604 3418 ipsis
2643 3351 2780 3405 satis
2812 3350 3005 3419 liquet,
3044 3351 3312 3420 siquidem
3342 3350 3495 3405 hisce

1922 3458 1942 3493 ι
1986 3438 2169 3509 parvis
2185 3453 2377 3508 magna
2403 3438 2630 3495 liceatet
2655 3439 2835 3495 divina
2863 3455 3202 3511 comparare.
3230 3440 3493 3496 Nosenim

1923 3552 1942 3585 ι
1986 3547 2048 3588 ea
2063 3531 2247 3589 omnia
2261 3547 2381 3603 quae
2396 3534 2928 3603 volumus,quantum
2942 3533 3159 3603 quidem
3181 3548 3491 3603 possumus.

1922 3644 1942 3678 ι
1988 3635 2044 3681 et
2076 3623 2305 3680 facimus
2339 3633 2395 3679 et
2422 3624 2650 3680 dicimus
2706 3622 3014 3680 ministerio
3059 3624 3207 3679 verbi
3232 3626 3426 3680 nostri.
3468 3642 3487 3678 ι

1922 3723 1981 3782 >14
2014 3718 2170 3785 Quod
2200 3716 2244 3771 si
2278 3716 2345 3774 ad
2381 3716 2526 3771 hunc
2552 3714 2771 3769 modum
2804 3729 2903 3785 per
2931 3713 3231 3771 etiicaciam
3264 3730 3498 3787 operan-

1920 3823 2025 3866 tem
2076 3808 2339 3879 processit
2369 3807 2437 3862 de
2485 3804 2651 3861 Patre
2685 3804 2940 3873 Verbum,
2981 3807 3124 3862 unde
3176 3822 3495 3879 progressus

1916 3914 1997 3961 est
2027 3901 2332 3968 Marcellus,
2390 3900 2456 3954 ad
2484 3898 3047 3955 circumscribendum
3090 3899 3254 3954 Verbi
3299 3914 3494 3968 opera-

1921 3998 2120 4053 tionem
2178 4004 2420 4065 tempore
2490 3991 2723 4062 quodam
2786 3992 3170 4059 determinato,
3232 3993 3493 4048 nimirum

1920 4085 2106 4140 mundi
2141 4080 2653 4140 consummatione?
2686 4079 2913 4146 Quando
2940 4081 3178 4137 futurum
3214 4094 3317 4149 est,
3351 4084 3494 4154 quod

1917 4178 2170 4242 atﬁrmat,
2217 4185 2275 4231 ut
2330 4175 2562 4231 Verbum
2612 4174 2755 4230 intra
2791 4172 2957 4228 Deum
2997 4176 3275 4238 subsistat,
3306 4186 3498 4248 quent-

1918 4271 2208 4326 admodum
2248 4270 2537 4339 aliquando
2592 4270 2960 4328 subsistebat?
2984 4270 3287 4339 Aliquando
3313 4281 3494 4326 autem

1917 4367 2290 4433 quiescentem
2327 4365 2511 4436 Logou
2539 4367 2710 4435 illum,
2734 4367 2786 4423 in
2815 4366 3122 4437 quiescenti
3145 4363 3310 4419 Patre
3339 4363 3495 4420 nobis

227 4454 479 4520 θεσπίζει
509 4454 713 4525 λέγων’
748 4458 944 4511 Χίλιαι
971 4456 1239 4527 χιλιάδες
1256 4459 1677 4529 ἐλειτούργουν
1700 4462 1808 4514 αὐ-

1919 4456 2085 4511 dedit.
2125 4455 2224 4520 lta,
2248 4466 2307 4511 ut
2343 4459 2585 4525 videtur,
2610 4466 2731 4528 post
2757 4456 2942 4512 mundi
2973 4454 3494 4511 consummationem

226 4547 335 4614 τῷ,
360 4548 457 4601 καὶ
481 4549 684 4619 μύριαι
699 4546 988 4617 μυριάδες
1019 4547 1131 4618 (15)
1166 4548 1688 4617 παρειστήκεισαν
1713 4550 1813 4621 ἐμ-

226 4642 496 4708 προσθεν
517 4640 724 4695 αὐτοῦ.
751 4640 959 4705 Πάντες
983 4641 1153 4713 δήπου
1184 4643 1277 4694 καὶ
1318 4643 1365 4694 οί
1395 4644 1499 4695 υἱοὶ
1538 4640 1632 4695 τοῦ
1680 4630 1809 4714 μέλ-

224 4732 412 4797 λοντος
437 4732 630 4798 αἰῶνος
661 4734 781 4786 τότε
820 4732 1063 4786 ἔσονται*
1104 4734 1166 4787 αῖ
1206 4751 1265 4787 τε
1320 4735 1587 4807 μακάριαι
1640 4735 1817 4805 ψυχαὶ

227 4825 606 4897 πατριαρχῶν,
641 4827 735 4880 καὶ
762 4826 1075 4899 προφητῶν,
1104 4827 1196 4881 καὶ
1224 4827 1567 4894 ἀποστόλων,
1588 4828 1721 4897 ἅγιά
1750 4844 1809 4881 τε

226 4917 515 4989 πνεύματα
546 4920 866 4991 μαρτύρωνο
918 4921 1095 4977 πάντα
1126 4941 1186 4977 τε
1229 4921 1476 4993 πρόϐατα
1506 4920 1599 4974 τοῦ
1625 4921 1807 4992 Σωτῆο

228 5028 324 5084 ρος
373 5011 549 5084 ἡμῶν,
584 5012 653 5067 τά
699 5015 763 5067 ἐκ
810 5000 996 5083 δεξιῶν
1027 5015 1192 5070 αὐτοῦ
1243 5015 1552 5087 στησόμενά
1598 5032 1657 5068 τε
1713 5016 1808 5068 καὶ

224 5104 599 5170 ἀκουσόμενα’
653 5106 830 5161 Δεῦτε
881 5111 936 5161 ol
984 5109 1377 5179 εὐλογημένοι
1434 5107 1540 5161 τοῦ
1582 5108 1812 5175 Πατρός

223 5211 373 5264 μου,
402 5196 898 5267 κληρονομήσατε
920 5197 1037 5267 τὴν
1071 5198 1525 5269 ἡτοιμασμένην
1548 5198 1689 5267 ὑμῖν
1708 5199 1816 5263 βαρ

227 5287 472 5341 videtur
500 5289 616 5342 ἀ.τό
638 5289 973 5359 καταϐολῆς
992 5290 1105 5363 (14)
1135 5292 1387 5361 κόσμου.
1407 5290 1688 5344 Τοσούτων
1707 5290 1816 5344 τοί-

306 5399 491 5473 ᾧβιί.
525 5399 723 5457 Paris..
752 5416 871 5473 pag.
930 5402 1052 5458 115.

300 5470 344 5502 ⁸⁷
377 5468 512 5526 Dan.
547 5488 641 5536 vn,
680 5468 766 5526 1οζ

304 5563 425 5688 (11⁵)Ι
451 5563 620 5629 Vulgo
652 5568 746 5621 καὶ
777 5565 863 5620 τά.
899 5565 1017 5621 Mox
1036 5566 1201 5636 vulgo
1216 5567 1364 5621 deest
1384 5568 1470 5690 pix
1492 5568 1805 5639 ἐκτεινομέ-

304 5651 349 5687 ν.
430 5650 495 5688 ox
520 5637 678 5690 vulao
712 5637 1003 5690 μηδέτερον
1047 5638 1310 5690 μένουσαν
1332 5646 1385 5690 et
1407 5641 1427 5658 "
1611 5642 1686 5690 Ad
1718 5657 1801 5690 se-

226 5651 349 5703 νην.
379 5637 495 5708 Mox
520 5637 678 5708 yulgo
710 5637 1003 5708 μηδέτερον
1045 5638 1310 5708 μένουσαν
1332 5646 1385 5691 et
1407 5637 1470 5690 'A
1611 5642 1686 5692 Ad
1714 5637 1801 5694 sc-

227 5706 444 5775 quentia
482 5705 553 5762 cf.
588 5705 822 5763 l‘carsmt
870 5705 1023 5761 Vind.
1047 5705 1245 5777 'Iguut.
1276 5706 1329 5760 ‘2.
1370 5723 1419 5777 p.
1455 5709 1542 5764 51.

1917 4550 2153 4618 quietem
2202 4551 2417 4616 statuit,
2448 4566 2570 4606 cum
2618 4549 2755 4604 nihil
2805 4548 3039 4604 Verbum
3071 4548 3325 4617 deinceps
3362 4560 3493 4615 ope-

1920 4643 2151 4700 rabitur.
2204 4641 2423 4697 Atenim
2468 4650 2596 4696 ante
2636 4641 2824 4696 mundi
2858 4639 3324 4705 constitutionem,
3358 4639 3493 4693 nihil

1915 4744 2034 4789 erat
2066 4750 2289 4803 prorsus
2321 4744 2520 4805 praeter
2546 4735 2736 4801 Deum,
2768 4734 2996 4804 inquiet.
3028 4731 3096 4787 Et
3124 4734 3340 4803 quando
3370 4732 3492 4801 qui-

1914 4826 2035 4881 dem
2063 4826 2193 4882 nihil
2232 4836 2373 4892 erat,
2395 4828 2518 4895 jure
2563 4827 2763 4883 merito
2790 4827 2867 4881 illi
2896 4827 3137 4897 quietem
3169 4825 3491 4893 assignavit.

1916 4916 2031 4975 lam
2084 4920 2136 4973 in
2172 4930 2414 4989 tempore
2456 4920 2945 4975 consummationis
2989 4918 3176 4972 Daniel
3229 4918 3493 4988 propheta

1917 5020 2042 5067 ante
2076 5013 2325 5066 thronum
2362 5011 2457 5067 Dei
2496 5011 2811 5067 constitisse
2841 5012 3074 5066 aliirmat
3117 5010 3493 5066 innumerabi-

1916 5106 2019 5161 lem
2048 5105 2365 5176 angelorum
2411 5104 2811 5159 multitudinem
2841 5119 2851 5153 :
2888 5104 3065 5159 Millia
3108 5104 3356 5167 millium,
3394 5102 3489 5169 ait,

1920 5198 2296 5253 ministrabant
2340 5196 2465 5250 illi:
2496 5208 2543 5251 et
2579 5198 2750 5251 decies
2804 5197 2995 5251 millies
3049 5206 3265 5250 centena
3324 5194 3491 5248 millia

1926 5289 2239 5344 assistebant
2266 5290 2337 5344 ei.
2368 5287 2644 5344 Iudicium
2688 5290 2843 5356 sedit,
2872 5299 2916 5343 et
2942 5289 3067 5343 libri
3094 5289 3261 5359 aperti
3291 5286 3491 5345 sunt".

2013 5568 2093 5636 15)
2129 5566 2295 5631 Vulgo
2325 5583 2566 5637 προειστ.

2013 5569 2093 5636 15)
2129 5569 2295 5631 Vulgo
2325 5583 2494 5637 προειτ

1985 5569 2096 5711 ill)
2132 5637 2296 5709 Vulgo
2324 5636 2416 5693 τοῦ
2442 5654 2494 5690 κ.
