3838 6222
425 315 530 373 919

1141 312 1409 371 EUSEBII
1447 313 1927 371 CESARIENSIS
1963 312 2114 370 OPP.
2154 311 2333 370 PARS
2370 310 2462 367 1V.
2497 308 3025 377 —DOGMATICA.\

3552 299 3655 358 ηε

428 431 535 485 Sed
567 437 622 484 et
667 438 794 486 tunc
835 438 1100 500 praeterea
1144 428 1403 498 temporis
1450 429 1750 484 consistent
1799 441 1981 482 omnes

2093 442 2187 477 vuv
2224 425 2498 495 ἐσομένων
2535 423 2626 478 καὶ
2671 423 2936 476 ἀθάνατον
2979 418 3124 489 ζωὴν
3168 413 3483 488 ζησομένων
3518 415 3653 485 μετὰ

429 520 503 573 illi
548 519 644 573 ﬁlii
689 520 856 574 futuri
899 519 1104 574 saeculi.
1155 517 1334 573 Beate
1383 518 1836 587 patriarcharum,
1868 532 1990 586 pro-

428 611 709 676 phetarum
747 619 802 665 et
825 609 1192 678 apostolorum
1222 609 1416 663 anima!
1435 647 1450 672 ,
1483 608 1706 676 spiritus
1737 607 1812 660 illi
1842 621 1989 660 mar-

429 711 606 769 tyrum
631 700 826 754 sancti.
850 697 1050 754 Omnes
1072 713 1288 768 quoque
1308 697 1614 752 Servatoris
1637 697 1806 752 nostri
1835 711 1989 761 oves,

429 803 550 858 quae
594 803 623 841 a
669 789 878 843 dextris
928 789 1098 857 ipsius
1147 789 1462 842 constitutae
1489 787 1752 841 audient:
1787 785 1987 850 Venite,

427 880 684 934 benedicti
710 881 891 934 Patris
921 881 1045 945 mei,
1076 881 1334 949 possidete
1382 894 1598 948 regnum
1635 890 1990 946 purpuratum

425 972 568 1025 vobis
612 988 646 1024 a
677 972 836 1042 jactis
875 971 1057 1024 mundi
1094 971 1450 1040 fundamentis
1471 969 1538 1020 ⁸⁸.
1570 970 1833 1034 Quocirca
1865 984 1988 1022 cum

425 1062 512 1115 vel
562 1070 682 1130 post
729 1061 918 1130 jndicii
967 1071 1197 1130 tempus,
1245 1072 1424 1116 tantus
1478 1075 1736 1114 numerus
1798 1073 1989 1114 eorum

428 1153 643 1208 futurus
682 1163 784 1219 est,
839 1154 929 1224 qui
975 1153 1172 1208 victuri
1221 1162 1349 1206 sunt
1397 1153 1562 1204 vitam
1603 1151 1986 1218 immortalem,

425 1245 552 1313 quid
587 1259 764 1300 causa:
803 1246 1023 1299 subesse
1074 1244 1294 1312 poterit,
1324 1257 1423 1296 cur
1460 1255 1570 1294 non
1598 1248 1651 1295 et
1680 1249 1788 1293 tum
1824 1241 1986 1294 etiam

425 1337 518 1390 Dei
551 1336 784 1391 Verbum
818 1336 1111 1405 operetur?
1141 1333 1293 1388 Unde
1321 1333 1478 1387 scivit
1505 1331 1805 1398 Marcellus,
1843 1333 1986 1401 quod

425 1439 764 1494 nequaquam
808 1435 918 1478 tum
952 1433 1170 1479 sanctos
1199 1439 1325 1478 suos
1364 1424 1506 1477 Deus
1535 1421 1607 1476 sit
1635 1422 1984 1486 allocuturus,

426 1530 598 1587 neque
622 1516 803 1571 Verbo
845 1529 944 1568 suo
992 1531 1187 1569 usurus
1220 1515 1472 1570 ell‘ectivo
1500 1558 1516 1582 ,
1546 1515 1640 1568 sed
1671 1517 1811 1583 quod
1841 1512 1988 1566 futu-

426 1622 542 1660 rum
579 1606 650 1660 sit
682 1606 735 1660 in
773 1607 882 1661 Deo
932 1605 1186 1670 Verbum,
1233 1606 1684 1674 quemadmodum
1733 1613 1788 1657 et
1837 1603 1987 1672 prius

424 1698 622 1761 fuerat,
674 1700 897 1752 omnino
936 1697 1329 1766 conquiescens
1357 1708 1410 1752 et
1435 1696 1845 1752 conticescens?
1872 1694 1986 1749 Hoc

419 1789 565 1842 enim
591 1788 862 1844 multoties
891 1788 1178 1842 aﬂirmavit
1199 1785 1387 1844 dicens
1416 1806 1428 1840 :
1467 1807 1485 1839 ι
1514 1789 1667 1842 Tunc
1687 1789 1791 1842 erit
1827 1787 1982 1851 illud,

426 1898 449 1930 e
493 1881 636 1950 quod
681 1889 735 1936 et
785 1880 933 1950 prius
965 1880 1328 1935 fuerat:erat
1375 1891 1556 1933 autem
1608 1879 1778 1944 prius,
1828 1887 1886 1930 ut
1928 1886 1983 1932 et

424 1989 446 2024 ι
495 1972 608 2040 ipse
637 1986 851 2041 quoque
881 1969 1108 2025 aﬂirmat
1137 1973 1189 2026 in
1222 1973 1422 2041 quiete.
1464 1971 1806 2025 Conticescet
1851 1984 1982 2039 ergo

425 2083 445 2115 ‹
491 2064 659 2128 Deus,
689 2080 787 2134 per
809 2063 943 2119 illud
975 2074 1204 2135 tempus,
1230 2064 1320 2134 qui
1354 2064 1508 2132 prius
1539 2063 1717 2116 fuerat
1747 2062 1977 2126 locutus,

424 2173 445 2206 ι
488 2165 544 2210 et
577 2171 706 2211 usus
755 2171 852 2211 suo
883 2157 1060 2222 Verbo
1109 2157 1409 2224 operativo.
1441 2155 1510 2208 At
1548 2164 1677 2208 tunc
1725 2166 1820 2222 per
1852 2168 1977 2220 pro-

425 2265 445 2298 ι
491 2247 713 2302 missum
743 2247 874 2301 illud
908 2247 1170 2303 caelorum
1195 2261 1440 2317 regnum,
1473 2245 1696 2315 proprio
1720 2261 1818 2300 suo
1847 2242 1982 2298 Ver-

2091 515 2182 568 τὸν
2207 516 2305 586 τῆς
2338 514 2569 587 κρίσεως
2619 514 2830 586 καιρὸν,
2864 511 2951 564 διὰ
2978 511 3031 562 τί
3074 509 3148 580 μὴ
3189 508 3472 577 ἐνεργήσει
3503 507 3532 558 6
3557 503 3650 558 τοῦ

2090 605 2224 658 Θεοῦ
2260 605 2430 674 Λόγος
2465 606 2558 660 καὶ
2581 606 2732 669 me;
2766 603 2933 658 Πόθεν
2975 601 3033 655 δὲ
3065 599 3365 670 Μαρκέλλῳ
3410 596 3648 667 παρέστη

2090 699 2493 769 ἀποφήνασθαι,
2518 700 2600 751 ὅτι
2631 699 2730 750 οὐκ
2767 697 2846 750 ἔτι
2872 695 3095 766 λαλήσει
3130 694 3244 756 τοῖς
3266 691 3445 758 ἁγίοις
3474 691 3504 742 6
3524 687 3650 751 Θεὸς

2089 790 2230 853 τότε,
2261 789 2380 844 οὐδὲ
2421 794 2681 860 χρήσεται
2728 787 2934 858 ὲνεργῷ
2965 785 3044 856 τῷ
3095 782 3261 838 αὐτοῦ
3307 781 3486 851 Λόγῳ,
3537 779 3654 831 ἀλλ’

2090 880 2263 945 ἔσται,
2284 881 2361 942 ὼς
2387 883 2480 935 καὶ
2509 881 2772 952 πρότερον
2803 875 2891 950 ἦν,
2925 879 2983 930 ὲν
3012 876 3178 946 αὐτῷ,
3208 873 3426 927 σιωπῶν
3452 871 3648 941 δηλαδὴ

2090 973 2183 1023 καὶ
2207 972 2526 1042 ἡσυχάζων;
2561 971 2729 1024 Τοῦτο
2761 972 2868 1042 γὰρ
2900 970 3134 1038 παρίστη
3175 967 3432 1029 πολλάκις
3461 963 3648 1028 εἰπὼν,

2088 1063 2208 1116 τότε
2238 1062 2456 1116 ἔσεσθαι
2503 1063 2662 1116 αὐτὸν
2683 1064 2758 1126 ὡς
2790 1062 3164 1132 καὶπρότερον
3203 1054 3272 1129 ἦν
3296 1075 3310 1087 ⁸
3334 1053 3403 1128 ἦν
3430 1055 3485 1107 δὲ
3519 1053 3651 1124 πρό-

2087 1170 2263 1226 τερον,
2298 1155 2372 1218 ὡς
2400 1155 2559 1218 αὐτὸς
2592 1154 2716 1225 ἔφη,
2741 1155 2799 1206 ὲν
2836 1152 3049 1223 ἡσυχίᾳ.
3096 1150 3304 1204 Οὐκοῦν
3340 1145 3652 1217 ἀποσιωπήιέ

2089 1261 2173 1296 σει
2200 1245 2320 1298 τότε
2350 1247 2378 1297 ὁ
2415 1243 2568 1308 Θεὸς,
2619 1245 2727 1315 πρὸ
2756 1245 2944 1297 τούτου
2976 1242 3074 1311 μὲν
3109 1241 3304 1303 λαλῶν,
3333 1237 3525 1307 καὶτῷ
3552 1236 3652 1288 Λό-

2087 1353 2169 1406 γῳ
2195 1336 2475 1406 χρώμενος
2501 1335 2729 1406 ἐνεργῷ,
2756 1335 2878 1388 τότε
2932 1335 2990 1388 δέ
3029 1335 3147 1388 κατ’
3192 1333 3360 1401 αὐτὴν
3409 1330 3520 1401 (15)
3552 1328 3650 1398 τὴν

2087 1426 2497 1497 ἐπηγγελμένην
2526 1425 2795 1495 βασιλείαν
2825 1425 3066 1496 οὐρανῶν
3101 1423 3195 1477 τοῦ
3231 1423 3434 1476 οίκείου
3477 1420 3649 1487 Λόγου

2088 1516 2180 1570 καὶ
2208 1517 2308 1585 τῆς
2329 1518 2388 1568 ἐν
2425 1517 2573 1588 αὑτῷ
2596 1517 2782 1586 σοφίας
2818 1515 3133 1586 ἀποστερῶν
3153 1517 3279 1576 τοὺς
3306 1512 3495 1581 ἁγίους
3539 1510 3655 1579 (16)

2086 1608 2270 1662 αὑτοῦ.
2331 1610 2491 1680 Ὁρᾷς
2544 1612 2623 1672 είς
2672 1606 2782 1664 οἷον
2833 1609 3117 1681 κεχώρηκε
3166 1607 3409 1679 κρημνὸν
3465 1603 3654 1674 μηδενὶ

2087 1699 2410 1770 χειραγωγῷ
2462 1701 2824 1772 χρησάμενος,
2861 1700 2993 1771 μηδὲ
3023 1701 3143 1761 ταῖς
3176 1697 3346 1758 θείαις
3387 1694 3651 1766 Γραφαϊς.

2016 1770 2058 1824 Β
2089 1790 2273 1843 Ταῦτα
2298 1791 2428 1859 γοῦν
2455 1770 2630 1845 πάντα
2651 1770 2767 1846 (ἀπὸ
2803 1770 2930 1862 μιᾶς
2953 1789 3157 1860 φωνῆς,
3187 1788 3253 1858 ἢν
3281 1786 3355 1858 μὴ
3376 1785 3650 1854 νενόηκεν,

2087 1882 2262 1952 ἐαυτῷ
2287 1883 2594 1952 συνέθηκεν.
2614 1884 2821 1936 Λύτίκα
2842 1884 3094 1954 χωρήσας
3113 1881 3205 1934 ἐπὶ
3227 1879 3324 1941 τὰς
3354 1874 3654 1941 ἀποδείξεις

2086 1973 2186 2044 τῆς
2212 1975 2355 2038 Νέας
2409 1975 2502 2028 καὶ
2543 1974 2752 2044 Καινῆς
2810 1974 3104 2045 Διαθήκης,
3159 1969 3496 2039 πανταχόθεν
3553 1967 3653 2037 μὲν

2086 2065 2347 2135 ἠλαύνετο
2397 2065 2925 2138 στενοχωρούμενοςο
2981 2066 3109 2136 μίαν
3159 2063 3217 2117 δὲ
3267 2063 3436 2132 μόνην
3479 2057 3653 2130 εὑρὼν

2087 2155 2228 2220 λέξιν
2247 2159 2312 2227 τῇ
2345 2157 2508 2210 αὑτοῦ
2543 2156 2984 2228 συμϐαλλομένην
3008 2153 3315 2223 κακοδοξίᾳ,
3343 2151 3491 2204 ὥσπε
3501 2167 3531 2220 ρ
3550 2149 3655 2201 τινὶ

2087 2247 2389 2318 περιτυχὼν
2446 2248 2690 2320 ἑρμαίῳ,
2744 2247 2915 2318 ταύτῃ
2971 2248 3108 2318 μόνῃ
3159 2244 3487 2314 συνεπλάκη,
3547 2241 3652 2293 οὐδ,

424 2357 444 2388 e
491 2337 582 2403 bo,
631 2348 688 2392 et
737 2339 882 2392 omni
919 2353 1038 2408 qua:
1070 2339 1125 2392 in
1169 2338 1262 2392 illo
1292 2339 1396 2392 sita
1424 2347 1508 2393 est
1535 2337 1825 2406 sapientia,
1855 2351 1981 2390 san-

2087 2340 2221 2412 αὐτῇ
2257 2343 2320 2392 ὲκ
2339 2339 2630 2411 προσώπου
2648 2339 2743 2393 τοῦ
2772 2340 3021 2410 Σωτῆρος
3052 2337 3208 2408 ἡμῶν
3221 2335 3510 2408 εἰρημένῃ,
3537 2333 3652 2386 ἀλλ’

425 2447 445 2480 ι
494 2439 610 2484 ctos
655 2445 783 2485 suos
820 2430 1036 2498 penitus
1085 2429 1394 2499 privaturus
1435 2438 1540 2484 est.
1575 2448 1594 2481 ι
1627 2429 1768 2484 Ecce
1799 2438 1977 2484 autem

2087 2433 2149 2483 ὲκ
2173 2429 2462 2503 προσώπου
2490 2429 2582 2484 τοῦ
2611 2429 3024 2499 εὐαγγελιστοῦο
3051 2429 3115 2481 δι’
3148 2424 3216 2501 ἦς
3244 2427 3406 2480 αὑτὸν
3436 2424 3653 2496 ὠνόμα-

417 2522 471 2576 in
497 2520 779 2591 qnalenam
813 2536 871 2575 se
895 2521 1252 2591 praecipitium
1281 2520 1512 2586 dederit,
1541 2518 1669 2574 dum
1707 2521 1978 2576 neminem

2088 2539 2200 2586 σεν,
2244 2523 2341 2574 Ἐν
2367 2520 2527 2590 ἀρχῇ
2551 2517 2630 2592 ἦν
2661 2525 2694 2576 ό
2727 2522 2937 2591 Λόγος,
2968 2523 3158 2582 εἰπών,
3182 2518 3281 2572 καὶ
3306 2521 3338 2572 ό
3360 2520 3553 2587 Λόγος
3575 2513 3657 2587 ἦν

416 2611 521 2666 sibi
549 2613 772 2667 adhibet
813 2614 1254 2667 manuductorem
1283 2631 1297 2667 :
1333 2627 1432 2666 nec
1461 2613 1690 2666 advocat
1736 2602 1980 2680 Scriptu-

2087 2612 2236 2680 πρὸς
2258 2612 2366 2666 τὸν
2389 2613 2557 2676 Θεὸν,
2606 2612 2704 2666 καὶ
2732 2611 2876 2666 Θεό(-
2906 2607 2984 2681 ἦν
3004 2613 3036 2665 ὀ
3079 2612 3260 2679 Λόγος
3285 2627 3304 2639 ι
3341 2608 3492 2662 ἔνθεν
3525 2607 3656 2676 γοῦν

415 2718 507 2758 ras
539 2704 592 2757 in
633 2703 935 2757 consilium.
975 2702 1108 2758 Nam
1147 2705 1259 2758 haec
1292 2704 1471 2758 omnia
1515 2705 1628 2772 ipse
1667 2703 1768 2757 sibi
1811 2701 1980 2755 fabri-

2087 2703 2363 2774 ὁρμηθεὶς,
2395 2703 2472 2767 ὡς
2506 2701 2670 2774 μηδὲν
2703 2703 2829 2755 ὄντα
2851 2702 3038 2771 ἕτερον
3074 2701 3108 2773 ἦ
3141 2701 3316 2769 λόγον,
3347 2701 3532 2771 ὅμοιον
3575 2698 3654 2769 τῷ

411 2803 536 2848 cata
566 2794 782 2864 collegit
814 2795 882 2848 de
915 2809 1020 2848 una
1051 2809 1186 2849 voce
1216 2809 1494 2864 perperam
1518 2793 1812 2849 intellecta.
1842 2792 1974 2848 Nam

2087 2797 2211 2865 mp’
2230 2797 2362 2865 ἡμῖν
2391 2795 2738 2865 ὲγνωσμένῳ,
2765 2795 2856 2848 τὴν
2887 2793 3014 2848 Υἱδν
3043 2795 3332 2866 ἠρνήσατο.

414 2887 504 2940 ubi
551 2901 611 2941 se
646 2888 711 2940 ad
763 2888 1252 2942 demonstrationes
1290 2888 1640 2958 applicuerat,
1687 2889 1753 2943 de
1779 2885 2125 2945 Testamento
2163 2889 2344 2945 Veteri
2383 2900 2547 2961 atque
2587 2888 2736 2944 Novo
2765 2906 2783 2943 :
2845 2890 3192 2960 nndiquaque
3220 2897 3366 2944 certe
3401 2885 3660 2957 impelle-

413 2979 596 3046 batur,
637 2981 688 3033 in
715 2982 993 3050 angustias
1026 2981 1434 3049 conjiciebatur,
1458 2997 1617 3035 unam
1645 2997 1772 3037 vero
1792 2982 2038 3038 voculam
2062 2985 2150 3037 vix
2191 2984 2406 3038 tandem
2434 2986 2657 3054 reperit,
2693 2988 2750 3047 >14
2770 2996 2890 3052 qua:
2913 2982 3080 3052 ipsius
3106 2981 3376 3036 heretica:
3410 2978 3656 3048 opinioni

415 3071 600 3126 favere
653 3072 765 3125 visa
820 3084 926 3130 est.
965 3071 1094 3126 huic
1138 3074 1227 3126 uni
1279 3082 1532 3140 tanquam
1572 3088 1694 3127 cum
1751 3074 1895 3129 bono
1940 3075 2048 3130 Deo
2097 3076 2386 3131 adinvento
2421 3075 2752 3131 adminiculo
2805 3090 2864 3130 se
2901 3073 3176 3145 applicuit.
3208 3071 3319 3127 Nec
3357 3082 3478 3126 erat
3528 3070 3655 3139 qui-

413 3161 536 3214 dem
599 3161 833 3226 illud,de
863 3177 1090 3230 persona
1129 3162 1438 3219 Servatoris
1463 3167 1633 3219 nostri
1657 3166 1854 3220 dictum
1883 3177 2229 3236 usurpatum,
2270 3169 2365 3223 sed
2395 3167 2756 3238 evangelista).
2788 3166 2922 3221 Nam
2947 3166 2994 3223 is
3033 3181 3157 3220 eum
3198 3165 3269 3218 ita
3301 3162 3559 3233 appellat,
3585 3161 3653 3216 hi

412 3249 674 3317 principio
718 3260 828 3303 erat
871 3250 1114 3317 Verbum,
1166 3253 1439 3321 inquiens,
1468 3263 1518 3308 et
1552 3254 1773 3311 Verbum
1803 3269 1914 3312 erat
1938 3262 2079 3328 apud
2097 3257 2288 3324 Deum,
2320 3270 2367 3313 et
2403 3259 2543 3314 Deus
2563 3272 2676 3315 erat
2699 3258 2927 3314 Verbum
2945 3259 3013 3312 ”.
3057 3257 3194 3312 Hinc
3239 3255 3329 3312 ille
3375 3256 3656 3326 profectus

413 3337 610 3393 Filium
649 3340 964 3410 planissime
997 3348 1313 3415 pernegavit
1361 3355 1616 3417 tanquam
1643 3350 1738 3419 qui
1770 3350 1923 3419 prius
1966 3349 2102 3405 nihil
2127 3350 2274 3405 aliud
2299 3359 2438 3418 erat,
2465 3366 2628 3422 quam
2662 3352 2884 3408 verbum
2925 3349 3258 3406 simillimum
3284 3348 3412 3403 huic
3439 3358 3653 3404 nostra.

1043 3438 1193 3494 CAP.
1236 3439 1306 3495 Χ.

415 3528 573 3595 Quod
595 3545 700 3582 non
729 3538 864 3583 recte
897 3531 1030 3600 cepit
1071 3531 1205 3654 illud
1230 3545 1249 3583 :
1282 3549 1300 3584 ι
1326 3529 1393 3587 In
1412 3534 1670 3604 principio
1697 3545 1812 3591 erat
1849 3535 1983 3591 Ver-

1111 3619 1220 3654 um.
1238 3621 1258 3654 ›

1111 3619 1258 3656 um.)

403 3710 408 3717 τ
483 3691 772 3746 Enimvero
826 3706 930 3746 non
983 3692 1154 3747 solum
1203 3694 1373 3750 solius
1403 3695 1564 3752 Verbi
1593 3697 1810 3752 nomine
1833 3713 1982 3752 com-

413 3782 635 3851 pellavit
683 3799 912 3853 magnus
946 3793 1001 3839 et
1035 3784 1249 3840 divinus
1299 3788 1649 3858 evangelista,
1691 3789 1836 3858 quod
1870 3790 1981 3858 jam

414 3871 613 3938 saepius
647 3888 676 3924 a
703 3873 856 3927 nobis
884 3874 1087 3928 dictum
1120 3884 1222 3941 est,
1251 3876 1344 3930 sed
1384 3877 1575 3942 Deum,
1602 3877 1892 3944 etLucem,
1927 3889 1982 3936 et

412 3957 635 4022 Filium,
671 3969 723 4012 et
778 3959 1122 4030 Unigenitum
1163 3965 1510 4032 :quinetiam
1554 3967 1702 4021 illum
1743 3969 1979 4036 seipsum

415 4043 789 4108 Servatorem,
833 4047 1054 4100 verbum
1099 4057 1276 4102 autem
1326 4052 1493 4106 solius
1538 4052 1832 4123 Scriptum
1879 4070 1981 4109 ne-

413 4149 684 4203 quaquam
717 4135 1015 4203 appellasse
1043 4140 1324 4206 perhibet;
1357 4154 1451 4210 per
1479 4143 1788 4198 universum
1818 4160 1980 4215 porro

415 4227 771 4297 Evangelinm
807 4230 998 4293 vitam,
1054 4239 1109 4285 et
1165 4233 1362 4299 lucem,
1421 4242 1476 4289 et
1531 4236 1890 4306 unigenitum,
1925 4248 1980 4292 et

412 4319 610 4374 Filium
667 4321 781 4387 Dei,
830 4330 885 4375 et
933 4322 1242 4390 veritatem,
1286 4335 1342 4380 et
1392 4329 1876 4394 resurrectionem;
1926 4338 1979 4383 et

411 4425 604 4479 panem
629 4414 775 4476 vitae,
806 4422 860 4467 et
890 4414 1078 4478 vitem,
1111 4424 1166 4470 et
1216 4429 1509 4484 pastorem,
1563 4427 1619 4472 et
1665 4419 1980 4476 innumeras

411 4500 546 4554 alias
573 4503 1011 4558 nomenclaturas
1045 4512 1104 4558 ut
1151 4505 1204 4558 in
1242 4505 1671 4574 prazcedentibus
1699 4519 1977 4564 ostensum

409 4600 514 4645 est.
555 4591 692 4658 Quid
720 4609 898 4648 causas
927 4594 1115 4659 fuerit,
1144 4603 1202 4648 ut
1243 4610 1366 4650 cum
1398 4605 1478 4650 tot
1518 4599 1630 4653 sint
1655 4610 1709 4654 et
1739 4600 1896 4668 tales,
1925 4603 1977 4657 in

410 4681 558 4734 nulla
609 4682 715 4736 alia
769 4684 1073 4739 substiterit
1106 4683 1364 4748 dictione,
1407 4685 1502 4740 sed
1562 4701 1663 4742 nec
1715 4690 1978 4745 curiosius

2005 3450 2052 3512 C

2738 3445 2896 3499 ΚΕΦ.
2937 3447 2995 3498 l'.

2084 3559 2202 3613 Ὅτι
2230 3558 2318 3630 μὴ
2336 3557 2521 3629 ὀρθῶς
2543 3560 2788 3625 ἐδέξατο
2816 3561 2885 3613 τό
2904 3577 2948 3610 ἰ
2973 3559 3068 3611 Ἐν
3081 3556 3238 3627 ἀρχῇ
3253 3553 3331 3627 ἦν
3346 3560 3380 3610 ὀ
3401 3559 3658 3626 Λόπυς.ι

2150 3696 2343 3750 Καίτοι
2385 3694 2447 3748 οὐ
2475 3694 2645 3762 Λόγον
2682 3695 2840 3764 μόνον
2873 3692 3036 3755 αὐτὸς
3067 3693 3096 3744 ὁ
3149 3691 3326 3760 μέγας
3364 3691 3461 3742 καὶ
3511 3689 3654 3750 θεῖος

2080 3784 2468 3856 εὖαγγελιστὴς
2501 3784 2788 3855 κέκληκεν,
2837 3783 2913 3847 ὡς
2946 3781 3206 3843 πολλάκις
3238 3782 3370 3851 ⁴ἡμῖν
3413 3780 3652 3851 εἴρηται.

2079 3875 2217 3930 ἀλλὰ
2262 3877 2354 3929 καὶ
2386 3876 2537 3933 Θεὸν.
2570 3876 2663 3928 καὶ
2697 3876 2836 3939 Φῶς,
2872 3875 2967 3928 καὶ
2995 3873 3144 3939 Υίὸν,
3191 3873 3286 3927 καὶ
3329 3870 3652 3941 Μονογενῆ“

2080 3966 2244 4021 αὐτόν
2276 3984 2336 4020 τε
2373 3968 2462 4020 τὸν
2509 3969 2738 4038 Σωτῆρα
2787 3969 2990 4038 ἱστορεῖ
3045 3966 3233 4019 ἑαυτὸν
3273 3963 3657 4018 ἀποκαλοῦντα

2080 4054 2237 4123 λόγον
2266 4055 2365 4125 μὲν
2393 4054 2629 4124 οὐδαμοῦ
2656 4057 2756 4126 τῆς
2781 4057 2821 4108 Γ
2826 4057 3025 4126 ραφῆς,
3057 4057 3124 4110 δι’
3147 4057 3268 4110 ὅλου
3289 4056 3346 4109 δὲ
3364 4056 3461 4108 τοῦ
3484 4057 3658 4124 Εὐαγ-

2080 4147 2262 4215 γελίου
2291 4147 2435 4218 ζωὴν
2458 4149 2549 4200 καὶ
2578 4147 2712 4216 φῶς,
2743 4149 2836 4201 καὶ
2874 4149 3172 4220 Μονογενῆ,
3204 4151 3298 4202 καὶ
3331 4149 3462 4202 Υἰδν
3494 4148 3654 4214 Θεοῦ,

2081 4239 2174 4294 καὶ
2200 4238 2476 4310 ἀλήθειαν,
2518 4239 2612 4292 καὶ
2637 4239 2953 4304 ἀνάστασιν,
2991 4241 3084 4296 καὶ
3134 4242 3296 4312 ἄρτον
3343 4239 3512 4311 ζωῆς,
3560 4243 3659 4294 καὶ

2081 4329 2344 4399 ἄμπελον,
2378 4333 2468 4384 καὶ
2489 4332 2744 4402 ποιμένα,
2780 4333 2876 4387 καὶ
2911 4333 3078 4404 μυρία
3119 4334 3306 4404 ἕτερα,
3330 4332 3521 4404 ῶσπερ
3561 4331 3658 4387 οὖν

2081 4420 2181 4491 ἥδη
2224 4421 2614 4492 προδέδεικται.
2646 4423 2711 4475 Τί
2761 4424 2822 4494 δή
2869 4426 2986 4476 ποτ’
3020 4419 3113 4476 οὖν
3155 4423 3424 4476 τοσούτων
3457 4425 3657 4490 ὄντων,

2080 4511 2173 4563 ἐπὶ
2208 4511 2307 4582 μὲν
2339 4512 2447 4566 τῶν
2492 4513 2691 4567 λοιπῶν
2728 4515 2982 4568 ἁπάντων
3031 4515 3127 4584 οὐχ
3159 4515 3369 4568 ἵσταται
3417 4515 3535 4585 (18)
3559 4517 3656 4568 ἐπὶ

2079 4599 2179 4670 τῆς
2211 4600 2428 4666 λέξεως,
2457 4602 2554 4675 τὴν
2602 4603 2660 4657 δὲ
2706 4603 2812 4657 τῶν
2845 4604 3150 4674 λεγομένων
3195 4603 3432 4656 διάνοιαν
3485 4604 3661 4656 πολυ-

2082 4695 2408 4760 πραγμονεῖ,
2430 4693 2525 4745 ἐπὶ
2559 4692 2615 4747 δὲ
2647 4694 2807 4763 μόνου
2836 4693 2929 4746 τοῦ
2972 4695 3146 4760 Λόγου
3177 4692 3658 4763 κυριολεκτείσθαι

409 4773 698 4828 verborum
743 4791 960 4830 sensum
1009 4784 1242 4844 satagat,
1275 4777 1367 4830 sed
1402 4777 1570 4831 solius
1601 4779 1760 4833 Verbi
1790 4795 1974 4835 vocem

2087 4781 2236 4833 αὐτόν
2257 4799 2440 4851 φησιν,
2468 4784 2542 4847 ὡς
2564 4785 2714 4839 οὐδὲν
2757 4785 2887 4838 ὅντα
2919 4784 3159 4855 ἕτερονῆ
3192 4784 3398 4852 Λόγον;
3442 4785 3659 4855 Γράφει

415 4867 634 4932 proprie
683 4867 750 4919 de
803 4864 896 4921 illo
944 4867 1146 4921 dixerit
1204 4876 1540 4936 usurpatam,
1569 4870 1722 4936 quasi
1775 4880 1974 4938 prater

408 4951 646 5009 Verbum
681 4956 781 5009 hoc
811 4955 944 5009 nihil
987 4955 1127 5009 foret
1177 4955 1343 5011 aliud.
1377 4956 1577 5012 Scribit
1629 4968 1810 5012 autem
1841 4960 1972 5013 toti»

408 5045 529 5098 dem
567 5046 746 5100 verbis
775 5063 789 5099 :
822 5045 912 5120 [Β.
940 5047 1083 5121 XL]
1120 5066 1140 5100 ι
1165 5047 1284 5102 Non
1338 5049 1554 5117 quidem
1583 5051 1974 5108 catachrestice

409 5154 432 5187 ε
477 5137 789 5195 nominatus
829 5139 920 5194 ille
986 5139 1240 5204 Verbum,
1269 5151 1590 5209 rumpantur
1640 5141 1767 5196 licet
1819 5159 1973 5199 men-

415 5243 436 5276 ε
487 5227 686 5294 tiendo,
717 5231 808 5297 qui
839 5229 1054 5284 diversa
1085 5232 1304 5296 docent,
1335 5230 1430 5285 sed
1462 5245 1586 5288 vere
1634 5242 1797 5305 atque
1847 5250 1974 5303 pro-

487 5324 546 5381 μΒ
583 5318 924 5392 Εά.,Ρειιίε.,
957 5337 1078 5392 pag.
1122 5321 1243 5378 116.

480 5409 528 5443 ⁸³
552 5409 743 5465 Matth.
773 5427 902 5478 xxv,
931 5414 1020 5469 54.
1094 5414 1144 5448 ⁸³
1170 5414 1325 5472 Joan.
1345 5433 1385 5484 t,
1411 5418 1466 5471 1.

475 5501 588 5578 us.)
613 5501 784 5578 iuno
807 5521 917 5578 om.
935 5507 1064 5578 stiv-

482 5573 595 5644 (lfj)
620 5572 792 5644 Vulgo
820 5572 1018 5630 αὐτῶν.

478 5643 593 5709 (l7,
620 5641 794 5709 Vulgo
817 5647 968 5700 deest
1004 5645 1121 5704 τοῦ.

480 5669 525 5697 ιι
551 5669 564 5694 ι
630 5669 794 5709 vulgo
817 5669 968 5700 necat
1004 5669 1121 5704 του.

480 5669 593 5785 (ιδς
627 5713 751 5768 Ἐπὶ
775 5713 886 5784 τῆς
907 5715 1148 5783 λέξεως.
1171 5717 1352 5787 Forte,
1376 5721 1508 5792 μηδὲ
1525 5721 1622 5792 τιν
1652 5719 1814 5788 λέξιν,
1836 5723 1971 5794 μηδι.

2077 4871 2123 4923 δ’
2172 4867 2264 4925 οὖν
2303 4875 2484 4938 αὐτοῖς
2533 4876 2738 4946 ῥήμασι
2759 4877 2965 4945 λέγων·
2993 4895 3012 4926 ι
3063 4876 3137 4928 Οὐ
3193 4875 3658 4945 καταχρηστικῶς

2084 4978 2102 5012 ι
2135 4962 2454 5032 ὁνομασθεὶς
2484 4965 2690 5033 Λόγος,
2720 4964 2819 5019 κᾶν
2855 4963 3218 5036 διαρραγῶσιν
3251 4965 3299 5016 οἱ
3346 4963 3659 5034 ἑτεροδιδα-

2086 5072 2106 5106 ι
2137 5055 2456 5120 σκαλοῦντες
2497 5057 2830 5128 ψευδόμενοι,
2861 5055 2999 5110 ἀλλὰ
3030 5055 3234 5129 κυρίως
3276 5071 3337 5110 τε
3376 5053 3474 5106 καὶ
3526 5054 3661 5125 ἀληο

2085 5165 2106 5199 ι
2143 5147 2250 5211 θῶς
2285 5147 2544 5220 ὑπάρχων
2571 5151 2763 5220 Λόγος.
2800 5169 2819 5202 ι
2858 5149 2968 5203 Καὶ
3025 5147 3186 5203 πάλιν
3205 5164 3220 5179 ·
3255 5164 3276 5198 σ
3308 5145 3661 5202 Μανθανέτω

2087 5257 2108 5293 ι
2140 5240 2320 5297 τοίνυν
2350 5243 2485 5298 Θεοῦ
2517 5246 2688 5315 Λόγον
2718 5243 2830 5319 (19)
2860 5241 3196 5315 ἐληλυθέναι,
3246 5241 3307 5296 οὐ
3340 5240 3517 5310 Λόγον
3552 5259 3656 5296 κα-

2083 5513 2359 5588 τὴνητῶν
2375 5526 2430 5588 et
2459 5531 2620 5588 voces
2641 5527 2696 5572 et
2727 5517 3020 5587 signiﬁcata
3048 5516 3250 5588 omisit.
3285 5515 3359 5572 ll.

2151 5583 2265 5652 (19)
2286 5585 2711 5658 ΔἘ’ληλυθέναι.
2742 5583 2880 5642 Ante
2913 5585 3351 5658 κατεληλυθέναι.
3381 5585 3518 5651 Qnte
3571 5587 3654 5640 di-

2078 5662 2255 5750 sputat
2284 5654 2338 5706 in
2372 5658 2741 5750 sfmteptihns,
2775 5668 2898 5738 sunt
2925 5654 3155 5740 crambe
3189 5657 3272 5750 bis
3322 5658 3522 5750 ppsita,
3561 5658 3651 5710 οὐο

2077 5723 2161 5775 ὁὲν
2181 5723 2364 5796 ἕτερον
2396 5723 2619 5796 ἢζωήν,
2655 5744 2776 5781 nam
2803 5729 2876 5782 ita
2922 5729 2976 5781 in
3020 5723 3474 5797 praecedentibus,
3507 5739 3646 5792 Iuni,
