3838 6222
177 315 284 372 921

1127 314 1216 372 DE
1255 317 1793 375 ECCLESIASTICA
1831 318 2232 378 THEOLOGIA
2271 322 2398 378 LIB.
2448 325 2508 381 II.

3343 316 3450 390 eis

205 453 224 484 ι
257 431 639 504 ταχρηστικῶς
683 433 1072 505 ὀνομασθέντα,
1109 436 1185 500 ὡς
1226 439 1378 491 αὐτοί
1423 457 1606 521 φασιν,
1654 439 1739 494 ἀλ]

1879 459 1898 490 ι
1950 442 2070 533 prie
2095 442 2325 498 Verbum
2353 446 2587 499 exsistit.
2625 463 2651 498 ι
2674 445 2742 500 Ει
2791 447 2988 504 iterum
3014 466 3030 504 :
3056 449 3147 523 [Β.
3177 451 3446 533 XXXIX]

194 544 214 574 ι
254 523 428 595 ἀληθῆ
457 527 586 579 ὄντα
613 526 804 594 Λόγον.
831 545 850 578 ι
889 527 999 580 Καὶ
1027 524 1209 592 αὖθιςο
1261 549 1278 580 ι
1307 531 1577 603 Πρότερον
1597 571 1611 596 ,
1640 532 1766 598 [ὥσ-

187 638 306 691 περ
329 620 584 684 πολλάκις
622 622 778 692 ἔφην,
821 622 972 676 οὐδὲν
997 622 1184 694 ἕτερον
1235 620 1303 695 ἦν
1331 625 1364 695 ἢ
1396 626 1566 694 Λόγος
1587 644 1632 678 ἰ
1669 629 1764 681 καὶ

182 711 349 765 πάλιν
371 729 387 741 ·-
425 731 443 763 ι
484 713 598 784 Πρὸ
627 713 724 766 τοῦ
764 713 1065 776 κατελθεῖν,
1103 717 1196 768 καὶ
1221 715 1308 770 διὰ
1354 717 1455 787 τῆς
1485 718 1762 790 Παρθένου

187 824 209 854 ι
249 805 528 876 τεχθῆναι,
571 806 740 876 Λόγος
779 803 847 878 ἦν
901 807 1097 879 μόνον·
1155 811 1276 863 ἐπεὶ
1333 810 1384 862 τί
1433 810 1620 882 ἓτερον
1669 807 1760 881 ἦν,

189 914 210 946 σ
257 896 364 967 πρὸ
386 896 478 949 τοῦ
505 898 604 966 τὴν
634 898 982 971 ἀνθρωπίνην
1011 900 1301 955 ἀναλαϐεῖν
1336 902 1512 974 σάρκα
1544 904 1606 956 τὸ
1633 921 1764 957 κατ-

188 1005 212 1038 e
239 987 393 1041 ελθὸν
429 989 515 1040 ἐπ’
537 989 780 1059 ἐσχάτων
809 989 916 1043 τῶν
942 992 1184 1063 ⁴ἡμερῶν,
1219 993 1294 1057 ὡς
1311 995 1403 1048 καὶ
1421 995 1580 1059 αὐτὸς
1597 996 1762 1068 ἐγρα-

191 1097 213 1130 ι
251 1095 355 1148 cpe;
380 1079 488 1131 Καὶ
525 1078 586 1130 τὸ
617 1080 872 1150 γεννηθὲν
894 1083 958 1134 ὲκ
987 1083 1084 1153 τῆς
1125 1085 1404 1156 Παρθένου
1459 1087 1610 1139 οὐδὲν
1638 1086 1758 1140 ἓτε-

187 1188 210 1220 ι
245 1187 336 1242 ρον
368 1165 435 1241 ἦν
469 1169 716 1240 ἢΛόγος.
762 1189 782 1222 ι
811 1171 995 1224 Ταῦτα
1028 1175 1330 1246 Μαρκέλλῳ
1351 1175 1560 1245 λέγοντι
1596 1174 1662 1250 ἦν
1693 1179 1759 1232 ἂν

178 1263 392 1316 δίκαιον
448 1262 649 1316 τοιανδὶ
704 1265 1074 1332 προσαγαγεῖν
1133 1264 1347 1320 πεῦσιν.
1407 1267 1517 1318 Καὶ
1591 1268 1758 1322 πόθεν

175 1357 336 1425 ἡμῖν,
367 1348 411 1407 ὦ
436 1349 609 1418 οὗτος,
633 1353 695 1408 τὸ
724 1353 905 1408 οὐδὲν
933 1355 1140 1422 ἕτερον
1162 1355 1274 1424 (20)
1308 1359 1624 1431 προστίθης,
1665 1362 1758 1414 καὶ

173 1446 489 1514 τὸμόνον;
516 1444 589 1498 Τὸ
616 1445 713 1516 μὲν
734 1445 862 1518 γὰρ,
891 1447 994 1500 Ἐν
1019 1444 1177 1514 ἀρχῇ
1203 1443 1282 1515 ἦν
1303 1451 1334 1500 ό
1353 1449 1570 1524 Λόγος,
1602 1451 1758 1522 ἀκρι-

179 1535 295 1599 ϐῶς
326 1535 599 1606 ἔγνωμενσ
651 1536 747 1588 καὶ
787 1537 847 1588 οὐ
897 1536 1076 1606 μόνον,
1101 1535 1234 1590 ἀλλὰ
1254 1536 1339 1601 τί,
1363 1538 1472 1592 Καὶ
1506 1539 1650 1606 Θεὸς
1678 1537 1756 1610 ἦν

179 1630 217 1680 ό
244 1627 454 1696 Λόγος,
492 1625 586 1679 καὶ
621 1624 748 1695 φῶς
777 1622 857 1696 ἦν
899 1626 966 1678 τὸ
1009 1624 1260 1694 φωτίζον
1301 1627 1498 1681 πάντα
1535 1627 1756 1698 ἅνθρω-

168 1733 298 1772 xor
331 1717 481 1792 [(21)
508 1718 834 1788 ἐρχόμενον
861 1721 948 1785 εὶς
980 1721 1087 1774 τόν
1123 1721 1398 1794 κόσμον],
1443 1722 1537 1775 καὶ
1565 1739 1751 1791 μονο-

1873 549 1892 581 ι
1941 532 2130 586 Discat
2178 533 2379 588 idcirco
2421 533 2517 590 Dei
2563 535 2796 592 Verbum
2829 542 3132 608 advenisse,
3168 560 3274 601 non
3313 549 3446 606 Ver-

1871 640 1889 672 ι
1944 624 2069 676 hum
2101 624 2320 692 quidem
2355 626 2756 683 catachrestice
2798 631 3240 703 denominatum,
3270 649 3328 694 ιιι
3364 611 3442 698 illi

1871 729 1893 763 ι
1941 714 2112 779 aiunt,
2146 715 2242 769 sed
2275 715 2512 772 Verbum
2545 720 2830 777 verissime
2859 725 3145 782 exsistens.
3179 747 3199 781 ι
3239 729 3308 785 Ει
3337 733 3440 790 ite-

1863 821 2010 860 rum.
2036 805 2127 878 [Β.
2162 806 2300 862 XLII
2334 810 2460 864 coll.
2488 827 2542 876 p.
2576 812 2646 867 55
2675 812 2738 885 B]
2794 833 2814 866 ι
2850 815 2917 871 Ut
2939 819 3048 884 jam
3071 822 3268 890 saepius
3293 840 3320 877 a
3352 842 3439 882 me

1866 915 1886 948 ι
1932 900 2165 966 positum
2205 909 2309 965 est,
2345 901 2486 956 nihil
2533 914 2654 958 erat
2680 906 2822 960 aliud
2847 909 3287 977 quam'Verbum.
3321 935 3342 969 ι
3372 919 3439 974 Et

1861 1003 2059 1044 rursus
2087 1009 2105 1046 :
2137 1009 2159 1042 ι
2188 990 2512 1062 Priusquam
2566 997 2939 1065 descenderet,
2999 1011 3054 1056 et
3106 1007 3172 1059 de
3218 1007 3437 1078 Virgine

1866 1098 1889 1130 ι
1935 1091 2278 1146 nasceretur,
2314 1081 2552 1138 Verbum
2584 1096 2704 1140 erat
2746 1089 2919 1143 solum
2958 1107 2972 1142 :
3004 1108 3128 1146 nam
3179 1097 3436 1165 quidille

1865 1189 1886 1221 ι
1935 1171 2078 1226 aliud
2128 1183 2360 1241 poterat,
2418 1175 2739 1245 priusquam
2791 1193 3094 1237 assumeret
3141 1185 3432 1243 humanam

1865 1281 1887 1313 ι
1932 1278 2180 1328 carnem,
2204 1267 2297 1334 qui
2325 1266 2606 1320 descendit
2638 1271 2703 1324 ad
2745 1286 2846 1325 nos
2887 1271 2942 1326 in
2976 1274 3286 1332 novissimis
3315 1280 3432 1335 die-

1864 1371 1883 1403 ι
1930 1353 2049 1419 bus,
2074 1372 2092 1404 ι
2113 1364 2170 1408 ιιι
2191 1356 2304 1426 ipse
2348 1355 2626 1424 loquitur?
2646 1361 2738 1424 Et,
2756 1379 2775 1410 ι
2793 1361 2925 1418 Illud
2953 1369 3095 1433 quod
3118 1367 3185 1422 de
3213 1369 3432 1442 Virgine

1863 1463 1883 1495 ι
1931 1446 2286 1512 nascebatur,
2330 1448 2465 1503 nihil
2517 1461 2636 1504 erat
2685 1463 2886 1521 praeter
2941 1453 3244 1514 Verbum.)
3305 1443 3431 1518 llaec

1856 1538 2145 1593 aliirmanti
2179 1538 2456 1606 Marcello,
2496 1542 2658 1597 talem
2690 1547 2979 1613 quamdam
3007 1550 3430 1622 interrogatiun-

1855 1629 2029 1684 culam
2057 1644 2358 1699 proponere
2389 1646 2494 1686 non
2518 1633 2813 1689 absurdum
2847 1635 3039 1692 fuerit:
3062 1639 3130 1693 Et
3159 1643 3425 1698 undenam

1856 1723 2047 1786 nobis,
2102 1739 2136 1778 ο
2169 1725 2310 1780 bone
2367 1730 2426 1788 ἧς
2461 1733 2542 1792 ιιι,
2599 1726 2703 1782 hoc
2761 1727 2935 1798 ipsum
2985 1730 3116 1784 nihil
3169 1732 3317 1786 aliud
3369 1746 3427 1790 et

169 1810 360 1880 γενὴς
381 1806 460 1882 ἦν
483 1811 630 1876 Υἱὸς,
682 1812 774 1865 καὶ
796 1812 896 1866 ὅσα
930 1811 1276 1866 κατείλεκται
1300 1813 1496 1884 ἒτερα;
1536 1815 1656 1866 ’Ότι
1695 1813 1739 1867 δὲ

1854 1815 2021 1868 solum
2050 1817 2346 1886 proponis?
2377 1817 2507 1872 Illud
2541 1825 2690 1873 certe
2720 1839 2733 1874 :
2760 1817 2829 1873 In
2851 1822 3110 1890 principio
3143 1833 3256 1879 erat
3297 1823 3425 1881 Ver-

166 1902 364 1970 Δόγος
387 1897 453 1973 ἦν
477 1903 691 1972 μόνον,
721 1903 816 1957 καὶ
854 1903 1007 1958 οὐδὲν
1040 1904 1224 1974 ἕτερον
1249 1905 1282 1975 ἢ
1313 1905 1521 1973 Λόγος,
1561 1905 1660 1958 οὐκ
1683 1903 1750 1958 ἂν

165 1992 291 2061 εχοι
321 2010 404 2056 τις
427 1994 714 2064 εἰρημένον
740 1994 1037 2058 ἀποδεῖξαι.
1068 1995 1238 2050 Πόθεν
1258 1991 1350 2048 οὖν
1384 1996 1444 2048 τὸ
1465 1997 1562 2065 τῆς
1577 2013 1748 2068 προσ-

168 2083 358 2154 θήκης
379 2082 672 2155 τόλμημα;
709 2085 808 2138 Διὰ
834 2085 886 2137 τί
912 2084 1020 2159 γὰρ
1043 2086 1162 2156 οὐχὶ
1192 2085 1392 2156 μᾶλλον
1430 2086 1556 2139 Υἱὸν
1585 2086 1649 2140 ἄν
1665 2103 1748 2149 τις

164 2175 320 2230 εἴποι
346 2176 508 2229 αὐτὸν
557 2176 736 2246 μόνον,
787 2177 880 2230 καὶ
906 2177 1056 2232 οὐδὲν
1083 2177 1268 2248 ἕτερον
1295 2177 1327 2248 ἢ
1358 2178 1516 2242 Υἱόν;
1566 2179 1663 2232 Διὰ
1695 2179 1746 2231 τί

162 2270 230 2324 δὲ
262 2271 324 2324 οὐ
359 2270 492 2324 Θεὸν
521 2271 615 2324 καὶ
641 2271 794 2324 οὐδὲν
823 2270 1008 2342 ἕτερον
1033 2271 1067 2342 ἢ
1105 2272 1235 2325 Θεόν
1263 2289 1278 2336 ;
1313 2271 1469 2326 διὰτί
1506 2272 1580 2342 μὴ
1631 2272 1746 2342 φῶς

161 2362 267 2416 τοῦ
303 2363 530 2434 κόσμου,
563 2365 656 2417 καὶ
675 2364 829 2417 οὐδὲν
862 2363 1048 2436 ἕτερον
1083 2365 1116 2435 ἢ
1154 2364 1351 2430 τοῦτο;
1381 2363 1469 2418 διὰ
1493 2364 1546 2416 τί
1575 2365 1631 2420 δὲ
1670 2364 1745 2436 μὴ

162 2455 338 2528 ζωὴν,
364 2456 458 2508 καὶ
482 2455 634 2508 οὐδὲν
681 2455 897 2526 ἓτερον;
940 2456 1035 2509 καὶ
1076 2456 1172 2508 ἐπὶ
1203 2455 1309 2508 τῶν
1345 2455 1744 2527 παραπλησίων

160 2548 284 2620 (22)
312 2548 510 2602 ταύτὸν
538 2548 602 2602 ἄν
631 2565 715 2612 τις
751 2547 1067 2601 δικαιότατα
1101 2547 1166 2601 ἂν
1194 2548 1545 2620 προτείνειεν.
1606 2547 1742 2603 Ἀλλ’

158 2637 358 2711 ὥσπερ
379 2639 445 2694 ἄν
478 2657 586 2704 τις,
610 2641 659 2692 εί
699 2638 857 2692 τοῦτο
889 2639 1056 2708 λέγοι,
1101 2640 1359 2710 ὲλέγχοιτ’
1406 2639 1472 2694 ἂν
1498 2640 1745 2712 ἁμαρτά-

157 2747 277 2784 νων
304 2729 502 2801 (πάντα
540 2730 648 2802 γὰρ
671 2729 881 2801 ἀθρόως
916 2730 1031 2782 ἐστὶ
1060 2728 1252 2796 ταῦτα,
1282 2725 1362 2793 εἷς
1394 2728 1469 2782 ὢν
1493 2729 1618 2793 Υἱὸς
1647 2728 1740 2785 τοῦ

154 2818 326 2888 Θεοῦ,
346 2823 441 2875 καὶ
468 2819 520 2874 et
543 2839 600 2877 τι
629 2821 835 2874 τούτων
877 2819 1173 2891 ἀνώτερον,
1201 2820 1320 2873 καθ’
1351 2822 1588 2892 ἑκάστην
1620 2819 1742 2873 ἐπί-

161 2931 321 2968 νοιαν
349 2914 456 2969 τῶν
491 2917 549 2968 ὲν
581 2913 729 2985 αὐτῷ
758 2914 954 2969 θεῖκῶν
982 2915 1282 2986 ,δυνάμεων
1333 2914 1604 2985 διαφόρων
1649 2915 1743 2968 καὶ

160 3005 282 3061 τῶν
314 3006 623 3079 ὲπηγοριῶν
646 3006 993 3078 ἠξιωμένος),
1022 3005 1165 3060 οὕτω
1193 3007 1286 3061 καὶ
1319 3007 1410 3059 ἐπὶ
1425 3005 1515 3060 τοῦ
1544 3005 1738 3075 Λόγου,

156 3102 194 3154 ὁ
224 3098 331 3169 φὰς
366 3101 524 3171 μόνον
571 3101 743 3168 Λόγον
791 3101 952 3169 αὑτὸν
1005 3095 1144 3153 εἶναι
1202 3101 1297 3152 καὶ
1333 3098 1485 3152 οὐδὲν
1530 3099 1736 3170 ἕτερον,

1853 1910 1995 1976 bum,
2025 1920 2277 1966 accurate
2310 1912 2580 1968 novimus.
2637 1913 2743 1970 Sed
2783 1931 2892 1970 non
2934 1917 3064 1972 illud
3102 1921 3300 1985 solum,
3327 1923 3422 1976 sed

1849 2001 1978 2070 quid
2020 2003 2242 2071 quaeso?
2265 2001 2528 2058 Nimirum
2562 2021 2579 2060 :
2609 2014 2666 2060 et
2721 2004 2864 2061 Deus
2912 2017 3026 2062 erat
3092 2007 3336 2078 Verbum,
3367 2021 3424 2066 et

1849 2096 1944 2148 lux
1977 2107 2090 2149 erat
2128 2095 2439 2152 illuminari:
2471 2113 2676 2152 omnem
2729 2096 3004 2154 hominem
3037 2104 3325 2156 venientem
3360 2106 3418 2159 in

1847 2186 1986 2238 hunc
2021 2186 2271 2240 mundum
2299 2204 2318 2242 :
2338 2197 2392 2242 et
2419 2198 2536 2242 erat
2567 2192 2868 2260 unigenitus
2908 2191 3086 2248 Filius
3112 2194 3179 2248 ’°.
3206 2193 3274 2247 Et
3299 2210 3422 2264 qua:

1847 2286 2046 2342 praeter
2083 2277 2184 2331 ista
2216 2278 2318 2332 alia
2357 2278 2669 2336 referuntur
2700 2284 2940 2338 nomina.
2987 2285 3058 2338 At
3109 2285 3251 2354 quod
3287 2283 3421 2340 Ver-

1846 2369 1971 2421 bum
2005 2376 2124 2422 erat
2155 2371 2349 2436 solum,
2385 2385 2560 2440 neque
2597 2374 2891 2442 quidquam
2935 2385 3131 2443 praeter
3170 2373 3418 2441 Verbum,

1845 2473 2004 2513 nemo
2039 2459 2318 2514 hominum
2361 2461 2564 2516 dictum
2621 2476 2744 2517 esse
2785 2471 2964 2533 potest
3016 2463 3415 2520 demonstrare.

1849 2547 1999 2604 Unde
2041 2549 2217 2604 audax
2246 2565 2376 2617 ergo
2420 2549 2550 2605 illud
2581 2552 3030 2617 additamentum,
3069 2553 3252 2610 solius.
3308 2554 3420 2610 Cur

1844 2657 1951 2696 non
1984 2643 2162 2712 potius
2186 2641 2387 2697 Filium
2419 2644 2545 2714 quis
2580 2643 2813 2713 appellet
2841 2657 2964 2698 eum
3008 2645 3209 2713 solum,
3240 2661 3419 2716 neque

1842 2733 2135 2802 quidquam
2182 2745 2379 2803 praeter
2423 2733 2668 2789 Filium?
2703 2734 2811 2789 Cur
2860 2751 2966 2790 non
3017 2735 3209 2802 Deum,
3241 2752 3419 2807 neque

1841 2824 2136 2894 quidquam
2180 2835 2376 2895 praeter
2426 2825 2635 2880 Deum?
2673 2825 2784 2881 Cur
2822 2842 2927 2881 non
2975 2827 3163 2882 mundi
3213 2827 3415 2893 lucem,

1841 2931 2018 2985 neque
2061 2917 2352 2987 quidquam
2404 2933 2600 2987 praeter
2643 2919 2860 2973 lucem?
2897 2917 3008 2974 Cur
3059 2934 3165 2974 non
3203 2919 3412 2985 ivitam,

1845 3022 2018 3077 neque
2043 3007 2334 3079 quidquam
2366 3017 2573 3078 praeter
2612 3009 2824 3064 vitam?
2850 3009 3132 3076 Quomodo
3160 3011 3324 3064 etiam
3355 3010 3412 3065 in

1842 3099 2077 3162 emeris,
2112 3114 2212 3155 nec
2240 3099 2519 3155 immerito
2547 3099 2693 3170 loqui
2724 3101 2879 3156 nobis
2898 3101 3042 3156 licet.
3082 3100 3190 3158 Sed
3224 3117 3415 3172 quem-

163 3189 502 3260 σφάλλεσθαι
535 3189 602 3244 ἂν
640 3191 852 3258 λέγοιτο
903 3193 1159 3256 εἰκότως·
1199 3190 1358 3262 μόνου
1393 3190 1502 3260 γὰρ
1530 3187 1622 3241 τοῦ
1651 3189 1739 3242 εὑ-

1848 3189 2136 3245 admodum
2186 3191 2234 3246 is
2271 3191 2364 3259 qui
2406 3191 2512 3246 ista
2556 3193 2754 3248 dixerit
2803 3207 2994 3248 errare
3021 3195 3259 3263 graviter
3281 3209 3414 3249 con-

156 3281 489 3351 αγγελιστοῦ
533 3266 779 3337 Ἰωάννου
828 3287 1024 3354 Λόγον
1067 3283 1230 3338 αὐτὸν
1282 3283 1739 3346 ἀποκαλέσαντος,

158 3375 264 3430 καὶ
293 3375 352 3428 οὐ
376 3376 534 3429 τοῦτο
563 3375 742 3447 μόνον,
763 3375 898 3429 ἀλλὰ
921 3377 1016 3430 καὶ
1045 3377 1132 3430 ἒτε
1143 3393 1238 3447 ρα·
1276 3374 1369 3428 τοῦ
1401 3375 1458 3428 δὲ
1489 3374 1742 3444 Σωτῆρος

152 3467 310 3538 φῶς,
341 3469 434 3521 καὶ
459 3468 740 3538 ἀλήθειαν,
765 3469 858 3522 καὶ
889 3466 1063 3537 ζωὴν,
1111 3471 1205 3521 καὶ
1239 3465 1538 3537 μονογενῆ
1581 3465 1736 3532 Υἱὸν,

154 3560 259 3614 καὶ
289 3559 358 3612 τά
388 3560 550 3613 λοιπὰ
577 3560 772 3613 ἑαυτὸν
799 3560 1134 3624 ἀνειπόντος,
1164 3561 1360 3628 Λόγον
1391 3558 1446 3612 δὲ
1464 3556 1736 3628 οὐδαμῶς,

153 3651 282 3716 πῶς
308 3653 408 3706 οὐκ
429 3652 628 3706 ἄτοπον
663 3653 776 3724 (23)
803 3653 895 3706 ἐπὶ
925 3654 1024 3725 μὲν
1069 3647 1144 3707 ὧν
1171 3653 1334 3716 αὐτὸς
1378 3652 1568 3706 ἑαυτὸν
1605 3651 1739 3705 ὠνό-

157 3759 328 3815 μασε,
365 3745 438 3814 μὴ
467 3743 642 3813 λέγειν
673 3744 730 3798 ἒν
780 3743 988 3799 τούτων
1022 3739 1162 3798 εἶναι
1207 3745 1303 3798 καὶ
1346 3744 1499 3798 οὐδὲν
1527 3744 1734 3816 ἕτερον,

152 3833 256 3886 ἐπὶ
283 3831 340 3886 δὲ
369 3832 470 3902 τῆς
498 3833 592 3886 τοῦ
623 3833 1010 3903 εὐαγγελιστοῦ
1043 3835 1170 3906 περὶ
1194 3834 1358 3888 αὑτοῦ
1396 3835 1600 3906 φωνῆς,
1637 3835 1736 3906 τῆς

151 3927 356 3994 Λόγον
376 3926 536 3978 αὐτὸν
579 3926 924 3996 άνειπούσης,
958 3925 1416 3991 διαϐεϐαιοῦσθαι,
1464 3927 1540 3990 ὡς
1586 3927 1736 3980 οὐδὲν

149 4014 346 4085 ἕτερον
380 4011 448 4086 ἦν
479 4016 512 4086 ἢ
545 4018 767 4088 Λόγος;
817 4016 978 4071 Ἀλλὰ
1019 4019 1114 4071 καὶ
1167 4019 1391 4091 κυρίως,
1429 4018 1585 4090 φησὶ,
1639 4019 1735 4073 καὶ

148 4105 377 4178 ἀληθῶς
400 4107 510 4178 (24)
541 4108 803 4180 ὑπάρχων
827 4109 959 4171 Θεός
982 4126 996 4140 ⁸
1045 4110 1106 4162 οὐ
1137 4110 1245 4182 γὰρ
1277 4109 1341 4180 δὴ
1377 4110 1565 4182 ἕτερος
1602 4105 1670 4180 ἦν
1705 4111 1733 4162 6

150 4199 332 4267 Λόγον
354 4199 515 4254 αὐτὸν
540 4199 797 4266 ἀνειπὼν,
823 4201 908 4253 ἐτε
919 4217 1009 4272 ρος
1037 4200 1093 4253 δὲ
1121 4204 1148 4254 ὁ
1187 4201 1318 4255 Θεὸν
1349 4201 1690 4265 ἀποκαλέσας
1715 4219 1727 4233 ο

148 4287 238 4354 εἷς
265 4289 323 4342 δὲ
353 4291 446 4344 καὶ
491 4293 520 4343 ό
569 4291 749 4355 αὐτός.
801 4291 1206 4363 Εὐαγγελιστὴς
1231 4291 1380 4362 ιόμοῦ
1427 4293 1520 4346 καὶ
1560 4293 1730 4361 Λόγον

148 4384 322 4438 αὐτὸν
344 4384 602 4450 ἐδίδαξεν,
627 4385 796 4439 εἰπών
816 4402 829 4414 ·
847 4385 958 4440 Καὶ
978 4386 1143 4457 ⁵Θεὸς
1173 4381 1253 4455 ἦν
1284 4389 1316 4439 ό
1357 4387 1549 4455 Λόγος
1568 4402 1582 4415 ·
1617 4387 1646 4440 6
1685 4384 1728 4438 δ’

147 4480 320 4543 αὐτὸς
350 4481 444 4533 καὶ
466 4480 581 4550 φῶς
611 4481 770 4535 αὐτὸν
803 4480 1075 4550 ὠνόμασε.
1116 4479 1216 4532 Διὰ
1245 4479 1298 4532 τί
1355 4474 1447 4532 οὖν
1498 4478 1573 4551 μὴ
1627 4496 1726 4532 κυ-

149 4572 289 4644 ρίως
313 4574 406 4626 καὶ
428 4571 642 4644 ἀληθῶς
666 4572 813 4636 Υίὸν,
851 4572 1132 4643 μονογενῆ,
1168 4572 1259 4625 καὶ
1283 4572 1381 4624 ὅσα
1407 4569 1541 4624 ἄλλα
1567 4570 1728 4634 αὐτὸς

141 4667 177 4719 ὁ
207 4664 473 4735 δεσπότης
495 4665 590 4718 καὶ
617 4664 806 4736 Σωτὴρ
826 4664 920 4717 τοῦ
965 4661 1348 4732 εὐαγγελιστοῦ
1383 4663 1509 4736 περὶ
1533 4660 1726 4715 ἑαυτοῦ

149 4755 615 4827 μεμαρτύρηκεν;
657 4757 715 4809 ὐ
755 4755 812 4808 δὲ
855 4755 1032 4808 πάντα
1082 4756 1298 4826 παρεὶς,
1345 4753 1504 4824 μόνον
1553 4753 1724 4820 Λόγον

144 4846 316 4902 αὐτὸν
341 4846 542 4919 κυρίως
571 4848 662 4901 καὶ
695 4847 910 4918 άληθῶς
940 4847 1204 4917 ὑπάρχειν
1246 4847 1398 4918 φησί.
1433 4846 1536 4899 Καὶ
1565 4861 1725 4916 προσ-

142 4937 389 5009 τίθησιν,
421 4939 496 5002 ὠς
521 4937 628 5010 ἄρα
664 4940 821 5010 μόνον
867 4938 950 5010 εἴη
981 4939 1172 5007 Λόγος.
1217 4937 1492 4991 Ἐντεῦθεν
1535 4937 1591 4990 δὲ
1621 4954 1720 4990 καο

137 5031 416 5086 ταπίπτει
451 5031 545 5086 ἐπὶ
574 5031 673 5104 τὴν
709 5032 803 5086 τοῦ
831 5032 1168 5104 ἀνθρωπείου
1203 5032 1363 5100 λόγου
1409 5031 1719 5102 ὁμοιότητα.

1845 3283 2094 3336 vincetur
2135 3282 2596 3352 (quandoquidem
2668 3284 2715 3338 is
2760 3286 2851 3353 qui
2903 3299 3042 3339 unus
3087 3293 3171 3340 est
3218 3292 3274 3341 et
3315 3286 3412 3342 Dei

1841 3371 2035 3438 Filius,
2074 3375 2226 3430 hisce
2269 3375 2526 3430 omnibus
2575 3375 2890 3452 nominibus
2930 3375 3251 3447 appelletur,
3307 3392 3411 3432 nec

1841 3463 1994 3519 hisce
2035 3474 2264 3532 tantum,
2297 3466 2393 3521 sed
2425 3465 2546 3521 aliis
2591 3466 2779 3521 multis
2804 3475 3000 3536 praeter
3028 3467 3131 3521 ista
3166 3476 3222 3521 et
3261 3467 3412 3522 hisce

1840 3555 2011 3626 magis
2050 3555 2249 3612 divinis
2310 3555 2517 3621 forsan,
2568 3565 2730 3626 prout
2770 3557 3136 3611 diversimodo
3167 3558 3409 3612 divinam

1839 3649 2011 3717 ipsius
2040 3657 2362 3718 potestatem
2391 3658 2446 3702 et
2472 3649 2726 3702 virtutem
2771 3649 3272 3718 apprehendimus).
3330 3647 3410 3703 lta

1837 3756 2053 3811 quoque
2085 3749 2138 3795 et
2173 3757 2296 3796 eum
2330 3743 2421 3811 qui
2474 3739 2708 3794 Verbum
2759 3739 2909 3794 illum
2956 3739 3128 3795 solum
3180 3741 3412 3810 appella-

1837 3833 1997 3896 verit,
2029 3846 2204 3901 neque
2227 3832 2370 3886 aliud
2414 3831 2709 3902 quidquam
2754 3840 2950 3901 praeter
2993 3831 3247 3897 Verbum,
3291 3847 3409 3885 om-

1837 3925 1964 3979 nino
2003 3923 2114 3978 l'alli
2167 3938 2389 3979 necesse
2417 3933 2500 3979 est
2521 3932 2573 3976 et
2603 3938 2813 3978 errare.
2837 3923 2969 3978 Cum
3001 3924 3144 3978 enim
3170 3922 3408 3980 Joannes

1834 4014 2170 4084 evangelista
2225 4014 2374 4070 solus
2422 4017 2600 4084 ipsum
2659 4013 2897 4082 appellet
2937 4013 3188 4078 Verbum,
3230 4030 3408 4085 neque

1847 4106 2070 4161 Verbum
2101 4107 2294 4172 solum,
2318 4106 2412 4161 sed
2446 4105 2631 4161 multis
2655 4106 2776 4161 aliis
2803 4106 3115 4161 nominibus
3136 4107 3401 4178 designet;

1833 4215 2066 4270 cumque
2110 4204 2228 4270 ipse
2273 4213 2331 4253 se
2361 4197 2643 4264 Servatur,
2681 4199 2851 4252 lucem
2894 4200 3157 4264 nominet,
3191 4209 3246 4254 et
3273 4200 3405 4254 veri-

1833 4301 2015 4357 tatem,
2053 4300 2110 4346 et
2165 4292 2344 4356 vitam,
2401 4301 2456 4345 et
2518 4291 2866 4360 unigenitum,
2918 4300 2973 4345 et
3015 4288 3239 4355 Filium,
3269 4305 3401 4346 nus-

1830 4398 1990 4453 quam
2060 4398 2191 4438 vero
2247 4382 2471 4437 Verbum
2523 4395 2542 4434 :
2603 4382 2877 4452 quomodo
2939 4397 3045 4435 non
3107 4382 3399 4438 absurdum

1833 4477 1994 4532 fuerit
2051 4477 2187 4530 nihil
2218 4477 2433 4546 quidem
2465 4489 2652 4530 eorum
2685 4475 2939 4546 allegare,
2981 4474 3176 4543 quibus
3199 4488 3258 4528 se
3286 4475 3400 4543 ipse

1836 4568 2158 4639 insignivit?
2205 4583 2378 4638 neque
2423 4568 2607 4622 dicere
2656 4568 2826 4636 ipsum
2876 4567 2947 4621 ita
2981 4568 3049 4620 ah
3106 4566 3212 4620 illis
3236 4581 3398 4620 voca-

1836 4670 1971 4727 tum,
2007 4669 2062 4715 et
2084 4659 2231 4714 nullo
2257 4661 2361 4714 alio
2406 4660 2657 4724 nomine;
2689 4659 2941 4712 insistere
2969 4668 3146 4713 autem
3178 4659 3231 4711 in
3267 4672 3400 4713 voce

1833 4751 1947 4817 illa,
1990 4749 2238 4816 Verbum,
2281 4750 2422 4818 quod
2456 4749 2522 4804 de
2573 4749 2690 4819 ipso
2737 4750 3015 4818 usurpavit
3043 4748 3396 4819 evangelista,

1829 4851 1883 4898 et
1907 4851 2223 4898 constanter
2257 4839 2546 4907 allirmare,
2578 4839 2717 4894 nihil
2766 4856 2890 4896 eum
2924 4854 3047 4895 esse
3079 4841 3224 4894 aliud
3263 4855 3399 4910 prm-

1829 4947 1914 4990 ter
1957 4934 2210 4991 Verbum?
2236 4934 2350 4990 ltno
2373 4948 2523 4998 vero,
2552 4931 2748 5000 inquit,
2784 4930 3004 5002 proprie
3042 4939 3203 4999 atque
3229 4933 3400 4988 veris-

1833 5029 1970 5085 sime
2007 5037 2127 5084 erat
2161 5027 2304 5083 Deus
2352 5025 2607 5092 Verbum,
2653 5039 2776 5078 nam
2815 5037 2920 5078 non
2955 5032 3074 5077 erat
3108 5023 3200 5102 ille
3233 5024 3395 5090 alius,

138 5129 243 5204 qui
274 5127 512 5186 Verbum
550 5131 724 5201 ipsum
767 5130 924 5198 dixit,
950 5131 1089 5186 alius
1125 5131 1216 5201 qui
1255 5131 1422 5186 Deum
1463 5127 1785 5198 nominavit,
1825 5129 1919 5185 sed
1966 5127 2128 5196 idem:
2158 5133 2320 5196 atque
2360 5137 2498 5179 unus
2545 5117 2876 5192 evangelista
2911 5135 2928 5174 :
2978 5119 3140 5174 simul
3172 5128 3228 5174 et
3261 5119 3399 5175 Ver-

221 5270 284 5328 ›Ῑ‹
317 5263 415 5318 Ed.
447 5262 648 5328 Paris.,
679 5280 796 5335 pag.
825 5263 926 5319 ll‘l

215 5359 267 5392 '°
293 5357 446 5419 Joan.
472 5373 511 5424 ι,
538 5357 594 5424 9,
624 5356 712 5414 li.

137 5472 244 5530 καὶ
269 5471 362 5542 ἐπὶ
391 5469 940 5542 τῶν.παραπλησίων,
969 5469 1161 5542 ταύτὸν
1193 5471 1257 5524 ἄν
1293 5487 1376 5534 τις
1406 5468 1716 5542 δικαιότατα

137 5541 504 5614 προτείνειεν.
534 5539 618 5594 Μ.
634 5571 706 5582 --
737 5539 878 5614 Intra
904 5541 1058 5612 vulgo
1082 5540 1284 5612 ἐγραχε
1301 5552 1354 5596 et
1378 5539 1608 5594 τοίανδε.

358 5610 538 5684 _Vulgo
567 5609 899 5684 προστιθείς.

217 5679 334 5747 (El)
358 5679 482 5735 Hac
505 5679 623 5735 om.’
636 5683 791 5735 codd.

216 5751 332 5823 (22)
366 5750 534 5822 Vulgo
566 5752 788 5823 ταύτην,
814 5750 917 5823 Mp.
947 5751 1179 5807 ταύτων.

1895 5465 2006 5535 (25)
2043 5464 2369 5535 Ἐπιμενων
2381 5461 2564 5535 αὐτὸς
2587 5461 2836 5535 ἑαυτόν..
2856 5458 3060 5535 Divitle,
3097 5457 3237 5535 male
3263 5472 3394 5515 eou-

1817 5526 2026 5604 junmi,
2061 5526 2283 5604 ὲπΥμὲν
2310 5531 2386 5586 ὣν
2411 5526 2593 5597 αὑτός.
2612 5529 2700 5604 _M.
2732 5528 2942 5604 —_[Sjc
2967 5539 3020 5582 et
3052 5526 3235 5604 codd]

1892 5597 2022 5678 (24)
2055 5597 2358 5678 Ὑπᾷρχῳν
2402 5604 2566 5672 Θεός.
2611 5599 2751 5678 Lege
2779 5597 3014 5678 suam
3057 5597 3385 5678 Θεάςξῌπ-

1819 5667 2126 5730 cellus'vult
2164 5667 2270 5729 h'o'c'
2293 5676 2493 5742 dicere,
2521 5667 2726 5738 statim,
2778 5667 3028 5739 ίεεθζδιὰ
3078 5668 3172 5724 τοῦ
3219 5668 3390 5742 εὐαγ-

1819 5743 2084 5816 γελιστοῦ.
2112 5743 2178 5798 Μ.
