  <div class='ocr_page' id='page_1' title='image "/cluster/home/n/w/nwhite01/storage/ocr_20150623/24/nnc1.0046978259/541.png"; bbox 0 0 3838 6222; ppageno 0'>
   <div class='ocr_carea' id='block_1_1' title="bbox 402 282 510 338">
    <p class='ocr_par' dir='ltr' id='par_1_1' title="bbox 402 282 510 338">
     <span class='ocr_line' id='line_1_1' title="bbox 402 282 510 338; baseline -0.019 0"><span class='ocrx_word' id='word_1_1' title='bbox 402 282 510 338; x_wconf 66' lang='lat'><strong>923</strong></span> 
     </span>
    </p>
   </div>
   <div class='ocr_carea' id='block_1_2' title="bbox 1151 272 3020 337">
    <p class='ocr_par' dir='ltr' id='par_1_2' title="bbox 1151 272 3020 337">
     <span class='ocr_line' id='line_1_2' title="bbox 1151 272 3020 337; baseline -0.004 -1"><span class='ocrx_word' id='word_1_2' title='bbox 1151 280 1423 336; x_wconf 79' lang='lat' dir='ltr'><strong>EUSEBII</strong></span> <span class='ocrx_word' id='word_1_3' title='bbox 1459 279 1928 337; x_wconf 65' lang='lat' dir='ltr'><strong>CESARIENSIS</strong></span> <span class='ocrx_word' id='word_1_4' title='bbox 1965 278 2115 337; x_wconf 85' lang='lat' dir='ltr'><strong>OPP.</strong></span> <span class='ocrx_word' id='word_1_5' title='bbox 2156 278 2331 336; x_wconf 81' lang='lat' dir='ltr'><strong>PARS</strong></span> <span class='ocrx_word' id='word_1_6' title='bbox 2365 277 2457 335; x_wconf 85' lang='lat' dir='ltr'><strong>IV.</strong></span> <span class='ocrx_word' id='word_1_7' title='bbox 2496 307 2567 320; x_wconf 87' lang='lat'><strong>--</strong></span> <span class='ocrx_word' id='word_1_8' title='bbox 2602 272 3020 333; x_wconf 78' lang='lat' dir='ltr'><strong>DOCMATICA.</strong></span> 
     </span>
    </p>
   </div>
   <div class='ocr_carea' id='block_1_3' title="bbox 3555 263 3663 323">
    <p class='ocr_par' dir='ltr' id='par_1_3' title="bbox 3555 263 3663 323">
     <span class='ocr_line' id='line_1_3' title="bbox 3555 263 3663 323; baseline 0 -4"><span class='ocrx_word' id='word_1_9' title='bbox 3555 263 3663 323; x_wconf 59' lang='grc' dir='ltr'>ἐὖ</span> 
     </span>
    </p>
   </div>
   <div class='ocr_carea' id='block_1_4' title="bbox 407 384 3660 469">
    <p class='ocr_par' dir='ltr' id='par_1_4' title="bbox 407 384 3660 469">
     <span class='ocr_line' id='line_1_4' title="bbox 407 384 3660 469; baseline -0.005 -15"><span class='ocrx_word' id='word_1_10' title='bbox 407 403 534 455; x_wconf 87' lang='lat' dir='ltr'><strong>bum</strong></span> <span class='ocrx_word' id='word_1_11' title='bbox 566 413 689 455; x_wconf 83' lang='lat' dir='ltr'><strong>esse</strong></span> <span class='ocrx_word' id='word_1_12' title='bbox 713 401 888 469; x_wconf 86' lang='lat' dir='ltr'><strong>ipsum</strong></span> <span class='ocrx_word' id='word_1_13' title='bbox 917 414 1018 456; x_wconf 87' lang='lat' dir='ltr'><strong>nos</strong></span> <span class='ocrx_word' id='word_1_14' title='bbox 1074 399 1257 455; x_wconf 92' lang='lat' dir='ltr'><strong>docuit</strong></span> <span class='ocrx_word' id='word_1_15' title='bbox 1297 417 1312 453; x_wconf 91' lang='lat'>:</span> <span class='ocrx_word' id='word_1_16' title='bbox 1356 398 1426 454; x_wconf 84' lang='lat' dir='ltr'><strong>Et</strong></span> <span class='ocrx_word' id='word_1_17' title='bbox 1450 399 1593 455; x_wconf 79' lang='lat' dir='ltr'><strong>Deus</strong></span> <span class='ocrx_word' id='word_1_18' title='bbox 1655 411 1767 455; x_wconf 78' lang='lat' dir='ltr'><strong>erat</strong></span> <span class='ocrx_word' id='word_1_19' title='bbox 1801 398 2042 464; x_wconf 80' lang='lat' dir='ltr'><strong>Verbum,</strong></span> <span class='ocrx_word' id='word_1_20' title='bbox 2079 410 2136 454; x_wconf 85' lang='lat' dir='ltr'><strong>et</strong></span> <span class='ocrx_word' id='word_1_21' title='bbox 2164 399 2341 453; x_wconf 89' lang='lat' dir='ltr'><strong>lucem</strong></span> <span class='ocrx_word' id='word_1_22' title='bbox 2389 398 2530 453; x_wconf 89' lang='lat' dir='ltr'><strong>idem</strong></span> <span class='ocrx_word' id='word_1_23' title='bbox 2566 395 2816 450; x_wconf 89' lang='lat' dir='ltr'><strong>eumdem</strong></span> <span class='ocrx_word' id='word_1_24' title='bbox 2854 388 3165 447; x_wconf 72' lang='lat' dir='ltr'><strong>nominavit.</strong></span> <span class='ocrx_word' id='word_1_25' title='bbox 3198 386 3467 454; x_wconf 74' lang='lat' dir='ltr'><strong>Quorsum</strong></span> <span class='ocrx_word' id='word_1_26' title='bbox 3493 384 3660 454; x_wconf 78' lang='lat' dir='ltr'><strong>igitur</strong></span> 
     </span>
    </p>
   </div>
   <div class='ocr_carea' id='block_1_5' title="bbox 407 476 3656 570">
    <p class='ocr_par' dir='ltr' id='par_1_5' title="bbox 407 476 3656 570">
     <span class='ocr_line' id='line_1_5' title="bbox 407 476 3656 570; baseline -0.005 -23"><span class='ocrx_word' id='word_1_27' title='bbox 407 510 512 547; x_wconf 89' lang='lat' dir='ltr'><strong>non</strong></span> <span class='ocrx_word' id='word_1_28' title='bbox 579 496 798 562; x_wconf 86' lang='lat' dir='ltr'><strong>proprie</strong></span> <span class='ocrx_word' id='word_1_29' title='bbox 839 502 1006 562; x_wconf 84' lang='lat' dir='ltr'><strong>atque</strong></span> <span class='ocrx_word' id='word_1_30' title='bbox 1055 507 1181 548; x_wconf 86' lang='lat' dir='ltr'><strong>vere</strong></span> <span class='ocrx_word' id='word_1_31' title='bbox 1232 491 1427 570; x_wconf 73' lang='lat' dir='ltr'><strong>Filium</strong></span> <span class='ocrx_word' id='word_1_32' title='bbox 1476 493 1834 562; x_wconf 88' lang='lat' dir='ltr'><strong>unigenitum,</strong></span> <span class='ocrx_word' id='word_1_33' title='bbox 1908 500 1965 545; x_wconf 93' lang='lat' dir='ltr'><strong>et</strong></span> <span class='ocrx_word' id='word_1_34' title='bbox 1999 491 2045 545; x_wconf 94' lang='lat' dir='ltr'><strong>si</strong></span> <span class='ocrx_word' id='word_1_35' title='bbox 2083 490 2284 560; x_wconf 80' lang='lat' dir='ltr'><strong>quibus</strong></span> <span class='ocrx_word' id='word_1_36' title='bbox 2331 490 2454 545; x_wconf 86' lang='lat' dir='ltr'><strong>aliis</strong></span> <span class='ocrx_word' id='word_1_37' title='bbox 2500 485 2808 543; x_wconf 81' lang='lat' dir='ltr'><strong>nominibus</strong></span> <span class='ocrx_word' id='word_1_38' title='bbox 2862 498 2924 539; x_wconf 87' lang='lat' dir='ltr'><strong>se</strong></span> <span class='ocrx_word' id='word_1_39' title='bbox 2978 481 3237 538; x_wconf 82' lang='lat' dir='ltr'><strong>Servatur</strong></span> <span class='ocrx_word' id='word_1_40' title='bbox 3282 486 3342 534; x_wconf 91' lang='lat' dir='ltr'><strong>et</strong></span> 
     </span>
    </p>
   </div>
   <div class='ocr_carea' id='block_1_6' title="bbox 405 569 3657 656">
    <p class='ocr_par' dir='ltr' id='par_1_6' title="bbox 405 569 3657 656">
     <span class='ocr_line' id='line_1_6' title="bbox 405 569 3657 656; baseline -0.006 -15"><span class='ocrx_word' id='word_1_41' title='bbox 405 587 750 656; x_wconf 67' lang='lat' dir='ltr'><strong>evangelista:</strong></span> <span class='ocrx_word' id='word_1_42' title='bbox 805 588 1126 651; x_wconf 71' lang='lat' dir='ltr'><strong>nominavit,</strong></span> <span class='ocrx_word' id='word_1_43' title='bbox 1195 603 1318 643; x_wconf 91' lang='lat' dir='ltr'><strong>eum</strong></span> <span class='ocrx_word' id='word_1_44' title='bbox 1389 587 1593 643; x_wconf 75' lang='lat' dir='ltr'><strong>vocat?</strong></span> <span class='ocrx_word' id='word_1_45' title='bbox 1641 587 1749 642; x_wconf 87' lang='lat' dir='ltr'><strong>Sed</strong></span> <span class='ocrx_word' id='word_1_46' title='bbox 1807 584 2062 640; x_wconf 86' lang='lat' dir='ltr'><strong>omnibus</strong></span> <span class='ocrx_word' id='word_1_47' title='bbox 2098 585 2336 650; x_wconf 87' lang='lat' dir='ltr'><strong>omissis,</strong></span> <span class='ocrx_word' id='word_1_48' title='bbox 2385 593 2443 638; x_wconf 91' lang='lat' dir='ltr'><strong>et</strong></span> <span class='ocrx_word' id='word_1_49' title='bbox 2492 576 2941 649; x_wconf 84' lang='lat' dir='ltr'><strong>insuperbabitis,</strong></span> <span class='ocrx_word' id='word_1_50' title='bbox 3002 573 3176 631; x_wconf 83' lang='lat' dir='ltr'><strong>solum</strong></span> <span class='ocrx_word' id='word_1_51' title='bbox 3233 586 3357 626; x_wconf 90' lang='lat' dir='ltr'><strong>eum</strong></span> <span class='ocrx_word' id='word_1_52' title='bbox 3417 569 3657 626; x_wconf 80' lang='lat' dir='ltr'><strong>Verbum</strong></span> 
     </span>
    </p>
   </div>
   <div class='ocr_carea' id='block_1_7' title="bbox 406 662 3661 752">
    <p class='ocr_par' dir='ltr' id='par_1_7' title="bbox 406 662 3661 752">
     <span class='ocr_line' id='line_1_7' title="bbox 406 662 3661 752; baseline -0.005 -18"><span class='ocrx_word' id='word_1_53' title='bbox 406 680 628 750; x_wconf 87' lang='lat' dir='ltr'><strong>proprie</strong></span> <span class='ocrx_word' id='word_1_54' title='bbox 673 688 840 750; x_wconf 82' lang='lat' dir='ltr'><strong>alque</strong></span> <span class='ocrx_word' id='word_1_55' title='bbox 901 695 1033 735; x_wconf 83' lang='lat' dir='ltr'><strong>vere</strong></span> <span class='ocrx_word' id='word_1_56' title='bbox 1079 689 1305 737; x_wconf 81' lang='lat' dir='ltr'><strong>exstare</strong></span> <span class='ocrx_word' id='word_1_57' title='bbox 1350 681 1551 750; x_wconf 89' lang='lat' dir='ltr'><strong>docet,</strong></span> <span class='ocrx_word' id='word_1_58' title='bbox 1618 682 1832 752; x_wconf 83' lang='lat' dir='ltr'><strong>adjecto</strong></span> <span class='ocrx_word' id='word_1_59' title='bbox 1879 684 1986 739; x_wconf 90' lang='lat' dir='ltr'><strong>hoc</strong></span> <span class='ocrx_word' id='word_1_60' title='bbox 2023 681 2188 737; x_wconf 90' lang='lat' dir='ltr'><strong>etiam</strong></span> <span class='ocrx_word' id='word_1_61' title='bbox 2249 678 2492 748; x_wconf 82' lang='lat' dir='ltr'><strong>insuper,</strong></span> <span class='ocrx_word' id='word_1_62' title='bbox 2558 673 2705 745; x_wconf 91' lang='lat' dir='ltr'><strong>quod</strong></span> <span class='ocrx_word' id='word_1_63' title='bbox 2748 667 3123 726; x_wconf 74' lang='lat' dir='ltr'><strong>tantummodo</strong></span> <span class='ocrx_word' id='word_1_64' title='bbox 3151 666 3384 722; x_wconf 84' lang='lat' dir='ltr'><strong>Verbum</strong></span> <span class='ocrx_word' id='word_1_65' title='bbox 3417 662 3661 721; x_wconf 79' lang='lat' dir='ltr'><strong>estzubi</strong></span> 
     </span>
    </p>
   </div>
   <div class='ocr_carea' id='block_1_8' title="bbox 407 774 1909 835">
    <p class='ocr_par' dir='ltr' id='par_1_8' title="bbox 407 774 1909 835">
     <span class='ocr_line' id='line_1_8' title="bbox 407 774 1909 835; baseline 0.003 -6"><span class='ocrx_word' id='word_1_66' title='bbox 407 775 576 829; x_wconf 88' lang='lat' dir='ltr'><strong>etiam</strong></span> <span class='ocrx_word' id='word_1_67' title='bbox 603 775 671 830; x_wconf 84' lang='lat' dir='ltr'><strong>ad</strong></span> <span class='ocrx_word' id='word_1_68' title='bbox 697 774 919 830; x_wconf 80' lang='lat' dir='ltr'><strong>humani</strong></span> <span class='ocrx_word' id='word_1_69' title='bbox 948 776 1096 829; x_wconf 85' lang='lat' dir='ltr'><strong>verbi</strong></span> <span class='ocrx_word' id='word_1_70' title='bbox 1123 775 1531 830; x_wconf 73' lang='lat' dir='ltr'><strong>similLtudinem</strong></span> <span class='ocrx_word' id='word_1_71' title='bbox 1561 791 1620 833; x_wconf 88' lang='lat' dir='ltr'><strong>se</strong></span> <span class='ocrx_word' id='word_1_72' title='bbox 1652 777 1909 835; x_wconf 83' lang='lat' dir='ltr'><strong>demittit.</strong></span> 
     </span>
    </p>
   </div>
   <div class='ocr_carea' id='block_1_9' title="bbox 1043 862 1423 930">
    <p class='ocr_par' dir='ltr' id='par_1_9' title="bbox 1043 862 1423 930">
     <span class='ocr_line' id='line_1_9' title="bbox 1043 862 1423 930; baseline 0.003 -10"><span class='ocrx_word' id='word_1_73' title='bbox 1043 871 1102 930; x_wconf 55' lang='grc' dir='ltr'>ὦ</span> <span class='ocrx_word' id='word_1_74' title='bbox 1146 866 1296 921; x_wconf 82' lang='lat' dir='ltr'><strong>CAP.</strong></span> <span class='ocrx_word' id='word_1_75' title='bbox 1334 862 1423 921; x_wconf 81' lang='lat' dir='ltr'><strong>XI.</strong></span> 
     </span>
    </p>
   </div>
   <div class='ocr_carea' id='block_1_10' title="bbox 415 972 1981 1047">
    <p class='ocr_par' dir='ltr' id='par_1_10' title="bbox 415 972 1981 1047">
     <span class='ocr_line' id='line_1_10' title="bbox 415 972 1981 1047; baseline 0.003 -21"><span class='ocrx_word' id='word_1_76' title='bbox 415 972 571 1047; x_wconf 77' lang='lat' dir='ltr'><strong>Quod</strong></span> <span class='ocrx_word' id='word_1_77' title='bbox 598 974 1034 1047; x_wconf 10' lang='lat' dir='ltr'><strong>eumraliquando</strong></span> <span class='ocrx_word' id='word_1_78' title='bbox 1067 978 1397 1044; x_wconf 80' lang='lat' dir='ltr'><strong>prolatitium</strong></span> <span class='ocrx_word' id='word_1_79' title='bbox 1436 978 1528 1032; x_wconf 86' lang='lat' dir='ltr'><strong>Dei</strong></span> <span class='ocrx_word' id='word_1_80' title='bbox 1562 977 1787 1033; x_wconf 82' lang='lat' dir='ltr'><strong>Verbum</strong></span> <span class='ocrx_word' id='word_1_81' title='bbox 1815 989 1981 1047; x_wconf 78' lang='lat' dir='ltr'><strong>vocet,</strong></span> 
     </span>
    </p>
   </div>
   <div class='ocr_carea' id='block_1_11' title="bbox 483 1046 1983 1115">
    <p class='ocr_par' dir='ltr' id='par_1_11' title="bbox 483 1046 1983 1115">
     <span class='ocr_line' id='line_1_11' title="bbox 483 1046 1983 1115; baseline 0.004 -17"><span class='ocrx_word' id='word_1_82' title='bbox 483 1046 773 1115; x_wconf 71' lang='lat' dir='ltr'><strong>aliquando</strong></span> <span class='ocrx_word' id='word_1_83' title='bbox 802 1056 977 1099; x_wconf 86' lang='lat' dir='ltr'><strong>autem</strong></span> <span class='ocrx_word' id='word_1_84' title='bbox 1007 1048 1149 1101; x_wconf 75' lang='lat' dir='ltr'><strong>intus</strong></span> <span class='ocrx_word' id='word_1_85' title='bbox 1183 1050 1489 1114; x_wconf 80' lang='lat' dir='ltr'><strong>repositum,</strong></span> <span class='ocrx_word' id='word_1_86' title='bbox 1518 1059 1575 1103; x_wconf 87' lang='lat' dir='ltr'><strong>ut</strong></span> <span class='ocrx_word' id='word_1_87' title='bbox 1606 1051 1662 1103; x_wconf 76' lang='lat' dir='ltr'><strong>in</strong></span> <span class='ocrx_word' id='word_1_88' title='bbox 1683 1046 1983 1105; x_wconf 80' lang='lat' dir='ltr'><strong>hominibus</strong></span> 
     </span>
    </p>
   </div>
   <div class='ocr_carea' id='block_1_12' title="bbox 484 1114 1319 1186">
    <p class='ocr_par' dir='ltr' id='par_1_12' title="bbox 484 1114 1319 1186">
     <span class='ocr_line' id='line_1_12' title="bbox 484 1114 1319 1186; baseline 0.005 -17"><span class='ocrx_word' id='word_1_89' title='bbox 484 1114 619 1169; x_wconf 83' lang='lat' dir='ltr'><strong>solet</strong></span> <span class='ocrx_word' id='word_1_90' title='bbox 645 1114 785 1183; x_wconf 78' lang='lat' dir='ltr'><strong>ﬁeri,</strong></span> <span class='ocrx_word' id='word_1_91' title='bbox 815 1126 975 1186; x_wconf 85' lang='lat' dir='ltr'><strong>atque</strong></span> <span class='ocrx_word' id='word_1_92' title='bbox 1007 1119 1319 1173; x_wconf 78' lang='lat' dir='ltr'><strong>immanem.</strong></span> 
     </span>
    </p>
   </div>
   <div class='ocr_carea' id='block_1_13' title="bbox 484 1227 1982 1302">
    <p class='ocr_par' dir='ltr' id='par_1_13' title="bbox 484 1227 1982 1302">
     <span class='ocr_line' id='line_1_13' title="bbox 484 1227 1982 1302; baseline 0.002 -19"><span class='ocrx_word' id='word_1_93' title='bbox 484 1227 688 1284; x_wconf 86' lang='lat' dir='ltr'><strong>Lucem</strong></span> <span class='ocrx_word' id='word_1_94' title='bbox 733 1230 824 1283; x_wconf 89' lang='lat' dir='ltr'><strong>ubi</strong></span> <span class='ocrx_word' id='word_1_95' title='bbox 861 1229 1009 1283; x_wconf 92' lang='lat' dir='ltr'><strong>illum</strong></span> <span class='ocrx_word' id='word_1_96' title='bbox 1044 1231 1381 1284; x_wconf 86' lang='lat' dir='ltr'><strong>nominatum</strong></span> <span class='ocrx_word' id='word_1_97' title='bbox 1415 1232 1589 1296; x_wconf 85' lang='lat' dir='ltr'><strong>audit,</strong></span> <span class='ocrx_word' id='word_1_98' title='bbox 1626 1247 1732 1286; x_wconf 90' lang='lat' dir='ltr'><strong>non</strong></span> <span class='ocrx_word' id='word_1_99' title='bbox 1764 1232 1982 1302; x_wconf 79' lang='lat' dir='ltr'><strong>quidem</strong></span> 
     </span>
    </p>
   </div>
   <div class='ocr_carea' id='block_1_14' title="bbox 416 1319 1985 1391">
    <p class='ocr_par' dir='ltr' id='par_1_14' title="bbox 416 1319 1985 1391">
     <span class='ocr_line' id='line_1_14' title="bbox 416 1319 1985 1391; baseline 0.001 -16"><span class='ocrx_word' id='word_1_100' title='bbox 416 1320 641 1375; x_wconf 86' lang='lat' dir='ltr'><strong>aberrat</strong></span> <span class='ocrx_word' id='word_1_101' title='bbox 672 1321 739 1374; x_wconf 85' lang='lat' dir='ltr'><strong>ad</strong></span> <span class='ocrx_word' id='word_1_102' title='bbox 770 1319 1111 1388; x_wconf 86' lang='lat' dir='ltr'><strong>corporalem</strong></span> <span class='ocrx_word' id='word_1_103' title='bbox 1149 1320 1344 1386; x_wconf 85' lang='lat' dir='ltr'><strong>lucem,</strong></span> <span class='ocrx_word' id='word_1_104' title='bbox 1380 1337 1553 1391; x_wconf 87' lang='lat' dir='ltr'><strong>neque</strong></span> <span class='ocrx_word' id='word_1_105' title='bbox 1589 1323 1819 1377; x_wconf 85' lang='lat' dir='ltr'><strong>similem</strong></span> <span class='ocrx_word' id='word_1_106' title='bbox 1861 1338 1985 1378; x_wconf 89' lang='lat' dir='ltr'><strong>eum</strong></span> 
     </span>
    </p>
   </div>
   <div class='ocr_carea' id='block_1_15' title="bbox 416 1410 1987 1484">
    <p class='ocr_par' dir='ltr' id='par_1_15' title="bbox 416 1410 1987 1484">
     <span class='ocr_line' id='line_1_15' title="bbox 416 1410 1987 1484; baseline 0 -19"><span class='ocrx_word' id='word_1_107' title='bbox 416 1410 651 1465; x_wconf 81' lang='lat' dir='ltr'><strong>allirmat</strong></span> <span class='ocrx_word' id='word_1_108' title='bbox 689 1411 855 1466; x_wconf 86' lang='lat' dir='ltr'><strong>solari</strong></span> <span class='ocrx_word' id='word_1_109' title='bbox 899 1411 1112 1477; x_wconf 85' lang='lat' dir='ltr'><strong>lumini,</strong></span> <span class='ocrx_word' id='word_1_110' title='bbox 1147 1421 1205 1465; x_wconf 87' lang='lat' dir='ltr'><strong>at</strong></span> <span class='ocrx_word' id='word_1_111' title='bbox 1251 1410 1485 1467; x_wconf 81' lang='lat' dir='ltr'><strong>Verbum</strong></span> <span class='ocrx_word' id='word_1_112' title='bbox 1534 1413 1622 1467; x_wconf 86' lang='lat' dir='ltr'><strong>ubi</strong></span> <span class='ocrx_word' id='word_1_113' title='bbox 1668 1413 1877 1484; x_wconf 88' lang='lat' dir='ltr'><strong>legerit,</strong></span> <span class='ocrx_word' id='word_1_114' title='bbox 1911 1413 1987 1468; x_wconf 86' lang='lat' dir='ltr'><strong>si-</strong></span> 
     </span>
    </p>
   </div>
   <div class='ocr_carea' id='block_1_16' title="bbox 412 1499 1987 1570">
    <p class='ocr_par' dir='ltr' id='par_1_16' title="bbox 412 1499 1987 1570">
     <span class='ocr_line' id='line_1_16' title="bbox 412 1499 1987 1570; baseline 0.001 -16"><span class='ocrx_word' id='word_1_115' title='bbox 412 1499 790 1568; x_wconf 71' lang='lat' dir='ltr'><strong>gniﬁcativum</strong></span> <span class='ocrx_word' id='word_1_116' title='bbox 834 1514 960 1555; x_wconf 91' lang='lat' dir='ltr'><strong>eum</strong></span> <span class='ocrx_word' id='word_1_117' title='bbox 1019 1502 1374 1570; x_wconf 79' lang='lat' dir='ltr'><strong>imaginatur,</strong></span> <span class='ocrx_word' id='word_1_118' title='bbox 1427 1510 1483 1557; x_wconf 90' lang='lat' dir='ltr'><strong>et</strong></span> <span class='ocrx_word' id='word_1_119' title='bbox 1537 1503 1772 1556; x_wconf 83' lang='lat' dir='ltr'><strong>humano</strong></span> <span class='ocrx_word' id='word_1_120' title='bbox 1821 1501 1987 1556; x_wconf 88' lang='lat' dir='ltr'><strong>verbo</strong></span> 
     </span>
    </p>
   </div>
   <div class='ocr_carea' id='block_1_17' title="bbox 418 1590 1986 1662">
    <p class='ocr_par' dir='ltr' id='par_1_17' title="bbox 418 1590 1986 1662">
     <span class='ocr_line' id='line_1_17' title="bbox 418 1590 1986 1662; baseline 0.001 -16"><span class='ocrx_word' id='word_1_121' title='bbox 418 1590 620 1656; x_wconf 89' lang='lat' dir='ltr'><strong>simile,</strong></span> <span class='ocrx_word' id='word_1_122' title='bbox 656 1591 792 1646; x_wconf 87' lang='lat' dir='ltr'><strong>adeo</strong></span> <span class='ocrx_word' id='word_1_123' title='bbox 818 1600 875 1646; x_wconf 90' lang='lat' dir='ltr'><strong>ut</strong></span> <span class='ocrx_word' id='word_1_124' title='bbox 903 1607 1045 1646; x_wconf 89' lang='lat' dir='ltr'><strong>nunc</strong></span> <span class='ocrx_word' id='word_1_125' title='bbox 1071 1590 1324 1659; x_wconf 78' lang='lat' dir='ltr'><strong>atﬁrmet,</strong></span> <span class='ocrx_word' id='word_1_126' title='bbox 1347 1607 1469 1647; x_wconf 93' lang='lat' dir='ltr'><strong>eum</strong></span> <span class='ocrx_word' id='word_1_127' title='bbox 1501 1593 1551 1646; x_wconf 90' lang='lat' dir='ltr'><strong>in</strong></span> <span class='ocrx_word' id='word_1_128' title='bbox 1588 1592 1699 1647; x_wconf 88' lang='lat' dir='ltr'><strong>Deo</strong></span> <span class='ocrx_word' id='word_1_129' title='bbox 1724 1592 1986 1662; x_wconf 84' lang='lat' dir='ltr'><strong>conquie-</strong></span> 
     </span>
    </p>
   </div>
   <div class='ocr_carea' id='block_1_18' title="bbox 419 1682 1988 1755">
    <p class='ocr_par' dir='ltr' id='par_1_18' title="bbox 419 1682 1988 1755">
     <span class='ocr_line' id='line_1_18' title="bbox 419 1682 1988 1755; baseline 0 -17"><span class='ocrx_word' id='word_1_130' title='bbox 419 1698 598 1748; x_wconf 84' lang='lat' dir='ltr'><strong>scere,</strong></span> <span class='ocrx_word' id='word_1_131' title='bbox 628 1698 772 1738; x_wconf 91' lang='lat' dir='ltr'><strong>nunc</strong></span> <span class='ocrx_word' id='word_1_132' title='bbox 802 1693 955 1738; x_wconf 79' lang='lat' dir='ltr'><strong>extra</strong></span> <span class='ocrx_word' id='word_1_133' title='bbox 982 1682 1151 1739; x_wconf 90' lang='lat' dir='ltr'><strong>Deum</strong></span> <span class='ocrx_word' id='word_1_134' title='bbox 1187 1685 1370 1754; x_wconf 83' lang='lat' dir='ltr'><strong>egredi</strong></span> <span class='ocrx_word' id='word_1_135' title='bbox 1412 1685 1579 1750; x_wconf 85' lang='lat' dir='ltr'><strong>dicat,</strong></span> <span class='ocrx_word' id='word_1_136' title='bbox 1613 1696 1776 1755; x_wconf 84' lang='lat' dir='ltr'><strong>atque</strong></span> <span class='ocrx_word' id='word_1_137' title='bbox 1823 1687 1897 1739; x_wconf 87' lang='lat' dir='ltr'><strong>ita</strong></span> <span class='ocrx_word' id='word_1_138' title='bbox 1933 1695 1988 1740; x_wconf 93' lang='lat' dir='ltr'><strong>et</strong></span> 
     </span>
    </p>
   </div>
   <div class='ocr_carea' id='block_1_19' title="bbox 419 1773 1989 1844">
    <p class='ocr_par' dir='ltr' id='par_1_19' title="bbox 419 1773 1989 1844">
     <span class='ocr_line' id='line_1_19' title="bbox 419 1773 1989 1844; baseline 0.002 -17"><span class='ocrx_word' id='word_1_139' title='bbox 419 1781 573 1828; x_wconf 78' lang='lat' dir='ltr'><strong>extra</strong></span> <span class='ocrx_word' id='word_1_140' title='bbox 609 1788 757 1839; x_wconf 92' lang='lat' dir='ltr'><strong>eum,</strong></span> <span class='ocrx_word' id='word_1_141' title='bbox 783 1782 838 1828; x_wconf 92' lang='lat' dir='ltr'><strong>et</strong></span> <span class='ocrx_word' id='word_1_142' title='bbox 879 1773 935 1827; x_wconf 93' lang='lat' dir='ltr'><strong>in</strong></span> <span class='ocrx_word' id='word_1_143' title='bbox 962 1786 1029 1828; x_wconf 92' lang='lat' dir='ltr'><strong>eo</strong></span> <span class='ocrx_word' id='word_1_144' title='bbox 1056 1774 1379 1841; x_wconf 82' lang='lat' dir='ltr'><strong>consistere,</strong></span> <span class='ocrx_word' id='word_1_145' title='bbox 1408 1776 1475 1829; x_wconf 88' lang='lat' dir='ltr'><strong>ad</strong></span> <span class='ocrx_word' id='word_1_146' title='bbox 1501 1777 1716 1830; x_wconf 87' lang='lat' dir='ltr'><strong>modum</strong></span> <span class='ocrx_word' id='word_1_147' title='bbox 1761 1790 1867 1844; x_wconf 91' lang='lat' dir='ltr'><strong>quo</strong></span> <span class='ocrx_word' id='word_1_148' title='bbox 1892 1791 1989 1830; x_wconf 92' lang='lat' dir='ltr'><strong>no-</strong></span> 
     </span>
    </p>
   </div>
   <div class='ocr_carea' id='block_1_20' title="bbox 420 1861 1989 1932">
    <p class='ocr_par' dir='ltr' id='par_1_20' title="bbox 420 1861 1989 1932">
     <span class='ocr_line' id='line_1_20' title="bbox 420 1861 1989 1932; baseline 0.003 -15"><span class='ocrx_word' id='word_1_149' title='bbox 420 1869 596 1917; x_wconf 86' lang='lat' dir='ltr'><strong>strum</strong></span> <span class='ocrx_word' id='word_1_150' title='bbox 639 1862 860 1915; x_wconf 84' lang='lat' dir='ltr'><strong>verbum</strong></span> <span class='ocrx_word' id='word_1_151' title='bbox 909 1861 1084 1927; x_wconf 90' lang='lat' dir='ltr'><strong>solet,</strong></span> <span class='ocrx_word' id='word_1_152' title='bbox 1119 1864 1260 1932; x_wconf 86' lang='lat' dir='ltr'><strong>quod</strong></span> <span class='ocrx_word' id='word_1_153' title='bbox 1305 1864 1452 1919; x_wconf 89' lang='lat' dir='ltr'><strong>intus</strong></span> <span class='ocrx_word' id='word_1_154' title='bbox 1504 1864 1745 1919; x_wconf 85' lang='lat' dir='ltr'><strong>residere</strong></span> <span class='ocrx_word' id='word_1_155' title='bbox 1790 1873 1847 1921; x_wconf 88' lang='lat' dir='ltr'><strong>et</strong></span> <span class='ocrx_word' id='word_1_156' title='bbox 1894 1881 1989 1921; x_wconf 89' lang='lat' dir='ltr'><strong>ore</strong></span> 
     </span>
    </p>
   </div>
   <div class='ocr_carea' id='block_1_21' title="bbox 422 1951 1987 2023">
    <p class='ocr_par' dir='ltr' id='par_1_21' title="bbox 422 1951 1987 2023">
     <span class='ocr_line' id='line_1_21' title="bbox 422 1951 1987 2023; baseline 0.003 -18"><span class='ocrx_word' id='word_1_157' title='bbox 422 1951 649 2020; x_wconf 80' lang='lat' dir='ltr'><strong>proferri</strong></span> <span class='ocrx_word' id='word_1_158' title='bbox 699 1951 1041 2023; x_wconf 77' lang='lat' dir='ltr'><strong>intelligitur.</strong></span> <span class='ocrx_word' id='word_1_159' title='bbox 1086 1951 1335 2008; x_wconf 82' lang='lat' dir='ltr'><strong>Totidem</strong></span> <span class='ocrx_word' id='word_1_160' title='bbox 1384 1968 1515 2008; x_wconf 90' lang='lat' dir='ltr'><strong>vero</strong></span> <span class='ocrx_word' id='word_1_161' title='bbox 1562 1955 1750 2009; x_wconf 82' lang='lat' dir='ltr'><strong>verbis</strong></span> <span class='ocrx_word' id='word_1_162' title='bbox 1798 1955 1871 2009; x_wconf 92' lang='lat' dir='ltr'><strong>ita</strong></span> <span class='ocrx_word' id='word_1_163' title='bbox 1907 1956 1987 2009; x_wconf 93' lang='lat' dir='ltr'><strong>lo-</strong></span> 
     </span>
    </p>
   </div>
   <div class='ocr_carea' id='block_1_22' title="bbox 350 2041 1988 2118">
    <p class='ocr_par' dir='ltr' id='par_1_22' title="bbox 350 2041 1988 2118">
     <span class='ocr_line' id='line_1_22' title="bbox 350 2041 1988 2118; baseline 0.005 -23"><span class='ocrx_word' id='word_1_164' title='bbox 350 2083 361 2089; x_wconf 92' lang='lat'><strong>-</strong></span> <span class='ocrx_word' id='word_1_165' title='bbox 423 2041 744 2114; x_wconf 82' lang='lat' dir='ltr'><strong>quitur:[R.</strong></span> <span class='ocrx_word' id='word_1_166' title='bbox 776 2042 908 2111; x_wconf 90' lang='lat' dir='ltr'><strong>LVI,</strong></span> <span class='ocrx_word' id='word_1_167' title='bbox 935 2045 1059 2098; x_wconf 90' lang='lat' dir='ltr'><strong>coll.</strong></span> <span class='ocrx_word' id='word_1_168' title='bbox 1085 2060 1137 2114; x_wconf 91' lang='lat' dir='ltr'><strong>p.</strong></span> <span class='ocrx_word' id='word_1_169' title='bbox 1159 2044 1232 2099; x_wconf 75' lang='grc' dir='ltr'>ιο</span> <span class='ocrx_word' id='word_1_170' title='bbox 1253 2046 1314 2110; x_wconf 84' lang='grc' dir='ltr'>Β,</span> <span class='ocrx_word' id='word_1_171' title='bbox 1335 2046 1436 2099; x_wconf 64' lang='lat' dir='ltr'><strong>III</strong></span> <span class='ocrx_word' id='word_1_172' title='bbox 1463 2044 1529 2118; x_wconf 77' lang='grc' dir='ltr'><strong>Β]</strong></span> <span class='ocrx_word' id='word_1_173' title='bbox 1580 2065 1602 2098; x_wconf 73' lang='grc' dir='ltr'><strong>ι</strong></span> <span class='ocrx_word' id='word_1_174' title='bbox 1629 2046 1820 2102; x_wconf 87' lang='lat' dir='ltr'><strong>Omnia</strong></span> <span class='ocrx_word' id='word_1_175' title='bbox 1844 2063 1988 2116; x_wconf 71' lang='lat' dir='ltr'><strong>quat-</strong></span> 
     </span>
    </p>
   </div>
   <div class='ocr_carea' id='block_1_23' title="bbox 2013 879 2064 937">
    <p class='ocr_par' dir='ltr' id='par_1_23' title="bbox 2013 879 2064 937">
     <span class='ocr_line' id='line_1_23' title="bbox 2013 879 2064 937; baseline 0 0"><span class='ocrx_word' id='word_1_176' title='bbox 2013 879 2064 937; x_wconf 80' lang='grc' dir='ltr'><strong>Λ</strong></span> 
     </span>
    </p>
   </div>
   <div class='ocr_carea' id='block_1_24' title="bbox 2711 848 3015 905">
    <p class='ocr_par' dir='ltr' id='par_1_24' title="bbox 2711 848 3015 905">
     <span class='ocr_line' id='line_1_24' title="bbox 2711 848 3015 905; baseline -0.02 1"><span class='ocrx_word' id='word_1_177' title='bbox 2711 850 2870 905; x_wconf 78' lang='grc' dir='ltr'>ΚΕΦ.</span> <span class='ocrx_word' id='word_1_178' title='bbox 2909 848 3015 901; x_wconf 74' lang='lat' dir='ltr'><strong>IA’.</strong></span> 
     </span>
    </p>
   </div>
   <div class='ocr_carea' id='block_1_25' title="bbox 2084 954 3666 1036">
    <p class='ocr_par' dir='ltr' id='par_1_25' title="bbox 2084 954 3666 1036">
     <span class='ocr_line' id='line_1_25' title="bbox 2084 954 3666 1036; baseline 0.003 -41"><span class='ocrx_word' id='word_1_179' title='bbox 2084 975 2221 1028; x_wconf 77' lang='grc' dir='ltr'><strong>οοτι</strong></span> <span class='ocrx_word' id='word_1_180' title='bbox 2253 969 2400 1024; x_wconf 78' lang='grc' dir='ltr'>ποτὲ</span> <span class='ocrx_word' id='word_1_181' title='bbox 2447 966 2565 1036; x_wconf 77' lang='grc' dir='ltr'>μὲν</span> <span class='ocrx_word' id='word_1_182' title='bbox 2597 960 2785 1036; x_wconf 58' lang='grc' dir='ltr'>αὐτὸν</span> <span class='ocrx_word' id='word_1_183' title='bbox 2816 958 3184 1036; x_wconf 71' lang='grc' dir='ltr'>προφορικὸν</span> <span class='ocrx_word' id='word_1_184' title='bbox 3224 954 3516 1036; x_wconf 45' lang='grc' dir='ltr'>τοία-Θεοῦ</span> <span class='ocrx_word' id='word_1_185' title='bbox 3535 956 3666 1036; x_wconf 39' lang='grc' dir='ltr'><strong>ΔΑ,εῇ</strong></span> 
     </span>
    </p>
   </div>
   <div class='ocr_carea' id='block_1_26' title="bbox 2159 1023 3663 1113">
    <p class='ocr_par' dir='ltr' id='par_1_26' title="bbox 2159 1023 3663 1113">
     <span class='ocr_line' id='line_1_26' title="bbox 2159 1023 3663 1113; baseline -0.013 -16"><span class='ocrx_word' id='word_1_186' title='bbox 2159 1023 2292 1113; x_wconf 40' lang='grc' dir='ltr'>,οδε</span> <span class='ocrx_word' id='word_1_187' title='bbox 2309 1023 2466 1113; x_wconf 48' lang='lat' dir='ltr'><strong>gout</strong></span> <span class='ocrx_word' id='word_1_188' title='bbox 2484 1035 2553 1091; x_wconf 77' lang='grc' dir='ltr'>δὲ</span> <span class='ocrx_word' id='word_1_189' title='bbox 2598 1023 2951 1089; x_wconf 64' lang='grc' dir='ltr'><strong>ἐνδιάθεαέωῐ</strong></span> <span class='ocrx_word' id='word_1_190' title='bbox 2994 1023 3208 1101; x_wconf 71' lang='grc' dir='ltr'>ὁμοίως</span> <span class='ocrx_word' id='word_1_191' title='bbox 3236 1024 3316 1092; x_wconf 69' lang='grc' dir='ltr'><strong>τῷ</strong></span> <span class='ocrx_word' id='word_1_192' title='bbox 3336 1028 3407 1079; x_wconf 78' lang='grc' dir='ltr'>ἐν</span> <span class='ocrx_word' id='word_1_193' title='bbox 3441 1023 3663 1094; x_wconf 80' lang='grc' dir='ltr'><strong>ἀνθρώ-</strong></span> 
     </span>
    </p>
   </div>
   <div class='ocr_carea' id='block_1_27' title="bbox 2154 1110 2578 1178">
    <p class='ocr_par' dir='ltr' id='par_1_27' title="bbox 2154 1110 2578 1178">
     <span class='ocr_line' id='line_1_27' title="bbox 2154 1110 2578 1178; baseline -0.014 -11"><span class='ocrx_word' id='word_1_194' title='bbox 2154 1110 2291 1178; x_wconf 60' lang='grc' dir='ltr'>ποις</span> <span class='ocrx_word' id='word_1_195' title='bbox 2327 1110 2578 1178; x_wconf 67' lang='grc' dir='ltr'>ἔφασκε.</span> 
     </span>
    </p>
   </div>
   <div class='ocr_carea' id='block_1_28' title="bbox 2156 1208 3664 1292">
    <p class='ocr_par' dir='ltr' id='par_1_28' title="bbox 2156 1208 3664 1292">
     <span class='ocr_line' id='line_1_28' title="bbox 2156 1208 3664 1292; baseline -0.013 -14"><span class='ocrx_word' id='word_1_196' title='bbox 2156 1226 2266 1279; x_wconf 73' lang='grc' dir='ltr'><strong>Καὶ</strong></span> <span class='ocrx_word' id='word_1_197' title='bbox 2295 1222 2413 1292; x_wconf 80' lang='grc' dir='ltr'><strong>φῶς</strong></span> <span class='ocrx_word' id='word_1_198' title='bbox 2448 1223 2547 1291; x_wconf 78' lang='grc' dir='ltr'>μὲν</span> <span class='ocrx_word' id='word_1_199' title='bbox 2576 1220 2739 1272; x_wconf 81' lang='grc' dir='ltr'>αὐτὸν</span> <span class='ocrx_word' id='word_1_200' title='bbox 2764 1215 3000 1279; x_wconf 80' lang='grc' dir='ltr'>ἀκούων,</span> <span class='ocrx_word' id='word_1_201' title='bbox 3032 1214 3135 1267; x_wconf 81' lang='grc' dir='ltr'><strong>οὐκ</strong></span> <span class='ocrx_word' id='word_1_202' title='bbox 3172 1210 3425 1266; x_wconf 74' lang='grc' dir='ltr'><strong>ἐκπίπτει</strong></span> <span class='ocrx_word' id='word_1_203' title='bbox 3466 1208 3565 1261; x_wconf 75' lang='grc' dir='ltr'><strong>ἐπὶ</strong></span> <span class='ocrx_word' id='word_1_204' title='bbox 3600 1208 3664 1260; x_wconf 83' lang='grc' dir='ltr'><strong>τὸ</strong></span> 
     </span>
    </p>
   </div>
   <div class='ocr_carea' id='block_1_29' title="bbox 2087 1297 3664 1386">
    <p class='ocr_par' dir='ltr' id='par_1_29' title="bbox 2087 1297 3664 1386">
     <span class='ocr_line' id='line_1_29' title="bbox 2087 1297 3664 1386; baseline -0.012 -16"><span class='ocrx_word' id='word_1_205' title='bbox 2087 1313 2397 1386; x_wconf 85' lang='grc' dir='ltr'>σωματικὸν</span> <span class='ocrx_word' id='word_1_206' title='bbox 2426 1310 2562 1382; x_wconf 81' lang='grc' dir='ltr'>φῶς,</span> <span class='ocrx_word' id='word_1_207' title='bbox 2614 1308 2724 1362; x_wconf 85' lang='grc' dir='ltr'>οὐδ’</span> <span class='ocrx_word' id='word_1_208' title='bbox 2756 1308 2939 1379; x_wconf 82' lang='grc' dir='ltr'>ὅμοιον</span> <span class='ocrx_word' id='word_1_209' title='bbox 2992 1304 3153 1359; x_wconf 77' lang='grc' dir='ltr'>αὐτὸν</span> <span class='ocrx_word' id='word_1_210' title='bbox 3200 1298 3339 1356; x_wconf 76' lang='grc' dir='ltr'>εἷναί</span> <span class='ocrx_word' id='word_1_211' title='bbox 3397 1317 3535 1372; x_wconf 79' lang='grc' dir='ltr'>φησι</span> <span class='ocrx_word' id='word_1_212' title='bbox 3582 1297 3664 1369; x_wconf 82' lang='grc' dir='ltr'>τῷ</span> 
     </span>
    </p>
   </div>
   <div class='ocr_carea' id='block_1_30' title="bbox 2086 1392 3665 1479">
    <p class='ocr_par' dir='ltr' id='par_1_30' title="bbox 2086 1392 3665 1479">
     <span class='ocr_line' id='line_1_30' title="bbox 2086 1392 3665 1479; baseline -0.011 -18"><span class='ocrx_word' id='word_1_213' title='bbox 2086 1408 2238 1479; x_wconf 80' lang='grc' dir='ltr'>ἡλίου</span> <span class='ocrx_word' id='word_1_214' title='bbox 2268 1405 2483 1476; x_wconf 80' lang='grc' dir='ltr'>φέγγει,</span> <span class='ocrx_word' id='word_1_215' title='bbox 2516 1403 2609 1456; x_wconf 73' lang='grc' dir='ltr'><strong>ἐπὶ</strong></span> <span class='ocrx_word' id='word_1_216' title='bbox 2658 1401 2715 1455; x_wconf 79' lang='grc' dir='ltr'>δὲ</span> <span class='ocrx_word' id='word_1_217' title='bbox 2763 1399 2858 1454; x_wconf 84' lang='grc' dir='ltr'><strong>τοῦ</strong></span> <span class='ocrx_word' id='word_1_218' title='bbox 2911 1398 3083 1467; x_wconf 84' lang='grc' dir='ltr'><strong>Λόγου</strong></span> <span class='ocrx_word' id='word_1_219' title='bbox 3123 1394 3458 1466; x_wconf 77' lang='grc' dir='ltr'>σημαντικὸν</span> <span class='ocrx_word' id='word_1_220' title='bbox 3497 1392 3665 1447; x_wconf 82' lang='grc' dir='ltr'>αὐτὸν</span> 
     </span>
    </p>
   </div>
   <div class='ocr_carea' id='block_1_31' title="bbox 2086 1486 3663 1566">
    <p class='ocr_par' dir='ltr' id='par_1_31' title="bbox 2086 1486 3663 1566">
     <span class='ocr_line' id='line_1_31' title="bbox 2086 1486 3663 1566; baseline -0.01 -12"><span class='ocrx_word' id='word_1_221' title='bbox 2086 1501 2289 1563; x_wconf 84' lang='grc' dir='ltr'>δίδωσι,</span> <span class='ocrx_word' id='word_1_222' title='bbox 2319 1498 2415 1551; x_wconf 79' lang='grc' dir='ltr'>καὶ</span> <span class='ocrx_word' id='word_1_223' title='bbox 2458 1497 2641 1566; x_wconf 85' lang='grc' dir='ltr'>ὅμοιον</span> <span class='ocrx_word' id='word_1_224' title='bbox 2669 1493 2746 1564; x_wconf 83' lang='grc' dir='ltr'><strong>τῷ</strong></span> <span class='ocrx_word' id='word_1_225' title='bbox 2774 1491 3131 1562; x_wconf 75' lang='grc' dir='ltr'><strong>ἀνθρωπίνῳ⁸</strong></span> <span class='ocrx_word' id='word_1_226' title='bbox 3164 1490 3241 1553; x_wconf 84' lang='grc' dir='ltr'>ὼς</span> <span class='ocrx_word' id='word_1_227' title='bbox 3268 1486 3398 1542; x_wconf 75' lang='grc' dir='ltr'>ποτὲ</span> <span class='ocrx_word' id='word_1_228' title='bbox 3441 1488 3541 1557; x_wconf 79' lang='grc' dir='ltr'>μὲν</span> <span class='ocrx_word' id='word_1_229' title='bbox 3571 1486 3663 1540; x_wconf 83' lang='grc' dir='ltr'><strong>λέ-</strong></span> 
     </span>
    </p>
   </div>
   <div class='ocr_carea' id='block_1_32' title="bbox 2087 1577 3668 1661">
    <p class='ocr_par' dir='ltr' id='par_1_32' title="bbox 2087 1577 3668 1661">
     <span class='ocr_line' id='line_1_32' title="bbox 2087 1577 3668 1661; baseline -0.009 -16"><span class='ocrx_word' id='word_1_230' title='bbox 2087 1609 2202 1661; x_wconf 91' lang='grc' dir='ltr'>γειν</span> <span class='ocrx_word' id='word_1_231' title='bbox 2224 1591 2383 1644; x_wconf 82' lang='grc' dir='ltr'>αὐτὸν</span> <span class='ocrx_word' id='word_1_232' title='bbox 2417 1588 2705 1659; x_wconf 75' lang='grc' dir='ltr'><strong>ἡσυχάζειν</strong></span> <span class='ocrx_word' id='word_1_233' title='bbox 2733 1586 2790 1638; x_wconf 79' lang='grc' dir='ltr'>ἐν</span> <span class='ocrx_word' id='word_1_234' title='bbox 2818 1583 2927 1655; x_wconf 76' lang='lat'><strong>(&#39;25)</strong></span> <span class='ocrx_word' id='word_1_235' title='bbox 2951 1583 3030 1654; x_wconf 81' lang='grc' dir='ltr'>τῷ</span> <span class='ocrx_word' id='word_1_236' title='bbox 3068 1581 3206 1653; x_wconf 79' lang='grc' dir='ltr'>Θεῷ,</span> <span class='ocrx_word' id='word_1_237' title='bbox 3235 1580 3366 1633; x_wconf 84' lang='grc' dir='ltr'>ποτὲ</span> <span class='ocrx_word' id='word_1_238' title='bbox 3389 1580 3449 1633; x_wconf 82' lang='grc' dir='ltr'>δὲ</span> <span class='ocrx_word' id='word_1_239' title='bbox 3478 1577 3668 1650; x_wconf 77' lang='grc' dir='ltr'>προϊέ-</span> 
     </span>
    </p>
   </div>
   <div class='ocr_carea' id='block_1_33' title="bbox 2088 1668 3666 1741">
    <p class='ocr_par' dir='ltr' id='par_1_33' title="bbox 2088 1668 3666 1741">
     <span class='ocr_line' id='line_1_33' title="bbox 2088 1668 3666 1741; baseline -0.01 -4"><span class='ocrx_word' id='word_1_240' title='bbox 2088 1700 2175 1737; x_wconf 85' lang='grc' dir='ltr'><strong>ναι</strong></span> <span class='ocrx_word' id='word_1_241' title='bbox 2199 1681 2294 1735; x_wconf 83' lang='grc' dir='ltr'><strong>τοῦ</strong></span> <span class='ocrx_word' id='word_1_242' title='bbox 2342 1678 2511 1735; x_wconf 76' lang='grc' dir='ltr'>Θεοῦο</span> <span class='ocrx_word' id='word_1_243' title='bbox 2562 1679 2657 1732; x_wconf 72' lang='grc' dir='ltr'><strong>καὶ</strong></span> <span class='ocrx_word' id='word_1_244' title='bbox 2697 1675 2850 1739; x_wconf 75' lang='grc' dir='ltr'>ἐντὸς</span> <span class='ocrx_word' id='word_1_245' title='bbox 2878 1675 2971 1729; x_wconf 76' lang='grc' dir='ltr'>καὶ</span> <span class='ocrx_word' id='word_1_246' title='bbox 2997 1673 3154 1737; x_wconf 77' lang='grc' dir='ltr'>ἐκτὸς</span> <span class='ocrx_word' id='word_1_247' title='bbox 3190 1671 3434 1741; x_wconf 83' lang='grc' dir='ltr'>γίνεσθαι</span> <span class='ocrx_word' id='word_1_248' title='bbox 3468 1668 3666 1732; x_wconf 82' lang='grc' dir='ltr'>αὑτοῦ,</span> 
     </span>
    </p>
   </div>
   <div class='ocr_carea' id='block_1_34' title="bbox 2088 1760 3670 1843">
    <p class='ocr_par' dir='ltr' id='par_1_34' title="bbox 2088 1760 3670 1843">
     <span class='ocr_line' id='line_1_34' title="bbox 2088 1760 3670 1843; baseline -0.008 -17"><span class='ocrx_word' id='word_1_249' title='bbox 2088 1773 2211 1826; x_wconf 77' lang='grc' dir='ltr'>καθ’</span> <span class='ocrx_word' id='word_1_250' title='bbox 2233 1771 2526 1843; x_wconf 81' lang='grc' dir='ltr'>ὁμοιότητα</span> <span class='ocrx_word' id='word_1_251' title='bbox 2574 1767 2668 1821; x_wconf 85' lang='grc' dir='ltr'><strong>τοῦ</strong></span> <span class='ocrx_word' id='word_1_252' title='bbox 2716 1769 2844 1838; x_wconf 84' lang='grc' dir='ltr'>παρ’</span> <span class='ocrx_word' id='word_1_253' title='bbox 2889 1768 3022 1835; x_wconf 82' lang='grc' dir='ltr'>ἡμῖν</span> <span class='ocrx_word' id='word_1_254' title='bbox 3046 1763 3228 1833; x_wconf 84' lang='grc' dir='ltr'><strong>λόγου,</strong></span> <span class='ocrx_word' id='word_1_255' title='bbox 3261 1761 3355 1816; x_wconf 84' lang='grc' dir='ltr'><strong>τοῦ</strong></span> <span class='ocrx_word' id='word_1_256' title='bbox 3383 1779 3444 1814; x_wconf 92' lang='grc' dir='ltr'><strong>τε</strong></span> <span class='ocrx_word' id='word_1_257' title='bbox 3488 1760 3670 1815; x_wconf 82' lang='grc' dir='ltr'>ὲνδια-</span> 
     </span>
    </p>
   </div>
   <div class='ocr_carea' id='block_1_35' title="bbox 2089 1850 3667 1933">
    <p class='ocr_par' dir='ltr' id='par_1_35' title="bbox 2089 1850 3667 1933">
     <span class='ocr_line' id='line_1_35' title="bbox 2089 1850 3667 1933; baseline -0.01 -14"><span class='ocrx_word' id='word_1_258' title='bbox 2089 1865 2243 1919; x_wconf 84' lang='grc' dir='ltr'>θέτου</span> <span class='ocrx_word' id='word_1_259' title='bbox 2270 1861 2628 1933; x_wconf 80' lang='grc' dir='ltr'><strong>καλουμένου,</strong></span> <span class='ocrx_word' id='word_1_260' title='bbox 2669 1859 2764 1912; x_wconf 78' lang='grc' dir='ltr'>καὶ</span> <span class='ocrx_word' id='word_1_261' title='bbox 2794 1856 2889 1911; x_wconf 88' lang='grc' dir='ltr'><strong>τοῦ</strong></span> <span class='ocrx_word' id='word_1_262' title='bbox 2920 1854 3063 1910; x_wconf 81' lang='grc' dir='ltr'>κατὰ</span> <span class='ocrx_word' id='word_1_263' title='bbox 3091 1853 3202 1927; x_wconf 70' lang='grc'><strong>(26)</strong></span> <span class='ocrx_word' id='word_1_264' title='bbox 3239 1852 3525 1924; x_wconf 74' lang='grc' dir='ltr'>προφορὰν</span> <span class='ocrx_word' id='word_1_265' title='bbox 3578 1850 3667 1904; x_wconf 76' lang='grc' dir='ltr'>διὰ</span> 
     </span>
    </p>
   </div>
   <div class='ocr_carea' id='block_1_36' title="bbox 2089 1942 3666 2025">
    <p class='ocr_par' dir='ltr' id='par_1_36' title="bbox 2089 1942 3666 2025">
     <span class='ocr_line' id='line_1_36' title="bbox 2089 1942 3666 2025; baseline -0.009 -17"><span class='ocrx_word' id='word_1_266' title='bbox 2089 1954 2275 2025; x_wconf 80' lang='grc' dir='ltr'>φωνῆς</span> <span class='ocrx_word' id='word_1_267' title='bbox 2314 1950 2731 2022; x_wconf 80' lang='grc' dir='ltr'>ὲξακουομένου.</span> <span class='ocrx_word' id='word_1_268' title='bbox 2776 1948 2937 2017; x_wconf 80' lang='grc' dir='ltr'><strong>Λέγει</strong></span> <span class='ocrx_word' id='word_1_269' title='bbox 2985 1947 3030 1999; x_wconf 85' lang='grc' dir='ltr'>δ’</span> <span class='ocrx_word' id='word_1_270' title='bbox 3073 1942 3166 2000; x_wconf 77' lang='grc' dir='ltr'>οὖν</span> <span class='ocrx_word' id='word_1_271' title='bbox 3206 1946 3391 2008; x_wconf 78' lang='grc' dir='ltr'>αὐτοῖς</span> <span class='ocrx_word' id='word_1_272' title='bbox 3425 1945 3666 2015; x_wconf 78' lang='grc' dir='ltr'>ῥήμασι’</span> 
     </span>
    </p>
   </div>
   <div class='ocr_carea' id='block_1_37' title="bbox 2095 2034 3671 2115">
    <p class='ocr_par' dir='ltr' id='par_1_37' title="bbox 2095 2034 3671 2115">
     <span class='ocr_line' id='line_1_37' title="bbox 2095 2034 3671 2115; baseline -0.008 -15"><span class='ocrx_word' id='word_1_273' title='bbox 2095 2067 2113 2099; x_wconf 75' lang='grc' dir='ltr'><strong>ι</strong></span> <span class='ocrx_word' id='word_1_274' title='bbox 2147 2046 2330 2100; x_wconf 81' lang='grc' dir='ltr'>Πάντα</span> <span class='ocrx_word' id='word_1_275' title='bbox 2361 2044 2469 2115; x_wconf 87' lang='grc' dir='ltr'>γὰρ</span> <span class='ocrx_word' id='word_1_276' title='bbox 2493 2045 2593 2097; x_wconf 85' lang='grc' dir='ltr'>ὅσα.</span> <span class='ocrx_word' id='word_1_277' title='bbox 2622 2045 2651 2097; x_wconf 98' lang='lat'><strong>6</strong></span> <span class='ocrx_word' id='word_1_278' title='bbox 2674 2039 2860 2112; x_wconf 82' lang='grc' dir='ltr'>Πατὴρ</span> <span class='ocrx_word' id='word_1_279' title='bbox 2882 2039 3049 2108; x_wconf 84' lang='grc' dir='ltr'>λέγει,</span> <span class='ocrx_word' id='word_1_280' title='bbox 3081 2037 3251 2091; x_wconf 84' lang='grc' dir='ltr'>ταῦτα</span> <span class='ocrx_word' id='word_1_281' title='bbox 3284 2034 3563 2106; x_wconf 85' lang='grc' dir='ltr'>πανταχοῦ</span> <span class='ocrx_word' id='word_1_282' title='bbox 3581 2034 3671 2087; x_wconf 76' lang='grc' dir='ltr'>διὰ</span> 
     </span>
    </p>
   </div>
   <div class='ocr_carea' id='block_1_38' title="bbox 430 2124 2003 2208">
    <p class='ocr_par' dir='ltr' id='par_1_38' title="bbox 430 2133 1992 2208">
     <span class='ocr_line' id='line_1_38' title="bbox 430 2133 1992 2208; baseline 0.004 -24"><span class='ocrx_word' id='word_1_283' title='bbox 430 2149 450 2183; x_wconf 78' lang='grc' dir='ltr'><strong>ι</strong></span> <span class='ocrx_word' id='word_1_284' title='bbox 495 2148 710 2203; x_wconf 88' lang='lat' dir='ltr'><strong>cunque</strong></span> <span class='ocrx_word' id='word_1_285' title='bbox 755 2133 918 2189; x_wconf 88' lang='lat' dir='ltr'><strong>Pater</strong></span> <span class='ocrx_word' id='word_1_286' title='bbox 964 2134 1227 2204; x_wconf 86' lang='lat' dir='ltr'><strong>loquitur,</strong></span> <span class='ocrx_word' id='word_1_287' title='bbox 1276 2150 1341 2191; x_wconf 87' lang='lat' dir='ltr'><strong>ea</strong></span> <span class='ocrx_word' id='word_1_288' title='bbox 1395 2137 1579 2191; x_wconf 85' lang='lat' dir='ltr'><strong>omnia</strong></span> <span class='ocrx_word' id='word_1_289' title='bbox 1634 2138 1840 2206; x_wconf 86' lang='lat' dir='ltr'><strong>ubique</strong></span> <span class='ocrx_word' id='word_1_290' title='bbox 1896 2153 1992 2208; x_wconf 89' lang='lat' dir='ltr'><strong>per</strong></span> 
     </span>
    </p>
   </div>
   <div class='ocr_carea' id='block_1_39' title="bbox 2110 2124 3675 2208">
    <p class='ocr_par' dir='ltr' id='par_1_39' title="bbox 2110 2124 3675 2205">
     <span class='ocr_line' id='line_1_39' title="bbox 2110 2124 3675 2205; baseline -0.008 -16"><span class='ocrx_word' id='word_1_291' title='bbox 2110 2156 2115 2189; x_wconf 83' lang='lat'><strong>:</strong></span> <span class='ocrx_word' id='word_1_292' title='bbox 2143 2136 2237 2190; x_wconf 87' lang='grc' dir='ltr'><strong>τοῦ</strong></span> <span class='ocrx_word' id='word_1_293' title='bbox 2269 2137 2444 2205; x_wconf 85' lang='grc' dir='ltr'>Λόγου</span> <span class='ocrx_word' id='word_1_294' title='bbox 2466 2134 2640 2203; x_wconf 83' lang='grc' dir='ltr'>λέγων</span> <span class='ocrx_word' id='word_1_295' title='bbox 2679 2134 2946 2205; x_wconf 82' lang='grc' dir='ltr'>φαίνεται.</span> <span class='ocrx_word' id='word_1_296' title='bbox 2979 2129 3148 2184; x_wconf 88' lang='grc' dir='ltr'>Τοῦτο</span> <span class='ocrx_word' id='word_1_297' title='bbox 3171 2129 3228 2182; x_wconf 82' lang='grc' dir='ltr'>δὲ</span> <span class='ocrx_word' id='word_1_298' title='bbox 3248 2128 3408 2200; x_wconf 79' lang='grc' dir='ltr'>δῆλόν</span> <span class='ocrx_word' id='word_1_299' title='bbox 3433 2129 3553 2179; x_wconf 76' lang='grc' dir='ltr'>ἐστι</span> <span class='ocrx_word' id='word_1_300' title='bbox 3577 2124 3675 2178; x_wconf 73' lang='grc' dir='ltr'>καὶ</span> 
     </span>
    </p>
   </div>
   <div class='ocr_carea' id='block_1_40' title="bbox 430 2218 2003 2306">
    <p class='ocr_par' dir='ltr' id='par_1_40' title="bbox 430 2224 1992 2301">
     <span class='ocr_line' id='line_1_40' title="bbox 430 2224 1992 2301; baseline 0.004 -23"><span class='ocrx_word' id='word_1_301' title='bbox 430 2245 450 2277; x_wconf 75' lang='grc' dir='ltr'><strong>ι</strong></span> <span class='ocrx_word' id='word_1_302' title='bbox 499 2224 732 2281; x_wconf 79' lang='lat' dir='ltr'><strong>Verbum</strong></span> <span class='ocrx_word' id='word_1_303' title='bbox 762 2242 917 2282; x_wconf 90' lang='lat' dir='ltr'><strong>suum</strong></span> <span class='ocrx_word' id='word_1_304' title='bbox 944 2229 1157 2284; x_wconf 86' lang='lat' dir='ltr'><strong>videtur</strong></span> <span class='ocrx_word' id='word_1_305' title='bbox 1182 2228 1347 2299; x_wconf 86' lang='lat' dir='ltr'><strong>loqui,</strong></span> <span class='ocrx_word' id='word_1_306' title='bbox 1389 2230 1534 2301; x_wconf 91' lang='lat' dir='ltr'><strong>quod</strong></span> <span class='ocrx_word' id='word_1_307' title='bbox 1559 2240 1614 2286; x_wconf 92' lang='lat' dir='ltr'><strong>et</strong></span> <span class='ocrx_word' id='word_1_308' title='bbox 1638 2247 1670 2286; x_wconf 86' lang='lat' dir='ltr'><strong>e</strong></span> <span class='ocrx_word' id='word_1_309' title='bbox 1697 2231 1992 2287; x_wconf 87' lang='lat' dir='ltr'><strong>nobismet-</strong></span> 
     </span>
    </p>
   </div>
   <div class='ocr_carea' id='block_1_41' title="bbox 2110 2218 3673 2306">
    <p class='ocr_par' dir='ltr' id='par_1_41' title="bbox 2110 2218 3673 2300">
     <span class='ocr_line' id='line_1_41' title="bbox 2110 2218 3673 2300; baseline -0.005 -21"><span class='ocrx_word' id='word_1_310' title='bbox 2110 2247 2116 2279; x_wconf 75' lang='grc' dir='ltr'><strong>ι</strong></span> <span class='ocrx_word' id='word_1_311' title='bbox 2145 2229 2235 2298; x_wconf 79' lang='grc' dir='ltr'><strong>ἀφ’</strong></span> <span class='ocrx_word' id='word_1_312' title='bbox 2265 2226 2421 2300; x_wconf 83' lang='grc' dir='ltr'>ήμῶν</span> <span class='ocrx_word' id='word_1_313' title='bbox 2456 2226 2656 2292; x_wconf 83' lang='grc' dir='ltr'>αὐτῶν,</span> <span class='ocrx_word' id='word_1_314' title='bbox 2686 2226 2788 2280; x_wconf 86' lang='grc' dir='ltr'>ὅσα</span> <span class='ocrx_word' id='word_1_315' title='bbox 2812 2224 2921 2295; x_wconf 77' lang='grc'><strong>(27)</strong></span> <span class='ocrx_word' id='word_1_316' title='bbox 2946 2224 3040 2278; x_wconf 75' lang='grc' dir='ltr'>καὶ</span> <span class='ocrx_word' id='word_1_317' title='bbox 3076 2220 3247 2294; x_wconf 81' lang='grc' dir='ltr'>μικρὰ</span> <span class='ocrx_word' id='word_1_318' title='bbox 3273 2223 3386 2284; x_wconf 83' lang='grc' dir='ltr'>τοῖς</span> <span class='ocrx_word' id='word_1_319' title='bbox 3413 2218 3673 2290; x_wconf 81' lang='grc' dir='ltr'>μεγάλοις</span> 
     </span>
    </p>
   </div>
   <div class='ocr_carea' id='block_1_42' title="bbox 434 2310 2003 2389">
    <p class='ocr_par' dir='ltr' id='par_1_42' title="bbox 434 2315 1991 2389">
     <span class='ocr_line' id='line_1_42' title="bbox 434 2315 1991 2389; baseline 0.006 -23"><span class='ocrx_word' id='word_1_320' title='bbox 434 2332 454 2366; x_wconf 76' lang='grc' dir='ltr'><strong>ι</strong></span> <span class='ocrx_word' id='word_1_321' title='bbox 504 2315 638 2385; x_wconf 85' lang='lat' dir='ltr'><strong>ipsis</strong></span> <span class='ocrx_word' id='word_1_322' title='bbox 688 2316 1035 2371; x_wconf 78' lang='lat' dir='ltr'><strong>manifestum</strong></span> <span class='ocrx_word' id='word_1_323' title='bbox 1060 2328 1167 2381; x_wconf 90' lang='lat' dir='ltr'><strong>est,</strong></span> <span class='ocrx_word' id='word_1_324' title='bbox 1197 2328 1258 2372; x_wconf 95' lang='lat' dir='ltr'><strong>ut</strong></span> <span class='ocrx_word' id='word_1_325' title='bbox 1298 2334 1493 2388; x_wconf 83' lang='lat' dir='ltr'><strong>magna</strong></span> <span class='ocrx_word' id='word_1_326' title='bbox 1519 2321 1700 2389; x_wconf 86' lang='lat' dir='ltr'><strong>parvis</strong></span> <span class='ocrx_word' id='word_1_327' title='bbox 1723 2330 1780 2375; x_wconf 90' lang='lat' dir='ltr'><strong>et</strong></span> <span class='ocrx_word' id='word_1_328' title='bbox 1814 2321 1991 2375; x_wconf 90' lang='lat' dir='ltr'><strong>divina</strong></span> 
     </span>
    </p>
   </div>
   <div class='ocr_carea' id='block_1_43' title="bbox 2110 2310 3670 2389">
    <p class='ocr_par' dir='ltr' id='par_1_43' title="bbox 2110 2310 3670 2385">
     <span class='ocr_line' id='line_1_43' title="bbox 2110 2310 3670 2385; baseline -0.006 -14"><span class='ocrx_word' id='word_1_329' title='bbox 2110 2338 2118 2371; x_wconf 92' lang='lat' dir='ltr'><strong>l</strong></span> <span class='ocrx_word' id='word_1_330' title='bbox 2158 2320 2253 2373; x_wconf 72' lang='grc' dir='ltr'>καὶ</span> <span class='ocrx_word' id='word_1_331' title='bbox 2292 2318 2457 2382; x_wconf 77' lang='grc' dir='ltr'>θείοις</span> <span class='ocrx_word' id='word_1_332' title='bbox 2502 2317 2819 2372; x_wconf 80' lang='grc' dir='ltr'>ἀπεικάσαι.</span> <span class='ocrx_word' id='word_1_333' title='bbox 2854 2316 2966 2369; x_wconf 79' lang='grc' dir='ltr'><strong>Καὶ</strong></span> <span class='ocrx_word' id='word_1_334' title='bbox 2995 2316 3155 2385; x_wconf 84' lang='grc' dir='ltr'>ἡμεῖς</span> <span class='ocrx_word' id='word_1_335' title='bbox 3189 2311 3297 2385; x_wconf 82' lang='grc' dir='ltr'>γὰρ</span> <span class='ocrx_word' id='word_1_336' title='bbox 3321 2312 3526 2375; x_wconf 77' lang='grc' dir='ltr'>πάντα,</span> <span class='ocrx_word' id='word_1_337' title='bbox 3571 2310 3670 2362; x_wconf 81' lang='grc' dir='ltr'>ὅσα</span> 
     </span>
    </p>
   </div>
   <div class='ocr_carea' id='block_1_44' title="bbox 434 2407 1992 2481">
    <p class='ocr_par' dir='ltr' id='par_1_44' title="bbox 434 2407 1992 2481">
     <span class='ocr_line' id='line_1_44' title="bbox 434 2407 1992 2481; baseline 0.004 -24"><span class='ocrx_word' id='word_1_338' title='bbox 434 2424 454 2457; x_wconf 76' lang='grc' dir='ltr'><strong>ι</strong></span> <span class='ocrx_word' id='word_1_339' title='bbox 502 2407 754 2463; x_wconf 86' lang='lat' dir='ltr'><strong>humanis</strong></span> <span class='ocrx_word' id='word_1_340' title='bbox 783 2424 1179 2480; x_wconf 86' lang='lat' dir='ltr'><strong>comparemus.</strong></span> <span class='ocrx_word' id='word_1_341' title='bbox 1212 2411 1346 2464; x_wconf 83' lang='lat' dir='ltr'><strong>Nam</strong></span> <span class='ocrx_word' id='word_1_342' title='bbox 1370 2422 1426 2465; x_wconf 93' lang='lat' dir='ltr'><strong>et</strong></span> <span class='ocrx_word' id='word_1_343' title='bbox 1452 2425 1635 2465; x_wconf 86' lang='lat' dir='ltr'><strong>nosea</strong></span> <span class='ocrx_word' id='word_1_344' title='bbox 1680 2425 1801 2481; x_wconf 62' lang='lat' dir='ltr'><strong>qua:</strong></span> <span class='ocrx_word' id='word_1_345' title='bbox 1842 2411 1992 2466; x_wconf 85' lang='lat' dir='ltr'><strong>volu-</strong></span> 
     </span>
    </p>
   </div>
   <div class='ocr_carea' id='block_1_45' title="bbox 435 2500 1997 2571">
    <p class='ocr_par' dir='ltr' id='par_1_45' title="bbox 435 2500 1997 2571">
     <span class='ocr_line' id='line_1_45' title="bbox 435 2500 1997 2571; baseline 0.004 -21"><span class='ocrx_word' id='word_1_346' title='bbox 435 2515 455 2550; x_wconf 77' lang='grc' dir='ltr'><strong>ι</strong></span> <span class='ocrx_word' id='word_1_347' title='bbox 503 2512 641 2563; x_wconf 86' lang='lat' dir='ltr'><strong>mus,</strong></span> <span class='ocrx_word' id='word_1_348' title='bbox 695 2500 990 2555; x_wconf 87' lang='lat' dir='ltr'><strong>secundum</strong></span> <span class='ocrx_word' id='word_1_349' title='bbox 1040 2509 1288 2571; x_wconf 66' lang='lat' dir='ltr'><strong>nostrum</strong></span> <span class='ocrx_word' id='word_1_350' title='bbox 1335 2515 1517 2567; x_wconf 85' lang='lat' dir='ltr'><strong>posse,</strong></span> <span class='ocrx_word' id='word_1_351' title='bbox 1564 2501 1649 2556; x_wconf 92' lang='lat' dir='ltr'><strong>vel</strong></span> <span class='ocrx_word' id='word_1_352' title='bbox 1680 2503 1882 2567; x_wconf 89' lang='lat' dir='ltr'><strong>dicere,</strong></span> <span class='ocrx_word' id='word_1_353' title='bbox 1913 2501 1997 2557; x_wconf 85' lang='lat' dir='ltr'><strong>vel</strong></span> 
     </span>
    </p>
   </div>
   <div class='ocr_carea' id='block_1_46' title="bbox 434 2588 1991 2663">
    <p class='ocr_par' dir='ltr' id='par_1_46' title="bbox 434 2588 1991 2663">
     <span class='ocr_line' id='line_1_46' title="bbox 434 2588 1991 2663; baseline 0.003 -22"><span class='ocrx_word' id='word_1_354' title='bbox 434 2607 456 2641; x_wconf 74' lang='grc' dir='ltr'><strong>ι</strong></span> <span class='ocrx_word' id='word_1_355' title='bbox 501 2588 704 2655; x_wconf 78' lang='lat' dir='ltr'><strong>facere,</strong></span> <span class='ocrx_word' id='word_1_356' title='bbox 738 2606 835 2661; x_wconf 81' lang='lat' dir='ltr'><strong>per</strong></span> <span class='ocrx_word' id='word_1_357' title='bbox 864 2602 1109 2648; x_wconf 82' lang='lat' dir='ltr'><strong>nostrum</strong></span> <span class='ocrx_word' id='word_1_358' title='bbox 1153 2593 1312 2661; x_wconf 84' lang='lat' dir='ltr'><strong>logon</strong></span> <span class='ocrx_word' id='word_1_359' title='bbox 1344 2608 1409 2647; x_wconf 89' lang='lat' dir='ltr'><strong>ea</strong></span> <span class='ocrx_word' id='word_1_360' title='bbox 1443 2593 1662 2663; x_wconf 82' lang='lat' dir='ltr'><strong>quidem</strong></span> <span class='ocrx_word' id='word_1_361' title='bbox 1692 2594 1938 2649; x_wconf 74' lang='lat' dir='ltr'><strong>facimus.</strong></span> <span class='ocrx_word' id='word_1_362' title='bbox 1971 2613 1991 2646; x_wconf 76' lang='grc' dir='ltr'><strong>ι</strong></span> 
     </span>
    </p>
   </div>
   <div class='ocr_carea' id='block_1_47' title="bbox 432 2680 1999 2755">
    <p class='ocr_par' dir='ltr' id='par_1_47' title="bbox 432 2680 1999 2755">
     <span class='ocr_line' id='line_1_47' title="bbox 432 2680 1999 2755; baseline 0.004 -21"><span class='ocrx_word' id='word_1_363' title='bbox 432 2680 644 2737; x_wconf 69' lang='lat' dir='ltr'><strong>Rursus</strong></span> <span class='ocrx_word' id='word_1_364' title='bbox 695 2682 913 2738; x_wconf 90' lang='lat' dir='ltr'><strong>demum</strong></span> <span class='ocrx_word' id='word_1_365' title='bbox 955 2693 1011 2739; x_wconf 92' lang='lat' dir='ltr'><strong>et</strong></span> <span class='ocrx_word' id='word_1_366' title='bbox 1051 2685 1127 2739; x_wconf 90' lang='lat' dir='ltr'><strong>ita</strong></span> <span class='ocrx_word' id='word_1_367' title='bbox 1176 2686 1504 2754; x_wconf 59' lang='lat' dir='ltr'><strong>loquitur”</strong></span> <span class='ocrx_word' id='word_1_368' title='bbox 1541 2684 1862 2755; x_wconf 87' lang='lat' dir='ltr'><strong>Priusquam</strong></span> <span class='ocrx_word' id='word_1_369' title='bbox 1912 2701 1999 2741; x_wconf 91' lang='lat' dir='ltr'><strong>res</strong></span> 
     </span>
    </p>
   </div>
   <div class='ocr_carea' id='block_1_48' title="bbox 436 2775 1998 2846">
    <p class='ocr_par' dir='ltr' id='par_1_48' title="bbox 436 2775 1998 2846">
     <span class='ocr_line' id='line_1_48' title="bbox 436 2775 1998 2846; baseline 0.006 -24"><span class='ocrx_word' id='word_1_370' title='bbox 436 2787 455 2821; x_wconf 78' lang='grc' dir='ltr'><strong>ι</strong></span> <span class='ocrx_word' id='word_1_371' title='bbox 499 2784 692 2827; x_wconf 86' lang='lat' dir='ltr'><strong>omnes</strong></span> <span class='ocrx_word' id='word_1_372' title='bbox 719 2780 1066 2838; x_wconf 81' lang='lat' dir='ltr'><strong>crearentur,</strong></span> <span class='ocrx_word' id='word_1_373' title='bbox 1099 2775 1431 2843; x_wconf 86' lang='lat' dir='ltr'><strong>quiescentia</strong></span> <span class='ocrx_word' id='word_1_374' title='bbox 1469 2790 1683 2830; x_wconf 86' lang='lat' dir='ltr'><strong>summa</strong></span> <span class='ocrx_word' id='word_1_375' title='bbox 1731 2787 1853 2832; x_wconf 88' lang='lat' dir='ltr'><strong>erat</strong></span> <span class='ocrx_word' id='word_1_376' title='bbox 1880 2776 1998 2846; x_wconf 85' lang='lat' dir='ltr'><strong>ejus</strong></span> 
     </span>
    </p>
   </div>
   <div class='ocr_carea' id='block_1_49' title="bbox 437 2862 1996 2932">
    <p class='ocr_par' dir='ltr' id='par_1_49' title="bbox 437 2862 1996 2932">
     <span class='ocr_line' id='line_1_49' title="bbox 437 2862 1996 2932; baseline 0.005 -20"><span class='ocrx_word' id='word_1_377' title='bbox 437 2878 457 2912; x_wconf 77' lang='grc' dir='ltr'><strong>ι</strong></span> <span class='ocrx_word' id='word_1_378' title='bbox 498 2862 644 2932; x_wconf 86' lang='lat' dir='ltr'><strong>quod</strong></span> <span class='ocrx_word' id='word_1_379' title='bbox 689 2863 743 2918; x_wconf 91' lang='lat' dir='ltr'><strong>in</strong></span> <span class='ocrx_word' id='word_1_380' title='bbox 790 2863 899 2919; x_wconf 89' lang='lat' dir='ltr'><strong>Deo</strong></span> <span class='ocrx_word' id='word_1_381' title='bbox 942 2864 1242 2920; x_wconf 77' lang='lat' dir='ltr'><strong>exsistebat</strong></span> <span class='ocrx_word' id='word_1_382' title='bbox 1289 2864 1475 2921; x_wconf 81' lang='lat' dir='ltr'><strong>Verbi.</strong></span> <span class='ocrx_word' id='word_1_383' title='bbox 1506 2880 1530 2919; x_wconf 75' lang='grc' dir='ltr'><strong>ι</strong></span> <span class='ocrx_word' id='word_1_384' title='bbox 1568 2867 1731 2921; x_wconf 82' lang='lat' dir='ltr'><strong>Addit</strong></span> <span class='ocrx_word' id='word_1_385' title='bbox 1771 2876 1996 2922; x_wconf 62' lang='lat' dir='ltr'><strong>autem:</strong></span> 
     </span>
    </p>
   </div>
   <div class='ocr_carea' id='block_1_50' title="bbox 433 2954 2001 3027">
    <p class='ocr_par' dir='ltr' id='par_1_50' title="bbox 433 2954 2001 3027">
     <span class='ocr_line' id='line_1_50' title="bbox 433 2954 2001 3027; baseline 0.004 -20"><span class='ocrx_word' id='word_1_386' title='bbox 433 2971 457 3007; x_wconf 70' lang='grc' dir='ltr'><strong>ι</strong></span> <span class='ocrx_word' id='word_1_387' title='bbox 502 2954 636 3011; x_wconf 81' lang='lat' dir='ltr'><strong>Cum</strong></span> <span class='ocrx_word' id='word_1_388' title='bbox 684 2956 818 3011; x_wconf 87' lang='lat' dir='ltr'><strong>nihil</strong></span> <span class='ocrx_word' id='word_1_389' title='bbox 858 2958 1008 3027; x_wconf 90' lang='lat' dir='ltr'><strong>prius</strong></span> <span class='ocrx_word' id='word_1_390' title='bbox 1051 2965 1200 3013; x_wconf 87' lang='lat' dir='ltr'><strong>esset</strong></span> <span class='ocrx_word' id='word_1_391' title='bbox 1240 2969 1441 3027; x_wconf 64' lang='lat' dir='ltr'><strong>praeter</strong></span> <span class='ocrx_word' id='word_1_392' title='bbox 1475 2960 1651 3014; x_wconf 91' lang='lat' dir='ltr'><strong>solum</strong></span> <span class='ocrx_word' id='word_1_393' title='bbox 1702 2960 1890 3027; x_wconf 91' lang='lat' dir='ltr'><strong>Deum,</strong></span> <span class='ocrx_word' id='word_1_394' title='bbox 1943 2970 2001 3014; x_wconf 87' lang='lat' dir='ltr'><strong>at</strong></span> 
     </span>
    </p>
   </div>
   <div class='ocr_carea' id='block_1_51' title="bbox 437 3046 1999 3120">
    <p class='ocr_par' dir='ltr' id='par_1_51' title="bbox 437 3046 1999 3120">
     <span class='ocr_line' id='line_1_51' title="bbox 437 3046 1999 3120; baseline 0.008 -25"><span class='ocrx_word' id='word_1_395' title='bbox 437 3063 457 3095; x_wconf 78' lang='grc' dir='ltr'>σ</span> <span class='ocrx_word' id='word_1_396' title='bbox 502 3061 603 3117; x_wconf 80' lang='lat' dir='ltr'><strong>per</strong></span> <span class='ocrx_word' id='word_1_397' title='bbox 655 3046 892 3104; x_wconf 88' lang='lat' dir='ltr'><strong>Verbum</strong></span> <span class='ocrx_word' id='word_1_398' title='bbox 946 3057 1104 3102; x_wconf 86' lang='lat' dir='ltr'><strong>erant</strong></span> <span class='ocrx_word' id='word_1_399' title='bbox 1146 3051 1331 3105; x_wconf 88' lang='lat' dir='ltr'><strong>omnia</strong></span> <span class='ocrx_word' id='word_1_400' title='bbox 1392 3053 1696 3120; x_wconf 85' lang='lat' dir='ltr'><strong>proditura,</strong></span> <span class='ocrx_word' id='word_1_401' title='bbox 1763 3053 1999 3107; x_wconf 84' lang='lat' dir='ltr'><strong>Verbum</strong></span> 
     </span>
    </p>
   </div>
   <div class='ocr_carea' id='block_1_52' title="bbox 438 3139 2000 3211">
    <p class='ocr_par' dir='ltr' id='par_1_52' title="bbox 438 3139 2000 3211">
     <span class='ocr_line' id='line_1_52' title="bbox 438 3139 2000 3211; baseline 0.004 -20"><span class='ocrx_word' id='word_1_402' title='bbox 438 3156 458 3190; x_wconf 79' lang='grc' dir='ltr'><strong>ι</strong></span> <span class='ocrx_word' id='word_1_403' title='bbox 504 3139 782 3207; x_wconf 72' lang='lat' dir='ltr'><strong>praecessit</strong></span> <span class='ocrx_word' id='word_1_404' title='bbox 825 3140 1130 3208; x_wconf 84' lang='lat' dir='ltr'><strong>operatriee</strong></span> <span class='ocrx_word' id='word_1_405' title='bbox 1169 3155 1265 3196; x_wconf 84' lang='lat' dir='ltr'><strong>sua</strong></span> <span class='ocrx_word' id='word_1_406' title='bbox 1308 3153 1591 3211; x_wconf 88' lang='lat' dir='ltr'><strong>potestate.</strong></span> <span class='ocrx_word' id='word_1_407' title='bbox 1634 3161 1654 3195; x_wconf 74' lang='grc' dir='ltr'><strong>ι</strong></span> <span class='ocrx_word' id='word_1_408' title='bbox 1702 3142 1827 3199; x_wconf 69' lang='lat' dir='ltr'><strong>Ilaac</strong></span> <span class='ocrx_word' id='word_1_409' title='bbox 1875 3161 2000 3199; x_wconf 87' lang='lat' dir='ltr'><strong>cum</strong></span> 
     </span>
    </p>
   </div>
   <div class='ocr_carea' id='block_1_53' title="bbox 434 3232 2002 3305">
    <p class='ocr_par' dir='ltr' id='par_1_53' title="bbox 434 3232 2002 3305">
     <span class='ocr_line' id='line_1_53' title="bbox 434 3232 2002 3305; baseline 0.001 -18"><span class='ocrx_word' id='word_1_410' title='bbox 434 3232 501 3287; x_wconf 89' lang='lat' dir='ltr'><strong>de</strong></span> <span class='ocrx_word' id='word_1_411' title='bbox 520 3232 696 3287; x_wconf 90' lang='lat' dir='ltr'><strong>Verbo</strong></span> <span class='ocrx_word' id='word_1_412' title='bbox 712 3240 769 3287; x_wconf 91' lang='lat' dir='ltr'><strong>et</strong></span> <span class='ocrx_word' id='word_1_413' title='bbox 792 3232 1166 3299; x_wconf 85' lang='lat' dir='ltr'><strong>hujuscemodi</strong></span> <span class='ocrx_word' id='word_1_414' title='bbox 1199 3233 1416 3289; x_wconf 79' lang='lat' dir='ltr'><strong>dixerat</strong></span> <span class='ocrx_word' id='word_1_415' title='bbox 1448 3249 1464 3288; x_wconf 87' lang='lat'><strong>:</strong></span> <span class='ocrx_word' id='word_1_416' title='bbox 1490 3234 1615 3289; x_wconf 88' lang='lat' dir='ltr'><strong>audi</strong></span> <span class='ocrx_word' id='word_1_417' title='bbox 1641 3235 1781 3304; x_wconf 84' lang='lat' dir='ltr'><strong>jam,</strong></span> <span class='ocrx_word' id='word_1_418' title='bbox 1809 3251 2002 3305; x_wconf 83' lang='lat' dir='ltr'><strong>quem-</strong></span> 
     </span>
    </p>
   </div>
   <div class='ocr_carea' id='block_1_54' title="bbox 434 3314 1999 3391">
    <p class='ocr_par' dir='ltr' id='par_1_54' title="bbox 434 3314 1999 3391">
     <span class='ocr_line' id='line_1_54' title="bbox 434 3314 1999 3391; baseline -0.001 -15"><span class='ocrx_word' id='word_1_419' title='bbox 434 3321 722 3376; x_wconf 76' lang='lat' dir='ltr'><strong>admodum</strong></span> <span class='ocrx_word' id='word_1_420' title='bbox 767 3331 997 3376; x_wconf 85' lang='lat' dir='ltr'><strong>conatur</strong></span> <span class='ocrx_word' id='word_1_421' title='bbox 1045 3321 1323 3391; x_wconf 74' lang='lat' dir='ltr'><strong>Evangelii</strong></span> <span class='ocrx_word' id='word_1_422' title='bbox 1378 3314 1584 3376; x_wconf 78' lang='lat' dir='ltr'><strong>dictum</strong></span> <span class='ocrx_word' id='word_1_423' title='bbox 1633 3323 1999 3389; x_wconf 86' lang='lat' dir='ltr'><strong>interpretari.</strong></span> 
     </span>
    </p>
   </div>
   <div class='ocr_carea' id='block_1_55' title="bbox 434 3411 2002 3485">
    <p class='ocr_par' dir='ltr' id='par_1_55' title="bbox 434 3411 2002 3485">
     <span class='ocr_line' id='line_1_55' title="bbox 434 3411 2002 3485; baseline 0.001 -20"><span class='ocrx_word' id='word_1_424' title='bbox 434 3411 639 3468; x_wconf 77' lang='lat' dir='ltr'><strong>Scribit</strong></span> <span class='ocrx_word' id='word_1_425' title='bbox 695 3421 872 3468; x_wconf 90' lang='lat' dir='ltr'><strong>autem</strong></span> <span class='ocrx_word' id='word_1_426' title='bbox 906 3427 921 3466; x_wconf 90' lang='lat'><strong>:</strong></span> <span class='ocrx_word' id='word_1_427' title='bbox 955 3411 1046 3485; x_wconf 78' lang='grc' dir='ltr'><strong>[Β.</strong></span> <span class='ocrx_word' id='word_1_428' title='bbox 1079 3413 1265 3479; x_wconf 80' lang='lat' dir='ltr'><strong>XLVI,</strong></span> <span class='ocrx_word' id='word_1_429' title='bbox 1298 3413 1423 3470; x_wconf 91' lang='lat' dir='ltr'><strong>coll.</strong></span> <span class='ocrx_word' id='word_1_430' title='bbox 1476 3429 1531 3484; x_wconf 88' lang='lat' dir='ltr'><strong>p.</strong></span> <span class='ocrx_word' id='word_1_431' title='bbox 1574 3413 1644 3468; x_wconf 78' lang='lat'><strong>&#39;56</strong></span> <span class='ocrx_word' id='word_1_432' title='bbox 1678 3413 1742 3476; x_wconf 83' lang='grc' dir='ltr'><strong>Ι),</strong></span> <span class='ocrx_word' id='word_1_433' title='bbox 1798 3412 1902 3467; x_wconf 72' lang='lat' dir='ltr'><strong>Mt</strong></span> <span class='ocrx_word' id='word_1_434' title='bbox 1934 3411 2002 3485; x_wconf 83' lang='lat' dir='ltr'><strong>A]</strong></span> 
     </span>
    </p>
   </div>
   <div class='ocr_carea' id='block_1_56' title="bbox 2100 2403 3670 2480">
    <p class='ocr_par' dir='ltr' id='par_1_56' title="bbox 2100 2403 3670 2480">
     <span class='ocr_line' id='line_1_56' title="bbox 2100 2403 3670 2480; baseline -0.007 -18"><span class='ocrx_word' id='word_1_435' title='bbox 2100 2430 2116 2462; x_wconf 79' lang='grc' dir='ltr'><strong>ι</strong></span> <span class='ocrx_word' id='word_1_436' title='bbox 2147 2410 2212 2464; x_wconf 79' lang='grc' dir='ltr'>ἂν</span> <span class='ocrx_word' id='word_1_437' title='bbox 2238 2409 2501 2480; x_wconf 80' lang='grc' dir='ltr'>θέλωμεν,</span> <span class='ocrx_word' id='word_1_438' title='bbox 2535 2409 2676 2463; x_wconf 86' lang='grc' dir='ltr'>κατὰ</span> <span class='ocrx_word' id='word_1_439' title='bbox 2709 2407 2770 2461; x_wconf 89' lang='grc' dir='ltr'><strong>τὸ</strong></span> <span class='ocrx_word' id='word_1_440' title='bbox 2796 2406 3019 2460; x_wconf 85' lang='grc' dir='ltr'>δυνατὸν</span> <span class='ocrx_word' id='word_1_441' title='bbox 3050 2404 3227 2474; x_wconf 77' lang='grc' dir='ltr'>λέγειν</span> <span class='ocrx_word' id='word_1_442' title='bbox 3252 2421 3314 2456; x_wconf 88' lang='grc' dir='ltr'><strong>τε</strong></span> <span class='ocrx_word' id='word_1_443' title='bbox 3349 2403 3446 2457; x_wconf 71' lang='grc' dir='ltr'>καὶ</span> <span class='ocrx_word' id='word_1_444' title='bbox 3472 2404 3670 2462; x_wconf 81' lang='grc' dir='ltr'>ποιεῖν,</span> 
     </span>
    </p>
   </div>
   <div class='ocr_carea' id='block_1_57' title="bbox 2101 2489 3671 2573">
    <p class='ocr_par' dir='ltr' id='par_1_57' title="bbox 2101 2489 3671 2573">
     <span class='ocr_line' id='line_1_57' title="bbox 2101 2489 3671 2573; baseline -0.004 -23"><span class='ocrx_word' id='word_1_445' title='bbox 2101 2520 2118 2550; x_wconf 76' lang='grc' dir='ltr'><strong>ι</strong></span> <span class='ocrx_word' id='word_1_446' title='bbox 2149 2500 2260 2573; x_wconf 71' lang='lat'><strong>(28)</strong></span> <span class='ocrx_word' id='word_1_447' title='bbox 2287 2499 2365 2571; x_wconf 82' lang='grc' dir='ltr'>τῷ</span> <span class='ocrx_word' id='word_1_448' title='bbox 2399 2500 2653 2571; x_wconf 82' lang='grc' dir='ltr'><strong>ἡμετέρῳ</strong></span> <span class='ocrx_word' id='word_1_449' title='bbox 2677 2497 2935 2569; x_wconf 81' lang='grc' dir='ltr'>ποιοῦμεν</span> <span class='ocrx_word' id='word_1_450' title='bbox 2954 2496 3150 2567; x_wconf 78' lang='grc' dir='ltr'>λόγῳ.)</span> <span class='ocrx_word' id='word_1_451' title='bbox 3172 2496 3282 2549; x_wconf 75' lang='grc' dir='ltr'><strong>Καὶ</strong></span> <span class='ocrx_word' id='word_1_452' title='bbox 3309 2489 3466 2556; x_wconf 82' lang='grc' dir='ltr'>αὖθις</span> <span class='ocrx_word' id='word_1_453' title='bbox 3494 2491 3671 2545; x_wconf 75' lang='grc' dir='ltr'>ταῦτά</span> 
     </span>
    </p>
   </div>
   <div class='ocr_carea' id='block_1_58' title="bbox 2095 2581 3671 2663">
    <p class='ocr_par' dir='ltr' id='par_1_58' title="bbox 2095 2581 3671 2663">
     <span class='ocr_line' id='line_1_58' title="bbox 2095 2581 3671 2663; baseline -0.007 -17"><span class='ocrx_word' id='word_1_454' title='bbox 2095 2609 2259 2662; x_wconf 74' lang='grc' dir='ltr'>φησιν</span> <span class='ocrx_word' id='word_1_455' title='bbox 2285 2609 2299 2623; x_wconf 79' lang='grc' dir='ltr'><strong><em>ο</em></strong></span> <span class='ocrx_word' id='word_1_456' title='bbox 2336 2610 2355 2643; x_wconf 77' lang='grc' dir='ltr'><strong>ι</strong></span> <span class='ocrx_word' id='word_1_457' title='bbox 2380 2591 2492 2663; x_wconf 91' lang='grc' dir='ltr'>Πρὸ</span> <span class='ocrx_word' id='word_1_458' title='bbox 2522 2591 2631 2662; x_wconf 84' lang='grc' dir='ltr'><strong>γάρ</strong></span> <span class='ocrx_word' id='word_1_459' title='bbox 2672 2590 2773 2661; x_wconf 84' lang='grc' dir='ltr'>τῆς</span> <span class='ocrx_word' id='word_1_460' title='bbox 2803 2588 3164 2660; x_wconf 80' lang='grc' dir='ltr'><strong>δημιουργίας</strong></span> <span class='ocrx_word' id='word_1_461' title='bbox 3191 2586 3433 2657; x_wconf 83' lang='grc' dir='ltr'>ἁπάσης,</span> <span class='ocrx_word' id='word_1_462' title='bbox 3467 2581 3671 2654; x_wconf 76' lang='grc' dir='ltr'>ἡσυχία</span> 
     </span>
    </p>
   </div>
   <div class='ocr_carea' id='block_1_59' title="bbox 2101 2671 3672 2756">
    <p class='ocr_par' dir='ltr' id='par_1_59' title="bbox 2101 2671 3672 2756">
     <span class='ocr_line' id='line_1_59' title="bbox 2101 2671 3672 2756; baseline -0.006 -20"><span class='ocrx_word' id='word_1_463' title='bbox 2101 2704 2119 2736; x_wconf 77' lang='grc' dir='ltr'><strong>ι</strong></span> <span class='ocrx_word' id='word_1_464' title='bbox 2148 2703 2230 2749; x_wconf 87' lang='grc' dir='ltr'><strong>τις</strong></span> <span class='ocrx_word' id='word_1_465' title='bbox 2249 2679 2339 2756; x_wconf 81' lang='grc' dir='ltr'>ἦν,</span> <span class='ocrx_word' id='word_1_466' title='bbox 2370 2684 2446 2747; x_wconf 83' lang='grc' dir='ltr'>ὡς</span> <span class='ocrx_word' id='word_1_467' title='bbox 2476 2682 2809 2747; x_wconf 77' lang='grc' dir='ltr'>είκὸς,όντος</span> <span class='ocrx_word' id='word_1_468' title='bbox 2839 2678 2992 2751; x_wconf 83' lang='grc' dir='ltr'><strong>ὲντῷ</strong></span> <span class='ocrx_word' id='word_1_469' title='bbox 3019 2677 3137 2749; x_wconf 86' lang='grc' dir='ltr'><strong>Θεῷ</strong></span> <span class='ocrx_word' id='word_1_470' title='bbox 3161 2678 3387 2746; x_wconf 73' lang='grc' dir='ltr'>Λόγου.»</span> <span class='ocrx_word' id='word_1_471' title='bbox 3411 2671 3526 2728; x_wconf 81' lang='grc' dir='ltr'><strong>Εἶτ’</strong></span> <span class='ocrx_word' id='word_1_472' title='bbox 3555 2676 3672 2728; x_wconf 77' lang='grc' dir='ltr'><strong>ὲπι-</strong></span> 
     </span>
    </p>
   </div>
   <div class='ocr_carea' id='block_1_60' title="bbox 2097 2765 3669 2847">
    <p class='ocr_par' dir='ltr' id='par_1_60' title="bbox 2097 2765 3669 2847">
     <span class='ocr_line' id='line_1_60' title="bbox 2097 2765 3669 2847; baseline -0.009 -17"><span class='ocrx_word' id='word_1_473' title='bbox 2097 2778 2329 2847; x_wconf 52' lang='grc' dir='ltr'>φέρειοιι</span> <span class='ocrx_word' id='word_1_474' title='bbox 2363 2774 2590 2837; x_wconf 84' lang='grc' dir='ltr'>Οὐδενὸς</span> <span class='ocrx_word' id='word_1_475' title='bbox 2616 2773 2725 2845; x_wconf 82' lang='grc' dir='ltr'>γὰρ</span> <span class='ocrx_word' id='word_1_476' title='bbox 2752 2771 2903 2834; x_wconf 59' lang='grc' dir='ltr'>ὅνους</span> <span class='ocrx_word' id='word_1_477' title='bbox 2925 2769 3190 2844; x_wconf 88' lang='grc' dir='ltr'>πρότερον</span> <span class='ocrx_word' id='word_1_478' title='bbox 3221 2768 3255 2839; x_wconf 80' lang='grc' dir='ltr'>ἢ</span> <span class='ocrx_word' id='word_1_479' title='bbox 3297 2765 3434 2820; x_wconf 86' lang='grc' dir='ltr'>Θεοῦ</span> <span class='ocrx_word' id='word_1_480' title='bbox 3482 2765 3669 2836; x_wconf 78' lang='grc' dir='ltr'>μόνου,</span> 
     </span>
    </p>
   </div>
   <div class='ocr_carea' id='block_1_61' title="bbox 2100 2857 3671 2931">
    <p class='ocr_par' dir='ltr' id='par_1_61' title="bbox 2100 2857 3671 2931">
     <span class='ocr_line' id='line_1_61' title="bbox 2100 2857 3671 2931; baseline -0.006 -12"><span class='ocrx_word' id='word_1_481' title='bbox 2100 2886 2121 2919; x_wconf 75' lang='grc' dir='ltr'><strong>ι</strong></span> <span class='ocrx_word' id='word_1_482' title='bbox 2160 2867 2378 2922; x_wconf 83' lang='grc' dir='ltr'>πάντων</span> <span class='ocrx_word' id='word_1_483' title='bbox 2436 2866 2494 2920; x_wconf 82' lang='grc' dir='ltr'>δὲ</span> <span class='ocrx_word' id='word_1_484' title='bbox 2537 2864 2630 2919; x_wconf 81' lang='grc' dir='ltr'>διὰ</span> <span class='ocrx_word' id='word_1_485' title='bbox 2674 2862 2768 2917; x_wconf 89' lang='grc' dir='ltr'><strong>τοῦ</strong></span> <span class='ocrx_word' id='word_1_486' title='bbox 2821 2862 2996 2931; x_wconf 86' lang='grc' dir='ltr'>Λόγου</span> <span class='ocrx_word' id='word_1_487' title='bbox 3037 2859 3278 2930; x_wconf 82' lang='grc' dir='ltr'>γίνεσθαι</span> <span class='ocrx_word' id='word_1_488' title='bbox 3344 2857 3671 2930; x_wconf 80' lang='grc' dir='ltr'>μελλόντων,</span> 
     </span>
    </p>
   </div>
   <div class='ocr_carea' id='block_1_62' title="bbox 2103 2948 3673 3032">
    <p class='ocr_par' dir='ltr' id='par_1_62' title="bbox 2103 2948 3673 3032">
     <span class='ocr_line' id='line_1_62' title="bbox 2103 2948 3673 3032; baseline -0.008 -19"><span class='ocrx_word' id='word_1_489' title='bbox 2103 2979 2123 3013; x_wconf 74' lang='grc' dir='ltr'><strong>ι</strong></span> <span class='ocrx_word' id='word_1_490' title='bbox 2164 2957 2430 3032; x_wconf 81' lang='grc' dir='ltr'>προῆλθεν</span> <span class='ocrx_word' id='word_1_491' title='bbox 2465 2960 2495 3011; x_wconf 90' lang='grc' dir='ltr'><strong>ό</strong></span> <span class='ocrx_word' id='word_1_492' title='bbox 2534 2956 2704 3024; x_wconf 86' lang='grc' dir='ltr'>Λόγος</span> <span class='ocrx_word' id='word_1_493' title='bbox 2761 2955 3023 3027; x_wconf 81' lang='grc' dir='ltr'>δραστικῇ</span> <span class='ocrx_word' id='word_1_494' title='bbox 3069 2951 3335 3025; x_wconf 77' lang='grc' dir='ltr'>ἐνεργείᾳ.</span> <span class='ocrx_word' id='word_1_495' title='bbox 3368 2970 3389 3003; x_wconf 73' lang='grc' dir='ltr'><strong>ι</strong></span> <span class='ocrx_word' id='word_1_496' title='bbox 3420 2948 3673 3003; x_wconf 73' lang='grc' dir='ltr'>Τοσαῦτα</span> 
     </span>
    </p>
   </div>
   <div class='ocr_carea' id='block_1_63' title="bbox 2100 3040 3677 3123">
    <p class='ocr_par' dir='ltr' id='par_1_63' title="bbox 2100 3040 3677 3123">
     <span class='ocr_line' id='line_1_63' title="bbox 2100 3040 3677 3123; baseline -0.008 -19"><span class='ocrx_word' id='word_1_497' title='bbox 2100 3051 2227 3123; x_wconf 81' lang='grc' dir='ltr'>περὶ</span> <span class='ocrx_word' id='word_1_498' title='bbox 2257 3049 2348 3104; x_wconf 83' lang='grc' dir='ltr'><strong>τοῦ</strong></span> <span class='ocrx_word' id='word_1_499' title='bbox 2382 3048 2555 3117; x_wconf 87' lang='grc' dir='ltr'>Λόγου</span> <span class='ocrx_word' id='word_1_500' title='bbox 2584 3047 2774 3111; x_wconf 77' lang='grc' dir='ltr'>εἰπὼν,</span> <span class='ocrx_word' id='word_1_501' title='bbox 2802 3048 2903 3119; x_wconf 84' lang='grc' dir='ltr'>τὴν</span> <span class='ocrx_word' id='word_1_502' title='bbox 2942 3042 3299 3114; x_wconf 80' lang='grc' dir='ltr'>εὐαγγελικὴν</span> <span class='ocrx_word' id='word_1_503' title='bbox 3330 3042 3518 3114; x_wconf 79' lang='grc' dir='ltr'>φωνὴν</span> <span class='ocrx_word' id='word_1_504' title='bbox 3542 3040 3677 3094; x_wconf 75' lang='grc' dir='ltr'>ἑπά-</span> 
     </span>
    </p>
   </div>
   <div class='ocr_carea' id='block_1_64' title="bbox 2100 3128 3670 3210">
    <p class='ocr_par' dir='ltr' id='par_1_64' title="bbox 2100 3128 3670 3210">
     <span class='ocr_line' id='line_1_64' title="bbox 2100 3128 3670 3210; baseline -0.006 -16"><span class='ocrx_word' id='word_1_505' title='bbox 2100 3157 2315 3203; x_wconf 89' lang='grc' dir='ltr'>κουσον,</span> <span class='ocrx_word' id='word_1_506' title='bbox 2348 3139 2496 3202; x_wconf 85' lang='grc' dir='ltr'>ὅπως</span> <span class='ocrx_word' id='word_1_507' title='bbox 2538 3140 2792 3210; x_wconf 78' lang='grc' dir='ltr'>πειρᾶται</span> <span class='ocrx_word' id='word_1_508' title='bbox 2824 3136 3219 3209; x_wconf 84' lang='grc' dir='ltr'>διερμηνεύειν,</span> <span class='ocrx_word' id='word_1_509' title='bbox 3264 3128 3369 3188; x_wconf 79' lang='grc' dir='ltr'>ὦδε</span> <span class='ocrx_word' id='word_1_510' title='bbox 3408 3133 3670 3205; x_wconf 58' lang='grc' dir='ltr'>γράφων</span> 
     </span>
    </p>
   </div>
   <div class='ocr_carea' id='block_1_65' title="bbox 2107 3224 3673 3302">
    <p class='ocr_par' dir='ltr' id='par_1_65' title="bbox 2107 3224 3673 3302">
     <span class='ocr_line' id='line_1_65' title="bbox 2107 3224 3673 3302; baseline -0.006 -17"><span class='ocrx_word' id='word_1_511' title='bbox 2107 3251 2126 3284; x_wconf 81' lang='grc' dir='ltr'><strong>ι</strong></span> <span class='ocrx_word' id='word_1_512' title='bbox 2170 3233 2228 3285; x_wconf 89' lang='lat'><strong>&#39;0</strong></span> <span class='ocrx_word' id='word_1_513' title='bbox 2252 3231 2310 3284; x_wconf 86' lang='grc' dir='ltr'>δὲ</span> <span class='ocrx_word' id='word_1_514' title='bbox 2343 3231 2487 3302; x_wconf 79' lang='grc' dir='ltr'>ἱερὸς</span> <span class='ocrx_word' id='word_1_515' title='bbox 2529 3229 2822 3293; x_wconf 74' lang='grc' dir='ltr'>ἅπόστολός</span> <span class='ocrx_word' id='word_1_516' title='bbox 2857 3246 2916 3282; x_wconf 88' lang='grc' dir='ltr'><strong>τε</strong></span> <span class='ocrx_word' id='word_1_517' title='bbox 2957 3229 3052 3284; x_wconf 73' lang='grc' dir='ltr'><strong>καὶ</strong></span> <span class='ocrx_word' id='word_1_518' title='bbox 3088 3225 3334 3299; x_wconf 81' lang='grc' dir='ltr'>μαθητὴς</span> <span class='ocrx_word' id='word_1_519' title='bbox 3356 3225 3452 3279; x_wconf 85' lang='grc' dir='ltr'><strong>τοῦ</strong></span> <span class='ocrx_word' id='word_1_520' title='bbox 3469 3224 3673 3295; x_wconf 74' lang='grc' dir='ltr'>Κυρίου</span> 
     </span>
    </p>
   </div>
   <div class='ocr_carea' id='block_1_66' title="bbox 2107 3316 3676 3396">
    <p class='ocr_par' dir='ltr' id='par_1_66' title="bbox 2107 3316 3676 3396">
     <span class='ocr_line' id='line_1_66' title="bbox 2107 3316 3676 3396; baseline -0.007 -17"><span class='ocrx_word' id='word_1_521' title='bbox 2107 3345 2127 3379; x_wconf 79' lang='grc' dir='ltr'><strong>ι</strong></span> <span class='ocrx_word' id='word_1_522' title='bbox 2181 3326 2454 3396; x_wconf 80' lang='grc' dir='ltr'>Ἰωάννης,</span> <span class='ocrx_word' id='word_1_523' title='bbox 2486 3322 2673 3393; x_wconf 81' lang='grc' dir='ltr'>σαφῶς</span> <span class='ocrx_word' id='word_1_524' title='bbox 2701 3322 2793 3375; x_wconf 74' lang='grc' dir='ltr'>καὶ</span> <span class='ocrx_word' id='word_1_525' title='bbox 2824 3320 3119 3393; x_wconf 72' lang='grc' dir='ltr'>διαρρήδην</span> <span class='ocrx_word' id='word_1_526' title='bbox 3140 3320 3198 3373; x_wconf 80' lang='grc' dir='ltr'>ἐν</span> <span class='ocrx_word' id='word_1_527' title='bbox 3225 3320 3367 3391; x_wconf 81' lang='grc' dir='ltr'>ἀρχῇ</span> <span class='ocrx_word' id='word_1_528' title='bbox 3393 3316 3488 3369; x_wconf 86' lang='grc' dir='ltr'><strong>τοῦ</strong></span> <span class='ocrx_word' id='word_1_529' title='bbox 3504 3317 3676 3383; x_wconf 74' lang='grc' dir='ltr'>Εὐαγ-</span> 
     </span>
    </p>
   </div>
   <div class='ocr_carea' id='block_1_67' title="bbox 2107 3407 3674 3486">
    <p class='ocr_par' dir='ltr' id='par_1_67' title="bbox 2107 3407 3674 3486">
     <span class='ocr_line' id='line_1_67' title="bbox 2107 3407 3674 3486; baseline -0.006 -17"><span class='ocrx_word' id='word_1_530' title='bbox 2107 3435 2127 3469; x_wconf 75' lang='grc' dir='ltr'><strong>ι</strong></span> <span class='ocrx_word' id='word_1_531' title='bbox 2165 3416 2351 3486; x_wconf 84' lang='grc' dir='ltr'>γελίου</span> <span class='ocrx_word' id='word_1_532' title='bbox 2410 3414 2699 3481; x_wconf 74' lang='grc' dir='ltr'>διδάσκων,</span> <span class='ocrx_word' id='word_1_533' title='bbox 2731 3413 2807 3476; x_wconf 87' lang='grc' dir='ltr'>ὡς</span> <span class='ocrx_word' id='word_1_534' title='bbox 2846 3410 3209 3481; x_wconf 81' lang='grc' dir='ltr'>ἀγνοούμενον</span> <span class='ocrx_word' id='word_1_535' title='bbox 3257 3411 3315 3463; x_wconf 79' lang='grc' dir='ltr'>ὲν</span> <span class='ocrx_word' id='word_1_536' title='bbox 3366 3407 3674 3480; x_wconf 76' lang='grc' dir='ltr'>ἀνθρώποις</span> 
     </span>
    </p>
   </div>
   <div class='ocr_carea' id='block_1_68' title="bbox 437 3498 2003 3580">
    <p class='ocr_par' dir='ltr' id='par_1_68' title="bbox 437 3498 2000 3574">
     <span class='ocr_line' id='line_1_68' title="bbox 437 3498 2000 3574; baseline 0.002 -21"><span class='ocrx_word' id='word_1_537' title='bbox 437 3520 459 3553; x_wconf 79' lang='grc' dir='ltr'><strong>ι</strong></span> <span class='ocrx_word' id='word_1_538' title='bbox 492 3498 599 3557; x_wconf 78' lang='lat' dir='ltr'><strong>Sed</strong></span> <span class='ocrx_word' id='word_1_539' title='bbox 638 3511 858 3557; x_wconf 89' lang='lat' dir='ltr'><strong>sanctus</strong></span> <span class='ocrx_word' id='word_1_540' title='bbox 901 3503 1177 3573; x_wconf 85' lang='lat' dir='ltr'><strong>apostolus</strong></span> <span class='ocrx_word' id='word_1_541' title='bbox 1222 3512 1277 3559; x_wconf 92' lang='lat' dir='ltr'><strong>et</strong></span> <span class='ocrx_word' id='word_1_542' title='bbox 1318 3503 1613 3574; x_wconf 88' lang='lat' dir='ltr'><strong>discipulus</strong></span> <span class='ocrx_word' id='word_1_543' title='bbox 1661 3503 1752 3558; x_wconf 90' lang='lat' dir='ltr'><strong>ille</strong></span> <span class='ocrx_word' id='word_1_544' title='bbox 1786 3503 2000 3559; x_wconf 83' lang='lat' dir='ltr'><strong>Domini</strong></span> 
     </span>
    </p>
   </div>
   <div class='ocr_carea' id='block_1_69' title="bbox 2110 3498 3677 3580">
    <p class='ocr_par' dir='ltr' id='par_1_69' title="bbox 2110 3498 3677 3580">
     <span class='ocr_line' id='line_1_69' title="bbox 2110 3498 3677 3580; baseline -0.005 -20"><span class='ocrx_word' id='word_1_545' title='bbox 2110 3529 2130 3560; x_wconf 78' lang='grc' dir='ltr'><strong>ι</strong></span> <span class='ocrx_word' id='word_1_546' title='bbox 2164 3509 2446 3580; x_wconf 86' lang='grc' dir='ltr'>πρότερον,</span> <span class='ocrx_word' id='word_1_547' title='bbox 2483 3507 2655 3576; x_wconf 91' lang='grc' dir='ltr'>Λόγον</span> <span class='ocrx_word' id='word_1_548' title='bbox 2687 3506 2846 3560; x_wconf 78' lang='grc' dir='ltr'>αὑτὸν</span> <span class='ocrx_word' id='word_1_549' title='bbox 2864 3503 2959 3558; x_wconf 87' lang='grc' dir='ltr'><strong>τοῦ</strong></span> <span class='ocrx_word' id='word_1_550' title='bbox 2992 3502 3431 3573; x_wconf 83' lang='grc' dir='ltr'>παντοκράτορος</span> <span class='ocrx_word' id='word_1_551' title='bbox 3483 3498 3677 3569; x_wconf 75' lang='grc' dir='ltr'>ὄνομά-</span> 
     </span>
    </p>
   </div>
   <div class='ocr_carea' id='block_1_70' title="bbox 439 3591 2003 3668">
    <p class='ocr_par' dir='ltr' id='par_1_70' title="bbox 439 3591 2000 3666">
     <span class='ocr_line' id='line_1_70' title="bbox 439 3591 2000 3666; baseline 0.003 -21"><span class='ocrx_word' id='word_1_552' title='bbox 439 3612 459 3645; x_wconf 77' lang='grc' dir='ltr'><strong>ι</strong></span> <span class='ocrx_word' id='word_1_553' title='bbox 501 3591 760 3662; x_wconf 82' lang='lat' dir='ltr'><strong>Joannes,</strong></span> <span class='ocrx_word' id='word_1_554' title='bbox 800 3595 926 3649; x_wconf 90' lang='lat' dir='ltr'><strong>dum</strong></span> <span class='ocrx_word' id='word_1_555' title='bbox 965 3610 1064 3650; x_wconf 87' lang='lat' dir='ltr'><strong>nos</strong></span> <span class='ocrx_word' id='word_1_556' title='bbox 1095 3595 1148 3649; x_wconf 91' lang='lat' dir='ltr'><strong>in</strong></span> <span class='ocrx_word' id='word_1_557' title='bbox 1188 3596 1454 3666; x_wconf 86' lang='lat' dir='ltr'><strong>principio</strong></span> <span class='ocrx_word' id='word_1_558' title='bbox 1484 3595 1761 3665; x_wconf 80' lang='lat' dir='ltr'><strong>Evangelii</strong></span> <span class='ocrx_word' id='word_1_559' title='bbox 1795 3597 1882 3650; x_wconf 88' lang='lat' dir='ltr'><strong>sui</strong></span> <span class='ocrx_word' id='word_1_560' title='bbox 1909 3597 2000 3650; x_wconf 87' lang='lat' dir='ltr'><strong>do-</strong></span> 
     </span>
    </p>
   </div>
   <div class='ocr_carea' id='block_1_71' title="bbox 2110 3591 3679 3668">
    <p class='ocr_par' dir='ltr' id='par_1_71' title="bbox 2110 3591 3679 3668">
     <span class='ocr_line' id='line_1_71' title="bbox 2110 3591 3679 3668; baseline -0.006 -15"><span class='ocrx_word' id='word_1_561' title='bbox 2110 3621 2128 3653; x_wconf 73' lang='lat' dir='ltr'><strong>r</strong></span> <span class='ocrx_word' id='word_1_562' title='bbox 2157 3601 2284 3667; x_wconf 79' lang='grc' dir='ltr'>ζων,</span> <span class='ocrx_word' id='word_1_563' title='bbox 2313 3599 2484 3662; x_wconf 77' lang='grc' dir='ltr'>οὕτως</span> <span class='ocrx_word' id='word_1_564' title='bbox 2512 3598 2617 3668; x_wconf 77' lang='grc' dir='ltr'><strong>ἔφη</strong></span> <span class='ocrx_word' id='word_1_565' title='bbox 2636 3614 2649 3629; x_wconf 77' lang='grc' dir='ltr'><strong><em>ο</em></strong></span> <span class='ocrx_word' id='word_1_566' title='bbox 2692 3598 2788 3651; x_wconf 84' lang='grc' dir='ltr'>Ἑν</span> <span class='ocrx_word' id='word_1_567' title='bbox 2813 3594 2974 3666; x_wconf 78' lang='grc' dir='ltr'><strong>ἀρχῇ</strong></span> <span class='ocrx_word' id='word_1_568' title='bbox 2997 3591 3077 3665; x_wconf 86' lang='grc' dir='ltr'>ἦν</span> <span class='ocrx_word' id='word_1_569' title='bbox 3100 3596 3133 3648; x_wconf 87' lang='grc' dir='ltr'><strong>ό</strong></span> <span class='ocrx_word' id='word_1_570' title='bbox 3158 3594 3371 3663; x_wconf 79' lang='grc' dir='ltr'>Λόγος,</span> <span class='ocrx_word' id='word_1_571' title='bbox 3390 3592 3489 3645; x_wconf 78' lang='grc' dir='ltr'>καὶ</span> <span class='ocrx_word' id='word_1_572' title='bbox 3516 3595 3552 3646; x_wconf 86' lang='grc' dir='ltr'><strong>ό</strong></span> <span class='ocrx_word' id='word_1_573' title='bbox 3573 3593 3679 3645; x_wconf 77' lang='grc' dir='ltr'><strong>Δό-</strong></span> 
     </span>
    </p>
   </div>
   <div class='ocr_carea' id='block_1_72' title="bbox 438 3685 2001 3756">
    <p class='ocr_par' dir='ltr' id='par_1_72' title="bbox 438 3685 2001 3756">
     <span class='ocr_line' id='line_1_72' title="bbox 438 3685 2001 3756; baseline 0.003 -21"><span class='ocrx_word' id='word_1_574' title='bbox 438 3701 459 3735; x_wconf 79' lang='lat' dir='ltr'><strong>r</strong></span> <span class='ocrx_word' id='word_1_575' title='bbox 509 3693 593 3741; x_wconf 88' lang='lat' dir='ltr'><strong>cet</strong></span> <span class='ocrx_word' id='word_1_576' title='bbox 625 3724 641 3748; x_wconf 88' lang='lat'><strong>,</strong></span> <span class='ocrx_word' id='word_1_577' title='bbox 672 3685 954 3754; x_wconf 83' lang='lat' dir='ltr'><strong>perspicue</strong></span> <span class='ocrx_word' id='word_1_578' title='bbox 986 3696 1041 3740; x_wconf 90' lang='lat' dir='ltr'><strong>et</strong></span> <span class='ocrx_word' id='word_1_579' title='bbox 1062 3687 1347 3750; x_wconf 83' lang='lat' dir='ltr'><strong>cxsertim,</strong></span> <span class='ocrx_word' id='word_1_580' title='bbox 1388 3695 1639 3755; x_wconf 83' lang='lat' dir='ltr'><strong>tanquam</strong></span> <span class='ocrx_word' id='word_1_581' title='bbox 1669 3686 1811 3754; x_wconf 82' lang='lat' dir='ltr'><strong>quod</strong></span> <span class='ocrx_word' id='word_1_582' title='bbox 1852 3687 2001 3756; x_wconf 87' lang='lat' dir='ltr'><strong>prius</strong></span> 
     </span>
    </p>
   </div>
   <div class='ocr_carea' id='block_1_73' title="bbox 440 3775 2001 3847">
    <p class='ocr_par' dir='ltr' id='par_1_73' title="bbox 440 3775 2001 3847">
     <span class='ocr_line' id='line_1_73' title="bbox 440 3775 2001 3847; baseline 0.005 -22"><span class='ocrx_word' id='word_1_583' title='bbox 440 3793 460 3825; x_wconf 78' lang='grc' dir='ltr'><strong>ι</strong></span> <span class='ocrx_word' id='word_1_584' title='bbox 508 3775 818 3831; x_wconf 86' lang='lat' dir='ltr'><strong>hominibus</strong></span> <span class='ocrx_word' id='word_1_585' title='bbox 870 3776 1203 3847; x_wconf 84' lang='lat' dir='ltr'><strong>incognitum</strong></span> <span class='ocrx_word' id='word_1_586' title='bbox 1247 3776 1446 3844; x_wconf 79' lang='lat' dir='ltr'><strong>fuerat,</strong></span> <span class='ocrx_word' id='word_1_587' title='bbox 1485 3779 1876 3847; x_wconf 83' lang='lat' dir='ltr'><strong>omnipotentis</strong></span> <span class='ocrx_word' id='word_1_588' title='bbox 1905 3778 2001 3833; x_wconf 87' lang='lat' dir='ltr'><strong>Dei</strong></span> 
     </span>
    </p>
   </div>
   <div class='ocr_carea' id='block_1_74' title="bbox 439 3863 2001 3939">
    <p class='ocr_par' dir='ltr' id='par_1_74' title="bbox 439 3863 2001 3939">
     <span class='ocr_line' id='line_1_74' title="bbox 439 3863 2001 3939; baseline 0.004 -22"><span class='ocrx_word' id='word_1_589' title='bbox 439 3882 461 3917; x_wconf 77' lang='grc' dir='ltr'><strong>ι</strong></span> <span class='ocrx_word' id='word_1_590' title='bbox 513 3863 746 3937; x_wconf 66' lang='lat' dir='ltr'><strong>Verbum</strong></span> <span class='ocrx_word' id='word_1_591' title='bbox 816 3866 887 3920; x_wconf 91' lang='lat' dir='ltr'><strong>ita</strong></span> <span class='ocrx_word' id='word_1_592' title='bbox 945 3868 1206 3923; x_wconf 88' lang='lat' dir='ltr'><strong>nominat.</strong></span> <span class='ocrx_word' id='word_1_593' title='bbox 1254 3869 1342 3922; x_wconf 85' lang='lat' dir='ltr'><strong>Ait</strong></span> <span class='ocrx_word' id='word_1_594' title='bbox 1373 3868 1690 3923; x_wconf 83' lang='lat' dir='ltr'><strong>autem:1n</strong></span> <span class='ocrx_word' id='word_1_595' title='bbox 1739 3871 2001 3939; x_wconf 72' lang='lat' dir='ltr'><strong>principio</strong></span> 
     </span>
    </p>
   </div>
   <div class='ocr_carea' id='block_1_75' title="bbox 442 3953 2005 4028">
    <p class='ocr_par' dir='ltr' id='par_1_75' title="bbox 442 3953 2005 4028">
     <span class='ocr_line' id='line_1_75' title="bbox 442 3953 2005 4028; baseline 0.006 -23"><span class='ocrx_word' id='word_1_596' title='bbox 442 3973 463 4005; x_wconf 76' lang='grc' dir='ltr'><strong>ι</strong></span> <span class='ocrx_word' id='word_1_597' title='bbox 507 3965 620 4007; x_wconf 86' lang='lat' dir='ltr'><strong>erat</strong></span> <span class='ocrx_word' id='word_1_598' title='bbox 654 3953 901 4023; x_wconf 80' lang='lat' dir='ltr'><strong>Verbum,</strong></span> <span class='ocrx_word' id='word_1_599' title='bbox 938 3966 985 4009; x_wconf 88' lang='lat' dir='ltr'><strong>et</strong></span> <span class='ocrx_word' id='word_1_600' title='bbox 1017 3954 1243 4010; x_wconf 82' lang='lat' dir='ltr'><strong>Verbum</strong></span> <span class='ocrx_word' id='word_1_601' title='bbox 1274 3970 1386 4012; x_wconf 86' lang='lat' dir='ltr'><strong>erat</strong></span> <span class='ocrx_word' id='word_1_602' title='bbox 1405 3960 1547 4028; x_wconf 82' lang='lat' dir='ltr'><strong>apud</strong></span> <span class='ocrx_word' id='word_1_603' title='bbox 1572 3958 1764 4023; x_wconf 84' lang='lat' dir='ltr'><strong>Deum,</strong></span> <span class='ocrx_word' id='word_1_604' title='bbox 1790 3969 1837 4014; x_wconf 87' lang='lat' dir='ltr'><strong>et</strong></span> <span class='ocrx_word' id='word_1_605' title='bbox 1865 3960 2005 4014; x_wconf 80' lang='lat' dir='ltr'><strong>Deus</strong></span> 
     </span>
    </p>
   </div>
   <div class='ocr_carea' id='block_1_76' title="bbox 443 4045 2008 4107">
    <p class='ocr_par' dir='ltr' id='par_1_76' title="bbox 443 4045 2008 4107">
     <span class='ocr_line' id='line_1_76' title="bbox 443 4045 2008 4107; baseline 0.006 -11"><span class='ocrx_word' id='word_1_606' title='bbox 443 4064 463 4096; x_wconf 86' lang='grc'><strong><em>‹</em></strong></span> <span class='ocrx_word' id='word_1_607' title='bbox 507 4054 621 4099; x_wconf 87' lang='lat' dir='ltr'><strong>erat</strong></span> <span class='ocrx_word' id='word_1_608' title='bbox 652 4045 791 4099; x_wconf 80' lang='lat' dir='ltr'><strong>illud</strong></span> <span class='ocrx_word' id='word_1_609' title='bbox 823 4045 1050 4101; x_wconf 81' lang='lat' dir='ltr'><strong>Verbum</strong></span> <span class='ocrx_word' id='word_1_610' title='bbox 1070 4048 1139 4103; x_wconf 83' lang='grc'><strong>⁹¹.</strong></span> <span class='ocrx_word' id='word_1_611' title='bbox 1169 4047 1343 4104; x_wconf 86' lang='lat' dir='ltr'><strong>Unico</strong></span> <span class='ocrx_word' id='word_1_612' title='bbox 1383 4065 1492 4106; x_wconf 88' lang='lat' dir='ltr'><strong>non</strong></span> <span class='ocrx_word' id='word_1_613' title='bbox 1536 4060 1826 4107; x_wconf 87' lang='lat' dir='ltr'><strong>contentus</strong></span> <span class='ocrx_word' id='word_1_614' title='bbox 1854 4052 2008 4107; x_wconf 83' lang='lat' dir='ltr'><strong>testi-</strong></span> 
     </span>
    </p>
   </div>
   <div class='ocr_carea' id='block_1_77' title="bbox 445 4136 2009 4208">
    <p class='ocr_par' dir='ltr' id='par_1_77' title="bbox 445 4136 2009 4208">
     <span class='ocr_line' id='line_1_77' title="bbox 445 4136 2009 4208; baseline 0.007 -21"><span class='ocrx_word' id='word_1_615' title='bbox 445 4153 464 4187; x_wconf 80' lang='grc' dir='ltr'><strong>ι</strong></span> <span class='ocrx_word' id='word_1_616' title='bbox 513 4137 714 4199; x_wconf 88' lang='lat' dir='ltr'><strong>monio,</strong></span> <span class='ocrx_word' id='word_1_617' title='bbox 768 4137 858 4190; x_wconf 85' lang='lat' dir='ltr'><strong>hic</strong></span> <span class='ocrx_word' id='word_1_618' title='bbox 894 4136 1048 4191; x_wconf 83' lang='lat' dir='ltr'><strong>Verbi</strong></span> <span class='ocrx_word' id='word_1_619' title='bbox 1101 4138 1374 4208; x_wconf 79' lang='lat' dir='ltr'><strong>signiﬁcat</strong></span> <span class='ocrx_word' id='word_1_620' title='bbox 1420 4142 1808 4197; x_wconf 67' lang='lat' dir='ltr'><strong>aeternitatem.</strong></span> <span class='ocrx_word' id='word_1_621' title='bbox 1842 4161 1863 4194; x_wconf 70' lang='grc' dir='ltr'><strong>ι</strong></span> <span class='ocrx_word' id='word_1_622' title='bbox 1916 4144 2009 4198; x_wconf 86' lang='lat' dir='ltr'><strong>Ait</strong></span> 
     </span>
    </p>
   </div>
   <div class='ocr_carea' id='block_1_78' title="bbox 441 4223 2010 4301">
    <p class='ocr_par' dir='ltr' id='par_1_78' title="bbox 441 4223 2010 4301">
     <span class='ocr_line' id='line_1_78' title="bbox 441 4223 2010 4301; baseline 0.006 -23"><span class='ocrx_word' id='word_1_623' title='bbox 441 4225 638 4279; x_wconf 84' lang='lat' dir='ltr'><strong>iterum</strong></span> <span class='ocrx_word' id='word_1_624' title='bbox 663 4242 677 4278; x_wconf 88' lang='lat'><strong>:</strong></span> <span class='ocrx_word' id='word_1_625' title='bbox 710 4223 802 4297; x_wconf 76' lang='grc' dir='ltr'><strong>[Β.</strong></span> <span class='ocrx_word' id='word_1_626' title='bbox 831 4225 1039 4291; x_wconf 78' lang='lat' dir='ltr'><strong>XLVII,</strong></span> <span class='ocrx_word' id='word_1_627' title='bbox 1066 4227 1188 4282; x_wconf 89' lang='lat' dir='ltr'><strong>coll.</strong></span> <span class='ocrx_word' id='word_1_628' title='bbox 1214 4242 1266 4297; x_wconf 93' lang='lat' dir='ltr'><strong>p.</strong></span> <span class='ocrx_word' id='word_1_629' title='bbox 1285 4228 1353 4282; x_wconf 79' lang='grc'><strong>57</strong></span> <span class='ocrx_word' id='word_1_630' title='bbox 1381 4228 1454 4301; x_wconf 83' lang='grc' dir='ltr'><strong>Α]</strong></span> <span class='ocrx_word' id='word_1_631' title='bbox 1503 4249 1522 4282; x_wconf 77' lang='grc' dir='ltr'><strong>ι</strong></span> <span class='ocrx_word' id='word_1_632' title='bbox 1555 4231 1659 4286; x_wconf 89' lang='lat' dir='ltr'><strong>Sed</strong></span> <span class='ocrx_word' id='word_1_633' title='bbox 1685 4233 1859 4287; x_wconf 88' lang='lat' dir='ltr'><strong>tribus</strong></span> <span class='ocrx_word' id='word_1_634' title='bbox 1880 4248 2010 4287; x_wconf 90' lang='lat' dir='ltr'><strong>con-</strong></span> 
     </span>
    </p>
   </div>
   <div class='ocr_carea' id='block_1_79' title="bbox 445 4317 2010 4390">
    <p class='ocr_par' dir='ltr' id='par_1_79' title="bbox 445 4317 2010 4390">
     <span class='ocr_line' id='line_1_79' title="bbox 445 4317 2010 4390; baseline 0.004 -19"><span class='ocrx_word' id='word_1_635' title='bbox 445 4336 464 4371; x_wconf 73' lang='grc' dir='ltr'><strong>ι</strong></span> <span class='ocrx_word' id='word_1_636' title='bbox 513 4317 679 4372; x_wconf 91' lang='lat' dir='ltr'><strong>tinuis</strong></span> <span class='ocrx_word' id='word_1_637' title='bbox 709 4319 1033 4373; x_wconf 87' lang='lat' dir='ltr'><strong>testimoniis</strong></span> <span class='ocrx_word' id='word_1_638' title='bbox 1071 4334 1224 4386; x_wconf 88' lang='lat' dir='ltr'><strong>usus,</strong></span> <span class='ocrx_word' id='word_1_639' title='bbox 1275 4318 1422 4373; x_wconf 86' lang='lat' dir='ltr'><strong>verbi</strong></span> <span class='ocrx_word' id='word_1_640' title='bbox 1482 4321 1756 4390; x_wconf 74' lang='lat' dir='ltr'><strong>significat</strong></span> <span class='ocrx_word' id='word_1_641' title='bbox 1792 4323 2010 4377; x_wconf 60' lang='lat' dir='ltr'><strong>aeterni-</strong></span> 
     </span>
    </p>
   </div>
   <div class='ocr_carea' id='block_1_80' title="bbox 445 4407 2010 4481">
    <p class='ocr_par' dir='ltr' id='par_1_80' title="bbox 445 4407 2010 4481">
     <span class='ocr_line' id='line_1_80' title="bbox 445 4407 2010 4481; baseline 0.006 -21"><span class='ocrx_word' id='word_1_642' title='bbox 445 4428 464 4460; x_wconf 76' lang='grc' dir='ltr'><strong>ι</strong></span> <span class='ocrx_word' id='word_1_643' title='bbox 511 4416 700 4464; x_wconf 88' lang='lat' dir='ltr'><strong>tatem.</strong></span> <span class='ocrx_word' id='word_1_644' title='bbox 743 4407 917 4464; x_wconf 65' lang='lat' dir='ltr'><strong>sltem</strong></span> <span class='ocrx_word' id='word_1_645' title='bbox 949 4409 1211 4476; x_wconf 87' lang='lat' dir='ltr'><strong>annectit,</strong></span> <span class='ocrx_word' id='word_1_646' title='bbox 1247 4409 1459 4471; x_wconf 79' lang='lat' dir='ltr'><strong>tut,ubi</strong></span> <span class='ocrx_word' id='word_1_647' title='bbox 1492 4410 1625 4463; x_wconf 78' lang='lat' dir='ltr'><strong>dixit</strong></span> <span class='ocrx_word' id='word_1_648' title='bbox 1662 4411 1715 4464; x_wconf 91' lang='lat' dir='ltr'><strong>in</strong></span> <span class='ocrx_word' id='word_1_649' title='bbox 1741 4411 2010 4481; x_wconf 88' lang='lat' dir='ltr'><strong>principio</strong></span> 
     </span>
    </p>
   </div>
   <div class='ocr_carea' id='block_1_81' title="bbox 387 4502 2012 4572">
    <p class='ocr_par' dir='ltr' id='par_1_81' title="bbox 387 4502 2012 4572">
     <span class='ocr_line' id='line_1_81' title="bbox 387 4502 2012 4572; baseline 0.002 -18"><span class='ocrx_word' id='word_1_650' title='bbox 387 4559 394 4566; x_wconf 61' lang='grc'><strong>,</strong></span> <span class='ocrx_word' id='word_1_651' title='bbox 446 4520 466 4554; x_wconf 77' lang='grc' dir='ltr'><strong>ι</strong></span> <span class='ocrx_word' id='word_1_652' title='bbox 513 4510 632 4557; x_wconf 87' lang='lat' dir='ltr'><strong>erat</strong></span> <span class='ocrx_word' id='word_1_653' title='bbox 662 4502 923 4568; x_wconf 86' lang='lat' dir='ltr'><strong>Verbum,</strong></span> <span class='ocrx_word' id='word_1_654' title='bbox 961 4502 1274 4557; x_wconf 90' lang='lat' dir='ltr'><strong>ostenderet</strong></span> <span class='ocrx_word' id='word_1_655' title='bbox 1320 4513 1587 4572; x_wconf 87' lang='lat' dir='ltr'><strong>potestate</strong></span> <span class='ocrx_word' id='word_1_656' title='bbox 1619 4504 1763 4571; x_wconf 86' lang='lat' dir='ltr'><strong>apud</strong></span> <span class='ocrx_word' id='word_1_657' title='bbox 1791 4502 2012 4559; x_wconf 88' lang='lat' dir='ltr'><strong>Patrem</strong></span> 
     </span>
    </p>
   </div>
   <div class='ocr_carea' id='block_1_82' title="bbox 446 4593 2010 4651">
    <p class='ocr_par' dir='ltr' id='par_1_82' title="bbox 446 4593 2010 4651">
     <span class='ocr_line' id='line_1_82' title="bbox 446 4593 2010 4651; baseline 0.003 -5"><span class='ocrx_word' id='word_1_658' title='bbox 446 4612 466 4646; x_wconf 80' lang='grc' dir='ltr'><strong>ι</strong></span> <span class='ocrx_word' id='word_1_659' title='bbox 517 4593 751 4649; x_wconf 90' lang='lat' dir='ltr'><strong>Verbum</strong></span> <span class='ocrx_word' id='word_1_660' title='bbox 801 4594 1098 4650; x_wconf 75' lang='lat' dir='ltr'><strong>exStitisse.</strong></span> <span class='ocrx_word' id='word_1_661' title='bbox 1163 4594 1262 4649; x_wconf 89' lang='lat' dir='ltr'><strong>Est</strong></span> <span class='ocrx_word' id='word_1_662' title='bbox 1320 4594 1464 4648; x_wconf 89' lang='lat' dir='ltr'><strong>enim</strong></span> <span class='ocrx_word' id='word_1_663' title='bbox 1525 4610 1707 4650; x_wconf 88' lang='lat' dir='ltr'><strong>rerum</strong></span> <span class='ocrx_word' id='word_1_664' title='bbox 1768 4596 2010 4651; x_wconf 89' lang='lat' dir='ltr'><strong>omnium</strong></span> 
     </span>
    </p>
   </div>
   <div class='ocr_carea' id='block_1_83' title="bbox 447 4684 2014 4757">
    <p class='ocr_par' dir='ltr' id='par_1_83' title="bbox 447 4684 2014 4757">
     <span class='ocr_line' id='line_1_83' title="bbox 447 4684 2014 4757; baseline 0.004 -21"><span class='ocrx_word' id='word_1_665' title='bbox 447 4704 466 4736; x_wconf 73' lang='grc' dir='ltr'>ε</span> <span class='ocrx_word' id='word_1_666' title='bbox 513 4684 891 4740; x_wconf 78' lang='lat' dir='ltr'><strong>exsistentium</strong></span> <span class='ocrx_word' id='word_1_667' title='bbox 938 4685 1263 4755; x_wconf 90' lang='lat' dir='ltr'><strong>principium</strong></span> <span class='ocrx_word' id='word_1_668' title='bbox 1292 4684 1455 4741; x_wconf 86' lang='lat' dir='ltr'><strong>Pater</strong></span> <span class='ocrx_word' id='word_1_669' title='bbox 1498 4687 1660 4752; x_wconf 88' lang='lat' dir='ltr'><strong>Deus,</strong></span> <span class='ocrx_word' id='word_1_670' title='bbox 1688 4701 1720 4742; x_wconf 92' lang='lat' dir='ltr'><strong>e</strong></span> <span class='ocrx_word' id='word_1_671' title='bbox 1750 4702 1857 4757; x_wconf 89' lang='lat' dir='ltr'><strong>quo</strong></span> <span class='ocrx_word' id='word_1_672' title='bbox 1886 4696 2014 4743; x_wconf 89' lang='lat' dir='ltr'><strong>sunt</strong></span> 
     </span>
    </p>
   </div>
   <div class='ocr_carea' id='block_1_84' title="bbox 447 4775 2013 4836">
    <p class='ocr_par' dir='ltr' id='par_1_84' title="bbox 447 4775 2013 4836">
     <span class='ocr_line' id='line_1_84' title="bbox 447 4775 2013 4836; baseline 0.005 -8"><span class='ocrx_word' id='word_1_673' title='bbox 447 4793 466 4828; x_wconf 78' lang='grc' dir='ltr'><strong>ι</strong></span> <span class='ocrx_word' id='word_1_674' title='bbox 513 4776 717 4830; x_wconf 89' lang='lat' dir='ltr'><strong>omnia.</strong></span> <span class='ocrx_word' id='word_1_675' title='bbox 762 4795 780 4828; x_wconf 75' lang='grc' dir='ltr'><strong>ι</strong></span> <span class='ocrx_word' id='word_1_676' title='bbox 822 4775 879 4831; x_wconf 94' lang='lat' dir='ltr'><strong>In</strong></span> <span class='ocrx_word' id='word_1_677' title='bbox 933 4776 1026 4832; x_wconf 93' lang='lat' dir='ltr'><strong>illo</strong></span> <span class='ocrx_word' id='word_1_678' title='bbox 1073 4786 1257 4833; x_wconf 90' lang='lat' dir='ltr'><strong>autem</strong></span> <span class='ocrx_word' id='word_1_679' title='bbox 1294 4794 1309 4830; x_wconf 90' lang='lat'><strong>:</strong></span> <span class='ocrx_word' id='word_1_680' title='bbox 1350 4775 1419 4830; x_wconf 88' lang='lat' dir='ltr'><strong>Et</strong></span> <span class='ocrx_word' id='word_1_681' title='bbox 1476 4775 1695 4833; x_wconf 84' lang='lat' dir='ltr'><strong>Verbum</strong></span> <span class='ocrx_word' id='word_1_682' title='bbox 1733 4779 1866 4833; x_wconf 78' lang='lat' dir='ltr'><strong>illud</strong></span> <span class='ocrx_word' id='word_1_683' title='bbox 1899 4789 2013 4836; x_wconf 84' lang='lat' dir='ltr'><strong>erat</strong></span> 
     </span>
    </p>
   </div>
   <div class='ocr_carea' id='block_1_85' title="bbox 442 4867 2012 4941">
    <p class='ocr_par' dir='ltr' id='par_1_85' title="bbox 442 4867 2012 4941">
     <span class='ocr_line' id='line_1_85' title="bbox 442 4867 2012 4941; baseline 0.003 -20"><span class='ocrx_word' id='word_1_684' title='bbox 442 4868 586 4936; x_wconf 82' lang='lat' dir='ltr'><strong>apud</strong></span> <span class='ocrx_word' id='word_1_685' title='bbox 642 4867 828 4934; x_wconf 85' lang='lat' dir='ltr'><strong>Deum,</strong></span> <span class='ocrx_word' id='word_1_686' title='bbox 886 4875 944 4933; x_wconf 54' lang='grc' dir='ltr'>ὧ</span> <span class='ocrx_word' id='word_1_687' title='bbox 987 4870 1307 4939; x_wconf 88' lang='lat' dir='ltr'><strong>operatione</strong></span> <span class='ocrx_word' id='word_1_688' title='bbox 1377 4872 1614 4926; x_wconf 86' lang='lat' dir='ltr'><strong>insinuat</strong></span> <span class='ocrx_word' id='word_1_689' title='bbox 1657 4871 1795 4941; x_wconf 87' lang='lat' dir='ltr'><strong>apud</strong></span> <span class='ocrx_word' id='word_1_690' title='bbox 1846 4873 2012 4926; x_wconf 90' lang='lat' dir='ltr'><strong>Deum</strong></span> 
     </span>
    </p>
   </div>
   <div class='ocr_carea' id='block_1_86' title="bbox 2046 4934 2089 4989">
    <p class='ocr_par' dir='ltr' id='par_1_86' title="bbox 2046 4934 2089 4989">
     <span class='ocr_line' id='line_1_86' title="bbox 2046 4934 2089 4989; baseline 0 0"><span class='ocrx_word' id='word_1_691' title='bbox 2046 4934 2089 4989; x_wconf 90' lang='lat' dir='ltr'><strong>D</strong></span> 
     </span>
    </p>
   </div>
   <div class='ocr_carea' id='block_1_87' title="bbox 2108 3680 3679 3762">
    <p class='ocr_par' dir='ltr' id='par_1_87' title="bbox 2108 3680 3679 3762">
     <span class='ocr_line' id='line_1_87' title="bbox 2108 3680 3679 3762; baseline -0.006 -17"><span class='ocrx_word' id='word_1_692' title='bbox 2108 3713 2126 3744; x_wconf 78' lang='grc' dir='ltr'><strong>ι</strong></span> <span class='ocrx_word' id='word_1_693' title='bbox 2156 3710 2261 3762; x_wconf 75' lang='grc' dir='ltr'>τος</span> <span class='ocrx_word' id='word_1_694' title='bbox 2280 3686 2359 3762; x_wconf 79' lang='grc' dir='ltr'>ἦν</span> <span class='ocrx_word' id='word_1_695' title='bbox 2382 3688 2533 3759; x_wconf 80' lang='grc' dir='ltr'>πρὸς</span> <span class='ocrx_word' id='word_1_696' title='bbox 2568 3688 2676 3742; x_wconf 78' lang='grc' dir='ltr'>τὸν</span> <span class='ocrx_word' id='word_1_697' title='bbox 2708 3687 2877 3752; x_wconf 83' lang='grc' dir='ltr'>Θεὸν,</span> <span class='ocrx_word' id='word_1_698' title='bbox 2902 3686 2997 3740; x_wconf 78' lang='grc' dir='ltr'>καὶ</span> <span class='ocrx_word' id='word_1_699' title='bbox 3026 3686 3173 3751; x_wconf 86' lang='grc' dir='ltr'><strong>Θεὸς</strong></span> <span class='ocrx_word' id='word_1_700' title='bbox 3198 3680 3278 3755; x_wconf 83' lang='grc' dir='ltr'>ἦν</span> <span class='ocrx_word' id='word_1_701' title='bbox 3302 3687 3337 3737; x_wconf 87' lang='grc' dir='ltr'><strong>ό</strong></span> <span class='ocrx_word' id='word_1_702' title='bbox 3364 3685 3578 3753; x_wconf 73' lang='grc' dir='ltr'>Λόγος.</span> <span class='ocrx_word' id='word_1_703' title='bbox 3609 3682 3679 3735; x_wconf 72' lang='grc' dir='ltr'><strong>Οὐ</strong></span> 
     </span>
    </p>
   </div>
   <div class='ocr_carea' id='block_1_88' title="bbox 2110 3773 3682 3854">
    <p class='ocr_par' dir='ltr' id='par_1_88' title="bbox 2110 3773 3682 3854">
     <span class='ocr_line' id='line_1_88' title="bbox 2110 3773 3682 3854; baseline -0.007 -18"><span class='ocrx_word' id='word_1_704' title='bbox 2110 3802 2129 3836; x_wconf 82' lang='grc' dir='ltr'><strong>ι</strong></span> <span class='ocrx_word' id='word_1_705' title='bbox 2170 3783 2270 3854; x_wconf 80' lang='grc' dir='ltr'><strong>μίᾳ</strong></span> <span class='ocrx_word' id='word_1_706' title='bbox 2303 3781 2582 3854; x_wconf 72' lang='grc' dir='ltr'>μαρτυρίᾳ</span> <span class='ocrx_word' id='word_1_707' title='bbox 2620 3777 2921 3852; x_wconf 84' lang='grc' dir='ltr'>χρώμενος,</span> <span class='ocrx_word' id='word_1_708' title='bbox 2971 3778 3068 3848; x_wconf 83' lang='grc' dir='ltr'>τὴν</span> <span class='ocrx_word' id='word_1_709' title='bbox 3114 3776 3393 3846; x_wconf 81' lang='grc' dir='ltr'>ἀῖδιότητα</span> <span class='ocrx_word' id='word_1_710' title='bbox 3434 3773 3682 3845; x_wconf 76' lang='grc' dir='ltr'>σημαίνει</span> 
     </span>
    </p>
   </div>
   <div class='ocr_carea' id='block_1_89' title="bbox 3792 92 3800 295">
    <p class='ocr_par' dir='ltr' id='par_1_89' title="bbox 3792 92 3800 295">
     <span class='ocr_line' id='line_1_89' title="bbox 3792 92 3800 295; baseline 0 -22"><span class='ocrx_word' id='word_1_711' title='bbox 3792 92 3800 273; x_wconf 63' lang='lat' dir='ltr'><strong>l</strong></span> 
     </span>
    </p>
   </div>
   <div class='ocr_carea' id='block_1_90' title="bbox 3789 332 3800 581">
    <p class='ocr_par' dir='ltr' id='par_1_90' title="bbox 3789 332 3800 581">
     <span class='ocr_line' id='line_1_90' title="bbox 3789 332 3800 581; baseline 0 0"><span class='ocrx_word' id='word_1_712' title='bbox 3789 332 3800 581; x_wconf 65' lang='lat' dir='ltr'><strong>l</strong></span> 
     </span>
    </p>
   </div>
   <div class='ocr_carea' id='block_1_91' title="bbox 3778 702 3800 2831">
    <p class='ocr_par' dir='ltr' id='par_1_91' title="bbox 3778 702 3800 2831">
     <span class='ocr_line' id='line_1_91' title="bbox 3778 702 3800 1659; baseline 0 -149"><span class='ocrx_word' id='word_1_713' title='bbox 3778 1214 3800 1659; x_wconf 60' lang='grc' dir='ltr'><strong><em>ε</em></strong></span> 
     </span>
     <span class='ocr_line' id='line_1_92' title="bbox 3790 1834 3800 2395; baseline 0 0"><span class='ocrx_word' id='word_1_714' title='bbox 3790 1834 3800 2131; x_wconf 57' lang='grc'><strong><em>³</em></strong></span> 
     </span>
     <span class='ocr_line' id='line_1_93' title="bbox 3790 2422 3800 2831; baseline 0 0"><span class='ocrx_word' id='word_1_715' title='bbox 3790 2438 3800 2831; x_wconf 61' lang='grc' dir='ltr'><strong><em>τ</em></strong></span> 
     </span>
    </p>
   </div>
   <div class='ocr_carea' id='block_1_92' title="bbox 2111 3864 3799 3951">
    <p class='ocr_par' dir='ltr' id='par_1_92' title="bbox 2111 3864 3799 3951">
     <span class='ocr_line' id='line_1_94' title="bbox 2111 3864 3799 3951; baseline -0.005 -24"><span class='ocrx_word' id='word_1_716' title='bbox 2111 3895 2130 3927; x_wconf 81' lang='grc' dir='ltr'><strong>ι</strong></span> <span class='ocrx_word' id='word_1_717' title='bbox 2164 3876 2258 3928; x_wconf 86' lang='grc' dir='ltr'><strong>τοῦ</strong></span> <span class='ocrx_word' id='word_1_718' title='bbox 2291 3875 2538 3944; x_wconf 77' lang='grc' dir='ltr'>Λόγου.»</span> <span class='ocrx_word' id='word_1_719' title='bbox 2571 3871 2675 3928; x_wconf 71' lang='grc' dir='ltr'><strong>Καὶ</strong></span> <span class='ocrx_word' id='word_1_720' title='bbox 2714 3870 2873 3925; x_wconf 84' lang='grc' dir='ltr'>πάλιν</span> <span class='ocrx_word' id='word_1_721' title='bbox 2906 3870 3068 3941; x_wconf 74' lang='grc' dir='ltr'>φησί’</span> <span class='ocrx_word' id='word_1_722' title='bbox 3092 3888 3110 3920; x_wconf 76' lang='grc' dir='ltr'><strong>ι</strong></span> <span class='ocrx_word' id='word_1_723' title='bbox 3137 3867 3329 3939; x_wconf 71' lang='grc' dir='ltr'>Τρισὶν</span> <span class='ocrx_word' id='word_1_724' title='bbox 3360 3864 3681 3936; x_wconf 78' lang='grc' dir='ltr'>ἐπαλλήλοις</span> <span class='ocrx_word' id='word_1_725' title='bbox 3798 3946 3799 3951; x_wconf 11' lang='grc' dir='ltr'><strong>η</strong></span> 
     </span>
    </p>
   </div>
   <div class='ocr_carea' id='block_1_93' title="bbox 2110 3959 3799 4039">
    <p class='ocr_par' dir='ltr' id='par_1_93' title="bbox 2110 3959 3799 4039">
     <span class='ocr_line' id='line_1_95' title="bbox 2110 3959 3799 4039; baseline -0.007 -17"><span class='ocrx_word' id='word_1_726' title='bbox 2110 3988 2130 4022; x_wconf 76' lang='grc' dir='ltr'><strong>ι</strong></span> <span class='ocrx_word' id='word_1_727' title='bbox 2170 3965 2493 4039; x_wconf 87' lang='grc' dir='ltr'>μαρτυρίαις</span> <span class='ocrx_word' id='word_1_728' title='bbox 2550 3964 2850 4037; x_wconf 84' lang='grc' dir='ltr'>χρώμενος,</span> <span class='ocrx_word' id='word_1_729' title='bbox 2905 3964 3004 4034; x_wconf 85' lang='grc' dir='ltr'>τὴν</span> <span class='ocrx_word' id='word_1_730' title='bbox 3042 3962 3323 4031; x_wconf 81' lang='grc' dir='ltr'>άῖδιότητα</span> <span class='ocrx_word' id='word_1_731' title='bbox 3354 3959 3453 4014; x_wconf 86' lang='grc' dir='ltr'><strong>τοῦ</strong></span> <span class='ocrx_word' id='word_1_732' title='bbox 3512 3960 3683 4027; x_wconf 85' lang='grc' dir='ltr'>Λόγου</span> <span class='ocrx_word' id='word_1_733' title='bbox 3798 3970 3799 3977; x_wconf 85' lang='lat'>‘</span> 
     </span>
    </p>
   </div>
   <div class='ocr_carea' id='block_1_94' title="bbox 2112 4049 3685 4127">
    <p class='ocr_par' dir='ltr' id='par_1_94' title="bbox 2112 4049 3685 4127">
     <span class='ocr_line' id='line_1_96' title="bbox 2112 4049 3685 4127; baseline -0.004 -17"><span class='ocrx_word' id='word_1_734' title='bbox 2112 4078 2132 4110; x_wconf 84' lang='grc'><strong><em>‹</em></strong></span> <span class='ocrx_word' id='word_1_735' title='bbox 2163 4058 2433 4112; x_wconf 85' lang='grc' dir='ltr'>δεικνῦναι</span> <span class='ocrx_word' id='word_1_736' title='bbox 2469 4056 2738 4127; x_wconf 79' lang='grc' dir='ltr'>βούλεται.</span> <span class='ocrx_word' id='word_1_737' title='bbox 2780 4074 2799 4107; x_wconf 77' lang='grc' dir='ltr'><strong>ι</strong></span> <span class='ocrx_word' id='word_1_738' title='bbox 2832 4055 2945 4110; x_wconf 76' lang='grc' dir='ltr'><strong>Καὶ</strong></span> <span class='ocrx_word' id='word_1_739' title='bbox 2967 4049 3124 4118; x_wconf 79' lang='grc' dir='ltr'>αὖθις</span> <span class='ocrx_word' id='word_1_740' title='bbox 3151 4052 3394 4120; x_wconf 76' lang='grc' dir='ltr'>ἐπιλέγει</span> <span class='ocrx_word' id='word_1_741' title='bbox 3414 4067 3430 4081; x_wconf 86' lang='grc'><strong>·</strong></span> <span class='ocrx_word' id='word_1_742' title='bbox 3470 4072 3489 4103; x_wconf 84' lang='grc'><strong><em>‹</em></strong></span> <span class='ocrx_word' id='word_1_743' title='bbox 3521 4052 3589 4105; x_wconf 77' lang='grc' dir='ltr'><strong>ἶν’</strong></span> <span class='ocrx_word' id='word_1_744' title='bbox 3631 4053 3685 4104; x_wconf 76' lang='grc' dir='ltr'>ἐν</span> 
     </span>
    </p>
   </div>
   <div class='ocr_carea' id='block_1_95' title="bbox 2113 4140 3685 4221">
    <p class='ocr_par' dir='ltr' id='par_1_95' title="bbox 2113 4140 3685 4221">
     <span class='ocr_line' id='line_1_97' title="bbox 2113 4140 3685 4221; baseline -0.002 -20"><span class='ocrx_word' id='word_1_745' title='bbox 2113 4169 2131 4201; x_wconf 77' lang='grc' dir='ltr'><strong>ι</strong></span> <span class='ocrx_word' id='word_1_746' title='bbox 2167 4150 2264 4221; x_wconf 83' lang='grc' dir='ltr'>μὲν</span> <span class='ocrx_word' id='word_1_747' title='bbox 2291 4148 2369 4220; x_wconf 82' lang='grc' dir='ltr'>τῷ</span> <span class='ocrx_word' id='word_1_748' title='bbox 2416 4149 2607 4219; x_wconf 79' lang='grc' dir='ltr'>φῆσαι,</span> <span class='ocrx_word' id='word_1_749' title='bbox 2656 4148 2744 4200; x_wconf 88' lang='grc' dir='ltr'>Ἐν</span> <span class='ocrx_word' id='word_1_750' title='bbox 2781 4147 2924 4218; x_wconf 81' lang='grc' dir='ltr'>ἀρχῇ</span> <span class='ocrx_word' id='word_1_751' title='bbox 2970 4140 3038 4217; x_wconf 78' lang='grc' dir='ltr'>ἦν</span> <span class='ocrx_word' id='word_1_752' title='bbox 3088 4146 3118 4197; x_wconf 89' lang='grc' dir='ltr'><strong>ὀ</strong></span> <span class='ocrx_word' id='word_1_753' title='bbox 3164 4145 3357 4213; x_wconf 86' lang='grc' dir='ltr'>Λόγος,</span> <span class='ocrx_word' id='word_1_754' title='bbox 3398 4142 3551 4214; x_wconf 78' lang='grc' dir='ltr'>δείξῃ</span> <span class='ocrx_word' id='word_1_755' title='bbox 3578 4141 3685 4213; x_wconf 69' lang='lat'><strong>(39)</strong></span> 
     </span>
    </p>
   </div>
   <div class='ocr_carea' id='block_1_96' title="bbox 2114 4233 3688 4312">
    <p class='ocr_par' dir='ltr' id='par_1_96' title="bbox 2114 4233 3688 4312">
     <span class='ocr_line' id='line_1_98' title="bbox 2114 4233 3688 4312; baseline -0.005 -19"><span class='ocrx_word' id='word_1_756' title='bbox 2114 4261 2133 4293; x_wconf 77' lang='grc' dir='ltr'><strong>ι</strong></span> <span class='ocrx_word' id='word_1_757' title='bbox 2164 4242 2394 4312; x_wconf 86' lang='grc' dir='ltr'>δυνάμει</span> <span class='ocrx_word' id='word_1_758' title='bbox 2430 4242 2488 4293; x_wconf 80' lang='grc' dir='ltr'>ἐν</span> <span class='ocrx_word' id='word_1_759' title='bbox 2525 4239 2604 4310; x_wconf 85' lang='grc' dir='ltr'><strong>τῷ</strong></span> <span class='ocrx_word' id='word_1_760' title='bbox 2634 4238 2810 4310; x_wconf 77' lang='grc' dir='ltr'>Πατρὶ</span> <span class='ocrx_word' id='word_1_761' title='bbox 2840 4233 2980 4291; x_wconf 80' lang='grc' dir='ltr'>εἶναι</span> <span class='ocrx_word' id='word_1_762' title='bbox 3017 4236 3107 4290; x_wconf 76' lang='grc' dir='ltr'><strong>τὸν</strong></span> <span class='ocrx_word' id='word_1_763' title='bbox 3132 4236 3325 4303; x_wconf 89' lang='grc' dir='ltr'>Λόγον.</span> <span class='ocrx_word' id='word_1_764' title='bbox 3367 4236 3538 4306; x_wconf 76' lang='grc' dir='ltr'><strong>Ἀρχὴ</strong></span> <span class='ocrx_word' id='word_1_765' title='bbox 3585 4234 3688 4304; x_wconf 79' lang='grc' dir='ltr'>γὰρ</span> 
     </span>
    </p>
   </div>
   <div class='ocr_carea' id='block_1_97' title="bbox 2116 4318 3681 4400">
    <p class='ocr_par' dir='ltr' id='par_1_97' title="bbox 2116 4318 3681 4400">
     <span class='ocr_line' id='line_1_99' title="bbox 2116 4318 3681 4400; baseline -0.005 -15"><span class='ocrx_word' id='word_1_766' title='bbox 2116 4352 2134 4385; x_wconf 76' lang='grc' dir='ltr'><strong>ι</strong></span> <span class='ocrx_word' id='word_1_767' title='bbox 2166 4333 2420 4388; x_wconf 83' lang='grc' dir='ltr'>ἁπάντων</span> <span class='ocrx_word' id='word_1_768' title='bbox 2445 4331 2553 4385; x_wconf 83' lang='grc' dir='ltr'><strong>τῶν</strong></span> <span class='ocrx_word' id='word_1_769' title='bbox 2586 4329 2885 4400; x_wconf 85' lang='grc' dir='ltr'>γεγονότων</span> <span class='ocrx_word' id='word_1_770' title='bbox 2910 4332 2939 4384; x_wconf 89' lang='grc' dir='ltr'><strong>ό</strong></span> <span class='ocrx_word' id='word_1_771' title='bbox 2968 4328 3121 4392; x_wconf 84' lang='grc' dir='ltr'>Θεὸς,</span> <span class='ocrx_word' id='word_1_772' title='bbox 3159 4328 3218 4395; x_wconf 75' lang='grc' dir='ltr'>ἐξ</span> <span class='ocrx_word' id='word_1_773' title='bbox 3241 4318 3304 4380; x_wconf 78' lang='grc' dir='ltr'>οῦ</span> <span class='ocrx_word' id='word_1_774' title='bbox 3337 4327 3408 4381; x_wconf 81' lang='grc' dir='ltr'>τὰ</span> <span class='ocrx_word' id='word_1_775' title='bbox 3434 4327 3681 4379; x_wconf 73' lang='grc' dir='ltr'>πάνταοο</span> 
     </span>
    </p>
   </div>
   <div class='ocr_carea' id='block_1_98' title="bbox 2120 4417 3685 4495">
    <p class='ocr_par' dir='ltr' id='par_1_98' title="bbox 2120 4417 3685 4495">
     <span class='ocr_line' id='line_1_100' title="bbox 2120 4417 3685 4495; baseline -0.004 -18"><span class='ocrx_word' id='word_1_776' title='bbox 2120 4423 2208 4477; x_wconf 88' lang='grc' dir='ltr'><strong>Ἐν</strong></span> <span class='ocrx_word' id='word_1_777' title='bbox 2252 4424 2310 4477; x_wconf 80' lang='grc' dir='ltr'>δὲ</span> <span class='ocrx_word' id='word_1_778' title='bbox 2357 4422 2485 4495; x_wconf 55' lang='grc' dir='ltr'><strong>τῷί</strong></span> <span class='ocrx_word' id='word_1_779' title='bbox 2516 4420 2626 4476; x_wconf 77' lang='grc' dir='ltr'><strong>Καὶ</strong></span> <span class='ocrx_word' id='word_1_780' title='bbox 2678 4423 2712 4475; x_wconf 89' lang='grc' dir='ltr'><strong>ό</strong></span> <span class='ocrx_word' id='word_1_781' title='bbox 2753 4420 2945 4490; x_wconf 68' lang='grc' dir='ltr'>Λόγος</span> <span class='ocrx_word' id='word_1_782' title='bbox 3024 4419 3107 4489; x_wconf 83' lang='grc' dir='ltr'>ἦν</span> <span class='ocrx_word' id='word_1_783' title='bbox 3166 4418 3317 4487; x_wconf 81' lang='grc' dir='ltr'>πρὸς</span> <span class='ocrx_word' id='word_1_784' title='bbox 3356 4417 3469 4472; x_wconf 84' lang='grc' dir='ltr'><strong>τὸν</strong></span> <span class='ocrx_word' id='word_1_785' title='bbox 3514 4418 3685 4478; x_wconf 77' lang='grc' dir='ltr'>Θεὸν,</span> 
     </span>
    </p>
   </div>
   <div class='ocr_carea' id='block_1_99' title="bbox 2111 4504 3692 4584">
    <p class='ocr_par' dir='ltr' id='par_1_99' title="bbox 2111 4504 3692 4584">
     <span class='ocr_line' id='line_1_101' title="bbox 2111 4504 3692 4584; baseline -0.004 -20"><span class='ocrx_word' id='word_1_786' title='bbox 2111 4512 2359 4584; x_wconf 78' lang='grc' dir='ltr'>ἐνεργείᾳ</span> <span class='ocrx_word' id='word_1_787' title='bbox 2408 4512 2545 4584; x_wconf 86' lang='grc' dir='ltr'>πρὸς</span> <span class='ocrx_word' id='word_1_788' title='bbox 2598 4511 2688 4564; x_wconf 88' lang='grc' dir='ltr'><strong>τὸν</strong></span> <span class='ocrx_word' id='word_1_789' title='bbox 2746 4508 2881 4563; x_wconf 86' lang='grc' dir='ltr'>Θεὸν</span> <span class='ocrx_word' id='word_1_790' title='bbox 2936 4504 3075 4563; x_wconf 78' lang='grc' dir='ltr'>εἶναι</span> <span class='ocrx_word' id='word_1_791' title='bbox 3125 4507 3217 4561; x_wconf 89' lang='grc' dir='ltr'><strong>τὸν</strong></span> <span class='ocrx_word' id='word_1_792' title='bbox 3255 4507 3450 4576; x_wconf 90' lang='grc' dir='ltr'>Λόγον.</span> <span class='ocrx_word' id='word_1_793' title='bbox 3485 4505 3692 4560; x_wconf 78' lang='grc' dir='ltr'>Πάντα</span> 
     </span>
    </p>
   </div>
   <div class='ocr_carea' id='block_1_100' title="bbox 2113 4598 3694 4678">
    <p class='ocr_par' dir='ltr' id='par_1_100' title="bbox 2113 4598 3694 4678">
     <span class='ocr_line' id='line_1_102' title="bbox 2113 4598 3694 4678; baseline -0.005 -18"><span class='ocrx_word' id='word_1_794' title='bbox 2113 4607 2222 4678; x_wconf 82' lang='grc' dir='ltr'>γὰρ</span> <span class='ocrx_word' id='word_1_795' title='bbox 2246 4605 2321 4659; x_wconf 80' lang='grc' dir='ltr'><strong>δι’</strong></span> <span class='ocrx_word' id='word_1_796' title='bbox 2343 4605 2530 4661; x_wconf 83' lang='grc' dir='ltr'>αὐτοῦ</span> <span class='ocrx_word' id='word_1_797' title='bbox 2567 4605 2823 4677; x_wconf 77' lang='grc' dir='ltr'>ἐγένετο,</span> <span class='ocrx_word' id='word_1_798' title='bbox 2868 4607 2966 4658; x_wconf 76' lang='grc' dir='ltr'>καὶ</span> <span class='ocrx_word' id='word_1_799' title='bbox 2994 4601 3174 4672; x_wconf 76' lang='grc' dir='ltr'>χωρὶς</span> <span class='ocrx_word' id='word_1_800' title='bbox 3220 4599 3407 4655; x_wconf 82' lang='grc' dir='ltr'>αὑτοῦ</span> <span class='ocrx_word' id='word_1_801' title='bbox 3454 4598 3694 4667; x_wconf 72' lang='grc' dir='ltr'>ἐγένετο</span> 
     </span>
    </p>
   </div>
   <div class='ocr_carea' id='block_1_101' title="bbox 2114 4689 3694 4769">
    <p class='ocr_par' dir='ltr' id='par_1_101' title="bbox 2114 4689 3694 4769">
     <span class='ocr_line' id='line_1_103' title="bbox 2114 4689 3694 4769; baseline -0.008 -17"><span class='ocrx_word' id='word_1_802' title='bbox 2114 4694 2258 4752; x_wconf 86' lang='grc' dir='ltr'>οὐδὲ</span> <span class='ocrx_word' id='word_1_803' title='bbox 2289 4696 2360 4752; x_wconf 81' lang='grc' dir='ltr'>ἐν</span> <span class='ocrx_word' id='word_1_804' title='bbox 2378 4714 2393 4729; x_wconf 90' lang='grc'><strong>·</strong></span> <span class='ocrx_word' id='word_1_805' title='bbox 2452 4699 2509 4752; x_wconf 83' lang='grc' dir='ltr'>ὲν</span> <span class='ocrx_word' id='word_1_806' title='bbox 2538 4697 2596 4752; x_wconf 85' lang='grc' dir='ltr'>δὲ</span> <span class='ocrx_word' id='word_1_807' title='bbox 2641 4696 2721 4768; x_wconf 81' lang='grc' dir='ltr'><strong>τῷ</strong></span> <span class='ocrx_word' id='word_1_808' title='bbox 2758 4697 2869 4769; x_wconf 77' lang='grc'><strong>(50)</strong></span> <span class='ocrx_word' id='word_1_809' title='bbox 2900 4693 3048 4748; x_wconf 82' lang='grc' dir='ltr'>Θεὸν</span> <span class='ocrx_word' id='word_1_810' title='bbox 3071 4693 3223 4747; x_wconf 81' lang='grc' dir='ltr'>εἶναι</span> <span class='ocrx_word' id='word_1_811' title='bbox 3247 4689 3357 4744; x_wconf 87' lang='grc' dir='ltr'><strong>τὸν</strong></span> <span class='ocrx_word' id='word_1_812' title='bbox 3374 4691 3579 4758; x_wconf 80' lang='grc' dir='ltr'>Λόγον</span> <span class='ocrx_word' id='word_1_813' title='bbox 3621 4690 3694 4741; x_wconf 77' lang='grc' dir='ltr'>εί-</span> 
     </span>
    </p>
   </div>
   <div class='ocr_carea' id='block_1_102' title="bbox 2118 4780 3692 4860">
    <p class='ocr_par' dir='ltr' id='par_1_102' title="bbox 2118 4780 3692 4860">
     <span class='ocr_line' id='line_1_104' title="bbox 2118 4780 3692 4860; baseline -0.007 -18"><span class='ocrx_word' id='word_1_814' title='bbox 2118 4787 2362 4860; x_wconf 79' lang='grc' dir='ltr'>ρηκέναι,</span> <span class='ocrx_word' id='word_1_815' title='bbox 2400 4788 2474 4859; x_wconf 85' lang='grc' dir='ltr'>μὴ</span> <span class='ocrx_word' id='word_1_816' title='bbox 2508 4786 2734 4860; x_wconf 85' lang='grc' dir='ltr'>διαιρεῖν</span> <span class='ocrx_word' id='word_1_817' title='bbox 2756 4786 2854 4859; x_wconf 83' lang='grc' dir='ltr'>τὴν</span> <span class='ocrx_word' id='word_1_818' title='bbox 2876 4784 3123 4856; x_wconf 83' lang='grc' dir='ltr'>θεότητα,</span> <span class='ocrx_word' id='word_1_819' title='bbox 3153 4780 3339 4853; x_wconf 80' lang='grc' dir='ltr'>ἐπειδὴ</span> <span class='ocrx_word' id='word_1_820' title='bbox 3378 4781 3409 4834; x_wconf 91' lang='lat'><strong>6</strong></span> <span class='ocrx_word' id='word_1_821' title='bbox 3436 4781 3615 4850; x_wconf 87' lang='grc' dir='ltr'>Λόγος</span> <span class='ocrx_word' id='word_1_822' title='bbox 3637 4796 3692 4832; x_wconf 78' lang='grc' dir='ltr'><strong>τε</strong></span> 
     </span>
    </p>
   </div>
   <div class='ocr_carea' id='block_1_103' title="bbox 2116 4871 3688 4948">
    <p class='ocr_par' dir='ltr' id='par_1_103' title="bbox 2116 4871 3688 4948">
     <span class='ocr_line' id='line_1_105' title="bbox 2116 4871 3688 4948; baseline 0.008 -19"><span class='ocrx_word' id='word_1_823' title='bbox 2116 4879 2175 4930; x_wconf 88' lang='grc' dir='ltr'>ὲν</span> <span class='ocrx_word' id='word_1_824' title='bbox 2197 4877 2366 4948; x_wconf 75' lang='grc' dir='ltr'>αὐτῷ,</span> <span class='ocrx_word' id='word_1_825' title='bbox 2396 4880 2491 4931; x_wconf 81' lang='grc' dir='ltr'>καὶ</span> <span class='ocrx_word' id='word_1_826' title='bbox 2530 4878 2690 4942; x_wconf 83' lang='grc' dir='ltr'>αὐτὸς</span> <span class='ocrx_word' id='word_1_827' title='bbox 2723 4880 2781 4931; x_wconf 80' lang='grc' dir='ltr'>ὲν</span> <span class='ocrx_word' id='word_1_828' title='bbox 2816 4875 2895 4947; x_wconf 82' lang='grc' dir='ltr'><strong>τῷ</strong></span> <span class='ocrx_word' id='word_1_829' title='bbox 2916 4875 3095 4946; x_wconf 86' lang='grc' dir='ltr'>Λόγῳ.</span> <span class='ocrx_word' id='word_1_830' title='bbox 3133 4875 3229 4927; x_wconf 88' lang='grc' dir='ltr'>Ἐν</span> <span class='ocrx_word' id='word_1_831' title='bbox 3253 4873 3384 4942; x_wconf 76' lang='grc' dir='ltr'><strong>ἐμοὶ</strong></span> <span class='ocrx_word' id='word_1_832' title='bbox 3419 4871 3559 4942; x_wconf 64' lang='grc' dir='ltr'>’μὰρ-</span> <span class='ocrx_word' id='word_1_833' title='bbox 3588 4889 3688 4941; x_wconf 70' lang='grc' dir='ltr'><strong>φη⁴</strong></span> 
     </span>
    </p>
   </div>
   <div class='ocr_carea' id='block_1_104' title="bbox 442 4961 2003 5045">
    <p class='ocr_par' dir='ltr' id='par_1_104' title="bbox 442 4961 2003 5033">
     <span class='ocr_line' id='line_1_106' title="bbox 442 4961 2003 5033; baseline 0.003 -19"><span class='ocrx_word' id='word_1_834' title='bbox 442 4961 721 5018; x_wconf 82' lang='lat' dir='ltr'><strong>exstitisse</strong></span> <span class='ocrx_word' id='word_1_835' title='bbox 773 4962 1032 5019; x_wconf 85' lang='lat' dir='ltr'><strong>Verbum.</strong></span> <span class='ocrx_word' id='word_1_836' title='bbox 1080 4962 1271 5019; x_wconf 84' lang='lat' dir='ltr'><strong>Omnia</strong></span> <span class='ocrx_word' id='word_1_837' title='bbox 1333 4964 1479 5020; x_wconf 87' lang='lat' dir='ltr'><strong>enim</strong></span> <span class='ocrx_word' id='word_1_838' title='bbox 1511 4979 1606 5033; x_wconf 85' lang='lat' dir='ltr'><strong>per</strong></span> <span class='ocrx_word' id='word_1_839' title='bbox 1655 4963 1825 5033; x_wconf 81' lang='lat' dir='ltr'><strong>ipsum</strong></span> <span class='ocrx_word' id='word_1_840' title='bbox 1869 4963 2003 5032; x_wconf 76' lang='lat' dir='ltr'><strong>facta</strong></span> 
     </span>
    </p>
   </div>
   <div class='ocr_carea' id='block_1_105' title="bbox 2110 4961 3691 5045">
    <p class='ocr_par' dir='ltr' id='par_1_105' title="bbox 2118 4962 3691 5045">
     <span class='ocr_line' id='line_1_107' title="bbox 2118 4962 3691 5045; baseline -0.003 -25"><span class='ocrx_word' id='word_1_841' title='bbox 2118 4968 2221 5034; x_wconf 81' lang='grc' dir='ltr'>σὶν,</span> <span class='ocrx_word' id='word_1_842' title='bbox 2241 4971 2272 5023; x_wconf 86' lang='grc' dir='ltr'><strong>ό</strong></span> <span class='ocrx_word' id='word_1_843' title='bbox 2293 4968 2515 5038; x_wconf 75' lang='grc' dir='ltr'>Πατὴρ,</span> <span class='ocrx_word' id='word_1_844' title='bbox 2546 4967 2708 5039; x_wconf 61' lang='grc' dir='ltr'><strong>κάγὼ</strong></span> <span class='ocrx_word' id='word_1_845' title='bbox 2820 4966 2900 5033; x_wconf 84' lang='grc' dir='ltr'><strong>τῷ</strong></span> <span class='ocrx_word' id='word_1_846' title='bbox 2914 4965 3116 5034; x_wconf 77' lang='grc' dir='ltr'>Πατρί.</span> <span class='ocrx_word' id='word_1_847' title='bbox 3143 4962 3243 5018; x_wconf 80' lang='grc' dir='ltr'><strong>Διὰ</strong></span> <span class='ocrx_word' id='word_1_848' title='bbox 3256 4962 3529 5018; x_wconf 82' lang='grc' dir='ltr'>τοσούτων</span> <span class='ocrx_word' id='word_1_849' title='bbox 3542 4963 3691 5034; x_wconf 75' lang='grc' dir='ltr'>Μάρ-</span> 
     </span>
    </p>
   </div>
   <div class='ocr_carea' id='block_1_106' title="bbox 517 5098 1422 5171">
    <p class='ocr_par' dir='ltr' id='par_1_106' title="bbox 517 5098 1422 5171">
     <span class='ocr_line' id='line_1_108' title="bbox 517 5098 1422 5171; baseline -0.001 -16"><span class='ocrx_word' id='word_1_850' title='bbox 517 5102 577 5171; x_wconf 67' lang='lat'><strong>93</strong></span> <span class='ocrx_word' id='word_1_851' title='bbox 599 5098 719 5171; x_wconf 85' lang='lat' dir='ltr'><strong>_Ed.</strong></span> <span class='ocrx_word' id='word_1_852' title='bbox 754 5098 955 5171; x_wconf 86' lang='lat' dir='ltr'><strong>Paris.,</strong></span> <span class='ocrx_word' id='word_1_853' title='bbox 987 5114 1113 5171; x_wconf 87' lang='lat' dir='ltr'><strong>pag.</strong></span> <span class='ocrx_word' id='word_1_854' title='bbox 1139 5098 1263 5168; x_wconf 78' lang='grc'>118,</span> <span class='ocrx_word' id='word_1_855' title='bbox 1300 5101 1422 5158; x_wconf 86' lang='lat' dir='ltr'><strong>II9.</strong></span> 
     </span>
    </p>
   </div>
   <div class='ocr_carea' id='block_1_107' title="bbox 516 5166 901 5236">
    <p class='ocr_par' dir='ltr' id='par_1_107' title="bbox 516 5166 901 5236">
     <span class='ocr_line' id='line_1_109' title="bbox 516 5166 901 5236; baseline 0 -13"><span class='ocrx_word' id='word_1_856' title='bbox 516 5169 559 5199; x_wconf 85' lang='grc'><strong>⁹¹</strong></span> <span class='ocrx_word' id='word_1_857' title='bbox 591 5166 748 5224; x_wconf 85' lang='lat' dir='ltr'><strong>Juan.</strong></span> <span class='ocrx_word' id='word_1_858' title='bbox 780 5185 819 5236; x_wconf 88' lang='grc' dir='ltr'><strong>ι,</strong></span> <span class='ocrx_word' id='word_1_859' title='bbox 847 5170 901 5223; x_wconf 80' lang='grc'>1.</span> 
     </span>
    </p>
   </div>
   <div class='ocr_carea' id='block_1_108' title="bbox 520 5301 984 5371">
    <p class='ocr_par' dir='ltr' id='par_1_108' title="bbox 520 5301 984 5371">
     <span class='ocr_line' id='line_1_110' title="bbox 520 5301 984 5371; baseline 0.006 -15"><span class='ocrx_word' id='word_1_860' title='bbox 520 5302 635 5369; x_wconf 70' lang='lat'><strong>(2&#39;5)</strong></span> <span class='ocrx_word' id='word_1_861' title='bbox 667 5301 838 5371; x_wconf 85' lang='lat' dir='ltr'><strong>Vulgo</strong></span> <span class='ocrx_word' id='word_1_862' title='bbox 869 5303 984 5360; x_wconf 79' lang='grc' dir='ltr'>ἐπί.</span> 
     </span>
    </p>
   </div>
   <div class='ocr_carea' id='block_1_109' title="bbox 523 5372 2014 5444">
    <p class='ocr_par' dir='ltr' id='par_1_109' title="bbox 523 5372 2014 5444">
     <span class='ocr_line' id='line_1_111' title="bbox 523 5372 2014 5444; baseline -0.001 -18"><span class='ocrx_word' id='word_1_863' title='bbox 523 5372 975 5444; x_wconf 15' lang='grc' dir='ltr'>(ἓωίηροςεορᾴν</span> <span class='ocrx_word' id='word_1_864' title='bbox 1022 5372 1133 5443; x_wconf 83' lang='grc' dir='ltr'>τῆς</span> <span class='ocrx_word' id='word_1_865' title='bbox 1184 5372 1408 5444; x_wconf 75' lang='grc' dir='ltr'>φωνῆς.</span> <span class='ocrx_word' id='word_1_866' title='bbox 1462 5373 1613 5428; x_wconf 80' lang='lat' dir='ltr'><strong>Alius</strong></span> <span class='ocrx_word' id='word_1_867' title='bbox 1648 5373 1813 5429; x_wconf 79' lang='lat' dir='ltr'><strong>codex</strong></span> <span class='ocrx_word' id='word_1_868' title='bbox 1844 5383 2014 5444; x_wconf 82' lang='lat' dir='ltr'><strong>recte,</strong></span> 
     </span>
    </p>
   </div>
   <div class='ocr_carea' id='block_1_110' title="bbox 448 5441 2016 5516">
    <p class='ocr_par' dir='ltr' id='par_1_110' title="bbox 448 5441 2016 5516">
     <span class='ocr_line' id='line_1_112' title="bbox 448 5441 2016 5516; baseline 0.002 -22"><span class='ocrx_word' id='word_1_869' title='bbox 448 5441 548 5516; x_wconf 78' lang='grc' dir='ltr'>τῆς</span> <span class='ocrx_word' id='word_1_870' title='bbox 578 5441 891 5516; x_wconf 53' lang='grc' dir='ltr'>διὰ-φωνῆς.</span> <span class='ocrx_word' id='word_1_871' title='bbox 919 5441 1124 5516; x_wconf 67' lang='lat' dir='ltr'><strong>[Dele-vi</strong></span> <span class='ocrx_word' id='word_1_872' title='bbox 1149 5441 1268 5516; x_wconf 84' lang='lat' dir='ltr'><strong>cum</strong></span> <span class='ocrx_word' id='word_1_873' title='bbox 1289 5445 1443 5499; x_wconf 89' lang='lat' dir='ltr'><strong>codd.</strong></span> <span class='ocrx_word' id='word_1_874' title='bbox 1464 5444 1562 5515; x_wconf 77' lang='grc' dir='ltr'>τῆς</span> <span class='ocrx_word' id='word_1_875' title='bbox 1594 5455 1712 5515; x_wconf 89' lang='lat' dir='ltr'><strong>post</strong></span> <span class='ocrx_word' id='word_1_876' title='bbox 1732 5443 1924 5516; x_wconf 81' lang='grc' dir='ltr'>προφ.]</span> <span class='ocrx_word' id='word_1_877' title='bbox 1947 5442 2016 5497; x_wconf 79' lang='grc' dir='ltr'>Μ.</span> 
     </span>
    </p>
   </div>
   <div class='ocr_carea' id='block_1_111' title="bbox 524 5511 1185 5649">
    <p class='ocr_par' dir='ltr' id='par_1_111' title="bbox 524 5511 1185 5649">
     <span class='ocr_line' id='line_1_113' title="bbox 524 5511 1185 5649; baseline 0.008 -87"><span class='ocrx_word' id='word_1_878' title='bbox 524 5511 638 5649; x_wconf 51' lang='grc' dir='ltr'><strong>(ι”ῖζ</strong></span> <span class='ocrx_word' id='word_1_879' title='bbox 668 5511 841 5581; x_wconf 85' lang='lat' dir='ltr'><strong>Vulgo</strong></span> <span class='ocrx_word' id='word_1_880' title='bbox 871 5511 964 5566; x_wconf 75' lang='lat' dir='ltr'><strong>xcil.</strong></span> <span class='ocrx_word' id='word_1_881' title='bbox 995 5515 1185 5585; x_wconf 89' lang='grc' dir='ltr'>μικρά.</span> 
     </span>
     <span class='ocr_line' id='line_1_114' title="bbox 526 5580 1185 5649; baseline 0.012 -18"><span class='ocrx_word' id='word_1_882' title='bbox 526 5580 613 5633; x_wconf 74' lang='lat'><strong>{9.8</strong></span> <span class='ocrx_word' id='word_1_883' title='bbox 672 5580 757 5648; x_wconf 82' lang='grc' dir='ltr'><strong>Τῷ</strong></span> <span class='ocrx_word' id='word_1_884' title='bbox 801 5582 1063 5649; x_wconf 75' lang='grc' dir='ltr'>ἡμετέρῳ</span> <span class='ocrx_word' id='word_1_885' title='bbox 1089 5598 1185 5640; x_wconf 79' lang='grc' dir='ltr'>ποι</span> 
     </span>
    </p>
   </div>
   <div class='ocr_carea' id='block_1_112' title="bbox 526 5580 715 5635">
    <p class='ocr_par' dir='ltr' id='par_1_112' title="bbox 526 5580 715 5635">
     <span class='ocr_line' id='line_1_115' title="bbox 526 5580 715 5635; baseline 0.032 -5"><span class='ocrx_word' id='word_1_886' title='bbox 526 5580 637 5635; x_wconf 71' lang='grc'><strong>(28)</strong></span> <span class='ocrx_word' id='word_1_887' title='bbox 672 5586 715 5635; x_wconf 72' lang='grc' dir='ltr'><strong>Ἤ</strong></span> 
     </span>
    </p>
   </div>
   <div class='ocr_carea' id='block_1_113' title="bbox 452 5647 728 5719">
    <p class='ocr_par' dir='ltr' id='par_1_113' title="bbox 452 5647 728 5719">
     <span class='ocr_line' id='line_1_116' title="bbox 452 5647 728 5719; baseline 0.018 -16"><span class='ocrx_word' id='word_1_888' title='bbox 452 5647 625 5719; x_wconf 54' lang='grc' dir='ltr'>λόγῳ.</span> <span class='ocrx_word' id='word_1_889' title='bbox 656 5651 728 5708; x_wconf 75' lang='grc' dir='ltr'>Μ.</span> 
     </span>
    </p>
   </div>
   <div class='ocr_carea' id='block_1_114' title="bbox 2194 5302 3684 5382">
    <p class='ocr_par' dir='ltr' id='par_1_114' title="bbox 2194 5302 3684 5382">
     <span class='ocr_line' id='line_1_117' title="bbox 2194 5302 3684 5382; baseline -0.021 -2"><span class='ocrx_word' id='word_1_890' title='bbox 2194 5309 2305 5380; x_wconf 59' lang='grc'><strong>(29)</strong></span> <span class='ocrx_word' id='word_1_891' title='bbox 2333 5310 2686 5382; x_wconf 33' lang='grc' dir='ltr'>Δυνάμει.Μ</span> <span class='ocrx_word' id='word_1_892' title='bbox 2728 5304 3478 5382; x_wconf 39' lang='grc' dir='ltr'><strong>τῷῌᾳῖρίκεῑο-Ιρερηρηω</strong></span> <span class='ocrx_word' id='word_1_893' title='bbox 3637 5308 3684 5382; x_wconf 58' lang='lat' dir='ltr'><strong>rt</strong></span> 
     </span>
    </p>
   </div>
   <div class='ocr_carea' id='block_1_115' title="bbox 2123 5370 3685 5451">
    <p class='ocr_par' dir='ltr' id='par_1_115' title="bbox 2123 5370 3685 5451">
     <span class='ocr_line' id='line_1_118' title="bbox 2123 5370 3685 5451; baseline -0.008 -15"><span class='ocrx_word' id='word_1_894' title='bbox 2123 5370 2306 5451; x_wconf 38' lang='lat' dir='ltr'><strong>cpddf;</strong></span> <span class='ocrx_word' id='word_1_895' title='bbox 2338 5370 2507 5451; x_wconf 65' lang='lat' dir='ltr'><strong>supra&#39;</strong></span> <span class='ocrx_word' id='word_1_896' title='bbox 2525 5381 2680 5451; x_wconf 79' lang='lat' dir='ltr'><strong>vulgo</strong></span> <span class='ocrx_word' id='word_1_897' title='bbox 2707 5370 3080 5449; x_wconf 71' lang='grc' dir='ltr'>ἐπαλλήλαις].</span> <span class='ocrx_word' id='word_1_898' title='bbox 3126 5376 3213 5429; x_wconf 88' lang='grc' dir='ltr'>Ἐν</span> <span class='ocrx_word' id='word_1_899' title='bbox 3242 5374 3298 5428; x_wconf 85' lang='grc' dir='ltr'>δὲ</span> <span class='ocrx_word' id='word_1_900' title='bbox 3316 5371 3417 5444; x_wconf 81' lang='grc' dir='ltr'>τῷ,</span> <span class='ocrx_word' id='word_1_901' title='bbox 3446 5370 3544 5426; x_wconf 62' lang='grc' dir='ltr'>καὶ</span> <span class='ocrx_word' id='word_1_902' title='bbox 3565 5370 3685 5424; x_wconf 81' lang='grc' dir='ltr'>Θεὸν</span> 
     </span>
    </p>
   </div>
   <div class='ocr_carea' id='block_1_116' title="bbox 2125 5446 2706 5521">
    <p class='ocr_par' dir='ltr' id='par_1_116' title="bbox 2125 5446 2706 5521">
     <span class='ocr_line' id='line_1_119' title="bbox 2125 5446 2706 5521; baseline 0.002 -18"><span class='ocrx_word' id='word_1_903' title='bbox 2125 5446 2265 5504; x_wconf 82' lang='grc' dir='ltr'>εἶναι</span> <span class='ocrx_word' id='word_1_904' title='bbox 2287 5451 2375 5521; x_wconf 78' lang='grc' dir='ltr'><strong>τὸν</strong></span> <span class='ocrx_word' id='word_1_905' title='bbox 2403 5446 2589 5521; x_wconf 69' lang='grc' dir='ltr'>λόγον.</span> 
     </span>
    </p>
   </div>
   <div class='ocr_carea' id='block_1_117' title="bbox 2199 5508 3683 5592">
    <p class='ocr_par' dir='ltr' id='par_1_117' title="bbox 2199 5508 3683 5592">
     <span class='ocr_line' id='line_1_120' title="bbox 2199 5508 3683 5592; baseline -0.015 -9"><span class='ocrx_word' id='word_1_906' title='bbox 2199 5519 2311 5592; x_wconf 63' lang='lat' dir='ltr'><strong>(so)</strong></span> <span class='ocrx_word' id='word_1_907' title='bbox 2342 5508 2509 5592; x_wconf 78' lang='lat' dir='ltr'><strong>Vulgo</strong></span> <span class='ocrx_word' id='word_1_908' title='bbox 2549 5519 2690 5590; x_wconf 81' lang='grc' dir='ltr'>Θεῷ,</span> <span class='ocrx_word' id='word_1_909' title='bbox 2742 5528 2798 5574; x_wconf 87' lang='lat' dir='ltr'><strong>at</strong></span> <span class='ocrx_word' id='word_1_910' title='bbox 2843 5516 2911 5575; x_wconf 76' lang='lat' dir='ltr'><strong>cr.</strong></span> <span class='ocrx_word' id='word_1_911' title='bbox 2964 5531 3017 5588; x_wconf 88' lang='lat' dir='ltr'><strong>p.</strong></span> <span class='ocrx_word' id='word_1_912' title='bbox 3072 5515 3142 5572; x_wconf 79' lang='lat'><strong>37</strong></span> <span class='ocrx_word' id='word_1_913' title='bbox 3189 5515 3254 5571; x_wconf 77' lang='grc' dir='ltr'>Α.</span> <span class='ocrx_word' id='word_1_914' title='bbox 3309 5512 3416 5584; x_wconf 76' lang='lat' dir='ltr'><strong>Mp.</strong></span> <span class='ocrx_word' id='word_1_915' title='bbox 3473 5514 3549 5567; x_wconf 82' lang='grc' dir='ltr'><strong>τσ.</strong></span> <span class='ocrx_word' id='word_1_916' title='bbox 3602 5508 3683 5563; x_wconf 64' lang='grc' dir='ltr'><strong>κει</strong></span> 
     </span>
    </p>
   </div>
   <div class='ocr_carea' id='block_1_118' title="bbox 710 5580 2289 5655">
    <p class='ocr_par' dir='ltr' id='par_1_118' title="bbox 710 5580 2289 5655">
     <span class='ocr_line' id='line_1_121' title="bbox 710 5580 2289 5655; baseline 0.007 -20"><span class='ocrx_word' id='word_1_917' title='bbox 710 5580 757 5648; x_wconf 70' lang='grc' dir='ltr'>ᾧ</span> <span class='ocrx_word' id='word_1_918' title='bbox 782 5580 1063 5653; x_wconf 48' lang='lat' dir='ltr'><strong>musam</strong></span> <span class='ocrx_word' id='word_1_919' title='bbox 1089 5580 1397 5655; x_wconf 69' lang='grc' dir='ltr'>ἐποιοῦμεν.</span> <span class='ocrx_word' id='word_1_920' title='bbox 1431 5585 1603 5651; x_wconf 88' lang='lat' dir='ltr'><strong>Adde,</strong></span> <span class='ocrx_word' id='word_1_921' title='bbox 1640 5585 1731 5637; x_wconf 66' lang='grc' dir='ltr'>καὶ</span> <span class='ocrx_word' id='word_1_922' title='bbox 1789 5583 2021 5653; x_wconf 84' lang='grc' dir='ltr'>λέγομεν</span> <span class='ocrx_word' id='word_1_923' title='bbox 2128 5580 2289 5646; x_wconf 84' lang='grc' dir='ltr'>-Θεόν.</span> 
     </span>
    </p>
   </div>
  </div>
