3838 6222
188 322 306 380 θίὄι

1109 320 1200 376 DE
1239 319 1779 376 ECCLESIASTIL'A
1820 318 2214 376 THEOLOGIA
2249 318 2383 375 LIB.
2422 317 2488 375 ῐ1.

3337 323 3443 380 9Ξ6

190 443 383 506 καλλος
414 441 514 513 τὴν
546 439 847 494 ὑπόστασιν
871 436 970 493 τοῦ
1011 437 1331 509 μονογενοῦς
1362 437 1495 491 Υἱοῦ
1519 437 1620 491 τοῦ
1633 437 1769 491 Θεοῦ

1876 448 2015 500 sunt,
2062 447 2113 491 et
2159 438 2431 501 ἠπείρου
2488 436 2691 505 factum
2742 446 2822 490 est
2864 435 2998 490 nihil
3039 437 3109 490 ”.
3155 435 3213 491 In
3266 452 3443 508 eoque

190 534 455 609 ἀναιρῶν,
484 533 576 587 τὸν
607 530 749 585 θεῖον
772 529 1165 601 εὑαγγελιστὴν
1188 530 1289 601 τῆς
1317 528 1513 583 ἑαυτοῦ
1540 530 1767 584 κακοδο-

192 627 317 693 ξίας
367 624 719 698 μαρτύρεται,
753 624 830 688 ὡς
868 621 1023 678 οὐδὲν
1054 622 1243 692 ἕτερον
1279 622 1440 675 αὐτὸν
1472 621 1771 691 ἐπιστάμε-

192 736 288 775 νον
316 718 349 789 ἢ
372 719 566 786 Λόγον,
606 717 738 771 ποτε
767 716 865 787 μὲν
892 712 1240 785 ἐνεργοῦντα,
1258 712 1445 768 ἄλλοτε
1474 711 1531 765 δὲ
1563 710 1771 783 ἡσυχά-

193 809 359 875 ζοντα
378 812 437 863 ὲν
458 808 534 881 τῷ
566 808 708 880 Θεῷ,
737 806 832 862 καὶ
855 805 1015 861 οὐδὲν
1043 806 1229 877 ἕτερον
1250 803 1379 859 ὄντα
1410 803 1444 875 ἢ
1482 803 1642 856 αὐτὸν
1677 802 1769 855 τὸν

192 902 352 958 Θεόν.

1868 529 2088 591 dicitur,
2141 538 2194 583 et
2246 527 2387 583 Deus
2436 536 2549 582 erat
2593 524 2836 591 Verbum,
2875 542 2979 582 non
3026 529 3223 582 dividit
3262 529 3439 584 deita-

1867 630 1993 683 tem,
2047 618 2303 688 quoniam
2347 618 2398 670 in
2453 617 2575 687 ipso
2620 626 2742 671 erat
2780 617 3043 679 Verbum,
3081 627 3139 672 et
3181 618 3297 686 ipse
3322 629 3442 673 erat

1865 711 1920 765 in
1975 708 2170 766 Verbo.
2222 709 2291 764 In
2344 726 2425 763 me
2468 710 2630 772 enim,
2682 709 2882 779 inquit,
2919 708 3100 775 Pater,
3148 722 3199 763 et
3243 727 3338 779 ego
3382 710 3440 764 in

1870 801 2033 856 Patre
2079 802 2148 855 ".
2201 801 2489 856 Marcellus
2539 817 2634 871 per
2683 802 2797 857 haec
2844 811 2921 855 tot
2968 809 3025 856 et
3076 811 3223 856 tanta
3268 801 3442 855 subsi-

1872 895 2125 948 stentiam
2192 892 2453 961 unigeniti
2523 892 2616 948 Dei
2664 891 2786 947 Filii
2841 892 3034 947 tollens
3081 903 3274 951 testem
3327 908 3441 946 suae

192 993 466 1050 haeretica!
514 1006 801 1063 pravarque
861 988 1138 1060 Opinionis
1193 989 1325 1043 citat
1375 988 1794 1056 evangelistam,
1838 987 1990 1056 quasi
2044 984 2182 1040 nihil
2244 986 2390 1039 aliud
2420 985 2509 1040 ille
2538 986 2801 1041 voluisset
2840 987 3086 1056 intelligi,
3113 1002 3274 1058 quant
3312 988 3441 1044 Ver-

191 1086 347 1151 bum,
406 1098 551 1139 nunc
610 1082 977 1154 Operativum,
1021 1081 1308 1148 quiescens
1341 1080 1478 1135 alias
1520 1080 1575 1133 in
1631 1080 1761 1145 Deo,
1800 1094 1899 1134 nec
1925 1077 2219 1149 quidquam
2252 1077 2396 1131 aliud
2421 1077 2694 1133 exsistens
2720 1093 2885 1146 quam
2912 1079 3102 1134 Deum.

834 1174 992 1227 ΚΕΦ.
1020 1174 1122 1226 lB’.

193 1266 331 1321 Ὀτι
371 1265 480 1336 μὴ,
524 1266 624 1336 ὡςΔ
648 1263 843 1336 ἐδόκει
879 1260 1230 1336 Μαρκέλλῳ,
1255 1264 1303 1336 -ό
1337 1261 1771 1336 absumi-ratiu-

238 1376 245 1377 κ
352 1330 468 1404 illi
497 1330 631 1403 περὶ
662 1333 767 1387 τοῦ
804 1333 998 1402 Λόγου
1027 1332 1344 1401 θεολογίαν
1369 1330 1626 1397 ἐξέθετο.

268 1427 461 1482 Καίτοι
489 1428 519 1479 6
548 1426 724 1495 μέγας
755 1423 1165 1493 εὐαγγελιστὴς,
1202 1423 1318 1495 ἃμα
1363 1424 1457 1477 καὶ
1500 1423 1768 1492 θεολόγος,

189 1519 379 1590 τρίτον
408 1518 466 1571 ὲν
492 1514 672 1585 ταὺτῷ
702 1513 1079 1586 μνημονεύσας
1114 1513 1209 1567 τοῦ
1244 1513 1415 1582 Λόγου
1440 1552 1456 1577 ,
1485 1513 1593 1567 οὐδ’
1623 1512 1769 1579 ἅπαξ

190 1608 417 1680 εἴρηκεν
442 1603 764 1674 αὐτὸνιΘεοῦ
789 1604 980 1673 Λόγον.
1012 1604 1086 1658 Οὐ
1121 1604 1230 1674 γὰρ
1259 1598 1432 1667 εἶπεν,
1479 1605 1575 1657 Ἐν
1607 1602 1767 1672 ἀρχῇ

2493 1169 2648 1225 CAP.
2700 1168 2814 1225 XII.

1872 1262 2024 1329 Quod
2049 1278 2174 1329 non,
2216 1271 2270 1314 ut
2295 1259 2548 1333 Marcello
2566 1260 2854 1323 videbatur,
2873 1261 3189 1333 theologiam
3208 1262 3275 1317 de
3293 1258 3440 1317 Filio

2318 1330 2643 1399 evangelista
2701 1333 2990 1401 proposuit.

1940 1423 2164 1495 Magnus
2185 1422 2463 1477 enimvero
2497 1422 2823 1492 evangelista
2857 1422 3018 1477 simul
3049 1432 3103 1477 et
3137 1423 3449 1492 theologus,

1871 1526 1955 1572 ter
1980 1531 2104 1570 cum
2134 1514 2297 1569 Verbi
2326 1513 2655 1569 mentionem
2687 1513 2790 1569 hoc
2811 1513 2865 1568 in
2906 1513 3025 1570 loco
3052 1514 3240 1581 faciat,
3271 1530 3339 1569 ne
3363 1532 3453 1571 se-

1875 1607 1977 1662 mel
2002 1605 2221 1677 quidem
2265 1604 2497 1675 appellat
2530 1620 2652 1659 eum
2684 1606 2775 1659 Dei
2817 1606 3079 1660 Verbum.
3107 1605 3224 1661 Non
3257 1606 3449 1676 utique

186 1697 277 1771 ἦν
297 1703 330 1754 ό
357 1698 464 1753 τοῦ
486 1698 633 1753 Θεοῦ
668 1698 857 1768 Λόγος
881 1715 894 1729 ο
927 1697 1042 1751 ἀλλ’
1069 1697 1354 1768 ἀορίστως,
1394 1698 1490 1749 Ἐν
1513 1694 1671 1766 ἀρχῇ
1693 1692 1772 1767 ἦν

1876 1699 2028 1761 dixit,
2062 1697 2129 1751 In
2163 1697 2416 1766 principio
2440 1708 2553 1750 erat
2588 1695 2805 1750 Verbum
2830 1698 2926 1752 Dei
2950 1713 2971 1752 :
2998 1699 3091 1753 sed
3123 1706 3332 1752 tantum
3358 1698 3449 1752 in-

192 1790 228 1841 ό
261 1788 469 1857 Λόγοςο
499 1790 633 1858 ἡμῖν
664 1784 973 1840 καταλιπὼν
1017 1787 1196 1857 ζητεῖν
1220 1787 1399 1849 ὁποῖος
1428 1780 1495 1857 ἧν
1527 1786 1555 1837 6
1578 1785 1768 1853 Λόγος.

194 1876 307 1929 Kal.
332 1875 519 1941 πάλιν,
550 1877 649 1930 καὶ
690 1878 723 1931 ό
757 1878 947 1946 Λόγος
972 1873 1050 1946 ἦν
1075 1876 1224 1944 πρὸς
1260 1876 1369 1929 τὸν
1409 1876 1578 1939 Θεὸν,
1626 1873 1771 1939 εἶπε,

190 1968 492 2038 δυνάμενος
518 1970 713 2034 εἰπεῖν,
746 1968 843 2021 καὶ
878 1972 910 2021 ό
937 1972 1126 2038 Λόγος
1163 1968 1268 2022 τοῦ
1296 1966 1443 2021 Θεοῦ
1478 1963 1557 2038 ἦν
1580 1967 1649 2019 ἐν
1692 1965 1772 2032 τῷ

194 2043 341 2123 Θεῖῷυ
370 2057 526 2123 ἀλλὰ,
558 2058 659 2113 καὶ
689 2059 832 2125 Θεὸς
857 2055 935 2129 ἦν
958 2062 992 2113 ό
1008 2061 1217 2128 Λόγος,
1241 2059 1384 2129 οὐχὶ,
1402 2059 1498 2112 καὶ
1523 2058 1668 2112 Θεοῦ
1692 2052 1774 2128 ἦν

189 2151 219 2201 ὁ
240 2150 451 2218 Λόγος,
472 2149 596 2220 ἔφη,
632 2150 717 2202 ἵνα
741 2149 815 2221 μὴ
830 2150 924 2202 τοῦ
936 2149 1068 2203 Θεοῦ
1096 2148 1374 2220 ὲνέργειάν
1394 2166 1533 2213 τινα,
1566 2165 1774 2219 σημαν-

187 2244 355 2312 τικήν
386 2260 531 2307 τινος
572 2243 605 2313 ἢ
660 2244 947 2314 ποιητικὴν
990 2238 1128 2296 εἶναι
1178 2242 1339 2296 αὐτὸν
1384 2240 1767 2311 ὑπολάϐοιμεν.

202 2338 265 2391 ’0
296 2335 360 2405 δὴ
393 2332 731 2405 Μάρκελλος,
756 2331 959 2403 οἰηθεὶς
985 2332 1151 2385 ἀΐδιον
1172 2328 1310 2385 εἶναι
1333 2331 1493 2385 αὐτὸν
1518 2332 1609 2384 τοῦ
1635 2331 1769 2385 Θεοῦ

188 2428 387 2496 Λόγον,
441 2425 585 2479 τοῦτ’
631 2425 776 2478 ἔστιν
824 2422 1115 2491 ἀγέννητον
1138 2461 1153 2485 ,
1200 2421 1457 2482 πολλάκις
1512 2421 1769 2492 ὡρίσατο,

188 2519 256 2571 οὐ
290 2514 549 2587 συνορῶν,
600 2515 703 2577 ὅτι,
738 2513 787 2565 εί
838 2512 934 2583 μὲν
979 2511 1163 2580 ἕτερον
1199 2510 1292 2563 τοῦ
1321 2510 1453 2563 Θεοῦ
1483 2512 1573 2563 τὸν
1600 2511 1770 2581 Λόγον

189 2608 417 2678 φάσκει,
445 2606 536 2659 δύο
566 2604 718 2659 ἔσται
741 2603 908 2668 ἀΐδια,
933 2604 961 2655 6
987 2602 1158 2671 Λόγος
1191 2602 1284 2655 καὶ
1316 2603 1344 2655 6
1372 2602 1524 2666 Θεὸς,
1555 2603 1649 2655 καὶ
1671 2603 1772 2655 οὐκ

187 2699 270 2753 ἔτ’
300 2697 451 2751 ἔσται
484 2696 623 2768 ἀρχὴ
657 2695 753 2766 μία
776 2712 791 2725 ο
838 2696 887 2746 εἰ
919 2693 977 2747 δὲ
1008 2694 1066 2748 ἒν
1091 2692 1298 2762 λέγοιτο
1336 2692 1523 2758 ἀΐδιον,
1554 2692 1644 2746 τὸν
1670 2694 1769 2747 αὐ-

185 2789 287 2845 τὸν
323 2770 635 2861 ὁριζόμενος
672 2781 807 2841 εἶναι
832 2787 922 2839 τὸν
944 2784 1077 2839 Θεὸν
1125 2783 1205 2855 τῷ
1233 2784 1411 2855 Λόγῳ,
1444 2784 1647 2855 γυμνὸν
1678 2784 1770 2839 τὸν

188 2881 481 2937 Σαϐέλλιον
513 2878 859 2951 ὁμολογήσει,
882 2878 1178 2948 υἱοπάτορα
1209 2876 1301 2929 τὸν
1327 2875 1443 2940 ἕνα,
1472 2876 1592 2929 κατ’
1609 2876 1769 2931 αὐτὸν

186 2975 420 3038 ἐκεῖνον,
461 2972 718 3040 εἰσάγων.
762 2971 954 3024 Ἔσται
980 2964 1073 3023 οὖν
1116 2969 1144 3021 6
1171 2967 1357 3039 Πατὴρ
1386 2967 1534 3038 αὐτῷ
1573 2984 1767 3039 γεννη-

187 3063 310 3128 Θεὶς
343 3064 437 3117 καὶ
475 3037 812 3133 (51)νπαθὼν
858 3062 950 3114 καὶ
995 3060 1155 3123 αὐτὸς
1205 3037 1357 3112 ἔσται
1404 3059 1434 3111 ό
1482 3037 1771 3131 εὐχόμενος
1795 3037 1840 3095 c

188 3152 404 3223 ἑαυτῷ,
440 3152 534 3209 καὶ
566 3149 901 3205 ἀπεστάλθαι
927 3149 1099 3218 λέγων
1144 3148 1233 3218 ὑφ’
1264 3147 1487 3213 ἑαυτοῦ,
1520 3149 1612 3203 καὶ
1642 3150 1770 3205 Υίδν

187 3244 411 3309 ἑαυτοῦ,
433 3244 526 3297 καὶ
554 3242 838 3314 μονογενῆ,
864 3242 964 3294 οὑκ
988 3238 1356 3312 ὲπαληθεύων,
1388 3241 1483 3293 σὺν
1518 3241 1772 3313 εἰρωνείᾳ

181 3338 251 3395 δι
295 3337 777 3407 καταψευδόμενος.
827 3335 937 3388 Kal.
977 3333 1062 3397 τίς
1105 3332 1170 3386 ἂν
1211 3332 1396 3404 ἕτερος
1433 3331 1624 3387 τούτου
1661 3332 1770 3402 (52)

185 3428 611 3500 δυσσεϐέστερος
653 3426 849 3495 γένοιτ’
888 3424 956 3479 ἂν
1002 3423 1194 3493 λόγος;
1254 3422 1415 3476 Ἀλλὰ
1456 3421 1566 3494 γάρ
1612 3425 1773 3495 ἡμεῖς

188 3520 329 3592 φέρε
362 3510 577 3589 ἴδωμεν,
620 3518 803 3569 ὁποῖον
842 3517 971 3586 ἡμῖν
998 3517 1025 3568 6
1051 3512 1440 3584 εὐαγγελιστὴς
1467 3512 1637 3581 Λόγον
1683 3514 1773 3566 εὑ-

186 3610 558 3679 αγγελίζεται,
605 3608 861 3678 φάσκων·
906 3605 1009 3659 Ἔν
1042 3602 1201 3672 ἀρχῇ
1242 3599 1321 3674 ἦν
1359 3607 1391 3657 ό
1418 3604 1639 3674 Λόγος,
1673 3604 1772 3661 καὶ

186 3705 228 3760 ὁ
246 3703 439 3773 Λόγος
467 3697 546 3771 ἦν
573 3700 723 3769 πρὸς
744 3702 853 3752 τὸν
878 3698 1045 3760 Θεὸν,
1072 3697 1170 3751 καὶ
1191 3695 1336 3761 Θεὸς
1354 3692 1433 3767 ἦν
1456 3699 1489 3750 ό
1504 3698 1713 3766 Λόγος.

1873 1787 2114 1853 deﬁnite,
2138 1786 2206 1841 In
2230 1788 2496 1858 principio
2524 1798 2635 1841 erat
2668 1785 2890 1842 Verbum
2914 1789 2980 1844 “.
3017 1787 3190 1844 Nobis
3227 1789 3446 1860 reliquit

1872 1881 2173 1949 disquirere
2200 1880 2500 1947 cnjusmodi
2538 1879 2666 1935 illud
2687 1890 2804 1941 erat
2833 1878 3087 1935 Verbum.
3123 1880 3333 1937 Rursus
3354 1882 3445 1937 ubi

1872 1972 2027 2036 dixit,
2058 1981 2104 2025 et
2136 1968 2364 2024 Verbum
2390 1979 2503 2024 erat
2527 1971 2668 2038 apud
2705 1969 2868 2024 Deum
2894 1970 2940 2003 ”
2972 2012 2988 2038 ,
3018 1972 3190 2040 potuit
3217 1972 3454 2040 dixisse,

1871 2074 1918 2118 et
1959 2060 2184 2117 Verbum
2228 2061 2327 2117 Dei
2379 2075 2493 2117 erat
2532 2062 2674 2132 apud
2700 2062 2902 2128 Deum;
2933 2063 3048 2126 sed,
3074 2073 3123 2118 et
3165 2063 3328 2131 Deus,
3365 2067 3453 2119 in-

1872 2157 2010 2225 quit,
2036 2166 2149 2208 erat
2177 2152 2401 2208 Verbum
2416 2154 2494 2221 ";
2519 2171 2647 2215 non.
2678 2164 2734 2210 et
2764 2152 2986 2208 Verbum
3014 2155 3106 2208 Dei
3140 2164 3255 2210 erat
3280 2156 3451 2222 Deus,

1873 2258 1939 2298 ne
1982 2260 2079 2299 nos
2136 2244 2570 2299 existimaremus
2607 2244 2840 2299 Verbum
2874 2244 3000 2299 illud
3035 2234 3153 2311 Dei,
3179 2247 3455 2316 operatio-

1872 2336 1955 2389 nis
1982 2337 2397 2408 signiﬁcativum
2428 2352 2566 2391 esse.
2611 2337 2716 2392 Sed
2755 2337 3071 2403 Marcellus,
3099 2354 3222 2394 cum
3254 2340 3447 2410 opina-

1873 2437 2023 2481 retur
2056 2439 2317 2483 :eternum
2341 2441 2460 2482 esse
2481 2427 2657 2498 ipsum
2686 2427 2781 2483 Dei
2820 2429 3077 2493 Verbum,
3110 2431 3214 2486 hoc
3244 2440 3330 2487 est
3356 2431 3447 2486 in-

1870 2519 2133 2588 genitum,
2163 2519 2236 2573 ita
2266 2533 2489 2587 prorsus
2520 2533 2641 2573 eum
2673 2519 2917 2575 deﬁnivit
2946 2539 2961 2576 :
2996 2521 3221 2578 minime
3250 2523 3448 2577 adver-

1872 2617 2013 2673 tens,
2042 2610 2182 2679 quod
2204 2609 2250 2664 si
2289 2609 2521 2665 Verbum
2548 2611 2819 2666 diversum
2850 2611 2978 2682 quid
3020 2627 3049 2666 a
3086 2611 3196 2668 Deo
3224 2620 3448 2678 statuat,

1871 2701 1976 2756 duo
2003 2699 2188 2755 futura
2232 2701 2345 2757 sint
2371 2710 2576 2756 aeterna
2608 2718 2623 2755 :
2659 2702 2761 2757 hoc
2807 2713 2892 2757 est
2925 2703 3066 2758 Deus
3087 2713 3140 2757 et
3167 2704 3399 2760 Verbum
3429 2721 3455 2771 -,

1870 2806 1971 2847 nec
2005 2791 2332 2862 principium
2377 2792 2480 2847 hoc
2515 2803 2672 2861 pacto
2700 2802 2973 2849 statuetur
3006 2793 3246 2849 unicum.
3294 2795 3451 2862 Quod

1869 2884 1913 2939 si
1945 2883 2163 2939 unicum
2193 2885 2409 2940 dicatur
2434 2893 2717 2951 aeternum,
2740 2894 2903 2955 atque
2929 2887 3062 2943 illud
3105 2888 3279 2958 ipsum
3309 2886 3447 2943 deﬁ-

1872 2976 1985 3030 niat
2013 2991 2133 3032 esse
2158 2975 2326 3032 Deum
2357 2992 2478 3033 cum
2503 2992 2601 3033 suo
2630 2976 2832 3043 Verbo,
2862 2979 3067 3034 nudum
3102 2994 3329 3050 prorsus
3352 2976 3459 3034 Sa-

1875 3067 2098 3123 bellium
2145 3068 2489 3125 conﬁtebitur
2520 3087 2600 3137 se,
2626 3072 2743 3142 qui,
2772 3081 2831 3126 ut
2865 3071 2950 3125 ille
2980 3071 3133 3139 fecit,
3163 3087 3327 3126 unum
3357 3069 3420 3127 ιη
3446 3106 3452 3113 .

1877 3158 1950 3213 lio
2001 3157 2216 3214 Patrem
2254 3173 2310 3215 et
2360 3162 2580 3218 unicum
2630 3165 2916 3218 conﬁnxit.
2966 3162 3274 3220 Secundum
3319 3177 3457 3234 ergo

1878 3250 2074 3327 ipsum,
2103 3252 2208 3306 erit
2243 3252 2397 3308 Patet
2453 3256 2686 3325 genitus,
2726 3265 2781 3310 et
2819 3270 3015 3325 passus
3044 3272 3059 3309 :
3093 3256 3213 3325 ipse
3246 3263 3453 3311 semet-

1881 3340 1985 3410 ipsi
2017 3342 2323 3397 orationem
2364 3344 2551 3400 fundet
2589 3361 2603 3398 :
2635 3346 2860 3402 missum
2907 3360 2967 3401 se
2996 3346 3265 3401 latebitur
3297 3360 3328 3399 a
3360 3360 3451 3401 se-

1880 3433 2134 3503 metipso,
2154 3443 2209 3490 et
2230 3435 2425 3491 Filium
2457 3438 2538 3492 sui
2572 3438 2741 3507 ipsius
2769 3460 2781 3495 :
2811 3448 2975 3509 atque
3004 3440 3081 3494 ita
3117 3438 3452 3495 simulatorie

1879 3536 1938 3577 se
1967 3538 2074 3578 non
2104 3539 2314 3594 revera,
2348 3531 2444 3583 sed
2482 3528 2761 3595 mentitus,
2805 3528 3061 3585 fatebitur
3092 3528 3454 3598 unigenitum.

1878 3611 2019 3678 Quid
2041 3614 2145 3671 hoc
2175 3632 2428 3674 sermone
2449 3620 2619 3689 magis
2648 3621 2870 3690 impium
2893 3621 3188 3690 excogitari
3217 3619 3451 3689 poterit?

1876 3700 1984 3757 Nos
2013 3714 2212 3773 autem,
2253 3724 2372 3779 age,
2400 3711 2810 3766 consideremus
2844 3716 2902 3775 ὦ
2946 3710 3104 3780 quale
3139 3710 3293 3765 nobis
3317 3708 3455 3764 Ver-

184 3798 321 3853 hum
356 3795 683 3866 evangelista
728 3792 992 3860 enuntiet,
1018 3792 1107 3847 ubi
1140 3792 1396 3863 loquitur,
1416 3789 1484 3847 In
1507 3790 1778 3863 ἱρτίηεὶρίο
1814 3808 1925 3851 erat
1973 3797 2216 3870 Verbum,
2274 3815 2324 3859 et
2368 3803 2595 3861 Verbum
2643 3818 2753 3861 erat
2792 3808 2932 3877 apud
2964 3806 3150 3872 Deum,
3189 3813 3239 3859 et
3305 3803 3449 3863 Det-6

185 3903 307 3947 erat
351 3889 591 3945 Verbum.

222 4079 519 4150 Ποσαχῶς
546 4077 616 4133 τὸ
656 4076 1206 4161 arulam-operator:
1247 4075 1358 4145 τῆς
1392 4075 1499 4130 τοῦ
1540 4076 1737 4145 Λόγου

744 4165 951 4218 φωνης
980 4163 1223 4201 νοειται.

275 4236 343 4290 Ἥ
370 4236 468 4307 μὲν
498 4231 593 4290 οῦν
634 4235 727 4290 τὸν
754 4236 911 4305 λόγον
933 4234 1168 4306 δηλοῦσα
1215 4234 1379 4302 λέξις,
1414 4233 1480 4287 δι’
1526 4233 1767 4305 Ἐλληνι-

182 4329 300 4399 κῆς
343 4327 588 4398 γλώττης
625 4327 1093 4401 προενηνεγμένη,
1136 4326 1447 4397 πολύσημον
1478 4325 1767 4379 ὑποϐάλλει

2478 3990 2629 4048 CAP.
2691 3990 2831 4047 Xlll.

1868 4099 2008 4168 Quot
2037 4104 2205 4158 modis
2232 4104 2582 4175 intelligatur,
2607 4107 2746 4173 quod
2775 4122 2896 4161 voce
2925 4104 3077 4161 Verbi
3099 4106 3447 4188 rigui/lout”.

1952 4234 2068 4291 Vox
2115 4235 2203 4290 illa
2239 4236 2435 4306 λόγος,
2479 4236 2664 4293 Graeca
2708 4248 2860 4294 certe
2905 4239 3085 4309 lingua
3122 4239 3165 4294 si
3208 4237 3453 4308 profera-

1866 4336 1972 4391 tur,
2009 4328 2211 4381 variam
2252 4343 2283 4382 a
2323 4343 2381 4382 se
2423 4330 2731 4398 suppeditat
2773 4330 3248 4399 signiﬁcationem.
3276 4330 3454 4385 Voca-

181 4422 292 4493 τὴν
312 4418 371 4484 ἐξ
385 4420 553 4491 αὐτῆς
574 4419 827 4490 θεωρίαν.
856 4417 903 4472 α’
921 4418 1061 4490 (55)’
1076 4418 1351 4488 Κέκληται
1382 4418 1490 4490 γὰρ
1515 4417 1590 4491 [6]
1608 4418 1763 4488 λόγος

1876 4429 1952 4473 Lur
1980 4418 2149 4490 logos,
2183 4419 2235 4473 id
2272 4421 2418 4491 quod
2466 4421 2774 4490 disponitur
2828 4424 2880 4478 in
2925 4424 3107 4477 anima
3142 4423 3388 4479 rationali
3428 4439 3449 4477 :

183 4512 287 4566 καὶ
311 4514 339 4565 ό
371 4512 430 4564 ὲν
457 4514 523 4583 τῇ
545 4511 733 4582 λογικῇ
764 4510 908 4583 ψυχῇ
960 4508 1456 4581 καταϐεϐλημένος,
1488 4509 1610 4565 καθ’
1628 4509 1687 4563 6v
1712 4510 1773 4563 τὸ

180 4601 500 4670 λογίζεσθαι
525 4604 655 4679 ἡμῖν
688 4602 936 4677 πάρεστι.
964 4600 1032 4671 β’.
1050 4602 1159 4654 Kal
1175 4601 1326 4671 παρὰ
1351 4599 1538 4653 τοῦτον
1560 4600 1770 4672 ἔτερος,

178 4695 217 4746 ὁ
269 4693 361 4746 διά
404 4692 650 4766 γλώττης
703 4694 798 4749 καὶ
848 4693 1034 4764 φωνῆς
1075 4692 1340 4765 ἐνάρθρου
1377 4693 1656 4765 σημαίνων
1695 4709 1769 4747 τι.

180 4790 258 4853 γ’.
300 4774 408 4837 Kal.
444 4785 583 4838 κατὰ
611 4786 787 4856 τρίτον
818 4786 1040 4857 τρόπον,
1076 4788 1104 4839 ό
1135 4784 1225 4838 διὰ
1261 4786 1476 4857 γραφῆς
1510 4783 1589 4856 τῷ
1632 4800 1771 4855 γραο-

179 4879 284 4949 φεῖ
304 4877 746 4949 συντεταγμένος.
776 4877 836 4931 δ’.
864 4878 1001 4949 Ἤδη
1030 4878 1087 4931 δὲ
1112 4877 1267 4947 λόγον
1294 4876 1563 4948 εἰώθαμεν
1590 4876 1774 4930 καλεῖν

177 4966 407 5022 καὶτὸν
432 4969 805 5040 σπερματικὸν
843 4970 877 5041 ἢ
917 4969 1162 5040 φυτικὸν,
1207 4970 1331 5023 καθ’
1362 4969 1420 5023 ὃν
1447 4967 1673 5039 δυνάμει
1706 4967 1774 5022 τὰ

183 5056 420 5130 μηδέπω
462 5058 636 5128 φύντα
663 5060 1007 5114 ὲναπόκειται
1035 5063 1148 5124 τοῖς
1177 5061 1453 5133 σπέρμασι
1489 5059 1771 5132 μέλλοντα,

178 5151 315 5205 ὅσον
343 5147 494 5203 οὔπω
531 5151 631 5222 τῆς
671 5153 951 5224 ἐνεργείας
991 5153 1072 5217 εις
1113 5151 1229 5222 φῶς
1275 5152 1541 5225 προϊέναι.
1578 5158 1638 5205 ε’.
1665 5152 1774 5206 Kal.

181 5239 343 5311 παρὰ
386 5241 559 5296 ταῦτα
620 5244 821 5315 ἑτέρως
872 5243 1127 5297 εἰώθασιν
1157 5241 1442 5314 ὀνομάζειν
1487 5243 1642 5311 λόγον
1678 5243 1770 5296 τὸν

179 5333 606 5403 ἐπιστημονικὸν
650 5334 844 5406 τέχνης
880 5334 1085 5406 τινὸςῆ
1118 5334 1455 5405 ἐπιστήμης,
1503 5333 1597 5387 καὶ
1634 5332 1769 5388 πάν-

264 5472 328 5531 ›Ῑ‹
362 5468 458 5523 Ed.
499 5468 699 5535 Paris.,
735 5486 854 5541 pag.
898 5470 1019 5527 1‘20.

255 5561 306 5594 δ’
329 5561 461 5616 ibid.
492 5562 546 5617 5.

269 5699 382 5771 (Si)
406 5696 578 5771 Vulgo
606 5701 851 5771 πάσχων.
926 5770 931 5771 ί
1100 5770 1105 5771 ν
1218 5716 1221 5721 ·

258 5770 376 5846 (32)
405 5769 568 5840 Vulgo
594 5769 790 5841 γένοιτ’
822 5771 886 5826 ἂν
916 5770 1131 5825 δυσσεϐ.

1870 4513 2010 4567 unde
2056 4514 2322 4584 contingit
2378 4513 2719 4569 ratiocinari.
2756 4513 2849 4568 Est
2892 4521 2947 4568 et
2992 4513 3142 4583 logos
3185 4515 3449 4579 secundo,

1868 4603 2009 4673 quod
2038 4602 2311 4673 signiﬁcat
2352 4601 2580 4671 aliquid,
2607 4617 2704 4672 per
2729 4603 2965 4674 linguam
3004 4611 3059 4657 et
3106 4617 3291 4658 vocem
3319 4605 3448 4657 arti-

1869 4693 2124 4748 culatam.
2142 4692 2352 4757 Tertio,
2380 4693 2523 4762 quod
2569 4693 2888 4761 descripsit,
2914 4701 2969 4747 et
2997 4694 3284 4749 scribendo
3310 4696 3449 4749 scri-

1871 4791 1991 4851 ptor
2015 4781 2289 4852 deposuit.
2317 4780 2564 4837 Solemus
2602 4789 2656 4836 et
2682 4781 2843 4850 logon
2885 4781 3157 4852 appellare
3204 4783 3444 4838 semina-

1869 4875 1971 4928 lem
1995 4883 2049 4928 et
2097 4883 2410 4929 nascentem
2462 4872 2799 4929 facultatem.
2830 4874 3136 4929 Secundum
3167 4889 3328 4944 quem
3360 4876 3445 4930 di-

1870 4975 2065 5022 cuntur
2101 4975 2367 5037 potestate
2409 4978 2554 5031 esse,
2588 4966 2643 5019 in
2670 4965 2975 5021 seminibus
3006 4966 3118 5031 illa,
3154 4979 3276 5037 quae
3308 4982 3448 5021 non-

1869 5058 1995 5113 dum
2019 5066 2177 5113 enata
2221 5066 2372 5124 sunt,
2397 5058 2491 5113 sed
2530 5057 2787 5127 deinceps
2836 5066 2960 5113 actu
3002 5058 3283 5128 proditura
3320 5067 3446 5112 sunt

1869 5153 1925 5205 in
1963 5151 2155 5206 lucem.
2188 5151 2378 5205 Adhuc
2401 5160 2456 5206 et
2486 5150 2593 5205 alio
2617 5150 2800 5215 modo,
2826 5148 3065 5205 solemus
3100 5149 3255 5221 logon
3289 5164 3444 5204 usur.

1872 5257 2025 5311 pare,
2081 5258 2178 5313 pro
2220 5243 2550 5299 intellectiva
2598 5243 2735 5299 artis
2785 5244 3013 5313 alicujus
3061 5253 3155 5298 aut
3202 5243 3447 5299 scientiae

1874 5333 2154 5398 facultate,
2180 5335 2430 5405 quodque
2452 5336 2698 5392 omnium
2733 5344 2786 5391 et
2822 5336 3156 5405 singulorum
3181 5334 3428 5391 istiusmo

620 5564 667 5593 “
693 5562 846 5618 Joan.
876 5579 989 5630 xiv,
1022 5565 1108 5619 10.
1181 5562 1403 5620 “Joan.
1442 5579 1484 5629 ι,
1516 5564 1566 5618 Ι.
1640 5562 1687 5595 ’⁸
1712 5562 1843 5619 ibid.
1914 5561 1961 5593 “
1982 5559 2111 5615 ibid.

1930 5700 2040 5767 (53)
2071 5698 2163 5753 Sic
2194 5698 2379 5763 codd.,
2409 5698 2497 5767 qui
2539 5712 2654 5770 om.
2707 5711 2937 5770 sequens
2978 5697 3031 5766 6,
3066 5695 3154 5753 hic
3200 5703 3256 5754 et
3298 5694 3444 5754 ιιιεω

1862 5765 2061 5828 addunt
2088 5783 2341 5825 numeros
2371 5765 2573 5825 omisso
2596 5765 2658 5822 δ’.
