3838 6222
381 326 494 390 927

1034 328 1308 388 EUSEBII
1345 329 1827 387 CESARIENSIS
1864 331 2015 390 OPP.
2055 332 2237 390 PARS
2273 331 2360 388 lV’.
2400 363 2470 372 —
2508 331 2928 388 DOGM‘ATICA.

3531 333 3636 388 9‘28

380 448 434 504 di
469 447 864 502 theorematum
917 448 1427 516 eomprebensivum
1453 459 1558 514 est,
1591 449 1759 506 veluti
1789 451 1957 507 medi-

2069 448 2167 500 τῶν
2207 447 2316 501 τῶν
2353 444 2571 500 τοιῶνδε
2620 445 2991 516 θεωρημάτων
3045 444 3471 515 καταληπτικὸν,
3525 441 3648 500 οἷον

378 552 537 604 cum,
574 537 1060 592 architectonicum
1080 578 1096 602 ,
1124 538 1531 607 geometricum.

995 649 1148 704 CAP.
1189 647 1330 704 XIV.
1901 703 1930 718 .,

451 735 696 806 Qualiter
723 743 1030 803 exponenda
1055 741 1122 793 sit
1147 741 1437 820 evangelica
1475 744 1538 795 de
1569 738 1733 794 Verbo
1766 741 1889 794 doc-

1078 820 1256 880 ιινιηιι.

450 918 716 988 Quocirca
749 934 872 974 cum
902 919 1056 989 logos
1081 919 1154 974 ita
1197 920 1560 976 diversimode
1597 921 1953 992 intelligatur,

379 1020 436 1064 et
459 1013 528 1067 ab
557 1011 908 1080 evangelista,
951 1011 1230 1065 indetinite
1251 1012 1454 1065 dictum
1487 1014 1578 1078 sit,
1609 1012 1678 1066 In
1703 1016 1960 1083 principio

379 1111 494 1156 erat
551 1097 803 1164 Verbum,
845 1109 896 1154 et
938 1099 1170 1155 Verbum
1196 1102 1330 1154 illud
1365 1111 1477 1156 erat
1519 1105 1660 1172 apud
1699 1103 1889 1172 Deum,
1913 1119 1961 1163 et

379 1189 521 1246 Deus
562 1200 677 1245 erat
727 1189 974 1255 Verbum,
1021 1192 1540 1247 animadvertendus
1579 1194 1669 1248 hic
1703 1210 1832 1250 usus
1855 1203 1958 1260 est,

379 1291 434 1335 et
463 1280 863 1349 dignoscendus
901 1283 1052 1336 vocis
1084 1281 1226 1336 illius
1265 1283 1406 1351 logi,
1431 1298 1602 1338 novus
1631 1293 1686 1339 et
1715 1285 1960 1355 peregri-

379 1388 480 1427 nus
497 1386 649 1437 usus,
683 1387 862 1442 quem,
877 1382 1072 1442 praeter
1095 1373 1212 1428 illos
1232 1389 1370 1444 quos
1393 1375 1960 1442 commemoravimus,

375 1465 712 1536 evangelista
747 1465 970 1518 tradidit
1002 1464 1282 1520 indeﬁnite
1323 1466 1547 1536 loquens
1569 1465 1838 1521 Verbum:
1869 1469 1965 1522 ad-

374 1555 568 1626 iiciens
590 1567 771 1611 autem
792 1557 1138 1626 peregrinum
1161 1568 1215 1612 et
1243 1557 1674 1626 inexspectatum
1699 1559 1842 1612 illius
1869 1574 1968 1614 vo-

378 1649 461 1703 cis
489 1663 731 1713 sensum,
761 1648 828 1702 ad
868 1648 974 1701 vim
1007 1656 1064 1702 et
1105 1648 1364 1704 virtutem
1403 1651 1676 1718 propriam
1707 1649 1830 1718 ejus
1861 1651 1962 1704 ad-

378 1747 620 1808 aptatum
648 1739 701 1794 in
731 1753 806 1793 eo
825 1739 966 1808 quod
991 1737 1241 1802 addit,Et
1272 1740 1412 1793 Deus
1440 1751 1551 1794 erat
1575 1739 1768 1811 Logos.
1799 1720 1970 1808 Quas.t

2061 539 2321 610 ἰατρικὸν,
2352 538 2391 609 ἦ
2419 537 2877 607 ἀρχιτεκτονικὸν,
2913 537 2945 607 ἢ
2981 535 3352 606 γεωμετρικὸν
3376 536 3559 604 λόγον.

2705 649 2860 703 ΚΕΦ.
2893 651 2992 702 ΙΔ’.

2062 741 2255 808 Ὅπως
2309 740 2425 810 χρὴ
2469 739 2878 810 διερμηνεύειν
2901 739 3034 810 τὴν
3064 740 3464 808 εὐαγγελικὴν
3507 740 3640 808 περὶ

2446 812 2553 863 τοῦ
2586 813 2781 880 Λόγου
2827 809 3228 863 διδασκαλίαν

2129 925 2412 996 Διαφόρων
2463 923 2643 977 τοίνυν
2693 922 2911 992 τρόπων
2950 924 3373 994 παρισταμένων
3427 923 3493 976 ἐκ
3541 925 3648 993 τῆς

2059 1015 2154 1069 τοῦ
2179 1015 2338 1084 λόγου
2374 1017 2576 1084 φωνῆς,
2613 1013 2708 1066 τοῦ
2738 1031 2796 1065 τε
2840 1011 3223 1080 εὐαγγελιποῦ
3252 1013 3536 1076 ἀπολύτως
3564 1016 3643 1066 εἰέ-

2065 1108 2310 1177 ρηκότος,
2352 1107 2454 1159 Ἑν
2499 1104 2658 1174 ἀρχῇ
2709 1101 2788 1174 ἦν
2821 1107 2854 1158 ὀ
2886 1105 3095 1174 Λόγος,
3153 1103 3252 1156 καὶ
3277 1107 3310 1158 ό
3333 1106 3523 1174 Λόγος
3560 1101 3644 1173 ἦν

2062 1197 2210 1266 πρὸς
2229 1197 2336 1249 τὸν
2364 1195 2530 1259 Θεὸν,
2561 1197 2658 1250 καὶ
2689 1195 2836 1262 Θεὸς
2854 1191 2934 1266 ἦν
2962 1199 2995 1248 ὀ
3018 1197 3225 1264 Λόγος,
3261 1197 3526 1265 προσήκει
3548 1196 3644 1249 τὸν

2061 1287 2184 1340 νοῦν
2209 1286 2316 1357 (54)
2337 1287 2702 1357 ἐπιστήσαντα
2726 1285 3084 1356 καταμαθεῖν,
3105 1286 3180 1350 ὡς
3205 1285 3351 1350 ξένον
3373 1304 3431 1339 τι·
3450 1290 3643 1357 χρῆμα

2061 1377 2220 1445 λόγου
2251 1376 2401 1448 παρά
2431 1376 2498 1430 τά
2540 1376 2855 1447 ἐγνωσμένα
2891 1378 3022 1448 ήμῖν
3062 1377 3089 1428 6
3126 1376 3517 1447 εὑαγγελιστὴς
3550 1377 3646 1428 ἐπὶ

2061 1467 2155 1521 τοῦ
2184 1468 2448 1539 παρόντος
2477 1466 2864 1538 παραδίδωσιν,
2893 1467 3176 1530 ἀπολύτως
3207 1469 3317 1537 μὲνς
3338 1466 3508 1520 εἰπὼν
3533 1467 3642 1521 Λό-

2063 1575 2178 1627 γον,
2227 1559 2484 1629 προσθεὶς
2521 1559 2577 1612 δὲ
2613 1557 2672 1611 τὸ
2712 1557 2860 1623 ξένον
2899 1559 2992 1612 καὶ
3025 1559 3326 1629 παράδοξον
3363 1558 3459 1631 τῆς
3505 1558 3644 1612 ἰδια-

2065 1651 2261 1722 (etiam;
2285 1651 2431 1721 αὑτῷ
2463 1650 2742 1721 δυνάμεως
2771 1652 2829 1703 ἐν
2862 1650 2938 1722 τῷ
2964 1651 3062 1705 καὶ
3087 1651 3229 1716 Θεὸς
3251 1647 3331 1719 ἦν
3368 1654 3402 1704 ό
3428 1651 3641 1718 Λόγος.

2064 1741 2155 1814 Μὴ
2202 1743 2315 1815 γάρ
2345 1743 2452 1796 τῶν
2479 1744 2616 1815 πρός
2665 1759 2736 1808 τι,
2767 1744 2936 1813 φησὶ,
2981 1744 3169 1813 νόμιζε
3202 1739 3341 1796 εἶναι
3385 1744 3481 1796 καὶ
3520 1742 3647 1795 τοῦ-

381 1831 590 1886 diceret
628 1847 642 1882 :
677 1829 862 1886 Nolito
889 1830 1226 1898 existimare,
1254 1832 1358 1887 hoc.
1385 1833 1524 1886 inter
1567 1849 1662 1888 eas
1680 1849 1802 1888 esse
1834 1849 1956 1901 quae

2069 1851 2163 1899 τον,
2189 1834 2264 1895 ὼς
2288 1835 2378 1888 τὸν
2404 1836 2461 1886 ἐν
2485 1834 2634 1904 ψυχῇ⁸
2659 1833 2835 1901 λόγον,
2865 1835 2898 1906 ἦ
2923 1836 2998 1898 ὡς
3025 1835 3114 1888 τὸν
3146 1835 3234 1888 διὰ
3262 1835 3446 1903 φωνῆς
3479 1835 3649 1887 ἀκου-

377 1932 506 1976 sunt
532 1921 600 1976 ad
637 1921 864 1991 aliquid,
896 1931 955 1976 ut
983 1923 1134 1987 logos
1164 1925 1256 1993 qni
1311 1926 1364 1979 in
1404 1925 1585 1978 anima
1620 1936 1723 1992 est,
1759 1936 1853 1980 aut
1882 1926 1961 1980 Ιο-

379 2028 478 2082 gos
496 2013 587 2082 qui
617 2027 714 2082 per
759 2028 947 2069 vocem
989 2015 1303 2084 percipitur,
1332 2017 1492 2084 quive
1537 2016 1832 2072 seminibus
1877 2017 1967 2070 iu-

379 2116 463 2160 est
506 2107 918 2175 corporalibus,
957 2113 1015 2171 ﬁ
1070 2117 1166 2161 aut
1223 2109 1479 2164 consistit
1523 2109 1576 2163 in
1636 2110 1961 2164 tbeoremasi

381 2199 811 2254 mathematicis.
852 2199 915 2254 Hi
938 2215 1128 2255 omnes
1150 2200 1322 2267 λόγοι,
1345 2216 1466 2256 cum
1495 2201 1604 2255 sint
1635 2202 1702 2255 ad
1726 2202 1924 2269 aliquid
1943 2241 1968 2266 ,.

381 2290 436 2345 in
465 2289 569 2344 alia
605 2302 662 2344 et
704 2291 918 2346 diversa
953 2293 1364 2362 prmexsistente
1410 2291 1712 2347 substantia
1765 2293 1964 2346 intelli-

381 2389 582 2450 guntur
613 2398 627 2434 :
656 2390 712 2435 at
740 2379 881 2437 Deus
919 2380 1089 2451 logos,
1123 2396 1230 2436 non
1275 2381 1446 2437 altero
1479 2382 1681 2453 indiget
1709 2384 1966 2453 praecisi-

382 2481 559 2527 stente
580 2489 593 2526 :
617 2484 677 2528 ut
703 2473 755 2527 in
797 2473 914 2544 ipso
939 2473 1093 2528 sit‘et
1120 2474 1382 2528 subsistat
1415 2491 1430 2527 :
1459 2476 1552 2529 sed
1578 2491 1672 2544 per
1696 2490 1754 2530 se
1777 2476 1964 2531 vivens

381 2573 466 2618 est
484 2573 538 2619 et
553 2565 873 2628 subsistens,
885 2563 1057 2619 veluti
1072 2565 1162 2635 qui
1179 2565 1318 2619 Deus
1334 2565 1426 2621 sit.
1439 2583 1457 2616 ι
1479 2564 1620 2620 Deus
1635 2565 1832 2621 senium
1845 2575 1968 2620 erat:

376 2654 577 2723 Λόγος.
593 2673 612 2707 ο
627 2654 768 2710 Cum
794 2669 921 2708 vero
937 2655 1104 2710 Deum
1128 2654 1275 2709 illum
1292 2655 1492 2709 dictum
1515 2655 1727 2722 audias,
1743 2670 1809 2710 ne
1820 2655 1963 2710 acci-

383 2747 502 2817 pias
549 2745 772 2810 dictum,
797 2744 952 2816 quasi
980 2745 1105 2800 sine
1129 2746 1404 2816 principio
1421 2746 1746 2817 ingenitum,
1771 2763 1965 2816 quem-

384 2836 673 2892 admodum
687 2836 932 2892 Patrem.
953 2837 1109 2893 Disce
1145 2847 1326 2893 autem
1358 2839 1500 2908 quod
1522 2838 1593 2892 ita
1623 2839 1677 2892 in
1697 2839 1970 2909 principio

384 2939 503 2984 erat
536 2928 638 2984 iste
671 2927 832 2995 Deus,
847 2927 1043 2998 Λόγος.
1063 2927 1345 2996 Quodnam
1361 2943 1492 2984 vero
1516 2929 1687 2999 ipsius
1715 2930 1962 2986 intendat

386 3019 734 3090 principium,
783 3018 1097 3074 manifestat
1153 3019 1206 3074 in
1257 3021 1668 3089 sequentibus:
1713 3037 1818 3075 non
1879 3021 1960 3076 in-

386 3111 602 3180 quiens,
636 3109 705 3165 Et
739 3110 976 3166 Verbum
1005 3117 1126 3166 erat
1164 3109 1255 3164 ille
1303 3110 1473 3178 Deus,
1503 3127 1623 3166 cum
1659 3111 1960 3180 adiectione

389 3201 600 3256 articuli
629 3219 644 3254 :
684 3209 742 3256 ut
775 3217 842 3256 ne
871 3200 1022 3255 illum
1046 3214 1187 3266 esse,
1216 3201 1308 3270 qui
1339 3211 1424 3256 est
1450 3215 1610 3269 super
1637 3203 1838 3268 omnia,
1867 3204 1960 3258 de-

389 3291 796 3348 ﬁniret.Verum
828 3307 895 3348 ne
921 3291 1078 3355 dixit,
1107 3289 1182 3344 In
1200 3291 1332 3357 Deo,
1357 3306 1422 3346 ne
1447 3291 1514 3346 ad
1546 3293 1836 3346 humanam
1868 3293 1970 3346 de-

385 3386 539 3454 jiciat
565 3401 687 3441 eum
723 3384 1168 3448 similitudinem;
1197 3385 1310 3446 sed,
1345 3393 1401 3439 et
1430 3383 1675 3451 Verbum,
1711 3387 1808 3450 ait,
1847 3394 1960 3438 erat

391 3477 534 3546 apud
569 3475 756 3532 Deum.
787 3475 920 3530 Nam
964 3477 1010 3531 si
1058 3476 1396 3545 protulisset,
1438 3475 1504 3530 Et
1551 3475 1786 3531 Verbum
1835 3475 1963 3530 illud

391 3577 530 3635 erat,
563 3569 618 3623 in
651 3567 782 3636 Deo,
815 3569 979 3623 veluti
1001 3569 1272 3639 quoddam
1306 3568 1558 3623 accidens
1609 3568 1662 3622 in
1698 3569 1969 3638 subjecto,

393 3671 487 3723 aut
512 3671 767 3734 tanquam
788 3661 930 3716 aliud
960 3662 1012 3716 in
1035 3661 1163 3729 alio,
1181 3662 1534 3730 compositum
1565 3662 1632 3716 ita
1654 3661 1818 3716 Deum
1840 3662 1966 3716 sub-

395 3751 658 3806 stituisset
691 3752 1044 3806 substernens
1069 3752 1216 3806 illum
1262 3753 1422 3806 veluti
1452 3753 1809 3808 substantiam
1848 3753 1967 3808 sine

397 3841 560 3915 λόγῳ,
608 3851 664 3898 et
703 3843 858 3913 logon
895 3843 1212 3898 substantiae
1264 3845 1415 3898 velut
1462 3843 1732 3898 accidens.
1765 3843 1818 3898 lii
1859 3858 1965 3912 qua

396 3935 650 4005 opinione
679 3948 802 3989 cum
832 3933 1115 3989 Marcellus
1143 3944 1309 3999 esset,
1337 3935 1551 3990 Patrem
1577 3946 1738 4004 atque
1768 3934 1964 3989 Filium

400 4025 454 4079 in
481 4024 621 4077 idem
638 4024 804 4094 cogit,
819 4024 1175 4079 substantiam
1194 4024 1483 4093 .appellans
1512 4021 1752 4088 Patrem,
1769 4021 1966 4076 Filium

398 4129 528 4170 vero
557 4115 611 4169 in
643 4116 759 4184 ipso
804 4115 1152 4170 exsistentem
1173 4158 1189 4183 ,
1222 4116 1494 4170 accidens.
1547 4115 1625 4169 lta
1679 4114 1842 4167 Deum
1873 4112 1967 4182 qui

398 4207 734 4262 concesserit
771 4206 888 4262 sine
923 4206 1086 4278 λόγῳ,
1117 4206 1281 4276 impio
1327 4221 1388 4260 se
1437 4214 1600 4276 atque
1653 4205 1967 4271 blaspheme

398 4298 636 4366 dogmati
670 4297 987 4368 lmplicabit,
1018 4314 1141 4353 cum
1171 4299 1417 4352 admittat
1446 4297 1535 4352 ille
1559 4297 1724 4352 Deum
1750 4296 1966 4365 ἄλογον,

401 4397 584 4458 utpote
607 4389 698 4458 qui
745 4388 902 4458 λόγον
941 4390 993 4444 in
1024 4405 1083 4444 se
1123 4389 1318 4444 habeat
1360 4398 1612 4458 tanquam
1659 4387 1912 4443 accidens
1947 4404 1962 4441 :

2059 1927 2274 1997 όμενον,
2405 1927 2481 1991 ὼς
2531 1928 2622 1982 τὸν
2665 1929 2724 1981 ἐν
2775 1929 3104 1997 σωματικοῖς
3144 1926 3274 1981 ὄντα
3309 1925 3644 1997 σπέρμασιν,

2060 2018 2102 2089 ἤ
2134 2020 2210 2082 ὼς
2249 2018 2340 2072 τὸν
2391 2020 2449 2071 ἐν
2501 2019 2904 2090 μαθηματικοῖς
2953 2017 3238 2088 ὑφεστῶτα
3269 2017 3645 2088 θεωρήμασιν.

2061 2104 2215 2163 Οὗτοι
2245 2109 2354 2181 γὰρ
2387 2109 2736 2173 πάντες,.τῶν
2758 2109 2892 2180 πρός
2917 2127 2968 2162 τι
2989 2109 3160 2172 ὄντες,
3193 2111 3251 2162 ὲν
3281 2107 3444 2178 ἑτέρᾳ
3470 2113 3648 2178 προῦ-

2061 2199 2356 2269 ποκειμένῃ
2419 2198 2662 2251 νοοῦνται
2729 2198 2902 2270 οὐσίᾳ·
2960 2199 2989 2250 6
3041 2197 3098 2250 δὲ
3145 2196 3277 2260 Θεὸς
3317 2197 3492 2264 Λόγος
3547 2197 3649 2265 οὐχ

2061 2290 2248 2361 ἑτέρου
2281 2291 2447 2343 δεῖται
2474 2289 2568 2342 τοῦ
2601 2289 3091 2361 προῦποκειμένου,
3124 2289 3190 2341 ἶν’
3225 2291 3283 2341 ἐν
3310 2287 3459 2357 αὑτῷ
3493 2288 3648 2356 γενό-

2063 2399 2221 2452 μενος
2269 2383 2378 2452 (55)
2420 2384 2624 2452 ὑποστῇ
2650 2399 2663 2411 ·
2715 2381 2835 2434 καθ’
2865 2379 3056 2432 ἐαυτὸν
3126 2377 3184 2431 δέ
3242 2381 3358 2431 ἐστι
3387 2379 3518 2444 ζῶν,
3549 2379 3650 2433 καὶ

2061 2474 2327 2545 ὑφεστὼς,
2357 2475 2452 2528 ἆτε
2468 2475 2600 2538 Θεὸς
2621 2473 2714 2526 ὢν·
2745 2473 2936 2536 «Θεὸς»
2965 2470 3072 2542 γὰρ
3099 2467 3196 2542 (ἦν
3212 2473 3240 2522 6
3258 2471 3450 2539 Λόγος*
3466 2490 3485 2522 ι
3511 2471 3650 2524 Θεὸν

2059 2567 2116 2622 δὲ
2149 2567 2311 2621 αὐτὸν
2342 2565 2574 2627 ἀκούων,
2611 2563 2768 2634 φησὶ,
2805 2562 2879 2634 μὴ
2921 2561 3154 2636 ἄναρχον
3195 2561 3290 2614 καὶ
3323 2561 3646 2633 ἀγέννητον,

2059 2660 2258 2732 ὁμοίως
2303 2657 2380 2728 τῷ
2423 2655 2588 2709 αὑτοῦ
2629 2643 2802 2726 Πατρί
2837 2655 2930 2708 καὶ
2969 2653 3132 2706 αὑτὸν
3170 2648 3310 2705 εἶναι
3345 2653 3660 2723 ὑπολάϐῃς,

2063 2751 2299 2824 μάνθανε
2345 2750 2424 2814 δὲ,
2468 2751 2549 2803 ὅτι
2598 2751 2655 2802 ἐν
2706 2749 2846 2820 ἀρχῇ
2894 2743 2962 2818 ἦν
3013 2739 3167 2810 οὗτος
3216 2748 3245 2799 6
3291 2745 3425 2809 Θεὸς
3448 2745 3646 2813 Λόγος.

2060 2846 2194 2914 Τίνα
2224 2844 2266 2896 δ’
2298 2842 2460 2896 αὑτοῦ
2495 2842 2592 2912 τὴν
2624 2839 2798 2912 ἀρχὴν
2837 2839 3156 2907 ὑφίσταται,
3192 2837 3447 2904 διασαφεῖ
3493 2837 3660 2906 ἑξῆς.-

2059 2937 2160 2990 οὐκ
2210 2934 2399 2996 εἰπὼν,
2438 2935 2548 2987 Καὶ
2576 2935 2604 2986 6
2638 2933 2808 3001 Λόγος
2851 2927 2918 3001 ἦν
2965 2932 2992 2982 6
3019 2929 3169 2993 Θεὸς,
3216 2929 3354 2999 μετά
3398 2929 3498 2997 τῆς
3549 2927 3658 2983 τοῦ,

2059 3026 2260 3097 ἄρθρου
2303 3024 2604 3095 προθήκης,
2643 3023 2728 3075 ἵνα
2764 3021 2838 3092 μὴ
2873 3021 3031 3074 αὑτὸν
3079 3015 3214 3072 εἶναι
3238 3019 3331 3071 τὸν
3376 3019 3470 3071 ἐπὶ
3514 3019 3652 3072 πάν-

2059 3129 2166 3165 των
2213 3112 2492 3182 ὁρίσηται,
2542 3109 2656 3162 ἀλλ’
2689 3110 2817 3174 οὐδ’,
2879 3110 2937 3160 ἐν
2974 3108 3052 3178 τῷ
3081 3107 3219 3177 Θεῷ,
3266 3109 3354 3162 ἵνα
3396 3107 3471 3179 μὴ
3542 3126 3645 3162 κα-

2059 3201 2279 3274 meam
2310 3202 2400 3254 ἐπὶ
2441 3201 2538 3272 τὴν
2590 3199 2936 3270 ἀνθρωπίνην
2994 3198 3306 3268 ὁμοιότηταο
3354 3198 3649 3253 ἀλλάΚαὶ

2061 3296 2094 3347 ὀ
2127 3294 2315 3362 Λόγος
2349 3288 2426 3361 ἦν
2449 3290 2598 3358 πρὸς
2629 3289 2734 3344 τὸν
2769 3289 2938 3354 Θεὸν,
2981 3309 3000 3341 ›
3029 3289 3154 3360 ἔφη.
3190 3290 3252 3342 El
3275 3289 3382 3361 γὰρ
3412 3292 3648 3362 εἰρήκει,

2062 3384 2172 3436 Καὶ
2235 3385 2262 3436 6
2295 3384 2464 3452 Λόγος
2519 3378 2585 3452 ἦν
2630 3385 2686 3434 ἐν
2730 3380 2806 3452 τῷ
2849 3380 3006 3452 Θεῷ,
3052 3381 3127 3445 ὡς
3177 3383 3233 3434 ἐν
3301 3382 3654 3453 ὑποκειμένῳ

2065 3475 2430 3546 συμϐεϐηκὸς,
2461 3475 2553 3528 καὶ
2581 3475 2655 3538 ὡς
2683 3475 2867 3545 ἕτερον
2909 3475 2964 3526 ἐν
3006 3475 3177 3545 ἑτέρῳ
3214 3474 3368 3539 δοὺς,
3395 3474 3650 3527 σύνθετον

2063 3569 2250 3639 ὥσπερ
2287 3569 2470 3639 εἰσῆγε
2511 3567 2600 3619 τὸν
2634 3566 2765 3620 Θεὸν
2798 3567 2986 3619 οὐσίαν
3030 3565 3190 3619 αὑτὸν
3256 3566 3648 3636 ὑποτιθέμενος

2062 3660 2184 3730 δίχα
2216 3660 2393 3728 λόγου,
2421 3658 2763 3730 συμϐεϐηκὸς
2786 3657 2842 3709 δὲ
2872 3660 2937 3728 τῇ
2960 3657 3117 3728 οὐσίᾳ
3147 3656 3239 3711 τὸν
3261 3656 3440 3725 λόγον.
3474 3657 3654 3726 Ὅπερ

2064 3753 2266 3824 οἰηθεὶς
2299 3751 2612 3823 Μάρκελλος
2642 3750 2733 3802 τὸν
2765 3749 2982 3816 Πατέρα
3016 3748 3110 3801 καὶ
3151 3747 3243 3800 τὸν
3270 3748 3399 3800 Υἱὸν
3448 3747 3542 3800 ἐπὶ
3591 3746 3654 3799 τὸ

2064 3844 2197 3898 αὐτὸ
2231 3845 2468 3912 συνάγει,
2494 3843 2593 3912 τὴν
2617 3841 2726 3912 (56)
2764 3841 2861 3911 μὲν
2879 3841 3066 3893 οὐσίαν
3087 3838 3266 3892 καλῶν
3294 3839 3387 3890 τὸν
3405 3838 3650 3908 Πατέρα,

2064 3937 2155 3989 τὸν
2186 3937 2230 3989 δ’
2263 3938 2320 3989 ἐν
2353 3934 2500 4006 αὐτῷ
2531 3935 2722 4002 Λόγον,
2757 3932 2847 3986 τὸν
2879 3932 3034 3987 Υἰόν·
3066 3932 3126 3984 οὐ
3169 3931 3542 4000 λογισόμενος,
3577 3930 3655 3992 ὡς

2065 4031 2094 4082 6
2150 4028 2308 4082 τοῦτο
2351 4027 2548 4090 διδοὺς,
2605 4026 2694 4078 τὸν
2745 4023 2876 4077 Θεὸν
2917 4026 3044 4078 ἄνευ
3091 4023 3250 4093 λόγου
3294 4021 3652 4091 ὑποθέμενος,

2067 4122 2211 4192 ἀθέῳ
2233 4121 2327 4174 καὶ
2358 4117 2609 4172 δυσσεϐεῖ
2638 4114 2928 4188 περιπέσοι
2954 4115 3019 4168 ἂν
3048 4113 3274 4184 δόγματι
3297 4113 3432 4166 Θεὸν
3461 4111 3656 4178 ἄλογον

2067 4213 2522 4286 παραδεχόμενος,
2553 4210 2746 4281 ἔχοντα
2786 4209 2884 4280 μὲν
2921 4207 3078 4275 λόγον
3119 4206 3194 4269 ὡς
3230 4205 3340 4274 (57)
3376 4203 3661 4274 συμϐεϐη-

2067 4307 2199 4361 κότα
2230 4309 2284 4358 ἐν
2316 4302 2483 4374 αὑτῷ,
2517 4303 2578 4356 οὗ
2626 4301 2730 4372 μὴν
2776 4300 2937 4353 αὑτὸν
2975 4299 3102 4350 ὄντα
3142 4297 3320 4365 λόγον·
3348 4296 3488 4360 δέον,
3519 4296 3576 4347 ἓν
3604 4312 3660 4347 τι

2070 4399 2230 4462 θεῖον,
2261 4395 2516 4468 ἄρρητον,
2545 4391 2769 4462 ἀγαθὸν,
2815 4388 3039 4453 ἁπλοῦν,
3084 4387 3397 4450 ἀσύνθετον,
3447 4404 3660 4457 μονοει-

398 4497 506 4537 non
547 4493 724 4538 autem
763 4485 836 4539 sit
864 4484 976 4552 ipse
1024 4483 1199 4553 λόγος.
1233 4483 1387 4552 ζϐυιη
1421 4482 1646 4538 omnino
1691 4481 1964 4537 fatendum

2069 4491 2174 4553 δές,
2223 4487 2282 4541 τὸ
2334 4485 2588 4538 ἐπέκεινα
2629 4483 2737 4536 τῶν
2785 4482 2922 4535 ὅλων
2991 4480 3292 4551 ὁμολογεῖν,
3347 4479 3462 4548 (58)
3493 4479 3662 4533 αὑτό-
3725 4475 3741 4498 ¹

400 4572 472 4627 sit
521 4573 779 4636 divinum,
799 4573 1143 4638 ineﬂ‘abilem,
1165 4574 1382 4636 bonum,
1413 4572 1731 4641 simplicem,
1760 4572 1966 4627 incom-

403 4664 658 4732 positum,
675 4666 1015 4729 uniformem,
1035 4680 1196 4733 supra
1216 4665 1399 4720 omnia
1424 4680 1547 4720 esse
1573 4666 1745 4734 ipsum
1767 4665 1930 4720 Deum
1951 4682 1965 4720 :

405 4754 602 4823 ipsum,
636 4756 878 4826 inquam,
898 4757 1205 4826 αὑτόλογον,
1223 4756 1568 4826 αὑτοσοφίαν,
1590 4755 1970 4826 αὐτοφὼς,αὑ-

405 4850 634 4920 τοζωὴν,
663 4850 986 4917 αὑτόκαλον,
1017 4849 1384 4922 αὑτοάγαθον,
1419 4859 1514 4905 aut
1554 4849 1599 4904 si
1644 4850 1774 4921 quid
1819 4851 1968 4906 hisce

407 4941 716 4998 nominibus
759 4944 935 5012 majus
972 4952 1028 4998 et
1064 4943 1408 5014 praestantius
1440 4941 1736 5014 excogitari
1781 4951 1967 5013 queat.

405 5033 517 5086 lmo
539 5049 670 5092 vero
697 5035 876 5103 potius
902 5035 1043 5104 quod
1083 5035 1309 5089 excedat
1338 5042 1574 5088 mentem
1617 5048 1855 5101 omnem,
1887 5049 1973 5088 su-

409 5139 564 5197 peret
608 5143 824 5186 omnem
856 5127 1236 5200 cogitationem
1274 5134 1330 5182 et
1375 5125 1810 5196 disquisitionem
1849 5125 1970 5181 ani-

487 5311 548 5370 ὦ
586 5305 684 5360 Ed.
714 5305 887 5361 Paris.
911 5319 1033 5374 pag.
1062 5304 1180 5360 121.

487 5462 595 5536 (ξε)
630 5461 803 5536 Vulgo
831 5464 1246 5536 καταστήσαντα
1274 5471 1329 5518 et
1354 5477 1475 5536 mox
1497 5465 1666 5536 εἰπὼν
1679 5464 1865 5536 λλόγος.

488 5530 600 5602 (55)
636 5531 805 5606 Vulgo
833 5530 1070 5606 ὐπόᾳτῃζ
1094 5531 1233 5599 Mox,
1259 5539 1372 5590 loco
1395 5533 1556 5600 αὑτός
1609 5536 1661 5592 in
1691 5530 1838 5596 corr.
1880 5552 1970 5606 γρ.

421 5595 596 5666 οὗτος,
626 5611 682 5656 et
721 5595 791 5656 ita
819 5602 974 5658 codd.
1017 5595 1043 5604 ”
1219 5595 1252 5656 ⁷.

490 5671 602 5746 (ξιξ)
633 5671 936 5746 Χυιερμὲν
969 5672 1362 5746 οὑσῖαν-καλῶν
1394 5674 1511 5746 μέν.

492 5740 602 5812 (57)
631 5740 850 5810 Μρίῐσζ
874 5759 935 5796 συ
943 5742 1255 5815 μσεσηκότι.
1395 5740 1406 5746 ’
1497 5747 1500 5750 ’

2071 4579 2210 4642 θεον,
2273 4574 2559 4639 αὑτονοῦν,
2604 4573 2927 4643 αὑτολόγον,
2969 4571 3330 4640 αὑτοσοφίαν,
3380 4569 3663 4638 αὐτόφως,

2070 4668 2370 4738 αὑτοζωὴν,
2410 4664 2727 4727 αὐτόκαλον,
2761 4663 3100 4734 αὑτοάγαθον
3128 4661 3278 4725 ὅντα,
3323 4660 3418 4713 καὶ
3449 4660 3662 4713 τούτων

2073 4760 2181 4835 (59)
2217 4762 2244 4815 ὅ
2269 4779 2320 4814 τι
2351 4759 2415 4813 ἄν
2455 4775 2540 4822 τις
2567 4760 2811 4829 κρεῖττον
2845 4757 3171 4826 ἐπινοήσειε,
3205 4752 3415 4824 μᾶλλον
3441 4753 3486 4805 δ’
3518 4753 3662 4822 ὑπὲρ

2073 4855 2250 4909 πάντα
2299 4851 2442 4916 νοῦν,
2490 4850 2583 4904 καὶ
2635 4849 2814 4920 πάσης
2867 4848 3120 4900 ἐπέκεινα
3173 4845 3412 4908 διανοίας
3453 4861 3515 4897 τε
3565 4845 3664 4898 καὶ

2075 4946 2442 5018 ἐνθυμήσεως.
2500 4943 2604 4996 Τὸν
2645 4943 2702 4995 δὲ
2736 4940 2927 4994 τούτου
2970 4937 3232 5010 μονογενῆ
3264 4938 3416 5002 Υἱὸν,
3463 4937 3543 5000 ὡς
3593 4936 3662 4990 ἂν

2075 5037 2259 5091 εἰκόνα
2301 5035 2397 5090 τοῦ
2428 5034 2662 5106 Πατρὸς,
2704 5032 2766 5099 ἐξ
2803 5031 2968 5087 αὐτοῦ
3016 5030 3210 5100 φύντα,
3257 5031 3434 5102 πάντη
3469 5048 3532 5084 τε
3567 5033 3664 5086 καὶ

2077 5127 2218 5182 κατά
2242 5127 2418 5182 πάντα
2442 5127 2756 5199 όμοιοτάτον
2784 5125 2912 5180 ὸντα
2934 5123 3012 5195 τῷ
3038 5123 3413 5195 γεγεννηκότι,
3443 5125 3542 5178 καὶ
3565 5127 3664 5179 αὖ-

2151 5461 2264 5524 (58)
2292 5461 2487 5531 Aoede:
2507 5455 2641 5516 οὖν.
2657 5458 2821 5531 Forte
2849 5459 2982 5513 αὐτὸ
3007 5460 3086 5514 ὸν.
3115 5457 3186 5512 Μ.
3207 5488 3278 5498 ——
3298 5458 3474 5531 Vulgo
3500 5456 3660 5512 αὐτὸν

2083 5532 2204 5586 θεὸν
2235 5532 2397 5586 αὑτὸν
2428 5527 2520 5584 οὖν
2548 5546 2692 5585 corr.
2740 5528 2807 5584 Β.

2155 5602 2266 5673 (59)
2290 5603 2412 5655 Ὅτι
2457 5601 2534 5673 dy
2573 5617 2682 5673 τις.
2725 5601 2884 5658 Forte
2915 5600 2969 5655 εἴ
3002 5619 3052 5655 τι
3085 5600 3148 5655 ἀν
3189 5616 3293 5662 τις.
3326 5597 3402 5655 Μ.
3437 5628 3505 5639 -
3535 5598 3656 5653 Mox

2081 5671 2255 5744 vulgo
2270 5671 2510 5744 ἀμουντά
2539 5672 2656 5742 τήν.
