  <div class='ocr_page' id='page_1' title='image "/cluster/home/n/w/nwhite01/storage/ocr_20150623/24/nnc1.0046978259/544.png"; bbox 0 0 3838 6222; ppageno 0'>
   <div class='ocr_carea' id='block_1_1' title="bbox 198 223 312 288">
    <p class='ocr_par' dir='ltr' id='par_1_1' title="bbox 198 223 312 288">
     <span class='ocr_line' id='line_1_1' title="bbox 198 223 312 288; baseline -0.061 0"><span class='ocrx_word' id='word_1_1' title='bbox 198 223 312 288; x_wconf 75' lang='lat'><strong>929</strong></span> 
     </span>
    </p>
   </div>
   <div class='ocr_carea' id='block_1_2' title="bbox 1147 220 2518 286">
    <p class='ocr_par' dir='ltr' id='par_1_2' title="bbox 1147 220 2518 286">
     <span class='ocr_line' id='line_1_2' title="bbox 1147 220 2518 286; baseline 0.005 -7"><span class='ocrx_word' id='word_1_2' title='bbox 1147 220 1240 280; x_wconf 86' lang='lat' dir='ltr'><strong>DE</strong></span> <span class='ocrx_word' id='word_1_3' title='bbox 1271 221 1810 284; x_wconf 72' lang='lat' dir='ltr'><strong>ECC’LESIASTICA</strong></span> <span class='ocrx_word' id='word_1_4' title='bbox 1846 221 2238 286; x_wconf 77' lang='lat' dir='ltr'><strong>THEO&#39;L&#39;OGIA</strong></span> <span class='ocrx_word' id='word_1_5' title='bbox 2283 227 2412 286; x_wconf 82' lang='lat' dir='ltr'><strong>LIB.</strong></span> <span class='ocrx_word' id='word_1_6' title='bbox 2453 227 2518 286; x_wconf 85' lang='grc' dir='ltr'>ιι.</span> 
     </span>
    </p>
   </div>
   <div class='ocr_carea' id='block_1_3' title="bbox 3361 242 3470 303">
    <p class='ocr_par' dir='ltr' id='par_1_3' title="bbox 3361 242 3470 303">
     <span class='ocr_line' id='line_1_3' title="bbox 3361 242 3470 303; baseline 0 0"><span class='ocrx_word' id='word_1_7' title='bbox 3361 242 3470 303; x_wconf 72' lang='lat'><strong>930</strong></span> 
     </span>
    </p>
   </div>
   <div class='ocr_carea' id='block_1_4' title="bbox 195 333 1732 416">
    <p class='ocr_par' dir='ltr' id='par_1_4' title="bbox 195 333 1732 410">
     <span class='ocr_line' id='line_1_4' title="bbox 195 333 1732 410; baseline -0.001 -18"><span class='ocrx_word' id='word_1_8' title='bbox 195 340 295 392; x_wconf 77' lang='grc' dir='ltr'><strong>τὸν</strong></span> <span class='ocrx_word' id='word_1_9' title='bbox 328 335 481 401; x_wconf 76' lang='grc' dir='ltr'>Θεὸν,</span> <span class='ocrx_word' id='word_1_10' title='bbox 513 333 612 390; x_wconf 65' lang='grc' dir='ltr'>’καὶ</span> <span class='ocrx_word' id='word_1_11' title='bbox 633 333 776 404; x_wconf 88' lang='grc' dir='ltr'>νοῦν,</span> <span class='ocrx_word' id='word_1_12' title='bbox 808 337 902 394; x_wconf 75' lang='grc' dir='ltr'>καὶ</span> <span class='ocrx_word' id='word_1_13' title='bbox 932 334 1114 408; x_wconf 81' lang='grc' dir='ltr'>λόγον,</span> <span class='ocrx_word' id='word_1_14' title='bbox 1141 340 1235 394; x_wconf 64' lang='grc' dir='ltr'><strong>καὶ⁴</strong></span> <span class='ocrx_word' id='word_1_15' title='bbox 1260 339 1474 410; x_wconf 85' lang='grc' dir='ltr'><strong>σοφίαν,</strong></span> <span class='ocrx_word' id='word_1_16' title='bbox 1499 336 1594 392; x_wconf 72' lang='grc' dir='ltr'>καὶ</span> <span class='ocrx_word' id='word_1_17' title='bbox 1618 339 1732 410; x_wconf 80' lang='grc' dir='ltr'><strong>ζωὴ</strong></span> 
     </span>
    </p>
   </div>
   <div class='ocr_carea' id='block_1_5' title="bbox 1860 333 3470 416">
    <p class='ocr_par' dir='ltr' id='par_1_5' title="bbox 1860 339 3470 416">
     <span class='ocr_line' id='line_1_5' title="bbox 1860 339 3470 416; baseline 0.011 -19"><span class='ocrx_word' id='word_1_18' title='bbox 1860 339 2168 409; x_wconf 83' lang='lat' dir='ltr'><strong>.mi.Hujus</strong></span> <span class='ocrx_word' id='word_1_19' title='bbox 2210 352 2390 397; x_wconf 84' lang='lat' dir='ltr'><strong>autem</strong></span> <span class='ocrx_word' id='word_1_20' title='bbox 2423 342 2618 397; x_wconf 87' lang='lat' dir='ltr'><strong>Filium</strong></span> <span class='ocrx_word' id='word_1_21' title='bbox 2673 342 3029 416; x_wconf 88' lang='lat' dir='ltr'><strong>unigenitum,</strong></span> <span class='ocrx_word' id='word_1_22' title='bbox 3079 350 3246 408; x_wconf 91' lang='lat' dir='ltr'><strong>veluti</strong></span> <span class='ocrx_word' id='word_1_23' title='bbox 3292 353 3470 415; x_wconf 82' lang='lat' dir='ltr'><strong>Patris</strong></span> 
     </span>
    </p>
   </div>
   <div class='ocr_carea' id='block_1_6' title="bbox 195 425 1788 500">
    <p class='ocr_par' dir='ltr' id='par_1_6' title="bbox 195 425 1788 500">
     <span class='ocr_line' id='line_1_6' title="bbox 195 425 1788 500; baseline -0.001 -15"><span class='ocrx_word' id='word_1_24' title='bbox 195 431 299 486; x_wconf 73' lang='grc' dir='ltr'><strong>καὶ</strong></span> <span class='ocrx_word' id='word_1_25' title='bbox 331 431 446 500; x_wconf 85' lang='grc' dir='ltr'><strong>φῶς</strong></span> <span class='ocrx_word' id='word_1_26' title='bbox 495 425 656 496; x_wconf 71' lang='grc' dir='ltr'>εἶναι,</span> <span class='ocrx_word' id='word_1_27' title='bbox 698 427 863 486; x_wconf 78' lang='grc' dir='ltr'>αὑτοῦ</span> <span class='ocrx_word' id='word_1_28' title='bbox 907 450 967 488; x_wconf 86' lang='grc' dir='ltr'><strong>τε</strong></span> <span class='ocrx_word' id='word_1_29' title='bbox 1011 430 1105 486; x_wconf 86' lang='grc' dir='ltr'><strong>τοῦ</strong></span> <span class='ocrx_word' id='word_1_30' title='bbox 1147 431 1314 486; x_wconf 86' lang='grc' dir='ltr'>καλοῦ</span> <span class='ocrx_word' id='word_1_31' title='bbox 1343 432 1437 485; x_wconf 73' lang='grc' dir='ltr'>καὶ</span> <span class='ocrx_word' id='word_1_32' title='bbox 1469 430 1675 500; x_wconf 81' lang='grc' dir='ltr'><strong>ἀγαθοῦ</strong></span> <span class='ocrx_word' id='word_1_33' title='bbox 1707 433 1788 484; x_wconf 81' lang='grc' dir='ltr'>εί-</span> 
     </span>
    </p>
   </div>
   <div class='ocr_carea' id='block_1_7' title="bbox 195 521 1786 592">
    <p class='ocr_par' dir='ltr' id='par_1_7' title="bbox 195 521 1786 592">
     <span class='ocr_line' id='line_1_7' title="bbox 195 521 1786 592; baseline 0.001 -20"><span class='ocrx_word' id='word_1_34' title='bbox 195 522 365 573; x_wconf 81' lang='grc' dir='ltr'>κόνα·</span> <span class='ocrx_word' id='word_1_35' title='bbox 401 521 503 574; x_wconf 89' lang='grc' dir='ltr'>οὐκ</span> <span class='ocrx_word' id='word_1_36' title='bbox 528 521 690 575; x_wconf 91' lang='grc' dir='ltr'>αὑτὸν</span> <span class='ocrx_word' id='word_1_37' title='bbox 715 521 846 576; x_wconf 75' lang='grc' dir='ltr'>ὄντα</span> <span class='ocrx_word' id='word_1_38' title='bbox 869 521 961 575; x_wconf 82' lang='grc' dir='ltr'><strong>τὸν</strong></span> <span class='ocrx_word' id='word_1_39' title='bbox 993 521 1233 592; x_wconf 81' lang='grc' dir='ltr'>Πατέρα,</span> <span class='ocrx_word' id='word_1_40' title='bbox 1266 522 1403 576; x_wconf 84' lang='grc' dir='ltr'><strong>ἀλλά</strong></span> <span class='ocrx_word' id='word_1_41' title='bbox 1434 523 1526 576; x_wconf 88' lang='grc' dir='ltr'><strong>τὸν</strong></span> <span class='ocrx_word' id='word_1_42' title='bbox 1555 521 1649 574; x_wconf 90' lang='grc' dir='ltr'><strong>τοῦ</strong></span> <span class='ocrx_word' id='word_1_43' title='bbox 1672 523 1786 574; x_wconf 83' lang='grc' dir='ltr'>Πα-</span> 
     </span>
    </p>
   </div>
   <div class='ocr_carea' id='block_1_8' title="bbox 193 607 1790 683">
    <p class='ocr_par' dir='ltr' id='par_1_8' title="bbox 193 607 1790 683">
     <span class='ocr_line' id='line_1_8' title="bbox 193 607 1790 683; baseline 0.001 -20"><span class='ocrx_word' id='word_1_44' title='bbox 193 607 333 682; x_wconf 86' lang='grc' dir='ltr'>τρὸς</span> <span class='ocrx_word' id='word_1_45' title='bbox 367 613 627 683; x_wconf 82' lang='grc' dir='ltr'>μονογενῆ</span> <span class='ocrx_word' id='word_1_46' title='bbox 661 612 791 666; x_wconf 83' lang='grc' dir='ltr'>Υίόν</span> <span class='ocrx_word' id='word_1_47' title='bbox 815 629 831 642; x_wconf 89' lang='grc'><strong>·</strong></span> <span class='ocrx_word' id='word_1_48' title='bbox 863 613 969 666; x_wconf 86' lang='grc' dir='ltr'><strong>οὐδ’</strong></span> <span class='ocrx_word' id='word_1_49' title='bbox 990 612 1151 666; x_wconf 86' lang='grc' dir='ltr'>αὑτὸν</span> <span class='ocrx_word' id='word_1_50' title='bbox 1191 613 1324 666; x_wconf 73' lang='grc' dir='ltr'>ὄντα</span> <span class='ocrx_word' id='word_1_51' title='bbox 1359 611 1450 666; x_wconf 87' lang='grc' dir='ltr'><strong>τὸν</strong></span> <span class='ocrx_word' id='word_1_52' title='bbox 1493 611 1790 682; x_wconf 82' lang='grc' dir='ltr'>ἀγέννητον</span> 
     </span>
    </p>
   </div>
   <div class='ocr_carea' id='block_1_9' title="bbox 189 702 1788 777">
    <p class='ocr_par' dir='ltr' id='par_1_9' title="bbox 189 702 1788 777">
     <span class='ocr_line' id='line_1_9' title="bbox 189 702 1788 777; baseline 0.003 -23"><span class='ocrx_word' id='word_1_53' title='bbox 189 702 296 770; x_wconf 54' lang='grc' dir='ltr'>καὶ</span> <span class='ocrx_word' id='word_1_54' title='bbox 328 702 583 774; x_wconf 79' lang='grc' dir='ltr'>ἄναρχον,</span> <span class='ocrx_word' id='word_1_55' title='bbox 629 703 764 758; x_wconf 86' lang='grc' dir='ltr'><strong>ἀλλά</strong></span> <span class='ocrx_word' id='word_1_56' title='bbox 811 704 901 758; x_wconf 89' lang='grc' dir='ltr'><strong>τὸν</strong></span> <span class='ocrx_word' id='word_1_57' title='bbox 945 704 1005 772; x_wconf 79' lang='grc' dir='ltr'>ἐξ</span> <span class='ocrx_word' id='word_1_58' title='bbox 1055 705 1220 759; x_wconf 88' lang='grc' dir='ltr'>αὑτοῦ</span> <span class='ocrx_word' id='word_1_59' title='bbox 1265 705 1438 774; x_wconf 85' lang='grc' dir='ltr'>φύντα</span> <span class='ocrx_word' id='word_1_60' title='bbox 1477 707 1579 760; x_wconf 76' lang='grc' dir='ltr'>καὶ</span> <span class='ocrx_word' id='word_1_61' title='bbox 1613 706 1788 777; x_wconf 80' lang='grc' dir='ltr'>ἀρχὴν</span> 
     </span>
    </p>
   </div>
   <div class='ocr_carea' id='block_1_10' title="bbox 192 795 1788 867">
    <p class='ocr_par' dir='ltr' id='par_1_10' title="bbox 192 795 1788 867">
     <span class='ocr_line' id='line_1_10' title="bbox 192 795 1788 867; baseline 0.003 -22"><span class='ocrx_word' id='word_1_62' title='bbox 192 795 645 865; x_wconf 75' lang='grc' dir='ltr'>ἐπιγραφόμενον</span> <span class='ocrx_word' id='word_1_63' title='bbox 674 796 764 848; x_wconf 90' lang='grc' dir='ltr'><strong>τὸν</strong></span> <span class='ocrx_word' id='word_1_64' title='bbox 791 797 1176 867; x_wconf 88' lang='grc' dir='ltr'>γεγεννηκότα.</span> <span class='ocrx_word' id='word_1_65' title='bbox 1207 798 1268 850; x_wconf 78' lang='lat' dir='ltr'><strong>El</strong></span> <span class='ocrx_word' id='word_1_66' title='bbox 1292 796 1367 862; x_wconf 80' lang='grc' dir='ltr'><strong>δὲ,</strong></span> <span class='ocrx_word' id='word_1_67' title='bbox 1398 797 1605 860; x_wconf 84' lang='grc' dir='ltr'>τούτοις</span> <span class='ocrx_word' id='word_1_68' title='bbox 1637 799 1788 850; x_wconf 90' lang='grc' dir='ltr'>ἀντι-</span> 
     </span>
    </p>
   </div>
   <div class='ocr_carea' id='block_1_11' title="bbox 189 883 1786 959">
    <p class='ocr_par' dir='ltr' id='par_1_11' title="bbox 189 883 1786 959">
     <span class='ocr_line' id='line_1_11' title="bbox 189 883 1786 959; baseline 0.004 -23"><span class='ocrx_word' id='word_1_69' title='bbox 189 883 377 952; x_wconf 75' lang='grc' dir='ltr'>λέγων</span> <span class='ocrx_word' id='word_1_70' title='bbox 400 886 720 956; x_wconf 87' lang='grc' dir='ltr'>Μάρκελλος</span> <span class='ocrx_word' id='word_1_71' title='bbox 749 887 942 948; x_wconf 74' lang='grc' dir='ltr'>ταύτὸν</span> <span class='ocrx_word' id='word_1_72' title='bbox 971 884 1110 942; x_wconf 86' lang='grc' dir='ltr'>εἶναι</span> <span class='ocrx_word' id='word_1_73' title='bbox 1142 887 1253 959; x_wconf 70' lang='grc'><strong>(40)</strong></span> <span class='ocrx_word' id='word_1_74' title='bbox 1286 889 1485 958; x_wconf 81' lang='grc' dir='ltr'><strong>φάσκοι</strong></span> <span class='ocrx_word' id='word_1_75' title='bbox 1514 888 1606 942; x_wconf 84' lang='grc' dir='ltr'><strong>τὸν</strong></span> <span class='ocrx_word' id='word_1_76' title='bbox 1631 888 1786 953; x_wconf 82' lang='grc' dir='ltr'>Θεὸν,</span> 
     </span>
    </p>
   </div>
   <div class='ocr_carea' id='block_1_12' title="bbox 192 977 1788 1050">
    <p class='ocr_par' dir='ltr' id='par_1_12' title="bbox 192 977 1788 1050">
     <span class='ocr_line' id='line_1_12' title="bbox 192 977 1788 1050; baseline 0.004 -21"><span class='ocrx_word' id='word_1_77' title='bbox 192 977 296 1030; x_wconf 77' lang='grc' dir='ltr'>καὶ</span> <span class='ocrx_word' id='word_1_78' title='bbox 340 977 432 1030; x_wconf 92' lang='grc' dir='ltr'><strong>τὸν</strong></span> <span class='ocrx_word' id='word_1_79' title='bbox 471 978 530 1031; x_wconf 81' lang='grc' dir='ltr'>ὲν</span> <span class='ocrx_word' id='word_1_80' title='bbox 572 979 720 1050; x_wconf 87' lang='grc' dir='ltr'><strong>αὑτῷ</strong></span> <span class='ocrx_word' id='word_1_81' title='bbox 763 980 937 1049; x_wconf 84' lang='grc' dir='ltr'>Λόγον</span> <span class='ocrx_word' id='word_1_82' title='bbox 973 981 1260 1035; x_wconf 85' lang='grc' dir='ltr'>ἀσύνθετον</span> <span class='ocrx_word' id='word_1_83' title='bbox 1301 983 1396 1036; x_wconf 75' lang='grc' dir='ltr'>καὶ</span> <span class='ocrx_word' id='word_1_84' title='bbox 1447 980 1652 1035; x_wconf 84' lang='grc' dir='ltr'>ἁπλοῦν</span> <span class='ocrx_word' id='word_1_85' title='bbox 1696 981 1788 1035; x_wconf 84' lang='grc' dir='ltr'><strong>τὸν</strong></span> 
     </span>
    </p>
   </div>
   <div class='ocr_carea' id='block_1_13' title="bbox 191 1060 1786 1143">
    <p class='ocr_par' dir='ltr' id='par_1_13' title="bbox 191 1060 1786 1143">
     <span class='ocr_line' id='line_1_13' title="bbox 191 1060 1786 1143; baseline 0.003 -24"><span class='ocrx_word' id='word_1_86' title='bbox 191 1060 335 1122; x_wconf 70' lang='grc' dir='ltr'>Θεὸν</span> <span class='ocrx_word' id='word_1_87' title='bbox 377 1067 712 1141; x_wconf 78' lang='grc' dir='ltr'><strong>ὁριζόμενος,</strong></span> <span class='ocrx_word' id='word_1_88' title='bbox 743 1070 864 1143; x_wconf 81' lang='grc' dir='ltr'>ὥρα</span> <span class='ocrx_word' id='word_1_89' title='bbox 895 1071 1009 1141; x_wconf 74' lang='grc'><strong>(41)</strong></span> <span class='ocrx_word' id='word_1_90' title='bbox 1053 1072 1190 1142; x_wconf 85' lang='grc' dir='ltr'>μήτε</span> <span class='ocrx_word' id='word_1_91' title='bbox 1222 1071 1442 1143; x_wconf 82' lang='grc' dir='ltr'>Πατέρα</span> <span class='ocrx_word' id='word_1_92' title='bbox 1485 1072 1624 1143; x_wconf 83' lang='grc' dir='ltr'>μήτε</span> <span class='ocrx_word' id='word_1_93' title='bbox 1655 1071 1786 1124; x_wconf 80' lang='grc' dir='ltr'>Υίὸν</span> 
     </span>
    </p>
   </div>
   <div class='ocr_carea' id='block_1_14' title="bbox 189 1157 1786 1234">
    <p class='ocr_par' dir='ltr' id='par_1_14' title="bbox 189 1157 1786 1234">
     <span class='ocr_line' id='line_1_14' title="bbox 189 1157 1786 1234; baseline 0.003 -22"><span class='ocrx_word' id='word_1_94' title='bbox 189 1157 479 1230; x_wconf 78' lang='grc' dir='ltr'>ὁμολογεῖν</span> <span class='ocrx_word' id='word_1_95' title='bbox 522 1161 704 1226; x_wconf 89' lang='grc' dir='ltr'>αὐτὸν,</span> <span class='ocrx_word' id='word_1_96' title='bbox 750 1161 1009 1234; x_wconf 78' lang='grc' dir='ltr'>ἄντικρυς</span> <span class='ocrx_word' id='word_1_97' title='bbox 1047 1163 1104 1216; x_wconf 82' lang='grc' dir='ltr'><strong>δὲ</strong></span> <span class='ocrx_word' id='word_1_98' title='bbox 1136 1163 1227 1217; x_wconf 87' lang='grc' dir='ltr'><strong>τὸν</strong></span> <span class='ocrx_word' id='word_1_99' title='bbox 1260 1163 1512 1217; x_wconf 80' lang='grc' dir='ltr'>Ἰουδαῖον</span> <span class='ocrx_word' id='word_1_100' title='bbox 1546 1162 1786 1234; x_wconf 76' lang='grc' dir='ltr'>προϐάλ-</span> 
     </span>
    </p>
   </div>
   <div class='ocr_carea' id='block_1_15' title="bbox 180 1246 1784 1325">
    <p class='ocr_par' dir='ltr' id='par_1_15' title="bbox 180 1246 1784 1325">
     <span class='ocr_line' id='line_1_15' title="bbox 180 1246 1784 1325; baseline 0.004 -26"><span class='ocrx_word' id='word_1_101' title='bbox 180 1246 415 1313; x_wconf 71' lang='grc' dir='ltr'>λεσθαι,</span> <span class='ocrx_word' id='word_1_102' title='bbox 445 1249 478 1319; x_wconf 80' lang='grc' dir='ltr'><strong>ἢ</strong></span> <span class='ocrx_word' id='word_1_103' title='bbox 510 1249 602 1304; x_wconf 86' lang='grc' dir='ltr'><strong>τὸν</strong></span> <span class='ocrx_word' id='word_1_104' title='bbox 641 1251 927 1305; x_wconf 79' lang='grc' dir='ltr'>Σαόέλλιον</span> <span class='ocrx_word' id='word_1_105' title='bbox 968 1253 1209 1322; x_wconf 79' lang='grc' dir='ltr'>εἰσάγειν</span> <span class='ocrx_word' id='word_1_106' title='bbox 1233 1294 1248 1318; x_wconf 95' lang='grc'><strong>,</strong></span> <span class='ocrx_word' id='word_1_107' title='bbox 1278 1254 1498 1325; x_wconf 86' lang='grc' dir='ltr'>Πατέρα</span> <span class='ocrx_word' id='word_1_108' title='bbox 1529 1253 1624 1306; x_wconf 76' lang='grc' dir='ltr'>καὶ</span> <span class='ocrx_word' id='word_1_109' title='bbox 1656 1251 1784 1305; x_wconf 88' lang='grc' dir='ltr'>Υίὸν</span> 
     </span>
    </p>
   </div>
   <div class='ocr_carea' id='block_1_16' title="bbox 184 1341 1785 1414">
    <p class='ocr_par' dir='ltr' id='par_1_16' title="bbox 184 1341 1785 1414">
     <span class='ocr_line' id='line_1_16' title="bbox 184 1341 1785 1414; baseline 0.001 -18"><span class='ocrx_word' id='word_1_110' title='bbox 184 1341 284 1396; x_wconf 77' lang='grc' dir='ltr'><strong>τὸν</strong></span> <span class='ocrx_word' id='word_1_111' title='bbox 320 1343 482 1397; x_wconf 89' lang='grc' dir='ltr'>αὑτὸν</span> <span class='ocrx_word' id='word_1_112' title='bbox 511 1341 648 1397; x_wconf 77' lang='grc' dir='ltr'>εἶναι</span> <span class='ocrx_word' id='word_1_113' title='bbox 687 1344 998 1414; x_wconf 86' lang='grc' dir='ltr'>φάσκοντα·</span> <span class='ocrx_word' id='word_1_114' title='bbox 1035 1346 1177 1400; x_wconf 84' lang='grc' dir='ltr'>ὥστε</span> <span class='ocrx_word' id='word_1_115' title='bbox 1219 1348 1339 1400; x_wconf 84' lang='grc' dir='ltr'>κατ’</span> <span class='ocrx_word' id='word_1_116' title='bbox 1364 1347 1524 1400; x_wconf 85' lang='grc' dir='ltr'>αὑτὸν</span> <span class='ocrx_word' id='word_1_117' title='bbox 1563 1346 1646 1409; x_wconf 87' lang='grc' dir='ltr'><strong>τὸ,</strong></span> <span class='ocrx_word' id='word_1_118' title='bbox 1689 1345 1785 1397; x_wconf 75' lang='grc' dir='ltr'><strong>Ἐν·</strong></span> 
     </span>
    </p>
   </div>
   <div class='ocr_carea' id='block_1_17' title="bbox 181 1429 1781 1509">
    <p class='ocr_par' dir='ltr' id='par_1_17' title="bbox 181 1429 1781 1509">
     <span class='ocr_line' id='line_1_17' title="bbox 181 1429 1781 1509; baseline 0.001 -21"><span class='ocrx_word' id='word_1_119' title='bbox 181 1429 350 1504; x_wconf 72' lang='grc' dir='ltr'>ἀρχῇ</span> <span class='ocrx_word' id='word_1_120' title='bbox 366 1430 444 1505; x_wconf 81' lang='grc' dir='ltr'><strong>ἦν</strong></span> <span class='ocrx_word' id='word_1_121' title='bbox 467 1437 500 1489; x_wconf 78' lang='grc' dir='ltr'><strong><em>ὅ</em></strong></span> <span class='ocrx_word' id='word_1_122' title='bbox 513 1436 722 1504; x_wconf 82' lang='grc' dir='ltr'>Λόγος,</span> <span class='ocrx_word' id='word_1_123' title='bbox 745 1436 856 1490; x_wconf 81' lang='grc' dir='ltr'>ἴσον</span> <span class='ocrx_word' id='word_1_124' title='bbox 883 1433 1023 1492; x_wconf 73' lang='grc' dir='ltr'>εἶναι</span> <span class='ocrx_word' id='word_1_125' title='bbox 1047 1437 1146 1509; x_wconf 82' lang='grc' dir='ltr'><strong>τῷ,</strong></span> <span class='ocrx_word' id='word_1_126' title='bbox 1167 1439 1263 1491; x_wconf 74' lang='grc' dir='ltr'><strong>Ἐν</strong></span> <span class='ocrx_word' id='word_1_127' title='bbox 1279 1437 1437 1508; x_wconf 77' lang='grc' dir='ltr'>ἀρχῇ</span> <span class='ocrx_word' id='word_1_128' title='bbox 1460 1438 1540 1507; x_wconf 80' lang='grc' dir='ltr'><strong>ἦν</strong></span> <span class='ocrx_word' id='word_1_129' title='bbox 1562 1440 1595 1492; x_wconf 84' lang='grc' dir='ltr'><em>ὁ</em></span> <span class='ocrx_word' id='word_1_130' title='bbox 1617 1437 1781 1502; x_wconf 84' lang='grc' dir='ltr'>Θεός,</span> 
     </span>
    </p>
   </div>
   <div class='ocr_carea' id='block_1_18' title="bbox 181 1518 1781 1599">
    <p class='ocr_par' dir='ltr' id='par_1_18' title="bbox 181 1518 1781 1599">
     <span class='ocr_line' id='line_1_18' title="bbox 181 1518 1781 1599; baseline 0.002 -23"><span class='ocrx_word' id='word_1_131' title='bbox 181 1526 284 1577; x_wconf 81' lang='grc' dir='ltr'>καὶ</span> <span class='ocrx_word' id='word_1_132' title='bbox 311 1518 373 1578; x_wconf 86' lang='grc' dir='ltr'><strong>τὸ</strong></span> <span class='ocrx_word' id='word_1_133' title='bbox 394 1565 408 1586; x_wconf 90' lang='grc'><strong>,</strong></span> <span class='ocrx_word' id='word_1_134' title='bbox 443 1525 544 1579; x_wconf 75' lang='grc' dir='ltr'>καὶ</span> <span class='ocrx_word' id='word_1_135' title='bbox 583 1529 617 1580; x_wconf 85' lang='grc' dir='ltr'><em>ὀ</em></span> <span class='ocrx_word' id='word_1_136' title='bbox 648 1529 842 1597; x_wconf 76' lang='grc' dir='ltr'>Λόγος</span> <span class='ocrx_word' id='word_1_137' title='bbox 871 1525 952 1599; x_wconf 81' lang='grc' dir='ltr'><strong>ἦν</strong></span> <span class='ocrx_word' id='word_1_138' title='bbox 979 1527 1130 1597; x_wconf 83' lang='grc' dir='ltr'>πρὸς</span> <span class='ocrx_word' id='word_1_139' title='bbox 1155 1529 1262 1583; x_wconf 82' lang='grc' dir='ltr'>τὸν</span> <span class='ocrx_word' id='word_1_140' title='bbox 1291 1528 1460 1595; x_wconf 78' lang='grc' dir='ltr'>Θεὸν,</span> <span class='ocrx_word' id='word_1_141' title='bbox 1497 1531 1610 1582; x_wconf 76' lang='grc' dir='ltr'>ἴσον</span> <span class='ocrx_word' id='word_1_142' title='bbox 1641 1523 1781 1580; x_wconf 79' lang='grc' dir='ltr'>εἶναι</span> 
     </span>
    </p>
   </div>
   <div class='ocr_carea' id='block_1_19' title="bbox 178 1615 1782 1692">
    <p class='ocr_par' dir='ltr' id='par_1_19' title="bbox 178 1615 1782 1692">
     <span class='ocr_line' id='line_1_19' title="bbox 178 1615 1782 1692; baseline 0.004 -24"><span class='ocrx_word' id='word_1_143' title='bbox 178 1615 286 1686; x_wconf 83' lang='grc' dir='ltr'><strong>τῷ,</strong></span> <span class='ocrx_word' id='word_1_144' title='bbox 320 1616 417 1669; x_wconf 78' lang='grc' dir='ltr'>καὶ</span> <span class='ocrx_word' id='word_1_145' title='bbox 449 1620 483 1671; x_wconf 83' lang='grc' dir='ltr'><strong>ό</strong></span> <span class='ocrx_word' id='word_1_146' title='bbox 522 1617 668 1684; x_wconf 88' lang='grc' dir='ltr'>Θεὸς</span> <span class='ocrx_word' id='word_1_147' title='bbox 698 1615 778 1689; x_wconf 76' lang='grc' dir='ltr'><strong>ἦν</strong></span> <span class='ocrx_word' id='word_1_148' title='bbox 810 1619 958 1689; x_wconf 80' lang='grc' dir='ltr'>πρὸς</span> <span class='ocrx_word' id='word_1_149' title='bbox 1001 1620 1109 1675; x_wconf 82' lang='grc' dir='ltr'>τὸν</span> <span class='ocrx_word' id='word_1_150' title='bbox 1147 1620 1314 1686; x_wconf 80' lang='grc' dir='ltr'>Θεὸν,</span> <span class='ocrx_word' id='word_1_151' title='bbox 1360 1621 1563 1692; x_wconf 87' lang='grc' dir='ltr'>ὁμοίως</span> <span class='ocrx_word' id='word_1_152' title='bbox 1599 1621 1656 1674; x_wconf 85' lang='grc' dir='ltr'><strong>δὲ</strong></span> <span class='ocrx_word' id='word_1_153' title='bbox 1685 1617 1782 1674; x_wconf 70' lang='grc' dir='ltr'><strong>καὶ</strong></span> 
     </span>
    </p>
   </div>
   <div class='ocr_carea' id='block_1_20' title="bbox 1894 433 3467 514">
    <p class='ocr_par' dir='ltr' id='par_1_20' title="bbox 1894 433 3467 514">
     <span class='ocr_line' id='line_1_20' title="bbox 1894 433 3467 514; baseline 0.011 -28"><span class='ocrx_word' id='word_1_154' title='bbox 1894 433 2212 502; x_wconf 85' lang='lat' dir='ltr'><strong>imaginem,</strong></span> <span class='ocrx_word' id='word_1_155' title='bbox 2260 450 2328 490; x_wconf 80' lang='lat' dir='ltr'><strong>ex</strong></span> <span class='ocrx_word' id='word_1_156' title='bbox 2363 433 2483 504; x_wconf 85' lang='lat' dir='ltr'><strong>ipso</strong></span> <span class='ocrx_word' id='word_1_157' title='bbox 2529 444 2730 501; x_wconf 90' lang='lat' dir='ltr'><strong>ortum,</strong></span> <span class='ocrx_word' id='word_1_158' title='bbox 2795 441 3017 495; x_wconf 89' lang='lat' dir='ltr'><strong>omnino</strong></span> <span class='ocrx_word' id='word_1_159' title='bbox 3057 451 3112 498; x_wconf 90' lang='lat' dir='ltr'><strong>et</strong></span> <span class='ocrx_word' id='word_1_160' title='bbox 3146 459 3244 514; x_wconf 90' lang='lat' dir='ltr'><strong>per</strong></span> <span class='ocrx_word' id='word_1_161' title='bbox 3283 451 3467 505; x_wconf 86' lang='lat' dir='ltr'><strong>omnia</strong></span> 
     </span>
    </p>
   </div>
   <div class='ocr_carea' id='block_1_21' title="bbox 1892 523 3468 604">
    <p class='ocr_par' dir='ltr' id='par_1_21' title="bbox 1892 523 3468 604">
     <span class='ocr_line' id='line_1_21' title="bbox 1892 523 3468 604; baseline 0.011 -28"><span class='ocrx_word' id='word_1_162' title='bbox 1892 538 2050 592; x_wconf 90' lang='lat' dir='ltr'><strong>quam</strong></span> <span class='ocrx_word' id='word_1_163' title='bbox 2075 523 2417 579; x_wconf 84' lang='lat' dir='ltr'><strong>simillimum</strong></span> <span class='ocrx_word' id='word_1_164' title='bbox 2447 526 2677 596; x_wconf 74' lang='lat' dir='ltr'><strong>genitori</strong></span> <span class='ocrx_word' id='word_1_165' title='bbox 2702 542 2819 596; x_wconf 91' lang='lat' dir='ltr'><strong>suo,</strong></span> <span class='ocrx_word' id='word_1_166' title='bbox 2853 539 2908 585; x_wconf 91' lang='lat' dir='ltr'><strong>et</strong></span> <span class='ocrx_word' id='word_1_167' title='bbox 2948 531 3121 602; x_wconf 91' lang='lat' dir='ltr'><strong>ipsum</strong></span> <span class='ocrx_word' id='word_1_168' title='bbox 3155 537 3298 604; x_wconf 91' lang='lat' dir='ltr'><strong>quod</strong></span> <span class='ocrx_word' id='word_1_169' title='bbox 3346 553 3468 594; x_wconf 89' lang='lat' dir='ltr'><strong>cre-</strong></span> 
     </span>
    </p>
   </div>
   <div class='ocr_carea' id='block_1_22' title="bbox 1892 613 3465 696">
    <p class='ocr_par' dir='ltr' id='par_1_22' title="bbox 1892 613 3465 696">
     <span class='ocr_line' id='line_1_22' title="bbox 1892 613 3465 696; baseline 0.009 -26"><span class='ocrx_word' id='word_1_170' title='bbox 1892 615 1983 670; x_wconf 87' lang='lat' dir='ltr'><strong>dat</strong></span> <span class='ocrx_word' id='word_1_171' title='bbox 2013 613 2204 679; x_wconf 91' lang='lat' dir='ltr'><strong>Deum,</strong></span> <span class='ocrx_word' id='word_1_172' title='bbox 2224 624 2282 670; x_wconf 90' lang='lat' dir='ltr'><strong>et</strong></span> <span class='ocrx_word' id='word_1_173' title='bbox 2330 630 2589 684; x_wconf 83' lang='lat' dir='ltr'><strong>mentem,</strong></span> <span class='ocrx_word' id='word_1_174' title='bbox 2614 627 2670 672; x_wconf 92' lang='lat' dir='ltr'><strong>et</strong></span> <span class='ocrx_word' id='word_1_175' title='bbox 2705 617 2884 689; x_wconf 89' lang='grc' dir='ltr'>λόγον,</span> <span class='ocrx_word' id='word_1_176' title='bbox 2918 631 2974 678; x_wconf 88' lang='lat' dir='ltr'><strong>et</strong></span> <span class='ocrx_word' id='word_1_177' title='bbox 3004 625 3325 694; x_wconf 84' lang='lat' dir='ltr'><strong>sapientiam</strong></span> <span class='ocrx_word' id='word_1_178' title='bbox 3351 667 3368 696; x_wconf 88' lang='lat'><strong>,</strong></span> <span class='ocrx_word' id='word_1_179' title='bbox 3409 640 3465 684; x_wconf 88' lang='lat' dir='ltr'><strong>et</strong></span> 
     </span>
    </p>
   </div>
   <div class='ocr_carea' id='block_1_23' title="bbox 1890 706 3465 788">
    <p class='ocr_par' dir='ltr' id='par_1_23' title="bbox 1890 706 3465 788">
     <span class='ocr_line' id='line_1_23' title="bbox 1890 706 3465 788; baseline 0.011 -30"><span class='ocrx_word' id='word_1_180' title='bbox 1890 706 2078 770; x_wconf 87' lang='lat' dir='ltr'><strong>vitam,</strong></span> <span class='ocrx_word' id='word_1_181' title='bbox 2113 715 2166 760; x_wconf 86' lang='lat' dir='ltr'><strong>et</strong></span> <span class='ocrx_word' id='word_1_182' title='bbox 2192 707 2387 774; x_wconf 86' lang='lat' dir='ltr'><strong>lucem,</strong></span> <span class='ocrx_word' id='word_1_183' title='bbox 2415 707 2560 764; x_wconf 87' lang='lat' dir='ltr'><strong>illius</strong></span> <span class='ocrx_word' id='word_1_184' title='bbox 2596 709 2802 779; x_wconf 86' lang='lat' dir='ltr'><strong>pulchri</strong></span> <span class='ocrx_word' id='word_1_185' title='bbox 2840 713 3134 786; x_wconf 79' lang='lat' dir='ltr'><strong>imaginem</strong></span> <span class='ocrx_word' id='word_1_186' title='bbox 3170 728 3332 788; x_wconf 88' lang='lat' dir='ltr'><strong>atque</strong></span> <span class='ocrx_word' id='word_1_187' title='bbox 3365 721 3465 775; x_wconf 91' lang='lat' dir='ltr'><strong>bo-</strong></span> 
     </span>
    </p>
   </div>
   <div class='ocr_carea' id='block_1_24' title="bbox 1890 798 3459 872">
    <p class='ocr_par' dir='ltr' id='par_1_24' title="bbox 1890 798 3459 872">
     <span class='ocr_line' id='line_1_24' title="bbox 1890 798 3459 872; baseline 0.01 -21"><span class='ocrx_word' id='word_1_188' title='bbox 1890 798 1944 852; x_wconf 93' lang='lat' dir='ltr'><strong>ni</strong></span> <span class='ocrx_word' id='word_1_189' title='bbox 1983 815 1998 852; x_wconf 87' lang='lat'><strong>:</strong></span> <span class='ocrx_word' id='word_1_190' title='bbox 2033 814 2140 853; x_wconf 80' lang='lat' dir='ltr'><strong>non</strong></span> <span class='ocrx_word' id='word_1_191' title='bbox 2167 806 2349 854; x_wconf 85' lang='lat' dir='ltr'><strong>tamen</strong></span> <span class='ocrx_word' id='word_1_192' title='bbox 2381 800 2674 869; x_wconf 90' lang='lat' dir='ltr'><strong>ipsummet</strong></span> <span class='ocrx_word' id='word_1_193' title='bbox 2702 803 3144 872; x_wconf 87' lang='lat' dir='ltr'><strong>genitorem,sed</strong></span> <span class='ocrx_word' id='word_1_194' title='bbox 3175 809 3354 865; x_wconf 85' lang='lat' dir='ltr'><strong>Patris</strong></span> <span class='ocrx_word' id='word_1_195' title='bbox 3376 815 3459 866; x_wconf 89' lang='lat' dir='ltr'><strong>sui</strong></span> 
     </span>
    </p>
   </div>
   <div class='ocr_carea' id='block_1_25' title="bbox 1889 885 3460 968">
    <p class='ocr_par' dir='ltr' id='par_1_25' title="bbox 1889 885 3460 968">
     <span class='ocr_line' id='line_1_25' title="bbox 1889 885 3460 968; baseline 0.009 -29"><span class='ocrx_word' id='word_1_196' title='bbox 1889 885 2085 941; x_wconf 87' lang='lat' dir='ltr'><strong>Filium</strong></span> <span class='ocrx_word' id='word_1_197' title='bbox 2116 889 2481 956; x_wconf 75' lang='lat' dir='ltr'><strong>unigenitum,</strong></span> <span class='ocrx_word' id='word_1_198' title='bbox 2498 903 2603 943; x_wconf 94' lang='lat' dir='ltr'><strong>non</strong></span> <span class='ocrx_word' id='word_1_199' title='bbox 2635 892 2810 960; x_wconf 87' lang='lat' dir='ltr'><strong>ipsum</strong></span> <span class='ocrx_word' id='word_1_200' title='bbox 2837 894 3054 962; x_wconf 90' lang='lat' dir='ltr'><strong>quidem</strong></span> <span class='ocrx_word' id='word_1_201' title='bbox 3096 898 3460 968; x_wconf 89' lang='lat' dir='ltr'><strong>unigenitum,</strong></span> 
     </span>
    </p>
   </div>
   <div class='ocr_carea' id='block_1_26' title="bbox 1889 977 3463 1055">
    <p class='ocr_par' dir='ltr' id='par_1_26' title="bbox 1889 977 3463 1055">
     <span class='ocr_line' id='line_1_26' title="bbox 1889 977 3463 1055; baseline 0.008 -26"><span class='ocrx_word' id='word_1_202' title='bbox 1889 985 1945 1030; x_wconf 87' lang='lat' dir='ltr'><strong>et</strong></span> <span class='ocrx_word' id='word_1_203' title='bbox 1969 977 2425 1046; x_wconf 85' lang='lat' dir='ltr'><strong>imprincipiatum</strong></span> <span class='ocrx_word' id='word_1_204' title='bbox 2460 995 2474 1031; x_wconf 90' lang='lat'><strong>:</strong></span> <span class='ocrx_word' id='word_1_205' title='bbox 2509 978 2607 1032; x_wconf 89' lang='lat' dir='ltr'><strong>sed</strong></span> <span class='ocrx_word' id='word_1_206' title='bbox 2651 992 2716 1033; x_wconf 85' lang='lat' dir='ltr'><strong>ex</strong></span> <span class='ocrx_word' id='word_1_207' title='bbox 2745 979 2836 1033; x_wconf 92' lang='lat' dir='ltr'><strong>illo</strong></span> <span class='ocrx_word' id='word_1_208' title='bbox 2870 991 3073 1048; x_wconf 90' lang='lat' dir='ltr'><strong>ortum,</strong></span> <span class='ocrx_word' id='word_1_209' title='bbox 3098 984 3179 1038; x_wconf 88' lang='lat' dir='ltr'><strong>sic</strong></span> <span class='ocrx_word' id='word_1_210' title='bbox 3212 994 3269 1038; x_wconf 91' lang='lat' dir='ltr'><strong>ut</strong></span> <span class='ocrx_word' id='word_1_211' title='bbox 3311 987 3463 1055; x_wconf 89' lang='lat' dir='ltr'><strong>prin-</strong></span> 
     </span>
    </p>
   </div>
   <div class='ocr_carea' id='block_1_27' title="bbox 1887 1066 3459 1136">
    <p class='ocr_par' dir='ltr' id='par_1_27' title="bbox 1887 1066 3459 1136">
     <span class='ocr_line' id='line_1_27' title="bbox 1887 1066 3459 1136; baseline 0.009 -18"><span class='ocrx_word' id='word_1_212' title='bbox 1887 1066 2034 1135; x_wconf 90' lang='lat' dir='ltr'><strong>pium</strong></span> <span class='ocrx_word' id='word_1_213' title='bbox 2081 1067 2164 1120; x_wconf 88' lang='lat' dir='ltr'><strong>sui</strong></span> <span class='ocrx_word' id='word_1_214' title='bbox 2218 1067 2457 1122; x_wconf 84' lang='lat' dir='ltr'><strong>ascribat</strong></span> <span class='ocrx_word' id='word_1_215' title='bbox 2497 1067 2665 1122; x_wconf 86' lang='lat' dir='ltr'><strong>Patri.</strong></span> <span class='ocrx_word' id='word_1_216' title='bbox 2715 1069 2869 1136; x_wconf 86' lang='lat' dir='ltr'><strong>Quod</strong></span> <span class='ocrx_word' id='word_1_217' title='bbox 2909 1072 2953 1127; x_wconf 92' lang='lat' dir='ltr'><strong>si</strong></span> <span class='ocrx_word' id='word_1_218' title='bbox 2998 1073 3146 1128; x_wconf 87' lang='lat' dir='ltr'><strong>hisce</strong></span> <span class='ocrx_word' id='word_1_219' title='bbox 3181 1079 3459 1132; x_wconf 86' lang='lat' dir='ltr'><strong>contradi-</strong></span> 
     </span>
    </p>
   </div>
   <div class='ocr_carea' id='block_1_28' title="bbox 1887 1155 3458 1228">
    <p class='ocr_par' dir='ltr' id='par_1_28' title="bbox 1887 1155 3458 1228">
     <span class='ocr_line' id='line_1_28' title="bbox 1887 1155 3458 1228; baseline 0.007 -18"><span class='ocrx_word' id='word_1_220' title='bbox 1887 1156 2056 1211; x_wconf 88' lang='lat' dir='ltr'><strong>cendo</strong></span> <span class='ocrx_word' id='word_1_221' title='bbox 2082 1155 2394 1220; x_wconf 83' lang='lat' dir='ltr'><strong>Marcellus,</strong></span> <span class='ocrx_word' id='word_1_222' title='bbox 2429 1158 2566 1212; x_wconf 91' lang='lat' dir='ltr'><strong>idem</strong></span> <span class='ocrx_word' id='word_1_223' title='bbox 2597 1172 2721 1214; x_wconf 93' lang='lat' dir='ltr'><strong>esse</strong></span> <span class='ocrx_word' id='word_1_224' title='bbox 2760 1175 2857 1228; x_wconf 89' lang='lat' dir='ltr'><strong>per</strong></span> <span class='ocrx_word' id='word_1_225' title='bbox 2885 1163 3066 1217; x_wconf 85' lang='lat' dir='ltr'><strong>omnia</strong></span> <span class='ocrx_word' id='word_1_226' title='bbox 3090 1165 3290 1220; x_wconf 84' lang='lat' dir='ltr'><strong>dixerit</strong></span> <span class='ocrx_word' id='word_1_227' title='bbox 3311 1167 3458 1223; x_wconf 89' lang='lat' dir='ltr'><strong>illum</strong></span> 
     </span>
    </p>
   </div>
   <div class='ocr_carea' id='block_1_29' title="bbox 1887 1245 3461 1329">
    <p class='ocr_par' dir='ltr' id='par_1_29' title="bbox 1887 1245 3461 1329">
     <span class='ocr_line' id='line_1_29' title="bbox 1887 1245 3461 1329; baseline 0.01 -30"><span class='ocrx_word' id='word_1_228' title='bbox 1887 1245 2078 1312; x_wconf 87' lang='lat' dir='ltr'><strong>Deum,</strong></span> <span class='ocrx_word' id='word_1_229' title='bbox 2110 1256 2164 1302; x_wconf 90' lang='lat' dir='ltr'><strong>et</strong></span> <span class='ocrx_word' id='word_1_230' title='bbox 2192 1248 2318 1302; x_wconf 91' lang='lat' dir='ltr'><strong>illud</strong></span> <span class='ocrx_word' id='word_1_231' title='bbox 2353 1254 2412 1312; x_wconf 68' lang='lat' dir='ltr'><strong>&gt;I&lt;</strong></span> <span class='ocrx_word' id='word_1_232' title='bbox 2444 1249 2495 1302; x_wconf 92' lang='lat' dir='ltr'><strong>in</strong></span> <span class='ocrx_word' id='word_1_233' title='bbox 2537 1264 2603 1304; x_wconf 91' lang='lat' dir='ltr'><strong>eo</strong></span> <span class='ocrx_word' id='word_1_234' title='bbox 2644 1252 2886 1328; x_wconf 80' lang='lat' dir='ltr'><strong>Verbum</strong></span> <span class='ocrx_word' id='word_1_235' title='bbox 2919 1255 3083 1310; x_wconf 91' lang='lat' dir='ltr'><strong>Deum</strong></span> <span class='ocrx_word' id='word_1_236' title='bbox 3131 1258 3461 1329; x_wconf 88' lang='lat' dir='ltr'><strong>incomposi-</strong></span> 
     </span>
    </p>
   </div>
   <div class='ocr_carea' id='block_1_30' title="bbox 1831 1338 3460 1412">
    <p class='ocr_par' dir='ltr' id='par_1_30' title="bbox 1831 1338 3460 1412">
     <span class='ocr_line' id='line_1_30' title="bbox 1831 1338 3460 1412; baseline 0.008 -21"><span class='ocrx_word' id='word_1_237' title='bbox 1831 1362 1834 1364; x_wconf 52' lang='grc' dir='ltr'><strong>η</strong></span> <span class='ocrx_word' id='word_1_238' title='bbox 1889 1346 2000 1392; x_wconf 88' lang='lat' dir='ltr'><strong>tum</strong></span> <span class='ocrx_word' id='word_1_239' title='bbox 2033 1338 2300 1394; x_wconf 80' lang='lat' dir='ltr'><strong>definiens</strong></span> <span class='ocrx_word' id='word_1_240' title='bbox 2339 1349 2503 1410; x_wconf 86' lang='lat' dir='ltr'><strong>atque</strong></span> <span class='ocrx_word' id='word_1_241' title='bbox 2547 1341 2846 1412; x_wconf 90' lang='lat' dir='ltr'><strong>simplicem</strong></span> <span class='ocrx_word' id='word_1_242' title='bbox 2882 1361 2898 1411; x_wconf 90' lang='lat'><strong>;</strong></span> <span class='ocrx_word' id='word_1_243' title='bbox 2930 1345 3112 1400; x_wconf 86' lang='lat' dir='ltr'><strong>videat</strong></span> <span class='ocrx_word' id='word_1_244' title='bbox 3135 1345 3219 1404; x_wconf 76' lang='grc' dir='ltr'><strong>ἠε</strong></span> <span class='ocrx_word' id='word_1_245' title='bbox 3254 1350 3338 1404; x_wconf 89' lang='lat' dir='ltr'><strong>vel</strong></span> <span class='ocrx_word' id='word_1_246' title='bbox 3365 1351 3460 1406; x_wconf 86' lang='lat' dir='ltr'><strong>Pa-</strong></span> 
     </span>
    </p>
   </div>
   <div class='ocr_carea' id='block_1_31' title="bbox 1886 1430 3460 1511">
    <p class='ocr_par' dir='ltr' id='par_1_31' title="bbox 1886 1430 3460 1511">
     <span class='ocr_line' id='line_1_31' title="bbox 1886 1430 3460 1511; baseline 0.009 -27"><span class='ocrx_word' id='word_1_247' title='bbox 1886 1438 2024 1486; x_wconf 86' lang='lat' dir='ltr'><strong>trem</strong></span> <span class='ocrx_word' id='word_1_248' title='bbox 2049 1431 2133 1486; x_wconf 89' lang='lat' dir='ltr'><strong>vel</strong></span> <span class='ocrx_word' id='word_1_249' title='bbox 2156 1430 2352 1487; x_wconf 82' lang='lat' dir='ltr'><strong>Filium</strong></span> <span class='ocrx_word' id='word_1_250' title='bbox 2387 1445 2509 1486; x_wconf 86' lang='lat' dir='ltr'><strong>eum</strong></span> <span class='ocrx_word' id='word_1_251' title='bbox 2533 1447 2790 1504; x_wconf 87' lang='lat' dir='ltr'><strong>agnoscat</strong></span> <span class='ocrx_word' id='word_1_252' title='bbox 2820 1452 2836 1490; x_wconf 92' lang='lat'><strong>:</strong></span> <span class='ocrx_word' id='word_1_253' title='bbox 2863 1439 2956 1493; x_wconf 89' lang='lat' dir='ltr'><strong>sed</strong></span> <span class='ocrx_word' id='word_1_254' title='bbox 2981 1437 3220 1494; x_wconf 76' lang='lat' dir='ltr'><strong>Judaeum</strong></span> <span class='ocrx_word' id='word_1_255' title='bbox 3251 1456 3310 1496; x_wconf 92' lang='lat' dir='ltr'><strong>se</strong></span> <span class='ocrx_word' id='word_1_256' title='bbox 3332 1457 3460 1511; x_wconf 90' lang='lat' dir='ltr'><strong>pro-</strong></span> 
     </span>
    </p>
   </div>
   <div class='ocr_carea' id='block_1_32' title="bbox 1884 1523 3460 1606">
    <p class='ocr_par' dir='ltr' id='par_1_32' title="bbox 1884 1523 3460 1606">
     <span class='ocr_line' id='line_1_32' title="bbox 1884 1523 3460 1606; baseline 0.009 -30"><span class='ocrx_word' id='word_1_257' title='bbox 1884 1524 1996 1590; x_wconf 85' lang='lat' dir='ltr'><strong>dat,</strong></span> <span class='ocrx_word' id='word_1_258' title='bbox 2031 1532 2123 1577; x_wconf 90' lang='lat' dir='ltr'><strong>aut</strong></span> <span class='ocrx_word' id='word_1_259' title='bbox 2155 1539 2279 1579; x_wconf 91' lang='lat' dir='ltr'><strong>cum</strong></span> <span class='ocrx_word' id='word_1_260' title='bbox 2317 1523 2556 1580; x_wconf 87' lang='lat' dir='ltr'><strong>Sabellio</strong></span> <span class='ocrx_word' id='word_1_261' title='bbox 2580 1527 2795 1583; x_wconf 84' lang='lat' dir='ltr'><strong>inducat</strong></span> <span class='ocrx_word' id='word_1_262' title='bbox 2825 1530 3038 1586; x_wconf 85' lang='lat' dir='ltr'><strong>Patrem</strong></span> <span class='ocrx_word' id='word_1_263' title='bbox 3064 1535 3310 1588; x_wconf 91' lang='lat' dir='ltr'><strong>eumdem</strong></span> <span class='ocrx_word' id='word_1_264' title='bbox 3341 1535 3460 1606; x_wconf 84' lang='lat' dir='ltr'><strong>pla-</strong></span> 
     </span>
    </p>
   </div>
   <div class='ocr_carea' id='block_1_33' title="bbox 1884 1613 3456 1694">
    <p class='ocr_par' dir='ltr' id='par_1_33' title="bbox 1884 1613 3456 1694">
     <span class='ocr_line' id='line_1_33' title="bbox 1884 1613 3456 1694; baseline 0.008 -28"><span class='ocrx_word' id='word_1_265' title='bbox 1884 1628 1952 1667; x_wconf 90' lang='lat' dir='ltr'><strong>ne</strong></span> <span class='ocrx_word' id='word_1_266' title='bbox 1989 1623 2150 1681; x_wconf 89' lang='lat' dir='ltr'><strong>atque</strong></span> <span class='ocrx_word' id='word_1_267' title='bbox 2204 1613 2420 1668; x_wconf 83' lang='lat' dir='ltr'><strong>Filium.</strong></span> <span class='ocrx_word' id='word_1_268' title='bbox 2483 1614 2552 1671; x_wconf 87' lang='lat' dir='ltr'><strong>Ut</strong></span> <span class='ocrx_word' id='word_1_269' title='bbox 2601 1626 2731 1683; x_wconf 89' lang='lat' dir='ltr'><strong>puta</strong></span> <span class='ocrx_word' id='word_1_270' title='bbox 2775 1632 2897 1672; x_wconf 93' lang='lat' dir='ltr'><strong>cum</strong></span> <span class='ocrx_word' id='word_1_271' title='bbox 2946 1620 3086 1674; x_wconf 86' lang='lat' dir='ltr'><strong>idem</strong></span> <span class='ocrx_word' id='word_1_272' title='bbox 3132 1632 3286 1676; x_wconf 87' lang='lat' dir='ltr'><strong>sonet</strong></span> <span class='ocrx_word' id='word_1_273' title='bbox 3314 1625 3456 1694; x_wconf 89' lang='lat' dir='ltr'><strong>apud</strong></span> 
     </span>
    </p>
   </div>
   <div class='ocr_carea' id='block_1_34' title="bbox 171 1693 1732 1784">
    <p class='ocr_par' dir='ltr' id='par_1_34' title="bbox 171 1703 1692 1784">
     <span class='ocr_line' id='line_1_34' title="bbox 171 1703 1692 1784; baseline 0.006 -26"><span class='ocrx_word' id='word_1_274' title='bbox 171 1706 244 1758; x_wconf 75' lang='grc' dir='ltr'><strong>τὸ</strong></span> <span class='ocrx_word' id='word_1_275' title='bbox 276 1706 457 1778; x_wconf 89' lang='grc' dir='ltr'>τρίτον</span> <span class='ocrx_word' id='word_1_276' title='bbox 489 1708 684 1762; x_wconf 85' lang='grc' dir='ltr'>ταὺτὸν</span> <span class='ocrx_word' id='word_1_277' title='bbox 734 1703 872 1764; x_wconf 83' lang='grc' dir='ltr'>εἷναι</span> <span class='ocrx_word' id='word_1_278' title='bbox 904 1711 1004 1783; x_wconf 83' lang='grc' dir='ltr'><strong>τῷ,</strong></span> <span class='ocrx_word' id='word_1_279' title='bbox 1029 1714 1126 1767; x_wconf 74' lang='grc' dir='ltr'>καὶ</span> <span class='ocrx_word' id='word_1_280' title='bbox 1157 1713 1300 1779; x_wconf 85' lang='grc' dir='ltr'>Θεὸς</span> <span class='ocrx_word' id='word_1_281' title='bbox 1335 1709 1416 1784; x_wconf 81' lang='grc' dir='ltr'><strong>ἦν</strong></span> <span class='ocrx_word' id='word_1_282' title='bbox 1455 1716 1488 1767; x_wconf 87' lang='grc' dir='ltr'><strong>ό</strong></span> <span class='ocrx_word' id='word_1_283' title='bbox 1527 1712 1692 1780; x_wconf 79' lang='grc' dir='ltr'>Θεὸς,</span> 
     </span>
    </p>
   </div>
   <div class='ocr_carea' id='block_1_35' title="bbox 1860 1693 3458 1784">
    <p class='ocr_par' dir='ltr' id='par_1_35' title="bbox 1874 1693 3458 1782">
     <span class='ocr_line' id='line_1_35' title="bbox 1874 1693 3458 1782; baseline 0.008 -26"><span class='ocrx_word' id='word_1_284' title='bbox 1874 1703 2042 1767; x_wconf 92' lang='lat' dir='ltr'><strong>illum,</strong></span> <span class='ocrx_word' id='word_1_285' title='bbox 2071 1702 2137 1756; x_wconf 83' lang='lat' dir='ltr'><strong><em>In</em></strong></span> <span class='ocrx_word' id='word_1_286' title='bbox 2153 1705 2410 1773; x_wconf 73' lang='lat' dir='ltr'><strong>principio</strong></span> <span class='ocrx_word' id='word_1_287' title='bbox 2449 1714 2561 1758; x_wconf 87' lang='lat' dir='ltr'><strong>erat</strong></span> <span class='ocrx_word' id='word_1_288' title='bbox 2609 1704 2835 1760; x_wconf 79' lang='lat' dir='ltr'><strong>Verbum</strong></span> <span class='ocrx_word' id='word_1_289' title='bbox 2863 1749 2879 1773; x_wconf 93' lang='lat'><strong>,</strong></span> <span class='ocrx_word' id='word_1_290' title='bbox 2912 1724 2976 1764; x_wconf 88' lang='lat' dir='ltr'><strong>ac</strong></span> <span class='ocrx_word' id='word_1_291' title='bbox 3011 1711 3175 1775; x_wconf 91' lang='lat' dir='ltr'><strong>illud,</strong></span> <span class='ocrx_word' id='word_1_292' title='bbox 3206 1711 3270 1765; x_wconf 84' lang='lat' dir='ltr'><strong>In</strong></span> <span class='ocrx_word' id='word_1_293' title='bbox 3311 1693 3458 1782; x_wconf 72' lang='lat' dir='ltr'><strong>prin-</strong></span> 
     </span>
    </p>
   </div>
   <div class='ocr_carea' id='block_1_36' title="bbox 174 1797 1767 1877">
    <p class='ocr_par' dir='ltr' id='par_1_36' title="bbox 174 1797 1767 1877">
     <span class='ocr_line' id='line_1_36' title="bbox 174 1797 1767 1877; baseline 0.001 -22"><span class='ocrx_word' id='word_1_294' title='bbox 174 1797 299 1868; x_wconf 71' lang='grc'><strong>(42)</strong></span> <span class='ocrx_word' id='word_1_295' title='bbox 334 1798 398 1870; x_wconf 81' lang='grc' dir='ltr'><strong>δὴ</strong></span> <span class='ocrx_word' id='word_1_296' title='bbox 437 1799 570 1872; x_wconf 78' lang='grc' dir='ltr'>πρὸς</span> <span class='ocrx_word' id='word_1_297' title='bbox 596 1801 675 1872; x_wconf 84' lang='grc' dir='ltr'><strong>τῷ</strong></span> <span class='ocrx_word' id='word_1_298' title='bbox 707 1803 1068 1876; x_wconf 83' lang='grc' dir='ltr'>ἀσυναρτήτῳ</span> <span class='ocrx_word' id='word_1_299' title='bbox 1097 1805 1190 1858; x_wconf 78' lang='grc' dir='ltr'>καὶ</span> <span class='ocrx_word' id='word_1_300' title='bbox 1221 1803 1654 1877; x_wconf 77' lang='grc' dir='ltr'>παραλογώτατα</span> <span class='ocrx_word' id='word_1_301' title='bbox 1682 1804 1767 1877; x_wconf 72' lang='grc' dir='ltr'>εἴη</span> 
     </span>
    </p>
   </div>
   <div class='ocr_carea' id='block_1_37' title="bbox 173 1892 1767 1969">
    <p class='ocr_par' dir='ltr' id='par_1_37' title="bbox 173 1892 1767 1969">
     <span class='ocr_line' id='line_1_37' title="bbox 173 1892 1767 1969; baseline 0.004 -24"><span class='ocrx_word' id='word_1_302' title='bbox 173 1893 271 1946; x_wconf 81' lang='grc' dir='ltr'><strong>ἄν.</strong></span> <span class='ocrx_word' id='word_1_303' title='bbox 310 1892 434 1956; x_wconf 84' lang='grc' dir='ltr'><strong>Πῶς</strong></span> <span class='ocrx_word' id='word_1_304' title='bbox 464 1893 536 1953; x_wconf 82' lang='grc' dir='ltr'><strong>δὲ,</strong></span> <span class='ocrx_word' id='word_1_305' title='bbox 550 1895 644 1948; x_wconf 73' lang='grc' dir='ltr'>καὶ</span> <span class='ocrx_word' id='word_1_306' title='bbox 669 1894 729 1949; x_wconf 84' lang='grc' dir='ltr'><strong>τὸ</strong></span> <span class='ocrx_word' id='word_1_307' title='bbox 756 1897 953 1950; x_wconf 73' lang='grc' dir='ltr'>πάντα</span> <span class='ocrx_word' id='word_1_308' title='bbox 985 1897 1061 1950; x_wconf 83' lang='grc' dir='ltr'>δι’</span> <span class='ocrx_word' id='word_1_309' title='bbox 1095 1898 1282 1952; x_wconf 84' lang='grc' dir='ltr'>αὑτοῦ</span> <span class='ocrx_word' id='word_1_310' title='bbox 1309 1898 1547 1966; x_wconf 69' lang='grc' dir='ltr'>ἐγένετο</span> <span class='ocrx_word' id='word_1_311' title='bbox 1584 1897 1767 1969; x_wconf 86' lang='grc' dir='ltr'>χώραν</span> 
     </span>
    </p>
   </div>
   <div class='ocr_carea' id='block_1_38' title="bbox 167 1983 1767 2059">
    <p class='ocr_par' dir='ltr' id='par_1_38' title="bbox 167 1983 1767 2059">
     <span class='ocr_line' id='line_1_38' title="bbox 167 1983 1767 2059; baseline 0.003 -24"><span class='ocrx_word' id='word_1_312' title='bbox 167 1983 315 2050; x_wconf 68' lang='grc' dir='ltr'>ἕξει,</span> <span class='ocrx_word' id='word_1_313' title='bbox 363 1984 481 2048; x_wconf 85' lang='grc' dir='ltr'>ὲνὸς</span> <span class='ocrx_word' id='word_1_314' title='bbox 533 1984 686 2050; x_wconf 76' lang='grc' dir='ltr'>ὄντος</span> <span class='ocrx_word' id='word_1_315' title='bbox 741 1987 837 2040; x_wconf 91' lang='grc' dir='ltr'><strong>τοῦ</strong></span> <span class='ocrx_word' id='word_1_316' title='bbox 898 1988 1294 2059; x_wconf 74' lang='grc' dir='ltr'>ὑποκειμένους</span> <span class='ocrx_word' id='word_1_317' title='bbox 1346 1988 1420 2040; x_wconf 85' lang='grc' dir='ltr'><strong>Οὑ</strong></span> <span class='ocrx_word' id='word_1_318' title='bbox 1458 1987 1568 2059; x_wconf 86' lang='grc' dir='ltr'><strong>γὰρ</strong></span> <span class='ocrx_word' id='word_1_319' title='bbox 1627 2006 1645 2038; x_wconf 79' lang='grc' dir='ltr'><strong>ι</strong></span> <span class='ocrx_word' id='word_1_320' title='bbox 1675 1985 1767 2040; x_wconf 86' lang='grc' dir='ltr'><strong>ὑπ’</strong></span> 
     </span>
    </p>
   </div>
   <div class='ocr_carea' id='block_1_39' title="bbox 161 2074 1768 2149">
    <p class='ocr_par' dir='ltr' id='par_1_39' title="bbox 161 2074 1768 2149">
     <span class='ocr_line' id='line_1_39' title="bbox 161 2074 1768 2149; baseline 0.003 -22"><span class='ocrx_word' id='word_1_321' title='bbox 161 2074 348 2129; x_wconf 62' lang='grc' dir='ltr'>αὑτοῦ</span> <span class='ocrx_word' id='word_1_322' title='bbox 381 2095 400 2128; x_wconf 85' lang='grc'><strong>›</strong></span> <span class='ocrx_word' id='word_1_323' title='bbox 435 2077 621 2148; x_wconf 77' lang='grc' dir='ltr'>φησὶν,</span> <span class='ocrx_word' id='word_1_324' title='bbox 653 2077 762 2130; x_wconf 81' lang='grc' dir='ltr'><strong>οὐδ’</strong></span> <span class='ocrx_word' id='word_1_325' title='bbox 793 2097 810 2129; x_wconf 84' lang='grc' dir='ltr'><strong>ι</strong></span> <span class='ocrx_word' id='word_1_326' title='bbox 832 2078 891 2143; x_wconf 77' lang='grc' dir='ltr'>ἐξ</span> <span class='ocrx_word' id='word_1_327' title='bbox 922 2078 1084 2133; x_wconf 89' lang='grc' dir='ltr'>αὑτοῦ</span> <span class='ocrx_word' id='word_1_328' title='bbox 1110 2098 1129 2130; x_wconf 73' lang='grc' dir='ltr'><strong>ι</strong></span> <span class='ocrx_word' id='word_1_329' title='bbox 1171 2077 1240 2132; x_wconf 82' lang='grc' dir='ltr'><strong>τὰ</strong></span> <span class='ocrx_word' id='word_1_330' title='bbox 1285 2078 1462 2132; x_wconf 85' lang='grc' dir='ltr'>πάντα</span> <span class='ocrx_word' id='word_1_331' title='bbox 1509 2078 1768 2149; x_wconf 82' lang='grc' dir='ltr'>γεγεννῆ-</span> 
     </span>
    </p>
   </div>
   <div class='ocr_carea' id='block_1_40' title="bbox 171 2166 1768 2240">
    <p class='ocr_par' dir='ltr' id='par_1_40' title="bbox 171 2166 1768 2240">
     <span class='ocr_line' id='line_1_40' title="bbox 171 2166 1768 2240; baseline 0.001 -20"><span class='ocrx_word' id='word_1_332' title='bbox 171 2166 329 2233; x_wconf 83' lang='grc' dir='ltr'>σθαι,</span> <span class='ocrx_word' id='word_1_333' title='bbox 365 2167 502 2222; x_wconf 81' lang='grc' dir='ltr'><strong>ἀλλά</strong></span> <span class='ocrx_word' id='word_1_334' title='bbox 553 2187 572 2220; x_wconf 79' lang='grc' dir='ltr'><strong>ι</strong></span> <span class='ocrx_word' id='word_1_335' title='bbox 595 2169 662 2222; x_wconf 86' lang='grc' dir='ltr'><strong>δι’</strong></span> <span class='ocrx_word' id='word_1_336' title='bbox 693 2169 879 2223; x_wconf 79' lang='grc' dir='ltr'>αὑτοῦ.</span> <span class='ocrx_word' id='word_1_337' title='bbox 902 2190 920 2221; x_wconf 78' lang='grc' dir='ltr'><strong>ι</strong></span> <span class='ocrx_word' id='word_1_338' title='bbox 977 2171 1041 2224; x_wconf 86' lang='grc' dir='ltr'><strong><em>Ἠ</em></strong></span> <span class='ocrx_word' id='word_1_339' title='bbox 1080 2171 1136 2224; x_wconf 83' lang='grc' dir='ltr'><strong>δὲ</strong></span> <span class='ocrx_word' id='word_1_340' title='bbox 1180 2191 1198 2222; x_wconf 81' lang='grc' dir='ltr'><strong>ι</strong></span> <span class='ocrx_word' id='word_1_341' title='bbox 1225 2171 1310 2224; x_wconf 90' lang='grc' dir='ltr'><strong>διά</strong></span> <span class='ocrx_word' id='word_1_342' title='bbox 1334 2191 1352 2223; x_wconf 74' lang='grc' dir='ltr'><strong>ι</strong></span> <span class='ocrx_word' id='word_1_343' title='bbox 1403 2170 1658 2240; x_wconf 85' lang='grc' dir='ltr'>πρόθεσις</span> <span class='ocrx_word' id='word_1_344' title='bbox 1707 2170 1768 2223; x_wconf 91' lang='grc' dir='ltr'><strong>τὸ</strong></span> 
     </span>
    </p>
   </div>
   <div class='ocr_carea' id='block_1_41' title="bbox 171 2259 1766 2334">
    <p class='ocr_par' dir='ltr' id='par_1_41' title="bbox 171 2259 1766 2334">
     <span class='ocr_line' id='line_1_41' title="bbox 171 2259 1766 2334; baseline 0.002 -23"><span class='ocrx_word' id='word_1_345' title='bbox 171 2259 516 2331; x_wconf 79' lang='grc' dir='ltr'>ὑπηρετικὸν</span> <span class='ocrx_word' id='word_1_346' title='bbox 538 2261 792 2332; x_wconf 84' lang='grc' dir='ltr'>σημαίνει</span> <span class='ocrx_word' id='word_1_347' title='bbox 809 2280 820 2293; x_wconf 90' lang='grc'>·</span> <span class='ocrx_word' id='word_1_348' title='bbox 837 2262 911 2326; x_wconf 85' lang='grc' dir='ltr'>ὡς</span> <span class='ocrx_word' id='word_1_349' title='bbox 929 2264 956 2316; x_wconf 84' lang='grc' dir='ltr'>ὁ</span> <span class='ocrx_word' id='word_1_350' title='bbox 970 2262 1130 2324; x_wconf 87' lang='grc' dir='ltr'>αὑτὸς</span> <span class='ocrx_word' id='word_1_351' title='bbox 1158 2261 1549 2334; x_wconf 84' lang='grc' dir='ltr'>εὐαγγελιστὴς</span> <span class='ocrx_word' id='word_1_352' title='bbox 1563 2260 1766 2333; x_wconf 86' lang='grc' dir='ltr'>προϊὼν</span> 
     </span>
    </p>
   </div>
   <div class='ocr_carea' id='block_1_42' title="bbox 169 2349 1767 2423">
    <p class='ocr_par' dir='ltr' id='par_1_42' title="bbox 169 2349 1767 2423">
     <span class='ocr_line' id='line_1_42' title="bbox 169 2349 1767 2423; baseline 0.001 -20"><span class='ocrx_word' id='word_1_353' title='bbox 169 2349 312 2421; x_wconf 77' lang='grc' dir='ltr'><strong>ἑξῆς</strong></span> <span class='ocrx_word' id='word_1_354' title='bbox 357 2353 651 2423; x_wconf 81' lang='grc' dir='ltr'>παρίστησι</span> <span class='ocrx_word' id='word_1_355' title='bbox 729 2351 939 2421; x_wconf 88' lang='grc' dir='ltr'>λέγων,</span> <span class='ocrx_word' id='word_1_356' title='bbox 983 2352 1014 2405; x_wconf 90' lang='grc' dir='ltr'><em>ὀ</em></span> <span class='ocrx_word' id='word_1_357' title='bbox 1080 2352 1267 2422; x_wconf 74' lang='grc' dir='ltr'>νόμος</span> <span class='ocrx_word' id='word_1_358' title='bbox 1313 2351 1412 2406; x_wconf 85' lang='grc' dir='ltr'><strong>διὰ</strong></span> <span class='ocrx_word' id='word_1_359' title='bbox 1470 2350 1767 2418; x_wconf 70' lang='grc' dir='ltr'>Μωυσέως</span> 
     </span>
    </p>
   </div>
   <div class='ocr_carea' id='block_1_43' title="bbox 165 2441 1764 2512">
    <p class='ocr_par' dir='ltr' id='par_1_43' title="bbox 165 2441 1764 2512">
     <span class='ocr_line' id='line_1_43' title="bbox 165 2441 1764 2512; baseline 0.001 -17"><span class='ocrx_word' id='word_1_360' title='bbox 165 2441 376 2509; x_wconf 77' lang='grc' dir='ltr'>ἐδόθη,</span> <span class='ocrx_word' id='word_1_361' title='bbox 415 2443 450 2509; x_wconf 75' lang='grc' dir='ltr'><strong><em>ἡ</em></strong></span> <span class='ocrx_word' id='word_1_362' title='bbox 477 2443 649 2512; x_wconf 82' lang='grc' dir='ltr'>χάρις</span> <span class='ocrx_word' id='word_1_363' title='bbox 684 2444 783 2497; x_wconf 80' lang='grc' dir='ltr'>καὶ</span> <span class='ocrx_word' id='word_1_364' title='bbox 818 2446 854 2512; x_wconf 81' lang='grc' dir='ltr'>ἡ</span> <span class='ocrx_word' id='word_1_365' title='bbox 888 2443 1138 2511; x_wconf 73' lang='grc' dir='ltr'>ἀλήθεια</span> <span class='ocrx_word' id='word_1_366' title='bbox 1167 2443 1240 2497; x_wconf 85' lang='grc' dir='ltr'>δι’</span> <span class='ocrx_word' id='word_1_367' title='bbox 1282 2442 1477 2512; x_wconf 85' lang='grc' dir='ltr'>Ἰησοῦ</span> <span class='ocrx_word' id='word_1_368' title='bbox 1504 2443 1764 2511; x_wconf 80' lang='grc' dir='ltr'>Χριστοῦ</span> 
     </span>
    </p>
   </div>
   <div class='ocr_carea' id='block_1_44' title="bbox 161 2516 1764 2609">
    <p class='ocr_par' dir='ltr' id='par_1_44' title="bbox 161 2516 1764 2609">
     <span class='ocr_line' id='line_1_44' title="bbox 161 2516 1764 2609; baseline 0.001 -23"><span class='ocrx_word' id='word_1_369' title='bbox 161 2533 432 2601; x_wconf 77' lang='grc' dir='ltr'>ἐγένετο·</span> <span class='ocrx_word' id='word_1_370' title='bbox 466 2534 541 2599; x_wconf 88' lang='grc' dir='ltr'><strong>ὡς</strong></span> <span class='ocrx_word' id='word_1_371' title='bbox 573 2536 684 2607; x_wconf 90' lang='grc' dir='ltr'><strong>γάρ</strong></span> <span class='ocrx_word' id='word_1_372' title='bbox 717 2537 746 2588; x_wconf 84' lang='grc' dir='ltr'>ὁ</span> <span class='ocrx_word' id='word_1_373' title='bbox 776 2536 960 2607; x_wconf 86' lang='grc' dir='ltr'>νόμος,</span> <span class='ocrx_word' id='word_1_374' title='bbox 996 2537 1095 2590; x_wconf 84' lang='grc' dir='ltr'><strong>οὑκ</strong></span> <span class='ocrx_word' id='word_1_375' title='bbox 1141 2537 1216 2590; x_wconf 82' lang='grc' dir='ltr'>ὢν</span> <span class='ocrx_word' id='word_1_376' title='bbox 1258 2535 1618 2609; x_wconf 88' lang='grc' dir='ltr'>ἀνθρώπινος,</span> <span class='ocrx_word' id='word_1_377' title='bbox 1653 2516 1764 2589; x_wconf 79' lang='grc' dir='ltr'>οὐδ’</span> 
     </span>
    </p>
   </div>
   <div class='ocr_carea' id='block_1_45' title="bbox 163 2621 1759 2700">
    <p class='ocr_par' dir='ltr' id='par_1_45' title="bbox 163 2621 1759 2700">
     <span class='ocr_line' id='line_1_45' title="bbox 163 2621 1759 2700; baseline 0.002 -23"><span class='ocrx_word' id='word_1_378' title='bbox 163 2625 288 2695; x_wconf 67' lang='grc'><strong>(43)</strong></span> <span class='ocrx_word' id='word_1_379' title='bbox 335 2621 400 2680; x_wconf 78' lang='grc' dir='ltr'>αὖ</span> <span class='ocrx_word' id='word_1_380' title='bbox 442 2625 541 2679; x_wconf 89' lang='grc' dir='ltr'><strong>τοῦ</strong></span> <span class='ocrx_word' id='word_1_381' title='bbox 571 2627 849 2691; x_wconf 83' lang='grc' dir='ltr'>Μωῡσὲως</span> <span class='ocrx_word' id='word_1_382' title='bbox 896 2628 1177 2700; x_wconf 88' lang='grc' dir='ltr'>ὑπάρχων,</span> <span class='ocrx_word' id='word_1_383' title='bbox 1207 2628 1322 2682; x_wconf 89' lang='grc' dir='ltr'>ἀλλ’</span> <span class='ocrx_word' id='word_1_384' title='bbox 1359 2631 1426 2683; x_wconf 87' lang='grc' dir='ltr'>ὲκ</span> <span class='ocrx_word' id='word_1_385' title='bbox 1472 2627 1566 2682; x_wconf 87' lang='grc' dir='ltr'><strong>τοῦ</strong></span> <span class='ocrx_word' id='word_1_386' title='bbox 1603 2627 1759 2692; x_wconf 87' lang='grc' dir='ltr'>Θεοῦ,</span> 
     </span>
    </p>
   </div>
   <div class='ocr_carea' id='block_1_46' title="bbox 160 2720 1762 2793">
    <p class='ocr_par' dir='ltr' id='par_1_46' title="bbox 160 2720 1762 2793">
     <span class='ocr_line' id='line_1_46' title="bbox 160 2720 1762 2793; baseline 0.001 -20"><span class='ocrx_word' id='word_1_387' title='bbox 160 2720 412 2773; x_wconf 82' lang='grc' dir='ltr'><strong>Μωῦσέα</strong></span> <span class='ocrx_word' id='word_1_388' title='bbox 439 2720 680 2775; x_wconf 90' lang='grc' dir='ltr'>διάκονον</span> <span class='ocrx_word' id='word_1_389' title='bbox 713 2723 805 2774; x_wconf 71' lang='grc' dir='ltr'>καὶ</span> <span class='ocrx_word' id='word_1_390' title='bbox 849 2721 1126 2793; x_wconf 75' lang='grc' dir='ltr'>ὑπηρέτην</span> <span class='ocrx_word' id='word_1_391' title='bbox 1163 2720 1509 2792; x_wconf 77' lang='grc' dir='ltr'>ἐπεγράψατο</span> <span class='ocrx_word' id='word_1_392' title='bbox 1553 2721 1651 2793; x_wconf 83' lang='grc' dir='ltr'>τῆς</span> <span class='ocrx_word' id='word_1_393' title='bbox 1682 2722 1762 2785; x_wconf 77' lang='grc' dir='ltr'>εἰς</span> 
     </span>
    </p>
   </div>
   <div class='ocr_carea' id='block_1_47' title="bbox 158 2809 1763 2886">
    <p class='ocr_par' dir='ltr' id='par_1_47' title="bbox 158 2809 1763 2886">
     <span class='ocr_line' id='line_1_47' title="bbox 158 2809 1763 2886; baseline 0.003 -22"><span class='ocrx_word' id='word_1_394' title='bbox 158 2809 490 2882; x_wconf 77' lang='grc' dir='ltr'>ἀνθρώπους</span> <span class='ocrx_word' id='word_1_395' title='bbox 515 2811 800 2876; x_wconf 78' lang='grc' dir='ltr'>ἐκδόσεως,</span> <span class='ocrx_word' id='word_1_396' title='bbox 835 2813 928 2866; x_wconf 74' lang='grc' dir='ltr'>καὶ</span> <span class='ocrx_word' id='word_1_397' title='bbox 957 2812 1045 2866; x_wconf 89' lang='grc' dir='ltr'>διά</span> <span class='ocrx_word' id='word_1_398' title='bbox 1070 2812 1228 2867; x_wconf 87' lang='grc' dir='ltr'>τοῦτο</span> <span class='ocrx_word' id='word_1_399' title='bbox 1255 2815 1487 2886; x_wconf 73' lang='grc' dir='ltr'>εἴρηται,</span> <span class='ocrx_word' id='word_1_400' title='bbox 1520 2818 1553 2869; x_wconf 85' lang='grc' dir='ltr'><strong>ό</strong></span> <span class='ocrx_word' id='word_1_401' title='bbox 1578 2817 1763 2884; x_wconf 75' lang='grc' dir='ltr'>νόμος</span> 
     </span>
    </p>
   </div>
   <div class='ocr_carea' id='block_1_48' title="bbox 143 2901 1759 2980">
    <p class='ocr_par' dir='ltr' id='par_1_48' title="bbox 143 2901 1759 2980">
     <span class='ocr_line' id='line_1_48' title="bbox 143 2901 1759 2980; baseline 0.004 -26"><span class='ocrx_word' id='word_1_402' title='bbox 143 2901 268 2956; x_wconf 77' lang='grc' dir='ltr'><strong>-διὰ</strong></span> <span class='ocrx_word' id='word_1_403' title='bbox 300 2902 598 2969; x_wconf 81' lang='grc' dir='ltr'>Μωῦσέως</span> <span class='ocrx_word' id='word_1_404' title='bbox 636 2903 836 2971; x_wconf 84' lang='grc' dir='ltr'>ἐδόθη,</span> <span class='ocrx_word' id='word_1_405' title='bbox 871 2904 1012 2958; x_wconf 76' lang='grc' dir='ltr'>οὕτω</span> <span class='ocrx_word' id='word_1_406' title='bbox 1050 2907 1144 2958; x_wconf 79' lang='grc' dir='ltr'>καὶ</span> <span class='ocrx_word' id='word_1_407' title='bbox 1183 2907 1216 2978; x_wconf 78' lang='grc' dir='ltr'><strong>ἡ</strong></span> <span class='ocrx_word' id='word_1_408' title='bbox 1259 2907 1418 2978; x_wconf 87' lang='grc' dir='ltr'>χάρις</span> <span class='ocrx_word' id='word_1_409' title='bbox 1471 2907 1536 2960; x_wconf 86' lang='grc' dir='ltr'>δι’</span> <span class='ocrx_word' id='word_1_410' title='bbox 1583 2907 1759 2980; x_wconf 83' lang='grc' dir='ltr'>Ἰησοῦ</span> 
     </span>
    </p>
   </div>
   <div class='ocr_carea' id='block_1_49' title="bbox 1866 1794 3452 1871">
    <p class='ocr_par' dir='ltr' id='par_1_49' title="bbox 1866 1794 3452 1871">
     <span class='ocr_line' id='line_1_49' title="bbox 1866 1794 3452 1871; baseline 0.009 -25"><span class='ocrx_word' id='word_1_411' title='bbox 1866 1795 2007 1862; x_wconf 78' lang='lat' dir='ltr'><strong>cipio</strong></span> <span class='ocrx_word' id='word_1_412' title='bbox 2027 1805 2137 1848; x_wconf 79' lang='lat' dir='ltr'><strong>erat</strong></span> <span class='ocrx_word' id='word_1_413' title='bbox 2159 1794 2320 1849; x_wconf 89' lang='lat' dir='ltr'><strong>Deus.</strong></span> <span class='ocrx_word' id='word_1_414' title='bbox 2343 1795 2408 1848; x_wconf 87' lang='lat' dir='ltr'><strong>Et</strong></span> <span class='ocrx_word' id='word_1_415' title='bbox 2445 1795 2593 1860; x_wconf 89' lang='lat' dir='ltr'><strong>illud,</strong></span> <span class='ocrx_word' id='word_1_416' title='bbox 2625 1795 2690 1849; x_wconf 86' lang='lat' dir='ltr'><strong>Et</strong></span> <span class='ocrx_word' id='word_1_417' title='bbox 2719 1795 2939 1852; x_wconf 81' lang='lat' dir='ltr'><strong>Verbum</strong></span> <span class='ocrx_word' id='word_1_418' title='bbox 2959 1811 3074 1854; x_wconf 89' lang='lat' dir='ltr'><strong>erat</strong></span> <span class='ocrx_word' id='word_1_419' title='bbox 3098 1804 3239 1871; x_wconf 87' lang='lat' dir='ltr'><strong>apud</strong></span> <span class='ocrx_word' id='word_1_420' title='bbox 3261 1803 3452 1870; x_wconf 87' lang='lat' dir='ltr'><strong>Deum,</strong></span> 
     </span>
    </p>
   </div>
   <div class='ocr_carea' id='block_1_50' title="bbox 1870 1878 3448 1960">
    <p class='ocr_par' dir='ltr' id='par_1_50' title="bbox 1870 1878 3448 1960">
     <span class='ocr_line' id='line_1_50' title="bbox 1870 1878 3448 1960; baseline 0.008 -20"><span class='ocrx_word' id='word_1_421' title='bbox 1870 1887 2189 1956; x_wconf 63' lang='lat' dir='ltr'><strong>mquivaleat</strong></span> <span class='ocrx_word' id='word_1_422' title='bbox 2235 1887 2330 1954; x_wconf 78' lang='lat' dir='ltr'><strong>illi,</strong></span> <span class='ocrx_word' id='word_1_423' title='bbox 2364 1878 2432 1942; x_wconf 80' lang='lat' dir='ltr'><strong>Et</strong></span> <span class='ocrx_word' id='word_1_424' title='bbox 2473 1888 2614 1943; x_wconf 87' lang='lat' dir='ltr'><strong>Deus</strong></span> <span class='ocrx_word' id='word_1_425' title='bbox 2655 1902 2766 1944; x_wconf 87' lang='lat' dir='ltr'><strong>erat</strong></span> <span class='ocrx_word' id='word_1_426' title='bbox 2804 1892 2944 1960; x_wconf 78' lang='lat' dir='ltr'><strong>apud</strong></span> <span class='ocrx_word' id='word_1_427' title='bbox 2989 1893 3180 1948; x_wconf 87' lang='lat' dir='ltr'><strong>Deum.</strong></span> <span class='ocrx_word' id='word_1_428' title='bbox 3218 1895 3284 1950; x_wconf 88' lang='lat' dir='ltr'><strong>Et</strong></span> <span class='ocrx_word' id='word_1_429' title='bbox 3317 1898 3448 1954; x_wconf 86' lang='lat' dir='ltr'><strong>illud</strong></span> 
     </span>
    </p>
   </div>
   <div class='ocr_carea' id='block_1_51' title="bbox 1873 1980 3451 2055">
    <p class='ocr_par' dir='ltr' id='par_1_51' title="bbox 1873 1980 3451 2055">
     <span class='ocr_line' id='line_1_51' title="bbox 1873 1980 3451 2055; baseline 0.007 -22"><span class='ocrx_word' id='word_1_430' title='bbox 1873 1981 2088 2034; x_wconf 90' lang='lat' dir='ltr'><strong>tertium</strong></span> <span class='ocrx_word' id='word_1_431' title='bbox 2123 1994 2228 2035; x_wconf 83' lang='lat' dir='ltr'><strong>non</strong></span> <span class='ocrx_word' id='word_1_432' title='bbox 2259 1980 2330 2034; x_wconf 93' lang='lat' dir='ltr'><strong>sit</strong></span> <span class='ocrx_word' id='word_1_433' title='bbox 2354 1980 2496 2036; x_wconf 89' lang='lat' dir='ltr'><strong>aliud</strong></span> <span class='ocrx_word' id='word_1_434' title='bbox 2521 1997 2705 2051; x_wconf 88' lang='lat' dir='ltr'><strong>quam,</strong></span> <span class='ocrx_word' id='word_1_435' title='bbox 2734 1983 2800 2037; x_wconf 84' lang='lat' dir='ltr'><strong>Et</strong></span> <span class='ocrx_word' id='word_1_436' title='bbox 2823 1983 2961 2038; x_wconf 87' lang='lat' dir='ltr'><strong>Deus</strong></span> <span class='ocrx_word' id='word_1_437' title='bbox 2990 1996 3103 2039; x_wconf 88' lang='lat' dir='ltr'><strong>erat</strong></span> <span class='ocrx_word' id='word_1_438' title='bbox 3134 1987 3298 2043; x_wconf 88' lang='lat' dir='ltr'><strong>Deus.</strong></span> <span class='ocrx_word' id='word_1_439' title='bbox 3319 1989 3451 2055; x_wconf 68' lang='lat' dir='ltr'><strong>Quae</strong></span> 
     </span>
    </p>
   </div>
   <div class='ocr_carea' id='block_1_52' title="bbox 1869 2073 3451 2142">
    <p class='ocr_par' dir='ltr' id='par_1_52' title="bbox 1869 2073 3451 2142">
     <span class='ocr_line' id='line_1_52' title="bbox 1869 2073 3451 2142; baseline 0.007 -17"><span class='ocrx_word' id='word_1_440' title='bbox 1869 2081 2130 2142; x_wconf 65' lang='lat' dir='ltr'><strong>praeterea</strong></span> <span class='ocrx_word' id='word_1_441' title='bbox 2167 2073 2312 2141; x_wconf 90' lang='lat' dir='ltr'><strong>quod</strong></span> <span class='ocrx_word' id='word_1_442' title='bbox 2361 2073 2672 2129; x_wconf 65' lang='lat' dir='ltr'><strong>cohaereant</strong></span> <span class='ocrx_word' id='word_1_443' title='bbox 2719 2076 2918 2139; x_wconf 83' lang='lat' dir='ltr'><strong>minus,</strong></span> <span class='ocrx_word' id='word_1_444' title='bbox 2948 2077 3018 2131; x_wconf 89' lang='lat' dir='ltr'><strong>ab</strong></span> <span class='ocrx_word' id='word_1_445' title='bbox 3047 2079 3194 2132; x_wconf 90' lang='lat' dir='ltr'><strong>omni</strong></span> <span class='ocrx_word' id='word_1_446' title='bbox 3234 2081 3451 2136; x_wconf 89' lang='lat' dir='ltr'><strong>ratione</strong></span> 
     </span>
    </p>
   </div>
   <div class='ocr_carea' id='block_1_53' title="bbox 1869 2162 3450 2236">
    <p class='ocr_par' dir='ltr' id='par_1_53' title="bbox 1869 2162 3450 2236">
     <span class='ocr_line' id='line_1_53' title="bbox 1869 2162 3450 2236; baseline 0.004 -18"><span class='ocrx_word' id='word_1_447' title='bbox 1869 2173 1994 2218; x_wconf 88' lang='lat' dir='ltr'><strong>sunt</strong></span> <span class='ocrx_word' id='word_1_448' title='bbox 2024 2162 2372 2218; x_wconf 84' lang='lat' dir='ltr'><strong>alienissima.</strong></span> <span class='ocrx_word' id='word_1_449' title='bbox 2423 2163 2558 2218; x_wconf 85' lang='lat' dir='ltr'><strong>Nam</strong></span> <span class='ocrx_word' id='word_1_450' title='bbox 2587 2181 2820 2234; x_wconf 90' lang='lat' dir='ltr'><strong>quonam</strong></span> <span class='ocrx_word' id='word_1_451' title='bbox 2854 2177 3011 2236; x_wconf 84' lang='lat' dir='ltr'><strong>pacto</strong></span> <span class='ocrx_word' id='word_1_452' title='bbox 3041 2167 3216 2222; x_wconf 90' lang='lat' dir='ltr'><strong>locum</strong></span> <span class='ocrx_word' id='word_1_453' title='bbox 3247 2170 3450 2225; x_wconf 84' lang='lat' dir='ltr'><strong>habere</strong></span> 
     </span>
    </p>
   </div>
   <div class='ocr_carea' id='block_1_54' title="bbox 1869 2256 3451 2328">
    <p class='ocr_par' dir='ltr' id='par_1_54' title="bbox 1869 2256 3451 2328">
     <span class='ocr_line' id='line_1_54' title="bbox 1869 2256 3451 2328; baseline 0.004 -18"><span class='ocrx_word' id='word_1_454' title='bbox 1869 2257 2070 2325; x_wconf 85' lang='lat' dir='ltr'><strong>poterit</strong></span> <span class='ocrx_word' id='word_1_455' title='bbox 2099 2256 2247 2320; x_wconf 90' lang='lat' dir='ltr'><strong>illud,</strong></span> <span class='ocrx_word' id='word_1_456' title='bbox 2278 2256 2474 2311; x_wconf 83' lang='lat' dir='ltr'><strong>Omnia</strong></span> <span class='ocrx_word' id='word_1_457' title='bbox 2503 2274 2595 2327; x_wconf 86' lang='lat' dir='ltr'><strong>per</strong></span> <span class='ocrx_word' id='word_1_458' title='bbox 2619 2259 2792 2327; x_wconf 85' lang='lat' dir='ltr'><strong>ipsum</strong></span> <span class='ocrx_word' id='word_1_459' title='bbox 2821 2259 2964 2328; x_wconf 82' lang='lat' dir='ltr'><strong>[acta</strong></span> <span class='ocrx_word' id='word_1_460' title='bbox 3004 2269 3146 2328; x_wconf 81' lang='lat' dir='ltr'><strong>sunt,</strong></span> <span class='ocrx_word' id='word_1_461' title='bbox 3181 2277 3302 2315; x_wconf 88' lang='lat' dir='ltr'><strong>cum</strong></span> <span class='ocrx_word' id='word_1_462' title='bbox 3331 2262 3451 2317; x_wconf 85' lang='lat' dir='ltr'><strong>uui-</strong></span> 
     </span>
    </p>
   </div>
   <div class='ocr_carea' id='block_1_55' title="bbox 1868 2348 3447 2420">
    <p class='ocr_par' dir='ltr' id='par_1_55' title="bbox 1868 2348 3447 2420">
     <span class='ocr_line' id='line_1_55' title="bbox 1868 2348 3447 2420; baseline 0.005 -19"><span class='ocrx_word' id='word_1_463' title='bbox 1868 2362 1989 2401; x_wconf 90' lang='lat' dir='ltr'><strong>cum</strong></span> <span class='ocrx_word' id='word_1_464' title='bbox 2004 2348 2080 2402; x_wconf 86' lang='lat' dir='ltr'><strong>sit</strong></span> <span class='ocrx_word' id='word_1_465' title='bbox 2101 2350 2475 2418; x_wconf 84' lang='lat' dir='ltr'><strong>suppositum?</strong></span> <span class='ocrx_word' id='word_1_466' title='bbox 2504 2358 2559 2404; x_wconf 92' lang='lat' dir='ltr'><strong>et</strong></span> <span class='ocrx_word' id='word_1_467' title='bbox 2592 2348 2874 2420; x_wconf 89' lang='lat' dir='ltr'><strong>Scriptura</strong></span> <span class='ocrx_word' id='word_1_468' title='bbox 2930 2352 3142 2420; x_wconf 90' lang='lat' dir='ltr'><strong>doceat,</strong></span> <span class='ocrx_word' id='word_1_469' title='bbox 3178 2368 3283 2408; x_wconf 92' lang='lat' dir='ltr'><strong>non</strong></span> <span class='ocrx_word' id='word_1_470' title='bbox 3325 2372 3346 2406; x_wconf 82' lang='grc' dir='ltr'><strong>ι</strong></span> <span class='ocrx_word' id='word_1_471' title='bbox 3379 2355 3447 2409; x_wconf 85' lang='lat' dir='ltr'><strong>ab</strong></span> 
     </span>
    </p>
   </div>
   <div class='ocr_carea' id='block_1_56' title="bbox 1867 2437 3448 2510">
    <p class='ocr_par' dir='ltr' id='par_1_56' title="bbox 1867 2437 3448 2510">
     <span class='ocr_line' id='line_1_56' title="bbox 1867 2437 3448 2510; baseline 0.006 -20"><span class='ocrx_word' id='word_1_472' title='bbox 1867 2437 1985 2492; x_wconf 65' lang='lat' dir='ltr'><strong>illo»</strong></span> <span class='ocrx_word' id='word_1_473' title='bbox 2018 2439 2213 2492; x_wconf 86' lang='lat' dir='ltr'><strong>nedum</strong></span> <span class='ocrx_word' id='word_1_474' title='bbox 2238 2456 2256 2490; x_wconf 85' lang='grc' dir='ltr'><strong>ι</strong></span> <span class='ocrx_word' id='word_1_475' title='bbox 2280 2455 2347 2495; x_wconf 83' lang='lat' dir='ltr'><strong>ex</strong></span> <span class='ocrx_word' id='word_1_476' title='bbox 2368 2441 2515 2504; x_wconf 62' lang='lat' dir='ltr'><strong>illo,»</strong></span> <span class='ocrx_word' id='word_1_477' title='bbox 2557 2442 2650 2496; x_wconf 90' lang='lat' dir='ltr'><strong>sed</strong></span> <span class='ocrx_word' id='word_1_478' title='bbox 2688 2456 2814 2510; x_wconf 76' lang='lat' dir='ltr'><strong>«per</strong></span> <span class='ocrx_word' id='word_1_479' title='bbox 2843 2441 3022 2495; x_wconf 64' lang='lat' dir='ltr'><strong>illum»</strong></span> <span class='ocrx_word' id='word_1_480' title='bbox 3058 2444 3237 2498; x_wconf 87' lang='lat' dir='ltr'><strong>omnia</strong></span> <span class='ocrx_word' id='word_1_481' title='bbox 3280 2443 3448 2501; x_wconf 82' lang='lat' dir='ltr'><strong>fuisse</strong></span> 
     </span>
    </p>
   </div>
   <div class='ocr_carea' id='block_1_57' title="bbox 1866 2512 3444 2604">
    <p class='ocr_par' dir='ltr' id='par_1_57' title="bbox 1866 2512 3444 2604">
     <span class='ocr_line' id='line_1_57' title="bbox 1866 2512 3444 2604; baseline 0.005 -23"><span class='ocrx_word' id='word_1_482' title='bbox 1866 2527 2034 2583; x_wconf 79' lang='lat' dir='ltr'><strong>facta?</strong></span> <span class='ocrx_word' id='word_1_483' title='bbox 2059 2512 2123 2582; x_wconf 66' lang='lat' dir='ltr'><strong>Et</strong></span> <span class='ocrx_word' id='word_1_484' title='bbox 2166 2529 2254 2583; x_wconf 82' lang='lat' dir='ltr'><strong>illa</strong></span> <span class='ocrx_word' id='word_1_485' title='bbox 2285 2532 2702 2601; x_wconf 66' lang='lat' dir='ltr'><strong>praeposititrper</strong></span> <span class='ocrx_word' id='word_1_486' title='bbox 2733 2532 3035 2588; x_wconf 83' lang='lat' dir='ltr'><strong>miuistrale</strong></span> <span class='ocrx_word' id='word_1_487' title='bbox 3065 2533 3195 2602; x_wconf 91' lang='lat' dir='ltr'><strong>quid</strong></span> <span class='ocrx_word' id='word_1_488' title='bbox 3231 2534 3444 2604; x_wconf 83' lang='lat' dir='ltr'><strong>signiti-</strong></span> 
     </span>
    </p>
   </div>
   <div class='ocr_carea' id='block_1_58' title="bbox 1865 2623 3446 2700">
    <p class='ocr_par' dir='ltr' id='par_1_58' title="bbox 1865 2623 3446 2700">
     <span class='ocr_line' id='line_1_58' title="bbox 1865 2623 3446 2700; baseline 0.005 -23"><span class='ocrx_word' id='word_1_489' title='bbox 1865 2630 1970 2686; x_wconf 89' lang='lat' dir='ltr'><strong>cet,</strong></span> <span class='ocrx_word' id='word_1_490' title='bbox 2011 2623 2460 2691; x_wconf 86' lang='lat' dir='ltr'><strong>quemadmodum</strong></span> <span class='ocrx_word' id='word_1_491' title='bbox 2502 2625 2557 2679; x_wconf 90' lang='lat' dir='ltr'><strong>in</strong></span> <span class='ocrx_word' id='word_1_492' title='bbox 2609 2625 2968 2694; x_wconf 86' lang='lat' dir='ltr'><strong>sequentibus</strong></span> <span class='ocrx_word' id='word_1_493' title='bbox 3022 2627 3179 2682; x_wconf 91' lang='lat' dir='ltr'><strong>docet</strong></span> <span class='ocrx_word' id='word_1_494' title='bbox 3212 2643 3446 2700; x_wconf 83' lang='lat' dir='ltr'><strong>evange-</strong></span> 
     </span>
    </p>
   </div>
   <div class='ocr_carea' id='block_1_59' title="bbox 1863 2713 3441 2788">
    <p class='ocr_par' dir='ltr' id='par_1_59' title="bbox 1863 2713 3441 2788">
     <span class='ocr_line' id='line_1_59' title="bbox 1863 2713 3441 2788; baseline 0.003 -20"><span class='ocrx_word' id='word_1_495' title='bbox 1863 2713 2010 2776; x_wconf 90' lang='lat' dir='ltr'><strong>lista,</strong></span> <span class='ocrx_word' id='word_1_496' title='bbox 2051 2715 2318 2782; x_wconf 86' lang='lat' dir='ltr'><strong>inquiens,</strong></span> <span class='ocrx_word' id='word_1_497' title='bbox 2352 2713 2460 2769; x_wconf 75' lang='lat' dir='ltr'><strong>Lex</strong></span> <span class='ocrx_word' id='word_1_498' title='bbox 2481 2731 2574 2777; x_wconf 86' lang='lat' dir='ltr'><strong>per</strong></span> <span class='ocrx_word' id='word_1_499' title='bbox 2615 2714 2848 2786; x_wconf 70' lang='lat' dir='ltr'><strong>Moysen:</strong></span> <span class='ocrx_word' id='word_1_500' title='bbox 2870 2717 2998 2770; x_wconf 87' lang='lat' dir='ltr'><strong>data</strong></span> <span class='ocrx_word' id='word_1_501' title='bbox 3028 2727 3104 2770; x_wconf 84' lang='lat' dir='ltr'><strong>est</strong></span> <span class='ocrx_word' id='word_1_502' title='bbox 3135 2731 3155 2770; x_wconf 86' lang='lat'><strong>.&#39;</strong></span> <span class='ocrx_word' id='word_1_503' title='bbox 3195 2723 3369 2788; x_wconf 84' lang='lat' dir='ltr'><strong>gratia</strong></span> <span class='ocrx_word' id='word_1_504' title='bbox 3390 2729 3441 2774; x_wconf 78' lang='lat' dir='ltr'><strong>et</strong></span> 
     </span>
    </p>
   </div>
   <div class='ocr_carea' id='block_1_60' title="bbox 1863 2803 3441 2873">
    <p class='ocr_par' dir='ltr' id='par_1_60' title="bbox 1863 2803 3441 2873">
     <span class='ocr_line' id='line_1_60' title="bbox 1863 2803 3441 2873; baseline 0.003 -15"><span class='ocrx_word' id='word_1_505' title='bbox 1863 2803 2048 2858; x_wconf 80' lang='lat' dir='ltr'><strong>veritas</strong></span> <span class='ocrx_word' id='word_1_506' title='bbox 2081 2819 2176 2871; x_wconf 84' lang='lat' dir='ltr'><strong>per</strong></span> <span class='ocrx_word' id='word_1_507' title='bbox 2200 2803 2380 2858; x_wconf 72' lang='lat' dir='ltr'><strong>Iesum</strong></span> <span class='ocrx_word' id='word_1_508' title='bbox 2403 2803 2671 2858; x_wconf 80' lang='lat' dir='ltr'><strong>Christum</strong></span> <span class='ocrx_word' id='word_1_509' title='bbox 2701 2804 2846 2872; x_wconf 79' lang='lat' dir='ltr'><strong>facta</strong></span> <span class='ocrx_word' id='word_1_510' title='bbox 2874 2815 2951 2859; x_wconf 85' lang='lat' dir='ltr'><strong>est</strong></span> <span class='ocrx_word' id='word_1_511' title='bbox 2980 2806 3046 2860; x_wconf 74' lang='grc'><strong>⁸⁷.</strong></span> <span class='ocrx_word' id='word_1_512' title='bbox 3079 2807 3441 2873; x_wconf 87' lang='lat' dir='ltr'><strong>Quemadmo-</strong></span> 
     </span>
    </p>
   </div>
   <div class='ocr_carea' id='block_1_61' title="bbox 1863 2894 3440 2968">
    <p class='ocr_par' dir='ltr' id='par_1_61' title="bbox 1863 2894 3440 2968">
     <span class='ocr_line' id='line_1_61' title="bbox 1863 2894 3440 2968; baseline 0.003 -19"><span class='ocrx_word' id='word_1_513' title='bbox 1863 2895 1990 2950; x_wconf 93' lang='lat' dir='ltr'><strong>dum</strong></span> <span class='ocrx_word' id='word_1_514' title='bbox 2020 2896 2162 2949; x_wconf 90' lang='lat' dir='ltr'><strong>enim</strong></span> <span class='ocrx_word' id='word_1_515' title='bbox 2194 2894 2302 2963; x_wconf 81' lang='lat' dir='ltr'><strong>lex,</strong></span> <span class='ocrx_word' id='word_1_516' title='bbox 2349 2909 2456 2950; x_wconf 93' lang='lat' dir='ltr'><strong>non</strong></span> <span class='ocrx_word' id='word_1_517' title='bbox 2506 2895 2592 2949; x_wconf 90' lang='lat' dir='ltr'><strong>illa</strong></span> <span class='ocrx_word' id='word_1_518' title='bbox 2627 2895 2905 2950; x_wconf 89' lang='lat' dir='ltr'><strong>hominum</strong></span> <span class='ocrx_word' id='word_1_519' title='bbox 2937 2896 3019 2951; x_wconf 88' lang='lat' dir='ltr'><strong>vel</strong></span> <span class='ocrx_word' id='word_1_520' title='bbox 3065 2897 3263 2968; x_wconf 82' lang='lat' dir='ltr'><strong>Moysis</strong></span> <span class='ocrx_word' id='word_1_521' title='bbox 3291 2899 3440 2954; x_wconf 80' lang='lat' dir='ltr'><strong>exsi-</strong></span> 
     </span>
    </p>
   </div>
   <div class='ocr_carea' id='block_1_62' title="bbox 157 2985 1732 3083">
    <p class='ocr_par' dir='ltr' id='par_1_62' title="bbox 157 2994 1732 3070">
     <span class='ocr_line' id='line_1_62' title="bbox 157 2994 1732 3070; baseline 0.004 -24"><span class='ocrx_word' id='word_1_522' title='bbox 157 2994 405 3067; x_wconf 84' lang='grc' dir='ltr'>Χριστοῦ</span> <span class='ocrx_word' id='word_1_523' title='bbox 431 2995 667 3063; x_wconf 79' lang='grc' dir='ltr'>ἐγένετο,</span> <span class='ocrx_word' id='word_1_524' title='bbox 697 2995 792 3049; x_wconf 87' lang='grc' dir='ltr'><strong>τοῦ</strong></span> <span class='ocrx_word' id='word_1_525' title='bbox 819 2997 1031 3068; x_wconf 89' lang='grc' dir='ltr'>Πατρὸς</span> <span class='ocrx_word' id='word_1_526' title='bbox 1063 2997 1230 3069; x_wconf 80' lang='grc' dir='ltr'>αὐτὴν</span> <span class='ocrx_word' id='word_1_527' title='bbox 1273 2998 1362 3052; x_wconf 89' lang='grc' dir='ltr'>διά</span> <span class='ocrx_word' id='word_1_528' title='bbox 1391 2997 1485 3051; x_wconf 89' lang='grc' dir='ltr'><strong>τοῦ</strong></span> <span class='ocrx_word' id='word_1_529' title='bbox 1519 3001 1732 3070; x_wconf 80' lang='grc' dir='ltr'>Χριστοὶ</span> 
     </span>
    </p>
   </div>
   <div class='ocr_carea' id='block_1_63' title="bbox 1860 2985 3440 3083">
    <p class='ocr_par' dir='ltr' id='par_1_63' title="bbox 1862 2985 3440 3052">
     <span class='ocr_line' id='line_1_63' title="bbox 1862 2985 3440 3052; baseline 0.003 -11"><span class='ocrx_word' id='word_1_530' title='bbox 1862 2997 2030 3052; x_wconf 90' lang='lat' dir='ltr'><strong>stens,</strong></span> <span class='ocrx_word' id='word_1_531' title='bbox 2052 2989 2146 3041; x_wconf 90' lang='lat' dir='ltr'><strong>sed</strong></span> <span class='ocrx_word' id='word_1_532' title='bbox 2175 2986 2292 3049; x_wconf 89' lang='lat' dir='ltr'><strong>Dei,</strong></span> <span class='ocrx_word' id='word_1_533' title='bbox 2318 2987 2405 3041; x_wconf 86' lang='lat' dir='ltr'><strong>cui</strong></span> <span class='ocrx_word' id='word_1_534' title='bbox 2441 2985 2688 3040; x_wconf 87' lang='lat' dir='ltr'><strong>minister</strong></span> <span class='ocrx_word' id='word_1_535' title='bbox 2707 2995 2761 3041; x_wconf 90' lang='lat' dir='ltr'><strong>et</strong></span> <span class='ocrx_word' id='word_1_536' title='bbox 2788 3001 2977 3042; x_wconf 88' lang='lat' dir='ltr'><strong>servus</strong></span> <span class='ocrx_word' id='word_1_537' title='bbox 2995 2987 3440 3046; x_wconf 84' lang='lat' dir='ltr'><strong>subministrabat</strong></span> 
     </span>
    </p>
   </div>
   <div class='ocr_carea' id='block_1_64' title="bbox 147 3077 3440 3167">
    <p class='ocr_par' dir='ltr' id='par_1_64' title="bbox 147 3077 3440 3167">
     <span class='ocr_line' id='line_1_64' title="bbox 147 3077 3440 3167; baseline 0.004 -44"><span class='ocrx_word' id='word_1_538' title='bbox 147 3091 963 3162; x_wconf 44' lang='lat' dir='ltr'><strong>~mtsmacapévouggwgw;</strong></span> <span class='ocrx_word' id='word_1_539' title='bbox 987 3087 1080 3147; x_wconf 71' lang='grc' dir='ltr'><strong>οὖν</strong></span> <span class='ocrx_word' id='word_1_540' title='bbox 1109 3093 1322 3167; x_wconf 61' lang='grc' dir='ltr'><strong>εἴρηται</strong></span> <span class='ocrx_word' id='word_1_541' title='bbox 1345 3095 1436 3148; x_wconf 57' lang='grc' dir='ltr'>καὶ</span> <span class='ocrx_word' id='word_1_542' title='bbox 1452 3095 1533 3161; x_wconf 51' lang='grc' dir='ltr'><strong>τὸ,</strong></span> <span class='ocrx_word' id='word_1_543' title='bbox 1553 3095 1756 3151; x_wconf 71' lang='grc' dir='ltr'><em>Πάντα</em></span> <span class='ocrx_word' id='word_1_544' title='bbox 1792 3077 1826 3083; x_wconf 76' lang='grc'><strong><em>“</em></strong></span> <span class='ocrx_word' id='word_1_545' title='bbox 1859 3078 2094 3150; x_wconf 77' lang='lat' dir='ltr'><strong>Moyses,</strong></span> <span class='ocrx_word' id='word_1_546' title='bbox 2123 3088 2184 3133; x_wconf 91' lang='lat' dir='ltr'><strong>ut</strong></span> <span class='ocrx_word' id='word_1_547' title='bbox 2232 3077 2321 3132; x_wconf 90' lang='lat' dir='ltr'><strong>illa</strong></span> <span class='ocrx_word' id='word_1_548' title='bbox 2361 3077 2430 3133; x_wconf 84' lang='lat' dir='ltr'><strong>ad</strong></span> <span class='ocrx_word' id='word_1_549' title='bbox 2463 3079 2707 3134; x_wconf 88' lang='lat' dir='ltr'><strong>homines</strong></span> <span class='ocrx_word' id='word_1_550' title='bbox 2750 3080 3186 3149; x_wconf 85' lang='lat' dir='ltr'><strong>promulgaretur</strong></span> <span class='ocrx_word' id='word_1_551' title='bbox 3223 3098 3238 3136; x_wconf 87' lang='lat'><strong>:</strong></span> <span class='ocrx_word' id='word_1_552' title='bbox 3274 3091 3440 3151; x_wconf 85' lang='lat' dir='ltr'><strong>atque</strong></span> 
     </span>
    </p>
   </div>
   <div class='ocr_carea' id='block_1_65' title="bbox 153 3178 1750 3258">
    <p class='ocr_par' dir='ltr' id='par_1_65' title="bbox 153 3178 1750 3258">
     <span class='ocr_line' id='line_1_65' title="bbox 153 3178 1750 3258; baseline 0.006 -26"><span class='ocrx_word' id='word_1_553' title='bbox 153 3178 239 3232; x_wconf 74' lang='grc' dir='ltr'><strong>δι’</strong></span> <span class='ocrx_word' id='word_1_554' title='bbox 274 3180 460 3234; x_wconf 84' lang='grc' dir='ltr'>αὐτοῦ</span> <span class='ocrx_word' id='word_1_555' title='bbox 491 3181 763 3250; x_wconf 77' lang='grc' dir='ltr'>ἐγένετο’</span> <span class='ocrx_word' id='word_1_556' title='bbox 822 3182 934 3253; x_wconf 73' lang='grc'><strong>(44)</strong></span> <span class='ocrx_word' id='word_1_557' title='bbox 977 3184 1170 3257; x_wconf 80' lang='grc' dir='ltr'>’ἐτέρου</span> <span class='ocrx_word' id='word_1_558' title='bbox 1225 3187 1322 3256; x_wconf 88' lang='grc' dir='ltr'>μὲν</span> <span class='ocrx_word' id='word_1_559' title='bbox 1366 3188 1750 3258; x_wconf 83' lang='grc' dir='ltr'>πεποιηκότος,</span> 
     </span>
    </p>
   </div>
   <div class='ocr_carea' id='block_1_66' title="bbox 147 3267 1752 3348">
    <p class='ocr_par' dir='ltr' id='par_1_66' title="bbox 147 3267 1752 3348">
     <span class='ocr_line' id='line_1_66' title="bbox 147 3267 1752 3348; baseline 0.006 -26"><span class='ocrx_word' id='word_1_560' title='bbox 147 3267 330 3322; x_wconf 72' lang='grc' dir='ltr'>αὑτοῦ</span> <span class='ocrx_word' id='word_1_561' title='bbox 381 3269 438 3323; x_wconf 80' lang='grc' dir='ltr'><strong>δὲ</strong></span> <span class='ocrx_word' id='word_1_562' title='bbox 484 3269 946 3343; x_wconf 83' lang='grc' dir='ltr'>διακονησαμένου</span> <span class='ocrx_word' id='word_1_563' title='bbox 974 3289 986 3301; x_wconf 89' lang='grc'><strong>·</strong></span> <span class='ocrx_word' id='word_1_564' title='bbox 1041 3272 1173 3326; x_wconf 82' lang='grc' dir='ltr'>ὥσθ’</span> <span class='ocrx_word' id='word_1_565' title='bbox 1212 3273 1398 3348; x_wconf 70' lang='grc' dir='ltr'>ἕτερον</span> <span class='ocrx_word' id='word_1_566' title='bbox 1437 3275 1619 3348; x_wconf 81' lang='grc' dir='ltr'>ζητεῖν</span> <span class='ocrx_word' id='word_1_567' title='bbox 1660 3277 1752 3332; x_wconf 83' lang='grc' dir='ltr'><strong>τὸν</strong></span> 
     </span>
    </p>
   </div>
   <div class='ocr_carea' id='block_1_67' title="bbox 147 3363 1751 3439">
    <p class='ocr_par' dir='ltr' id='par_1_67' title="bbox 147 3363 1751 3439">
     <span class='ocr_line' id='line_1_67' title="bbox 147 3363 1751 3439; baseline 0.006 -25"><span class='ocrx_word' id='word_1_568' title='bbox 147 3363 398 3435; x_wconf 80' lang='grc' dir='ltr'>’ποιητὴν</span> <span class='ocrx_word' id='word_1_569' title='bbox 429 3364 538 3418; x_wconf 87' lang='grc' dir='ltr'>τῶν</span> <span class='ocrx_word' id='word_1_570' title='bbox 596 3365 753 3430; x_wconf 86' lang='grc' dir='ltr'>ὅλων,</span> <span class='ocrx_word' id='word_1_571' title='bbox 805 3367 894 3420; x_wconf 88' lang='grc' dir='ltr'><strong>τὸν</strong></span> <span class='ocrx_word' id='word_1_572' title='bbox 935 3366 1025 3420; x_wconf 82' lang='grc' dir='ltr'><strong>διὰ</strong></span> <span class='ocrx_word' id='word_1_573' title='bbox 1069 3367 1161 3420; x_wconf 86' lang='grc' dir='ltr'><strong>τοῦ</strong></span> <span class='ocrx_word' id='word_1_574' title='bbox 1216 3368 1634 3439; x_wconf 86' lang='grc' dir='ltr'>θεολογουμένου</span> <span class='ocrx_word' id='word_1_575' title='bbox 1681 3369 1751 3423; x_wconf 83' lang='grc' dir='ltr'>τὰ</span> 
     </span>
    </p>
   </div>
   <div class='ocr_carea' id='block_1_68' title="bbox 153 3455 1746 3530">
    <p class='ocr_par' dir='ltr' id='par_1_68' title="bbox 153 3455 1746 3530">
     <span class='ocr_line' id='line_1_68' title="bbox 153 3455 1746 3530; baseline 0.004 -21"><span class='ocrx_word' id='word_1_576' title='bbox 153 3455 345 3509; x_wconf 80' lang='grc' dir='ltr'>πάντα</span> <span class='ocrx_word' id='word_1_577' title='bbox 378 3457 843 3528; x_wconf 82' lang='grc' dir='ltr'>ὑποστησάμενον.</span> <span class='ocrx_word' id='word_1_578' title='bbox 903 3459 1014 3512; x_wconf 75' lang='grc' dir='ltr'><strong>Καὶ</strong></span> <span class='ocrx_word' id='word_1_579' title='bbox 1060 3458 1144 3522; x_wconf 88' lang='grc' dir='ltr'><strong>τίς</strong></span> <span class='ocrx_word' id='word_1_580' title='bbox 1193 3458 1259 3514; x_wconf 83' lang='grc' dir='ltr'>ἂν</span> <span class='ocrx_word' id='word_1_581' title='bbox 1299 3461 1508 3530; x_wconf 81' lang='grc' dir='ltr'>γένοιτο</span> <span class='ocrx_word' id='word_1_582' title='bbox 1552 3455 1746 3529; x_wconf 74' lang='grc' dir='ltr'>οὗτος;</span> 
     </span>
    </p>
   </div>
   <div class='ocr_carea' id='block_1_69' title="bbox 171 3547 1749 3625">
    <p class='ocr_par' dir='ltr' id='par_1_69' title="bbox 171 3547 1749 3625">
     <span class='ocr_line' id='line_1_69' title="bbox 171 3547 1749 3625; baseline 0.006 -26"><span class='ocrx_word' id='word_1_583' title='bbox 171 3548 315 3600; x_wconf 82' lang='grc' dir='ltr'>Ἀλλ’</span> <span class='ocrx_word' id='word_1_584' title='bbox 345 3549 446 3603; x_wconf 84' lang='grc' dir='ltr'>οὐκ</span> <span class='ocrx_word' id='word_1_585' title='bbox 487 3549 554 3603; x_wconf 86' lang='grc' dir='ltr'>ἂν</span> <span class='ocrx_word' id='word_1_586' title='bbox 583 3550 693 3621; x_wconf 75' lang='grc' dir='ltr'>ἔχοι</span> <span class='ocrx_word' id='word_1_587' title='bbox 721 3553 914 3605; x_wconf 85' lang='grc' dir='ltr'>είπεῖν.</span> <span class='ocrx_word' id='word_1_588' title='bbox 947 3547 1048 3604; x_wconf 84' lang='grc' dir='ltr'>Ὦν</span> <span class='ocrx_word' id='word_1_589' title='bbox 1075 3552 1248 3616; x_wconf 83' lang='grc' dir='ltr'>οὑτως</span> <span class='ocrx_word' id='word_1_590' title='bbox 1275 3554 1528 3624; x_wconf 83' lang='grc' dir='ltr'>ἐχόντων,</span> <span class='ocrx_word' id='word_1_591' title='bbox 1560 3555 1749 3625; x_wconf 81' lang='grc' dir='ltr'>ὁμολο-</span> 
     </span>
    </p>
   </div>
   <div class='ocr_carea' id='block_1_70' title="bbox 144 3639 1746 3714">
    <p class='ocr_par' dir='ltr' id='par_1_70' title="bbox 144 3639 1746 3714">
     <span class='ocr_line' id='line_1_70' title="bbox 144 3639 1746 3714; baseline 0.004 -23"><span class='ocrx_word' id='word_1_592' title='bbox 144 3643 276 3707; x_wconf 66' lang='grc' dir='ltr'>’γεῖν</span> <span class='ocrx_word' id='word_1_593' title='bbox 317 3639 528 3711; x_wconf 81' lang='grc' dir='ltr'>ἀνάγκη</span> <span class='ocrx_word' id='word_1_594' title='bbox 587 3641 678 3694; x_wconf 84' lang='grc' dir='ltr'><strong>τὸν</strong></span> <span class='ocrx_word' id='word_1_595' title='bbox 725 3641 1140 3714; x_wconf 79' lang='grc' dir='ltr'>θεολογούμενον</span> <span class='ocrx_word' id='word_1_596' title='bbox 1185 3643 1289 3697; x_wconf 88' lang='grc' dir='ltr'><strong>ὑπὸ</strong></span> <span class='ocrx_word' id='word_1_597' title='bbox 1321 3643 1416 3697; x_wconf 87' lang='grc' dir='ltr'><strong>τοῦ</strong></span> <span class='ocrx_word' id='word_1_598' title='bbox 1460 3645 1746 3714; x_wconf 83' lang='grc' dir='ltr'>εὐαγγελι-</span> 
     </span>
    </p>
   </div>
   <div class='ocr_carea' id='block_1_71' title="bbox 156 3729 1745 3808">
    <p class='ocr_par' dir='ltr' id='par_1_71' title="bbox 156 3729 1745 3808">
     <span class='ocr_line' id='line_1_71' title="bbox 156 3729 1745 3808; baseline 0.006 -26"><span class='ocrx_word' id='word_1_599' title='bbox 156 3729 290 3783; x_wconf 85' lang='grc' dir='ltr'>στοῦ</span> <span class='ocrx_word' id='word_1_600' title='bbox 335 3732 409 3802; x_wconf 83' lang='grc' dir='ltr'>μὴ</span> <span class='ocrx_word' id='word_1_601' title='bbox 450 3732 540 3784; x_wconf 89' lang='grc' dir='ltr'><strong>τὸν</strong></span> <span class='ocrx_word' id='word_1_602' title='bbox 577 3733 669 3786; x_wconf 73' lang='grc' dir='ltr'><strong>ἐπὶ</strong></span> <span class='ocrx_word' id='word_1_603' title='bbox 694 3733 912 3788; x_wconf 90' lang='grc' dir='ltr'>πάντων</span> <span class='ocrx_word' id='word_1_604' title='bbox 941 3730 1081 3789; x_wconf 72' lang='grc' dir='ltr'>εἶναι</span> <span class='ocrx_word' id='word_1_605' title='bbox 1112 3734 1244 3790; x_wconf 85' lang='grc' dir='ltr'>Θεὸν</span> <span class='ocrx_word' id='word_1_606' title='bbox 1263 3777 1276 3802; x_wconf 93' lang='grc'><strong>,</strong></span> <span class='ocrx_word' id='word_1_607' title='bbox 1316 3736 1436 3808; x_wconf 83' lang='grc' dir='ltr'>μηδ’</span> <span class='ocrx_word' id='word_1_608' title='bbox 1466 3737 1626 3791; x_wconf 90' lang='grc' dir='ltr'>αὑτὸν</span> <span class='ocrx_word' id='word_1_609' title='bbox 1654 3737 1745 3791; x_wconf 85' lang='grc' dir='ltr'><strong>τὸν</strong></span> 
     </span>
    </p>
   </div>
   <div class='ocr_carea' id='block_1_72' title="bbox 153 3821 1743 3902">
    <p class='ocr_par' dir='ltr' id='par_1_72' title="bbox 153 3821 1743 3902">
     <span class='ocr_line' id='line_1_72' title="bbox 153 3821 1743 3902; baseline 0.005 -29"><span class='ocrx_word' id='word_1_610' title='bbox 153 3821 399 3892; x_wconf 79' lang='grc' dir='ltr'>Πατέρα,</span> <span class='ocrx_word' id='word_1_611' title='bbox 433 3822 524 3877; x_wconf 87' lang='grc' dir='ltr'><strong>τὸν</strong></span> <span class='ocrx_word' id='word_1_612' title='bbox 568 3823 625 3876; x_wconf 86' lang='grc' dir='ltr'>δὲ</span> <span class='ocrx_word' id='word_1_613' title='bbox 655 3823 844 3878; x_wconf 87' lang='grc' dir='ltr'>τούτου</span> <span class='ocrx_word' id='word_1_614' title='bbox 889 3829 1149 3898; x_wconf 82' lang='grc' dir='ltr'>μονογενῆ</span> <span class='ocrx_word' id='word_1_615' title='bbox 1179 3827 1308 3880; x_wconf 88' lang='grc' dir='ltr'>Υἰὸν</span> <span class='ocrx_word' id='word_1_616' title='bbox 1327 3868 1342 3891; x_wconf 92' lang='grc'><strong>,</strong></span> <span class='ocrx_word' id='word_1_617' title='bbox 1377 3828 1436 3880; x_wconf 88' lang='grc' dir='ltr'><strong>οὑ</strong></span> <span class='ocrx_word' id='word_1_618' title='bbox 1467 3828 1743 3902; x_wconf 76' lang='grc' dir='ltr'>συμϐεϐη-</span> 
     </span>
    </p>
   </div>
   <div class='ocr_carea' id='block_1_73' title="bbox 148 3911 1740 3990">
    <p class='ocr_par' dir='ltr' id='par_1_73' title="bbox 148 3911 1740 3990">
     <span class='ocr_line' id='line_1_73' title="bbox 148 3911 1740 3990; baseline 0.007 -26"><span class='ocrx_word' id='word_1_619' title='bbox 148 3911 291 3965; x_wconf 76' lang='grc' dir='ltr'>γότα</span> <span class='ocrx_word' id='word_1_620' title='bbox 314 3911 390 3982; x_wconf 81' lang='grc' dir='ltr'><strong>τῷ</strong></span> <span class='ocrx_word' id='word_1_621' title='bbox 407 3912 599 3986; x_wconf 73' lang='grc' dir='ltr'>Πατρὶ,</span> <span class='ocrx_word' id='word_1_622' title='bbox 627 3915 758 3980; x_wconf 84' lang='grc' dir='ltr'>οὐδ’,</span> <span class='ocrx_word' id='word_1_623' title='bbox 774 3915 849 3978; x_wconf 87' lang='grc' dir='ltr'>ὼς</span> <span class='ocrx_word' id='word_1_624' title='bbox 872 3917 929 3968; x_wconf 81' lang='grc' dir='ltr'>ὲν</span> <span class='ocrx_word' id='word_1_625' title='bbox 953 3917 1317 3989; x_wconf 83' lang='grc' dir='ltr'>ὑποκειμένῳ,</span> <span class='ocrx_word' id='word_1_626' title='bbox 1343 3919 1398 3971; x_wconf 79' lang='grc' dir='ltr'>ὲν</span> <span class='ocrx_word' id='word_1_627' title='bbox 1421 3919 1570 3990; x_wconf 87' lang='grc' dir='ltr'><strong>αὑτῷ</strong></span> <span class='ocrx_word' id='word_1_628' title='bbox 1591 3919 1740 3984; x_wconf 78' lang='grc' dir='ltr'>ὅντα,</span> 
     </span>
    </p>
   </div>
   <div class='ocr_carea' id='block_1_74' title="bbox 142 4003 1744 4080">
    <p class='ocr_par' dir='ltr' id='par_1_74' title="bbox 142 4003 1744 4080">
     <span class='ocr_line' id='line_1_74' title="bbox 142 4003 1744 4080; baseline 0.002 -23"><span class='ocrx_word' id='word_1_629' title='bbox 142 4003 278 4080; x_wconf 69' lang='grc' dir='ltr'>οὑδὲ</span> <span class='ocrx_word' id='word_1_630' title='bbox 326 4003 384 4054; x_wconf 80' lang='grc' dir='ltr'>ἓν</span> <span class='ocrx_word' id='word_1_631' title='bbox 430 4004 524 4056; x_wconf 76' lang='grc' dir='ltr'>καὶ</span> <span class='ocrx_word' id='word_1_632' title='bbox 569 4005 766 4058; x_wconf 88' lang='grc' dir='ltr'>ταὺτὸν</span> <span class='ocrx_word' id='word_1_633' title='bbox 803 4004 881 4076; x_wconf 84' lang='grc' dir='ltr'>τῷ</span> <span class='ocrx_word' id='word_1_634' title='bbox 928 4005 1044 4077; x_wconf 87' lang='grc' dir='ltr'>Θεῷ</span> <span class='ocrx_word' id='word_1_635' title='bbox 1088 4006 1236 4072; x_wconf 75' lang='grc' dir='ltr'>ὄντα,</span> <span class='ocrx_word' id='word_1_636' title='bbox 1281 4007 1409 4060; x_wconf 83' lang='grc' dir='ltr'>Υίὸν</span> <span class='ocrx_word' id='word_1_637' title='bbox 1454 4007 1500 4060; x_wconf 86' lang='grc' dir='ltr'><strong>δ’</strong></span> <span class='ocrx_word' id='word_1_638' title='bbox 1528 4008 1744 4080; x_wconf 82' lang='grc' dir='ltr'>ἀληθῶς</span> 
     </span>
    </p>
   </div>
   <div class='ocr_carea' id='block_1_75' title="bbox 145 4074 1742 4171">
    <p class='ocr_par' dir='ltr' id='par_1_75' title="bbox 145 4074 1742 4171">
     <span class='ocr_line' id='line_1_75' title="bbox 145 4074 1742 4171; baseline 0.004 -24"><span class='ocrx_word' id='word_1_639' title='bbox 145 4074 304 4159; x_wconf 70' lang='grc' dir='ltr'>ὅντα,</span> <span class='ocrx_word' id='word_1_640' title='bbox 342 4092 517 4158; x_wconf 78' lang='grc' dir='ltr'>ζῶντα</span> <span class='ocrx_word' id='word_1_641' title='bbox 573 4098 666 4149; x_wconf 74' lang='grc' dir='ltr'>καὶ</span> <span class='ocrx_word' id='word_1_642' title='bbox 713 4074 1104 4166; x_wconf 30' lang='grc' dir='ltr'>ὑφεστῶτα-ὲν</span> <span class='ocrx_word' id='word_1_643' title='bbox 1155 4099 1296 4171; x_wconf 85' lang='grc' dir='ltr'>ἀρχῇ</span> <span class='ocrx_word' id='word_1_644' title='bbox 1344 4117 1402 4153; x_wconf 89' lang='grc' dir='ltr'><strong>τε</strong></span> <span class='ocrx_word' id='word_1_645' title='bbox 1441 4099 1591 4164; x_wconf 71' lang='grc' dir='ltr'>ὄντα,</span> <span class='ocrx_word' id='word_1_646' title='bbox 1620 4074 1742 4154; x_wconf 39' lang='grc' dir='ltr'>’καὶ</span> 
     </span>
    </p>
   </div>
   <div class='ocr_carea' id='block_1_76' title="bbox 147 4184 1740 4259">
    <p class='ocr_par' dir='ltr' id='par_1_76' title="bbox 147 4184 1740 4259">
     <span class='ocr_line' id='line_1_76' title="bbox 147 4184 1740 4259; baseline 0.005 -21"><span class='ocrx_word' id='word_1_647' title='bbox 147 4187 294 4259; x_wconf 83' lang='grc' dir='ltr'>πρὸς</span> <span class='ocrx_word' id='word_1_648' title='bbox 313 4187 402 4239; x_wconf 86' lang='grc' dir='ltr'><strong>τὸν</strong></span> <span class='ocrx_word' id='word_1_649' title='bbox 427 4186 559 4239; x_wconf 89' lang='grc' dir='ltr'>Θεὸν</span> <span class='ocrx_word' id='word_1_650' title='bbox 589 4187 737 4250; x_wconf 77' lang='grc' dir='ltr'>ὄντα,</span> <span class='ocrx_word' id='word_1_651' title='bbox 787 4189 880 4242; x_wconf 78' lang='grc' dir='ltr'>καὶ</span> <span class='ocrx_word' id='word_1_652' title='bbox 906 4189 1037 4243; x_wconf 86' lang='grc' dir='ltr'>Θεὸν</span> <span class='ocrx_word' id='word_1_653' title='bbox 1071 4189 1219 4256; x_wconf 81' lang='grc' dir='ltr'>ὄντα,</span> <span class='ocrx_word' id='word_1_654' title='bbox 1270 4190 1337 4243; x_wconf 87' lang='grc' dir='ltr'>δι’</span> <span class='ocrx_word' id='word_1_655' title='bbox 1369 4184 1429 4243; x_wconf 75' lang='grc' dir='ltr'><strong>οὗ</strong></span> <span class='ocrx_word' id='word_1_656' title='bbox 1461 4195 1528 4246; x_wconf 90' lang='grc' dir='ltr'><strong>τά</strong></span> <span class='ocrx_word' id='word_1_657' title='bbox 1563 4193 1740 4246; x_wconf 90' lang='grc' dir='ltr'>πάντα</span> 
     </span>
    </p>
   </div>
   <div class='ocr_carea' id='block_1_77' title="bbox 146 4278 1741 4352">
    <p class='ocr_par' dir='ltr' id='par_1_77' title="bbox 146 4278 1741 4352">
     <span class='ocr_line' id='line_1_77' title="bbox 146 4278 1741 4352; baseline 0.002 -20"><span class='ocrx_word' id='word_1_658' title='bbox 146 4279 495 4350; x_wconf 84' lang='grc' dir='ltr'>δημιουργεῖ.</span> <span class='ocrx_word' id='word_1_659' title='bbox 536 4280 625 4342; x_wconf 85' lang='grc' dir='ltr'>Ὠς</span> <span class='ocrx_word' id='word_1_660' title='bbox 667 4278 843 4349; x_wconf 84' lang='grc' dir='ltr'>ὀρθῶς</span> <span class='ocrx_word' id='word_1_661' title='bbox 869 4279 979 4350; x_wconf 76' lang='grc'><strong>(45)</strong></span> <span class='ocrx_word' id='word_1_662' title='bbox 1010 4280 1074 4334; x_wconf 80' lang='grc' dir='ltr'>ἄν</span> <span class='ocrx_word' id='word_1_663' title='bbox 1111 4297 1231 4334; x_wconf 89' lang='grc' dir='ltr'>τινα</span> <span class='ocrx_word' id='word_1_664' title='bbox 1264 4280 1355 4334; x_wconf 76' lang='grc' dir='ltr'><strong>ἐπὶ</strong></span> <span class='ocrx_word' id='word_1_665' title='bbox 1386 4281 1447 4335; x_wconf 83' lang='grc' dir='ltr'><strong>τὸ</strong></span> <span class='ocrx_word' id='word_1_666' title='bbox 1481 4282 1741 4352; x_wconf 87' lang='grc' dir='ltr'>σαφέστε-</span> 
     </span>
    </p>
   </div>
   <div class='ocr_carea' id='block_1_78' title="bbox 1857 3167 3440 3243">
    <p class='ocr_par' dir='ltr' id='par_1_78' title="bbox 1857 3167 3440 3243">
     <span class='ocr_line' id='line_1_78' title="bbox 1857 3167 3440 3243; baseline 0.002 -18"><span class='ocrx_word' id='word_1_667' title='bbox 1857 3170 1979 3226; x_wconf 91' lang='lat' dir='ltr'><strong>ideo</strong></span> <span class='ocrx_word' id='word_1_668' title='bbox 1997 3171 2196 3225; x_wconf 85' lang='lat' dir='ltr'><strong>dictum</strong></span> <span class='ocrx_word' id='word_1_669' title='bbox 2215 3179 2318 3234; x_wconf 88' lang='lat' dir='ltr'><strong>est,</strong></span> <span class='ocrx_word' id='word_1_670' title='bbox 2333 3169 2444 3223; x_wconf 73' lang='lat' dir='ltr'><strong>Lex</strong></span> <span class='ocrx_word' id='word_1_671' title='bbox 2466 3185 2560 3239; x_wconf 84' lang='lat' dir='ltr'><strong>per</strong></span> <span class='ocrx_word' id='word_1_672' title='bbox 2585 3167 2820 3240; x_wconf 75' lang='lat' dir='ltr'><strong>Magum</strong></span> <span class='ocrx_word' id='word_1_673' title='bbox 2846 3172 2972 3223; x_wconf 84' lang='lat' dir='ltr'><strong>data</strong></span> <span class='ocrx_word' id='word_1_674' title='bbox 2989 3172 3111 3240; x_wconf 79' lang='lat' dir='ltr'><strong>fuit.</strong></span> <span class='ocrx_word' id='word_1_675' title='bbox 3130 3171 3206 3226; x_wconf 90' lang='lat' dir='ltr'><strong>Ita</strong></span> <span class='ocrx_word' id='word_1_676' title='bbox 3223 3186 3440 3243; x_wconf 85' lang='lat' dir='ltr'><strong>quoque</strong></span> 
     </span>
    </p>
   </div>
   <div class='ocr_carea' id='block_1_79' title="bbox 1854 3261 3436 3334">
    <p class='ocr_par' dir='ltr' id='par_1_79' title="bbox 1854 3261 3436 3334">
     <span class='ocr_line' id='line_1_79' title="bbox 1854 3261 3436 3334; baseline 0.001 -15"><span class='ocrx_word' id='word_1_677' title='bbox 1854 3272 1910 3319; x_wconf 92' lang='lat' dir='ltr'><strong>et</strong></span> <span class='ocrx_word' id='word_1_678' title='bbox 1948 3263 2121 3334; x_wconf 86' lang='lat' dir='ltr'><strong>gratia</strong></span> <span class='ocrx_word' id='word_1_679' title='bbox 2154 3263 2277 3316; x_wconf 87' lang='lat' dir='ltr'><strong>data</strong></span> <span class='ocrx_word' id='word_1_680' title='bbox 2325 3272 2428 3328; x_wconf 87' lang='lat' dir='ltr'><strong>est,</strong></span> <span class='ocrx_word' id='word_1_681' title='bbox 2469 3261 2611 3331; x_wconf 94' lang='lat' dir='ltr'><strong>quod</strong></span> <span class='ocrx_word' id='word_1_682' title='bbox 2659 3277 2759 3332; x_wconf 90' lang='lat' dir='ltr'><strong>per</strong></span> <span class='ocrx_word' id='word_1_683' title='bbox 2802 3261 3078 3318; x_wconf 88' lang='lat' dir='ltr'><strong>Christum</strong></span> <span class='ocrx_word' id='word_1_684' title='bbox 3113 3264 3274 3320; x_wconf 86' lang='lat' dir='ltr'><strong>Pater</strong></span> <span class='ocrx_word' id='word_1_685' title='bbox 3314 3281 3436 3320; x_wconf 86' lang='lat' dir='ltr'><strong>eam</strong></span> 
     </span>
    </p>
   </div>
   <div class='ocr_carea' id='block_1_80' title="bbox 1854 3353 3436 3424">
    <p class='ocr_par' dir='ltr' id='par_1_80' title="bbox 1854 3353 3436 3424">
     <span class='ocr_line' id='line_1_80' title="bbox 1854 3353 3436 3424; baseline 0.001 -14"><span class='ocrx_word' id='word_1_686' title='bbox 1854 3364 2132 3424; x_wconf 85' lang='lat' dir='ltr'><strong>operatur.</strong></span> <span class='ocrx_word' id='word_1_687' title='bbox 2177 3354 2354 3423; x_wconf 85' lang='lat' dir='ltr'><strong>Atque</strong></span> <span class='ocrx_word' id='word_1_688' title='bbox 2387 3353 2454 3408; x_wconf 90' lang='lat' dir='ltr'><strong>ad</strong></span> <span class='ocrx_word' id='word_1_689' title='bbox 2501 3353 2663 3408; x_wconf 89' lang='lat' dir='ltr'><strong>istum</strong></span> <span class='ocrx_word' id='word_1_690' title='bbox 2700 3354 2918 3408; x_wconf 90' lang='lat' dir='ltr'><strong>modum</strong></span> <span class='ocrx_word' id='word_1_691' title='bbox 2973 3355 3208 3421; x_wconf 86' lang='lat' dir='ltr'><strong>dicitur,</strong></span> <span class='ocrx_word' id='word_1_692' title='bbox 3241 3354 3436 3411; x_wconf 75' lang='lat' dir='ltr'><strong>Omnia</strong></span> 
     </span>
    </p>
   </div>
   <div class='ocr_carea' id='block_1_81' title="bbox 1852 3444 3434 3516">
    <p class='ocr_par' dir='ltr' id='par_1_81' title="bbox 1852 3444 3434 3516">
     <span class='ocr_line' id='line_1_81' title="bbox 1852 3444 3434 3516; baseline 0.001 -16"><span class='ocrx_word' id='word_1_693' title='bbox 1852 3461 1946 3516; x_wconf 84' lang='lat' dir='ltr'><strong>per</strong></span> <span class='ocrx_word' id='word_1_694' title='bbox 1979 3446 2129 3499; x_wconf 81' lang='lat' dir='ltr'><strong>illum</strong></span> <span class='ocrx_word' id='word_1_695' title='bbox 2159 3445 2307 3516; x_wconf 78' lang='lat' dir='ltr'><strong>facta</strong></span> <span class='ocrx_word' id='word_1_696' title='bbox 2329 3456 2448 3499; x_wconf 85' lang='lat' dir='ltr'><strong>sunt</strong></span> <span class='ocrx_word' id='word_1_697' title='bbox 2477 3459 2498 3500; x_wconf 89' lang='lat'><em>:</em></span> <span class='ocrx_word' id='word_1_698' title='bbox 2525 3452 2710 3512; x_wconf 89' lang='lat' dir='ltr'><strong>utpote</strong></span> <span class='ocrx_word' id='word_1_699' title='bbox 2735 3444 2804 3499; x_wconf 84' lang='lat' dir='ltr'><strong>ab</strong></span> <span class='ocrx_word' id='word_1_700' title='bbox 2839 3445 3010 3499; x_wconf 92' lang='lat' dir='ltr'><strong>altero</strong></span> <span class='ocrx_word' id='word_1_701' title='bbox 3044 3445 3434 3514; x_wconf 84' lang='lat' dir='ltr'><strong>producta,cui</strong></span> 
     </span>
    </p>
   </div>
   <div class='ocr_carea' id='block_1_82' title="bbox 1853 3535 3434 3606">
    <p class='ocr_par' dir='ltr' id='par_1_82' title="bbox 1853 3535 3434 3606">
     <span class='ocr_line' id='line_1_82' title="bbox 1853 3535 3434 3606; baseline -0.001 -13"><span class='ocrx_word' id='word_1_702' title='bbox 1853 3538 2011 3593; x_wconf 89' lang='lat' dir='ltr'><strong>alteri</strong></span> <span class='ocrx_word' id='word_1_703' title='bbox 2045 3547 2369 3606; x_wconf 87' lang='lat' dir='ltr'><strong>operaturus</strong></span> <span class='ocrx_word' id='word_1_704' title='bbox 2411 3537 2497 3591; x_wconf 87' lang='lat' dir='ltr'><strong>hic</strong></span> <span class='ocrx_word' id='word_1_705' title='bbox 2547 3535 2926 3590; x_wconf 90' lang='lat' dir='ltr'><strong>subministrat</strong></span> <span class='ocrx_word' id='word_1_706' title='bbox 2958 3551 2974 3589; x_wconf 89' lang='lat'><strong>:</strong></span> <span class='ocrx_word' id='word_1_707' title='bbox 3006 3547 3065 3590; x_wconf 91' lang='lat' dir='ltr'><strong>ut</strong></span> <span class='ocrx_word' id='word_1_708' title='bbox 3110 3539 3434 3606; x_wconf 66' lang='lat' dir='ltr'><strong>quaerendus</strong></span> 
     </span>
    </p>
   </div>
   <div class='ocr_carea' id='block_1_83' title="bbox 1850 3628 3432 3698">
    <p class='ocr_par' dir='ltr' id='par_1_83' title="bbox 1850 3628 3432 3698">
     <span class='ocr_line' id='line_1_83' title="bbox 1850 3628 3432 3698; baseline -0.001 -14"><span class='ocrx_word' id='word_1_709' title='bbox 1850 3631 1923 3685; x_wconf 91' lang='lat' dir='ltr'><strong>sit</strong></span> <span class='ocrx_word' id='word_1_710' title='bbox 1951 3645 1980 3683; x_wconf 90' lang='lat' dir='ltr'><strong>a</strong></span> <span class='ocrx_word' id='word_1_711' title='bbox 2011 3631 2167 3684; x_wconf 87' lang='lat' dir='ltr'><strong>nobis</strong></span> <span class='ocrx_word' id='word_1_712' title='bbox 2193 3638 2408 3684; x_wconf 90' lang='lat' dir='ltr'><strong>creator</strong></span> <span class='ocrx_word' id='word_1_713' title='bbox 2439 3629 2575 3682; x_wconf 89' lang='lat' dir='ltr'><strong>alius</strong></span> <span class='ocrx_word' id='word_1_714' title='bbox 2603 3628 2982 3682; x_wconf 87' lang='lat' dir='ltr'><strong>universorum</strong></span> <span class='ocrx_word' id='word_1_715' title='bbox 3004 3669 3020 3693; x_wconf 93' lang='lat'><strong>,</strong></span> <span class='ocrx_word' id='word_1_716' title='bbox 3050 3629 3142 3698; x_wconf 92' lang='lat' dir='ltr'><strong>qui</strong></span> <span class='ocrx_word' id='word_1_717' title='bbox 3177 3629 3377 3682; x_wconf 90' lang='lat' dir='ltr'><strong>dicitur</strong></span> <span class='ocrx_word' id='word_1_718' title='bbox 3399 3645 3432 3684; x_wconf 91' lang='lat' dir='ltr'><strong>a</strong></span> 
     </span>
    </p>
   </div>
   <div class='ocr_carea' id='block_1_84' title="bbox 1851 3715 3430 3785">
    <p class='ocr_par' dir='ltr' id='par_1_84' title="bbox 1851 3715 3430 3785">
     <span class='ocr_line' id='line_1_84' title="bbox 1851 3715 3430 3785; baseline 0.003 -16"><span class='ocrx_word' id='word_1_719' title='bbox 1851 3715 2100 3784; x_wconf 87' lang='lat' dir='ltr'><strong>theologo</strong></span> <span class='ocrx_word' id='word_1_720' title='bbox 2124 3730 2342 3771; x_wconf 88' lang='lat' dir='ltr'><strong>creasse</strong></span> <span class='ocrx_word' id='word_1_721' title='bbox 2384 3716 2589 3770; x_wconf 90' lang='lat' dir='ltr'><strong>omnia.</strong></span> <span class='ocrx_word' id='word_1_722' title='bbox 2622 3715 2670 3770; x_wconf 89' lang='lat' dir='ltr'><strong>Is</strong></span> <span class='ocrx_word' id='word_1_723' title='bbox 2705 3725 2894 3774; x_wconf 82' lang='lat' dir='ltr'><strong>autem.</strong></span> <span class='ocrx_word' id='word_1_724' title='bbox 2909 3717 3095 3785; x_wconf 89' lang='lat' dir='ltr'><strong>ecquis</strong></span> <span class='ocrx_word' id='word_1_725' title='bbox 3130 3715 3270 3772; x_wconf 87' lang='lat' dir='ltr'><strong>alius</strong></span> <span class='ocrx_word' id='word_1_726' title='bbox 3305 3733 3430 3773; x_wconf 87' lang='lat' dir='ltr'><strong>esse</strong></span> 
     </span>
    </p>
   </div>
   <div class='ocr_carea' id='block_1_85' title="bbox 1845 3805 3427 3875">
    <p class='ocr_par' dir='ltr' id='par_1_85' title="bbox 1845 3805 3427 3875">
     <span class='ocr_line' id='line_1_85' title="bbox 1845 3805 3427 3875; baseline 0.001 -15"><span class='ocrx_word' id='word_1_727' title='bbox 1845 3815 2057 3875; x_wconf 79' lang='lat' dir='ltr'><strong>paterat</strong></span> <span class='ocrx_word' id='word_1_728' title='bbox 2079 3805 2103 3858; x_wconf 87' lang='lat'><strong>?</strong></span> <span class='ocrx_word' id='word_1_729' title='bbox 2129 3816 2279 3860; x_wconf 90' lang='lat' dir='ltr'><strong>certe</strong></span> <span class='ocrx_word' id='word_1_730' title='bbox 2321 3819 2483 3860; x_wconf 88' lang='lat' dir='ltr'><strong>nemo</strong></span> <span class='ocrx_word' id='word_1_731' title='bbox 2527 3805 2746 3861; x_wconf 81' lang='lat' dir='ltr'><strong>dixerit.</strong></span> <span class='ocrx_word' id='word_1_732' title='bbox 2775 3805 2906 3873; x_wconf 70' lang='lat' dir='ltr'><strong>Qua:</strong></span> <span class='ocrx_word' id='word_1_733' title='bbox 2930 3821 3052 3860; x_wconf 91' lang='lat' dir='ltr'><strong>cum</strong></span> <span class='ocrx_word' id='word_1_734' title='bbox 3076 3806 3150 3862; x_wconf 88' lang='lat' dir='ltr'><strong>ita</strong></span> <span class='ocrx_word' id='word_1_735' title='bbox 3180 3807 3310 3874; x_wconf 91' lang='lat' dir='ltr'><strong>sint,</strong></span> <span class='ocrx_word' id='word_1_736' title='bbox 3339 3808 3427 3863; x_wconf 82' lang='lat' dir='ltr'><strong>fa-</strong></span> 
     </span>
    </p>
   </div>
   <div class='ocr_carea' id='block_1_86' title="bbox 1844 3898 3425 3969">
    <p class='ocr_par' dir='ltr' id='par_1_86' title="bbox 1844 3898 3425 3969">
     <span class='ocr_line' id='line_1_86' title="bbox 1844 3898 3425 3969; baseline 0.002 -17"><span class='ocrx_word' id='word_1_737' title='bbox 1844 3899 1948 3953; x_wconf 76' lang='lat' dir='ltr'><strong>teri</strong></span> <span class='ocrx_word' id='word_1_738' title='bbox 1974 3915 2074 3954; x_wconf 86' lang='lat' dir='ltr'><strong>nos</strong></span> <span class='ocrx_word' id='word_1_739' title='bbox 2125 3907 2341 3968; x_wconf 90' lang='lat' dir='ltr'><strong>oportet</strong></span> <span class='ocrx_word' id='word_1_740' title='bbox 2379 3911 2502 3952; x_wconf 90' lang='lat' dir='ltr'><strong>eum</strong></span> <span class='ocrx_word' id='word_1_741' title='bbox 2541 3899 2633 3969; x_wconf 90' lang='lat' dir='ltr'><strong>qui</strong></span> <span class='ocrx_word' id='word_1_742' title='bbox 2664 3899 2732 3953; x_wconf 88' lang='lat' dir='ltr'><strong>ab</strong></span> <span class='ocrx_word' id='word_1_743' title='bbox 2760 3898 3088 3969; x_wconf 84' lang='lat' dir='ltr'><strong>evangelista</strong></span> <span class='ocrx_word' id='word_1_744' title='bbox 3119 3899 3425 3966; x_wconf 81' lang='lat' dir='ltr'><strong>deiﬁcatur,</strong></span> 
     </span>
    </p>
   </div>
   <div class='ocr_carea' id='block_1_87' title="bbox 1847 3989 3424 4060">
    <p class='ocr_par' dir='ltr' id='par_1_87' title="bbox 1847 3989 3424 4060">
     <span class='ocr_line' id='line_1_87' title="bbox 1847 3989 3424 4060; baseline 0.001 -15"><span class='ocrx_word' id='word_1_745' title='bbox 1847 4005 1955 4046; x_wconf 95' lang='lat' dir='ltr'><strong>non</strong></span> <span class='ocrx_word' id='word_1_746' title='bbox 1991 4006 2109 4046; x_wconf 87' lang='lat' dir='ltr'><strong>esse</strong></span> <span class='ocrx_word' id='word_1_747' title='bbox 2137 3990 2306 4045; x_wconf 89' lang='lat' dir='ltr'><strong>Deum</strong></span> <span class='ocrx_word' id='word_1_748' title='bbox 2353 3989 2499 4044; x_wconf 92' lang='lat' dir='ltr'><strong>illum</strong></span> <span class='ocrx_word' id='word_1_749' title='bbox 2539 4004 2700 4060; x_wconf 89' lang='lat' dir='ltr'><strong>super</strong></span> <span class='ocrx_word' id='word_1_750' title='bbox 2732 3989 2939 4058; x_wconf 86' lang='lat' dir='ltr'><strong>omnia,</strong></span> <span class='ocrx_word' id='word_1_751' title='bbox 2974 4005 3149 4060; x_wconf 86' lang='lat' dir='ltr'><strong>neque</strong></span> <span class='ocrx_word' id='word_1_752' title='bbox 3185 3991 3424 4058; x_wconf 87' lang='lat' dir='ltr'><strong>Patrem,</strong></span> 
     </span>
    </p>
   </div>
   <div class='ocr_carea' id='block_1_88' title="bbox 1845 4079 3418 4154">
    <p class='ocr_par' dir='ltr' id='par_1_88' title="bbox 1845 4079 3418 4154">
     <span class='ocr_line' id='line_1_88' title="bbox 1845 4079 3418 4154; baseline 0.001 -18"><span class='ocrx_word' id='word_1_753' title='bbox 1845 4081 1938 4136; x_wconf 89' lang='lat' dir='ltr'><strong>sed</strong></span> <span class='ocrx_word' id='word_1_754' title='bbox 1975 4081 2120 4135; x_wconf 88' lang='lat' dir='ltr'><strong>illius</strong></span> <span class='ocrx_word' id='word_1_755' title='bbox 2149 4079 2347 4134; x_wconf 74' lang='lat' dir='ltr'><strong>Filium</strong></span> <span class='ocrx_word' id='word_1_756' title='bbox 2395 4079 2730 4150; x_wconf 89' lang='lat' dir='ltr'><strong>unigenitum</strong></span> <span class='ocrx_word' id='word_1_757' title='bbox 2763 4097 2781 4137; x_wconf 89' lang='lat'><strong>:</strong></span> <span class='ocrx_word' id='word_1_758' title='bbox 2813 4096 2919 4135; x_wconf 92' lang='lat' dir='ltr'><strong>non</strong></span> <span class='ocrx_word' id='word_1_759' title='bbox 2950 4096 3073 4136; x_wconf 91' lang='lat' dir='ltr'><strong>cum</strong></span> <span class='ocrx_word' id='word_1_760' title='bbox 3103 4081 3264 4138; x_wconf 86' lang='lat' dir='ltr'><strong>Patre</strong></span> <span class='ocrx_word' id='word_1_761' title='bbox 3297 4085 3418 4154; x_wconf 87' lang='lat' dir='ltr'><strong>pari</strong></span> 
     </span>
    </p>
   </div>
   <div class='ocr_carea' id='block_1_89' title="bbox 1843 4173 3421 4244">
    <p class='ocr_par' dir='ltr' id='par_1_89' title="bbox 1843 4173 3421 4244">
     <span class='ocr_line' id='line_1_89' title="bbox 1843 4173 3421 4244; baseline -0.001 -14"><span class='ocrx_word' id='word_1_762' title='bbox 1843 4188 2002 4244; x_wconf 82' lang='lat' dir='ltr'><strong>passu</strong></span> <span class='ocrx_word' id='word_1_763' title='bbox 2035 4173 2399 4228; x_wconf 86' lang='lat' dir='ltr'><strong>ambulantem</strong></span> <span class='ocrx_word' id='word_1_764' title='bbox 2432 4189 2445 4226; x_wconf 89' lang='lat'><strong>:</strong></span> <span class='ocrx_word' id='word_1_765' title='bbox 2477 4187 2575 4227; x_wconf 84' lang='lat' dir='ltr'><strong>nec</strong></span> <span class='ocrx_word' id='word_1_766' title='bbox 2601 4179 2852 4243; x_wconf 90' lang='lat' dir='ltr'><strong>tanquam</strong></span> <span class='ocrx_word' id='word_1_767' title='bbox 2884 4173 2939 4227; x_wconf 90' lang='lat' dir='ltr'><strong>in</strong></span> <span class='ocrx_word' id='word_1_768' title='bbox 2971 4173 3250 4242; x_wconf 88' lang='lat' dir='ltr'><strong>supposito</strong></span> <span class='ocrx_word' id='word_1_769' title='bbox 3275 4177 3421 4229; x_wconf 87' lang='lat' dir='ltr'><strong>exsi-</strong></span> 
     </span>
    </p>
   </div>
   <div class='ocr_carea' id='block_1_90' title="bbox 1842 4263 3413 4334">
    <p class='ocr_par' dir='ltr' id='par_1_90' title="bbox 1842 4263 3413 4334">
     <span class='ocr_line' id='line_1_90' title="bbox 1842 4263 3413 4334; baseline 0.001 -14"><span class='ocrx_word' id='word_1_770' title='bbox 1842 4274 2070 4322; x_wconf 86' lang='lat' dir='ltr'><strong>stentem</strong></span> <span class='ocrx_word' id='word_1_771' title='bbox 2097 4263 2294 4318; x_wconf 88' lang='lat' dir='ltr'><strong>unico:</strong></span> <span class='ocrx_word' id='word_1_772' title='bbox 2327 4278 2430 4317; x_wconf 90' lang='lat' dir='ltr'><strong>non</strong></span> <span class='ocrx_word' id='word_1_773' title='bbox 2464 4278 2628 4318; x_wconf 92' lang='lat' dir='ltr'><strong>unum</strong></span> <span class='ocrx_word' id='word_1_774' title='bbox 2654 4273 2816 4334; x_wconf 90' lang='lat' dir='ltr'><strong>atque</strong></span> <span class='ocrx_word' id='word_1_775' title='bbox 2841 4264 3092 4319; x_wconf 85' lang='lat' dir='ltr'><strong>eumdem</strong></span> <span class='ocrx_word' id='word_1_776' title='bbox 3125 4280 3250 4321; x_wconf 92' lang='lat' dir='ltr'><strong>cum</strong></span> <span class='ocrx_word' id='word_1_777' title='bbox 3281 4266 3413 4330; x_wconf 88' lang='lat' dir='ltr'><strong>De&#39;o,</strong></span> 
     </span>
    </p>
   </div>
   <div class='ocr_carea' id='block_1_91' title="bbox 151 4355 1732 4445">
    <p class='ocr_par' dir='ltr' id='par_1_91' title="bbox 151 4370 1732 4445">
     <span class='ocr_line' id='line_1_91' title="bbox 151 4370 1732 4445; baseline 0.005 -23"><span class='ocrx_word' id='word_1_778' title='bbox 151 4388 248 4445; x_wconf 80' lang='grc' dir='ltr'><strong>ρον</strong></span> <span class='ocrx_word' id='word_1_779' title='bbox 261 4370 629 4442; x_wconf 77' lang='grc' dir='ltr'>μεταλαϐόντα</span> <span class='ocrx_word' id='word_1_780' title='bbox 649 4374 812 4441; x_wconf 89' lang='grc' dir='ltr'>φάναι</span> <span class='ocrx_word' id='word_1_781' title='bbox 829 4373 948 4425; x_wconf 76' lang='grc' dir='ltr'>ἀντὶ</span> <span class='ocrx_word' id='word_1_782' title='bbox 973 4371 1087 4437; x_wconf 86' lang='grc' dir='ltr'>τοῦ,</span> <span class='ocrx_word' id='word_1_783' title='bbox 1106 4375 1201 4426; x_wconf 76' lang='grc' dir='ltr'><strong>Ἐν</strong></span> <span class='ocrx_word' id='word_1_784' title='bbox 1211 4371 1369 4443; x_wconf 80' lang='grc' dir='ltr'>ἀρχῇ</span> <span class='ocrx_word' id='word_1_785' title='bbox 1383 4371 1462 4445; x_wconf 79' lang='grc' dir='ltr'><strong>ἦν</strong></span> <span class='ocrx_word' id='word_1_786' title='bbox 1478 4377 1510 4428; x_wconf 85' lang='grc' dir='ltr'><strong>ό</strong></span> <span class='ocrx_word' id='word_1_787' title='bbox 1525 4377 1732 4444; x_wconf 79' lang='grc' dir='ltr'>Λόγος,</span> 
     </span>
    </p>
   </div>
   <div class='ocr_carea' id='block_1_92' title="bbox 1860 4355 3412 4445">
    <p class='ocr_par' dir='ltr' id='par_1_92' title="bbox 1860 4355 3412 4421">
     <span class='ocr_line' id='line_1_92' title="bbox 1860 4355 3412 4421; baseline -0.001 -9"><span class='ocrx_word' id='word_1_788' title='bbox 1860 4357 1938 4412; x_wconf 70' lang='lat' dir='ltr'><strong>,:ed</strong></span> <span class='ocrx_word' id='word_1_789' title='bbox 1976 4355 2168 4409; x_wconf 86' lang='lat' dir='ltr'><strong>Filium</strong></span> <span class='ocrx_word' id='word_1_790' title='bbox 2221 4368 2348 4409; x_wconf 90' lang='lat' dir='ltr'><strong>vere</strong></span> <span class='ocrx_word' id='word_1_791' title='bbox 2381 4355 2754 4421; x_wconf 81' lang='lat' dir='ltr'><strong>exsistentem,</strong></span> <span class='ocrx_word' id='word_1_792' title='bbox 2786 4356 2969 4410; x_wconf 86' lang='lat' dir='ltr'><strong>vivum</strong></span> <span class='ocrx_word' id='word_1_793' title='bbox 2999 4355 3412 4413; x_wconf 87' lang='lat' dir='ltr'><strong>subsistentem:</strong></span> 
     </span>
    </p>
   </div>
   <div class='ocr_carea' id='block_1_93' title="bbox 145 4461 1727 4538">
    <p class='ocr_par' dir='ltr' id='par_1_93' title="bbox 145 4461 1727 4538">
     <span class='ocr_line' id='line_1_93' title="bbox 145 4461 1727 4538; baseline 0.003 -22"><span class='ocrx_word' id='word_1_794' title='bbox 145 4464 212 4516; x_wconf 86' lang='grc' dir='ltr'><strong>τὸ</strong></span> <span class='ocrx_word' id='word_1_795' title='bbox 260 4482 278 4514; x_wconf 78' lang='grc' dir='ltr'><strong>ι</strong></span> <span class='ocrx_word' id='word_1_796' title='bbox 304 4466 361 4516; x_wconf 82' lang='grc' dir='ltr'>ὲν</span> <span class='ocrx_word' id='word_1_797' title='bbox 393 4465 531 4535; x_wconf 81' lang='grc' dir='ltr'>ἀρχῇ</span> <span class='ocrx_word' id='word_1_798' title='bbox 568 4461 635 4536; x_wconf 85' lang='grc' dir='ltr'>ἦν</span> <span class='ocrx_word' id='word_1_799' title='bbox 661 4467 688 4518; x_wconf 83' lang='grc' dir='ltr'>ὁ</span> <span class='ocrx_word' id='word_1_800' title='bbox 714 4465 861 4529; x_wconf 88' lang='grc' dir='ltr'>Υίὸς,</span> <span class='ocrx_word' id='word_1_801' title='bbox 886 4485 902 4516; x_wconf 73' lang='grc' dir='ltr'><strong>ι</strong></span> <span class='ocrx_word' id='word_1_802' title='bbox 938 4466 1032 4518; x_wconf 76' lang='grc' dir='ltr'>καὶ</span> <span class='ocrx_word' id='word_1_803' title='bbox 1060 4465 1179 4518; x_wconf 78' lang='grc' dir='ltr'>ἀντὶ</span> <span class='ocrx_word' id='word_1_804' title='bbox 1205 4465 1296 4520; x_wconf 86' lang='grc' dir='ltr'><strong>τοῦ</strong></span> <span class='ocrx_word' id='word_1_805' title='bbox 1320 4508 1334 4532; x_wconf 92' lang='grc'><strong>,</strong></span> <span class='ocrx_word' id='word_1_806' title='bbox 1360 4466 1458 4521; x_wconf 76' lang='grc' dir='ltr'>καὶ</span> <span class='ocrx_word' id='word_1_807' title='bbox 1482 4467 1513 4520; x_wconf 87' lang='grc' dir='ltr'><strong>ὁ</strong></span> <span class='ocrx_word' id='word_1_808' title='bbox 1536 4469 1727 4538; x_wconf 75' lang='grc' dir='ltr'>Λόγος</span> 
     </span>
    </p>
   </div>
   <div class='ocr_carea' id='block_1_94' title="bbox 143 4551 1728 4630">
    <p class='ocr_par' dir='ltr' id='par_1_94' title="bbox 143 4551 1728 4630">
     <span class='ocr_line' id='line_1_94' title="bbox 143 4551 1728 4630; baseline 0.003 -22"><span class='ocrx_word' id='word_1_809' title='bbox 143 4551 229 4625; x_wconf 80' lang='grc' dir='ltr'><strong>ἦν</strong></span> <span class='ocrx_word' id='word_1_810' title='bbox 257 4555 406 4623; x_wconf 79' lang='grc' dir='ltr'>πρὸς</span> <span class='ocrx_word' id='word_1_811' title='bbox 458 4557 564 4610; x_wconf 74' lang='grc' dir='ltr'>τὸν</span> <span class='ocrx_word' id='word_1_812' title='bbox 587 4557 753 4621; x_wconf 77' lang='grc' dir='ltr'>Θεὸν,</span> <span class='ocrx_word' id='word_1_813' title='bbox 788 4557 870 4623; x_wconf 86' lang='grc' dir='ltr'><strong>τὸ,</strong></span> <span class='ocrx_word' id='word_1_814' title='bbox 925 4575 943 4607; x_wconf 81' lang='grc' dir='ltr'><strong>ι</strong></span> <span class='ocrx_word' id='word_1_815' title='bbox 973 4557 1067 4610; x_wconf 78' lang='grc' dir='ltr'>καὶ</span> <span class='ocrx_word' id='word_1_816' title='bbox 1101 4559 1128 4610; x_wconf 83' lang='grc' dir='ltr'>ὁ</span> <span class='ocrx_word' id='word_1_817' title='bbox 1169 4557 1299 4621; x_wconf 80' lang='grc' dir='ltr'>Υἱὸς</span> <span class='ocrx_word' id='word_1_818' title='bbox 1344 4553 1412 4630; x_wconf 84' lang='grc' dir='ltr'>ἦν</span> <span class='ocrx_word' id='word_1_819' title='bbox 1456 4560 1590 4630; x_wconf 87' lang='grc' dir='ltr'>πρὸς</span> <span class='ocrx_word' id='word_1_820' title='bbox 1636 4559 1728 4612; x_wconf 88' lang='grc' dir='ltr'><strong>τὸν</strong></span> 
     </span>
    </p>
   </div>
   <div class='ocr_carea' id='block_1_95' title="bbox 143 4645 1724 4721">
    <p class='ocr_par' dir='ltr' id='par_1_95' title="bbox 143 4645 1724 4721">
     <span class='ocr_line' id='line_1_95' title="bbox 143 4645 1724 4721; baseline 0.004 -22"><span class='ocrx_word' id='word_1_821' title='bbox 143 4647 406 4718; x_wconf 81' lang='grc' dir='ltr'>Πατέρα,</span> <span class='ocrx_word' id='word_1_822' title='bbox 432 4667 449 4698; x_wconf 70' lang='grc' dir='ltr'><strong>ι</strong></span> <span class='ocrx_word' id='word_1_823' title='bbox 497 4649 592 4702; x_wconf 71' lang='grc' dir='ltr'>καὶ</span> <span class='ocrx_word' id='word_1_824' title='bbox 644 4649 767 4701; x_wconf 74' lang='grc' dir='ltr'>ἀντὶ</span> <span class='ocrx_word' id='word_1_825' title='bbox 811 4647 905 4702; x_wconf 85' lang='grc' dir='ltr'><strong>τοῦ</strong></span> <span class='ocrx_word' id='word_1_826' title='bbox 932 4685 947 4712; x_wconf 86' lang='grc'><strong>,</strong></span> <span class='ocrx_word' id='word_1_827' title='bbox 1013 4649 1111 4702; x_wconf 82' lang='grc' dir='ltr'>καὶ</span> <span class='ocrx_word' id='word_1_828' title='bbox 1134 4649 1276 4715; x_wconf 88' lang='grc' dir='ltr'>Θεὸς</span> <span class='ocrx_word' id='word_1_829' title='bbox 1305 4645 1383 4720; x_wconf 82' lang='grc' dir='ltr'><em>ἦν</em></span> <span class='ocrx_word' id='word_1_830' title='bbox 1427 4653 1461 4704; x_wconf 83' lang='grc' dir='ltr'><em>ὀ</em></span> <span class='ocrx_word' id='word_1_831' title='bbox 1509 4653 1724 4721; x_wconf 71' lang='grc' dir='ltr'>Λόγος,</span> 
     </span>
    </p>
   </div>
   <div class='ocr_carea' id='block_1_96' title="bbox 142 4734 1724 4814">
    <p class='ocr_par' dir='ltr' id='par_1_96' title="bbox 142 4734 1724 4814">
     <span class='ocr_line' id='line_1_96' title="bbox 142 4734 1724 4814; baseline 0.003 -21"><span class='ocrx_word' id='word_1_832' title='bbox 142 4741 228 4802; x_wconf 88' lang='grc' dir='ltr'><strong>τὸ,</strong></span> <span class='ocrx_word' id='word_1_833' title='bbox 290 4740 424 4792; x_wconf 78' lang='grc' dir='ltr'>«καὶ</span> <span class='ocrx_word' id='word_1_834' title='bbox 470 4739 602 4803; x_wconf 83' lang='grc' dir='ltr'>Θεὸς</span> <span class='ocrx_word' id='word_1_835' title='bbox 657 4734 722 4811; x_wconf 78' lang='grc' dir='ltr'><strong>’ἧν</strong></span> <span class='ocrx_word' id='word_1_836' title='bbox 770 4744 798 4794; x_wconf 87' lang='grc' dir='ltr'>ὁ</span> <span class='ocrx_word' id='word_1_837' title='bbox 844 4741 988 4803; x_wconf 82' lang='grc' dir='ltr'>Υἱός.</span> <span class='ocrx_word' id='word_1_838' title='bbox 1018 4760 1035 4790; x_wconf 73' lang='grc' dir='ltr'><strong>ι</strong></span> <span class='ocrx_word' id='word_1_839' title='bbox 1090 4739 1249 4794; x_wconf 79' lang='grc' dir='ltr'>Οῦτω</span> <span class='ocrx_word' id='word_1_840' title='bbox 1295 4742 1339 4793; x_wconf 87' lang='grc' dir='ltr'><strong>δ’</strong></span> <span class='ocrx_word' id='word_1_841' title='bbox 1372 4741 1437 4795; x_wconf 81' lang='grc' dir='ltr'>ἂν</span> <span class='ocrx_word' id='word_1_842' title='bbox 1465 4743 1724 4814; x_wconf 83' lang='grc' dir='ltr'>ἁρμόσειε</span> 
     </span>
    </p>
   </div>
   <div class='ocr_carea' id='block_1_97' title="bbox 144 4831 1722 4904">
    <p class='ocr_par' dir='ltr' id='par_1_97' title="bbox 144 4831 1722 4904">
     <span class='ocr_line' id='line_1_97' title="bbox 144 4831 1722 4904; baseline 0.003 -19"><span class='ocrx_word' id='word_1_843' title='bbox 144 4833 241 4885; x_wconf 76' lang='grc' dir='ltr'>καὶ</span> <span class='ocrx_word' id='word_1_844' title='bbox 307 4832 368 4884; x_wconf 85' lang='grc' dir='ltr'><strong>τὸ</strong></span> <span class='ocrx_word' id='word_1_845' title='bbox 426 4831 554 4902; x_wconf 79' lang='grc' dir='ltr'><strong>ἑξῆς</strong></span> <span class='ocrx_word' id='word_1_846' title='bbox 624 4833 960 4904; x_wconf 76' lang='grc' dir='ltr'>ἐπαγόμενον</span> <span class='ocrx_word' id='word_1_847' title='bbox 989 4851 1002 4864; x_wconf 84' lang='grc'>·</span> <span class='ocrx_word' id='word_1_848' title='bbox 1063 4833 1257 4888; x_wconf 79' lang='grc' dir='ltr'>πάντα</span> <span class='ocrx_word' id='word_1_849' title='bbox 1317 4834 1428 4903; x_wconf 76' lang='grc' dir='ltr'>γὰρ</span> <span class='ocrx_word' id='word_1_850' title='bbox 1481 4834 1555 4888; x_wconf 83' lang='grc' dir='ltr'><strong>δι’</strong></span> <span class='ocrx_word' id='word_1_851' title='bbox 1611 4839 1722 4890; x_wconf 84' lang='grc' dir='ltr'><strong>αὺ-</strong></span> 
     </span>
    </p>
   </div>
   <div class='ocr_carea' id='block_1_98' title="bbox 141 4924 1719 4997">
    <p class='ocr_par' dir='ltr' id='par_1_98' title="bbox 141 4924 1719 4997">
     <span class='ocr_line' id='line_1_98' title="bbox 141 4924 1719 4997; baseline 0.004 -20"><span class='ocrx_word' id='word_1_852' title='bbox 141 4924 272 4986; x_wconf 80' lang='grc' dir='ltr'>τοῦ,</span> <span class='ocrx_word' id='word_1_853' title='bbox 303 4924 541 4994; x_wconf 71' lang='grc' dir='ltr'>ἐγένετο</span> <span class='ocrx_word' id='word_1_854' title='bbox 577 4925 676 4978; x_wconf 76' lang='grc' dir='ltr'>καὶ</span> <span class='ocrx_word' id='word_1_855' title='bbox 721 4926 900 4995; x_wconf 74' lang='grc' dir='ltr'>χωρὶς</span> <span class='ocrx_word' id='word_1_856' title='bbox 940 4927 1124 4981; x_wconf 81' lang='grc' dir='ltr'>αὐτοῦ</span> <span class='ocrx_word' id='word_1_857' title='bbox 1168 4926 1402 4997; x_wconf 72' lang='grc' dir='ltr'>ἐγένετο</span> <span class='ocrx_word' id='word_1_858' title='bbox 1449 4927 1592 4981; x_wconf 80' lang='grc' dir='ltr'><strong>οὐδὲ</strong></span> <span class='ocrx_word' id='word_1_859' title='bbox 1629 4928 1719 4983; x_wconf 73' lang='grc' dir='ltr'><strong>ἓν.</strong></span> 
     </span>
    </p>
   </div>
   <div class='ocr_carea' id='block_1_99' title="bbox 141 5014 1718 5092">
    <p class='ocr_par' dir='ltr' id='par_1_99' title="bbox 141 5014 1718 5092">
     <span class='ocr_line' id='line_1_99' title="bbox 141 5014 1718 5092; baseline 0.003 -24"><span class='ocrx_word' id='word_1_860' title='bbox 141 5014 381 5080; x_wconf 85' lang='grc' dir='ltr'>Εἰκότως</span> <span class='ocrx_word' id='word_1_861' title='bbox 405 5015 689 5087; x_wconf 87' lang='grc' dir='ltr'>τοιγαροῦν</span> <span class='ocrx_word' id='word_1_862' title='bbox 716 5019 743 5069; x_wconf 85' lang='grc' dir='ltr'>ὁ</span> <span class='ocrx_word' id='word_1_863' title='bbox 762 5019 902 5080; x_wconf 84' lang='grc' dir='ltr'>θεῖος</span> <span class='ocrx_word' id='word_1_864' title='bbox 933 5018 1322 5089; x_wconf 83' lang='grc' dir='ltr'>εὑαγγελιστὴς</span> <span class='ocrx_word' id='word_1_865' title='bbox 1353 5018 1462 5090; x_wconf 73' lang='grc'><strong>(46)</strong></span> <span class='ocrx_word' id='word_1_866' title='bbox 1495 5020 1552 5072; x_wconf 80' lang='grc' dir='ltr'>ἐν</span> <span class='ocrx_word' id='word_1_867' title='bbox 1575 5021 1718 5092; x_wconf 83' lang='grc' dir='ltr'>ἀρχῇ</span> 
     </span>
    </p>
   </div>
   <div class='ocr_carea' id='block_1_100' title="bbox 140 5107 1720 5182">
    <p class='ocr_par' dir='ltr' id='par_1_100' title="bbox 140 5107 1720 5182">
     <span class='ocr_line' id='line_1_100' title="bbox 140 5107 1720 5182; baseline 0.004 -23"><span class='ocrx_word' id='word_1_868' title='bbox 140 5107 306 5159; x_wconf 82' lang='grc' dir='ltr'>αὑτὸν</span> <span class='ocrx_word' id='word_1_869' title='bbox 351 5107 473 5178; x_wconf 76' lang='grc' dir='ltr'>ἔφη,</span> <span class='ocrx_word' id='word_1_870' title='bbox 508 5107 630 5172; x_wconf 85' lang='grc' dir='ltr'>δοὺς</span> <span class='ocrx_word' id='word_1_871' title='bbox 659 5108 805 5178; x_wconf 84' lang='grc' dir='ltr'>αὑτῷ</span> <span class='ocrx_word' id='word_1_872' title='bbox 834 5109 1006 5179; x_wconf 81' lang='grc' dir='ltr'>ἀρχὴν</span> <span class='ocrx_word' id='word_1_873' title='bbox 1028 5148 1042 5172; x_wconf 96' lang='grc'><strong>,</strong></span> <span class='ocrx_word' id='word_1_874' title='bbox 1075 5109 1230 5180; x_wconf 86' lang='grc' dir='ltr'>δῆλον</span> <span class='ocrx_word' id='word_1_875' title='bbox 1257 5109 1313 5162; x_wconf 84' lang='grc' dir='ltr'><strong>δὲ</strong></span> <span class='ocrx_word' id='word_1_876' title='bbox 1349 5111 1430 5164; x_wconf 85' lang='grc' dir='ltr'>ὅτι</span> <span class='ocrx_word' id='word_1_877' title='bbox 1469 5111 1568 5182; x_wconf 83' lang='grc' dir='ltr'>τὴν</span> <span class='ocrx_word' id='word_1_878' title='bbox 1593 5111 1720 5180; x_wconf 88' lang='grc' dir='ltr'>γέν-</span> 
     </span>
    </p>
   </div>
   <div class='ocr_carea' id='block_1_101' title="bbox 113 5218 949 5310">
    <p class='ocr_par' dir='ltr' id='par_1_101' title="bbox 113 5218 949 5310">
     <span class='ocr_line' id='line_1_101' title="bbox 113 5218 949 5310; baseline 0.006 -41"><span class='ocrx_word' id='word_1_879' title='bbox 113 5257 122 5310; x_wconf 44' lang='lat'><strong>..</strong></span> <span class='ocrx_word' id='word_1_880' title='bbox 220 5224 278 5282; x_wconf 58' lang='grc' dir='ltr'><strong>ἧς</strong></span> <span class='ocrx_word' id='word_1_881' title='bbox 312 5218 410 5275; x_wconf 84' lang='lat' dir='ltr'><strong>Ed.</strong></span> <span class='ocrx_word' id='word_1_882' title='bbox 439 5218 638 5284; x_wconf 87' lang='lat' dir='ltr'><strong>Paris.,</strong></span> <span class='ocrx_word' id='word_1_883' title='bbox 670 5235 788 5290; x_wconf 88' lang='lat' dir='ltr'><strong>pag.</strong></span> <span class='ocrx_word' id='word_1_884' title='bbox 828 5219 949 5274; x_wconf 70' lang='lat'><strong>1‘22.</strong></span> 
     </span>
    </p>
   </div>
   <div class='ocr_carea' id='block_1_102' title="bbox 109 5310 627 5376">
    <p class='ocr_par' dir='ltr' id='par_1_102' title="bbox 109 5310 627 5376">
     <span class='ocr_line' id='line_1_102' title="bbox 109 5310 627 5376; baseline 0 -11"><span class='ocrx_word' id='word_1_885' title='bbox 109 5319 114 5334; x_wconf 90' lang='lat'>&#39;</span> <span class='ocrx_word' id='word_1_886' title='bbox 214 5313 258 5345; x_wconf 74' lang='grc'><strong>⁸⁷</strong></span> <span class='ocrx_word' id='word_1_887' title='bbox 279 5310 434 5366; x_wconf 81' lang='lat' dir='ltr'><strong>Joan.</strong></span> <span class='ocrx_word' id='word_1_888' title='bbox 475 5313 627 5376; x_wconf 76' lang='grc' dir='ltr'><strong>1,”1Ὶ.</strong></span> 
     </span>
    </p>
   </div>
   <div class='ocr_carea' id='block_1_103' title="bbox 237 5402 786 5474">
    <p class='ocr_par' dir='ltr' id='par_1_103' title="bbox 237 5402 786 5474">
     <span class='ocr_line' id='line_1_103' title="bbox 237 5402 786 5474; baseline 0.007 -20"><span class='ocrx_word' id='word_1_889' title='bbox 237 5404 325 5470; x_wconf 76' lang='grc'><strong>40)</strong></span> <span class='ocrx_word' id='word_1_890' title='bbox 350 5402 520 5473; x_wconf 70' lang='lat' dir='ltr'><strong>Vulgo</strong></span> <span class='ocrx_word' id='word_1_891' title='bbox 555 5405 786 5474; x_wconf 74' lang='grc' dir='ltr'>φάσκον.</span> 
     </span>
    </p>
   </div>
   <div class='ocr_carea' id='block_1_104' title="bbox 239 5474 740 5544">
    <p class='ocr_par' dir='ltr' id='par_1_104' title="bbox 239 5474 740 5544">
     <span class='ocr_line' id='line_1_104' title="bbox 239 5474 740 5544; baseline 0.006 -19"><span class='ocrx_word' id='word_1_892' title='bbox 239 5474 324 5544; x_wconf 77' lang='grc'><strong>41)</strong></span> <span class='ocrx_word' id='word_1_893' title='bbox 357 5475 413 5544; x_wconf 65' lang='lat' dir='ltr'><strong>lit</strong></span> <span class='ocrx_word' id='word_1_894' title='bbox 437 5489 584 5544; x_wconf 84' lang='lat' dir='ltr'><strong>corr.</strong></span> <span class='ocrx_word' id='word_1_895' title='bbox 619 5476 740 5544; x_wconf 83' lang='grc' dir='ltr'>ὅρα.</span> 
     </span>
    </p>
   </div>
   <div class='ocr_carea' id='block_1_105' title="bbox 213 5542 635 5615">
    <p class='ocr_par' dir='ltr' id='par_1_105' title="bbox 213 5542 635 5615">
     <span class='ocr_line' id='line_1_105' title="bbox 213 5542 635 5615; baseline 0.005 -4"><span class='ocrx_word' id='word_1_896' title='bbox 213 5542 324 5615; x_wconf 72' lang='grc'><strong>(42)</strong></span> <span class='ocrx_word' id='word_1_897' title='bbox 356 5542 523 5615; x_wconf 72' lang='grc' dir='ltr'>Υιιιεο</span> <span class='ocrx_word' id='word_1_898' title='bbox 558 5545 635 5600; x_wconf 71' lang='grc' dir='ltr'>δέ.</span> 
     </span>
    </p>
   </div>
   <div class='ocr_carea' id='block_1_106' title="bbox 239 5613 855 5681">
    <p class='ocr_par' dir='ltr' id='par_1_106' title="bbox 239 5613 855 5681">
     <span class='ocr_line' id='line_1_106' title="bbox 239 5613 855 5681; baseline 0 -15"><span class='ocrx_word' id='word_1_899' title='bbox 239 5613 327 5680; x_wconf 79' lang='grc'><strong>45)</strong></span> <span class='ocrx_word' id='word_1_900' title='bbox 353 5613 518 5681; x_wconf 77' lang='lat' dir='ltr'><strong>Vulgo</strong></span> <span class='ocrx_word' id='word_1_901' title='bbox 546 5614 710 5668; x_wconf 87' lang='grc' dir='ltr'>αὑτοῦ</span> <span class='ocrx_word' id='word_1_902' title='bbox 739 5613 855 5667; x_wconf 85' lang='grc' dir='ltr'>τοῦ.</span> 
     </span>
    </p>
   </div>
   <div class='ocr_carea' id='block_1_107' title="bbox 233 5683 1709 5758">
    <p class='ocr_par' dir='ltr' id='par_1_107' title="bbox 233 5683 1709 5758">
     <span class='ocr_line' id='line_1_107' title="bbox 233 5683 1709 5758; baseline 0.003 -21"><span class='ocrx_word' id='word_1_903' title='bbox 233 5683 320 5755; x_wconf 71' lang='grc' dir='ltr'>ιι)</span> <span class='ocrx_word' id='word_1_904' title='bbox 351 5683 586 5753; x_wconf 81' lang='grc' dir='ltr'>Ἔτέρου</span> <span class='ocrx_word' id='word_1_905' title='bbox 602 5684 718 5754; x_wconf 75' lang='grc' dir='ltr'><strong>μὲν</strong></span> <span class='ocrx_word' id='word_1_906' title='bbox 747 5689 1158 5758; x_wconf 70' lang='grc' dir='ltr'>πεποιηκότηρ.</span> <span class='ocrx_word' id='word_1_907' title='bbox 1186 5686 1544 5744; x_wconf 71' lang='grc' dir='ltr'>ιιῖι-εςιίεεὶιηε</span> <span class='ocrx_word' id='word_1_908' title='bbox 1568 5688 1709 5743; x_wconf 84' lang='lat' dir='ltr'><strong>aria-</strong></span> 
     </span>
    </p>
   </div>
   <div class='ocr_carea' id='block_1_108' title="bbox 1825 4444 3415 4519">
    <p class='ocr_par' dir='ltr' id='par_1_108' title="bbox 1825 4444 3415 4519">
     <span class='ocr_line' id='line_1_108' title="bbox 1825 4444 3415 4519; baseline -0.003 -14"><span class='ocrx_word' id='word_1_909' title='bbox 1825 4452 1878 4505; x_wconf 89' lang='lat' dir='ltr'><strong>in</strong></span> <span class='ocrx_word' id='word_1_910' title='bbox 1913 4445 2175 4519; x_wconf 89' lang='lat' dir='ltr'><strong>principio</strong></span> <span class='ocrx_word' id='word_1_911' title='bbox 2220 4445 2312 4515; x_wconf 87' lang='lat' dir='ltr'><strong>qui</strong></span> <span class='ocrx_word' id='word_1_912' title='bbox 2340 4454 2458 4500; x_wconf 90' lang='lat' dir='ltr'><strong>erat</strong></span> <span class='ocrx_word' id='word_1_913' title='bbox 2489 4462 2502 4498; x_wconf 86' lang='lat'><strong>:</strong></span> <span class='ocrx_word' id='word_1_914' title='bbox 2537 4454 2591 4500; x_wconf 91' lang='lat' dir='ltr'><strong>et</strong></span> <span class='ocrx_word' id='word_1_915' title='bbox 2629 4446 2770 4512; x_wconf 85' lang='lat' dir='ltr'><strong>apud</strong></span> <span class='ocrx_word' id='word_1_916' title='bbox 2814 4444 2980 4499; x_wconf 89' lang='lat' dir='ltr'><strong>Deum</strong></span> <span class='ocrx_word' id='word_1_917' title='bbox 3009 4454 3146 4511; x_wconf 87' lang='lat' dir='ltr'><strong>erat,</strong></span> <span class='ocrx_word' id='word_1_918' title='bbox 3173 4455 3228 4501; x_wconf 92' lang='lat' dir='ltr'><strong>et</strong></span> <span class='ocrx_word' id='word_1_919' title='bbox 3274 4447 3415 4502; x_wconf 87' lang='lat' dir='ltr'><strong>Deus</strong></span> 
     </span>
    </p>
   </div>
   <div class='ocr_carea' id='block_1_109' title="bbox 1826 4532 3415 4605">
    <p class='ocr_par' dir='ltr' id='par_1_109' title="bbox 1826 4532 3415 4605">
     <span class='ocr_line' id='line_1_109' title="bbox 1826 4532 3415 4605; baseline -0.004 -11"><span class='ocrx_word' id='word_1_920' title='bbox 1826 4548 1946 4594; x_wconf 90' lang='lat' dir='ltr'><strong>erat</strong></span> <span class='ocrx_word' id='word_1_921' title='bbox 1979 4555 1993 4590; x_wconf 92' lang='lat'><strong>:</strong></span> <span class='ocrx_word' id='word_1_922' title='bbox 2021 4550 2117 4605; x_wconf 87' lang='lat' dir='ltr'><strong>per</strong></span> <span class='ocrx_word' id='word_1_923' title='bbox 2139 4548 2299 4601; x_wconf 89' lang='lat' dir='ltr'><strong>quem</strong></span> <span class='ocrx_word' id='word_1_924' title='bbox 2327 4534 2514 4589; x_wconf 91' lang='lat' dir='ltr'><strong>condit</strong></span> <span class='ocrx_word' id='word_1_925' title='bbox 2548 4534 2819 4588; x_wconf 88' lang='lat' dir='ltr'><strong>universa.</strong></span> <span class='ocrx_word' id='word_1_926' title='bbox 2841 4533 2912 4588; x_wconf 87' lang='lat' dir='ltr'><strong>Ut</strong></span> <span class='ocrx_word' id='word_1_927' title='bbox 2940 4532 3142 4588; x_wconf 89' lang='lat' dir='ltr'><strong>clarius</strong></span> <span class='ocrx_word' id='word_1_928' title='bbox 3169 4543 3415 4604; x_wconf 83' lang='lat' dir='ltr'><strong>transpo-</strong></span> 
     </span>
    </p>
   </div>
   <div class='ocr_carea' id='block_1_110' title="bbox 1824 4623 3412 4696">
    <p class='ocr_par' dir='ltr' id='par_1_110' title="bbox 1824 4623 3412 4696">
     <span class='ocr_line' id='line_1_110' title="bbox 1824 4623 3412 4696; baseline -0.003 -11"><span class='ocrx_word' id='word_1_929' title='bbox 1824 4631 1930 4686; x_wconf 92' lang='lat' dir='ltr'><strong>sita</strong></span> <span class='ocrx_word' id='word_1_930' title='bbox 1985 4629 2102 4682; x_wconf 71' lang='lat' dir='ltr'><strong>haec</strong></span> <span class='ocrx_word' id='word_1_931' title='bbox 2129 4623 2375 4696; x_wconf 82' lang='lat' dir='ltr'><strong>proferre</strong></span> <span class='ocrx_word' id='word_1_932' title='bbox 2420 4625 2542 4694; x_wconf 89' lang='lat' dir='ltr'><strong>quis</strong></span> <span class='ocrx_word' id='word_1_933' title='bbox 2581 4624 2917 4695; x_wconf 72' lang='lat' dir='ltr'><strong>possit,.:pro</strong></span> <span class='ocrx_word' id='word_1_934' title='bbox 2960 4625 3074 4690; x_wconf 91' lang='lat' dir='ltr'><strong>illo,</strong></span> <span class='ocrx_word' id='word_1_935' title='bbox 3107 4623 3176 4679; x_wconf 79' lang='lat' dir='ltr'><strong><em>In</em></strong></span> <span class='ocrx_word' id='word_1_936' title='bbox 3212 4627 3412 4695; x_wconf 80' lang='lat' dir='ltr'><strong>princi-</strong></span> 
     </span>
    </p>
   </div>
   <div class='ocr_carea' id='block_1_111' title="bbox 1820 4737 3409 4810">
    <p class='ocr_par' dir='ltr' id='par_1_111' title="bbox 1820 4737 3409 4810">
     <span class='ocr_line' id='line_1_111' title="bbox 1820 4737 3409 4810; baseline -0.001 -15"><span class='ocrx_word' id='word_1_937' title='bbox 1820 4743 1907 4810; x_wconf 84' lang='lat' dir='ltr'><strong>pio</strong></span> <span class='ocrx_word' id='word_1_938' title='bbox 1933 4751 2046 4796; x_wconf 87' lang='lat' dir='ltr'><strong>erat</strong></span> <span class='ocrx_word' id='word_1_939' title='bbox 2094 4739 2341 4802; x_wconf 85' lang='lat' dir='ltr'><strong>Verbum,</strong></span> <span class='ocrx_word' id='word_1_940' title='bbox 2367 4755 2386 4790; x_wconf 82' lang='grc' dir='ltr'><strong>ι</strong></span> <span class='ocrx_word' id='word_1_941' title='bbox 2423 4737 2479 4792; x_wconf 86' lang='lat' dir='ltr'><strong>In</strong></span> <span class='ocrx_word' id='word_1_942' title='bbox 2519 4737 2784 4808; x_wconf 82' lang='lat' dir='ltr'><strong>principio</strong></span> <span class='ocrx_word' id='word_1_943' title='bbox 2816 4746 2936 4794; x_wconf 90' lang='lat' dir='ltr'><strong>erat</strong></span> <span class='ocrx_word' id='word_1_944' title='bbox 2963 4737 3201 4803; x_wconf 66' lang='lat' dir='ltr'><strong>Filius,»</strong></span> <span class='ocrx_word' id='word_1_945' title='bbox 3226 4747 3282 4794; x_wconf 88' lang='lat' dir='ltr'><strong>et</strong></span> <span class='ocrx_word' id='word_1_946' title='bbox 3311 4755 3409 4808; x_wconf 89' lang='lat' dir='ltr'><strong>pro</strong></span> 
     </span>
    </p>
   </div>
   <div class='ocr_carea' id='block_1_112' title="bbox 1833 4829 3409 4899">
    <p class='ocr_par' dir='ltr' id='par_1_112' title="bbox 1833 4829 3409 4899">
     <span class='ocr_line' id='line_1_112' title="bbox 1833 4829 3409 4899; baseline -0.002 -12"><span class='ocrx_word' id='word_1_947' title='bbox 1833 4834 1957 4899; x_wconf 90' lang='lat' dir='ltr'><strong>illo,</strong></span> <span class='ocrx_word' id='word_1_948' title='bbox 2006 4830 2076 4885; x_wconf 87' lang='lat' dir='ltr'><strong>Et</strong></span> <span class='ocrx_word' id='word_1_949' title='bbox 2125 4830 2350 4886; x_wconf 84' lang='lat' dir='ltr'><strong>Verbum</strong></span> <span class='ocrx_word' id='word_1_950' title='bbox 2402 4841 2513 4884; x_wconf 87' lang='lat' dir='ltr'><strong>erat</strong></span> <span class='ocrx_word' id='word_1_951' title='bbox 2545 4830 2686 4898; x_wconf 87' lang='lat' dir='ltr'><strong>apud</strong></span> <span class='ocrx_word' id='word_1_952' title='bbox 2720 4829 2912 4896; x_wconf 87' lang='lat' dir='ltr'><strong>Deum,</strong></span> <span class='ocrx_word' id='word_1_953' title='bbox 2949 4848 2969 4882; x_wconf 79' lang='grc' dir='ltr'><strong>ι</strong></span> <span class='ocrx_word' id='word_1_954' title='bbox 3003 4839 3057 4884; x_wconf 93' lang='lat' dir='ltr'><strong>et</strong></span> <span class='ocrx_word' id='word_1_955' title='bbox 3095 4831 3263 4885; x_wconf 86' lang='lat' dir='ltr'><strong>Filius</strong></span> <span class='ocrx_word' id='word_1_956' title='bbox 3292 4841 3409 4886; x_wconf 89' lang='lat' dir='ltr'><strong>erat</strong></span> 
     </span>
    </p>
   </div>
   <div class='ocr_carea' id='block_1_113' title="bbox 1833 4917 3403 4993">
    <p class='ocr_par' dir='ltr' id='par_1_113' title="bbox 1833 4917 3403 4993">
     <span class='ocr_line' id='line_1_113' title="bbox 1833 4917 3403 4993; baseline -0.003 -16"><span class='ocrx_word' id='word_1_957' title='bbox 1833 4923 1972 4993; x_wconf 88' lang='lat' dir='ltr'><strong>apud</strong></span> <span class='ocrx_word' id='word_1_958' title='bbox 2011 4922 2260 4986; x_wconf 84' lang='lat' dir='ltr'><strong>Patrem,</strong></span> <span class='ocrx_word' id='word_1_959' title='bbox 2301 4939 2320 4972; x_wconf 74' lang='grc' dir='ltr'><strong>ι</strong></span> <span class='ocrx_word' id='word_1_960' title='bbox 2357 4930 2411 4975; x_wconf 92' lang='lat' dir='ltr'><strong>et</strong></span> <span class='ocrx_word' id='word_1_961' title='bbox 2445 4936 2543 4990; x_wconf 91' lang='lat' dir='ltr'><strong>pro</strong></span> <span class='ocrx_word' id='word_1_962' title='bbox 2575 4919 2682 4985; x_wconf 82' lang='lat' dir='ltr'><strong>illo,</strong></span> <span class='ocrx_word' id='word_1_963' title='bbox 2719 4917 2785 4971; x_wconf 83' lang='lat' dir='ltr'><strong>Et</strong></span> <span class='ocrx_word' id='word_1_964' title='bbox 2816 4919 2957 4974; x_wconf 81' lang='lat' dir='ltr'><strong>Deus</strong></span> <span class='ocrx_word' id='word_1_965' title='bbox 2982 4930 3092 4972; x_wconf 84' lang='lat' dir='ltr'><strong>erat</strong></span> <span class='ocrx_word' id='word_1_966' title='bbox 3144 4917 3403 4985; x_wconf 78' lang='lat' dir='ltr'><strong>Verbum,</strong></span> 
     </span>
    </p>
   </div>
   <div class='ocr_carea' id='block_1_114' title="bbox 1833 5010 3406 5080">
    <p class='ocr_par' dir='ltr' id='par_1_114' title="bbox 1833 5010 3406 5080">
     <span class='ocr_line' id='line_1_114' title="bbox 1833 5010 3406 5080; baseline 0.001 -16"><span class='ocrx_word' id='word_1_967' title='bbox 1833 5032 1851 5064; x_wconf 83' lang='grc'><strong><em>‹</em></strong></span> <span class='ocrx_word' id='word_1_968' title='bbox 1883 5023 1938 5069; x_wconf 90' lang='lat' dir='ltr'><strong>et</strong></span> <span class='ocrx_word' id='word_1_969' title='bbox 1988 5013 2128 5068; x_wconf 91' lang='lat' dir='ltr'><strong>Deus</strong></span> <span class='ocrx_word' id='word_1_970' title='bbox 2179 5021 2299 5067; x_wconf 89' lang='lat' dir='ltr'><strong>erat</strong></span> <span class='ocrx_word' id='word_1_971' title='bbox 2329 5011 2518 5067; x_wconf 86' lang='lat' dir='ltr'><strong>Filius.</strong></span> <span class='ocrx_word' id='word_1_972' title='bbox 2545 5031 2563 5065; x_wconf 72' lang='grc' dir='ltr'><strong>ι</strong></span> <span class='ocrx_word' id='word_1_973' title='bbox 2588 5010 2665 5066; x_wconf 88' lang='lat' dir='ltr'><strong>Ita</strong></span> <span class='ocrx_word' id='word_1_974' title='bbox 2713 5012 2856 5067; x_wconf 91' lang='lat' dir='ltr'><strong>enim</strong></span> <span class='ocrx_word' id='word_1_975' title='bbox 2891 5025 3132 5080; x_wconf 88' lang='lat' dir='ltr'><strong>congrue</strong></span> <span class='ocrx_word' id='word_1_976' title='bbox 3170 5013 3406 5067; x_wconf 75' lang='lat' dir='ltr'><strong>coluere-</strong></span> 
     </span>
    </p>
   </div>
   <div class='ocr_carea' id='block_1_115' title="bbox 1829 5102 3403 5178">
    <p class='ocr_par' dir='ltr' id='par_1_115' title="bbox 1829 5102 3403 5178">
     <span class='ocr_line' id='line_1_115' title="bbox 1829 5102 3403 5178; baseline -0.003 -16"><span class='ocrx_word' id='word_1_977' title='bbox 1829 5107 1909 5162; x_wconf 90' lang='lat' dir='ltr'><strong>bit</strong></span> <span class='ocrx_word' id='word_1_978' title='bbox 1961 5108 2104 5177; x_wconf 88' lang='lat' dir='ltr'><strong>quod</strong></span> <span class='ocrx_word' id='word_1_979' title='bbox 2167 5107 2417 5178; x_wconf 88' lang='lat' dir='ltr'><strong>adjicitur</strong></span> <span class='ocrx_word' id='word_1_980' title='bbox 2469 5107 2523 5161; x_wconf 93' lang='lat' dir='ltr'><strong>in</strong></span> <span class='ocrx_word' id='word_1_981' title='bbox 2581 5105 2929 5176; x_wconf 86' lang='lat' dir='ltr'><strong>sequentibus</strong></span> <span class='ocrx_word' id='word_1_982' title='bbox 2970 5102 3206 5158; x_wconf 79' lang='lat' dir='ltr'><strong>:Omnia</strong></span> <span class='ocrx_word' id='word_1_983' title='bbox 3265 5105 3403 5158; x_wconf 83' lang='lat' dir='ltr'><strong>enim</strong></span> 
     </span>
    </p>
   </div>
   <div class='ocr_carea' id='block_1_116' title="bbox 1817 5397 3400 5470">
    <p class='ocr_par' dir='ltr' id='par_1_116' title="bbox 1817 5397 3400 5470">
     <span class='ocr_line' id='line_1_116' title="bbox 1817 5397 3400 5470; baseline -0.005 -10"><span class='ocrx_word' id='word_1_984' title='bbox 1817 5405 2119 5470; x_wconf 80' lang='lat' dir='ltr'><strong>nizat,cum</strong></span> <span class='ocrx_word' id='word_1_985' title='bbox 2145 5401 2338 5458; x_wconf 84' lang='lat' dir='ltr'><strong>Filium</strong></span> <span class='ocrx_word' id='word_1_986' title='bbox 2372 5399 2742 5455; x_wconf 91' lang='lat' dir='ltr'><strong>tantummodo</strong></span> <span class='ocrx_word' id='word_1_987' title='bbox 2772 5398 3018 5452; x_wconf 81' lang='grc' dir='ltr'>διάκονον</span> <span class='ocrx_word' id='word_1_988' title='bbox 3042 5399 3095 5452; x_wconf 90' lang='lat' dir='ltr'><strong>in</strong></span> <span class='ocrx_word' id='word_1_989' title='bbox 3118 5397 3400 5470; x_wconf 79' lang='lat' dir='ltr'><strong>creatione</strong></span> 
     </span>
    </p>
   </div>
   <div class='ocr_carea' id='block_1_117' title="bbox 1817 5467 3314 5546">
    <p class='ocr_par' dir='ltr' id='par_1_117' title="bbox 1817 5467 3314 5546">
     <span class='ocr_line' id='line_1_117' title="bbox 1817 5467 3314 5546; baseline -0.006 -15"><span class='ocrx_word' id='word_1_990' title='bbox 1817 5467 2081 5546; x_wconf 68' lang='lat' dir='ltr'><strong>supponat</strong></span> <span class='ocrx_word' id='word_1_991' title='bbox 2115 5491 2137 5546; x_wconf 85' lang='lat'><strong>_:</strong></span> <span class='ocrx_word' id='word_1_992' title='bbox 2165 5471 2470 5546; x_wconf 27' lang='lat' dir='ltr'><strong>ut‘Moysett</strong></span> <span class='ocrx_word' id='word_1_993' title='bbox 2504 5470 2559 5523; x_wconf 89' lang='lat' dir='ltr'><strong>iu</strong></span> <span class='ocrx_word' id='word_1_994' title='bbox 2594 5469 2727 5536; x_wconf 78' lang='lat' dir='ltr'><strong>legis</strong></span> <span class='ocrx_word' id='word_1_995' title='bbox 2756 5470 3206 5540; x_wconf 81' lang='lat' dir='ltr'><strong>promulgatione.</strong></span> <span class='ocrx_word' id='word_1_996' title='bbox 3244 5467 3314 5522; x_wconf 72' lang='grc' dir='ltr'><strong>Ι.</strong></span> 
     </span>
    </p>
   </div>
   <div class='ocr_carea' id='block_1_118' title="bbox 1888 5541 2438 5614">
    <p class='ocr_par' dir='ltr' id='par_1_118' title="bbox 1888 5541 2438 5614">
     <span class='ocr_line' id='line_1_118' title="bbox 1888 5541 2438 5614; baseline -0.002 -19"><span class='ocrx_word' id='word_1_997' title='bbox 1888 5541 2004 5614; x_wconf 65' lang='grc' dir='ltr'><strong>μς)</strong></span> <span class='ocrx_word' id='word_1_998' title='bbox 2032 5541 2438 5614; x_wconf 12' lang='grc' dir='ltr'>νιιιεοῄἀκτξνα.</span> 
     </span>
    </p>
   </div>
   <div class='ocr_carea' id='block_1_119' title="bbox 1887 5605 3395 5686">
    <p class='ocr_par' dir='ltr' id='par_1_119' title="bbox 1887 5605 3395 5686">
     <span class='ocr_line' id='line_1_119' title="bbox 1887 5605 3395 5686; baseline -0.002 -22"><span class='ocrx_word' id='word_1_999' title='bbox 1887 5605 1999 5686; x_wconf 71' lang='grc'><strong>(46)</strong></span> <span class='ocrx_word' id='word_1_1000' title='bbox 2053 5605 2641 5686; x_wconf 30' lang='grc' dir='ltr'>’Βῆ-ἀρχῇωαὺτοῦι,</span> <span class='ocrx_word' id='word_1_1001' title='bbox 2710 5608 2845 5677; x_wconf 67' lang='grc' dir='ltr'>ἔφη.</span> <span class='ocrx_word' id='word_1_1002' title='bbox 2921 5605 3159 5686; x_wconf 80' lang='lat' dir='ltr'><strong>Legend.</strong></span> <span class='ocrx_word' id='word_1_1003' title='bbox 3234 5605 3395 5661; x_wconf 85' lang='grc' dir='ltr'>αὑτὸν</span> 
     </span>
    </p>
   </div>
   <div class='ocr_carea' id='block_1_120' title="bbox 1816 5679 3071 5753">
    <p class='ocr_par' dir='ltr' id='par_1_120' title="bbox 1816 5679 3071 5753">
     <span class='ocr_line' id='line_1_120' title="bbox 1816 5679 3071 5753; baseline -0.006 -13"><span class='ocrx_word' id='word_1_1004' title='bbox 1816 5679 1952 5740; x_wconf 79' lang='grc' dir='ltr'>εἶναι</span> <span class='ocrx_word' id='word_1_1005' title='bbox 1978 5679 2100 5753; x_wconf 77' lang='grc' dir='ltr'>ἔφη.</span> <span class='ocrx_word' id='word_1_1006' title='bbox 2135 5683 2200 5736; x_wconf 76' lang='grc' dir='ltr'><strong>Μ.</strong></span> <span class='ocrx_word' id='word_1_1007' title='bbox 2222 5679 2305 5722; x_wconf 50' lang='grc' dir='ltr'><strong>“-ἔ-</strong></span> <span class='ocrx_word' id='word_1_1008' title='bbox 2345 5680 2587 5753; x_wconf 78' lang='lat' dir='ltr'><strong>[Corrcxi</strong></span> <span class='ocrx_word' id='word_1_1009' title='bbox 2615 5681 2786 5735; x_wconf 87' lang='lat' dir='ltr'><strong>locum</strong></span> <span class='ocrx_word' id='word_1_1010' title='bbox 2820 5693 2883 5734; x_wconf 76' lang='lat' dir='ltr'><strong>ex</strong></span> <span class='ocrx_word' id='word_1_1011' title='bbox 2917 5679 3071 5733; x_wconf 84' lang='lat' dir='ltr'><strong>codd.</strong></span> 
     </span>
    </p>
   </div>
  </div>
