3838 6222
474 276 553 332 95
563 276 582 329 1

1149 269 1416 327 EUSEBll
1452 266 1933 327 CESAPJENSIS
1967 264 2119 325 OPP.
2155 265 2338 322 PARS
2375 262 2467 324 IV.
2506 298 2577 310 --
2614 262 3039 323 DOGMATICA.

3604 262 3711 321 9‘52

470 412 571 464 per
611 394 759 447 illam
801 395 945 461 facta
1005 401 1149 453 sum,
1190 401 1239 444 et
1284 393 1395 446 sine
1436 391 1527 445 illo
1559 393 1758 460 factum
1787 390 2039 447 estnihil.

2148 407 2300 462 νησιν
2328 388 2426 460 τὴν
2453 388 2565 459 (47)
2598 390 2661 442 ὲκ
2692 387 2785 442 τοῦ
2816 389 3059 461 Πατρός·
3100 384 3208 440 πᾶν
3237 385 3346 457 γὰρ
3388 386 3448 440 τὸ
3488 386 3551 439 ἐκ
3579 404 3714 450 τινος

482 493 543 550 >14
577 485 843 553 Quocirca
895 492 1040 538 recte
1077 483 1230 537 illum
1277 483 1621 553 Evangelista
1669 483 1723 537 in
1777 484 2045 552 principio

472 578 669 643 fuisse,
700 577 1019 648 principium
1062 576 1136 630 illi
1165 576 1491 642 concedens,
1540 577 1647 631 hoc
1700 584 1785 631 est
1816 590 2045 645 genera-

478 670 681 726 tionem
724 668 791 723 de
828 668 990 723 Patre
1027 682 1044 722 :
1095 683 1219 722 nam
1243 669 1614 738 quodcunque
1647 668 1715 722 de
1772 682 2044 736 quoquam

470 762 832 831 progignitur,
892 760 1190 830 genitorem
1239 760 1323 815 sui
1377 760 1702 830 principium
1754 758 1939 813 habet.
1976 759 2046 813 At

472 869 586 907 non
633 853 859 921 perinde
907 852 982 906 ita
1035 852 1239 916 intulit,
1297 851 1366 906 Et
1414 853 1624 906 verbum
1673 852 1806 905 illud
1846 853 2045 907 eratin

474 943 615 1005 Deo,
650 943 767 1007 sed,
806 953 854 996 et
905 939 1127 995 Verbum
1161 951 1272 995 erat
1299 942 1441 1009 apud
1472 940 1659 1004 Deum,
1692 941 1764 995 ita
1796 942 1996 996 docens
2025 958 2041 994 :

480 1048 673 1103 nempe
702 1034 938 1104 genitum
959 1033 1232 1102 quemvis,
1262 1040 1317 1087 et
1344 1031 1562 1087 Patrem
1593 1046 1750 1086 suum
1777 1034 1860 1087 sui
1893 1032 2045 1100 prin-

472 1126 677 1193 cipium
710 1125 1019 1188 habentem,
1051 1139 1158 1179 non
1200 1123 1355 1192 longe
1381 1138 1411 1177 a
1436 1138 1534 1177 suo
1565 1122 1727 1177 Patre
1752 1134 2044 1187 semotum,

472 1232 588 1273 non
608 1217 908 1286 seiunctum
941 1217 1097 1286 longe
1134 1218 1203 1270 ab
1231 1216 1321 1271 ille
1357 1217 1688 1281 recessisse;
1732 1217 1825 1271 sed
1857 1218 2045 1271 adesse

480 1305 554 1359 illi
577 1313 633 1358 et
652 1320 772 1359 cum
798 1305 892 1359 illo
924 1319 1068 1359 esse.
1110 1305 1262 1370 Quod
1302 1313 1358 1359 et
1392 1307 1569 1374 ipsum
1605 1306 1789 1360 docuit
1823 1307 1875 1359 in
1912 1305 2046 1361 Pro-

475 1397 703 1464 verbiis,
747 1397 864 1461 ubi,
911 1406 969 1451 ut
1014 1397 1163 1464 prius
1199 1396 1490 1466 allegatum
1536 1405 1642 1461 est,
1683 1398 1866 1451 dixit:
1909 1398 2045 1451 Ante

471 1505 656 1544 omnes
693 1487 849 1542 colles
892 1488 1054 1558 gignit
1101 1504 1182 1542 me
1230 1488 1298 1540 ’⁸.
1343 1488 1440 1543 Cui
1481 1490 1560 1543 sic
1589 1490 1856 1557 adiunxit,
1911 1489 2045 1544 Cum

474 1583 739 1637 hominem
763 1590 1264 1649 appararet,prazsle
1293 1580 1374 1634 illi
1400 1581 1613 1635 aderam
1639 1582 1706 1636 ".
1748 1583 1929 1652 Atque
1969 1583 2042 1636 ita

478 1676 695 1744 quidem
749 1671 998 1738 Verbum,
1052 1672 1156 1726 hoc
1195 1682 1283 1727 est
1321 1674 1626 1742 unigenitus
1684 1672 1875 1739 Filius,
1928 1683 2046 1728 erat

487 1768 628 1836 apud
659 1779 816 1819 suum
853 1762 1064 1818 Patrem
1108 1763 1295 1828 Deum,
1332 1779 1592 1833 praesens,
1632 1774 1835 1826 astans,
1900 1765 2043 1818 assi-

482 1867 634 1912 stens
665 1870 880 1925 semper
916 1865 971 1908 et
1005 1857 1224 1925 ubique,
1248 1856 1390 1924 quod
1424 1855 1638 1924 quidem
1668 1856 1927 1919 insinuat,
1960 1856 2041 1911 ita

476 1949 749 2020 inquiens,
797 1948 865 2002 Et
901 1944 1129 2001 Verbum
1155 1959 1268 2001 erat
1299 1947 1439 2015 apud
1470 1945 1659 2003 Deum.
1700 1947 2045 2019 Quandoqui-

481 2042 601 2095 dem
627 2053 757 2094 vero
787 2046 1111 2108 congruerat
1148 2037 1468 2108 intelligere,
1512 2038 1728 2107 qualem
1782 2050 1911 2094 tunc
1948 2038 2044 2095 ob-

482 2130 686 2183 tinebat
734 2128 1076 2198 dignitatem,
1132 2127 1438 2182 necessario
1486 2128 1731 2197 adjunxit
1773 2129 1925 2195 illud,
1971 2129 2044 2183 Et

478 2220 620 2274 Deus
656 2228 767 2274 erat
810 2217 1212 2289 Verbum..Qui
1262 2218 1410 2272 enim
1455 2218 1616 2272 aliter
1644 2218 1760 2272 ﬁeri
1808 2228 2044 2288 poterat,

478 2314 605 2381 quin
636 2320 780 2367 esset
808 2311 900 2366 ille
928 2311 1089 2374 Deus,
1122 2311 1211 2380 qui
1250 2324 1317 2365 ex
1358 2326 1467 2366 uno
1501 2310 1616 2366 solo
1652 2312 1894 2380 ingenito
1936 2314 2045 2368 Deo

476 2402 861 2473 genituserat?
887 2401 1022 2456 Nam
1058 2401 1103 2455 si
1139 2419 1159 2452 ι
1182 2400 1324 2470 quod
1348 2400 1415 2457 de
1434 2415 1599 2456 carne
1627 2403 1887 2469 nascitur,
1918 2417 2046 2458 caro

476 2502 564 2550 est
596 2512 616 2545 ι
670 2503 726 2548 et
771 2492 912 2562 quod
967 2492 1209 2546 nascitur
1259 2492 1325 2546 de
1381 2490 1596 2561 spiritu,
1660 2490 1885 2561 spiritus
1939 2501 2043 2556 est,

473 2583 928 2658 quemadmodum
978 2584 1222 2639 doctrina
1265 2582 1568 2638 Servatoris
1618 2583 1783 2639 habet
1812 2586 1851 2647 ¹,
1897 2595 2045 2639 certe

474 2692 816 2748 consequens
836 2687 941 2741 est,
972 2685 1033 2730 ut
1055 2677 1200 2746 quod
1236 2674 1306 2730 de
1337 2674 1448 2731 Deo
1478 2676 1734 2746 gignitur,
1782 2676 1923 2731 Deus
1949 2677 2040 2731 sit.

475 2772 743 2840 Quocirca
782 2787 804 2820 ι
831 2778 887 2825 et
913 2768 1149 2824 Verbum
1189 2777 1309 2823 erat
1339 2768 1482 2824 Deus
1513 2786 1527 2821 :
1565 2787 1585 2821 ο
1624 2768 1768 2822 Deus
1792 2766 1965 2823 factor
1992 2776 2047 2823 et

477 2863 725 2917 conditor
752 2861 1017 2916 omnium.
1039 2858 1192 2925 Quod
1226 2859 1518 2913 intimabat
1551 2858 1668 2928 ipse
1705 2858 2044 2928 Evangelista

475 2955 728 3027 inquiens
774 2953 830 3008 in
879 2952 1235 3021 sequentibus
1282 2952 1489 3016 statim,
1522 2949 1713 3006 Omnia
1764 2967 1855 3018 per
1892 2952 2043 3005 illum

2143 480 2398 551 γεννηθὲν
2429 481 2602 551 ἀρχὴν
2641 479 2756 551 ἔχει
2799 480 2888 533 τὸν
2929 478 3313 548 γεγεννηκότα.
3361 478 3435 530 Ού
3483 477 3593 548 μὴν
3643 478 3712 530 ἔθ’

2142 571 2342 641 ὁμοίως
2378 571 2624 641 ἐπήγαγε
2659 571 2740 634 τὸ,
2762 569 2876 624 Καὶ
2919 573 2953 623 ό
3002 570 3193 637 Λόγος
3233 565 3312 640 ἦν
3355 567 3426 621 ἐν
3470 568 3552 635 τῷ
3580 568 3713 635 Θεῷ,

2142 660 2300 725 ἀλλὰ,
2330 662 2479 729 πρὸς
2522 662 2632 716 τὸν
2678 663 2828 715 Θεὸν
2853 658 2934 732 ἦν
2983 665 3016 714 ό
3068 662 3287 731 Λόγος,
3321 659 3586 714 διδάσκων
3634 659 3717 711 τὸν

2144 753 2467 824 γεννηθέντα
2510 754 2606 807 καὶ
2643 754 2817 824 ἀρχὴν
2857 753 2950 806 τὸν
2984 754 3205 824 Πατέρα
3255 752 3599 823 κτησάμενον
3650 750 3717 821 μὴ

2146 846 2361 916 μακράν
2401 861 2502 898 που
2539 844 2678 899 εἶναι
2705 863 2798 899 του
2843 844 3085 916 Πατρὸς,
3141 843 3273 915 μηδὲ
3316 843 3717 914 ἀπεσχοινίσθαι

2144 938 2237 991 καὶ
2256 937 2444 1009 πόρρω
2465 954 2566 992 που
2594 939 2890 1007 ἀφεστάναι
2910 936 3097 1001 αὑτοῦ,
3119 935 3253 990 ἀλλὰ
3270 938 3523 1007 παρεῖναι
3554 935 3718 1006 αὐτῷ,

2144 1031 2239 1083 καὶ⁵
2291 1032 2387 1084 σὺν
2439 1030 2589 1102 αύτῷ
2624 1028 2783 1085 εἶναι·
2825 1034 2890 1084 Ὃ
2918 1030 2984 1101 δὴ
3018 1032 3113 1085 καὶ
3149 1032 3206 1083 ὲν
3254 1025 3584 1100 Παροιμίαις
3622 1028 3721 1081 ὲδί-

2142 1119 2308 1175 δασκε
2353 1120 2615 1192 πρότερον
2667 1123 2846 1193 φήσας
2870 1104 2907 1188 ,“
2933 1120 3051 1191 11ρύ
3096 1120 3165 1179 δὲ
3200 1120 3441 1173 πάντων
3480 1117 3722 1185 ﬁam-(Br

2143 1207 2327 1280 γεννᾷ
2366 1212 2478 1281 μεῖ,
2521 1210 2708 1265 ἔπειτα
2746 1211 3033 1283 προσθεὶς,
3097 1211 3296 1266 Ἡνίκα
3320 1210 3594 1279 ἡτοίμαζε
3622 1209 3723 1263 τὸν

2140 1300 2255 1373 (48)
2269 1302 2548 1370 οὐρανὸν,
2563 1302 2970 1371 συμπαρήμην
2986 1301 3165 1366 αὐτῷ.
3185 1302 3370 1366 Οὕτως
3384 1296 3480 1355 οὖν
3491 1304 3520 1355 6
3536 1303 3720 1372 Λόγος,

2141 1392 2299 1465 δῆλον
2321 1394 2403 1446 ὅτι
2433 1393 2463 1445 6
2496 1392 2787 1463 μονογενὴς
2819 1393 2965 1456 Υίὸς,
2997 1387 3066 1462 ἦν
3099 1392 3236 1464 πρὸς
3262 1392 3353 1445 τὸν
3383 1392 3582 1446 ἑαυτοῦ
3615 1394 3724 1446 Πα-

2144 1486 2276 1554 τέρα
2305 1485 2397 1540 τὸν
2427 1485 2580 1549 Θεὸν,
2626 1482 2799 1538 συνὼν
2843 1486 2937 1538 καὶ
2983 1483 3285 1555 συμπαρὼν
3332 1483 3483 1555 αύτῷ
3514 1485 3604 1537 ἀεὶ
3636 1486 3725 1538 καὶ

2146 1577 2376 1631 πάντοτε
2398 1593 2413 1607 ·
2442 1577 2472 1630 ὃ
2498 1576 2563 1647 δὴ
2590 1578 2684 1631 καὶ
2718 1576 2959 1648 παρίστη
2985 1575 3158 1644 λέγων
3184 1592 3197 1606 ⁸
3237 1575 3348 1630 Kal
3370 1580 3404 1631 ό
3432 1576 3627 1647 Λόγος
3651 1573 3727 1648 ἦν

2145 1672 2297 1739 πρὸς
2325 1670 2432 1725 τὸν
2469 1672 2636 1725 Θεόν.
2681 1670 2837 1724 Ἐπεὶ
2877 1671 2935 1725 δὲ
2978 1671 3144 1742 ἐχρῆν
3193 1671 3342 1741 ἡμᾶς
3388 1670 3592 1737 γνῶναι
3637 1671 3728 1724 καί

2074 1728 2122 1790 Β
2145 1728 2328 1814 ὁποίου
2375 1761 2617 1832 ὑπῆρχεν
2659 1759 2967 1832 ἀξιώματος
2988 1728 3367 1828 ,Μάναγκαίως
3398 1728 3618 1829 ’συνῆψε
3645 1760 3722 1824 τὸ,

2147 1852 2259 1906 Kal
2302 1853 2446 1919 Θεὸς
2470 1850 2549 1925 ἦν
2589 1855 2621 1906 ό
2648 1854 2857 1923 Λόγος.
2900 1851 3024 1915 Πῶς
3072 1852 3180 1921 γάρ
3225 1851 3324 1903 οὐκ
3365 1848 3558 1919 ἔμελλε
3596 1850 3723 1915 Θεὸς

2147 1938 2308 2009 εἶναι,
2337 1946 2366 1999 6
2396 1945 2462 1998 ἐκ
2494 1943 2589 1998 τοῦ
2620 1945 2737 2009 ἑνὸς
2768 1945 2861 2001 καὶ
2907 1944 3069 2014 μόνου
3112 1944 3407 2013 άγεννήτου
3433 1941 3571 1995 Θεοῦ
3603 1958 3723 2009 γεν-

2146 2035 2379 2109 νηθείς;
2446 2038 2508 2091 Ei
2569 2035 2678 2108 γάρ
2740 2056 2759 2088 ι
2818 2037 2880 2091 τὸ
2947 2034 3339 2105 γεγεννημένον
3402 2035 3469 2087 ὲκ
3497 2034 3724 2101 ’σαρκὸς

2147 2128 2283 2201 σάρξ
2315 2131 2450 2191 ἐστι.
2485 2130 2580 2183 καὶ
2628 2129 2689 2183 τὸ
2734 2128 3129 2200 γεγεννημένον
3164 2129 3231 2182 ὲκ
3276 2126 3370 2180 τοῦ
3418 2126 3723 2197 πνεύματος

2145 2220 2363 2291 πνεῦμά
2382 2221 2518 2283 ἐστι,
2559 2239 2577 2271 ι
2605 2220 2747 2274 κατὰ
2777 2219 2878 2290 τὴν
2908 2220 3173 2291 σωτήριον
3201 2217 3570 2280 διδασκαλίαν,
3596 2218 3722 2271 dato-

2156 2312 2362 2377 λούθως
2387 2312 2478 2365 καὶ
2505 2311 2566 2365 τὸ
2593 2311 2987 2382 γεγεννημένον
3013 2312 3078 2364 ἐκ
3096 2308 3190 2363 τοῦ
3214 2308 3348 2361 Θεοῦ
3370 2307 3504 2371 Θεὸς
3529 2308 3597 2362 ἂν
3618 2308 3719 2381 εἴη.

2146 2404 2238 2459 Διὸ
2278 2422 2297 2455 ι
2333 2404 2427 2458 καὶ
2462 2403 2593 2467 Θεὸς
2619 2399 2687 2475 ἦν
2719 2406 2747 2457 6
2769 2405 2961 2473 Λόγοςε
2994 2421 3015 2456 ι
3048 2404 3141 2456 καὶ
3167 2401 3299 2465 Θεὸς
3322 2402 3607 2472 ποιητικὸς
3636 2403 3723 2454 καὶ

2146 2495 2540 2568 δημιουργικὸς
2571 2494 2808 2548 πάντων·
2840 2495 2905 2549 Ὃ
2929 2493 2995 2565 δὴ
3016 2494 3111 2547 καὶ
3145 2492 3254 2563 (49)
3297 2492 3429 2544 αὐτὸ
3455 2491 3724 2566 παρέστη-

2147 2604 2241 2641 σεν
2284 2589 2313 2640 6
2349 2585 2739 2657 εύαγγελιστὴς
2787 2584 2915 2655 ἑξῆς
2946 2585 3007 2638 τὸ
3038 2583 3233 2638 πάντα
3276 2582 3352 2636 δι’
3383 2582 3573 2637 αὑτοῦ
3605 2582 3723 2652 ἑτέ-

2143 2694 2281 2733 νετο
2312 2675 2671 2745 ὲπισυνάψας.
2712 2676 2772 2730 '0
2810 2675 2908 2747 μὲν
2946 2670 3039 2729 οὖν
3067 2673 3413 2743 παιδαγωγὸς
3446 2674 3613 2743 νόμος
3641 2673 3722 2726 διὰ

2145 2767 2420 2831 Μωῦσέως
2444 2769 2502 2820 ὲν
2530 2769 2598 2838 τῇ
2638 2765 2985 2837 Κοσμοποιϊα
3031 2764 3122 2818 τὸν
3160 2764 3297 2817 Θεὸν
3355 2763 3587 2834 ποιητὴν
3634 2762 3722 2815 τοῦ

2147 2861 2347 2924 παντὸς
2374 2860 2630 2929 εἰσάγων,
2663 2858 2905 2929 στοιχεῖά
2938 2875 2999 2911 τε
3038 2858 3134 2911 καὶ
3182 2855 3493 2926 εἰσαγωγάς
3543 2856 3723 2908 θεοσε-

2148 2950 2300 3015 ϐείας
2327 2950 2653 3023 παραδιδοὺς
2682 2950 2925 3005 ἐδίδασκε
2957 2948 3130 3018 λέγων
3153 2965 3170 2982 ⁸
3217 2949 3319 3003 Ἐν
3341 2946 3503 3017 ἀρχῇ
3526 2947 3726 3011 ἐποίη-

478 3048 623 3117 [acta
653 3055 794 3101 sunt.
819 3044 933 3099 Lex
959 3057 1088 3113 ergo
1121 3043 1211 3096 illa
1238 3041 1457 3115 Moysis,
1493 3041 1764 3111 paedagogi
1785 3042 1851 3096 ad
1879 3042 2044 3096 instar

2148 3057 2261 3097 σεν
2286 3045 2319 3097 ό
2347 3041 2492 3109 Θεὸς
2530 3040 2636 3095 τὸν
2662 3040 2922 3109 οὐρανὸν
2946 3040 3044 3094 καὶ
3077 3038 3192 3109 τὴν
3218 3038 3357 3110 γῆν,
3387 3040 3484 3093 καὶ
3511 3038 3583 3093 τά
3609 3038 3725 3092 τού-

476 3149 598 3204 ιιιιιε
621 3134 743 3199 fuit,
776 3133 829 3185 in
853 3130 1189 3196 Cosmopaeia
1230 3130 1395 3185 Deum
1434 3130 1674 3184 omnium
1713 3130 2044 3187 conditorem

478 3226 762 3290 inducens,
793 3224 1061 3278 elementa
1097 3222 1256 3277 nobis
1298 3222 1542 3290 quaedam
1590 3219 1778 3277 divini'
1796 3222 1973 3277 cultus
1994 3231 2049 3277 et

478 3316 850 3371 institutiones
881 3312 1120 3376 tradens,
1156 3311 1257 3376 ait,
1287 3308 1359 3364 In
1388 3309 1647 3378 principio
1679 3310 1873 3363 creavit
1907 3308 2047 3363 Deus

478 3405 665 3460 mlum
702 3412 749 3457 et
783 3414 979 3457 terram
1004 3404 1050 3465 ³,
1082 3410 1190 3455 etc.
1227 3399 1433 3466 Quibus
1466 3399 1718 3468 populum
1742 3398 2045 3455 Judmorum

475 3496 694 3550 erudire
714 3495 762 3549 is
790 3493 1021 3557 volebat,
1046 3498 1106 3546 ut
1134 3490 1392 3544 mundum
1431 3504 1553 3545 esse
1595 3489 1871 3544 conditum
1904 3488 2049 3542 arbi-

481 3595 773 3648 trarentur,
802 3599 870 3638 ne
895 3589 1197 3637 creaturam
1247 3579 1406 3633 aliter
1449 3594 1548 3649 pro
1600 3590 1846 3634 creatore
1904 3578 2049 3633 cale-

482 3688 623 3734 rent.
654 3673 934 3743 Quomodo
963 3686 1094 3728 vero
1121 3673 1286 3735 Deus,
1312 3678 1368 3723 et
1404 3685 1501 3740 per
1527 3685 1688 3740 quem
1725 3670 1828 3724 ista
1863 3669 2049 3723 condi-

478 3771 561 3825 dit
581 3772 851 3833 uuiversa,
870 3768 1106 3822 nondum
1134 3766 1347 3835 Moyses
1371 3766 1616 3819 alumnos
1642 3777 1768 3818 suos
1790 3762 2047 3818 informa-

478 3863 589 3915 hat.
621 3860 809 3916 Gratia
854 3872 985 3913 vero
1035 3867 1091 3913 et
1126 3858 1331 3911 veritas
1383 3870 1480 3925 per
1529 3852 1716 3909 Iesum
1747 3854 2045 3916 Christum,

478 3954 799 4026 mysterium
830 3951 958 4006 illud
990 3950 1341 4014 annuntians,
1390 3950 1534 4017 quod
1574 3947 1664 4004 ille
1707 3946 1921 4003 silentio
1951 3945 2047 4001 ob-

479 4044 742 4108 volverat,
790 4042 1003 4096 initium
1055 4041 1367 4112 auspicatus
1419 4039 1677 4094 Ecclesiae
1721 4039 1836 4107 Dei,
1891 4052 2046 4093 nova:

480 4135 755 4205 cujusdam
780 4141 943 4204 atque
973 4133 1221 4203 mystica:
1244 4132 1507 4187 doctrinm
1537 4148 1552 4183 :
1576 4130 1725 4184 unde
1753 4131 1893 4199 apud
1921 4145 2043 4184 om-

477 4240 597 4290 nes,
616 4235 675 4280 ut
688 4227 928 4280 exaudiri
948 4224 1136 4294 possit,
1153 4223 1398 4278 enuntiat
1414 4221 1566 4289 illud,
1587 4220 1649 4274 In
1664 4221 1916 4290 principio
1931 4230 2044 4275 erat

490 4313 736 4382 Verbum,
752 4324 803 4370 et
825 4311 1053 4367 Verbum
1069 4323 1181 4367 erat
1194 4315 1334 4382 apud
1357 4312 1543 4375 Deum,
1561 4311 1764 4381 et;Deus
1785 4322 1896 4365 erat
1914 4311 2043 4365 illud

2145 3150 2258 3198 τοις
2288 3132 2438 3203 ἑξῆς.
2505 3132 2585 3185 Δι’
2628 3126 2706 3187 ὧν
2746 3132 2839 3185 τὸν
2881 3132 3149 3186 Ἰουδαίων
3196 3129 3562 3200 παιδαγωγῶν
3606 3130 3726 3183 λαὸν

2144 3225 2397 3296 γεννητὸν
2430 3220 2568 3278 εῖναι
2608 3223 2698 3276 τὸν
2727 3225 2931 3295 κόσμον
2958 3222 3211 3295 ἡγεῖσθαι
3252 3222 3506 3294 παρῄνει,
3539 3240 3559 3274 ι
3594 3222 3725 3293 πρὸς

2143 3318 2204 3371 τὸ
2237 3318 2310 3389 μὴ
2341 3317 2440 3388 τὴν
2470 3315 2645 3370 κτίσιν
2670 3316 2820 3388 παρὰ
2842 3316 2933 3371 τὸν
2960 3316 3219 3369 κτίσαντα
3251 3315 3450 3369 σέϐειν.
3480 3334 3499 3367 ι
3538 3316 3725 3377 Ὅπως

2142 3407 2201 3461 δὲ
2232 3411 2260 3461 6
2289 3408 2421 3470 Θεὸς
2442 3448 2456 3472 ,
2488 3407 2582 3460 καὶ
2610 3407 2697 3460 διὰ
2722 3408 2867 3470 τίνος
2912 3405 2981 3459 τὰ
3024 3405 3313 3477 σύμπαντα
3345 3405 3723 3478 ἐδημιούργει,

2142 3498 2243 3552 οὐκ
2270 3497 2350 3551 ἔτι
2380 3498 2618 3569 Μωῦσῆς
2645 3500 2758 3562 τοῖς
2793 3498 2885 3550 ὑπ’
2918 3497 3079 3550 αὐτὸν
3109 3497 3414 3569 παρεδίδου·
3450 3500 3521 3567 ιη
3555 3497 3611 3550 δὲ
3636 3498 3727 3568 χά-

2149 3605 2232 3658 ρις
2255 3588 2348 3641 καί
2375 3589 2409 3659 ἡ
2437 3587 2663 3659 ἀλήθεια
2691 3588 2779 3642 διά
2818 3588 2991 3659 Ἰησοῦ
3021 3588 3258 3661 Χριστοῦ
3292 3606 3311 3639 ι
3338 3587 3399 3641 τὸ
3431 3589 3727 3658 σεσιγημέ-

2146 3695 2234 3733 νον
2254 3680 2359 3732 ὑπὸ
2375 3679 2650 3742 Μωῦσέως
2682 3679 2977 3749 μυστήριον
3004 3678 3461 3749 εύαγγελιζομένη
3491 3677 3730 3731 καινοτέ-

2148 3788 2245 3844 ρας
2271 3770 2380 3842 (50)
2405 3772 2498 3824 καὶ
2520 3771 2785 3842 μυστικῆς
2810 3773 2875 3841 τῇ
2906 3769 3201 3841 Ἐκκλησία
3215 3769 3308 3822 τοῦ
3329 3770 3466 3822 Θεοῦ
3493 3770 3728 3841 κατῆρξε

2145 3861 2521 3926 διδασκαλίας,
2574 3862 2831 3933 ἄντικρυς
2874 3863 2986 3923 τοῖς
3040 3861 3206 3913 πᾶσιν
3258 3861 3341 3923 εἰς
3406 3860 3728 3926 ἐξάκουστον

2148 3951 2325 4023 βοῶσα
2358 3952 2439 4017 τὸ,
2481 3953 2584 4007 Ἔν
2628 3951 2785 4021 ἀρχῇ
2823 3947 2902 4023 ἦν
2935 3955 2968 4005 ό
3000 3953 3211 4021 Λόγος,
3251 3951 3351 4006 καὶ
3376 3954 3410 4005 ό
3443 3953 3639 4022 Λόγος
3657 3946 3731 4019 ἦν

2144 4043 2292 4113 πρὸς
2311 4044 2416 4099 τὸν
2437 4044 2603 4109 Θεὸν,
2622 4045 2718 4097 καὶ
2750 4045 2893 4110 Θεὸς
2915 4041 2995 4113 ἦν
3014 4047 3047 4098 ό
3068 4045 3279 4113 Λόγος
3310 4044 3405 4097 καὶ
3427 4044 3512 4107 τὸ,
3530 4043 3731 4099 Πάν-τα

2143 4133 2217 4187 δι’
2250 4133 2435 4187 αὑτοῦ
2467 4131 2721 4203 ἐγένετο,
2752 4133 2851 4186 καὶ
2883 4133 3064 4203 χωρὶς
3087 4133 3275 4187 αὐτοῦ
3306 4132 3551 4204 ἐγένετο
3592 4133 3734 4188 οὐδέ

2143 4224 2243 4279 ἕν’
2294 4225 2388 4278 καὶ
2441 4224 2524 4278 ἔτι
2571 4224 2780 4289 τούτοις
2826 4225 3130 4295 προσθεῖσα
3165 4224 3248 4291 τὸ,
3283 4226 3343 4277 Ὃ
3374 4223 3630 4296 γέγονεν
3671 4228 3735 4279 ὲν

2144 4312 2304 4380 αὐτῷ
2343 4312 2456 4383 ζωὴ
2496 4311 2577 4385 ἦν
2602 4314 2701 4368 καὶ
2740 4316 2780 4384 ἠ
2830 4313 2941 4383 ζωὴ
2984 4314 3064 4384 ἦν
3102 4314 3166 4369 τὸ
3212 4314 3338 4384 φῶς
3364 4314 3487 4369 τῶν
3512 4316 3733 4386 ἀνθρώ-

488 4404 734 4459 Verbum.
767 4402 835 4458 Et
865 4406 1041 4458 omnia
1079 4420 1172 4474 per
1197 4404 1348 4457 illum
1381 4402 1523 4471 facta
1550 4412 1693 4463 sunt.
1731 4413 1778 4456 et
1811 4403 1922 4457 sine
1953 4402 2044 4455 illo

2148 4418 2295 4469 πων,
2342 4403 2443 4457 καὶ
2485 4403 2554 4457 τὸ
2604 4403 2730 4474 φῶς
2775 4405 2845 4458 ἐν
2891 4402 2965 4473 τῇ
3020 4407 3234 4471 σκοτίᾳ
3279 4407 3504 4474 φαίνει,
3540 4389 3735 4459 καὶ’τᾶ

478 4498 677 4566 factum
725 4507 800 4550 est
849 4497 980 4550 nihil
1022 4497 1060 4550 ³.
1107 4498 1189 4551 Ad
1230 4512 1350 4564 quae
1389 4494 1660 4549 accedunt
1705 4493 1791 4546 illa
1837 4510 1851 4546 :
1888 4492 2041 4558 Quod

478 4591 680 4658 factum
706 4597 802 4651 est,
834 4590 890 4641 in
915 4589 1006 4641 illo
1042 4589 1143 4642 vita
1184 4587 1310 4655 fuit,
1346 4591 1407 4648 an
1442 4596 1491 4638 et
1524 4586 1629 4638 vita
1665 4594 1780 4636 erat
1821 4584 1914 4636 lux
1941 4586 2039 4637 Ilo-

480 4680 699 4745 mimtm,
725 4692 774 4733 et
804 4678 978 4732 lumen
1011 4680 1065 4731 in
1098 4678 1323 4730 tenebris
1368 4675 1653 4745 aﬂulqebal
1704 4674 1725 4705 ⁸
1774 4689 1789 4727 :
1830 4684 1884 4728 et
1924 4690 2043 4741 qua:

480 4781 812 4838 sequuntur;
841 4771 1034 4838 quibus
1068 4767 1262 4822 Filium
1295 4766 1409 4829 Dei,
1447 4776 1496 4820 et
1525 4765 1722 4821 divinae
1746 4763 1883 4819 lucis
1903 4780 2042 4832 pra:-

482 4863 795 4933 rogativam,
828 4871 884 4915 et
914 4861 1034 4914 vitm
1056 4861 1109 4913 in
1145 4860 1237 4913 illo
1271 4858 1638 4927 praestantiam
1662 4858 1814 4912 docet
1846 4875 1859 4920 ;
1909 4872 2044 4926 qua-

479 4953 603 5009 liter
622 4954 786 5008 etiam
824 4968 943 5020 quae
996 4966 1090 5020 per
1115 4950 1354 5023 Moysem
1391 4950 1535 5005 dicta
1585 4958 1713 5004 sunt
1756 4949 1954 5010 omnia,
1993 4957 2046 5002 et

475 5059 598 5113 qua:
619 5045 707 5099 illa
731 5045 896 5100 etiam
939 5055 1218 5113 superant,
1263 5042 1711 5112 suntlproducta.
1740 5040 1871 5095 Cum
1908 5042 2039 5094 isto-

477 5152 595 5191 rum
658 5136 789 5191 nihil
838 5137 1157 5206 intelligeret
1215 5134 1540 5199 Marcellus,
1618 5134 1887 5188 interdum
1946 5134 2039 5186 de-

548 5283 610 5342 ›Ῑ‹
650 5275 746 5331 Ed.
788 5275 984 5342 Paris.,
1016 5291 1134 5346 pag.
1165 5275 1285 5339 125,
1306 5274 1428 5329 124.

2147 4494 2357 4558 τούτοις
2398 4493 2668 4547 ἀκόλουθα
2691 4533 2706 4557 ,
2740 4495 2807 4549 δι’
2852 4488 2926 4547 ὧν
2953 4495 3045 4548 τὸν
3079 4494 3207 4547 Υἰὸν
3248 4493 3344 4547 τοῦ
3375 4494 3515 4548 Θεοῦ
3547 4497 3647 4549 καὶ
3672 4496 3734 4547 τὰ

2147 4584 2399 4658 ἐξαίρετα
2444 4586 2539 4640 τοῦ
2591 4586 2736 4640 θείου
2781 4587 2956 4656 φωτὸς
3001 4586 3229 4656 καὶτῆς
3268 4588 3326 4639 ὲν
3370 4586 3523 4658 αὐτῷ
3566 4588 3733 4655 ζωῆς.

2145 4676 2293 4739 ὅπως
2318 4693 2375 4729 τε
2406 4676 2473 4729 δι’
2501 4676 2666 4730 αὐτοῦ
2704 4676 2774 4730 τά
2806 4677 2909 4730 ὑπὸ
2949 4678 3225 4740 Μωῦσέως
3252 4677 3523 4749 εἰρημένα
3558 4680 3735 4733 πάντα

2144 4768 2239 4820 καὶ⁵
2263 4767 2332 4820 τά
2354 4767 2433 4821 ἔτι
2459 4767 2662 4821 τούτων
2695 4768 2971 4830 ἐπέκεινα,
2998 4769 3227 4840 συνέστη
3259 4770 3528 4824 παιδεύει.
3575 4772 3733 4825 ’Δλλὰ

2145 4860 2345 4913 τούτων
2377 4860 2528 4913 οὐδὲν
2558 4861 2876 4932 Μάρκελλος
2906 4861 3081 4926 εἰδὼς,
3106 4863 3235 4916 ποτὲ
3264 4862 3363 4932 μὲν
3399 4864 3730 4929 Ἱουδαῖζων.

2150 4952 2279 5004 ποτὲ
2325 4951 2380 5004 δὲ
2408 4952 2740 5017 Σαϐελλίζων
2777 4954 3088 5007 ἁλίσκεται·
3143 4953 3286 5007 κατὰ
3322 4955 3421 5024 μὲν
3472 4956 3571 5008 τὸν
3609 4958 3731 5009 Ἰου-

2145 5042 2291 5095 δαῖον
2326 5043 2431 5114 πρὸ
2477 5044 2579 5114 τῆς
2626 5044 2722 5098 τοῦ
2768 5044 2971 5115 κόσμου
3019 5045 3329 5108 συστάσεως
3376 5045 3550 5117 μηδὲν
3599 5044 3732 5099 εἶναι

2144 5135 2366 5203 φάσκων
2399 5135 2536 5207 πλὴν
2580 5136 2674 5190 τοῦ
2706 5135 2842 5190 Θεοῦ
2875 5137 3035 5208 μόνου
3064 5135 3196 5207 (Si),
3234 5136 3341 5207 πρὸ
3368 5137 3474 5203 τῆς
3496 5139 3597 5191 τοῦ
3647 5139 3733 5190 κό-

543 5371 591 5404 ⁹⁶
614 5372 771 5425 Prov.
810 5387 926 5435 vm,
960 5370 1052 5426 25.
1127 5369 1173 5401 ”
1208 5371 1336 5424 ibid.
1368 5371 1459 5423 27.
1538 5352 1742 5424 ‘IJoan.
1773 5384 1859 5434 ιιι,
1895 5366 1949 5422 6.
2026 5368 2044 5397 ¹

2148 5381 2191 5419 ι.
2225 5381 2262 5426 ι,
2298 5368 2348 5417 1.
2426 5363 2629 5421 'Joan.
2680 5382 2721 5430 ι,
2755 5367 2804 5430 1,
2834 5366 2887 5420 5.
2962 5368 2985 5396 ’⁸
3015 5364 3146 5420 ibid.
3186 5362 3241 5431 ὁ,
3283 5364 3338 5419 5.

568 5491 657 5559 ﬂ)
688 5490 857 5559 Vulgo
894 5490 1042 5542 deest
1073 5489 1187 5543 τοῦ.

568 5492 634 5544 ι’]
688 5491 857 5559 Vulgo
894 5491 1042 5542 deest
1073 5491 1187 5543 τοῦ.

542 5491 859 5632 ἷιεζψνυιεο
874 5559 1173 5632 άνθρωπον,
1200 5570 1256 5614 et
1275 5575 1419 5626 mox,
1443 5555 1768 5625 obtm6‘obv,
1802 5566 1859 5612 et
1890 5570 2034 5621 mox,

474 5630 643 5700 vulgo
662 5630 690 5680 ὃ
713 5630 770 5683 δὲ
805 5631 913 5683 καί.

547 5697 657 5770 (i9)
690 5700 849 5771 Vulgo
872 5697 1030 5763 αὐτὸς
1060 5699 1404 5772 παρίστησιν.

2140 5572 2237 5623 γου

2211 5626 2228 5693 (

2213 5480 2324 5557 (50)
2352 5486 2461 5557 Καὶ
2483 5484 2901 5557 μυστικοτέρας,
2928 5484 3068 5553 lege,
3094 5484 3214 5557 1(a).
3256 5483 3352 5536 τὸν
3376 5483 3509 5537 Υίὸν
3540 5483 3725 5553 ὁμολο-

2222 5553 2559 5627 ἓᾷσηςῖμιιεέζε,
2581 5553 3036 5627 ὁμολογούμενος.
3094 5553 3166 5608 Μ.

2236 5623 2322 5694 51)
2349 5623 2516 5694 Vulgo
2535 5623 2633 5689 τας
2668 5623 3145 5691 Ἐκκλζιιεεεηίιι
3169 5637 3315 5678 corr.
3354 5644 3374 5675 ι
3419 5625 3577 5679 deest
3628 5637 3721 5674 ικ-

2146 5693 2389 5765 κλησίας.
2429 5714 2448 5745 ι
