3838 6222
154 313 266 370 955

1126 306 1210 361 DE
1249 305 1782 363 ECCLESIASTICA
1822 304 2211 364 THEOLOGlA
2255 307 2382 362 LIB.
2425 304 2482 361 ll.

3311 309 3416 366 νει

157 445 304 500 σμου
327 429 424 499 τῆς
440 428 762 499 Ἐκκλησίας
789 428 1099 492 συστάσεως
1125 429 1216 480 τὸν
1236 427 1453 498 Πατέρα
1481 425 1617 480 εἶναι
1650 429 1736 480 καὶ

1847 429 2194 494 prehenditur
2244 427 2566 496 judaizare,
2625 427 2892 480 interdum
2949 427 3287 498 transfugere
3347 432 3416 485 ad

155 520 254 572 τὸν
289 518 416 572 Υίὸν
458 519 826 591 ὁμολογούσης
849 537 862 549 ο
899 518 1038 572 κατά
1083 518 1140 570 δὲ
1183 517 1275 570 τὸν
1322 516 1606 570 Σαϐέλλιον
1645 517 1742 569 ἕνα

157 612 260 665 καὶ
290 611 381 663 τὸν
399 611 560 664 αὐτὸν
590 606 728 664 εἶναι
749 610 1181 681 ἀποφαινόμενος
1204 609 1332 662 Υίὸν
1363 611 1458 662 καὶ
1489 609 1704 679 Πατέρα
1724 626 1738 640 ·

158 702 260 754 καί
294 718 420 754 ποτε
453 701 548 772 μὲν
577 701 685 771 (5‘2)
712 697 777 755 αὗ
803 703 894 755 τὸν
942 701 1243 754 ἐνδιάθετον
1287 701 1520 769 εἰσάγων
1548 702 1739 769 Λόγον,

157 794 296 847 ποτὲ
321 794 376 846 δὲ
409 795 755 866 προφορικὸν.
793 797 855 848 Ei
881 795 989 866 γὰρ
1023 795 1400 866 προσποιεῖται
1429 794 1630 858 ταύτας
1667 795 1741 865 μὴ

161 883 560 954 παραδέχεσθαι
606 884 704 947 τὰς
749 884 930 954 φωνὰς
964 883 1096 956 (55),
1133 885 1270 956 πλὴν
1318 886 1381 956 δὴ
1429 885 1601 954 Λόγος
1642 886 1741 957 τὴν

159 977 227 1027 ὲκ
255 973 347 1026 τοῦ
377 991 502 1027 ποτε
529 976 625 1044 μὲν
651 975 796 1029 ἔνδον
819 977 980 1029 αὐτὸν
1008 976 1184 1044 λέγειν
1215 978 1274 1029 ὲν
1297 976 1374 1046 τῷ
1395 975 1536 1045 Θεῷ,
1555 975 1739 1030 ἄλλοτε

159 1065 219 1118 δὲ
251 1066 315 1118 δι’
366 1067 643 1138 ἐνεργείας
688 1067 980 1138 δραστικῆς
1023 1067 1268 1140 προϊέναι
1314 1067 1478 1120 αὐτοῦ
1500 1109 1513 1132 ,
1542 1067 1634 1135 ἀφ’
1665 1060 1740 1120 ὧν

157 1173 221 1209 τε
270 1155 348 1226 τῷ
378 1156 698 1228 ἀνθρωπίνῳ
745 1159 1034 1223 ἀπεικάζει
1060 1159 1220 1212 αὑτὸν
1253 1159 1395 1230 λόγῳ
1416 1175 1430 1190 ο
1465 1159 1493 1211 ὃ
1535 1159 1642 1229 (54)
1676 1175 1738 1226 γε

159 1249 275 1320 μὴν
302 1249 440 1313 θεῖος
476 1252 860 1323 εὑαγγελιστὴς
907 1254 1027 1307 κατ’
1059 1253 1250 1306 οὐδένα
1277 1253 1385 1305 τῶν
1420 1251 1741 1323 ἀποδεδομέ-

156 1356 268 1390 νων
295 1339 529 1409 τρόπων,
565 1341 734 1407 Λόγον
769 1342 1112 1414 ὑπεστήσατο
1137 1344 1226 1396 τὸν
1261 1343 1396 1416 πρὸς
1425 1343 1589 1398 αὑτοῦ
1622 1343 1741 1396 θεο-

154 1429 514 1501 λογούμενον,
550 1432 662 1485 ἀλλ’
685 1427 796 1486 οἷον
823 1434 1028 1505 ἔπρεπε
1066 1434 1158 1488 τὸν
1196 1435 1455 1506 μονογενῆ
1487 1435 1612 1488 Υἱὸν
1644 1435 1738 1488 τοῦ

153 1519 296 1572 Θεοῦ
328 1524 484 1585 νοεῖν,
514 1523 684 1591 Λόγον
713 1524 810 1594 μὲν
843 1525 991 1588 ὄντα,
1019 1525 1214 1578 καθ’ὃν
1242 1526 1418 1579 πάντα
1440 1525 1582 1597 λόγῳ
1614 1544 1737 1580 συν-

145 1611 443 1680 εστήσατο,
477 1615 571 1666 καὶ
603 1614 770 1684 χωρὶς
810 1613 984 1682 Λόγου
1014 1613 1121 1667 τῶν
1153 1615 1319 1667 όντων
1350 1615 1498 1668 οὐδὲν
1524 1615 1732 1684 γέγονε’

148 1701 290 1756 Θεὸν
321 1702 376 1756 δὲ
418 1705 512 1757 καὶ
545 1706 840 1774 Μονογενῆ,
869 1705 990 1758 καθ’
1017 1705 1045 1757 ὃ
1079 1705 1237 1776 μόνος
1269 1707 1484 1776 ἀληθῶς
1506 1703 1574 1776 ἦν
1605 1708 1737 1770 Υἱὸς

1847 512 2142 565 Sabellium
2181 529 2194 565 :
2226 511 2602 577 utﬁjudaizans
2627 521 2751 564 ante
2774 512 2959 564 mundi
2984 514 3414 582 productionem,

1844 610 2040 670 praeter
2079 601 2250 654 solum
2286 601 2452 655 Deum
2476 603 2632 654 docet
2660 600 2792 654 nilril
2823 602 3118 658 exstitisse.
3153 602 3284 658 Cum
3310 603 3416 660 Ec-

1843 695 2002 748 clesia
2033 703 2158 748 ante
2187 695 2366 747 mundi
2391 703 2659 758 exortum,
2684 702 2738 746 et
2762 693 2976 748 Patrem
3010 704 3268 764 agnoscat
3291 708 3418 753 ante

1843 787 2057 840 Filium.
2111 785 2332 840 Sabellii
2397 793 2577 856 partes
2627 799 2815 856 agens,
2872 801 3036 838 unmn
3073 796 3127 840 et
3160 789 3413 842 eumdem

1841 877 2055 931 Patrem
2081 878 2325 945 designat
2350 891 2512 947 atque
2529 877 2745 932 Filium.
2774 877 3044 930 Interdum
3065 878 3415 934 introducens

1842 963 2076 1018 Verbum
2112 966 2413 1019 immanens
2449 985 2462 1020 :
2506 967 2795 1035 aliquando
2829 967 3153 1036 prolatitium
3183 979 3239 1022 et
3269 984 3418 1023 ema-

1842 1071 1996 1109 nans.
2032 1056 2190 1109 Certe
2212 1057 2379 1110 videri
2413 1057 2523 1110 vult
2555 1058 2652 1111 has
2682 1073 2840 1113 voces
2871 1074 3141 1128 respuere.
3172 1061 3241 1112 At
3270 1063 3414 1114 enim

1841 1148 1967 1214 quid
2018 1147 2162 1201 aliud
2218 1148 2532 1214 assignavit,
2573 1165 2694 1203 cum
2733 1149 2958 1204 Verbum
2996 1151 3123 1206 illud
3184 1152 3328 1206 intus
3361 1153 3414 1206 in

1842 1239 1950 1293 Deo
1983 1255 2124 1292 nunc
2147 1238 2376 1292 alIirmet
2404 1257 2417 1293 :
2444 1256 2587 1294 nunc
2613 1257 2710 1311 per
2735 1245 3090 1312 operatricem
3121 1243 3415 1300 eﬂlcaciam

1839 1331 2054 1400 prodire
2102 1333 2450 1400 pronuntiet?
2507 1332 2647 1385 unde
2697 1343 2750 1386 et
2805 1349 2923 1387 cum
2979 1336 3212 1390 humano
3245 1338 3416 1390 verbo

1840 1421 2112 1490 componit
2143 1419 2296 1474 illud.
2329 1423 2398 1475 At
2424 1422 2568 1476 enim
2592 1423 2804 1476 divinus
2824 1425 3150 1495 evangelista
3179 1425 3414 1481 Verbum

1839 1528 1869 1566 a
1900 1529 1956 1566 se
1979 1512 2284 1567 deiﬁcatum
2316 1514 2609 1567 secundum
2639 1515 2840 1569 nullum
2871 1517 3094 1570 istorum
3131 1511 3414 1574 medorum

1840 1603 2245 1672 intelligendum
2275 1607 2576 1674 proposuit.
2611 1604 2713 1659 Sed
2743 1619 2801 1660 ut
2841 1624 2938 1676 par
2962 1616 3015 1662 et
3046 1624 3256 1677 aequum
3296 1611 3414 1665 fue-

1843 1706 1925 1749 rat
1981 1697 2312 1765 unigenitum
2362 1699 2455 1751 Dei
2483 1698 2675 1752 Filium
2724 1701 3070 1768 intelligendo
3102 1705 3410 1774 concipere,

148 1794 250 1846 τοῦ
281 1795 370 1846 ἐπὶ
398 1795 610 1848 πάντων
643 1794 778 1847 Θεοῦ
805 1811 818 1824 ο
856 1795 982 1858 Υἱὸς
1014 1797 1234 1866 γνήσιος
1261 1796 1451 1860 ὅντως,
1479 1798 1573 1850 καὶ
1600 1799 1736 1865 ἁγα-

1845 1788 2069 1842 Vcrhum
2097 1803 2219 1842 esse
2243 1791 2443 1852 docuit,
2475 1806 2570 1859 per
2597 1793 2738 1860 quod
2761 1794 2938 1846 omnia
2968 1797 3262 1851 secundum
3289 1813 3414 1852 snas

149 1887 348 1958 πητὸς,
383 1886 460 1957 τῷ
485 1886 648 1940 αὐτοῦ
676 1888 849 1958 Πατρὶ
893 1889 1034 1942 κατά
1063 1889 1241 1942 πάντα
1269 1889 1698 1960 ἁφομοιούμενος
1718 1905 1732 1919 ⁸

147 1980 248 2032 Διὸ
276 1981 367 2032 καὶ
400 1980 531 2043 Θεὸς
571 1976 639 2050 ἦν
671 1979 907 2052 άληθῶς,
937 1979 1058 2033 καθ’
1083 1981 1111 2033 ὃ
1138 1982 1200 2034 τὸ
1233 1983 1417 2054 νοερὸν
1449 1984 1544 2035 καὶ
1587 1983 1735 2051 λογι-

147 2073 251 2125 κδν
281 2075 399 2134 ταῖς
442 2073 559 2124 κατ’
585 2073 768 2124 εἰκόνα
797 2073 894 2142 τὴν
925 2070 1086 2125 αὐτοῦ
1117 2075 1513 2143 πεποιημέναις
1537 2075 1734 2146 ψυχαῖς

148 2163 473 2232 ὲναυγάζειν
519 2164 738 2233 φέγγος.
775 2165 868 2216 Διὸ
896 2165 956 2216 οὐ
998 2163 1214 2218 πάντων
1256 2167 1414 2218 αὑτὸν
1451 2167 1564 2236 φῶς
1594 2164 1733 2221 εἷναί

147 2271 342 2324 φησιν,
375 2254 506 2308 ἀλλὰ
539 2255 712 2326 μόνων
738 2253 1058 2324 ἀνθρώπων.
1091 2250 1211 2309 Ἦν
1236 2255 1346 2326 γὰρ
1379 2257 1445 2310 τὸ
1473 2257 1634 2326 φῶς,
1665 2258 1731 2311 τὸ

141 2345 402 2415 φωτίζον
428 2345 622 2399 πάντα
652 2347 962 2415 ἄνθρωπον
986 2347 1310 2415 ἐρχόμενον
1356 2350 1443 2413 εὶς
1483 2351 1591 2402 τὸν
1633 2353 1731 2404 κό-

145 2454 341 2506 σμον,
379 2425 673 2508 ἕφη.οὖτω
695 2439 750 2491 δὲ
784 2439 878 2491 καὶ
907 2437 1018 2510 ζωὴ
1051 2440 1294 2511 ὑπῆρχεν
1322 2439 1537 2510 ἀληθῶς
1565 2483 1578 2505 ,
1607 2441 1730 2495 καθ’

143 2527 183 2580 ὂ
227 2531 360 2582 πᾶσι
407 2532 518 2593 τοῖς
561 2529 731 2594 ζῶσι,
761 2529 822 2582 τὸ
862 2531 961 2600 τῆς
1005 2530 1063 2597 ἐξ
1111 2531 1276 2583 αὑτοῦ
1313 2533 1726 2603 χορηγίας(55),

148 2617 387 2688 παρέχει
419 2619 567 2684 νᾶμα
601 2619 695 2670 καὶ
727 2616 848 2671 καθ’
896 2619 1132 2689 ἑκάστην
1161 2619 1217 2672 δὲ
1249 2620 1488 2674 ἐπίνοιαν
1533 2622 1641 2675 τῶν
1673 2625 1731 2676 ὲν

145 2709 310 2779 αὑτῷ
349 2709 541 2762 θεῖκῶν
586 2709 862 2780 δυνάμεων
893 2710 1306 2780 παραστατικὰς
1332 2711 1512 2783 εὕροις
1535 2711 1599 2765 ἂν
1633 2713 1731 2765 αὑ·-

147 2801 253 2856 τοῦ
302 2803 394 2854 καὶ
425 2801 642 2871 ἀληθεῖς
685 2802 1020 2873 ἐπωνυμίας.
1065 2801 1220 2855 Κατά
1257 2802 1432 2856 πάντα
1466 2803 1574 2876 γὰρ
1603 2805 1734 2874 ἀλή-

147 2894 282 2948 Θεια
321 2891 388 2966 ἦν
409 2896 437 2948 ό
461 2895 588 2958 Υἱὸς
613 2893 707 2947 τοῦ
739 2895 896 2958 Θεοῦ,
931 2894 959 2947 ὃ
987 2893 1051 2965 δὴ
1097 2893 1427 2965 παρίστησιν
1457 2895 1619 2958 αὐτὸς
1642 2895 1731 2948 λέ·-

147 3004 276 3055 γων
306 2987 416 3059 (56)
439 3004 452 3018 ο
491 2987 636 3056 Ἐγώ
664 2990 781 3058 ειμι
808 2988 844 3056 ἡ
877 2987 1147 3054 ἀλήθεια.

1841 1881 2076 1936 rationes
2104 1882 2499 1937 rationabiliter
2533 1894 2659 1938 sunt
2682 1887 2972 1940 constituta
3018 1905 3031 1939 :
3061 1889 3178 1944 sine
3206 1905 3314 1959 qtto
3339 1892 3415 1943 ni-

1839 1973 1910 2026 hil
1946 1971 2146 2027 factum
2170 1983 2253 2028 est
2276 1990 2461 2029 eorum
2493 1991 2611 2044 qua:
2641 1986 2784 2031 sunt.
2811 1977 2977 2032 Deum
3002 1995 3125 2034 eum
3152 1991 3330 2043 vocat.
3357 1992 3414 2037 et

1839 2064 2195 2130 unigenitum,
2242 2075 2522 2134 propterea
2557 2068 2696 2135 quod
2733 2069 2878 2123 solus
2913 2071 3000 2125 ille
3031 2087 3158 2128 vere
3190 2073 3292 2129 fuit
3321 2073 3412 2130 Fi-

1837 2157 1938 2210 lius
1960 2157 2083 2220 Dei;
2131 2158 2244 2224 Dei,
2290 2161 2487 2226 quiest
2522 2174 2685 2228 super
2705 2163 2884 2224 omnia
2921 2162 3091 2219 Filius
3120 2168 3408 2236 genuinus,

1836 2246 1981 2302 Patri
2006 2265 2102 2303 suo
2125 2250 2351 2304 dilectus
2383 2267 2398 2302 :
2425 2265 2519 2318 per
2549 2253 2728 2306 omnia
2754 2269 2851 2307 suo
2880 2256 3022 2309 Patri
3049 2257 3407 2314 assimilatus:

1838 2341 2046 2395 ntideo
2079 2356 2204 2394 vere
2243 2343 2382 2397 Deus
2427 2345 2716 2410 exstiterit,
2762 2360 2826 2399 eo
2860 2348 3000 2415 quod
3052 2349 3248 2404 animis
3281 2366 3310 2405 a
3351 2366 3413 2408 se

1837 2435 2034 2487 creatis
2074 2433 2138 2486 ad
2168 2434 2457 2502 imaginem
2493 2449 2645 2489 Suam
2677 2436 3093 2493 intellectualem
3123 2440 3296 2497 lucem
3325 2457 3413 2497 ra-

1837 2525 2090 2580 tionalem
2128 2526 2467 2580 irradiaverit
2510 2529 2804 2597 :quocirca
2857 2541 3014 2585 vocat
3045 2531 3216 2587 lucem
3261 2534 3412 2590 illum

1837 2632 1941 2670 non
1999 2632 2178 2670 rerum
2224 2617 2485 2679 omnium,
2537 2621 2631 2672 sed
2681 2620 2958 2674 hominum
3018 2626 3410 2680 tantummodo.

1839 2705 1971 2761 Erat
2003 2709 2162 2772 enim,
2191 2707 2288 2770 ait,
2332 2708 2426 2761 lux
2458 2709 2766 2763 illuminans
2799 2727 3000 2766 omnem
3032 2714 3291 2769 hominem
3323 2732 3413 2771 ve-

1840 2803 2059 2854 nientem
2093 2801 2147 2853 in
2173 2800 2312 2854 hunc
2341 2799 2614 2853 mundum.
2648 2800 2728 2854 Ad
2758 2802 2901 2857 hunc
2939 2807 3156 2858 modum
3194 2814 3248 2860 et
3286 2821 3414 2862 vere

1842 2892 2142 2947 exsistebat
2163 2890 2271 2945 vita
2304 2907 2319 2944 :
2350 2905 2415 2946 co
2443 2890 2583 2959 quod
2614 2893 2863 2947 onmibus
2897 2896 3202 2951 viventibus
3225 2895 3293 2952 de
3313 2913 3412 2952 suo

1847 2986 2171 3057 suppeditet.
2205 2984 2380 3055 Atque
2408 2985 2480 3039 ita
2507 2985 2750 3040 invenire
2793 2988 2951 3043 nobis
3010 2989 3134 3044 licet
3173 2991 3413 3061 appella-

144 3077 335 3130 tiones
368 3078 414 3129 ei
455 3090 579 3130 vere
612 3077 922 3141 attributas,
949 3076 1146 3146 quibus
1170 3091 1289 3144 qua:
1324 3076 1398 3131 illi
1429 3076 1635 3142 insunt,
1685 3076 1888 3132 divinae
1939 3079 2173 3131 virtutes
2213 3084 2693 3144 repraesentantur.
2759 3077 2972 3148 Ubique
3025 3093 3205 3136 autem
3239 3091 3292 3138 et
3316 3099 3414 3155 per

143 3169 340 3224 Omnia
381 3177 516 3233 erat,
557 3168 780 3232 veritas,
825 3169 914 3222 Dei
964 3167 1130 3223 Filius
1176 3178 1318 3235 erat,
1349 3171 1491 3239 quod
1536 3171 1605 3225 ab
1639 3171 1754 3239 ipso
1794 3172 2088 3225 edocemur
2110 3168 2200 3223 ubi
2223 3169 2337 3225 ait:
2372 3168 2479 3236 lt‘go
2513 3186 2630 3222 sum
2664 3173 2856 3225 veritas
2874 3173 2918 3226 ⁸.

790 3261 947 3314 ΚΕΦ.
989 3262 1090 3313 IE'.

155 3352 290 3426 Τῶν
321 3352 507 3426 αἰζτοῦ
527 3354 882 3426 Μαρκέλλου
909 3355 1122 3423 φωνῶν
1147 3357 1524 3426 παραθέσεις,
1543 3355 1618 3409 δι’
1649 3348 1736 3408 ὧν

229 3424 767 3495 ἡρνεῖτολτὸνΑΥίὸν
789 3425 894 3478 τοῦ
927 3427 1074 3480 Θεοῦ
1113 3424 1343 3494 σὶῑρῶς,
1375 3427 1736 3495 προφορικὸν

227 3495 427 3562 Λόγον
450 3493 487 3560 ἣ
521 3493 862 3548 ἐνδιάθετον
893 3495 1144 3564 φάσκων
1179 3493 1338 3552 εἶναι
1369 3493 1580 3552 αὐτᾶν,

241 3584 381 3636 Ἀλλ’
403 3586 432 3638 ὁ
459 3587 575 3649 νέος
604 3589 953 3658 συγγραφεὺς
984 3587 1158 3642 ταῦτα
1185 3589 1284 3660 μὲν
1315 3587 1438 3641 οὔτε
1469 3587 1732 3659 συνίησιν,

139 3674 281 3729 οὔτε
310 3672 478 3739 οἶδεν,
513 3676 622 3730 οὐθ’
662 3679 742 3732 ὅτι
775 3679 959 3745 ἀγνοεῖ
1003 3675 1142 3733 οἶδεν
1167 3697 1179 3709 ·
1225 3679 1262 3734 ἃ.
1295 3679 1359 3750 δὴ
1406 3679 1497 3733 καὶ
1539 3680 1736 3733 ειδέναι

149 3767 335 3838 αὐχεῖ,
368 3767 515 3831 ὅπως
543 3769 785 3840 συνίστη.
821 3771 958 3842 Φέρε
1004 3771 1167 3825 πάλιν
1213 3771 1332 3828 εἶτα
1377 3774 1736 3837 ἀναλαϐόντες

143 3858 514 3929 ἀκούσωμεν,
546 3859 621 3923 ὼς
668 3861 746 3931 τῷ
788 3862 844 3914 ἐν
887 3861 1192 3934 ἀνθρώποις
1239 3865 1402 3918 αὑτὸν
1445 3864 1733 3928 ἀπεικάζει

147 3949 321 4020 λόγῳ,
363 3950 440 4020 τῷ
469 3967 529 4003 τε
567 3951 708 4005 κατὰ
733 3952 997 4020 διάνοιαν,
1027 3955 1119 4008 καὶ
1149 3955 1229 4026 τῷ
1253 3957 1394 4011 κατά
1427 3955 1732 4028 προφορὰν,

144 4039 345 4094 τοῦτον
378 4042 602 4112 γράφων
633 4044 723 4096 τὸν
749 4045 947 4116 τρόπον
969 4063 982 4076 ·
1025 4065 1043 4098 ‹
1077 4047 1247 4101 Τοῦτο
1279 4047 1335 4101 δὲ
1369 4049 1550 4119 ῥᾴδιον
1583 4044 1736 4118 οἶμαι

153 4155 177 4185 ί
215 4135 327 4196 τοῖς
359 4131 416 4188 εὖ
457 4135 710 4207 φρονοῦσι
753 4137 846 4190 καὶ
878 4138 984 4192 ἀπὸ
1022 4140 1217 4211 μικροῦ
1247 4157 1391 4204 τινος
1417 4139 1512 4194 καὶ
1547 4157 1738 4193 ταπει-

150 4246 176 4277 1
219 4225 316 4278 νοῦ
361 4225 480 4278 καθ’
513 4229 662 4298 ἡμᾶς
705 4229 1143 4302 παραδείγματος
1181 4231 1382 4300 γνῶναι
1407 4248 1422 4262 ·
1469 4230 1588 4284 οὐδὲ
1629 4229 1736 4302 γὰρ

156 4335 177 4366 ι
217 4315 313 4368 τὸν
349 4314 444 4369 τοῦ
493 4316 779 4389 ἀνθρώπου
828 4318 984 4388 λόγον
1028 4319 1254 4392 δυνάμει
1307 4322 1403 4376 καὶ
1444 4322 1736 4375 ὑποστάσει

154 4427 176 4458 ε
219 4406 455 4478 χωρίσαι
486 4410 591 4462 τινὶ
628 4409 870 4464 δυνατόν.
907 4413 1002 4464 Ἕν
1042 4413 1150 4484 γάρ
1176 4415 1291 4467 ἐστι
1321 4415 1414 4466 καὶ
1438 4412 1630 4466 ταύτόν
1659 4413 1737 4484 τῷ

155 4520 176 4551 ι
218 4498 492 4571 ἀνθρώπῳ
519 4501 549 4552 ό
591 4501 747 4570 λόγος
771 4519 784 4532 ·
814 4503 907 4555 καὶ
935 4504 1108 4558 οὐδενὶ
1148 4506 1514 4575 χωριζόμενος
1565 4503 1737 4576 ἑτέρῳ

2408 3266 2466 3323 ›Ῑ‹
2499 3259 2650 3316 CA'P.
2684 3262 2802 3318 XV.

1798 3376 1803 3382 ·
1849 3352 2006 3408 Voces
2043 3363 2405 3426 proponuntur
2427 3353 2554 3426 illa},
2577 3357 2761 3426 quibus
2800 3355 3084 3411 Marcellus
3106 3359 3412 3426 planissime

1905 3422 2176 3492 abnegavit
2218 3423 2313 3476 Dei
2346 3422 2544 3476 Filium
2577 3422 2597 3477 ἐ
2624 3425 2887 3494 afﬁrmans
2920 3428 3068 3481 illum
3106 3422 3225 3485 esse
3281 3431 3414 3487 Ver-

1905 3495 2026 3547 bum
2056 3509 2192 3546 nunc
2225 3495 2535 3558 immanem,
2577 3512 2715 3548 nunc
2748 3513 3019 3551 emanans.

1906 3587 1976 3638 At
2023 3585 2259 3638 novitius
2293 3584 2395 3639 iste
2442 3587 2672 3653 scriptor
2725 3585 2841 3640 haec
2901 3602 3074 3657 neque
3126 3591 3408 3657 intellexit,

1836 3691 2011 3746 neque
2047 3676 2213 3740 novit,
2261 3692 2433 3747 neque
2463 3676 2592 3731 illud
2638 3677 2784 3732 novit
2826 3680 2970 3747 quod
3003 3681 3115 3736 haec
3161 3683 3408 3753 ignoret:

1837 3786 1956 3840 quae
1990 3781 2166 3824 tamen
2212 3785 2317 3824 non
2368 3770 2580 3824 nescire
2616 3785 2674 3825 se
2701 3770 2997 3840 gloriatur,
3025 3776 3254 3844 qualiter
3281 3779 3413 3835 sub-

1837 3863 2054 3917 sistunt.
2079 3862 2319 3931 Agedum
2357 3875 2506 3927 vero,
2533 3874 2929 3918 reassumentes
2950 3880 3068 3933 qua:
3092 3867 3233 3921 dicta
3260 3881 3410 3936 sunt,

1837 3954 2122 4008 audiamus
2182 3965 2241 4007 ut
2288 3953 2436 4006 illum
2500 3953 2881 4009 assimilaverit
2927 3956 3160 4012 humano
3197 3959 3410 4015 verbo:

1837 4061 1960 4100 cum
2007 4044 2150 4114 quod
2201 4044 2528 4114 cogitatione
2584 4046 3078 4113 comprehenditur,
3118 4057 3228 4103 tum
3266 4053 3410 4120 quod

1837 4136 2131 4205 profertur.
2160 4135 2236 4189 Ita
2262 4145 2441 4190 autem
2465 4136 2541 4190 ait
2575 4133 2665 4208 [Β.
2703 4135 2787 4190 LV
2812 4137 2934 4192 coll.
2966 4153 3018 4206 p.
3058 4140 3128 4195 39
3155 4141 3217 4208 ι),
3248 4141 3316 4196 79
3346 4141 3410 4209 Β,

1838 4229 1942 4284 114
1972 4228 2036 4301 D]
2079 4249 2091 4282 :
2132 4246 2151 4279 ι
2197 4227 2378 4283 Facile
2422 4228 2525 4283 hoc
2565 4229 2761 4296 opinor
2809 4231 3186 4300 intelligentes,
3231 4235 3414 4289 animo

1843 4339 1861 4371 ι
1899 4318 2340 4388 comprehensuri
2371 4327 2517 4380 sunt,
2544 4317 2612 4372 ab
2639 4318 2914 4383 humanis,
2938 4319 3287 4374 similitudine
3310 4321 3412 4374 hu-

1844 4430 1862 4463 c
1899 4412 2008 4466 mili
2041 4409 2257 4480 quidem
2282 4409 2372 4464 illa
2396 4419 2449 4464 et
2471 4410 2881 4465 contemnenda.
2913 4409 3046 4463 Nam
3080 4425 3256 4479 neque
3290 4428 3415 4481 pos-

1843 4525 1862 4558 ‹
1899 4504 2050 4560 sibile
2071 4511 2154 4558 est
2178 4503 2451 4572 cuiquam,
2476 4501 2561 4555 vel
2587 4511 2854 4570 potestate
2881 4511 2935 4556 et
2960 4502 3234 4572 bypostasi
3260 4519 3417 4573 sepa-

154 4616 175 4647 ι
222 4595 256 4665 ἦ
297 4595 433 4668 μόνῃ
458 4599 523 4666 τῇ
555 4596 648 4667 τῆς
673 4596 920 4668 πράξεως
945 4599 1216 4670 ἐνεργείᾳ.
1250 4618 1269 4650 ι
1315 4599 1402 4652 Ἐν
1426 4599 1481 4651 δὲ
1521 4597 1730 4662 τούτοις

1845 4613 1859 4646 ι
1895 4608 2017 4649 rare
2043 4594 2265 4648 verbum
2297 4593 2440 4662 quod
2470 4592 2522 4645 in
2547 4591 2856 4646 hominibus
2883 4602 2986 4647 est.
3016 4590 3160 4645 Idem
3211 4593 3414 4647 etenim

145 4685 234 4756 τῷ
270 4685 586 4757 προφορικῷ
616 4687 756 4758 λόγῳ
798 4688 1061 4760 κέχρηται
1102 4689 1310 4742 εἰκόνι·
1342 4689 1419 4760 τῷ
1447 4689 1504 4742 δέ
1541 4705 1602 4758 γε
1650 4691 1736 4742 ὲν-

144 4776 388 4847 διαθέτῳ
410 4779 467 4830 ὲν
493 4773 572 4841 οἷς
596 4778 770 4832 ταῦτά
791 4797 983 4850 φησιν’
1018 4799 1036 4831 ‹
1067 4781 1140 4834 Οὐ
1173 4781 1279 4852 γὰρ
1308 4780 1420 4853 (57)
1449 4781 1512 4852 δὴ
1544 4780 1736 4851 ἐτέρας

151 4885 172 4916 ‹
220 4866 561 4935 ἑτοιμασίας,
591 4862 701 4920 οἷον
741 4869 894 4940 ὕλης,
936 4870 969 4942 ἢ
1002 4871 1166 4942 ἄλλης
1191 4872 1332 4936 τινὸς
1363 4871 1731 4942 ἀνθρωπίνης,

150 4977 171 5008 ‹
209 4958 239 5010 ὁ
288 4956 418 5021 Θεὸς
451 4959 618 5012 ἐδεῖτο
648 4962 782 5033 πρὸς
823 4965 1160 5036 κατασκευὴν
1182 5005 1196 5027 ,
1226 4963 1362 5018 ἀλλά
1389 4964 1592 5034 ταύτης
1635 4963 1735 5032 τῆς

151 5070 172 5100 ‹
222 5050 285 5102 ὲν
315 5051 379 5119 τῇ
411 5049 600 5104 ἑαυτοῦ
635 5051 840 5125 διανοίᾳ
865 5055 1198 5125 ὲτοιμασίας.
1247 5055 1398 5107 Ἐπεὶ⁹
1421 5049 1514 5106 οὖν
1539 5053 1735 5106 ἀδύνα-

150 5161 171 5192 ‹
217 5157 314 5192 τον
353 5136 418 5213 ἦν
462 5144 629 5214 χωρὶς
657 5142 814 5213 λόγου
851 5147 945 5198 καὶ
988 5146 1088 5211 τῆς
1136 5147 1441 5220 προσούσης
1481 5146 1561 5218 τῷ
1593 5146 1736 5217 λόγῳ

235 5283 298 5340 >14
330 5275 424 5334 Ed.
457 5277 656 5343 Paris.,
687 5295 806 5350 pag.
843 5281 965 5335 125.

229 5371 250 5400 ⁸
285 5367 441 5423 Joan.
477 5387 585 5435 xw,
611 5370 662 5425 6.

234 5508 352 5577 (52)
381 5508 551 5571 Vulgo
577 5509 762 5562 αὐτόν.

577 5535 909 5648 αένλρωᾶόγος.
949 5575 1257 5648 Legendum
1297 5573 1626 5648 forte,_a).‘l;v
1655 5575 1735 5648 δὲ,
1793 5535 1796 5544 1

149 5652 227 5705 ὲκ
252 5645 388 5710 τοῦ,
419 5649 617 5718 λέγειν,
650 5645 908 5718 ποτὲμὲν
955 5645 1107 5718 ἔνδον
1141 5645 1304 5699 αὐτὸν
1336 5646 1428 5698 τὸν
1452 5645 1642 5718 λόγον,
1678 5647 1736 5698 ὲν

149 5720 244 5790 τῷ
271 5715 502 5790 Detinet
523 5731 699 5790 tamen
732 5715 1201 5790 ad'perﬁciendaru
1233 5715 1556 5790 sententiam
1611 5718 1738 5772 dee-

152 5784 259 5860 rit,
285 5784 458 5846 sitt'tile
481 5790 628 5859 quid,
656 5784 930 5842 ἁλίσκεται
960 5786 1114 5842 τοῦτο
1147 5786 1338 5853 λέγων.
1385 5784 1456 5840 Μ.

1847 4703 1868 4738 ι
1901 4699 2178 4753 unumque
2221 4698 2343 4738 cum
2392 4683 2609 4737 homine
2663 4683 2886 4736 verbum
2933 4697 3088 4736 suum
3152 4682 3412 4737 exsistit:

1846 4799 1866 4831 ‹
1905 4779 2215 4847 neutiquam
2261 4778 2332 4831 ab
2386 4775 2606 4831 homine
2645 4774 3023 4845 separandum,
3067 4773 3166 4828 nisi
3219 4777 3410 4845 agendi

1851 4889 1870 4922 ι
1906 4871 2017 4926 sola
2045 4870 2276 4926 actione.
2323 4886 2342 4920 ι
2387 4867 2568 4924 Utitur
2594 4867 2681 4921 hic
2703 4868 2813 4935 jam
2841 4865 3086 4934 exemplo
3120 4865 3265 4920 verbi
3289 4882 3416 4935 pro-

1849 4963 2004 5016 lutilii
2039 4978 2053 5015 :
2090 4958 2433 5014 immanentis
2483 4965 2660 5010 autem
2703 4957 2900 5019 denuo,
2939 4955 3031 5009 ubi
3075 4955 3150 5009 ait
3182 4954 3271 5028 [Β.
3305 4955 3414 5010 Llll

1843 5053 1966 5109 coll.
1998 5069 2052 5122 p.
2085 5051 2156 5105 40
2185 5049 2255 5122 Al
2288 5069 2302 5103 :
2338 5070 2356 5101 ι
2393 5048 2575 5120 Neque
2619 5048 2762 5102 enim
2797 5057 3118 5116 apparatnra
3151 5049 3254 5103 ulla
3286 5049 3412 5112 alia,

1848 5164 1866 5196 ι
1910 5158 2100 5212 nempe
2148 5141 2406 5204 materiai,
2466 5142 2546 5194 vel
2595 5137 2898 5206 hnjusmodi
2952 5139 3222 5208 indigebat
3275 5140 3418 5196 Deus

1918 5505 2030 5575 (54)
2061 5503 2230 5573 Vulgo
2258 5503 2378 5575 μέν.

1916 5566 2030 5645 (55)
2063 5566 2231 5645 Vulgo
2258 5566 2528 5645 ’παρέχειν
2549 5574 2728 5644 νᾶμα;
2753 5581 3006 5628 caeterum
3037 5569 3109 5626 cf.
3138 5584 3190 5639 p.
3215 5566 3415 5624 11887.

1917 5647 1934 5698 .’
1940 5644 2029 5712 56)
2060 5644 2234 5712 Vulgo
2259 5644 2442 5709 αὐτόςέ

1918 5714 2030 5787 (57)
2063 5714 2230 5785 Vulgo
2254 5715 2331 5768 δέ.
