3838 6222
500 223 612 316 ass
1173 253 1444 314 EUSEBll
1477 251 1957 310 casammsrs
1993 252 2067 310 or

2187 249 2371 309 PARS
2405 247 2496 308 IV.
2538 280 2607 295 --
2645 247 3060 312 DOGMATICA.
3650 254 3750 309 956

503 395 530 429 ς
563 379 810 432 humanae
838 374 1110 430 facultatis
1144 375 1210 430 ad
1225 374 1426 433 ,mundl
1447 374 1810 431 conditionem
1834 393 1850 428 :
1875 374 1968 430 sed
1990 389 2067 430 so-

2187 393 2206 426 r
2239 374 2430 444 σοφίας
2457 373 2703 446 ἐννοῆσαι
2733 373 2861 446 περὶ
2887 373 2988 444 τῆς
3014 371 3107 426 τοῦ
3132 368 3362 442 οὐρανοῦ
3393 369 3752 441 κατασκευῆς,

509 488 529 520 c
565 470 612 525 la
645 469 730 524 illa
772 485 894 538 qua:
927 470 1073 522 intus
1099 467 1174 522 illi
1203 477 1322 522 erat
1355 468 1496 537 apud
1518 468 1759 522 animum
1787 475 2067 537 apparatur-

2188 485 2207 518 ι
2238 467 2329 520 τὸν
2359 467 2491 520 Θεὸν
2513 463 2737 530 είκότως
2768 465 2892 536 ἔφη,
2935 485 2953 516 ι
2996 458 3209 519 Ἦνίκα
3240 460 3513 533 ἡτοίμαζε
3536 463 3644 516 τὸν
3663 465 3756 517 οὺ-

503 580 528 616 (
565 577 644 616 ra.
672 561 805 616 Cum
848 575 978 613 vero
1019 575 1126 614 non
1149 569 1335 629 posset
1367 561 1504 624 ﬁeri,
1531 571 1590 614 ut
1619 560 1736 615 sine
1761 562 1947 624 verbo,
1989 570 2067 613 aut

2181 559 2386 626 ραν-ὸν,
2426 559 2837 628 συμπαρήμην
2880 556 3056 621 αὐτῷ.
3091 551 3204 608 Εἶθ’
3237 551 3362 626 ἑξῆς
3390 552 3600 627 προῖὼν
3629 550 3756 624 ὁμοῦ

506 668 530 704 r
566 652 734 706 verbo
760 666 880 720 quae
903 660 1100 719 praesto
1130 664 1347 719 semper
1375 649 1478 703 fuit
1507 649 1795 718 sapientia,
1821 649 2067 718 cogitare!

2181 652 2273 704 καὶ
2301 651 2605 705 ἐνδιάθετον
2629 651 2718 703 τὸν
2742 649 2837 703 τοῦ
2874 648 3008 702 Θεοῦ
3042 649 3211 716 Λόγον
3243 648 3504 719 παρίστη,
3535 648 3758 718 γράφων

503 759 529 792 ι
565 742 633 796 de
665 741 790 797 caeli
817 750 1076 809 apparatu
1122 741 1281 804 Deus,
1321 740 1544 796 omnino
1584 741 1719 794 bene
1751 740 1885 794 dixit
1909 758 1924 795 ε
1949 738 2067 793 Cum

2181 745 2323 800 οὕτω
2347 764 2360 776 °
2423 765 2441 796 ι
2477 740 2573 808 Τίς
2618 744 2726 816 γὰρ
2775 743 2948 806 οὕτως
2987 741 3158 815 ἢτῶν
3206 743 3376 810 ἁγίων
3423 741 3758 810 ἀγγέλων,ἢ

501 847 530 879 η
562 831 745 885 calum
769 840 1114 899 pra'pararet,
1145 829 1226 882 illi
1257 847 1362 883 una
1388 831 1600 883 aderam
1619 830 1660 884 ⁸.
1695 850 1714 882 ι
1759 829 2067 901 PrOgressut

2189 856 2207 888 ι
2245 836 2452 908 ἀνδρῶν
2492 836 2716 890 δικαίων
2755 833 3065 900 ἀξιόπιστος
3111 828 3179 904 ἦν
3223 833 3325 906 τὴν
3371 835 3435 886 ἐκ
3469 831 3758 904 προσώπου

495 922 678 978 adhuc
714 923 1016 977 immanens
1054 921 1212 976 simul
1240 937 1359 976 esse
1383 931 1436 975 et
1462 923 1590 978 illud
1616 922 1850 978 Verbum
1878 924 2067 989 docuit.

2188 945 2206 978 ι
2248 921 2342 979 τοῦ
2377 924 2512 980 Θεοῦ
2553 925 2860 996 ὁρισθεῖσαν
2890 923 3040 994 αὐτῷ
3083 919 3352 995 τιμωρίαν
3390 921 3574 986 λῦσαι,
3604 925 3652 975 εί
3691 922 3759 992 μὴ

498 1013 579 1068 ita
608 1014 856 1083 inquiens
889 1011 979 1084 [Β.
1015 1012 1099 1066 Lll
1124 1012 1244 1068 coll.
1273 1027 1325 1082 p.
1352 1014 1422 1067 40
1457 1013 1520 1086 υ]
1553 1032 1565 1067 :
1607 1033 1627 1065 ‹
1658 1014 1724 1069 Et
1745 1015 1866 1084 quis
1899 1029 2082 1082 quzeso

500 1126 528 1159 ί
564 1107 680 1162 sive
724 1117 1036 1162 sanctorum
1069 1121 1100 1159 e
1131 1106 1300 1160 choro
1327 1105 1659 1176 angelorum,
1702 1120 1796 1160 seu
1845 1107 2079 1158 virorum

501 1217 529 1250 1
555 1197 822 1266 justorum
863 1198 1056 1268 dignus
1080 1196 1212 1252 satis
1235 1203 1353 1252 erat
1378 1198 1698 1268 supplicium
1732 1197 1880 1260 illud,
1914 1215 1942 1250 a
1975 1197 2082 1252 Deo

508 1308 527 1341 ι
563 1289 926 1360 personaliter
953 1289 1027 1343 illi
1061 1289 1390 1344 destinatum
1425 1298 1692 1352 avertere,
1722 1287 1820 1342 nisi
1845 1286 2078 1342 Verbum

498 1400 528 1434 τι
562 1382 716 1442 illud.
740 1382 884 1452 quod
909 1391 1104 1451 praesto
1127 1381 1202 1435 illi
1226 1389 1362 1443 erat,
1387 1390 1442 1436 et
1467 1395 1554 1435 res
1577 1380 1920 1451 confingebat
1943 1397 2078 1434 una:

498 1492 526 1526 1
560 1473 646 1548 cui
673 1473 841 1530 Pater
869 1474 1006 1528 dixit
1044 1474 1176 1529 illud
1210 1490 1229 1529 :
1265 1472 1553 1526 Faciamus
1595 1475 1853 1528 hominem
1873 1474 1914 1525 ".
1959 1493 1978 1526 ι
2024 1473 2078 1527 In

493 1566 858 1635 sequentibus
880 1565 955 1620 ita
986 1565 1193 1634 liquido
1215 1565 1474 1627 declarat,
1506 1564 1778 1633 quodnam
1809 1565 2082 1620 subintro-

501 1656 734 1711 ducebat
768 1657 1025 1723 Verbum,
1057 1657 1308 1726 inquiens
1342 1673 1356 1706 :
1393 1674 1412 1708 ι
1439 1658 1592 1724 Quod
1627 1657 1670 1712 si
1701 1658 1825 1728 quis
1848 1659 2082 1712 humano

500 1767 527 1802 1
563 1749 655 1804 illo
679 1750 895 1821 quidem
943 1760 996 1805 et
1037 1752 1233 1819 exiguo
1265 1751 1340 1805 uti
1369 1751 1496 1806 velit
1537 1752 1805 1821 exemplo,
1842 1762 1897 1808 et
1949 1761 2071 1806 tan-

502 1859 529 1892 1
564 1857 725 1910 quam
770 1845 838 1897 ad
889 1843 1181 1909 imaginem
1219 1843 1532 1912 quamdam,
1583 1843 1821 1896 divinam
1860 1843 2076 1912 exigere

496 1951 523 1985 ’ί
557 1935 926 2001 operationem
984 1935 1056 1988 ita
1110 1943 1334 1989 statuet.
1374 1931 1526 1999 Quod
1581 1933 1739 1988 sicuti
1772 1942 2072 1986 statuarum

503 2043 523 2076 ι
562 2025 718 2080 lictor
743 2026 1010 2096 quispiam
1058 2025 1348 2087 excellens,
1379 2033 1610 2078 statuam
1655 2024 1839 2078 volens
1875 2023 2076 2079 conlin-

501 2132 522 2166 ε
557 2129 706 2185 gere,
751 2116 1001 2186 inprimis
1038 2122 1096 2180 ᾖ(
1131 2116 1275 2170 illius
1300 2115 1522 2178 formas,
1553 2123 1607 2169 et
1635 2129 1920 2184 expressas
1951 2113 2076 2180 ﬁgu-

494 2222 520 2256 1
559 2220 650 2260 ras
704 2207 848 2261 intus
901 2207 1148 2271 revolvit,
1195 2207 1336 2274 apud
1385 2205 1625 2259 animum
1681 2205 2070 2260 considerans:

494 2314 521 2347 ι
561 2305 674 2352 tum
721 2299 934 2367 adaptat
983 2299 1032 2354 ei
1067 2297 1478 2366 longitudinem,
1515 2307 1716 2366 quanta
1756 2297 1985 2354 sulliciet
2019 2307 2075 2352 et

494 2409 518 2441 ν(
556 2389 898 2444 latitudinem
925 2405 938 2440 :
970 2389 1482 2460 praportionemque
1511 2388 1766 2459 cujusque
1786 2389 1979 2458 partis.
2005 2390 2072 2442 ad

491 2497 519 2532 ‹
558 2480 722 2534 totius
745 2493 1054 2534 mensuram
1082 2480 1338 2535 decenter
1364 2480 1566 2550 exigit:
1597 2488 1753 2536 curat
1775 2490 1833 2534 ut
1864 2481 1930 2534 ad
1960 2495 2072 2534 ma-

494 2588 520 2622 1
555 2585 684 2624 num
719 2569 791 2624 sit
825 2579 1146 2640 praeparata,
1203 2584 1326 2639 quae
1373 2569 1604 2625 sumciat
1656 2570 1781 2625 aeris
1822 2571 2068 2624 materia.

491 2677 520 2713 ί
555 2662 732 2732 Atque
767 2661 841 2716 ita
875 2670 1163 2731 postquam
1189 2677 1287 2716 sua
1316 2662 1644 2734 cogitatione
1671 2670 1901 2716 statuam
1933 2677 2072 2732 prue-

491 2767 519 2801 ς
556 2748 872 2818 ﬁguraverit
903 2749 1050 2803 illam
1091 2767 1106 2802 :
1140 2750 1402 2804 lustrasse
1437 2766 1557 2806 eam
1607 2766 1664 2806 se
1697 2759 1952 2820 reputans
1989 2751 2072 2806 in-

491 2859 519 2893 ‹
553 2843 772 2898 tellectu
803 2858 902 2898 suo
948 2845 1205 2898 conscius
1255 2844 1518 2899 rationem
1554 2844 1720 2909 illam,
1764 2859 1860 2914 per
1906 2860 2067 2914 quam

2181 2865 2200 2898 ι
2241 2848 2430 2912 ποιῶν,
2452 2848 2552 2901 οὐκ
2577 2847 2720 2919 ἄλλῳ
2748 2849 2853 2901 τινὶ
2873 2847 3006 2900 ἀλλά
3035 2847 3112 2918 τῷ
3133 2847 3325 2901 ἑαυτοῦ
3358 2847 3749 2918 παρεκελεύετο

495 2949 518 2984 ι
559 2935 914 2989 ratiocinatur
935 2949 1119 2990 secum
1153 2950 1260 2989 una
1283 2936 1565 3004 cooperari
1609 2952 1710 2992 nec
1734 2951 1793 2992 se
1825 2937 1941 2992 sine
1975 2953 2066 2992 ra-

2181 2956 2199 2989 r
2239 2938 2417 3009 Λόγῳ,
2447 2938 2796 3008 Ποιήσωμεν
2811 2935 3143 3005 ἄνθρωπον,
3171 2937 3362 3005 λέγων.
3390 2959 3407 2990 i
3429 2935 3530 2989 Διά
3551 2935 3749 2989 τούτων

491 3043 516 3076 ‹
553 3025 698 3080 tione
743 3025 1035 3096 quidquam
1078 3034 1398 3082 construere
1442 3045 1455 3080 :
1500 3027 1658 3098 (nihil
1713 3030 1858 3084 enim
1907 3029 2067 3100 plane

2181 3030 2416 3100 ἐναργῶς
2430 3031 2525 3085 καὶ
2551 3031 2848 3085 ἐνδιάθετον
2876 3030 3066 3100 Λόγον,
3083 3025 3127 3098 ᾧ
3147 3029 3509 3097 διαλογίζεταί
3533 3047 3637 3093 τις,
3660 3031 3750 3083 καὶ

490 3132 518 3166 ι
553 3117 696 3186 quod
716 3128 866 3172 caret
886 3118 1096 3172 ratione
1117 3116 1332 3188 placere
1352 3129 1550 3188 potest,
1574 3128 1634 3173 ut
1652 3118 1956 3192 pulchrum)
1977 3122 2064 3176 ubi

2181 3123 2526 3193 προφορικὸν,
2552 3115 2595 3190 ᾧ
2624 3123 2965 3192 διαλέγεται,
2997 3122 3245 3195 προσῆψε
3277 3121 3355 3194 τῷ
3387 3122 3507 3195 Θεῷ
3529 3162 3546 3186 ,
3581 3123 3751 3177 «mm-.3.

497 3225 517 3257 ι
553 3221 840 3277 aggressus
873 3207 1034 3262 fuerit
1057 3209 1170 3263 hoc
1196 3208 1450 3264 sensibile
1473 3225 1630 3264 suum
1656 3225 1813 3279 opus,
1871 3223 2067 3266 semet-

2181 3215 2262 3268 τόν
2293 3232 2415 3268 τινα
2439 3255 2454 3279 ,
2481 3210 2590 3269 οἷον
2616 3214 2708 3270 τὸν
2733 3216 2854 3270 καθ’
2886 3219 2917 3290 ἡ
2926 3219 3032 3288 μᾶς
3048 3260 3064 3285 ,
3099 3219 3194 3272 καὶ
3218 3217 3308 3271 τὸν
3341 3218 3400 3272 ἐν
3427 3217 3505 3289 τῷ
3534 3215 3656 3292 Θεῷ
3680 3215 3749 3273 εἷ-

497 3315 517 3347 (
554 3295 729 3366 ipsum
755 3296 971 3365 all'atur,
1010 3298 1174 3353 veluti
1197 3297 1384 3365 alium,
1415 3300 1775 3367 adhortando,
1817 3316 1950 3372 age,
1984 3302 2067 3356 in-

2181 3323 2262 3359 ναι
2291 3307 2460 3376 Λόγον
2487 3307 2835 3381 ὑποθέμενος.

489 3409 517 3444 ε
556 3393 773 3464 quiens,
803 3395 1070 3450 faciamus
1107 3413 1123 3450 :
1161 3411 1281 3467 age,
1318 3396 1586 3467 ﬁngamus
1634 3407 1890 3453 statuam.
1947 3400 2028 3454 Ad
2093 3401 2254 3456 istmn
2301 3405 2516 3459 modum
2563 3407 2937 3461 universorum
3010 3407 3274 3461 Dominus
3343 3408 3507 3474 Deus,
3561 3423 3594 3464 e
3624 3409 3750 3464 limo

495 3504 517 3539 ε
555 3486 849 3542 animatam
885 3488 1223 3545 conﬁcturns
1262 3499 1532 3554 statuam;
1572 3505 1677 3544 non
1735 3489 1898 3544 alium
1941 3493 2206 3560 quemvis,
2254 3497 2351 3550 sed
2399 3512 2556 3551 suum
2627 3497 2794 3566 ipsius
2852 3497 3048 3553 affatur
3112 3499 3288 3569 λόγον,
3338 3502 3616 3570 inquiens,
3642 3503 3753 3558 Fa-

495 3597 518 3631 ι
551 3581 750 3634 ciamus
779 3581 1061 3634 hominem.
1102 3599 1122 3633 ι
1159 3578 1217 3636 1η
1253 3581 1392 3646 istis,
1441 3582 1515 3636 ita
1549 3582 1700 3637 clare
1724 3582 1932 3654 afﬁngit
1957 3585 2086 3650 Deo,
2127 3601 2253 3640 cum
2288 3587 2523 3645 Verbum
2595 3591 2920 3657 immanens,
2955 3607 3064 3669 quo
3103 3609 3224 3648 cum
3255 3596 3392 3649 solet
3425 3597 3549 3666 quis
3581 3599 3748 3654 collo-

487 3671 606 3743 qui,
629 3679 742 3726 tum
773 3670 1007 3727 Verbum
1037 3687 1320 3740 emanans,
1349 3690 1448 3746 per
1477 3675 1620 3746 quod
1653 3675 1793 3732 solet
1813 3676 2072 3748 colloqui,
2114 3677 2438 3751 imaginatus
2487 3680 2720 3738 Verbum
2768 3683 2862 3738 Dei
2915 3684 3154 3740 divinum
3185 3726 3201 3752 ,
3251 3686 3516 3755 ejusmodi
3587 3692 3748 3760 quale

488 3762 714 3820 verbum
739 3775 983 3819 nostrum
1015 3773 1122 3821 est.

2187 1035 2207 1066 r
2237 1016 2397 1078 αὐτὸς
2435 1018 2464 1070 6
2505 1016 2696 1084 Λόγος,
2725 1017 2754 1068 6
2801 1013 3104 1086 συμπαρών
3142 1032 3199 1068 τε
3246 1016 3337 1067 καὶ
3376 1014 3758 1084 συμπλάττων,

2187 1128 2206 1159 ι
2241 1106 2376 1180 πρὸς
2409 1103 2466 1161 ὃν
2495 1111 2522 1160 6
2550 1107 2738 1179 Πατὴρ
2760 1150 2774 1168 ,
2813 1106 3160 1175 Ποιήσωμεν
3187 1105 3531 1174 ἄνθρωπον,
3565 1105 3704 1176 ἔφης
3738 1126 3755 1157 ι

2182 1200 2402 1264 Τούτοις
2433 1201 2559 1267 ἐξῆς
2584 1199 2836 1269 διασαφεῖ
2862 1201 2890 1252 6
2913 1202 3062 1254 ποῖον
3087 1199 3292 1267 εἰσάγει
3317 1193 3475 1267 λόγον
3499 1197 3724 1268 φάσκων
3743 1217 3754 1228 ·

2187 1311 2204 1343 ι
2239 1291 2353 1344 ἀλλ’
2389 1291 2442 1344 εί
2468 1309 2552 1354 τις
2584 1291 2766 1362 μικρῷ
2810 1307 2914 1343 τινι
2958 1290 3053 1342 καὶ
3085 1289 3406 1360 ἀνθρωπίνῳ
3451 1289 3576 1342 καθ’
3615 1291 3759 1360 ἡμᾶς

2187 1402 2207 1436 ι
2248 1382 2647 1453 παραδείγματι
2673 1381 2984 1453 χρώμενος,
3017 1381 3094 1444 ὡς
3123 1381 3210 1434 διὰ
3241 1380 3446 1444 είκόνος
3473 1382 3575 1452 τὴν
3613 1381 3758 1434 θείαν

2188 1492 2206 1526 ι
2241 1474 2480 1540 ἐξετάζοι
2526 1473 2755 1545 πρᾶξιν,
2791 1473 2978 1544 ὥσπερ
3006 1473 3072 1527 ἂν
3104 1471 3158 1525 εί
3194 1488 3277 1536 τις
3318 1472 3758 1544 ἀνδριαντοποιὸς

2187 1583 2206 1616 r
2247 1566 2562 1636 ἐπιστήμων
2613 1564 2782 1636 ἀνὴρ,
2831 1565 3118 1638 ἀνδριάντα
3171 1563 3371 1618 πλάσαι
3417 1564 3756 1636 βουλόμενος,

2186 1673 2206 1706 ι
2243 1654 2456 1726 πρῶτον
2488 1654 2585 1725 μὲν
2609 1654 2730 1718 τοὺς,
2753 1652 2964 1716 τύπους
2996 1651 3161 1706 αὺτοῦ
3189 1655 3282 1707 καὶ
3318 1657 3678 1726 χαρακτῆρας
3706 1659 3760 1708 ἐν

2187 1765 2208 1799 ι
2239 1747 2417 1817 ἐαυτῷ
2452 1750 2642 1800 σκοπεῖ
2663 1763 2677 1777 ⁸
2719 1747 2909 1800 ἔπειτα
2950 1745 3147 1811 πλάτος
3185 1765 3245 1800 τε
3274 1749 3367 1801 καὶ
3397 1748 3604 1819 μῆκος,
3639 1749 3760 1801 ὅσον

2188 1857 2208 1890 ι
2245 1839 2535 1910 εὐπρεπὲς,
2569 1841 2738 1891 ἐννοεῖ
2763 1855 2774 1866 ·
2806 1837 3096 1906 ἀναλογίαν
3137 1855 3197 1890 τε
3237 1836 3329 1891 τοῦ
3361 1839 3563 1902 παντὸς
3596 1842 3654 1892 ἐν
3682 1839 3757 1910 τῷ

2187 1947 2206 1980 ι
2240 1928 2361 1982 καθ’
2394 1929 2622 1982 ἕκαστον
2649 1928 2888 1994 ἐξετάζει
2921 1927 3106 2001 μέρει,
3137 1929 3337 2000 χαλκοῦ
3371 1947 3426 1982 τε
3456 1931 3558 2001 τὴν
3587 1932 3756 2003 πρόσ-

2186 2040 2204 2073 ι
2238 2038 2400 2092 φορον
2427 2019 2719 2091 ἑτοιμάσας
2746 2019 2898 2091 ὕλην,
2926 2021 3019 2073 καὶ
3055 2021 3147 2073 τὸν
3171 2016 3426 2091 ἐσόμενον
3466 2020 3754 2092 ἀνδριάντα

2186 2130 2203 2162 r
2234 2115 2300 2184 τῇ
2337 2111 2527 2166 ἐαυτοῦ
2567 2108 2928 2184 προτυπώσας
2965 2112 3205 2182 διανοίᾳ,
3241 2113 3334 2165 καὶ
3375 2111 3582 2181 νοητῶς
3627 2112 3754 2183 ὁρᾷν

2185 2222 2206 2257 ι
2242 2205 2489 2275 νομίσας,
2525 2203 2777 2268 συνειδώς
2803 2222 2863 2256 τε
2896 2203 3074 2275 ἐαυτῷ
3100 2205 3380 2276 συνεργεῖν
3403 2203 3498 2256 τὸν
3522 2203 3684 2272 λόγον

2184 2315 2202 2346 ι
2240 2295 2544 2364 λογίζεται,
2593 2295 2687 2348 καὶ⁸
2729 2289 2774 2364 ᾧ
2820 2294 2996 2349 πάντα
3051 2296 3310 2368 π’ράττειν
3353 2295 3542 2348 εἴωθεν
3585 2295 3754 2365 (οὐδὲν

2183 2404 2201 2436 ι
2240 2384 2348 2456 γὰρ
2397 2385 2508 2455 (58)
2541 2385 2637 2456 ίμὴ
2685 2383 2828 2457 λόγῳ
2877 2386 3159 2457 γινόμενον
3206 2386 3412 2456 καλὸν),
3455 2387 3753 2459 ἀρχόμενος

2183 2495 2201 2529 ι
2232 2477 2331 2548 τῆς
2381 2478 2644 2550 αίσθητῆς
2690 2479 2892 2549 ταύτης
2939 2478 3222 2550 ἐργασίας,
3267 2479 3404 2551 πρὸς
3443 2480 3751 2545 ἐαυτὸν,ὡς

2183 2588 2202 2621 r
2238 2570 2376 2641 πρὸς
2407 2572 2614 2642 ἕτερον,
2649 2570 3078 2643 παρακελεύεται
3122 2571 3314 2640 λέγων,
3345 2573 3479 2641 ’Λγε
3520 2575 3748 2645 ποιήσω-

2181 2681 2200 2716 (
2245 2681 2366 2735 μεν,
2402 2664 2500 2733 άγε
2530 2664 2822 2735 πλάσωμεν
2857 2663 3148 2736 ἀνδριάντα
3173 2681 3186 2693 ·
3224 2661 3395 2728 οὕτως
3421 2667 3451 2717 6
3478 2665 3590 2718 τῶν
3621 2666 3747 2719 ὅλων

2182 2775 2201 2808 ι
2232 2756 2496 2824 δεσπότης
2548 2757 2720 2820 Θεὸς,
2772 2756 2864 2810 τὸν
2908 2755 3149 2826 ἔμψυχον
3197 2756 3263 2809 ἐκ
3312 2759 3415 2828 γῆς
3464 2757 3747 2829 ἀνδριάντα

1115 3858 1266 3915 CAP.
1312 3860 1356 3916 Χ
1369 3860 1452 3919 Vl.

666 3969 952 4040 Refutatur
977 3986 1216 4040 perversa
1239 3974 1399 4043 hujus
1432 3975 1658 4031 hominis
1693 3979 1886 4049 opinio.

560 4081 676 4137 Non
732 4092 816 4138 est
855 4097 991 4153 opus
1040 4092 1098 4138 ut
1132 4086 1358 4143 ulterius
1395 4098 1704 4160 satagamus
1755 4092 2062 4161 ostendere,

483 4173 630 4243 quod
676 4189 772 4243 per
819 4175 920 4228 ista
955 4186 1178 4246 negatur
1220 4177 1311 4232 Dei
1350 4178 1562 4238 Filius:
1597 4185 1966 4240 tantummodo
1995 4188 2061 4240 ad

2798 3869 2953 3923 ΚΕΦ.
2995 3869 3114 3939 lcr.

2389 3981 2684 4052 Ἔλεγχος
2711 3980 2825 4052 τῆς
2861 3983 3116 4053 τάνδρὸς
3151 3986 3531 4053 κακοδοξίας.

2236 4093 2419 4148 Ταῦτα
2448 4096 2543 4165 μὲν
2592 4089 2684 4148 οῦν
2726 4096 2904 4150 πάντα
2939 4095 3015 4158 ὡς
3059 4098 3328 4169 ἀρνητικά
3361 4102 3626 4170 τυγχάνει
3660 4103 3742 4156 τοῦ

2167 4185 2298 4240 Υἱοῦ
2327 4185 2419 4239 τοῦ
2446 4185 2580 4239 Θεοῦ
2605 4187 2757 4240 οὐδὲν
2783 4187 3385 4260 προσεπεξεργάζεσθαι
3412 4191 3494 4243 δεῖ
3516 4210 3531 4222 ο
3564 4195 3742 4251 τοσοῦ-

487 4266 815 4334 interrogata
851 4267 1196 4336 respondeat.
1251 4267 1307 4324 Si
1339 4287 1476 4326 unus
1510 4285 1627 4328 erat
1660 4275 1817 4338 Deus,
1856 4292 1953 4332 nec
1993 4278 2058 4332 ab

2181 4296 2252 4332 τον
2301 4278 2356 4332 δὲ
2411 4274 2563 4349 οἶμαι
2601 4281 2898 4350 προσήκειν
2931 4282 3296 4353 ἐπερωτῆσαι.
3334 4285 3396 4336 El
3431 4285 3548 4356 (59)
3585 4287 3650 4359 δὴ
3673 4284 3742 4348 εἷς

481 4369 550 4411 eo
575 4356 865 4426 quidquam
896 4373 912 4410 :
951 4372 1056 4412 non
1088 4359 1262 4426 Pater,
1295 4376 1400 4416 non
1434 4361 1640 4417 Filius:
1669 4380 1925 4433 quorsum
1955 4369 2058 4422 ista

486 4449 725 4513 nomina,
770 4447 1100 4504 mentiuntur
1133 4465 1304 4506 sacrze
1325 4452 1575 4510 Litterae?
1604 4455 1732 4524 quid
1762 4459 2060 4515 dissimulat

482 4536 790 4603 Marcellus,
827 4539 951 4592 dum
980 4541 1072 4609 qui
1098 4555 1203 4594 non
1227 4553 1310 4597 est
1334 4541 1522 4610 Filius,
1547 4545 1639 4598 sed
1679 4543 1931 4613 Verbum,
1963 4563 2058 4618 ap-

483 4629 647 4695 pellat
688 4641 864 4685 tamen
903 4631 1116 4687 Filium.
1166 4631 1408 4704 Cumque
1455 4635 1758 4705 exemplum
1808 4640 2058 4697 adhibeat

481 4717 632 4777 verbi
661 4723 900 4790 humani,
933 4725 1215 4779 dicendum
1245 4739 1350 4792 est,
1391 4728 1531 4796 quod
1561 4744 1663 4782 non
1693 4732 1867 4786 omnis
1894 4732 2056 4789 homo

483 4813 608 4871 licet
660 4817 872 4870 ratione
929 4817 1205 4884 prmditus,
1254 4829 1311 4872 et
1342 4819 1680 4888 congenitum
1725 4820 1774 4873 in
1809 4836 1866 4876 se
1896 4823 2054 4893 logon

481 4905 784 4976 possidens,
821 4905 986 4959 lilium
1027 4907 1212 4970 habet,
1245 4916 1304 4961 ut
1333 4909 1636 4962 necessario
1675 4910 1813 4966 ﬁlius
1843 4913 1914 4966 sit
1968 4915 2054 4967 di-

481 5011 695 5053 versum
720 4998 846 5067 quid
876 5012 904 5050 a
935 4997 1073 5068 logo.
1110 4999 1167 5054 Si
1204 5014 1332 5070 ergo
1356 5001 1571 5066 dixerit,
1604 5002 1765 5056 Deum
1797 5005 1848 5057 in
1886 5020 1945 5060 se
1975 5005 2054 5060 lo-

475 5105 584 5160 gon
608 5090 879 5155 habuisse,
909 5104 1007 5144 nec
1035 5101 1294 5158 praeterea
1322 5093 1636 5162 quidquam,
1656 5109 1777 5150 cum
1805 5112 1910 5167 quo
1939 5100 2051 5154 col-

555 5211 616 5271 ᾖ
644 5205 742 5261 Ed.
773 5206 972 5270 Paris.,
997 5221 1116 5278 pag.
1150 5206 1276 5262 126.

557 5299 580 5331 ⁶
609 5299 768 5354 Prov.
800 5317 918 5370 vui,
947 5302 1036 5356 27.
1114 5304 1134 5333 "
1158 5300 1292 5358 Gen.
1321 5317 1361 5368 t,
1399 5300 1486 5356 26.

689 5414 858 5489 Vulgo
885 5417 947 5471 τὸ
973 5420 1068 5489 μή.

572 5485 665 5557 59)
691 5485 860 5557 Vulgo
892 5485 985 5542 δέ(
1032 5485 1040 5555 ξ

721 5555 815 5621 Τῷ
849 5559 918 5612 ἐν
953 5558 1303 5632 ἀνθρώποις.
1337 5560 1490 5632 Vulg.
1539 5562 1788 5632 οὐρανοῖς
1821 5575 2049 5632 :“etjror

476 5639 547 5679 ex
567 5625 991 5694 abbrewattonc,
1022 5625 1189 5694 ἀνοις,
1221 5625 1320 5688 hoc
1347 5625 1468 5698 est,‘
1474 5625 1798 5702 ἀνθρώποις.
1837 5630 1904 5684 Μ.
1936 5629 2048 5701 [Sic

2165 4369 2298 4433 Θεὸς
2337 4365 2404 4440 ἦν
2425 4412 2438 4435 ,
2467 4369 2561 4423 καὶ
2588 4370 2739 4424 οὐδὲν
2764 4372 2948 4444 ἕτερον
2966 4414 2982 4438 ,
3008 4375 3070 4426 ού
3103 4375 3292 4447 Πατὴρ
3311 4417 3326 4438 ,
3355 4377 3454 4448 οὐχ
3493 4378 3634 4443 Υἱὸς
3655 4422 3668 4444 ,
3697 4380 3740 4431 τί

2165 4463 2521 4532 κατεψεύδετο
2549 4462 2656 4516 τῶν
2689 4463 2942 4518 τοιούτων
2967 4466 3245 4536 ὀνομάτων
3275 4470 3306 4538 ἡ
3340 4469 3576 4540 Γραφὴς
3621 4469 3738 4524 τίδὲ

2163 4557 2257 4608 καὶ
2303 4554 2466 4619 αὐτὸς
2511 4555 2828 4627 Μάρκελλος
2877 4559 3267 4630 ὑποκρίνεται,
3315 4561 3406 4613 τὸν
3467 4562 3550 4634 μὴ
3602 4563 3734 4624 Υίόν,

2161 4645 2297 4700 ἀλλά
2327 4647 2519 4716 Λόγον,
2570 4648 2698 4701 Υίὸν
2741 4649 3060 4714 ἀποκαλῶνς
3093 4652 3205 4704 Καὶ
3252 4653 3439 4724 ἐπειδὴ
3478 4655 3736 4728 κέχρηται

2163 4741 2562 4812 παραδείγματι
2592 4741 2701 4814 (60)
2727 4743 2806 4814 τῷ
2851 4744 2908 4796 ἐν
2941 4743 3251 4816 ἀνθρώποις
3275 4747 3419 4818 λόγῳ
3440 4789 3454 4810 ,
3498 4749 3731 4804 λεκτέον.

2161 4829 2237 4893 ὡς
2265 4831 2326 4883 οὐ
2355 4833 2462 4894 πᾶς
2492 4830 2776 4902 ἄνθρωπος
2812 4833 2928 4886 υίὸν
2971 4833 3104 4904 εχει,
3133 4835 3350 4902 λογικὸς
3392 4835 3502 4896 ὢν.
3543 4839 3733 4893 καὶτὸν

2163 4919 2380 4990 συμφυῆ
2429 4919 2586 4988 λόγον
2614 4922 2672 4972 ἐν
2714 4922 2860 4994 αὐτῷ
2902 4924 3259 4996 κεκτημένος.
3303 4926 3516 4980 Οὐκοῦν
3563 4930 3733 4998 ἕτερον

2157 5011 2208 5064 τί
2243 5015 2388 5065 ἐστιν
2422 5014 2547 5078 Υἱὸς
2577 5017 2726 5086 παρά
2757 5017 2849 5070 τὸν
2891 5016 3064 5084 λόγον.
3095 5018 3199 5070 Τὸν
3227 5014 3320 5072 οὖν
3347 5017 3480 5073 Θεὸν
3513 5025 3566 5075 εί
3594 5021 3731 5087 λόγον

2160 5101 2304 5173 ἔχειν
2337 5107 2394 5159 ὲν
2436 5107 2611 5178 ἐαυτῷ
2653 5109 2851 5178 φάσκοι
2878 5109 2972 5162 καὶ
3004 5109 3116 5180 (61)
3147 5110 3297 5163 οῦδὲν
3324 5111 3515 5182 ἓτερον
3538 5155 3556 5176 ,
3583 5108 3628 5183 ᾧ
3648 5114 3731 5164 καὶ

2158 5427 2278 5501 dedi
2295 5442 2488 5501 “corr.
2510 5497 2520 5501 _
2542 5426 2801 5501 secutus].

2227 5497 2338 5576 (lii)
2375 5497 2566 5576 Οὐδὲγ
2584 5497 2808 5576 ἕτερον).
2844 5500 3000 5559 Deest
3033 5503 3170 5561 forte
3195 5505 3226 5576 ἢ
3253 5505 3432 5575 λόγον,
3524 5503 3631 5561 καί.
3656 5500 3718 5560 Ilo

2158 5594 2222 5609 -—
2255 5569 2426 5638 Supra
2470 5570 2624 5641 vulgo
2661 5571 2878 5645 easiest.
