3838 6222
176 313 283 371 957
1134 310 1223 366 DE
1251 307 1783 367 EOCLESIASTICA
1808 303 2208 361 THEOLOGIA
2244 304 2375 361 LIB.
2417 304 2483 361 ll.
3313 303 3421 362 958

174 428 451 491 διενοεῖτο,
494 419 538 495 ᾧ
572 424 670 479 καὶ
698 424 834 497 πρὸς
864 424 1053 479 ἐαυτὸν
1077 424 1363 493 διελέγετο,
1395 424 1690 493 Ποιήσωμε

1904 419 2181 491 quebatur,
2214 418 2500 475 Faciamus
2514 421 2793 489 hominem,
2824 419 3092 491 inquiens,
3139 421 3268 492 quid
3292 435 3420 478 eum

172 517 507 587 ἄνθρωπον,
552 516 725 585 λέγων
763 532 777 545 '
802 516 855 569 τί
894 516 986 569 καὶ
1017 514 1193 586 μάτην
1225 514 1338 567 υἱὸν
1365 514 1652 585 όνομάζοι;
1682 516 1688 534 ¹

1931 512 2130 565 frustra
2164 511 2400 579 quidem,
2430 511 2659 582 appellat
2684 512 2924 567 Filium?
2951 511 3089 580 Quid
3122 512 3420 570 Ecclesiam

174 608 233 661 δὲ
266 608 363 678 τὴν
402 606 724 678 Ἐκκλησίαν
746 604 1127 677 ύποκρίνεται;
1164 604 1230 658 Τί
1264 604 1345 667 δὲ,
1378 605 1452 676 μὴ
1481 603 1690 657 πιστεύι

1905 602 2084 671 :cipitl
2111 602 2241 671 quid
2266 618 2391 658 cum
2421 619 2524 658 non
2553 605 2758 670 credat,
2792 604 2942 675 lingit
3000 616 3178 660 tamen
3210 621 3269 661 se
3303 621 3421 663 cre-

175 701 258 762 είς
288 701 377 752 τὸν
407 698 533 752 Υίὸν
564 698 659 752 τοῦ
690 697 825 751 Θεοῦ
869 700 1245 769 προσποιεῖται
1272 696 1581 761 πιστεύειν,
1619 712 1691 765 σχ⁴

1906 708 1977 748 πε
2009 693 2061 748 in
2097 693 2291 749 Filium
2322 695 2453 750 Dei?
2489 706 2674 765 utpote
2698 698 2786 766 qui
2815 698 2982 751 videri
3009 698 3125 752 vult
3161 712 3257 767 per
3290 698 3422 754 Ver-

176 787 539 861 ματιςόμενος
582 786 672 840 διὰ
716 785 811 840 τοῦ
861 786 956 839 τὸν
1002 785 1173 854 Λόγον
1218 786 1311 840 τὸν
1375 787 1434 839 ἐν
1504 785 1583 856 τῷ
1634 785 1692 838 Θε

1905 800 1975 837 tm
2025 784 2216 839 Filium
2262 784 2355 840 Dei
2404 787 2731 843 nominasse.
2766 787 2898 841 Cum
2925 787 3091 857 ipsius
3117 790 3421 857 exemplum

174 880 309 933 Υἰὸν
345 878 676 945 άποκαλεῖν;
708 877 899 948 Σαφῶς
944 878 1039 932 τοῦ
1069 877 1507 950 παραδείγματος
1552 892 1690 948 μακε

1905 878 2133 947 :rspicue
2163 878 2373 942 doceat,
2397 878 2706 948 longissime
2758 881 2956 935 distare
2992 881 3208 935 insitum
3241 882 3421 936 animo

173 971 450 1024 διεστάναι
488 970 829 1034 διδάσκοντος
876 970 967 1023 τὸν
1016 969 1252 1041 ἔμφυτον
1297 970 1355 1022 ἐν
1397 968 1540 1040 ψυχῇ
1592 968 1688 1037 λόγ

1908 982 2006 1036 gon
2042 972 2100 1030 >3
2138 967 2206 1022 ab
2248 967 2339 1023 illo
2384 971 2526 1039 quod
2574 969 2641 1024 de
2679 969 2858 1040 aliquo
2893 982 3314 1040 progeneratur,
3368 983 3424 1029 et

174 1062 332 1133 παρὰ
355 1063 446 1116 τὸν
476 1060 541 1116 ἐκ
567 1078 711 1125 τινος
743 1061 1089 1133 γεννηθέντα,
1124 1061 1218 1115 καὶ
1254 1061 1375 1114 καθ’
1428 1060 1616 1114 ἑαυτὸν
1650 1061 1690 1113 ὗε

1902 1074 1948 1111 :r
1976 1073 2035 1112 se
2057 1058 2301 1114 subsistit
2332 1070 2387 1113 et
2417 1060 2568 1124 vivit,
2611 1069 2665 1115 et
2704 1072 2978 1130 operatur,
3021 1071 3076 1117 et
3115 1061 3285 1117 Filius
3314 1073 3418 1117 est.

172 1152 390 1206 εστῶτα
414 1192 429 1217 ,
482 1152 576 1205 καὶ
634 1150 846 1216 ζῶντα,
907 1152 1000 1204 καὶ
1054 1150 1380 1221 ἐνεργοῦντα
1427 1150 1575 1204 Υίόν.
1613 1148 1688 1202 ’Δὶ

1905 1149 1959 1204 ad
1986 1151 2232 1205 fortassis
2263 1151 2506 1220 inquiet:
2534 1151 2651 1208 Non
2694 1167 2796 1222 ego
2844 1152 2990 1208 illum
3039 1154 3246 1223 appello
3286 1153 3421 1209 Ver-

171 1245 280 1297 οὐκ
333 1243 443 1313 ἐγὼ
466 1284 481 1309 ,
531 1243 664 1315 φησὶ
687 1282 703 1307 ,
760 1242 837 1305 ὡς
882 1242 1029 1305 εἰκὸς
1052 1282 1068 1310 ,
1108 1241 1224 1295 ἀλλ’
1260 1243 1289 1292 6
1327 1241 1468 1305 θεῖος
1518 1242 1687 1311 εὐαγγ

1909 1256 2002 1303 tm,
2054 1241 2146 1295 sed
2210 1241 2423 1297 divinus
2469 1242 2794 1312 evangelista
2861 1262 2875 1298 :
2929 1254 2984 1299 et
3041 1260 3138 1300 nos
3184 1244 3311 1299 illud
3341 1246 3424 1314 ip-

172 1335 368 1407 λιστὴς
416 1335 587 1403 Λόγον
646 1333 804 1390 αὑτὸν
854 1335 1166 1405 προσεῖπεν.
1223 1332 1537 1386 ’Λκόλουθον
1573 1332 1686 1386 τοίν

1906 1350 1971 1387 tm
2020 1349 2115 1404 par
2156 1343 2241 1391 est
2274 1335 2540 1392 confiteri.
2598 1337 2691 1393 Est
2731 1338 2889 1408 plane
2937 1338 3097 1393 etiam
3145 1354 3265 1395 meo
3304 1340 3422 1394 ani-

172 1429 265 1499 εῑη
296 1428 362 1482 ἂν
396 1428 488 1481 καὶ
513 1428 658 1497 ἡμᾶς
683 1426 855 1497 τούτῳ
876 1425 1253 1495 συνομολογεῖν
1279 1424 1417 1495 (58).
1445 1424 1573 1489 Ναὶ,
1604 1425 1747 1495 φημὶ
1855 1441 1963 1481 mo.

174 1517 276 1572 καὶ
307 1517 488 1581 αὐτός.

820 1605 978 1659 ΚΕΦ.
1017 1604 1114 1659 ΙΖ’.

2448 1605 2601 1660 CAP.
2637 1603 2796 1661 XVII.

258 1700 564 1770 Ἑρμηνείιι
590 1697 699 1767 τῆς
724 1694 992 1765 ἀληθοῦς
1018 1692 1285 1761 διανοίας
1325 1695 1433 1750 τοῦ
1464 1696 1678 1764 Λόγου.

1666 1734 1678 1748 .
2094 1692 2241 1750 Verte
2276 1700 2548 1752 sententia:
2585 1699 2649 1752 de
2689 1696 2852 1752 Verbo
2880 1697 3182 1767 explicatio.

247 1788 396 1859 Πλὴν
434 1788 539 1841 οὐδ’
568 1787 769 1857 ἑτέρως
820 1785 1117 1857 προσήκειν
1146 1779 1300 1855 οἶμαι
1345 1782 1623 1848 ἐξακούειν
1654 1783 1754 1854 τῆς

1926 1786 2032 1843 Sed
2066 1803 2171 1843 non
2202 1789 2362 1844 aliter
2381 1790 2601 1844 omnino
2623 1804 2725 1845 vox
2756 1790 2847 1844 illa
2897 1790 3307 1860 interpretanda
3339 1800 3424 1849 est

172 1880 429 1952 φωνῆςῆ
474 1879 622 1951 αὐτῷ
666 1880 827 1933 πάλιν
878 1876 1350 1950 μαθητευομένους
1396 1874 1477 1946 τῷ
1522 1876 1688 1944 εὺαγγ

1910 1894 2016 1934 iam
2045 1880 2310 1949 quomodo
2334 1894 2433 1934 nos
2471 1879 2658 1934 docuit
2699 1880 2813 1950 ipse
2854 1881 3219 1952 evangelista:
3253 1887 3426 1954 quod-

170 1975 334 2044 λιστῇ
404 1971 706 2026 διδάσκοντι
755 1973 936 2025 ὁποῖον
992 1967 1273 2040 διωρίζετο
1321 1966 1521 2035 Λόγον..
1564 1966 1686 2033 Σαφι

1908 1986 1981 2024 Im
2012 1970 2128 2040 ipse
2163 1969 2395 2025 Verbum
2426 1970 2710 2040 intelligat.
2754 1971 2807 2025 Id
2835 1986 2963 2025 vero
3003 1973 3241 2029 insinuat
3287 1976 3424 2032 satis

170 2069 232 2121 δὲ
280 2067 466 2120 τοῦτον
512 2065 749 2137 παρίστη
795 2057 905 2126 οἷός
956 2079 1042 2126 τις
1081 2057 1172 2133 ἦν,
1221 2060 1601 2114 ἐπισυνάπτων
1628 2058 1686 2125 ἐξ

1908 2078 2001 2117 are
2031 2062 2083 2116 in
2112 2062 2181 2117 iis
2208 2076 2328 2131 qua:
2353 2061 2608 2128 adnectit,
2631 2071 2681 2116 et
2712 2061 2852 2117 Deus
2881 2072 2996 2116 erat
3038 2061 3278 2131 Verbum,
3301 2081 3423 2123 cum

174 2161 275 2215 καί
308 2159 501 2228 λέγων,
536 2156 646 2212 Καὶ
687 2154 831 2222 Θεὸς
872 2151 952 2226 ἦν
991 2157 1024 2208 ό
1049 2154 1258 2223 Λόγος.
1287 2151 1589 2223 Δυνάμενος
1625 2166 1690 2219 γο

1906 2153 2103 2222 roloqui
2152 2154 2450 2223 potuisset,
2488 2161 2543 2208 et
2590 2152 2681 2209 ille
2720 2152 2897 2222 Deus,
2937 2154 3121 2210 addito
3167 2159 3422 2224 articulo,

169 2251 379 2313 εἰπεῖν,
422 2247 532 2303 Kal
576 2245 720 2312 Θεὸς
771 2241 852 2315 ἦν
889 2247 922 2299 ὁ
950 2245 1174 2314 ῙΛόγος,
1239 2240 1378 2313 μετὰ
1402 2242 1499 2313 τῆς
1530 2239 1623 2293 τοῦ
1654 2239 1685 2294 ἆ

1911 2252 1973 2296 ³31,
2007 2244 2238 2299 Verbum
2264 2284 2279 2308 ,
2313 2244 2359 2299 si
2388 2259 2553 2298 unum
2586 2253 2641 2299 et
2684 2244 2931 2299 eumdem
2955 2285 2972 2311 ,
3016 2254 3072 2300 et
3116 2244 3331 2303 Patrem
3372 2260 3427 2305 et

172 2342 311 2414 θρου
342 2340 677 2413 προσθήκης,
698 2336 751 2390 εἴ
778 2354 843 2406 γε
870 2336 928 2389 ἓν
956 2336 1051 2390 καὶ
1090 2334 1287 2388 ταύτὸν
1312 2336 1497 2403 ἡγεῖτο
1522 2332 1614 2385 τὸν
1646 2332 1688 2384 Π

1913 2335 2049 2389 ilium
2094 2335 2435 2405 appellasset,
2465 2334 2511 2390 si
2550 2332 2780 2390 Verbum
2812 2335 2940 2391 illud
2961 2338 3275 2407 opinaretur
3307 2354 3429 2396 esse

169 2430 312 2499 τέρα
355 2423 616 2481 εἶναικαὶ
656 2426 746 2478 τὸν
776 2424 923 2489 Υίὸν,
969 2422 1137 2476 αὐτόν
1180 2437 1241 2474 τε
1283 2416 1422 2474 εἶναι
1468 2420 1557 2473 τὸν
1585 2419 1685 2487 Λόγ

1906 2428 2004 2479 lum
2031 2424 2200 2480 Deum
2247 2425 2337 2495 qui
2374 2433 2457 2481 est
2486 2439 2651 2495 super
2683 2426 2884 2481 omnia.
2918 2428 3025 2485 Sed
3052 2445 3156 2485 non
3196 2431 3271 2485 ita
3298 2447 3422 2502 pro-

168 2520 271 2575 τὸν
297 2521 388 2574 ἐπὶ
421 2519 637 2575 πάντων
687 2516 841 2582 Θεὸν,
874 2514 972 2587 οὐχ
1018 2513 1189 2579 οὕτως
1224 2512 1358 2585 (δι’)
1384 2511 1614 2577 ἐξέδωκε
1659 2530 1684 2565 τ

1912 2527 2065 2574 cutus
2094 2526 2198 2573 est.
2244 2517 2379 2572 Nam
2412 2516 2497 2572 vel
2548 2516 2731 2574 dicere
2776 2519 3028 2589 debebat,
3058 2532 3113 2577 et
3161 2523 3253 2579 Dei
3306 2535 3428 2581 erat

169 2600 418 2686 γραφήν.
444 2612 517 2666 Ἦ
552 2610 682 2681 γὰρ,
714 2628 732 2660 t
764 2609 875 2662 Kal
904 2605 1039 2661 Θεοῦ
1071 2602 1140 2678 ἦν
1168 2608 1197 2659 6
1234 2605 1404 2674 Λόγος
1434 2623 1454 2657 ι
1491 2603 1656 2675 ἐχρῆν

1915 2613 2092 2665 erbum
2115 2650 2129 2673 ,
2160 2610 2243 2663 vel
2273 2608 2418 2666 Deus
2446 2620 2566 2664 erat
2590 2609 2679 2666 ille
2700 2608 2936 2666 Verbum
2962 2630 2975 2666 :
3006 2613 3218 2683 adjecto
3239 2631 3431 2687 nempe

170 2710 327 2769 πεῖν,
354 2705 387 2775 ἢ
420 2723 439 2756 ‹
466 2704 495 2756 6
525 2701 657 2766 Θεὸς
694 2698 761 2773 ἦν
791 2702 819 2753 6
848 2700 1037 2768 Λόγος,
1069 2716 1089 2750 ι
1129 2697 1265 2769 μετά
1306 2690 1631 2770 προσθήκης
1661 2713 1686 2748 τ

1916 2704 2110 2769 ιιίουιο,
2144 2704 2191 2758 si
2227 2718 2351 2759 cum
2385 2704 2627 2760 biarcelli
2676 2705 2945 2761 sententia
2986 2704 3268 2777 Scriptura
3298 2723 3432 2764 con-

170 2796 407 2870 ἄρθρου,
452 2797 501 2848 εἰ
543 2796 611 2866 τῇ
665 2791 986 2864 Μαρκέλλου
1051 2790 1261 2861 διανοίᾳ
1320 2788 1608 2860 σύμφωνον
1659 2804 1686 2840 τ

1917 2796 2141 2851 ιίτιιεεθι.
2187 2795 2257 2850 At
2302 2811 2447 2851 nunc
2493 2805 2549 2850 et
2598 2796 2773 2866 ipsum
2805 2794 3043 2852 Verbum
3092 2797 3260 2853 Deum
3308 2815 3433 2857 esse

171 2887 402 2961 γραφὴν
446 2887 699 2939 ἐποιεῖτο.
730 2883 867 2937 Νυνὶ
892 2882 949 2935 δὲ
978 2882 1072 2936 καὶ
1101 2881 1262 2935 αὑτὸν
1305 2880 1395 2934 τὸν
1424 2880 1595 2949 Λόγον
1626 2880 1687 2934 Θε

1912 2886 2139 2948 sinuat,
2172 2886 2426 2941 similiter
2462 2886 2539 2941 illi
2574 2886 2700 2951 Deo,
2747 2887 2886 2956 apud
2929 2902 3088 2957 quem
3125 2898 3261 2945 erat.
3295 2889 3428 2947 Nam

172 2975 321 3036 ιῖναι
355 2978 627 3050 παρίστη,
673 2976 872 3048 ὁμοίως
905 2972 1003 3043 τῷ,
1040 2973 1176 3045 πρὸς
1215 2972 1273 3025 6v
1298 2968 1366 3044 ἦν
1391 2971 1541 3044 Θεῷ·
1578 2989 1688 3042 προ]

1912 2992 1981 3030 tm
2032 2976 2179 3047 prius
2224 2977 2490 3042 edixerat,
2526 2976 2589 3032 Et
2632 2975 2855 3031 Verbum
2902 2989 3016 3032 erat
3065 2986 3203 3048 apud
3239 2980 3428 3050 Deum,

174 3069 302 3126 ¹ιιὶὼν
331 3070 460 3140 γὰρ,
502 3066 613 3122 Kal
641 3069 673 3121 ό
703 3067 892 3135 Λόγος
926 3062 1006 3136 ἦν
1036 3065 1187 3133 πρὸς
1216 3062 1321 3117 τὸν
1354 3063 1521 3127 Θεὸν,
1563 3064 1690 3131 ὲπάπ

1916 3066 2146 3133 ιιήηῐοη,
2180 3077 2227 3121 et
2258 3067 2397 3122 Deus
2428 3078 2540 3123 erat
2580 3068 2804 3124 Verbum
2834 3083 2854 3124 :
2882 3068 3195 3139 planissime
3222 3088 3320 3129 nos
3348 3075 3432 3129 in-

170 3161 373 3230 λέγων,
403 3157 515 3212 Kal
562 3157 708 3222 Θεὸς
734 3152 814 3226 ἦν
842 3159 873 3210 ό
906 3155 1113 3226 Λόγος,
1168 3154 1450 3225 μονονουχὶ
1490 3154 1686 3222 σαφέσι

1914 3172 2125 3223 ιτωίιηε,
2143 3167 2346 3214 tantum
2376 3175 2483 3215 non
2509 3170 2567 3216 ut
2591 3161 2823 3231 primum
2855 3161 3021 3216 Deum
3055 3162 3201 3218 illum
3228 3164 3430 3223 intelli-

175 3272 277 3328 ρον
307 3254 454 3323 ἡμᾶς
496 3250 758 3305 διδάσκων
788 3248 1000 3321 πρῶτον
1055 3248 1152 3318 μὲν
1194 3247 1441 3317 ἡγεῖσθαι
1492 3246 1625 3300 Θεὸν
1669 3264 1691 3299 τ

1915 3265 2051 3305 imus
2098 3264 2239 3316 esse,
2292 3252 2382 3320 qui
2432 3262 2515 3306 est
2557 3268 2718 3322 super
2765 3252 2967 3314 omnia,
3015 3254 3186 3324 ipsum
3239 3270 3431 3327 nempe

174 3347 438 3401 ἐπέκεινα
483 3345 592 3398 τῶν
621 3342 776 3408 ὅλων,
820 3342 982 3395 αὑτὸν
1010 3340 1103 3395 τὸν
1142 3339 1235 3392 τοῦ
1292 3339 1464 3407 Λόγου
1512 3339 1690 3409 Πατέρ

1913 3340 2025 3396 erbi
2074 3341 2328 3408 Patrem,
2387 3342 2528 3412 apud
2574 3357 2733 3412 quem
2774 3350 2891 3397 erat
2932 3342 3201 3411 Verbum;
3236 3354 3347 3402 tum
3377 3349 3429 3402 in

176 3440 321 3511 πρὸς
356 3439 413 3491 ὃν
449 3432 516 3509 ἦν
552 3438 581 3490 6
608 3436 798 3505 Λόγος,
844 3434 1036 3489 ἔπειτα
1066 3433 1180 3503 μετ’
1218 3431 1378 3484 αὑτὸν
1415 3431 1490 3502 μὴ
1524 3431 1692 3499 ἀγνοεῖ

1914 3430 2133 3495 :cundis,
2156 3439 2214 3484 ut
2237 3446 2305 3486 ne
2334 3429 2506 3499 ignari
2535 3431 2725 3495 simus,
2749 3430 2892 3500 quod
2917 3441 2971 3487 et
2999 3432 3235 3488 Verbum
3261 3437 3430 3504 ipsius

175 3533 259 3596 ὡς
288 3532 381 3584 καὶ
414 3532 441 3583 ὀ
474 3530 645 3598 Λόγος
675 3527 838 3581 αὐτοῦ
877 3527 906 3578 6
944 3522 1235 3595 μονογενὴς
1267 3523 1412 3586 Υἱὸς,
1449 3522 1571 3593 οὐχὶ
1601 3522 1691 3575 αὐτ

1912 3522 2168 3593 nigenitus
2188 3522 2361 3578 Filius
2381 3538 2488 3577 non
2540 3534 2656 3578 erat
2685 3526 2904 3594 quidem
2935 3525 3027 3581 ille
3059 3541 3222 3595 super
3248 3531 3428 3583 omnia

173 3620 250 3695 ἦν
284 3625 311 3676 6
337 3622 427 3674 ἐπὶ
467 3620 683 3675 πάντων
715 3618 866 3682 Θεὸς,
896 3617 1009 3671 ἀλλ’
1044 3617 1124 3670 ὃτι
1158 3616 1250 3670 καὶ
1297 3614 1461 3678 αὐτὸς
1497 3612 1630 3677 Θεὸς
1672 3608 1689 3667 ἱ

1916 3630 2011 3669 eus
2036 3656 2052 3681 ,
2082 3615 2175 3670 sed
2203 3617 2345 3685 quod
2376 3626 2430 3670 et
2456 3617 2568 3686 ipse
2587 3617 2749 3671 etiam
2779 3616 2923 3673 Deus
2948 3628 3097 3685 erat;
3127 3619 3431 3690 conjunctio

189 3716 256 3770 '0
286 3714 392 3785 γὰρ
426 3733 443 3766 t
470 3713 565 3767 καὶ
594 3731 613 3764 ι
653 3710 946 3782 σύνδεσμος
984 3707 1064 3779 τῷ
1116 3707 1292 3780 Πατρὶ
1348 3705 1608 3759 συνάπτει
1664 3706 1705 3758 τέ

1910 3704 2061 3757 tenim
2098 3703 2182 3757 illa
2206 3744 2222 3769 ,
2260 3714 2315 3760 et
2358 3705 2700 3760 divinitatem
2747 3706 2872 3762 Filii
2927 3710 3200 3763 connectit
3237 3710 3426 3776 Patri;

177 3805 412 3876 θεότητα
438 3803 529 3857 τοῦ
582 3801 733 3855 Υίοῦ.
785 3800 875 3853 Διό
923 3817 1075 3871 φησι,
1109 3798 1219 3854 Kal
1240 3801 1273 3852 ό
1308 3796 1451 3862 Θεὸς
1474 3792 1554 3866 ἦν
1588 3798 1620 3849 ό
1652 3799 1693 3849 Λ

1916 3794 1989 3849 ide
2021 3794 2119 3861 ait,
2150 3805 2197 3849 et
2224 3794 2365 3849 Deus
2385 3805 2497 3850 erat
2533 3792 2760 3850 Verbum
2784 3811 2803 3850 :
2828 3806 2884 3851 ut
2913 3797 3083 3852 Deum
3106 3798 3255 3852 illum
3290 3801 3432 3855 scia-

177 3914 312 3969 τος,
366 3896 431 3949 ἵν’
492 3893 691 3965 ἴδωμεν
733 3893 864 3947 Θεὸν
904 3891 994 3944 τὸν
1027 3891 1120 3943 ἐπὶ
1152 3891 1386 3951 πάντων,
1433 3887 1568 3958 πρὸς
1610 3885 1669 3938 ὃν

1915 3899 1987 3939 ιυε
2013 3899 2154 3952 esse,
2182 3884 2273 3953 qui
2305 3894 2391 3940 est
2420 3899 2580 3954 super
2611 3884 2820 3951 omnia,
2850 3885 2989 3955 apud
3015 3900 3176 3955 quem
3207 3896 3260 3939 et
3295 3884 3431 3942 Ver-

175 3992 212 4045 6
238 3989 409 4059 Λόγος
427 4028 442 4052 ,
494 3988 583 4041 καὶ
612 3986 745 4040 Θεὸν
788 3986 949 4038 αὐτὸν
986 3983 1076 4039 τὸν
1109 3983 1302 4051 Λόγον.
1346 3982 1544 4033 ’Λκουε
1582 3978 1657 4041 ὡς
1690 4016 1691 4025 η

1917 3990 1993 4028 im
2022 3984 2161 4040 erat,
2195 3975 2287 4029 sed
2314 3983 2370 4029 et
2394 3972 2631 4028 Verbum
2656 3988 2869 4045 quoque
2904 3976 3071 4030 Deum
3097 3975 3304 4042 audies,
3326 3976 3433 4031 vel-

179 4082 323 4136 κόνα
367 4080 460 4133 τοῦ
512 4078 670 4143 Θεοῦ,
714 4076 809 4130 καὶ
842 4077 1026 4129 εἰκόνα
1060 4074 1170 4145 (62)
1203 4076 1302 4143 οὐχ
1343 4072 1419 4135 ὡς
1470 4073 1527 4125 ἐν
1574 4070 1695 4140 eos;

1913 4065 1947 4118 li
1992 4065 2083 4133 qui
2113 4066 2183 4120 sit
2211 4064 2387 4136 imago
2417 4064 2548 4131 Dei,
2579 4080 2684 4119 non
2716 4075 2775 4119 ut
2802 4068 2855 4119 in
2883 4066 3108 4120 materia
3138 4065 3429 4121 inanimata

181 4173 314 4244 ὕλῃ,
360 4172 472 4226 ἀλλ’
494 4170 570 4235 ὡς
609 4172 668 4224 ἐν
698 4167 812 4240 Υἱῷ
844 4167 1038 4233 ζῶντι,
1088 4165 1184 4220 καὶ
1229 4163 1598 4235 ἀκριϐέστατα
1629 4178 1697 4233 πρ

1914 4158 2272 4223 ibsistentem,
2334 4158 2429 4213 sed
2482 4166 2541 4211 ut
2574 4158 2627 4212 in
2677 4158 2818 4212 Filio
2856 4158 2978 4213 vivo
3013 4160 3103 4229 qui
3136 4173 3299 4229 quam
3332 4175 3430 4214 ex—

177 4264 287 4336 τὴν
316 4263 618 4334 ἀρχέτυπον
654 4260 881 4330 θεότητα
911 4257 1006 4311 τοῦ
1058 4255 1269 4327 Πατρὸς
1311 4252 1693 4324 άφωμοιωμένι

1916 4248 2138 4303 :tissime
2167 4255 2518 4317 repraesentat
2552 4247 2880 4317 archetypon
2909 4247 3053 4301 illam
3085 4247 3262 4303 Patris
3294 4248 3432 4304 divi-

198 4354 359 4408 Ἐπεὶ
396 4354 453 4406 δὲ
481 4353 559 4424 τῷ
601 4350 922 4421 ἀνθρωπίνῳ
970 4347 1112 4418 λόγῳ
1161 4346 1251 4398 τὸν
1276 4344 1372 4398 τοῦ
1414 4344 1548 4397 Θεοῦ
1582 4360 1714 4414 παρα

1916 4339 2115 4394 itatem.
2164 4337 2428 4405 Quoniam
2475 4353 2607 4395 vero
2634 4338 2807 4393 visum
2851 4338 3104 4393 Marcello
3146 4338 3248 4393 fuit
3275 4339 3432 4410 logon

183 4446 407 4501 ϐάλλειν
452 4444 625 4498 ἐδόκει
673 4442 997 4514 Μαρκέλλῳ,
1043 4442 1138 4495 καὶ
1185 4441 1336 4510 πόσῳ
1389 4436 1580 4509 βελτίω
1624 4430 1699 4489 εἶν

1918 4429 1991 4492 ei,
2023 4441 2209 4484 nostro
2253 4430 2531 4485 hominum
2583 4432 2900 4493 assimilare,
2935 4432 2978 4486 si
3028 4432 3248 4485 omnino
3294 4432 3433 4486 hanc

180 4537 457 4608 φήσομεν,
516 4534 684 4588 εἰκόνι
741 4534 1021 4605 χρώμενον
1085 4522 1164 4603 τῷ
1218 4528 1541 4603 ἀνθρωπίνῳ
1597 4528 1694 4595 λόγ

1918 4522 2131 4577 illibere
2163 4520 2373 4576 volebat
2402 4523 2810 4579 similitudinem
2833 4563 2848 4588 ,
2897 4533 3100 4593 quanto
3130 4524 3331 4579 rectius
3365 4524 3434 4588 is,

179 4628 365 4699 τούτῳ
394 4626 591 4698 μᾶλλον
613 4624 917 4697 χρήσασθαι
938 4622 1016 4695 τῷ
1036 4621 1457 4694 παραδείγματι,
1481 4618 1575 4671 καὶ
1600 4616 1695 4685 φάη

1917 4613 1937 4666 1
1992 4613 2135 4667 hunc
2181 4615 2397 4667 modum
2444 4614 2774 4683 protulisset,
2806 4623 2865 4668 ut
2903 4615 3126 4681 diceret,
3165 4621 3224 4680 sit
3265 4616 3433 4670 nostri

181 4721 286 4776 τοῦ
319 4721 448 4793 παρ’
484 4720 615 4791 ἡμῖν
642 4718 800 4787 λόγου
844 4716 1053 4789 πατέρα
1094 4711 1232 4768 εἷναι
1267 4713 1359 4765 τὸν
1393 4711 1537 4775 νοῦν,
1580 4709 1697 4781 ἔτερ

1918 4703 1976 4773 νεῖ
2006 4714 2284 4774 parentem
2314 4717 2434 4757 esse
2477 4714 2711 4757 mentem
2733 4744 2748 4771 ,
2777 4719 2895 4774 quae
2938 4704 3206 4761 diversum
3238 4705 3365 4775 quid
3401 4720 3434 4759 a

181 4815 320 4869 ὅντα
351 4812 501 4883 παρὰ
528 4811 618 4865 τὸν
649 4810 824 4879 λόγον.
855 4809 959 4863 Τὸν
993 4807 1091 4879 μὲν
1118 4807 1228 4877 γὰρ
1261 4803 1395 4875 (62')
1427 4802 1571 4867 νοῦν,
1617 4801 1697 4854 ὃσπ

1915 4811 1989 4864 >go
2018 4795 2249 4850 exsistit.
2278 4793 2506 4847 Mentem
2538 4794 2681 4848 enim
2710 4809 2870 4850 nemo
2905 4795 3122 4865 quidem
3160 4797 3431 4851 hominum

184 4905 327 4961 σωτὲ
358 4904 451 4958 καὶ
476 4905 656 4967 ὁποῖος
687 4900 761 4955 ὣν
786 4901 888 4973 τὴν
916 4899 1100 4954 οὐσίαν
1142 4897 1404 4968 ὑπάρχει,
1450 4893 1625 4955 οὐδεὶς
1655 4908 1700 4944 πι

1917 4889 2023 4943 ovit
2068 4904 2188 4956 quae
2227 4887 2326 4954 sit,
2374 4886 2588 4955 qualive
2638 4888 2859 4955 praedita
2904 4888 2976 4944 sit
3025 4889 3295 4944 essentia:
3340 4889 3433 4944 sed

185 5012 328 5052 ποτε
358 4994 657 5067 ἀνθρώπων
678 4993 841 5063 ἔγνω,
878 4990 1129 5063 βασιλεὺς
1155 4989 1200 5043 δ’
1224 4982 1312 5042 οία
1338 4988 1396 5039 ἐν
1433 4983 1701 5056 άπορρήτε

1919 4979 2037 5036 eluti
2070 4979 2289 5049 quidam
2320 4992 2436 5043 rex,
2455 4977 2598 5031 intus
2630 4987 2683 5032 et
2713 4979 2765 5031 in
2798 4977 3023 5033 secretis
3049 4978 3162 5034 suis
3189 4990 3435 5049 recepta-

183 5092 329 5146 εἴσω
362 5092 476 5153 τοῖς
524 5087 690 5142 αὐτοῦ
746 5084 1013 5157 ταμιείοις
1057 5080 1339 5153 ἱδρυμένος
1387 5078 1457 5132 τὰ
1513 5092 1699 5147 πρακτλ

1921 5073 2007 5127 ills
2053 5071 2318 5137 residens,
2352 5070 2417 5124 de
2462 5069 2622 5125 rebus
2648 5070 2869 5141 agendis
2915 5070 3142 5141 despicit
3177 5082 3232 5125 et
3261 5071 3437 5123 deter-

189 5178 536 5253 βουλεύεται·
578 5181 607 5231 6
633 5177 677 5230 δ’
698 5174 758 5240 ἐξ
797 5172 959 5229 αὑτοῦ
989 5171 1165 5240 λόγος,
1192 5164 1281 5223 οἶα
1306 5165 1509 5238 πατρὸς
1549 5164 1609 5230 ἐξ
1639 5163 1703 5216 ea

1921 5162 2083 5217 linat:
2134 5161 2301 5231 ipsius
2340 5169 2516 5214 autem
2551 5159 2735 5231 logos,
2764 5174 2832 5215 ex
2877 5172 2942 5216 eo
2979 5159 3275 5230 procedens
3319 5169 3437 5212 tan-

186 5251 306 5327 ιτων
332 5268 517 5342 μυχῶν
544 5265 935 5339 γεγεννημένος
962 5266 1071 5328 τοῖς
1098 5260 1253 5324 ἐκτὸς
1281 5261 1414 5314 πᾶσι
1442 5256 1702 5313 καθίστατ

1923 5267 2030 5309 tam
2060 5264 2094 5329 a
2123 5252 2372 5322 genitore
2410 5252 2723 5324 progenitus
2744 5291 2760 5321 ,
2794 5251 2850 5307 in
2891 5251 3246 5310 abditissimis
3276 5263 3439 5307 uene-

265 5463 331 5524 »Β
368 5456 464 5512 Ed.
490 5454 691 5509 Paris..
717 5465 837 5522 pag.
860 5448 983 5514 1'27,
1010 5447 1125 5504 128.

266 5656 402 5729 (εν)
434 5654 603 5729 νιξιϐφ
634 5650 870 5729 ﬁmi?
980 5717 1029 5729 ..
1106 5716 1119 5728 .
1170 5728 1173 5729 ,
1338 5715 1351 5729 .
1401 5713 1478 5729 ι.
1512 5711 1531 5729 ς
1582 5712 1594 5729 ,
1666 5728 1671 5729 ν

1106 5716 1119 5728 .
1338 5715 1351 5729 ,
1454 5713 1478 5729 ,
1512 5711 1531 5729 ,
1582 5712 1594 5729 ,
1954 5633 2084 5707 (52⁸)
2111 5632 2279 5704 Vulgo
2310 5634 2560 5703 om.7ap.

269 5711 398 5799 Z62),
414 5726 521 5782 Καὶ
537 5711 727 5777 ’έίκόνα
750 5711 872 5775 add.
897 5717 1077 5785 codd.;
1106 5716 1242 5770 intra
1269 5715 1424 5786 vulgo
1452 5711 1693 5785 βελτίων.

566 5824 835 5884 Ριτιιοι..
868 5818 987 5880 Gn.
1030 5783 1256 5878 XXIV.
1363 5783 1384 5786 ⁷
1456 5783 1463 5785 ἡ
3088 5783 3170 5843 30
