3838 6222
436 299 538 361 959

1098 294 1365 353 EUSEBII
1402 292 1875 351 CAESARIENSIS
1911 288 2063 350 OPP.
2104 290 2281 347 PARS
2314 288 2409 348 1V.
2448 320 2517 329 ——
2554 287 2981 345 DOGMATICA.

3572 292 3681 348 940

438 420 663 478 tralibus
684 458 698 486 ,
722 413 1021 470 manifeste
1050 412 1181 469 foris
1210 413 1594 470 exsistentibus
1619 413 1871 469 omnibus
1898 412 1994 466 de-

2111 410 2392 481 γνώριμος.
2431 406 2544 463 Εἶθ’
2573 409 2622 461 οἱ
2657 409 2754 479 μὲν
2787 408 2852 462 ἐκ
2882 410 2980 479 τῆς
3011 408 3104 462 τοῦ
3137 408 3297 479 λόγου
3333 373 3685 483 μεταλαμά-

438 510 709 573 claratur,
746 506 836 577 qui
879 505 1169 577 participes
1214 504 1431 575 quidem
1471 505 1609 560 ﬁunt
1651 503 1900 559 utilitatis
1932 502 2001 558 de

438 600 560 668 logo
586 596 914 661 resultantis,
949 602 1182 650 mentem
1217 608 1348 650 vero
1391 593 1715 649 invisibilem
1748 602 1803 647 et
1842 592 2001 660 inap-

444 697 749 759 parentem,
774 686 876 756 logi
904 683 1045 739 illius
1065 682 1361 753 genitorem
1389 696 1549 737 nemo
1574 695 1812 750 unquam
1843 678 1999 733 vidit.

436 784 521 839 Ad
554 780 801 837 eumdem
846 775 1095 841 modum,
1122 774 1232 829 imo
1263 773 1441 842 potius
1480 779 1633 828 extra
1678 785 1892 827 omnem
1924 771 2002 826 si-

440 873 795 930 militudinem
835 878 890 925 et
929 866 1233 938 exemplum
1275 866 1709 937 perfectissimus
1753 864 1843 921 ille
1881 865 2005 919 uni-

438 976 715 1020 versorum
744 960 953 1016 Domini
976 959 1161 1029 ‘Logos
1179 997 1195 1023 ,
1248 973 1358 1013 non
1401 958 1468 1013 ad
1496 958 1713 1013 modum
1740 956 2003 1028 prolatitii

438 1054 706 1112 sermonis
737 1052 1086 1122 humani,qui
1116 1065 1149 1107 e
1176 1050 1395 1123 syllabis
1423 1058 1477 1105 et
1505 1048 1707 1115 verbis,
1739 1058 1796 1105 et
1824 1050 2004 1106 nomi-

440 1150 599 1204 nibus
622 1145 995 1216 componitur,
1025 1145 1121 1200 sed
1158 1154 1411 1214 tanquam
1445 1142 1755 1212 unigenitus
1785 1143 1878 1198 Dei
1910 1143 2005 1198 Fi-

440 1242 544 1297 lius
574 1240 749 1304 vivus,
777 1237 1098 1299 subsistens,
1125 1232 1470 1304 progreditur
1504 1234 1569 1288 de
1595 1232 1776 1289 Patris
1812 1234 1898 1288 sui
1926 1232 2009 1288 di-

440 1334 667 1389 vinitate
694 1340 748 1386 et
793 1342 999 1399 regno:
1032 1326 1227 1396 irrigat
1267 1332 1447 1379 autem
1492 1324 1755 1379 mundum
1782 1325 2007 1379 univer-

439 1441 557 1483 sum
592 1423 816 1495 largiter
848 1421 915 1475 de
946 1435 1004 1475 se
1029 1426 1317 1475 emanante
1349 1418 1485 1482 vita,
1526 1416 1761 1481 ratione,
1790 1416 2006 1486 sapien-

441 1521 538 1586 tia,
566 1519 707 1583 luce,
752 1514 899 1571 omni
942 1513 1106 1575 bono,
1143 1524 1172 1564 a
1212 1510 1373 1566 Patre
1403 1511 1621 1581 quidem
1662 1509 2004 1580 participato,

440 1616 496 1662 et
522 1602 820 1676 procreatis
851 1600 1100 1657 omnibus
1130 1598 1255 1653 inde
1285 1608 1658 1669 restagnante.
1714 1598 1817 1665 Qui
1846 1598 2009 1653 Pater

441 1711 563 1751 cum
594 1694 665 1750 sit
691 1708 788 1764 per
808 1693 988 1748 omnia
1025 1689 1562 1761 inapprehensibilis,
1592 1689 2009 1759 incomprehen-

2103 518 2250 555 νουσι
2309 500 2604 570 ὠφελείας,
2648 500 2739 553 τὸν
2787 499 2831 553 δ’
2880 501 3057 570 ἀφανῆ
3115 502 3210 555 καὶ
3259 502 3488 574 ἀόρατον
3536 502 3687 568 νοῦν,

2101 594 2193 647 τὸν
2223 593 2289 665 δὴ
2328 594 2436 666 (65)
2486 592 2578 646 τοῦ
2612 592 2770 661 λόγου
2816 594 3029 666 πατέρα
3073 592 3249 657 οὐδεὶς
3284 592 3503 647 πώποτε
3553 591 3688 649 εἶδε.

2104 684 2261 738 Κατὰ
2291 684 2359 738 τά
2410 684 2550 738 αὐτά
2580 684 2645 755 δὴ
2700 685 2898 755 μᾶλλον
2931 685 2987 738 δὲ
3027 686 3279 738 ἐπέκεινα
3334 684 3449 757 (64)
3500 685 3687 756 πάσης

2104 777 2309 840 εἰκόνος
2339 794 2399 829 τε
2448 777 2542 829 καὶ
2600 776 3036 847 παραδείγματος
3070 777 3098 828 ὁ
3140 775 3233 829 τοῦ
3290 774 3689 846 παμϐασιω

2103 868 2239 922 Θεοῦ
2287 868 2491 932 τέλειος
2541 868 2742 937 Λόγος,
2788 869 2850 921 οὑ
2894 868 3034 937 κατά
3081 869 3173 924 τὸν
3209 869 3545 940 προφορικὸν
3594 870 3693 923 ἀν·-

2106 958 2337 1030 θρώπων
2376 959 2533 1027 λόγον
2568 960 2632 1011 ὲκ
2667 958 2943 1013 συλλαϐῶν
2979 960 3078 1013 ικαὶ
3126 958 3384 1030 ῥημάτων
3414 960 3511 1013 καὶ
3564 958 3691 1011 ovo-

2108 1050 2293 1120 μάτων
2324 1049 2698 1120 συγκείμενος,
2726 1044 2813 1103 οἷα
2841 1050 2899 1103 δὲ
2934 1050 3230 1123 μονογενὴς
3251 1049 3343 1103 τοῦ
3370 1049 3505 1103 Θεοῦ
3534 1049 3690 1113 Υἱὸς,

2106 1140 2215 1206 ζῶν
2249 1142 2341 1195 καὶ
2387 1139 2669 1211 ὑφεστὼς,
2717 1141 2929 1211 πρόεισι
2964 1142 3062 1212 μὲν
3105 1143 3207 1212 τῆς
3259 1142 3533 1213 πατρικῆς
3566 1141 3692 1194 θεό-

2105 1235 2265 1305 τητός
2314 1252 2373 1287 τε
2408 1235 2501 1288 καὶ
2554 1234 2861 1305 βασιλείας,
2912 1235 3137 1305 ἑπάρδει
3178 1235 3235 1288 δὲ
3282 1234 3361 1305 τῷ
3408 1233 3695 1305 σύμπαντι

2106 1325 2296 1397 κόσμῳ
2325 1325 2424 1390 τάς
2454 1326 2513 1391 ἐξ
2543 1326 2711 1380 αὐτοῦ
2753 1326 3016 1398 χορηγίας
3066 1325 3211 1396 ζωῆς
3258 1326 3354 1381 καὶ
3385 1325 3545 1395 λόγου
3593 1326 3697 1379 καὶ

2109 1418 2299 1487 σοφίας
2329 1417 2422 1472 καὶ
2466 1419 2640 1487 φωτὸς
2664 1420 2759 1472 καὶ
2791 1418 2989 1482 παντὸς
3016 1418 3221 1487 ἀγαθοῦ
3250 1418 3548 1489 ⁷μετουσίας
3574 1420 3694 1480 τοῖς

2106 1512 2387 1580 γεννητοῖς
2419 1509 2589 1564 ἅπασι
2624 1510 3015 1581 ὲπιλιμνάζων,
3039 1509 3133 1563 τοῦ
3165 1510 3377 1581 Πατρὸς
3408 1509 3504 1563 καὶ
3548 1509 3693 1561 Θεοῦ

2106 1602 2214 1655 τῶν
2239 1603 2375 1657 ὅλων
2407 1604 2659 1656 ἐπέκεινα
2695 1603 2846 1666 ὄντος
2881 1603 3123 1674 ἀλήπτου
3162 1620 3221 1655 τε
3262 1603 3355 1656 καὶ
3398 1603 3691 1673 ἀχωρήτου

2106 1697 2219 1757 τοῖς
2247 1696 2403 1759 πᾶσι,
2432 1694 2574 1749 κατά
2614 1694 2707 1748 τὸν
2750 1694 2931 1764 ἀφανῆ
2975 1696 3070 1748 καὶ
3100 1694 3329 1765 ἀόρατον
3370 1693 3517 1755 νοῦν,
3552 1692 3690 1762 παρ’

442 1789 637 1853 sibilis,
662 1786 729 1840 ad
756 1785 969 1841 modum
994 1783 1138 1838 illius
1168 1783 1365 1838 mentis
1387 1780 1678 1861 invisibilis
1704 1796 1809 1836 non
1843 1794 2005 1851 appa-

2111 1783 2138 1836 ὂ
2163 1785 2259 1838 καὶ
2295 1802 2314 1835 ι
2344 1783 2461 1853 φῶς
2490 1784 2655 1839 οίκῶν
2680 1786 2974 1858 ἀπρόσιτον
3002 1805 3021 1839 ι
3060 1785 3327 1839 λέλεκται.
3362 1784 3502 1838 Ἀλλ’
3530 1786 3560 1837 ό
3590 1784 3693 1855 μὲν

430 1879 634 1942 tentis,
663 1876 828 1948 (unde
850 1884 906 1930 et
934 1875 1109 1930 lucem
1140 1876 1339 1930 dicitur
1366 1874 1671 1929 inhabitare
1700 1873 2007 1943 incompre-

440 1970 763 2029 hensibilem
792 1977 848 2023 et
880 1966 1234 2035 inaccessam)
1285 1966 1669 2022 inaccessibilis
1698 1974 1803 2031 est,
1835 1974 1887 2022 et
1923 1966 2009 2019 in-

440 2054 941 2129 comprehensibilis
983 2053 1231 2109 omnibus
1279 2063 1334 2109 et
1380 2054 1600 2125 singulis
1636 2056 1856 2111 omnino
1890 2066 2009 2111 est:

441 2161 507 2207 at
528 2151 614 2208 ille
640 2148 811 2205 Filius
839 2161 1051 2216 nempe,
1082 2161 1203 2201 cum
1230 2147 1297 2200 sit
1326 2148 1379 2200 in
1412 2148 1710 2219 pr0pinquo
1743 2149 1899 2205 nobis
1917 2163 2011 2218 po-

442 2245 580 2301 situs
624 2239 1026 2313 per‘Spiritum
1068 2240 1150 2295 sui
1206 2238 1421 2305 Patris,
1475 2241 1739 2310 gubernat
1789 2243 2007 2296 omnia:

443 2337 698 2407 quocirca
730 2348 836 2389 non
874 2333 1072 2389 dicitur
1111 2332 1179 2387 de
1219 2330 1415 2396 Patre,
1454 2331 1548 2386 sed
1605 2331 1673 2387 de
1724 2331 1893 2397 Filio,
1943 2332 2009 2387 In

440 2428 637 2482 mundo
662 2434 811 2491 erat,
862 2421 1179 2479 etvmundu:
1218 2438 1310 2490 per
1337 2421 1490 2475 illum
1535 2422 1707 2492 factus
1749 2424 1887 2478 est“.
1918 2423 2008 2479 Ille

442 2526 620 2574 autem
650 2524 768 2573 erat
795 2528 956 2585 super
982 2513 1165 2569 omnia
1209 2512 1369 2568 Pater
1410 2522 1477 2568 et
1520 2513 1801 2579 universa,
1832 2514 2005 2569 lucem

440 2607 694 2663 habitans
722 2605 1050 2660 inaccessam
1079 2602 1179 2657 iste
1205 2615 1303 2671 per
1326 2601 1535 2668 omnia,
1567 2612 1622 2658 et
1660 2602 1712 2658 in
1738 2605 2007 2669 omnibus,

442 2696 817 2769 gubernatrice
850 2709 946 2750 sua
985 2694 1267 2764 praesentia
1303 2709 1646 2765 permanens,
1689 2703 1749 2750 ut
1780 2695 1881 2750 ista
1912 2710 2003 2751 so—

438 2780 716 2845 lummodo
746 2787 974 2851 ratione,
1002 2783 1181 2856 imago
1202 2785 1292 2841 illa
1321 2783 1468 2841 verbi
1502 2784 1745 2851 humani,
1778 2784 1831 2839 in
1857 2784 2005 2839 illum

2108 1878 2403 1950 ἀπρόσιτος
2435 1880 2529 1933 καὶ
2581 1878 2863 1950 ἀχώρητος
2913 1878 2997 1949 εἴη
3033 1877 3100 1931 ἂν
3143 1879 3256 1940 τοῖς
3304 1877 3471 1930 πᾶσιν
3499 1876 3529 1928 ό
3576 1877 3692 1927 Πα-

2109 1970 2231 2042 τὴρ,
2258 1973 2286 2023 ό
2312 1970 2369 2023 δὲ
2412 1973 2524 2034 τοῖς
2561 1972 2726 2025 πᾶσιν
2765 1970 2986 2039 ἐγγίων,
3025 1970 3121 2024 ἆτε
3153 1969 3216 2040 δὴ
3251 1968 3363 2041 (65)
3395 1967 3463 2022 τά
3505 1968 3690 2021 πάντα

2105 2058 2359 2129 πατρικῷ
2410 2059 2640 2130 νεύματι
2708 2058 3107 2129 διακυϐερνῶν’
3164 2057 3245 2110 διὸ
3296 2057 3359 2111 οὐ
3412 2057 3542 2129 περὶ
3592 2056 3689 2109 τοῦ

2106 2149 2337 2221 Πατρὸς,
2362 2150 2491 2222 περ)⁸
2515 2151 2572 2204 δὲ
2598 2149 2692 2204 τοῦ
2718 2150 2847 2203 Υίοῦ
2870 2150 3125 2203 λέλεκται
3150 2150 3235 2215 τὸ,
3252 2150 3349 2203 Ἐν
3374 2148 3455 2214 τῷ
3484 2150 3693 2218 κόσμῳ

2102 2234 2200 2309 ἦν,
2254 2240 2354 2293 καὶ
2393 2243 2427 2294 ὁ
2472 2241 2702 2311 κόσμος
2727 2240 2803 2293 δι’
2848 2240 3034 2296 αὑτοῦ
3082 2241 3339 2311 ἐγένετο.
3388 2241 3499 2294 Καὶ
3528 2242 3556 2292 ὁ
3589 2241 3692 2311 μὲν

2104 2330 2359 2386 ἐπέκεινα
2395 2327 2464 2403 ἦν
2495 2332 2604 2386 τῶν
2650 2334 2809 2399 ὅλων,
2851 2334 2946 2387 καὶ
2994 2332 3135 2403 ὑπὲρ
3186 2332 3365 2386 πάντα
3400 2332 3537 2403 (66).
3574 2331 3691 2399 φῶς

2104 2422 2270 2477 οίκῶν
2316 2425 2612 2496 ἀπρόσιτον
2631 2444 2646 2457 ·
2677 2428 2705 2480 ὁ
2733 2426 2791 2479 δὲ
2825 2425 2915 2481 διά
2944 2426 3164 2480 πάντων
3196 2427 3292 2479 καὶ
3328 2426 3393 2478 ἐν
3426 2426 3561 2478 πᾶσι
3589 2442 3677 2494 κηγ

2101 2512 2363 2587 δημονικῇ
2390 2517 2591 2587 διήκων
2624 2516 2880 2589 προνοίᾳ·
2915 2516 3026 2588 (67)
3059 2518 3135 2580 ὡς
3172 2517 3313 2571 κατὰ
3338 2516 3498 2571 τοῦτο
3532 2517 3694 2586 μόνον

2104 2603 2263 2657 αὑτὸν
2286 2622 2350 2658 συ
2359 2606 2686 2675 μόάλλεσθαι
2706 2608 2805 2678 τὴν
2823 2606 2916 2660 τοῦ
2936 2608 3276 2680 ἀνθρωπείου
3297 2608 3457 2676 λόγου
3485 2607 3692 2660 εἰκόνα.

2122 2694 2284 2748 Ἀλλά
2319 2697 2426 2769 γὰρ
2470 2697 2675 2752 τούτων
2704 2700 2834 2770 ἡμῖν
2862 2699 3343 2771 ἀποδεδειγμένων,
3378 2699 3527 2763 είκός
3570 2715 3695 2752 τινα

2111 2784 2219 2839 τῶν
2245 2787 2561 2859 φιλομαθῶν
2589 2792 2818 2861 ἐρωτᾷν.

442 2893 738 2950 congruere
768 2878 1029 2935 videatur.
1072 2876 1168 2933 His
1192 2877 1275 2933 ita
1322 2891 1419 2947 per
1481 2890 1581 2931 nos
1652 2875 2054 2943 demonstratis,
2121 2884 2299 2934 tamen
2349 2880 2615 2951 quispiam
2668 2881 2809 2938 forte
2859 2881 3100 2939 discendi
3162 2882 3388 2953 cupidus
3462 2882 3697 2938 interro-

444 2985 616 3048 garet.

1059 3067 1209 3125 C'A‘P.
1238 3067 1431 3124 XVIII.

446 3162 559 3219 Cur
598 3178 655 3216 in
688 3158 1258 3231 prtncipio__Euangelii
1306 3161 1389 3214 sui
1436 3159 1753 3231 evangelista
1798 3157 2010 3215 'Filium

940 3228 1162 3283 Verbum
1192 3232 1521 3285 nominavit?

516 3322 855 3391 ρυίάιοοιιεω
885 3320 1084 3384 fuerat,
1113 3320 1253 3388 quod
1299 3321 1584 3375 exordiens
1624 3337 1779 3377 suum
1813 3322 2005 3379 librum

443 3414 769 3483 evangelista
806 3418 881 3477 +3
920 3410 1081 3467 Verbi
1129 3413 1385 3479 nomine,
1436 3412 1627 3467 Filium
1676 3414 2005 3484 unigenitum

443 3505 787 3563 nominavit?
824 3504 923 3560 Cui
966 3505 1382 3572 respondemus,
1424 3504 1527 3558 hoc
1571 3504 1738 3559 fuisse
1787 3504 2005 3571 factum,

444 3607 664 3669 propter
691 3596 936 3651 abstrusa
971 3594 1154 3650 de'illo
1185 3594 1313 3650 olim
1338 3596 1587 3651 vaticinia
1617 3614 1631 3649 :
1662 3612 1783 3652 cum
1811 3596 2007 3668 ubique

440 3691 638 3762 legitur
673 3704 766 3759 per
810 3687 1094 3759 prophetas
1138 3702 1359 3752 omnes,
1394 3686 1616 3742 Verbum
1650 3688 1877 3744 Domini.
1913 3690 2004 3747 Sic

444 3782 585 3850 apud
624 3780 815 3834 lsaiam
858 3779 1055 3835 dicitur
1102 3781 1154 3834 in
1202 3782 1488 3851 principio,
1530 3782 1756 3836 Verbum
1792 3783 2003 3839 Domini

442 3878 511 3926 ad
552 3872 751 3925 Isaiam
784 3871 828 3923 ’.
865 3869 954 3925 Sie
982 3871 1049 3925 ad
1096 3871 1294 3926 Oseam
1324 3872 1404 3937 ¹⁰,
1454 3878 1519 3926 ad
1555 3872 1670 3927 ,Ιορι
1704 3875 1781 3929 “:
1824 3874 2008 3944 Etfa~

429 3966 584 4009 .ctum
616 3963 691 4008 est
731 3952 955 4007 Verbum
1002 3953 1209 4008 Domini
1248 3955 1316 4009 ad
1344 3955 1539 4025 Ionam
1569 3958 1633 4020 ",
1684 3959 1754 4012 ita
1805 3960 1871 4013 ad
1908 3959 2008 4013 hli-

421 4047 647 4101 --chaL-am
683 4044 749 4109 ¹³,
794 4053 849 4100 et
894 4046 1139 4101 similiter
1180 4048 1246 4101 ad
1276 4052 1581 4118 prophetas
1616 4050 1751 4105 alios
1787 4051 2007 4119 dicitur,

428 4136 642 4199 factum
690 4134 934 4191 Verbum.
985 4135 1167 4192 Voluit
1195 4152 1346 4193 sacra
1379 4140 1467 4195 hic
1501 4139 1779 4208 Scriptura
1804 4158 2007 4199 neces-

424 4226 589 4282 ~sario
618 4226 831 4297 quidem
870 4233 923 4283 et
966 4237 1151 4283 exacte
1186 4228 1528 4298 signiﬁcare,
1572 4232 1713 4300 quod
1754 4234 1808 4287 in
1862 4233 2008 4289 nullo

520 4416 699 4491 Ed.
728 4418 923 4491 Paris.,
954 4430 1075 4489 pag.
1106 4416 1227 4471 129.

445 4483 488 4515 ⁸³
520 4487 683 4542 Mich.
716 4504 773 4554 ι,
816 4488 869 4544 1.

511 4623 628 4691 (65)
648 4623 827 4694 ‘ango
851 4622 929 4694 δέ.

536 4686 624 4762 64)
658 4686 828 4764 Vulgo
846 4693 894 4746 δ’
929 4688 1066 4764 αὐτά
1186 4686 1382 4764 μᾶλλον
1412 4686 1691 4764 ἐπέκεινα.

656 4758 882 4886 Vitiligo]?
910 4777 971 4813 τε
994 4759 1070 4813 δέ.
1100 4760 1217 4814 Mox
1252 4758 1408 4826 vulgo
1435 4758 1687 4829 πατρικῷ
1702 4758 1996 4830 πνεύματι,

534 4848 554 4886 c
582 4876 595 4886 .
621 4849 673 4886 υ.
880 4873 896 4886 .

426 4840 499 4888 -at
524 4833 673 4901 cf.'p.
697 4834 801 4887 164
832 4833 896 4888 D.

540 4900 631 4973 66)
658 4901 824 4973 Vulgo
849 4900 1086 4973 πάντων..

540 4907 631 4972 66)
658 4907 824 4973 Vulgo
849 4907 1086 4954 πάντων.

513 4907 624 5043 im)
654 4972 982 5043 Παρουο-ίοι³
1039 4967 1131 5023 Vel
1182 4966 1420 5043 προνοία-
1446 4962 1611 5043 [quod
1664 4968 1820 5043 codd.
1875 4969 2007 5043 d_ant

429 5038 672 5112 ideoque
707 5038 1270 5112 rescripsi],utraque
1290 5038 1459 5112 lectio
1521 5038 1836 5112 tolerabilis.
1894 5040 2006 5096 Sed

432 5105 724 5179 legendum
750 5105 931 5165 statim
957 5105 1101 5177 ἆὺτῷ
1129 5106 1547 5179 συμϐάλλεσθαι.
1576 5105 1649 5162 Μ.

514 5176 628 5252 (68)
668 5180 772 5252 Διά
817 5179 924 5252 τᾲς
959 5176 1377 5252 ἀωκρρπτους
1414 5176 1607 5252 πάλαι
1634 5178 1766 5252 περί
1817 5178 2004 5252 αὐτοῦ

647 5250 827 5314 τείας.
848 5248 957 5303 Hoc
978 5247 1110 5317 vult,
1139 5245 1401 5301 Joannem
1430 5246 1495 5301 in
1529 5245 1800 5317 principio
1836 5250 2005 5303 Evan-

1346 4415 1368 4446 ⁸
1399 4413 1556 4470 Joan.
1574 4430 1630 4481 ιι,
1682 4414 1767 4470 10.

442 5264 557 5317 προ

444 5268 827 5319 προφητείας.
848 5268 957 5303 noc
979 5268 1110 5309 vuu,
1139 5268 1401 5301 ooannem
1430 5268 1495 5301 an
1529 5268 1800 5317 prInCIplo
1837 5268 1999 5303 lavan-

444 5320 595 5384 gelii,
648 5320 881 5376 Verbum
943 5316 1122 5387 potius
1172 5317 1496 5387 nominasse
1540 5332 1731 5387 ,quam
1782 5318 1999 5384 Filium,

434 5397 665 5456 propter
686 5385 1239 5456 veterum'vaticinia,
1276 5390 1329 5441 in
1367 5386 1561 5455 quibus
1586 5385 1681 5456 per
1711 5388 1857 5441 illam
1891 5388 2000 5441 for-

444 5455 644 5527 mulam
668 5457 899 5527 Verbum
924 5455 1129 5527 Domini
1166 5456 1570 5526 signiﬁcabatur
1588 5455 1700 5512 hoc
1729 5458 1919 5527 ipsum.
1940 5456 1997 5511 In

443 5526 639 5589 quibus
687 5525 996 5590 recitandis,
1036 5525 1119 5596 vel
1179 5525 1347 5596 codex
1399 5535 1482 5580 est
1528 5525 1873 5596 depravatus,
1915 5528 1999 5581 vel

448 5598 711 5651 memoria
744 5596 925 5664 lapsus
950 5606 1032 5650 est
1064 5594 1347 5659 Eusebius,
1368 5596 1451 5651 vel
1478 5594 1789 5665 utrumque.
1822 5597 2007 5664 Neque

442 5665 587 5722 enim
623 5667 707 5735 ἐφ’
734 5665 945 5736 ἑκάστῳ
981 5666 1233 5738 προφήτῃ
1301 5667 1501 5723 dictum
1560 5677 1642 5721 est
1693 5668 1861 5736 Λόγος
1901 5669 2014 5720 Κυ-

1878 4417 1901 4447 ⁹
1923 4417 2038 4471 ιΙετι.
2068 4434 2125 4483 It,
2158 4420 2208 4474 1.

2744 3066 2903 3120 ΚΕΦ.
2934 3063 3050 3120 ~IH'.

2112 3159 2215 3214 Διὰ
2246 3159 2305 3213 τί
2333 3157 2830 3230 Λόγον-(ὠνόμασε
2855 3158 2963 3230 τὸν
2995 3158 3133 3230 Υἱόν
3166 3160 3199 3212 ὀ
3234 3160 3693 3230 εὐαγγελιστης,

2390 3229 2723 3298 ἀρχόμενος
2756 3229 2866 3296 τῆς
2891 3229 3112 3282 ἑαυτοῦ
3134 3229 3368 3299 γραφῆς
3390 3246 3407 3295 ;

2179 3319 2277 3373 Διά
2303 3320 2355 3372 τί
2391 3319 2449 3372 δὲ
2478 3319 2571 3373 τὸν
2616 3320 2876 3390 μονογενῆ
2904 3320 3029 3373 Υίὺν
3068 3319 3162 3372 τοῦ
3191 3320 3346 3385 Θεοῦ,
3390 3317 3723 3394 ἀρχόμενος

2108 3412 2209 3482 τῆς
2250 3411 2443 3466 ἑαυτοῦ
2486 3412 2709 3483 γραφῆς
2732 3451 2748 3477 ,
2776 3414 2803 3465 ὁ
2844 3412 3231 3482 εὐαγγελιστὴς
3271 3413 3443 3482 Λόγον
3483 3414 3697 3483 ἀνεφώ-

2105 3520 2270 3574 νησε;
2310 3503 2453 3574 Πρὸς
2492 3503 2551 3556 δν
2583 3502 2846 3575 ὲροῦμεψ
2882 3504 3004 3556 Ὅτι
3042 3503 3130 3556 διά
3170 3503 3271 3567 τάς
3307 3505 3693 3575 ἀνακρύπτους

2109 3593 2275 3648 πάλαι
2331 3594 2459 3665 περὶ
2502 3594 2666 3647 αὐτοῦ
2723 3594 3060 3665 προφητείας
3127 3593 3273 3665 (68)⁶
3311 3595 3501 3666 ἐπειδὴ
3545 3596 3691 3668 γὰρ,

2109 3686 2193 3754 ἐφ’
2223 3685 2436 3756 ἑκάστῳ
2469 3686 2742 3759 προφήτῃ,
2765 3686 2955 3754 Λόγος
2984 3685 3222 3752 Κυρίου,
3248 3703 3267 3736 ι
3294 3684 3353 3749 ὃς
3385 3686 3641 3757 ἐγενήθη,
3671 3705 3691 3737 ι

2113 3776 2264 3845 φέρε,
2293 3776 2441 3846 πρὸς
2472 3778 2741 3843 Ἡσαΐαν,
2772 3776 3007 3847 εἴρηται,
3054 3777 3149 3829 καὶ
3176 3775 3557 3846 ἀρχὴιΛόγου
3576 3777 3692 3847 (69)

2114 3869 2335 3936 Κυρίου
2380 3869 2450 3921 ἐν
2494 3869 2687 3937 Ὠσηὲ,
2724 3870 2817 3922 καὶ
2854 3869 3045 3937 Λόγος
3091 3870 3312 3936 Κυριου
3352 3868 3408 3931 ὂς
3459 3869 3693 3939 ἐγενήθη

2117 3960 2252 4031 πρὸς
2301 3960 2474 4030 ’1ωὴλ,
2512 3960 2609 4013 καὶ
2633 3958 2866 4029 ἐγένετο
2896 3960 3086 4028 Λόγος
3113 3960 3336 4027 Κυρίου
3393 3960 3546 4027 πρὸς
3590 3962 3697 4013 ἰω-

2116 4049 2372 4116 νᾶν,λκαὶ
2412 4051 2545 4123 πρὸς
2571 4051 2827 4121 Μιχαίαν,
2858 4051 3057 4122 ὁμοίως
3101 4050 3195 4104 καὶ
3231 4050 3366 4120 πρὸς
3414 4052 3543 4113 τοὺς
3582 4052 3694 4104 λοι-

2117 4144 2252 4207 ποὺς
2293 4144 2573 4214 προφήτας
2619 4143 3011 4215 παραπλησίως
3052 4142 3136 4210 ἐφ’
3184 4142 3397 4212 ἑκάστῳ
3436 4144 3695 4213 προφήτῃ

2112 4234 2193 4301 τὸ,
2219 4234 2456 4305 ἐγένετο
2497 4236 2836 4306 προσέκειτο,
2868 4234 2967 4305 τῆς
2996 4233 3145 4298 θείας
3191 4233 3416 4305 Γραφῆς
3446 4234 3695 4306 ἀκριϐῶς

2330 4418 2373 4449 ¹⁰
2394 4416 2533 4474 088.
2578 4430 2619 4486 ι,
2645 4416 2704 4470 1.

2803 4416 2844 4446 ¹¹
2875 4414 2992 4471 Joel
3030 4430 3073 4483 ι,
3109 4416 3163 4470 1.
3262 4412 3489 4471 "Jonas
3522 4434 3581 4485 ι,
3641 4419 3693 4473 1.

2036 4625 2081 4680 D
2104 4623 2252 4693 ρίου,
2286 4638 2386 4679 nec
2411 4622 2479 4678 ab
2510 4622 2598 4689 iis,
2622 4628 3190 4693 quos‘commemorat,
3224 4623 3290 4675 ad
3313 4633 3435 4693 eum
3470 4624 3691 4676 modum

2110 4690 2272 4761 quem
2322 4690 2749 4761 commemorat;
2811 4692 2953 4761 apud
2986 4690 3183 4745 Oseam
3216 4692 3441 4761 legitur,
3493 4694 3688 4761 Λόγος

2105 4758 2346 4831 Κυρίου,
2392 4758 2467 4828 ὃς
2491 4759 2743 4831 ἐγενήθη
2762 4800 2778 4824 ,
2814 4758 2932 4833 non
2962 4760 3056 4833 καὶ
3099 4760 3241 4833 ἀρχὴ
3271 4760 3429 4827 λόγου
3457 4758 3687 4833 κυρίου.

2107 4834 2171 4886 Et
2192 4830 2253 4885 in
2281 4833 2413 4886 Isaia
2454 4830 2570 4902 cap.
2608 4847 2669 4894 tl,
2708 4830 2938 4902 legitur.
2981 4830 3041 4884 '0
3076 4830 3272 4899 Λόγος,
3321 4833 3350 4883 ὁ
3395 4830 3691 4901 γενόμενος

2106 4903 2243 4973 πρὸς
2267 4900 2532 4956 Ἡσαΐαν(
2554 4900 2778 4965 Deinde,
2811 4901 2985 4955 codex
3020 4911 3207 4955 noster
3227 4900 3562 4967 depravattts
3585 4914 3687 4955 est.

2107 4971 2239 5025 Nam
2288 4974 2559 5025 (lllOlllOth
2616 4972 2732 5024 haec
2777 4971 3098 5025 cohaerent?
3150 4970 3368 5025 Ἐπειδὴ
3430 4969 3543 5025 γὰο
3606 4973 3687 5025 ἐφ’

2108 4970 2239 5025 Nam
2288 4974 2559 5041 quomodo
2616 4972 2732 5024 haec
2777 4971 3098 5025 cohaerent?
3150 4970 3369 5039 Ἐπειδὴ
3430 4970 3543 5040 γὰρ
3606 4973 3686 5039 ἐφ’

2108 5038 2836 5131 i?‘§“.“93.1‘f93°m-}919‘
2861 5038 3686 5131 .99“:Lisérevi‘iajésg

2109 5113 2248 5182 πρὸς
2282 5109 2557 5175 Ἡσαΐαν,’
2579 5109 2817 5181 εἴρηται,
2861 5109 3000 5163 forte
3062 5111 3367 5180 legentium.
3397 5109 3400 5110 ⁷
3430 5110 3588 5162 Ἐπεὶ
3610 5109 3686 5178 δὴ

2102 5182 2432 5269 ξφζέκάετλτῳ
2462 5181 2929 5269 emerserim
2966 5179 3685 5269 sieséasaiiréilsueiez

2102 5248 2441 5323 ὃέίὲγενήθή,
2474 5248 2549 5314 ὡζ
2571 5252 2699 5323 παρ’
2718 5248 3133 5323 "Ha-agam“
3164 5251 3516 5323 praegrave;
3550 5248 3685 5323 πρρς

2115 5317 2361 5388 Ἡσαΐαν,
2382 5317 2475 5374 καὶ
2506 5323 2563 5374 ὲν
2611 5317 2752 5392 ἀρχῇ
2795 5317 3090 5392 τοῦξᾼὮσηὲ
3110 5358 3125 5382 ,
3157 5317 3324 5392 λόγος
3357 5317 3683 5392 ’Κυρίουζὸς

2102 5390 2668 5463 ξγενήΘηηριιοάοίι,
2700 5390 2778 5463 de
2826 5390 2970 5443 nullo
3016 5390 3403 5463 prophetarum
3456 5391 3677 5463 dictum,

2158 5457 2339 5514 erbimi
2362 5457 2571 5515 Domini
2601 5460 2814 5529 quodin
2838 5476 2938 5525 me,
2967 5457 3062 5514 sed
3090 5457 3237 5529 quod
3268 5459 3470 5513 factum
3489 5468 3564 5511 est
3592 5457 3675 5517 ad,

2101 5541 2230 5593 etc.,
2265 5530 2456 5584 falsum
2487 5531 2717 5584 videtur.
2755 5529 2825 5583 Μ.

2157 5601 2296 5684 ,(69)
2328 5601 2493 5671 “1'80
2526 5601 2667 5673 ἀρχῇ
2701 5598 2857 5669 λόγος
2886 5608 2941 5655 et
2971 5598 3112 5658 infra
3140 5616 3234 5669 πρ.
3262 5596 3358 5652 καὶ
3396 5596 3675 5670 παραπλη-

2117 5686 2264 5732 σιως.
