3838 6222
258 228 362 286 Ml
396 265 398 268 ν

1181 231 1271 288 DE
1298 231 1840 291 EGCLESIAST'IGA
1893 233 2291 293 THEOLOGIA
2338 234 2469 292 LIB.
2511 234 2570 293 ll.

3425 243 3532 301 942

257 347 358 400 καὶ
390 347 704 415 ἀναγκαίως
746 349 1270 422 ἑπισημαινομένης,
1311 351 1476 416 ὡς’ὲν
1520 353 1698 407 οὐδενὶ
1735 352 1812 406 τῶ

1950 354 2330 423 prophetarum
2385 358 2702 423 exsistebat,
2734 357 2875 426 quod
2920 357 2986 414 ad
3020 359 3310 430 quemlibet
3341 377 3528 420 corum

255 439 559 513 προφητῶν
581 436 680 510 ἦν,
707 439 842 494 ἀλλὰ
867 442 988 496 καθ’
1015 442 1246 498 ἑκαστον
1270 445 1539 515 ἐγίγνετο
1563 445 1676 518 (70)
1706 447 1843 518 πρὸς

252 529 321 586 ὃν
353 535 386 604 ὴ
425 533 658 587 ἑκάστου
695 533 958 606 δύναμις,
995 536 1082 590 οἵα
1128 554 1187 590 τε
1225 534 1295 609 ἦν
1352 541 1572 612 χωρεῖν,
1606 540 1844 614 προσιὼν

250 627 396 697 αὐτῇ
438 627 534 680 καὶ
562 629 627 698 τῇ
675 627 907 682 ἑκάστου
944 627 1088 700 ψυχῇ
1128 629 1189 683 τὸ
1219 631 1553 704 κατάλληλον
1585 633 1842 704 παρέχων

248 715 317 779 ἑξ
349 715 513 769 αὐτοῦ
545 716 760 788 πνεῦμα
787 721 882 773 καὶ
909 721 1101 792 νοερὰν
1131 722 1353 786 εἰκότως
1380 725 1474 778 ἐπὶ
1508 725 1602 778 τοῦ
1638 726 1842 798 παρόν-

245 822 345 869 τος
374 807 404 858 6
440 806 868 881 εὐαγγελιστὴς,
921 811 1015 865 τοῦ
1056 813 1232 883 Λόγου
1295 810 1505 886 μέλλων
1553 811 1840 889 εὐαγγελίά

245 895 441 961 ζεσθαι
497 901 829 972 οἰκονομίαν,
882 904 982 956 οὐκ
1037 903 1114 958 ἔθ’
1161 900 1364 978 ὁμοίως
1422 908 1535 975 τοῖς
1591 913 1842 978 παλαιοῖς

243 994 534 1062 γεγονέναι
592 995 755 1051 αὐτὸν
815 997 1002 1069 ἕτερόν
1053 997 1167 1070 (71)
1229 1017 1352 1055 τινα
1406 999 1676 1069 διδάσκει,
1723 1005 1838 1059 ἀλλ’

243 1083 417 1138 αὐτὸν
465 1085 645 1157 σάρκα
683 1087 1031 1160 ἀνειληφέναι
1068 1091 1163 1144 καὶ
1193 1090 1481 1164 ἄνθρωπον
1523 1095 1834 1163 γεγονέναι⁸

244 1169 354 1227 εἴτ’
377 1177 562 1248 ἐπειδὴ
597 1177 694 1249 τὴν
735 1179 815 1242 είς
855 1179 1176 1252 ἀνθρώπους
1216 1177 1384 1237 αὐτοῦ
1424 1180 1691 1258 σωτήριον
1728 1191 1839 1251 τοῖς

243 1267 418 1342 πᾶσιν
451 1267 685 1338 πάροδον
720 1268 1009 1341 κηρύττειν
1039 1271 1288 1342 ἔμελλεν,
1327 1273 1455 1345 ἑξῆς
1492 1275 1685 1344 λέγων,
1724 1277 1837 1331 Καὶ

244 1358 284 1410 ὁ
327 1359 517 1426 Λόγος
551 1359 708 1428 σὰρξ
737 1359 992 1430 ἐγένετο,
1023 1363 1120 1418 καὶ
1162 1363 1522 1432 ἐσκήνωσεν
1562 1367 1632 1420 ἐν
1668 1368 1833 1438 ἡμῖν,

242 1448 564 1517 ἀναγκαίως
599 1450 692 1505 ἐπὶ
727 1452 826 1523 τὴν
877 1452 1052 1528 ἀρχὴν
1079 1452 1388 1530 ἀνατρέχει,
1432 1453 1523 1511 τὸν
1561 1459 1689 1530 χθὲς
1737 1462 1832 1514 καὶ

242 1537 442 1610 πρώην
479 1542 833 1613 σαρκωθέντα
883 1546 1058 1615 Λόγον
1100 1548 1186 1611 τίς
1230 1567 1363 1602 ποτε
1406 1545 1476 1622 ἦν
1525 1552 1618 1605 καὶ
1652 1554 1834 1618 ὁποῖος

240 1630 492 1696 δεικνύς·
539 1633 778 1703 θεολογεί
805 1653 865 1688 τε
904 1634 1089 1703 αὐτὸν,
1125 1639 1261 1712 ὁμοῦ
1297 1641 1396 1714 τὴν
1437 1641 1639 1712 γνῶσιν
1667 1645 1832 1698 αὐτοῦ

241 1726 344 1778 xui.
373 1725 473 1796 τὴν
507 1725 587 1789 είς
615 1723 937 1800 ἀνθρώπους
967 1730 1287 1802 θεοφάνειαν
1325 1735 1827 1809 εὐαγγελιζόμενος,

240 1811 369 1882 εἶθ’,
398 1817 474 1882 ὡς
509 1818 619 1875 τῶν
645 1821 914 1886 παλαιῶν,
952 1823 1016 1876 ἑκ
1053 1823 1162 1878 τῶν
1195 1823 1355 1882 θείων
1387 1828 1829 1900 ἀναγνωσμάτων

240 1908 754 1981 προμεμαθηκότων
778 1911 870 1967 τὸν
898 1915 982 1983 ἐφ’
1007 1915 1222 1990 ἑκάστῳ
1253 1920 1511 1994 προφήτῃ
1536 1917 1828 1993 γενόμενον

237 1999 439 2069 Λόγον,
485 2001 652 2067 αὐτὸς
694 2003 817 2077 τὴν
844 2005 1124 2078 θειοτέραν
1173 2009 1268 2062 καὶ
1327 2006 1602 2084 ἐξαίρετον
1653 2013 1828 2086 ἀρχὴν

235 2090 409 2144 αὐτοῦ
474 2091 770 2164 κηρύττει,
829 2095 896 2167 ἢν
942 2097 1120 2161 οὐδεὶς
1169 2100 1464 2170 προφητῶν
1521 2100 1826 2173 ἀνθρώποις

234 2183 466 2255 γυμνῶς
519 2184 660 2240 οὕτω
737 2189 831 2242 καὶ
890 2190 1373 2262 ἀπαρακαλύπτως
1431 2193 1676 2266 ἐξέφηνε.
1735 2196 1825 2250 Διό

237 2279 458 2351 μεγάλῃ
496 2283 649 2352 φωνῇ
680 2284 792 2346 τοῖς
818 2283 952 2336 πᾶσι
979 2283 1040 2336 τὸ
1066 2283 1287 2356 λεληθὸς
1314 2285 1408 2339 καὶ
1439 2286 1668 2358 κρύφιον
1696 2290 1824 2359 περὶ

231 2369 335 2424 τοῦ
374 2372 549 2440 Λόγου
601 2375 899 2446 μυστήριον
946 2375 1276 2448 παραδιδοὺς
1325 2377 1453 2432 ἑόόα
1495 2378 1688 2450 λέγων’
1728 2382 1824 2435 Ἐν

232 2460 402 2530 ἀρχῇ
456 2458 538 2533 ἦν
581 2467 614 2517 ό
659 2465 880 2535 Λόγος,
932 2467 1031 2522 καί
1067 2471 1100 2522 ό
1150 2469 1344 2539 Λόγος
1389 2465 1469 2542 ἦν
1515 2471 1665 2541 πρὸς
1715 2473 1823 2527 τὸν

235 2548 410 2615 Θεὸν,
454 2551 553 2605 καὶ
601 2552 746 2619 Θεὸς
792 2550 872 2625 ἧν
911 2557 944 2608 ό
981 2554 1193 2624 Λόγος.
1251 2555 1454 2610 Πάντα
1516 2557 1593 2612 δι’
1633 2560 1821 2614 αὐτοῦ

231 2639 497 2710 ἐγένετο,
537 2643 636 2698 καὶ
661 2645 860 2715 ’χωρὶς
906 2646 1094 2701 αὐτοῦ
1152 2647 1388 2717 ἐγένετο
1443 2649 1586 2704 οὐδὲ
1625 2651 1713 2704 ἔν.
1757 2652 1819 2704 Εἰ

230 2730 346 2806 γὰρ
377 2734 529 2806 παρά
554 2735 660 2789 τῶν
688 2736 968 2810 προτέρων
1000 2737 1160 2794 θείων
1194 2740 1424 2812 Γραφῶν
1453 2742 1820 2812 παιδαγωγού-

233 2838 390 2893 μενοι
417 2824 606 2892 πάλαι,
631 2827 898 2899 πρότερον
924 2831 1298 2902 μεμαθήκατε,
1317 2832 1500 2901 φησὶν,
1521 2834 1602 2887 ὅτι
1628 2834 1818 2904 Λόγος

227 2914 460 2982 Κυρίου
487 2915 722 2986 ἐγένετο
766 2919 904 2989 πρὸς
932 2920 1082 2973 τόνδε
1111 2920 1202 2974 τὸν
1243 2923 1526 2994 προφήτην
1575 2922 1688 2995 (72)
1724 2925 1817 2978 καὶ

1945 447 2146 516 factum
2173 457 2270 510 est,
2299 457 2358 502 ut
2381 449 2646 519 cujusque
2682 449 2799 519 ejus
2826 465 2995 520 capax
3023 460 3140 507 erat
3173 465 3436 524 potestas,
3471 470 3520 512 et

1945 535 2226 604 cujuslibet
2268 539 2463 595 animae
2512 540 2852 610 suggerebat,
2902 543 2970 598 de
3016 559 3116 599 suo
3169 545 3360 615 spiritu
3391 563 3520 601 con-

1945 629 2272 686 venienter:
2322 640 2381 687 ut
2433 632 2506 687 ita
2553 648 2657 687 non
2708 634 3008 706 incongrue
3053 637 3144 694 hic
3189 639 3525 710 evangelista

1944 720 2162 786 dixerit,
2186 721 2274 777 ubi
2305 721 2466 777 Verbi
2500 723 2642 780 illius
2667 727 3024 781 oeconomiam
3048 737 3168 785 erat
3203 731 3525 797 traditurus,
3631 807 3634 809 Α

1943 826 2050 865 non
2100 815 2325 882 perinde
2371 817 2681 870 ordinatum
2738 815 2886 872 illum
2938 834 3120 886 nunc,
3170 830 3334 892 atque
3389 822 3519 877 olim

1941 904 2080 973 apud
2115 904 2367 975 antiquos
2398 905 2534 970 illos,
2568 907 2661 962 sed
2708 922 2894 964 neStro
2935 910 3169 979 quodam
3220 921 3275 966 et
3306 911 3522 968 diverso

1941 994 2123 1058 modo,
2146 1010 2338 1065 nempe
2365 1011 2528 1052 carne
2554 1008 2859 1069 assumpta,
2881 999 3101 1056 homine
3126 999 3300 1069 facto;
3327 1002 3522 1059 deinde

1939 1086 2081 1155 quod
2123 1088 2502 1145 enuntiaturus
2551 1103 2670 1146 erat
2718 1091 2773 1145 in
2821 1093 3179 1164 sequentibus
3222 1094 3516 1151 salutarem

1937 1175 2109 1246 ipsius
2169 1177 2236 1232 ad
2281 1180 2529 1236 homines
2559 1183 2848 1237 adventum
2871 1221 2887 1247 ,
2923 1184 3010 1238 ubi
3047 1183 3154 1252 ait,
3187 1183 3258 1238 Et
3292 1185 3518 1240 Verbum

1936 1283 2061 1320 caro
2100 1267 2297 1336 factum
2348 1280 2444 1335 est,
2481 1282 2527 1325 et
2570 1273 2829 1327 habitavit
2873 1273 2930 1328 in
2970 1275 3120 1329 nobis
3147 1273 3212 1342 ¹⁴⁵,
3256 1275 3378 1333 ideo
3407 1291 3515 1332 non

1937 1358 2230 1432 incongrue
2275 1361 2329 1416 in
2380 1362 2648 1433 principio
2700 1366 2935 1421 recurrit
2979 1367 3045 1422 ad
3095 1365 3354 1436 Verbum,
3387 1376 3518 1424 tunc

1936 1465 2108 1520 nuper
2157 1452 2514 1520 incarnatum,
2559 1457 2704 1524 quod
2751 1465 2807 1512 et
2847 1451 3018 1528 'quale
3069 1456 3248 1516 fuerat
3291 1461 3516 1516 demon-

1935 1541 2202 1598 strando:
2235 1542 2346 1600 Deo
2391 1544 2524 1600 illud
2555 1548 2807 1616 ascribit,
2839 1550 3171 1607 annuntians
3211 1551 3370 1609 simul
3398 1549 3516 1620 ejus

1936 1633 2212 1697 deitatem,
2240 1644 2295 1690 et
2324 1636 2390 1692 ad
2417 1637 2665 1695 homines
2685 1639 2976 1694 adventum
3007 1656 3022 1709 ;
3046 1650 3160 1696 tum
3185 1641 3350 1697 etiam
3369 1643 3511 1712 quod

1864 1701 1909 1759 Β
1933 1739 2055 1778 cum
2109 1737 2320 1783 veteres
2351 1727 2643 1786 electione
2682 1730 3089 1802 Scripturarum
3134 1732 3261 1788 olim
3298 1733 3511 1789 didice-

1932 1823 2056 1870 rant
2134 1817 2329 1887 cuique
2379 1820 2656 1890 prophetae
2704 1823 2946 1878 Verbum
3025 1824 3509 1895 superadvenisse,

1929 1906 2045 1977 ipse
2075 1907 2309 1965 divinius
2334 1912 2604 1982 quoddam
2631 1923 2688 1969 et
2730 1915 3089 1971 excellentius
3131 1915 3274 1971 illius
3300 1916 3508 1986 princi-

1929 1998 2074 2067 pium
2105 2010 2322 2056 enarret
2355 2019 2371 2058 :
2415 2003 2561 2072 quod
2610 2003 2791 2060 nullus
2842 2020 3080 2074 unquam
3118 2005 3509 2076 prophetarum

1929 2099 2037 2143 tam
2085 2100 2271 2161 aperte
2321 2101 2378 2148 et
2429 2093 2578 2150 clare
2625 2096 2949 2152 enuntiavit.
2997 2094 3268 2163 Quocirca
3327 2095 3506 2150 latens

1927 2181 2055 2235 illud
2093 2191 2146 2238 et
2206 2185 2478 2240 occultum
2523 2187 2589 2242 de
2610 2186 2790 2244 Verbo
2825 2188 3141 2260 mysterium
3189 2203 3312 2243 cum
3344 2186 3510 2242 vellet

1927 2272 2176 2340 tradere,
2213 2273 2309 2341 ait,
2359 2274 2427 2329 In
2464 2275 2722 2346 principio
2751 2287 2866 2332 erat
2905 2276 3153 2343 Verbum,
3185 2285 3235 2330 et
3276 2273 3505 2329 Verbum

1923 2373 2034 2418 erat
2064 2366 2204 2434 apud
2245 2366 2432 2436 Deum,
2470 2378 2520 2424 et
2566 2368 2704 2424 Deus
2749 2380 2859 2424 erat
2893 2368 3141 2423 Verbum.
3187 2367 3377 2424 Omnia
3411 2382 3506 2436 per

1923 2456 2096 2524 ipsum
2141 2452 2286 2528 facta
2311 2468 2456 2524 sunt,
2487 2469 2535 2513 et
2574 2461 2684 2514 sine
2713 2460 2824 2529 ipso
2855 2459 3056 2530 factum
3083 2469 3156 2514 cst
3183 2458 3335 2512 nihil.
3364 2456 3504 2512 Nam

1923 2548 1992 2615 si,
2024 2547 2220 2618 inquit,
2255 2549 2324 2605 ab
2354 2550 2749 2622 antiquissimis
2799 2551 2926 2607 olim
2980 2549 3278 2621 Scripturis
3337 2547 3501 2602 insti-

1924 2638 2044 2705 tuti,
2075 2639 2204 2694 illud
2241 2639 2530 2711 aliquando
2556 2640 2731 2698 edocti
2758 2639 3230 2711 accepistis,quod
3269 2635 3502 2692 Verbum

1922 2730 2136 2786 Domini
2159 2733 2357 2802 factum
2383 2734 2537 2790 sitad
2563 2733 2708 2789 hunc
2758 2734 3105 2804 prophetam,
3129 2743 3184 2789 et
3212 2731 3277 2786 ad
3308 2730 3498 2795 alium,

1921 2831 2083 2890 atque
2120 2822 2192 2876 ita
2219 2823 2474 2894 deinceps
2505 2823 2573 2877 ad
2604 2823 2767 2878 alium
2795 2840 2810 2889 ;
2861 2833 2917 2878 at
2947 2838 3090 2878 nunc
3121 2823 3361 2890 tandem,
3391 2837 3497 2876 non

1920 2913 2372 2980 quemadmodum
2427 2915 2626 2985 factum
2680 2925 2764 2970 est
2793 2913 3030 2972 Verbum
3083 2913 3341 2979 Domini,
3398 2914 3496 2970 sed

227 3003 376 3074 πρὸς
399 3004 584 3079 ἕτερον
613 3007 778 3062 πάλιν
821 3010 1024 3080 ὁμοίως
1069 3011 1324 3081 ἐγένετο,
1355 3014 1449 3067 καὶ
1487 3009 1641 3078 αὖθις
1679 3013 1812 3086 πρὸς

1919 3005 2371 3074 quemadmodum
2413 3017 2526 3062 erat
2570 3007 2624 3062 in
2677 3006 2986 3077 principio,
3042 3020 3268 3062 necesse
3308 3015 3392 3086 est
3436 3015 3498 3062 ut

227 3093 413 3162 ἄλλον,
443 3097 580 3151 ἀλλὰ
616 3098 712 3154 νῦν
743 3100 840 3172 οὐχ
865 3102 1016 3167 ὅπως
1038 3102 1297 3174 ἐγένετο,
1330 3104 1445 3158 ἀλλ’
1468 3106 1616 3170 ὅπως
1650 3102 1731 3178 ἦν
1755 3109 1812 3160 ἐν

226 3188 396 3260 ἀρχῇ,
426 3191 541 3255 τοῖς
573 3193 738 3247 πᾶσιν
767 3194 1062 3261 ἀναγκαῖον
1093 3197 1579 3266 εὐαγγελίσασθαιο
1615 3198 1711 3252 καὶ
1737 3199 1813 3262 ὼς

227 3277 380 3346 Θεὸς
415 3275 514 3352 ἦν,
557 3283 654 3337 καὶ
704 3284 781 3349 ὡς
827 3284 1027 3340 πάντα
1075 3286 1151 3341 δι’
1193 3288 1380 3342 αὑτοῦ
1417 3289 1674 3358 ἐγένετο,
1715 3293 1813 3343 καὶ

224 3367 308 3432 ὡς
352 3370 514 3437 αὐτὸς
567 3373 776 3439 ἐκεῖνος
811 3377 840 3429 6
892 3376 1026 3442 Θεὸς
1062 3378 1266 3447 Λόγος,
1312 3378 1380 3432 δι’
1428 3375 1488 3434 οὗ
1525 3380 1594 3434 τὰ
1632 3382 1810 3437 πάντα

222 3459 606 3534 φιλανθρωπίᾳ
634 3465 727 3518 τοῦ
766 3467 978 3539 Πατρὸς
1041 3468 1199 3539 σὰρξ
1228 3470 1464 3540 ἐγένετο,
1508 3473 1604 3525 καὶ
1640 3473 1808 3545 ἑσκή-

222 3566 399 3606 νωσεν
438 3554 496 3607 ἑν
527 3555 678 3624 ἡμῖν.
719 3557 882 3610 Ταῦτ’
933 3557 1316 3630 εὐηγγελίζετο
1365 3562 1617 3634 Ἰωάννης
1648 3565 1676 3616 ὁ
1707 3563 1807 3635 μέα

221 3657 331 3711 γας
377 3643 470 3697 τοῦ
517 3646 752 3716 Χριστοῦ
804 3651 1049 3723 μαθητὴς
1087 3654 1181 3706 καὶ
1213 3654 1544 3720 ἀπόστολος,
1593 3655 1664 3709 τὰ
1709 3657 1807 3711 νέα

220 3731 321 3787 καὶ
352 3735 513 3789 καινὰ
549 3736 644 3790 τοῦ
695 3740 945 3812 Σωτῆρος
985 3744 1254 3798 παιδεύων
1301 3745 1546 3811 ἅπαντας
1595 3747 1806 3820 ἀνθρώ-

220 3841 360 3888 πους
403 3828 702 3899 μυστήρια,
748 3830 844 3901 οὐχ
884 3834 966 3886 ὅτι
998 3833 1214 3903 λογικὸς
1242 3831 1311 3908 ἦν
1338 3837 1367 3890 ό
1405 3837 1559 3902 Θεὸς,
1584 3839 1693 3892 οὐδ’
1721 3840 1803 3893 ὅτι

217 3914 386 3980 αὐτὸς
416 3917 553 3989 πρὸς
575 3920 765 3974 ἑαυτὸν
791 3921 1062 3988 διενοεῖτο,
1090 3928 1184 3980 καὶ
1205 3927 1382 3998 ἑαυτῷ
1408 3929 1798 4001 προδιελέγετο,

213 4006 573 4078 Ποιήσωμεν
635 4011 968 4081 ἄνθρωπον,
1022 4017 1197 4087 λέγων
1221 4036 1235 4050 ο
1294 4019 1405 4074 οὐδ’
1471 4022 1554 4075 ὅτι
1623 4023 1802 4091 λόγοις

213 4102 482 4174 κέχρηται
504 4109 614 4171 τοῖς
641 4109 749 4164 τῶν
779 4112 1067 4182 πρακτέων
1112 4113 1588 4185 παραγγελτικοῖς.
1614 4115 1798 4168 Ταῦτα

213 4193 328 4264 γάρ
359 4193 470 4268 (75)
499 4200 608 4263 πᾶς
629 4201 960 4274 ἀρνούμενος
992 4203 1083 4258 τὸν
1112 4205 1237 4258 Υίὸν
1264 4204 1358 4259 τοῦ
1382 4205 1514 4259 Θεοῦ
1537 4207 1677 4260 εἴποι
1707 4206 1795 4272 ἂν,

209 4285 243 4338 6
297 4286 360 4359 δὴ
393 4291 488 4343 καὶ
544 4293 857 4365 Μάρκελλος
906 4297 1097 4361 ποιῶν,
1145 4297 1221 4361 ὡς
1265 4298 1357 4351 ἐπὶ
1410 4300 1796 4372 κρησφύγητον

1916 3097 2354 3166 evangelizetur:
2387 3109 2442 3155 et
2489 3101 2762 3170 quomodo
2810 3098 2949 3154 Deus
2993 3108 3145 3164 erat,
3181 3107 3236 3153 et
3260 3099 3496 3169 qualiter

1914 3189 2090 3240 omnia
2119 3204 2212 3254 per
2236 3188 2384 3242 illum
2413 3187 2558 3259 facta
2583 3197 2727 3254 sunt,
2774 3199 2828 3245 et
2854 3189 2996 3259 quod
3027 3189 3141 3260 ipse
3170 3189 3332 3252 Deus,
3362 3187 3494 3244 Ver-

1911 3279 2036 3334 bum
2073 3281 2222 3348 illud,
2252 3297 2346 3352 per
2374 3297 2536 3352 quem
2582 3283 2765 3338 omnia
2821 3282 2962 3338 facta
3010 3291 3158 3348 sunt,
3200 3298 3232 3338 e
3263 3291 3489 3352 paterna

1911 3369 2285 3426 misericordia
2321 3388 2444 3426 caro
2481 3371 2623 3427 facta
2656 3372 2756 3442 sit,
2794 3382 2850 3427 et
2893 3372 2946 3426 in
2989 3373 3144 3426 nobis
3195 3370 3487 3426 habitavit.

1913 3466 1972 3525 »Β
2008 3462 2130 3516 llam
2161 3460 2395 3516 Joannes
2441 3462 2532 3517 ille
2571 3477 2798 3532 magnus
2844 3461 3046 3518 Christi
3088 3461 3386 3530 discipulus
3431 3471 3490 3516 et

1909 3551 2186 3619 apostolus
2231 3552 2658 3620 evangelizavit:
2707 3567 2896 3607 omnes
2945 3552 3163 3620 quidem
3238 3550 3488 3607 homines

1906 3642 2141 3697 edocens
2177 3648 2311 3698 nova
2342 3653 2397 3698 et
2441 3659 2642 3714 nupera
2693 3643 3001 3698 Servatoris
3043 3643 3338 3713 mysteria,
3372 3657 3479 3696 non

1905 3732 2046 3803 quod
2080 3744 2199 3789 erat
2225 3734 2366 3789 Deus
2416 3737 2627 3790 ratione
2681 3735 2980 3804 praeditus,
3014 3750 3120 3789 non
3170 3734 3313 3804 quod
3358 3733 3477 3804 ipse

1903 3825 2043 3894 apud
2096 3840 2155 3880 se
2197 3828 2454 3898 cogitavit
2503 3836 2558 3882 et
2587 3842 2771 3882 secum
2805 3827 3104 3884 collocutus
3153 3826 3246 3891 sit,
3274 3823 3478 3878 Facia-

1903 3934 2018 3973 mus
2052 3919 2354 3982 hominem,
2392 3920 2640 3990 inquiens
2665 3959 2680 3985 ,
2715 3934 2815 3975 nec
2847 3924 2990 3988 quod
3023 3917 3204 3973 verbis
3251 3917 3324 3972 sit
3353 3932 3483 3972 usus

1900 4025 2081 4066 rerum
2111 4011 2471 4080 gerendarum
2507 4011 2902 4069 admonitoriis.
2946 4011 3052 4067 lsta
3093 4010 3236 4066 enim
3279 4009 3479 4079 quivis,

1900 4103 1991 4170 qui
2024 4100 2116 4156 Dei
2150 4101 2341 4157 Filium
2375 4103 2704 4173 abuegaret,
2745 4104 2928 4158 dicere
2972 4111 3150 4173 posset
3174 4140 3190 4168 ,
3216 4101 3476 4171 quemad-

1899 4192 2117 4248 modum
2164 4203 2220 4249 et
2266 4194 2554 4249 Marcellus
2595 4194 3017 4264 deprehenditur
3085 4193 3312 4259 fecisse,
3383 4192 3475 4262 qui

1901 4293 2157 4354 tauquam
2185 4285 2248 4339 ad
2277 4284 2541 4355 refugium
2567 4286 2836 4354 quoddam
2868 4300 2926 4341 se
2955 4285 3022 4338 ad
3055 4292 3296 4338 veterem
3328 4281 3479 4338 Scri-

208 4377 309 4430 ἐπὶ
329 4377 427 4450 τὴν
456 4382 691 4438 παλαιὰν
738 4387 1069 4456 καταφεύγει
1099 4387 1342 4459 Γραφὴν,
1369 4389 1463 4445 καὶ
1498 4389 1568 4443 τὰ
1597 4390 1794 4461 νηπιά-

1918 4386 2109 4431 ituram
2144 4380 2446 4445 convertit,
2481 4394 2710 4448 quaeque
2758 4377 3124 4432 infantissimo
3163 4374 3472 4430 Judmorum

207 4466 358 4532 ζοντι
389 4470 468 4542 τῷ
502 4473 613 4546 (74)
664 4477 930 4533 Ἰουδαίων
973 4478 1087 4550 λαῷ
1118 4480 1249 4552 περὶ
1277 4479 1372 4534 τοῦ
1406 4479 1480 4552 μὴ
1507 4480 1789 4534 εἰδωλολα-

204 4560 380 4628 τρείν,
408 4559 502 4614 ἕνα
529 4561 584 4616 δὲ
609 4565 767 4635 μόνον
814 4567 1011 4621 εἰδέναι
1043 4586 1104 4622 τε
1147 4569 1242 4622 καὶ
1273 4569 1450 4624 σέϐειν
1480 4571 1612 4625 Θεὸν
1645 4590 1788 4645 παρ-

203 4649 521 4721 ηγγελμένα
574 4657 826 4726 συνάγειν
877 4663 1151 4733 πειρᾶται.
1189 4662 1356 4715 Ἔνθα
1389 4662 1484 4716 καὶ
1523 4663 1788 4736 ηὑρόησεν

201 4737 358 4807 αὐτῷ
396 4742 429 4811 ή
475 4743 604 4814 περ)⁸
640 4747 733 4800 τοῦ
774 4749 892 4814 ἑνὸς
934 4750 1068 4804 Θεοῦ
1116 4752 1466 4817 διδασκαλία,
1501 4755 1787 4826 χρησίμως

197 4832 326 4883 τότε
365 4833 461 4886 καὶ
517 4838 660 4891 κατὰ
709 4841 900 4914 καιρὸν
973 4843 1451 4916 είδωλολατροῦσιν
1512 4846 1782 4911 Ἰουδαίοις

197 4923 637 5000 παραδεδομένη.
691 4934 800 4987 Καὶ
853 4933 918 5006 δὴ
967 4935 1201 4989 ἐνταῦθα
1267 4937 1619 5006 καταφυγὼν,
1686 4941 1780 4993 καὶ

193 5014 390 5084 ὥσπερ
431 5019 488 5071 ἑν
519 5020 834 5094 ὀχυρώματι
867 5027 1057 5080 ἑαυτὸν
1087 5029 1155 5098 τῇ
1192 5027 1456 5098 Ἰουδαϊκῇ
1509 5031 1777 5101 περιφρά-

193 5104 299 5170 ξας
358 5110 791 5185 σκληροκαρδίᾳ,
838 5114 939 5186 τὴν
986 5115 1214 5188 ἄρνησιν
1266 5116 1634 5187 προύϐάλλετο
1683 5119 1777 5173 τοῦ

191 5201 329 5258 Υίοῦ
366 5203 460 5257 τοῦ
485 5204 642 5259 Θεοῦ.

271 5413 334 5474 >14
366 5408 465 5464 Ed.
501 5409 702 5477 Paris.,
729 5427 852 5484 pag.
880 5413 1006 5469 150.
1072 5412 1284 5470 "Joan.
1331 5429 1370 5485 ι,Ι
1408 5417 1495 5472 is.

266 5563 380 5639 (30)
407 5564 748 5639 Ε’πίκολπρδς
775 5567 817 5626 δ.

258 5635 314 5708 ('1
326 5639 374 5708 ρ)
407 5636 548 5708 Πρὸς
577 5635 761 5708 ἕτερον
804 5639 868 5691 R.

257 5705 372 5781 (7?)
405 5705 439 5760 γ
451 5705 569 5776 ulgo
594 5705 741 5762 τόνδε
778 5710 1080 5780 προφήτην.

1897 4466 2093 4537 ροριιιο
2121 4467 2312 4522 tradita
2338 4469 2610 4537 quondam
2653 4467 2903 4529 fuerant,
2941 4468 3007 4521 de
3039 4481 3145 4520 non
3182 4465 3473 4520 aderandis

1897 4558 2072 4622 idolis,
2117 4557 2212 4612 sed
2249 4559 2339 4612 uni
2391 4559 2499 4614 Deo
2545 4559 2944 4630 cognoscendo,
2991 4557 3383 4626 serviendoque
3415 4555 3469 4610 in

1892 4660 2060 4700 unum
2096 4651 2312 4717 coegit:
2346 4647 2436 4702 ubi
2479 4647 2726 4703 doctrina
2771 4649 2838 4704 de
2886 4647 2998 4702 Deo
3045 4646 3158 4702 solo
3189 4655 3244 4702 et
3272 4661 3380 4701 uno
3417 4646 3467 4702 ci

1892 4738 2156 4792 successit
2178 4738 2414 4803 abunde,
2440 4747 2626 4807 utpote
2653 4754 2775 4809 qua:
2821 4739 3029 4795 utiliter
3072 4737 3383 4804 admodum,
3413 4748 3468 4793 et

1889 4837 2192 4897 opportune
2208 4827 2502 4883 idololatris
2522 4827 2720 4884 .ludaeis
2741 4829 3071 4886 tradebatur.
3091 4829 3207 4895 Quo
3229 4829 3317 4884 ille
3345 4843 3466 4884 sese

1887 4919 2194 4984 conferens,
2229 4930 2284 4974 et
2307 4919 2530 4975 Judaica
2582 4921 2766 4976 cordis
2795 4921 3016 4989 duritia,
3049 4922 3212 4977 veluti
3256 4921 3463 4976 munito

1881 5012 2116 5081 quodam
2163 5013 2566 5082 propugnaculo
2596 5014 2857 5084 vallatus,
2883 5016 2951 5073 ad
2989 5014 3186 5072 Filium
3231 5014 3326 5071 Dei
3361 5030 3462 5068 ne-

1881 5103 2113 5174 gandum
2141 5103 2429 5174 processit.

1944 5569 2058 5644 (75)
2081 5568 2261 5644 Falso
2291 5585 2395 5644 qm.
2422 5572 2528 5644 γάρ

1937 5642 2050 5712 (Ἠ)
2080 5641 2244 5711 Vulgo
2268 5640 2395 5697 τῶν.
