3838 6222
391 297 498 352 9‘25
1139 294 1410 351 EUSEBII
1447 293 1916 351 CESARIENSI‘S
1953 293 1991 351 0

2098 334 2104 348 .
2145 292 2320 349 PARS
2353 290 2445 348 IV.
2484 321 2555 334 -—
2590 286 3009 347 DOGMATICA.
3540 277 3643 337 πᾶσι

1139 294 1410 351 EUSEBII
1447 293 1916 351 CESARIENSI‘S
1953 293 2104 351 OPP.
2145 292 2320 349 PARS
2353 290 2445 348 IV.
2484 321 2555 334 -—
2590 286 3009 347 DOGMATICA.

396 417 523 469 bum
554 428 678 470 esse
702 416 877 483 ipsum
906 429 1006 470 nos
1062 413 1246 470 docuit
1287 431 1301 467 :
1344 413 1415 469 Et
1439 414 1582 469 Deus
1643 426 1754 469 erat
1789 412 2030 478 Verbum,
2068 424 2124 469 et
2152 413 2329 467 lucem
2376 412 2518 467 idem
2554 408 2804 464 eumdem
2843 402 3154 461 nominavit.
3186 400 3453 468 Quorsum
3478 397 3641 468 igitur

395 524 500 562 non
568 510 786 576 proprie
828 517 994 577 atque
1043 521 1169 563 vere
1221 506 1416 584 Filium
1464 507 1821 576 unigenitum,
1896 514 1953 560 et
1987 505 2034 559 si
2071 505 2273 575 quibus
2319 503 2442 558 aliis
2488 499 2797 556 nominibus
2851 511 2912 553 se
2967 495 3226 551 Servatur
3271 499 3330 547 et
3376 489 3639 584 [inmitius

394 601 739 671 evangelista
793 602 1114 665 nominavit,
1183 583 1307 657 eum
1378 601 1581 657 vocat?
1630 601 1737 656 Sed
1795 598 2051 655 omnibus
2087 599 2325 664 omissis,
2374 606 2431 652 et
2480 590 2929 663 insuperhabitis,
2990 587 3164 644 solum
3222 599 3346 640 eum
3404 583 3640 639 Verbum

394 695 616 765 proprie
662 703 829 765 atque
890 709 1022 750 vere
1067 704 1293 751 exstare
1339 695 1539 764 docet,
1605 696 1820 766 adjecto
1868 698 1974 752 hoc
2012 695 2177 752 etiam
2238 692 2480 762 insuper,
2547 686 2693 758 quod
2737 680 3112 739 tantummodo
3139 679 3372 735 Verbum
3404 675 3643 734 estzubi

395 789 565 844 etiam
592 789 660 845 ad
685 788 907 843 immani
936 790 1085 844 verbi
1111 789 1519 844 similitudinem
1550 806 1609 847 se
1640 791 1897 849 demittit.

1032 885 1091 944 >11
1135 880 1285 935 CAP.
1324 876 1411 935 Xl.

404 987 559 1054 Quod
588 1006 703 1045 eum
734 988 1022 1059 aliquando
1056 992 1386 1058 prolalitium
1425 993 1517 1047 Dei
1551 992 1776 1047 Verbum
1804 1005 1968 1060 vocet,

472 1060 762 1129 aliquando
791 1071 966 1112 autem
996 1062 1138 1115 intus
1171 1064 1478 1128 repositum,
1507 1074 1563 1117 ut
1595 1065 1651 1118 in
1672 1065 1971 1118 hominibus

473 1129 608 1183 solet
634 1128 774 1197 ﬁeri,
804 1141 964 1201 atque
995 1133 1307 1187 immanem.

473 1241 678 1298 Lucem
722 1244 812 1298 ubi
849 1243 999 1298 illum
1032 1245 1371 1298 nominatum
1404 1246 1578 1311 audit,
1615 1261 1721 1300 non
1753 1246 1971 1316 quidem

405 1335 629 1389 aberrat
661 1336 728 1389 ad
759 1333 1099 1403 corporalem
1137 1334 1333 1400 lucem,
1369 1350 1542 1406 neque
1579 1337 1808 1391 similem
1850 1353 1975 1392 eum

405 1425 639 1479 aﬂlrmat
677 1425 843 1480 solari
888 1425 1101 1492 lumini,
1136 1435 1194 1480 at
1240 1424 1474 1481 Verbum
1523 1427 1611 1481 ubi
1658 1427 1866 1498 legerit,
1900 1427 1975 1482 si-

402 1514 778 1583 gniﬁcativum
822 1528 948 1569 eum
1009 1515 1363 1585 imaginatur,
1415 1525 1472 1571 et
1527 1517 1761 1570 humano
1809 1515 1976 1569 verbo

407 1605 609 1671 simile,
644 1606 781 1661 adeo
806 1614 863 1660 ut
891 1620 1033 1660 nunc
1060 1605 1313 1674 alIirmet,
1335 1622 1458 1661 eum
1489 1607 1541 1660 in
1578 1606 1688 1660 Deo
1713 1606 1975 1676 conquie-

408 1712 586 1764 scere,
617 1712 761 1752 nunc
791 1708 944 1752 extra
971 1697 1140 1752 Deum
1176 1699 1359 1767 egredi
1401 1699 1569 1764 dicat,
1602 1709 1764 1769 atque
1812 1701 1886 1753 ita
1922 1708 1977 1753 et

408 1797 562 1842 extra
597 1802 745 1853 eum,
772 1796 827 1842 et
869 1787 923 1841 in
951 1802 1018 1842 eo
1044 1788 1368 1855 consistere,
1397 1790 1464 1843 ad
1489 1790 1704 1843 modum
1751 1804 1857 1858 quo
1881 1805 1979 1843 no-

409 1884 585 1930 strum
628 1877 849 1929 verbum
898 1874 1072 1942 solet,
1107 1878 1248 1946 quod
1294 1878 1440 1933 intus
1492 1878 1735 1933 residere
1780 1887 1837 1934 et
1883 1895 1977 1934 ore

411 1966 638 2034 proferri
688 1966 1031 2038 intelligitur.
1075 1966 1324 2022 Totidem
1373 1982 1504 2023 vero
1551 1970 1739 2024 verbis
1787 1969 1861 2023 ita
1896 1969 1976 2023 lo-

338 2098 351 2104 -
411 2057 597 2127 quitur
615 2076 627 2111 :
645 2055 733 2128 [R.
765 2056 897 2126 LVI,
924 2059 1048 2113 coll.
1074 2075 1126 2129 p.
1148 2059 1220 2114 40
1242 2061 1303 2123 Β,
1323 2060 1426 2113 HL
1452 2059 1518 2132 Β]
1569 2079 1590 2112 1
1619 2060 1810 2117 Omnia
1833 2076 1978 2130 (μιαι-

419 2164 439 2197 1
484 2163 699 2217 cunque
744 2148 907 2203 Pater
953 2149 1216 2218 loquitur,
1265 2165 1330 2205 ea
1385 2151 1568 2205 omnia
1623 2152 1829 2220 ubique
1885 2167 1981 2222 per

2002 893 2052 951 Δ

2699 863 2859 918 ΚΕΦ.
2899 861 3004 914 IA’.

2072 988 2209 1042 Ὀτι
2242 982 2390 1038 ποτὲ
2435 979 2554 1049 μὲν
2584 975 2773 1049 αὐτόν
2805 971 3172 1049 προφορικόν
3213 969 3319 1049 ref)
3338 968 3502 1049 ﬁsci}
3521 969 3653 1049 311,5-

2148 1037 2280 1127 ,δὴ
2309 1037 2455 1127 qui
2473 1049 2541 1104 δὲ
2586 1037 2940 1103 arctoam»!
2981 1037 3197 1114 ὁμοίως
3224 1038 3305 1106 τῷ
3324 1041 3396 1093 έν
3428 1037 3652 1108 ἀνθρώ-

2142 1123 2280 1192 ἐιοις
2315 1123 2566 1192 ἔφασκε.

2145 1240 2255 1292 Καὶ
2284 1236 2402 1306 φῶς
2438 1237 2535 1306 μὲν
2565 1234 2728 1286 αὐτὸν
2752 1229 2989 1293 ἀκούων,
3022 1227 3124 1281 οὐκ
3162 1223 3413 1280 ἐκπίπτει
3454 1222 3551 1275 ἐπὶ
3589 1221 3656 1273 τὺ

2076 1327 2385 1400 σωματικὸν
2415 1324 2551 1396 φῶς,
2603 1322 2712 1376 οὐδ’
2745 1322 2927 1393 ὅμοιον
2981 1318 3142 1372 αὐτὸν
3190 1312 3328 1370 εἷναί
3386 1331 3524 1385 φησι
3570 1311 3656 1382 τῷ

2075 1422 2227 1493 ἡλίου
2257 1419 2473 1490 φέγγει,
2505 1416 2598 1469 ἐπὶ
2646 1415 2704 1469 δὲ
2752 1412 2846 1468 τοῦ
2899 1412 3072 1480 Λόγου
3113 1408 3445 1480 σημαντικὸν
3485 1406 3657 1460 αὑτὸν

2075 1515 2278 1577 δίδωσι,
2308 1512 2404 1565 καὶ
2447 1510 2631 1580 ὅμοιον
2658 1507 2735 1578 τῷ
2763 1505 3120 1576 ἀνθρωπίνῳα
3154 1503 3230 1567 ὡς
3257 1500 3388 1555 ποτὲ
3429 1502 3528 1572 μὲν
3557 1499 3656 1553 λέ-

2076 1622 2191 1675 γειν
2214 1604 2373 1659 αὐτὸν
2405 1601 2694 1674 ἡσυχάζειν
2722 1600 2779 1652 ὲν
2806 1598 2916 1669 (25)
2940 1596 3019 1667 τῷ
3057 1595 3196 1666 Θεῷ,
3224 1594 3355 1647 ποτὲ
3378 1594 3437 1647 δὲ
3466 1590 3663 1664 προϊέ-

2077 1715 2164 1751 ναι
2188 1696 2282 1750 τοῦ
2331 1692 2500 1748 Θεοῦο
2551 1692 2646 1746 καὶ
2687 1689 2838 1753 ἐντὸς
2867 1689 2961 1742 καὶ⁹
2986 1687 3143 1750 ἐκτὸς
3180 1685 3422 1754 γίνεσθαι
3455 1682 3665 1746 αὑτοῦ,

2077 1786 2200 1840 καθ’
2222 1785 2516 1858 ὁμοιότητα
2563 1781 2658 1835 τοῦ
2704 1783 2833 1852 παρ’
2878 1781 3011 1849 ἡμῖν
3036 1777 3218 1846 λόγου,
3250 1774 3344 1829 τοῦ
3372 1793 3433 1827 τε
3475 1773 3663 1829 ἐνδια-

2078 1879 2232 1933 θέτου
2259 1875 2617 1947 καλουμένου,
2658 1873 2753 1926 καὶ
2782 1870 2878 1923 τοῦ
2910 1868 3052 1923 κατὰ
3081 1867 3192 1940 (26)
3229 1865 3511 1938 προφορὰν
3564 1863 3661 1917 διὰ

2079 1968 2264 2039 φωνῆς
2303 1965 2720 2036 ὲξακουομένου.
2764 1961 2926 2030 Λέγει
2974 1961 3019 2013 δ’
3063 1956 3155 2014 οὖν
3196 1960 3379 2021 αὐτοῖς
3413 1959 3658 2029 ῥήμασι·

2085 2081 2103 2113 ι
2136 2061 2319 2114 Πάντα
2350 2058 2459 2129 γὰρ
2482 2058 2582 2111 ὃσα
2612 2059 2640 2111 ὁ
2662 2053 2849 2125 Πατὴρ
2871 2053 3039 2121 λέγει,
3070 2051 3241 2105 ταῦτα
3273 2047 3547 2119 πανταχοῦ
3567 2047 3665 2101 διὰ

2085 2170 2104 2203 ι
2133 2150 2227 2204 τοῦ
2258 2151 2434 2219 Λόγου
2455 2148 2629 2217 λέγων
2669 2147 2935 2218 φαίνεται.
2968 2143 3138 2197 Τοῦτο
3160 2143 3218 2195 δὲ
3239 2141 3396 2214 δῆλόν
3421 2143 3537 2193 ἐστι
3560 2137 3669 2191 καὶ

419 2259 438 2291 1
488 2238 721 2296 Verbum
750 2255 906 2296 suum
933 2243 1146 2298 videtur
1171 2242 1336 2312 loqui,
1378 2244 1523 2314 quod
1547 2254 1603 2300 et
1627 2261 1659 2300 e
1686 2246 1981 2301 nobismet-

2098 2261 2105 2293 l
2135 2244 2224 2312 ἀφ’
2254 2240 2411 2314 ἡμῶν
2446 2239 2646 2306 αὐτῶν,
2675 2240 2776 2294 ὅσα
2800 2238 2910 2309 (27)
2935 2238 3029 2291 καὶ
3065 2234 3237 2308 μικρὰ
3263 2236 3376 2297 τοῖς
3401 2231 3667 2303 μεγάλοις

423 2347 444 2380 1
493 2329 627 2399 ipsis
676 2330 1023 2386 manifestum
1049 2341 1155 2396 est,
1187 2342 1246 2386 ut
1287 2348 1482 2402 magna
1508 2335 1689 2403 parvis
1711 2343 1769 2389 et
1803 2335 1980 2389 divina

423 2439 442 2471 1
490 2423 743 2477 humanis
772 2438 1169 2495 comparemus.
1200 2424 1335 2478 Nam
1359 2435 1415 2479 et
1442 2439 1541 2479 nos
1562 2439 1624 2479 ea
1669 2439 1790 2496 quae
1831 2425 1981 2480 volu-

423 2530 444 2564 1
491 2526 629 2578 mus,
684 2515 978 2570 secundum
1030 2523 1277 2585 nostrum
1324 2529 1504 2581 posse,
1553 2515 1638 2570 vel
1669 2517 1870 2581 dicere,
1902 2516 1986 2571 vel

423 2621 445 2656 1
490 2603 693 2669 facere,
726 2620 824 2675 per
853 2616 1098 2663 nostrum
1141 2607 1301 2676 logon
1333 2622 1398 2662 ea
1432 2607 1651 2677 quidem
1682 2608 1927 2662 facimus.
1960 2626 1981 2660 ι

416 2695 633 2752 Διὶιιιιειιε
683 2697 902 2752 demum
944 2707 1000 2753 et
1040 2699 1116 2754 ita
1165 2700 1493 2769 loquitur:1
1529 2699 1851 2770 Priusquam
1900 2715 1989 2755 res

425 2802 443 2835 1
488 2798 681 2842 omnes
707 2795 1055 2852 crearentur,
1088 2790 1421 2858 quiescentia
1458 2805 1671 2845 summa
1719 2801 1841 2846 erat
1870 2791 1989 2861 ejus

425 2894 445 2928 1
484 2877 633 2947 quod
678 2878 732 2933 in
780 2879 889 2934 Deo
930 2879 1232 2934 exsistebat
1280 2879 1464 2935 Verbi.
1495 2895 1519 2933 ι
1557 2881 1720 2936 Addit
1760 2890 1986 2936 autem:

422 2986 446 3022 1
490 2969 625 3026 Cum
672 2971 806 3027 nihil
846 2973 996 3042 prius
1040 2980 1189 3027 esset
1230 2983 1430 3042 praeter
1464 2974 1640 3029 solum
1690 2974 1879 3041 Deum,
1933 2985 1990 3029 at

425 3077 446 3111 1
491 3076 591 3131 per
643 3061 880 3119 Verbum
934 3072 1092 3118 erant
1135 3066 1319 3120 omnia
1381 3068 1685 3134 proditura,
1752 3068 1989 3122 Verbum

427 3171 447 3206 1
492 3155 771 3222 pracessit
813 3155 1119 3223 operatrice
1157 3170 1255 3211 sua
1297 3168 1580 3226 potestate.
1624 3177 1643 3210 ι
1690 3157 1817 3213 llaec
1864 3175 1989 3214 cum

423 3247 490 3303 de
508 3247 685 3303 Verbo
701 3256 757 3302 et
780 3248 1155 3315 hujuscemodi
1187 3249 1405 3304 dixerat
1437 3264 1453 3303 :
1479 3250 1605 3304 audi
1630 3250 1770 3319 jam,
1798 3266 1991 3320 quem-

422 3336 711 3392 admodum
755 3346 986 3392 conatur
1033 3336 1312 3406 Evangelii
1367 3328 1573 3392 dictum
1623 3338 1989 3402 interpretari.

423 3427 628 3484 Scribit
683 3437 861 3484 autem
894 3443 909 3481 :
944 3427 1035 3501 [Β.
1069 3428 1254 3494 XLVI,
1287 3429 1412 3485 coll.
1466 3444 1521 3499 p.
1563 3427 1633 3484 '56
1667 3428 1731 3491 Ι),
1788 3427 1891 3481 144
1924 3426 1991 3500 Α]

426 3534 448 3569 1
481 3513 588 3572 Sed
627 3525 847 3573 sanctus
889 3519 1166 3588 apostolus
1212 3527 1267 3574 et
1307 3518 1602 3589 discipulus
1649 3518 1741 3573 ille
1776 3518 1989 3574 Domini

2088 2352 2107 2385 1
2147 2334 2242 2387 καὶ
2281 2332 2446 2396 Θείοις
2491 2330 2807 2385 ἀπεικάσαι.
2844 2329 2955 2382 Καὶ
2984 2329 3145 2398 ἡμεῖς
3179 2324 3287 2398 γὰρ
3311 2325 3512 2387 πάντα,
3555 2323 3666 2375 ὅσα

2089 2444 2106 2476 1
2137 2424 2202 2479 ἂν
2227 2423 2490 2494 θέλωμεν,
2524 2422 2664 2477 κατὰ
2697 2421 2759 2474 τὸ
2785 2419 3008 2473 δυνατὸν
3040 2417 3218 2487 λέγειν
3241 2434 3303 2470 τε
3338 2417 3433 2469 καὶ
3459 2417 3665 2476 ποιεῖν,

2090 2534 2108 2565 1
2139 2514 2250 2587 (‘28)
2276 2513 2354 2585 τῷ
2388 2514 2642 2585 ἡμετέρῳ
2666 2511 2925 2583 ποιοῦμεν
2944 2510 3140 2581 λόγῳ.»
3161 2509 3271 2562 Καὶ
3298 2503 3454 2570 αὖθις
3482 2504 3669 2559 ταῦτά

2085 2623 2248 2676 φησιν
2275 2623 2288 2637 '
2325 2624 2344 2657 1
2369 2606 2482 2678 Πρὸ
2511 2606 2620 2677 γὰρ
2661 2604 2762 2676 τῆς
2792 2602 3154 2675 δημιουργίας
3180 2600 3421 2669 ἁπάσης,
3454 2595 3666 2668 ἡσυχία

2091 2719 2109 2750 1
2138 2717 2220 2763 τις
2238 2694 2329 2772 ἦν,
2360 2699 2436 2762 ὼς
2466 2696 2630 2762 εἰκὸς,
2648 2696 2799 2758 ὄντος
2828 2696 2885 2749 ἐν
2902 2693 2981 2765 τῷ
3009 2691 3127 2762 Θεῷ
3151 2691 3377 2759 Λόγου.)
3399 2684 3512 2742 Εἶτ’
3541 2689 3669 2741 επι-

2086 2792 2319 2862 φέρειοιι
2352 2789 2579 2852 Οὐδενὸς
2605 2787 2714 2860 γὰρ
2741 2785 2893 2848 ὄντος
2915 2783 3180 2858 πρότερον
3211 2782 3244 2854 ἢ
3286 2779 3422 2835 Θεοῦ
3471 2778 3666 2850 μόνου,

2090 2901 2110 2934 1
2151 2882 2368 2936 πάντων
2426 2881 2483 2935 δὲ
2526 2879 2619 2933 διὰ
2663 2876 2758 2931 τοῦ
2811 2876 2986 2946 Λόγου
3026 2873 3267 2944 γίνεσθαι
3332 2870 3667 2944 μελλόντων,

2093 2993 2113 3027 1
2154 2972 2420 3047 προῆλθεν
2455 2975 2484 3025 ὁ
2523 2971 2694 3039 Λόγος
2750 2970 3012 3042 δραστικῇ
3058 2966 3324 3039 ἐνεργείᾳ.
3357 2984 3379 3018 ι
3407 2962 3672 3017 Τοσαῦτα

2090 3065 2217 3138 περὶ
2246 3064 2338 3118 τοῦ
2372 3063 2545 3132 Λόγου
2574 3061 2763 3125 εἰπὼν,
2791 3061 2892 3133 τὴν
2931 3057 3289 3129 εὑαγγελικὴν
3318 3056 3505 3128 φωνὴν
3529 3054 3673 3108 ἑπά-

2090 3171 2304 3218 κουσον,
2337 3154 2486 3216 ὅπως
2527 3154 2781 3225 πειρᾶται
2813 3149 3210 3223 διερμηνεύειν,
3253 3142 3357 3202 ὧδε
3397 3147 3628 3218 γράφων
3650 3162 3665 3176 ·

2097 3265 2115 3298 1
2160 3246 2218 3299 Ὀ
2242 3245 2299 3298 δὲ
2331 3245 2476 3316 ἱερὸς
2518 3243 2812 3307 άπόστολός
2847 3259 2905 3297 τε
2946 3244 3041 3298 καὶ
3077 3239 3323 3313 μαθητὴς
3345 3239 3439 3293 τοῦ
3457 3238 3669 3308 Κυρίου

2097 3359 2116 3394 1
2171 3340 2446 3411 Ἰωάννης,
2475 3336 2662 3407 σαφῶς
2690 3336 2783 3389 καὶ
2813 3334 3108 3407 διαρρήδην
3130 3334 3188 3387 ὲν
3215 3334 3356 3404 ἀρχῇ
3383 3329 3477 3384 τοῦ
3492 3331 3674 3397 Εὐαγ-

2097 3450 2116 3483 ι
2154 3431 2341 3501 γελίου
2399 3429 2688 3495 διδάσκων,
2721 3428 2797 3491 ὼς
2836 3425 3198 3496 ἀγνοούμενον
3247 3426 3305 3477 ὲν
3354 3420 3673 3494 ἀνθρώποις

2099 3542 2119 3575 ι
2153 3524 2435 3594 πρότερον,
2472 3520 2644 3591 Λόγον
2676 3520 2835 3574 αὐτὸν
2854 3518 2949 3573 τοῦ
2982 3516 3419 3588 παντοκράτορος
3472 3513 3675 3584 ὀνομά-

428 3627 448 3661 1
490 3607 749 3677 Joannes,
789 3610 915 3664 dum
954 3626 1053 3666 nos
1083 3610 1137 3666 in
1177 3611 1443 3681 principio
1473 3610 1750 3681 Evangelii
1785 3612 1871 3666 sui
1898 3612 1990 3665 do-

2098 3635 2117 3668 1
2146 3616 2273 3683 ξων,
2302 3613 2473 3677 οὕτως
2502 3612 2606 3683 ἔφη
2625 3629 2639 3643 ο
2681 3612 2777 3665 Ἐν
2803 3608 2963 3681 ἀρχῇ
2987 3605 3067 3681 ἦν
3090 3611 3123 3663 ὀ
3148 3607 3359 3678 Λόγος,
3379 3606 3479 3659 καὶ
3504 3609 3538 3659 ὀ
3559 3607 3677 3659 Δός-

428 3716 449 3750 1
498 3708 582 3757 cet
615 3738 630 3763 ,
660 3700 943 3770 perspicue
974 3711 1030 3755 et
1052 3703 1336 3765 cxsertim,
1377 3710 1628 3770 tanquam
1658 3700 1801 3769 quod
1842 3702 1990 3771 prius

428 3808 449 3840 1
497 3790 807 3846 hominibus
859 3791 1193 3862 incognitum
1237 3792 1435 3859 fuerat,
1475 3794 1865 3862 omnipotentis
1895 3793 1990 3848 Dei

429 3897 450 3933 1
502 3878 735 3952 Verbum
805 3881 877 3935 ita
934 3883 1195 3938 nominat.
1243 3884 1332 3937 Ait
1363 3882 1679 3938 autemzln
1729 3886 1991 3954 principio

432 3988 452 4020 1
495 3979 609 4023 erat
642 3968 890 4037 Verbum,
927 3980 975 4024 et
1006 3969 1232 4025 Verbum
1263 3985 1375 4026 erat
1394 3974 1536 4042 apud
1562 3973 1753 4038 Deum,
1778 3984 1825 4029 et
1853 3975 1994 4029 Deus

431 4078 452 4111 1
495 4070 609 4114 erat
641 4060 780 4114 illud
812 4059 1040 4115 Verbum
1060 4062 1129 4117 °‘.
1159 4062 1333 4119 Unico
1373 4080 1481 4121 non
1525 4074 1815 4121 contentus
1843 4067 1997 4121 testi-

434 4169 453 4202 1
502 4152 703 4213 monio,
757 4151 846 4206 bic
882 4150 1038 4205 Verbi
1091 4152 1363 4222 signiﬁcat
1409 4157 1797 4212 aeternitatem.
1831 4175 1852 4209 ι
1905 4158 1998 4213 Ait

430 4241 628 4294 iterum
652 4257 665 4293 :
699 4238 791 4312 [Β.
820 4239 1028 4305 XLVII,
1055 4242 1178 4297 coll.
1203 4257 1255 4312 p.
1275 4243 1342 4297 57
1371 4242 1444 4316 Α]
1493 4263 1512 4297 1
1544 4245 1648 4301 Sed
1674 4247 1848 4302 tribus
1869 4262 1999 4302 con-

434 4352 453 4387 1
501 4332 668 4387 tinuis
698 4334 1023 4388 testimoniis
1060 4349 1214 4401 usus,
1264 4333 1411 4389 verbi
1472 4336 1745 4405 signiﬁcat
1781 4338 1999 4392 aeterni-

434 4443 453 4475 1
500 4431 688 4479 tatem.
732 4422 906 4479 iltem
938 4424 1200 4492 annectit,
1236 4424 1448 4487 tut,ubi
1482 4425 1614 4478 dixit
1651 4425 1705 4479 in
1730 4426 1999 4495 principio

376 4573 384 4581 ,
434 4534 456 4569 1
502 4525 622 4571 erat
650 4516 912 4583 Verbum,
949 4517 1264 4572 ostenderet
1309 4528 1576 4587 potestate
1609 4519 1752 4585 apud
1781 4517 2000 4573 Patrem

435 4626 456 4660 1
506 4608 740 4664 Verbum
790 4609 1088 4665 exstitisse.
1153 4609 1251 4664 Est
1310 4608 1453 4662 enim
1515 4624 1696 4663 rerum
1757 4611 1999 4665 omnium

2097 3727 2115 3759 1
2145 3725 2249 3777 γος
2269 3701 2348 3776 ἦν
2371 3702 2523 3774 πρὸς
2557 3702 2665 3756 τὸν
2698 3701 2867 3766 Θεὸν,
2891 3701 2988 3755 καὶ
3016 3700 3161 3766 Θεὸς
3187 3694 3267 3770 ἦν
3292 3701 3325 3752 ό
3353 3699 3565 3766 Λόγος.
3599 3697 3679 3750 Οὐ

2099 3816 2119 3851 ι
2159 3797 2259 3868 μίᾳ
2292 3795 2571 3869 μαρτυρίᾳ
2610 3792 2910 3866 χρώμενος,
2961 3792 3058 3863 τὴν
3104 3790 3382 3861 ἁῑδιότητα
3422 3788 3681 3859 σημαίνει

2100 3910 2119 3942 1
2153 3890 2247 3943 τοῦ
2280 3890 2528 3958 Λόγου.»
2560 3886 2664 3942 Καὶ
2703 3885 2863 3940 πάλιν
2896 3884 3058 3956 φησί’
3083 3903 3100 3936 ι
3127 3882 3319 3954 Τρισὶν
3348 3878 3678 3950 ἐπαλλήλοις

2099 4002 2119 4036 1
2160 3980 2483 4054 μαρτυρίαις
2539 3978 2840 4052 χρώμενος,
2894 3979 2994 4049 τὴν
3033 3976 3311 4045 ἀϊδιότητα
3343 3973 3441 4028 τοῦ
3498 3974 3681 4042 Λόγου

2101 4092 2121 4125 1
2152 4073 2423 4127 δεικνῦναι
2459 4071 2728 4141 βούλεται.
2769 4089 2789 4122 ι
2821 4070 2934 4124 Καὶ
2957 4064 3113 4132 αὖθις
3140 4066 3384 4135 ἐπιλέγει
3404 4082 3419 4096 ’
3458 4086 3477 4117 1
3508 4066 3575 4119 ἶν’
3619 4067 3681 4119 ὲν

2102 4183 2120 4217 1
2156 4165 2253 4236 μὲν
2281 4162 2359 4235 τῷ
2405 4164 2596 4234 φῆσαι,
2645 4163 2735 4215 Ἐν
2771 4162 2914 4232 ἀρχῇ
2960 4155 3029 4231 ἦν
3079 4161 3108 4212 ὁ
3154 4159 3345 4228 Λόγος,
3388 4156 3535 4226 δείξῃ
3562 4154 3679 4227 (29)

2103 4275 2122 4308 1
2154 4256 2384 4327 δυνάμει
2421 4257 2478 4309 ἐν
2515 4254 2593 4325 τῷ
2623 4253 2800 4325 Πατρὶ
2829 4248 2969 4306 εἶναι
3007 4251 3097 4305 τὸν
3122 4250 3313 4318 Λόγον.
3355 4250 3523 4320 Ἀρχὴ
3570 4248 3684 4319 γὰρ

2104 4367 2123 4401 ι
2155 4349 2410 4403 ἁπάντων
2435 4346 2542 4401 τῶν
2576 4345 2874 4415 γεγονότων
2899 4347 2928 4399 ὁ
2958 4343 3111 4406 Θεὸς,
3148 4343 3208 4409 ἐξ
3230 4333 3294 4394 οὗ
3326 4341 3396 4395 τὰ
3421 4341 3605 4393 πάντα
3623 4358 3636 4370 ·
3654 4360 3673 4390 ι

2110 4438 2197 4493 Ἐν
2242 4438 2300 4492 δὲ
2348 4437 2474 4511 τῷ·’
2506 4435 2615 4491 Καὶ
2667 4438 2701 4490 ό
2742 4435 2934 4505 Λόγος
3013 4434 3097 4504 ἦν
3156 4433 3307 4501 πρὸς
3344 4431 3455 4486 τὸν
3501 4431 3677 4493 Θεὸν,

2100 4527 2350 4599 ἐνεργείᾳ
2398 4527 2534 4598 πρὸς
2587 4526 2678 4578 τὸν
2735 4523 2870 4578 Θεὸν
2925 4519 3065 4577 εἶναι
3114 4522 3206 4576 τὸν
3244 4521 3437 4589 Λόγον.
3471 4519 3685 4573 Πάντα

2102 4621 2212 4693 γὰρ
2236 4620 2311 4674 δι’
2333 4620 2520 4676 αὐτοῦ
2556 4620 2811 4692 ἐγένετο,
2858 4621 2955 4673 καί
2984 4616 3162 4687 χωρίς
3209 4612 3395 4669 αὐτοῦ
3439 4611 3687 4680 ἐγένετο

436 4719 456 4751 1
503 4699 880 4755 exsistentium
927 4701 1252 4769 principium
1281 4698 1444 4755 Pater
1488 4700 1649 4765 Deus,
1678 4715 1709 4756 e
1739 4716 1846 4770 quo
1875 4710 1991 4757 sunt

2103 4710 2247 4767 οὐδὲ
2279 4711 2383 4768 ἓν·
2443 4714 2499 4766 ὲν
2527 4712 2586 4766 δὲ
2631 4710 2710 4783 τῷ
2747 4711 2858 4783 (30)
2889 4708 3038 4763 Θεὸν
3061 4706 3211 4761 εἶναι
3236 4703 3344 4757 τὸν
3362 4704 3563 4771 Λόγον
3608 4703 3687 4754 εξ-

437 4807 457 4842 1
502 4791 707 4844 omnia.
751 4809 770 4842 ι
811 4790 868 4844 ln
923 4790 1016 4847 illo
1063 4800 1246 4847 autem
1285 4808 1299 4844 :
1338 4788 1409 4844 Et
1465 4788 1685 4847 Verbum
1722 4792 1856 4847 illud
1888 4803 2003 4850 erat

2107 4802 2351 4874 ρηκέναι,
2389 4803 2464 4874 μὴ
2497 4802 2723 4874 διαιρεῖν
2745 4800 2843 4873 τὴν
2865 4798 3112 4869 θεότητα,
3142 4795 3327 4867 ἐπειδὴ
3366 4795 3397 4847 ὁ
3423 4794 3602 4863 Λόγος
3626 4809 3686 4845 τε

432 4882 575 4950 apud
632 4881 818 4948 Deum,
875 4889 933 4947 »Β
977 4884 1296 4953 operatione
1366 4886 1603 4940 insinuat
1646 4884 1785 4954 apud
1836 4887 1991 4940 Deum

2105 4894 2164 4945 ὲν
2187 4892 2356 4963 αὐτῷ,
2385 4894 2481 4946 καὶ
2519 4892 2680 4956 αὐτὸς
2711 4894 2770 4946 ὲν
2804 4889 2884 4961 τῷ
2904 4889 3084 4960 Λόγῳ.
3122 4889 3218 4940 Ἐν
3243 4886 3371 4957 ἐμοὶ
3407 4885 3543 4957 γὰρ.
3574 4903 3683 4955 φη-

432 4974 710 5033 exstitisse
761 4975 1022 5033 Verbum.
1070 4977 1261 5033 Omnia
1323 4978 1467 5034 enim
1500 4993 1595 5047 per
1644 4977 1814 5048 ipsum
1858 4977 1991 5047 facta

2108 4983 2211 5050 a‘tv,
2229 4985 2262 5037 ό
2281 4983 2504 5053 Πατὴρ,
2535 4982 2697 5054 κάγὼ
2712 4982 2782 5059 ἐν
2809 4980 2889 5048 τῷ
2904 4979 3105 5048 Πατρί.
3133 4976 3231 5031 Διὰ
3246 4975 3516 5031 τοσούτων
3528 4977 3686 5047 Μάρ-

506 5117 566 5185 ξΒ
588 5112 709 5185 _Ed.
744 5113 945 5185 Paris.,
977 5128 1103 5185 pag.
1129 5112 1252 5181 118,
1289 5115 1411 5172 119.

506 5183 550 5214 ἰ
580 5181 738 5239 Joan.
769 5199 809 5250 ι,
838 5184 891 5238 1.

510 5316 625 5384 (25)
656 5315 828 5386 Vulgo
859 5317 973 5373 ὲπί.

512 5385 965 5459 (Ξίῆηρορορᾲις
1011 5386 1123 5459 τῆς
1174 5385 1397 5456 φωνῆς.
1451 5387 1601 5443 Alius
1637 5388 1802 5443 codex
1833 5396 2002 5459 recte,

436 5455 537 5525 τῆς
568 5456 655 5510 διὰ
659 5455 881 5579 ρωνῆξ.
908 5455 1114 5529 [Delevi
1140 5455 1259 5513 cum
1279 5460 1433 5513 codd.
1453 5459 1551 5529 τῆς
1582 5470 1701 5529 post
1720 5457 1913 5530 προφ.]
1935 5456 2004 5511 Μ.

513 5526 628 5593 ('27)
709 5527 831 5593 nlgo
860 5527 955 5580 καὶ
985 5528 1176 5593 μικρά.

516 5526 628 5664 (⁸2Ἱέ
659 5526 831 5596 Vulgo
860 5526 955 5580 καὶ
985 5528 1176 5599 μικρά.

516 5594 604 5647 (28
663 5595 746 5663 Τῷ
791 5596 1053 5664 ἡμετέρῳ
1079 5612 1176 5654 ποι

441 5661 615 5733 λόγῳ.
646 5665 717 5721 n.

2184 5324 2295 5395 (29)
2321 5326 2575 5396 Δυνάμει
2604 5325 2674 5379 ἐν
2717 5317 3465 5396 τῷῌᾳζρίηδίᾳ-Ιρερηιξιιπι
3633 5323 3683 5396 et

2112 5384 2295 5466 cgddj
2326 5384 2496 5466 supra
2514 5395 2669 5466 vulgo
2696 5384 3070 5464 ἐπαλλήλαις].
3115 5390 3202 5443 Ἐν
3230 5388 3286 5442 δὲ
3303 5385 3404 5458 τῷ,
3432 5384 3533 5439 καὶ
3556 5384 3685 5438 Θεὸν

2115 5461 2253 5518 εἶναι
2276 5466 2364 5535 τὸν
2391 5461 2577 5535 Λόγον.

2189 5534 2300 5607 (50)
2331 5524 2498 5607 Vulgo
2537 5533 2678 5604 Θεῷ,
2731 5542 2787 5588 at
2832 5530 2900 5589 cf.
2953 5545 3007 5601 p.
3062 5530 3131 5586 57
3177 5530 3242 5584 Α.
3297 5525 3403 5597 Mp.
3460 5528 3538 5582 ἴσ.
3594 5524 3685 5580 καὶ

700 5595 746 5663 ᾧ
791 5595 1053 5667 ἡμετέρῳ
1079 5595 1387 5669 ποιοῦμεν.
1421 5599 1591 5666 Adde,
1628 5599 1720 5652 καὶ
1778 5597 2010 5666 λέγομεν
2125 5595 2277 5661 Θεόν.
