3838 6222
200 348 313 405 θίὅι

1119 347 1209 403 DE
1248 346 1789 403 ECCLESIASTICA
1829 346 2223 403 THEOLOGIA
2259 346 2393 403 LIB.
2431 346 2498 404 Π.

3346 352 3452 409 9Ξ6

201 469 391 533 κελλος
423 467 524 539 τὴν
556 466 856 521 ὑπόστασιν
881 463 978 521 τοῦ
1020 464 1341 536 μονογενοῦς
1372 464 1505 519 Υἰοῠ
1528 465 1631 519 τοῦ
1643 464 1776 518 Θεοῦ

1884 476 2024 527 sunt,
2071 474 2122 517 et
2168 465 2281 518 sine
2326 466 2441 529 ipso
2497 465 2700 533 factum
2751 475 2831 519 est
2874 464 3007 518 nihil
3048 466 3118 519 ”.
3164 464 3222 520 In
3275 480 3452 537 eoque

202 561 465 634 ἀναιρῶν,
494 560 585 614 τὸν
615 557 758 611 θεῖον
781 555 1174 628 εὐαγγελιστὴν
1197 556 1297 627 τῆς
1327 556 1522 610 ἑαυτοῦ
1548 557 1777 611 κακοδο-

204 654 326 719 ξίας
376 651 729 725 μαρτύρεται,
762 650 839 714 ὡς
878 648 1032 705 οὐδὲν
1062 649 1251 719 ἕτερον
1288 649 1449 702 αὐτὸν
1481 648 1781 718 ἐπιστάμε-

205 762 298 800 νον
324 745 358 816 ἢ
381 745 576 813 Λόγον,
615 744 747 797 ποτὲ
776 743 874 814 μὲν
902 738 1249 811 ἐνεργοῦντα,
1267 739 1454 795 ἄλλοτε
1483 739 1540 792 δὲ
1572 737 1781 810 ἡσυχά-

204 835 368 901 ζοντα
386 837 446 889 ὲν
468 835 543 907 τῷ
575 834 717 906 Θεῷ,
746 833 842 889 καὶ
865 832 1025 888 οὐδὲν
1052 832 1237 904 ἕτερον
1259 830 1389 885 ὄντα
1419 831 1453 902 ἢ
1490 830 1650 883 αὐτὸν
1686 830 1778 883 τὸν

202 927 360 984 Θεόν.

1877 557 2097 619 dicitur,
2150 566 2204 610 et
2255 555 2396 611 Deus
2445 564 2559 610 erat
2603 553 2845 619 Verbum,
2885 571 2988 610 non
3035 558 3231 612 dividit
3272 558 3449 613 deita-

1876 657 2002 712 tem,
2056 646 2313 716 quoniam
2356 646 2407 698 in
2462 645 2584 715 ipso
2629 655 2751 699 erat
2789 645 3051 709 Verbum,
3090 656 3148 701 et
3189 647 3306 715 ipse
3331 657 3451 702 erat

1874 738 1929 792 in
1985 737 2179 794 Verbo.
2232 736 2300 792 In
2353 754 2434 792 me
2477 738 2639 801 enim,
2692 738 2891 807 inquit,
2927 737 3109 803 Pater,
3158 751 3207 792 et
3252 756 3346 809 ego
3390 739 3449 793 in

1878 829 2042 884 Patre
2088 830 2157 883 ”.
2210 828 2499 884 Marcellus
2548 845 2643 899 per
2692 830 2806 885 luce
2853 840 2930 884 tot
2977 838 3033 885 et
3085 840 3232 884 tanta
3277 830 3451 885 subsi-

1881 923 2133 976 stentiam
2201 920 2461 989 unigeniti
2531 920 2625 975 Dei
2673 919 2795 975 Filii
2851 921 3043 975 tollens
3090 932 3282 979 testem
3336 937 3450 975 suae

203 1020 476 1076 haeretica
523 1033 810 1089 pravzeque
870 1015 1147 1087 opinionis
1202 1016 1333 1070 citat
1384 1016 1802 1083 evangelistam,
1846 1014 1999 1083 quasi
2052 1012 2191 1068 nihil
2253 1013 2399 1067 aliud
2429 1013 2518 1068 ille
2547 1014 2810 1069 voluisset
2850 1015 3095 1085 intelligi,
3123 1031 3283 1086 quant
3322 1017 3451 1074 Ver-

203 1112 356 1177 bum,
415 1124 560 1165 nunc
619 1109 985 1180 Operativum,
1029 1108 1316 1174 quiescens
1350 1107 1487 1163 alias
1529 1107 1585 1160 in
1641 1107 1768 1172 Deo,
1809 1122 1907 1161 nec
1935 1105 2228 1176 quidquam
2262 1105 2405 1158 aliud
2430 1105 2703 1161 exsistens
2730 1121 2895 1174 quam
2920 1108 3110 1163 Deum.

790 1248 791 1251 η
843 1201 1001 1254 ΚΕΦ.
1029 1200 1130 1253 ΙΒ’.

204 1292 340 1347 Ὀτι
379 1291 489 1362 μὴ,
533 1292 632 1362 ὡς*
657 1289 851 1362 ἐδόκει
888 1287 1239 1362 Μαρκέλλῳ,
1264 1292 1312 1362 Δό
1346 1288 1780 1362 εὐᾳγγελιστὴς

360 1358 476 1431 ἑὴν
506 1359 639 1429 περὶ
670 1359 776 1414 τοῦ
812 1359 1007 1428 Λόγου
1036 1359 1353 1428 θεολογίαν
1378 1358 1635 1424 ἐξέθετο.

277 1454 470 1508 Καίτοι
498 1453 528 1505 6
557 1452 733 1522 μέγας
764 1450 1174 1520 εὐαγγελιστὴς,
1210 1450 1326 1521 ἅμα
1372 1451 1466 1504 καὶ
1509 1449 1777 1520 θεολόγος,

202 1545 388 1616 τρίτον
414 1544 474 1597 ἐν
501 1541 681 1612 ταύτῷ
710 1540 1088 1612 μνημονεύσας
1122 1539 1218 1594 τοῦ
1252 1539 1424 1609 Λόγου
1450 1580 1465 1605 ,
1494 1540 1601 1594 οὐδ’
1632 1539 1778 1607 ἅπαξ

203 1633 426 1706 εἴρηκεν
450 1629 773 1700 αὐτὸν-Θεοῦ
798 1630 988 1699 Λόγον.
1021 1631 1094 1684 Οὐ
1129 1630 1238 1700 γὰρ
1267 1625 1441 1694 εἶπεν,
1487 1632 1584 1684 Ἐν
1616 1629 1776 1699 ἀρχῇ

2503 1197 2656 1253 CAP.
2708 1197 2823 1253 XII.

1881 1289 2033 1357 Quod
2058 1306 2183 1356 non,
2225 1299 2279 1342 ut
2305 1287 2557 1361 Marcello
2576 1289 2862 1351 videbatur,
2882 1289 3197 1361 theologiam
3217 1290 3284 1346 de
3302 1287 3457 1346 Filio.

2327 1358 2652 1427 evangelista
2710 1361 3000 1429 proposuit.

1949 1450 2173 1522 Magnus
2194 1450 2472 1505 enimvero
2506 1450 2832 1520 evangelista
2866 1450 3027 1505 simul
3058 1460 3113 1506 et
3145 1451 3459 1521 theologus,

1881 1553 1964 1598 ter
1989 1558 2113 1598 cum
2144 1541 2306 1597 Verbi
2334 1541 2665 1597 mentionem
2696 1542 2799 1597 hoc
2819 1541 2875 1596 in
2915 1542 3034 1598 loco
3062 1543 3248 1608 faciat,
3280 1559 3347 1598 ne
3371 1560 3461 1600 se-

1884 1635 1986 1690 mel
2011 1633 2229 1704 quidem
2274 1633 2507 1702 appellat
2538 1648 2661 1687 eum
2693 1633 2783 1687 Dei
2825 1634 3088 1689 Verbum.
3116 1634 3233 1690 Non
3266 1635 3459 1704 utique

199 1723 285 1797 ἢν
304 1729 338 1781 ό
366 1725 472 1779 τοῦ
495 1725 642 1779 Θεοῦ
676 1726 864 1794 Λόγος
889 1742 902 1755 ·
935 1724 1051 1778 ἀλλ’
1077 1724 1363 1795 ἀορίστως,
1402 1724 1499 1776 Ἐν
1522 1722 1679 1793 ἀρχῇ
1701 1718 1776 1794 ἦν

1884 1726 2037 1789 dixit,
2072 1724 2137 1778 In
2172 1725 2425 1794 principio
2449 1736 2562 1778 erat
2596 1723 2815 1778 Verbum
2838 1726 2979 1780 Dei:
3006 1727 3100 1781 sed
3132 1734 3340 1781 tantum
3366 1726 3464 1781 iuu

204 1817 238 1866 ό
268 1814 477 1884 Λόγος·
508 1816 641 1885 ἡμῖν
671 1811 981 1867 καταλιπὼν
1025 1814 1204 1883 ζητεῖν
1228 1814 1408 1876 ὁποῖος
1436 1807 1504 1884 ἦν
1536 1813 1564 1864 6
1586 1812 1777 1881 Λόγος.

205 1903 313 1955 Καὶ
340 1902 527 1967 πάλιν,
559 1903 657 1956 καὶ
698 1906 731 1957 ό
765 1905 956 1973 Λόγος
980 1900 1058 1973 ἦν
1083 1903 1232 1971 πρὸς
1269 1903 1377 1957 τὸν
1417 1903 1586 1967 Θεὸν,
1635 1900 1779 1967 εἶπε,

201 1994 501 2064 δυνάμενος
526 1997 722 2061 εἰπεῖν,
754 1995 852 2048 καὶ
886 1999 918 2049 ό
945 1998 1135 2065 Λόγος
1170 1995 1276 2049 τοῦ
1304 1993 1451 2048 Θεοῦ
1486 1990 1565 2065 ἦν
1589 1995 1657 2047 ἐν
1700 1992 1780 2059 τῷ

205 2070 350 2149 egis-
378 2084 534 2149 ἀλλὰ,
566 2086 666 2140 και
698 2086 840 2152 Θεὸς
864 2083 943 2156 ἦν
967 2089 1001 2139 δ
1017 2087 1225 2156 Λόγος,
1249 2086 1392 2157 οὐχι,
1410 2086 1507 2139 καὶ
1531 2085 1677 2139 Θεοῦ
1700 2080 1783 2156 ῆν

199 2177 229 2228 ὁ
248 2176 460 2244 Λόγος,
480 2175 603 2247 ἔφη,
640 2176 725 2229 ἵνα
749 2176 823 2248 μὴ
839 2176 931 2230 τοῦ
945 2176 1076 2229 Θεοῦ
1104 2176 1382 2247 ὲνέργειάν
1403 2193 1542 2240 τινα,
1574 2192 1782 2246 σημαν-

199 2271 363 2339 τικήν
394 2287 539 2334 τινος
579 2269 613 2340 ἢ
668 2270 955 2341 ποιητικὴν
998 2265 1136 2322 εἶναι
1186 2269 1348 2323 αὑτὸν
1392 2268 1776 2338 ὑπολάϐοιμεν.

211 2364 274 2417 Ὀ
303 2361 368 2432 δὴ
400 2359 739 2431 Μάρκελλος,
764 2358 968 2430 οἰηθεὶς
992 2359 1158 2413 ἀΐδιον
1180 2355 1318 2412 εἶναι
1341 2359 1501 2412 αὐτὸν
1526 2359 1617 2412 τοῦ
1643 2358 1778 2412 Θεοῦ

201 2455 396 2523 Λόγον,
449 2452 593 2505 τοῦτ’
639 2451 784 2504 ἔστιν
832 2449 1123 2519 ἀγέννητον
1146 2488 1161 2512 ,
1208 2448 1465 2510 πολλάκις
1519 2448 1777 2520 ὡρίσατο,

199 2544 266 2597 οὐ
297 2541 556 2614 συνορῶν,
607 2542 710 2604 ὅτι,
746 2540 795 2592 εἰ
845 2538 942 2609 μὲν
987 2537 1172 2607 ἕτερον
1207 2537 1300 2590 τοῦ
1329 2538 1462 2591 Θεοῦ
1491 2539 1580 2591 τὸν
1608 2539 1778 2608 Λόγον

201 2634 425 2704 φάσκει,
453 2632 544 2686 δύο
573 2630 726 2686 ἔσται
749 2629 915 2694 ἀΐδια,
941 2630 969 2682 6
994 2629 1166 2697 Λόγος
1199 2630 1292 2682 καὶ
1324 2631 1352 2682 6
1380 2628 1532 2694 Θεὸς,
1563 2631 1657 2682 καὶ
1679 2631 1780 2683 οὐκ

200 2725 278 2780 ἔτ’
307 2724 458 2777 ἔσται
491 2723 631 2795 ἀρχὴ
665 2721 761 2793 μία
784 2739 798 2752 ο
846 2723 895 2774 εἰ
927 2720 985 2774 δὲ
1016 2720 1074 2775 ἓν
1099 2720 1306 2790 λέγοιτο
1344 2720 1531 2785 ἀΐδιον,
1562 2719 1652 2774 τὸν
1677 2722 1776 2775 αὐ-

198 2816 294 2871 τὸν
330 2815 643 2888 ὁριζόμενος
679 2809 815 2867 εἶναι
840 2813 930 2866 τὸν
952 2812 1086 2865 Θεὸν
1132 2811 1212 2883 τῷ
1240 2811 1418 2882 Λόγῳ,
1451 2812 1655 2882 γυμνὸν
1686 2811 1778 2866 τὸν

200 2908 488 2963 Σαϐέλλιον
521 2905 867 2978 ὁμολογήσει,
890 2905 1185 2975 υἰοπάτορα
1217 2903 1308 2956 τὸν
1335 2902 1450 2968 ἕνα,
1480 2904 1600 2956 κατ’
1616 2903 1777 2958 αὐτὸν

198 3002 427 3065 ἐκεῖνον,
470 2998 726 3066 εἰσάγων.
770 2998 961 3050 Ἔσται
987 2991 1081 3050 οὖν
1123 2996 1152 3048 6
1178 2995 1365 3067 Πατὴρ
1394 2994 1542 3065 αὐτῷ
1580 3011 1775 3067 γεννη-

198 3089 316 3154 θεὶς
350 3090 444 3144 καί
483 3087 592 3161 (51)
632 3086 820 3141 παθὼν
865 3088 957 3141 καὶ
1003 3086 1162 3150 αὐτὸς
1212 3086 1365 3139 ἔσται
1412 3087 1442 3139 6
1490 3087 1779 3159 εὐχόμενος

201 3179 412 3250 ἑαυτῷ,
447 3178 542 3235 καὶ
575 3176 908 3231 ἀπεστάλθαι
934 3176 1107 3245 λέγων
1152 3175 1241 3246 ὑφ’
1272 3174 1494 3241 ἑαυτοῦ,
1527 3176 1620 3230 καὶ
1649 3178 1777 3232 Υἱὸν

199 3271 419 3335 ἑαυτοῦ,
440 3270 534 3324 καὶ
562 3268 846 3340 μονογενῆ,
872 3269 971 3320 οὐκ
995 3265 1364 3339 ἐπαληθεύων,
1395 3268 1491 3320 σὺν
1525 3268 1780 3340 εἰρωνείᾳ

195 3364 259 3421 εὶ
301 3363 785 3434 καταψευδόμενος.
835 3362 945 3415 Καὶ
984 3360 1069 3424 τίς
1112 3359 1177 3413 ἂν
1218 3360 1403 3430 ἕτερος
1440 3358 1631 3414 τούτου
1668 3360 1777 3428 (52)

198 3455 618 3526 δυσσεϐέστερος
661 3453 856 3522 γένοιτ’
897 3451 963 3506 ἂν
1010 3450 1202 3519 λόγος;
1262 3449 1423 3502 Ἀλλὰ
1464 3449 1574 3521 γὰρ
1619 3452 1780 3522 ἡμεῖς

200 3546 336 3618 φέρε
370 3537 585 3616 ἴδωμεν,
629 3544 811 3596 ὁποῖον
850 3544 979 3613 ἡμῖν
1005 3544 1032 3594 6
1059 3538 1448 3611 εὐαγγελιστὴς
1474 3539 1645 3609 Λόγον
1691 3541 1781 3593 εὐ-

198 3636 565 3706 αγγελίζεται,
613 3634 869 3705 φάσκων·
915 3632 1017 3685 Ἐν
1050 3629 1208 3700 ἀρχῇ
1249 3626 1329 3700 ἦν
1366 3633 1398 3684 ό
1425 3631 1646 3701 Λόγος,
1680 3630 1780 3687 καὶ

199 3732 238 3786 ό
255 3730 447 3799 Λόγος
476 3724 554 3798 ἦν
581 3726 730 3795 πρὸς
753 3728 861 3779 τὸν
886 3724 1052 3787 Θεὸν,
1079 3723 1177 3778 καὶ
1199 3722 1343 3788 Θεὸς
1360 3719 1441 3794 ἦν
1463 3726 1496 3777 ό
1511 3725 1721 3793 Λόγος.

1881 1814 2123 1880 deﬁnite,
2147 1814 2215 1869 In
2240 1816 2504 1886 principio
2532 1826 2644 1869 erat
2677 1813 2899 1870 Verbum
2923 1817 2988 1872 “.
3027 1815 3198 1873 Nobis
3235 1817 3454 1888 reliquit

1881 1908 2182 1977 disquirere
2209 1907 2508 1975 cnjusmodi
2547 1907 2675 1963 illud
2696 1918 2813 1969 erat
2842 1906 3096 1964 Verbum.
3131 1909 3341 1966 Rursus
3362 1912 3457 1966 ubi

1881 2000 2035 2075 dixit,
2066 2008 2113 2052 ει
2144 1996 2372 2051 Verbum
2399 2007 2511 2051 erat
2536 1999 2677 2066 apud
2713 1997 2877 2053 Deum
2902 1999 2948 2032 ⁸⁵
2981 2040 2997 2067 ,
3027 2001 3198 2069 potuit
3225 2001 3462 2068 dixisse,

1880 2101 1926 2146 et
1967 2089 2192 2144 Verbum
2237 2088 2335 2144 Dei
2387 2103 2501 2145 erat
2540 2090 2682 2160 apud
2708 2090 2912 2157 Deum;
2941 2092 3056 2155 sed,
3083 2101 3130 2147 et
3173 2092 3337 2161 Deus,
3373 2096 3463 2149 in-

1880 2184 2018 2253 quit,
2044 2194 2156 2236 erat
2185 2180 2409 2236 Verbum
2425 2181 2502 2249 “;
2527 2198 2656 2243 non.
2686 2193 2742 2237 et
2773 2180 2995 2237 Verbum
3023 2183 3115 2237 Dei
3149 2194 3262 2238 erat
3288 2185 3460 2251 Deus,

1880 2286 1947 2325 ne
1990 2287 2086 2326 nos
2143 2272 2578 2327 existimat-emus
2615 2271 2848 2327 Verbum
2883 2273 3009 2327 illud
3044 2264 3161 2339 Dei,
3187 2276 3465 2345 operatio~

1880 2364 1963 2417 nis
1991 2364 2405 2436 signiﬁcativum
2437 2380 2574 2420 esse.
2619 2365 2724 2419 Sed
2763 2365 3080 2431 Marcellus,
3107 2383 3230 2422 cum
3262 2369 3454 2440 opina-

1880 2464 2031 2508 retur
2065 2467 2325 2510 ueternum
2349 2469 2468 2510 esse
2490 2455 2665 2526 ipsum
2696 2456 2789 2510 Dei
2820 2457 3086 2522 .Verbunt,
3118 2460 3222 2515 hoc
3253 2470 3338 2515 est
3364 2460 3455 2515 in-

1878 2546 2141 2615 genitum,
2172 2547 2244 2600 ita
2275 2561 2497 2615 prorsus
2528 2561 2650 2601 eum
2681 2547 2925 2602 deﬁnivit
2955 2567 2969 2605 :
3004 2550 3229 2607 minime
3258 2552 3456 2605 adver-

1880 2645 2021 2701 tens,
2050 2638 2190 2707 quod
2212 2637 2258 2692 si
2298 2637 2529 2693 Verbum
2556 2639 2827 2694 diversum
2858 2640 2986 2710 quid
3028 2655 3057 2694 a
3094 2640 3204 2697 Deo
3232 2649 3456 2708 statuat,

1878 2729 1984 2784 duo
2011 2727 2196 2784 futura
2240 2730 2353 2785 sint
2379 2738 2584 2785 aeterna
2617 2747 2632 2784 :
2668 2730 2770 2785 hoc
2815 2741 2900 2785 est
2933 2731 3074 2786 Deus
3094 2742 3148 2785 et
3175 2732 3407 2788 Verbum
3436 2750 3461 2800 ς

1878 2833 1979 2875 nec
2012 2819 2339 2889 principium
2385 2820 2487 2875 boc
2523 2832 2680 2889 pacto
2709 2830 2981 2877 statuetur
3014 2821 3254 2878 unicum.
3302 2824 3461 2891 Quod

1877 2912 1921 2967 si
1953 2911 2172 2967 unicum
2201 2913 2416 2968 dicatur
2442 2922 2725 2979 aeternum,
2749 2922 2910 2984 atque
2936 2914 3069 2971 illud
3113 2916 3287 2986 ipsum
3317 2915 3455 2971 deﬁ-

1880 3004 1993 3058 niat
2021 3019 2141 3060 esse
2166 3003 2334 3059 Deum
2365 3020 2486 3061 cum
2511 3020 2609 3061 suo
2639 3005 2840 3071 Verbo,
2870 3008 3074 3063 nudum
3110 3022 3337 3078 prorsus
3359 3005 3467 3063 Sa-

1883 3094 2106 3150 bellium
2153 3096 2496 3153 conﬁtebitur
2528 3116 2607 3165 se,
2634 3100 2751 3170 qui,
2779 3109 2838 3154 ut
2872 3100 2958 3153 ille
2988 3100 3141 3168 fecit,
3170 3115 3334 3154 unum
3365 3098 3427 3155 ιη
3454 3134 3461 3141 -

1885 3186 1958 3241 lio
2008 3185 2223 3242 Patrem
2262 3201 2318 3244 et
2368 3190 2588 3246 unicum
2638 3193 2923 3247 conﬁnxit.
2974 3191 3282 3247 Secundum
3327 3205 3464 3262 ergo

1885 3277 2082 3351 ipsum,
2110 3281 2216 3334 erit
2251 3280 2405 3336 Patet
2460 3284 2694 3353 genitus,
2734 3293 2789 3338 et
2827 3298 3022 3353 passus
3052 3300 3067 3337 :
3100 3284 3222 3353 ipse
3254 3291 3459 3339 semet-

1888 3367 1992 3437 ipsi
2025 3369 2330 3425 orationem
2372 3372 2559 3428 fundet
2597 3390 2610 3426 :
2643 3375 2868 3430 missum
2915 3389 2974 3429 se
3015 3374 3273 3429 fatebitur
3305 3389 3336 3428 a
3368 3389 3458 3429 se-

1887 3461 2141 3531 metipso,
2162 3470 2217 3517 et
2238 3462 2432 3518 Filium
2465 3466 2545 3520 sui
2580 3467 2749 3535 ipsius
2777 3488 2789 3523 :
2819 3475 2982 3536 atque
3012 3469 3089 3522 ita
3124 3466 3459 3523 simulatorie

1886 3562 1946 3604 se
1975 3566 2081 3605 non
2112 3567 2322 3633 revera,
2356 3558 2451 3610 sed
2490 3556 2768 3623 mentitus,
2812 3556 3069 3612 fatebitur
3100 3557 3462 3626 unigenitum.

1886 3638 2027 3705 Quid
2049 3642 2153 3698 hoc
2183 3659 2435 3701 sermone
2456 3648 2627 3716 magis
2656 3648 2877 3717 impium
2901 3648 3195 3718 excogitari
3225 3648 3458 3717 poterit?

1883 3728 1992 3784 Nos
2020 3741 2219 3800 autem,
2261 3751 2379 3806 age,
2407 3740 2817 3793 consideremus
2851 3744 2910 3802 »Β
2953 3737 3112 3807 quale
3146 3738 3300 3792 nobis
3323 3736 3463 3792 Ver-

198 3824 329 3879 bum
364 3821 691 3892 evangelista
736 3819 1000 3887 enuntiet,
1025 3819 1114 3873 ubi
1147 3819 1404 3890 loquitur,
1423 3816 1491 3874 In
1514 3816 1785 3890 Qprincipio
1821 3834 1933 3879 erat
1981 3824 2223 3897 Verbum,
2282 3843 2331 3886 et
2376 3830 2603 3888 Verbum
2650 3845 2760 3888 erat
2799 3836 2939 3905 apud
2971 3833 3158 3899 Deum,
3196 3840 3247 3886 et
3312 3831 3457 3891 Due

198 3930 314 3973 erat
358 3916 599 3971 Verbum.

234 4105 527 4176 Ποσαχῶς
554 4104 624 4160 τὸ
663 4104 1213 4187 σημαινόμενοζιέκ
1254 4102 1365 4172 τῆς
1398 4101 1505 4157 τοῦ
1547 4105 1744 4173 Λόγου

752 4192 958 4244 socer-nc
988 4190 1230 4227 νοειται.

283 4263 351 4317 Ἦ
378 4263 475 4335 μὲν
506 4258 600 4316 οὖν
642 4262 735 4316 τὸν
752 4236 918 4331 λόγον
934 4236 1175 4333 δηλοῦσα.
1222 4260 1387 4329 λέξις,
1421 4261 1487 4314 δι’
1533 4236 1774 4333 Ἑλληνι-

195 4355 307 4425 κῆς
350 4354 595 4426 γλώττης
633 4354 1101 4427 προενηνεγμένη,
1144 4353 1454 4424 πολύσημον
1485 4352 1775 4406 ὑποϐάλλει

2485 4018 2637 4075 CAP.
2698 4018 2837 4074 Xlll.

1875 4127 2016 4195 Quot
2044 4132 2212 4185 modis
2239 4130 2589 4202 intelligatur,
2615 4134 2754 4201 quod
2782 4150 2902 4188 voce
2932 4132 3084 4189 Verbi
3106 4134 3455 4215 signiﬁcatur.

1958 4261 2075 4318 Vox
2123 4263 2211 4317 illa
2246 4263 2442 4333 λόγος,
2487 4264 2671 4321 Graeca
2714 4276 2866 4321 certe
2913 4266 3092 4336 lingua
3129 4267 3172 4321 si
3215 4265 3459 4336 profera-

1873 4364 1980 4418 tur,
2016 4355 2219 4408 variam
2260 4371 2290 4409 a
2330 4370 2388 4409 se
2430 4357 2738 4425 suppeditat
2780 4357 3255 4426 signiﬁcationem.
3283 4357 3461 4413 Voca-

193 4448 299 4519 τὴν
318 4445 378 4511 ἐξ
392 4447 561 4517 αὐτῆς
582 4445 834 4517 θεωρίαν.
863 4443 911 4498 α’
929 4445 1068 4516 (55)’
1082 4445 1359 4515 Κὲκληται
1389 4444 1497 4517 γὰρ
1523 4444 1597 4518 [6]
1615 4446 1771 4515 λόγος

1884 4456 1959 4500 tur
1987 4446 2156 4517 logos,
2190 4447 2242 4500 id
2279 4448 2425 4518 quod
2473 4449 2781 4517 disponitur
2834 4451 2887 4505 in
2932 4452 3114 4505 anima
3149 4450 3395 4506 rationali
3434 4467 3456 4504 ε

196 4538 294 4593 καὶ
317 4541 346 4592 6
378 4539 437 4591 ὲν
463 4540 529 4610 τῇ
552 4538 740 4609 λογικῇ
771 4536 916 4609 ψυχῇ
968 4535 1275 4607 καταϐεϐλη
1284 4536 1463 4606 μένος,
1496 4536 1617 4590 καθ’
1636 4536 1695 4590 ὃν
1719 4537 1780 4590 τὸ

193 4628 506 4697 λογίζεσθαι
532 4631 663 4707 ἡμῖν
695 4629 944 4703 πάρεστι.
972 4626 1039 4697 β’.
1058 4629 1166 4681 Καὶ
1182 4628 1334 4697 παρά
1358 4625 1545 4680 τοῦτον
1568 4627 1778 4700 ἔτερος,

192 4720 226 4772 6
276 4720 367 4773 διά
411 4718 657 4793 γλώττης
710 4721 805 4775 καὶ
855 4720 1041 4790 φωνῆς
1083 4719 1347 4792 ἐνάρθρου
1384 4720 1663 4791 σημαίνων
1702 4737 1776 4774 τι.

194 4817 265 4880 γ’.
304 4800 415 4864 Kal.
450 4812 590 4864 κατὰ
617 4813 795 4882 τριτον
826 4812 1048 4884 τρόπον,
1083 4814 1111 4865 6
1143 4811 1232 4865 διὰ
1268 4813 1484 4883 γραφῆς
1517 4810 1596 4882 τῷ
1639 4828 1777 4882 γρα--

194 4905 290 4974 φεῖ
309 4904 754 4975 συντεταγμένος.
783 4904 843 4957 δ’.
870 4905 1009 4975 Ἤδη
1038 4904 1093 4958 δὲ
1119 4903 1274 4974 λόγον
1302 4903 1571 4974 εἰώθαμεν
1597 4903 1781 4957 καλεῖν

192 4993 413 5047 καὶτὸν
440 4996 813 5066 σπερματικὸν
850 4997 883 5068 ἢ
924 4995 1170 5066 φυτικὸν,
1215 4996 1339 5049 καθ’
1369 4995 1427 5050 ὃν
1454 4994 1681 5066 δυνάμει
1712 4995 1781 5049 τὰ

197 5083 427 5156 μηδέπω
470 5084 642 5155 φύντα
670 5087 1014 5141 ὲναπόκειται
1042 5089 1155 5150 τοῖς
1184 5087 1461 5159 σπέρμασι
1496 5087 1778 5159 μέλλοντα,

192 5176 319 5230 ὅσον
348 5174 502 5230 οὔπω
538 5178 638 5249 τῆς
678 5180 958 5250 ἐνεργείας
998 5180 1079 5243 εἰς
1120 5178 1237 5249 φῶς
1282 5179 1549 5251 προϊέναι.
1585 5185 1645 5232 ε’.
1672 5179 1781 5232 Καὶ

196 5266 349 5339 παρὰ
392 5267 565 5323 ταῦτα
626 5270 829 5342 ἑτέρως
879 5269 1134 5324 εἰώθασιν
1164 5268 1449 5341 ὀνομάζειν
1494 5270 1649 5338 λόγον
1685 5270 1777 5323 τὸν

193 5359 613 5430 ἐπιστημονικὸν
657 5360 851 5432 τέχνης
887 5360 1091 5433 τινὸςῆ
1125 5361 1462 5432 ἐπιστήμης,
1510 5359 1604 5414 καὶ
1641 5359 1776 5414 πάν-

270 5499 333 5558 ἧς
369 5495 465 5549 Ed.
506 5494 707 5561 Paris.,
742 5512 861 5568 pag.
905 5495 1027 5553 120.

1877 4540 2017 4594 unde
2063 4541 2328 4612 contingit
2384 4540 2727 4596 ratiocinari.
2761 4541 2856 4595 Est
2899 4550 2954 4596 et
2998 4541 3150 4611 logos
3192 4542 3456 4606 secundo,

1874 4630 2016 4699 quod
2046 4630 2318 4700 signiﬁcat
2358 4628 2587 4698 aliquid,
2614 4644 2710 4700 per
2736 4630 2972 4701 linguam
3011 4639 3066 4685 et
3113 4645 3298 4686 vocem
3327 4632 3455 4685 arti-

1876 4720 2130 4775 culatam.
2150 4719 2358 4784 Tertio,
2387 4721 2530 4789 quod
2575 4721 2895 4788 descripsit,
2921 4729 2976 4775 et
3004 4722 3291 4777 scribendo
3317 4724 3457 4776 scri-

1877 4818 1998 4878 ptor
2022 4809 2295 4879 deposuit.
2324 4808 2570 4865 Solemus
2609 4817 2664 4863 et
2689 4809 2850 4877 logon
2892 4809 3165 4879 appellare
3211 4811 3450 4866 semina-

1875 4902 1978 4956 lem
2002 4910 2056 4955 et
2104 4910 2417 4956 nascentem
2468 4900 2806 4956 facultatem.
2836 4901 3144 4957 Secundum
3175 4917 3335 4973 quem
3367 4903 3452 4958 di-

1876 5002 2071 5049 cuntur
2107 5002 2374 5064 potestate
2416 5007 2561 5059 esse,
2595 4993 2649 5047 in
2677 4993 2982 5049 seminibus
3014 4994 3125 5059 illa,
3161 5007 3283 5065 quae
3315 5009 3454 5049 non-

1876 5085 2002 5140 dum
2025 5093 2183 5140 enata
2228 5094 2378 5151 sunt,
2404 5086 2498 5140 sed
2537 5085 2793 5154 deinceps
2843 5094 2967 5140 actu
3009 5086 3290 5156 proditum
3326 5094 3453 5139 sunt

1876 5178 1932 5232 in
1970 5178 2162 5233 lucem.
2194 5178 2384 5233 Adhuc
2408 5188 2464 5233 et
2493 5177 2600 5233 alio
2623 5177 2807 5242 modo,
2833 5176 3072 5232 solemus
3107 5177 3262 5249 logon
3296 5192 3451 5232 usur-

1878 5284 2031 5337 pare,
2087 5286 2185 5340 pro
2226 5271 2557 5327 iutellectiva
2605 5271 2741 5326 artis
2792 5271 3020 5342 alicujus
3068 5280 3162 5326 aut
3209 5270 3454 5327 scientiae

1881 5360 2160 5426 facultate,
2186 5363 2437 5433 quodque
2459 5364 2704 5420 omnium
2739 5373 2793 5419 et
2828 5363 3163 5433 singulorum
3188 5363 3434 5418 istiusmo

262 5587 313 5620 ⁸⁸
336 5587 468 5643 ibid.
498 5588 554 5644 5.
627 5590 674 5620 ⁸³
700 5589 854 5645 Juan.
884 5605 996 5657 xw,
1030 5591 1115 5645 10.
1188 5589 1234 5624 ’⁵
1256 5589 1410 5646 Joan.
1448 5605 1491 5656 ι,
1523 5591 1573 5645 1.
1646 5589 1694 5622 ’⁸
1720 5589 1772 5643 ib

1920 5587 1968 5620 “
1990 5586 2118 5641 ibid.

277 5724 389 5798 (δι)
412 5723 585 5798 Υηιαο
613 5727 858 5798 πάσχωνν

266 5796 383 5872 (δὲ)
410 5796 575 5866 Vulgo
602 5796 797 5867 γένοιτ’
829 5797 893 5852 ἂν
923 5796 1138 5851 δυσσεϐ.

1936 5727 2047 5795 (53)
2078 5724 2170 5780 Sic
2201 5726 2386 5791 codd.,
2415 5725 2503 5794 qui
2546 5740 2661 5797 out,
2714 5739 2945 5797 sequens
2985 5725 3038 5793 6,
3073 5722 3161 5781 hic
3207 5731 3263 5782 et
3305 5722 3450 5782 infra

1869 5792 2069 5856 addunt
2094 5811 2348 5853 numeros
2378 5792 2579 5852 omisso
2603 5792 2665 5850 δ’.
