3838 6222
393 332 507 395 θῖτ

1047 334 1321 394 EUSEBII
1359 336 1840 394 CESARIENSIS
1877 338 2028 398 OPP.
2067 339 2249 398 PARS
2285 339 2372 396 Ν.
2413 370 2483 380 --
2521 337 2940 396 DOGMATICA.

3543 340 3654 396 928

393 453 448 509 di
482 451 877 507 theorematum
930 454 1440 522 eomprehensivum
1465 467 1571 520 est,
1604 456 1772 514 veluti
1801 458 1970 514 medi-

2080 455 2179 508 τῶν
2219 454 2328 508 τῶν
2365 451 2583 506 τοιῶνδε
2632 451 3003 524 θεωρημάτων
3058 451 3483 522 καταληπτικὸν,
3536 449 3662 507 οἷον·

392 558 550 610 cum,
588 542 1073 598 architectonicum
1093 584 1109 608 ,
1137 545 1543 614 geometricum.

1008 655 1161 710 CAP.
1202 654 1342 710 XIV.
1915 709 1940 722 ..

463 741 710 812 Qualiter
735 749 1042 809 exponenda
1067 747 1134 827 sit
1160 747 1449 827 evaitgeiica
1487 750 1551 801 de
1581 744 1745 801 Verbo
1778 747 1901 801 doc-

1091 826 1268 886 ιινιηιι.

463 924 729 993 Quocirca
762 940 885 980 cum
915 925 1069 995 logos
1094 925 1166 979 ita
1210 925 1574 982 diversimode
1609 928 1964 999 intelligatur,

392 1025 448 1070 et
472 1019 540 1072 ab
569 1017 921 1086 evangelista,
964 1017 1242 1071 iudetinite
1264 1019 1467 1072 dictum
1499 1020 1590 1085 sit,
1622 1018 1690 1074 In
1715 1023 1972 1090 principio

391 1116 507 1161 erat
564 1103 815 1170 Verbum,
858 1115 910 1160 et
951 1104 1182 1161 Verbum
1208 1107 1342 1160 illud
1377 1118 1489 1162 erat
1531 1111 1672 1178 apud
1711 1109 1901 1179 Deum,
1926 1125 1973 1169 et

392 1195 534 1251 Deus
574 1205 689 1250 erat
739 1193 987 1262 Verbum,
1034 1198 1552 1253 animadvertendus
1591 1200 1681 1254 hic
1715 1216 1845 1256 usus
1867 1211 1969 1266 est,

391 1296 447 1340 et
475 1285 876 1354 diguoscendus
913 1289 1064 1342 vocis
1096 1287 1237 1342 illius
1277 1288 1418 1358 logi,
1443 1305 1614 1344 novus
1643 1299 1697 1346 et
1727 1293 1972 1362 peregri-

392 1393 493 1432 nus
510 1392 662 1442 usus,
695 1393 875 1448 quem,
890 1388 1085 1448 praeter
1107 1379 1224 1434 illos
1244 1395 1380 1449 quos
1405 1382 1972 1449 commemoravimus,

388 1470 724 1541 evangelista
759 1470 982 1524 tradidit
1014 1470 1293 1526 indefinite
1335 1473 1559 1542 loquens
1581 1471 1850 1528 Verbum:
1881 1476 1976 1528 ad-

386 1561 580 1631 iiciens
603 1572 783 1617 autem
804 1562 1150 1632 peregrinum
1173 1575 1227 1618 et
1254 1563 1686 1633 inexspectatum
1711 1565 1853 1619 illius
1881 1581 1978 1620 vo-

390 1655 473 1708 cis
501 1668 743 1718 sensum,
773 1654 840 1707 ad
881 1653 986 1706 vim
1020 1662 1076 1708 et
1117 1654 1376 1710 virtutem
1415 1657 1688 1725 propriam
1718 1656 1841 1724 ejus
1871 1658 1974 1738 ad:

390 1753 632 1814 aptatum
661 1745 712 1799 in
743 1759 819 1800 eo
837 1745 978 1814 quod
1003 1743 1252 1808 addit,Et
1284 1746 1424 1800 Deus
1452 1757 1563 1800 erat
1587 1746 1780 1818 Logos.
1811 1743 1982 1815 Quas’

2073 546 2332 618 ἰατρικὸν,
2363 545 2402 616 ﬁ
2431 544 2888 614 ἀρχιτεκτονικὸν,
2925 544 2957 614 ἢ
2993 543 3364 614 γεωμετρικὸν
3389 544 3570 612 λόγον.

2717 656 2871 710 ΚΕΦ.
2906 658 3004 710 1Δ’.

2073 748 2267 815 Ὅπως
2321 747 2437 817 χρὴ
2481 746 2890 817 διερμηνεύειζν
2915 746 3046 817 τὴν
3075 747 3476 816 εὐαγγελικὴν
3518 748 3652 816 περὶ

2458 819 2565 870 τοῦ
2598 819 2793 886 Λόγου
2839 815 3240 870 διδασκαλίαν

2140 931 2424 1002 Διαφόρων
2475 930 2656 984 τοίνυν
2706 929 2923 999 τρόπων
2962 931 3385 1001 παρισταμένων
3439 931 3505 983 ὲκ
3551 932 3662 1001 τῆς·

2071 1021 2165 1076 τοῦ
2191 1021 2350 1090 λόγου
2385 1024 2588 1092 φωνῆς,
2625 1019 2720 1073 τοῦ
2750 1038 2808 1073 τε
2852 1019 3235 1088 εὐαγγελιστοῦ
3265 1020 3546 1084 ἀπολύίτως
3577 1023 3658 1073 ei-

2077 1114 2322 1184 ρηκότος,
2363 1114 2466 1166 Ἐν
2511 1111 2671 1181 ἀρχῇ
2721 1108 2800 1182 ἦν
2833 1115 2866 1165 ό
2897 1112 3107 1181 Λόγος,
3165 1111 3264 1164 καὶ
3289 1115 3322 1165 ό
3345 1113 3533 1182 Λόγος
3572 1109 3657 1180 ἦν

2073 1204 2220 1272 πρὸς
2241 1204 2347 1257 τὸν
2375 1203 2542 1267 Θεὸν,
2573 1204 2671 1257 καί
2702 1203 2848 1269 Θεὸς
2867 1199 2946 1272 ἦν
2973 1205 3006 1256 ὀ
3029 1203 3238 1272 Λόγος,
3273 1204 3536 1273 προσήκει
3559 1203 3658 1256 τὸν

2072 1293 2196 1346 νοῦν
2220 1293 2328 1364 (54)
2348 1295 2714 1364 ἐπιστήσαντα
2738 1292 3096 1363 καταμαθεῖν,
3117 1293 3191 1357 ὡς
3217 1293 3362 1358 ξένον
3385 1312 3441 1346 τι
3463 1297 3657 1365 χρῆμα

2073 1384 2232 1452 λόγου
2262 1383 2412 1454 παρὰ
2442 1383 2510 1438 τὰ
2551 1383 2866 1454 ἐγνωσμένα
2902 1385 3033 1455 ἡμῖν
3073 1385 3101 1436 6
3138 1384 3528 1455 εὑαγγελιστὴς
3562 1385 3659 1436 ἐπὶ

2073 1474 2166 1528 τοῦ
2195 1475 2460 1545 παρόντος
2489 1474 2875 1544 παραδίδωσιν,
2904 1474 3188 1537 ἀπολύτως
3219 1476 3328 1544 μὲνς
3349 1474 3518 1528 εἰπὼν
3543 1475 3656 1528 Λό-

2074 1583 2189 1634 γον,
2239 1566 2495 1636 προσθεὶς
2532 1566 2589 1618 δὲ
2625 1565 2685 1617 τὸ
2724 1563 2871 1630 ξένον
2910 1567 3003 1619 καὶ
3036 1566 3337 1637 παράδοξον
3374 1566 3471 1638 τῆς
3515 1567 3658 1619 ίδια⁴

2077 1657 2272 1729 (etiam;
2296 1657 2443 1729 αὑτῷ
2474 1657 2754 1728 δυνάμεως
2782 1659 2840 1709 ὲν
2873 1657 2949 1728 τῷ
2976 1659 3074 1712 καί
3097 1659 3241 1724 Θεὸς
3263 1655 3342 1728 ἦν
3379 1662 3412 1712 ὀ
3439 1659 3654 1726 Λόγος.

2076 1748 2166 1822 Μὴ
2213 1750 2327 1822 γὰρ
2357 1751 2464 1804 τῶν
2491 1750 2627 1822 πρός
2677 1767 2748 1814 τι,
2779 1751 2947 1821 φησὶ,
2993 1752 3181 1820 νόμιζε
3215 1747 3352 1804 εἶναι
3397 1751 3492 1804 καὶ
3530 1749 3661 1802 τοῦ-

393 1837 602 1892 diceret
639 1851 654 1888 :
688 1834 874 1892 Nolito
901 1836 1237 1904 existimare,
1267 1838 1370 1893 hoc
1397 1838 1537 1893 inter
1579 1855 1673 1894 eas
1692 1855 1812 1894 esse
1845 1856 1968 1908 quae

2080 1858 2174 1906 τον,
2200 1841 2276 1902 ὼς
2299 1842 2389 1895 τὸν
2415 1843 2473 1894 ὲν
2496 1841 2642 1911 ψυχῇ
2670 1839 2846 1908 λόγον,
2876 1843 2910 1912 ἢ
2935 1843 3010 1906 ὡς
3037 1843 3125 1896 τὸν
3157 1843 3245 1896 διὰ
3274 1843 3456 1911 φωνῆς
3490 1843 3661 1894 ἀκου-

388 1937 517 1982 sunt
543 1927 612 1982 ad
649 1927 876 1997 aliquid,
909 1937 966 1982 ut
995 1928 1146 1993 logos
1176 1931 1268 1999 qui
1323 1931 1376 1984 in
1416 1930 1597 1984 anima
1631 1943 1735 1998 est,
1771 1943 1864 1986 aut
1893 1932 1973 1987 le-

390 2033 489 2088 gos
507 2018 598 2088 qui
629 2033 726 2088 per
772 2033 959 2074 vocem
1001 2021 1316 2090 percipitur,
1344 2023 1504 2090 quive
1548 2022 1843 2078 seminibus
1888 2023 1979 2076 in-

391 2121 475 2166 est
519 2113 930 2180 corporalibus,
969 2119 1027 2176 >14
1082 2122 1178 2167 aut
1235 2115 1490 2169 consistit
1535 2116 1588 2168 in
1648 2117 1972 2172 tbeoremasi

392 2204 821 2260 mathematicis.
864 2205 926 2260 Hi
949 2221 1140 2262 omnes
1161 2206 1334 2273 λόγοι,
1356 2222 1478 2262 cum
1507 2208 1616 2262 sint
1647 2208 1713 2262 ad
1738 2208 1936 2276 aliquid
1955 2247 1980 2272 ,.

392 2295 448 2350 in
476 2294 580 2349 alia
617 2307 674 2350 et
717 2296 929 2351 diversa
964 2298 1376 2368 praeexsistente
1421 2298 1724 2354 substantia
1778 2299 1975 2353 intel-i-

392 2395 594 2456 guntur
625 2403 639 2440 :
667 2395 724 2440 at
751 2385 892 2442 Deus
930 2385 1101 2457 logos,
1135 2403 1241 2442 non
1287 2387 1457 2443 altero
1489 2389 1692 2459 indiget
1720 2391 1978 2460 prosemi-

393 2487 571 2533 stente
592 2495 606 2531 :
629 2489 688 2533 ut
714 2479 767 2532 in
809 2479 926 2549 ipso
950 2479 1104 2534 sit'et
1132 2480 1393 2534 subsistat
1426 2497 1440 2532 :
1470 2481 1563 2535 sed
1590 2497 1684 2551 per
1708 2497 1765 2537 se
1789 2483 1975 2538 vivens

392 2579 476 2625 est
495 2578 550 2624 et
565 2569 1066 2632 subsistens,veluti
1083 2571 1173 2641 qui
1191 2571 1330 2625 Deus
1345 2571 1468 2627 situ
1490 2570 1632 2626 Deus
1646 2572 1978 2628 ienimierat

387 2660 588 2730 Λόγος.
605 2679 624 2713 ο
638 2659 779 2716 Cum
805 2675 932 2714 vero
948 2661 1115 2715 Deum
1139 2660 1286 2715 illum
1303 2661 1503 2715 dictum
1527 2661 1739 2728 audias,
1755 2676 1820 2716 ne
1831 2662 1974 2717 acci-

395 2753 513 2823 pias
560 2751 782 2816 dictum,
809 2751 963 2822 quasi
991 2751 1116 2806 sine
1140 2751 1757 2823 principioingenitum,
1783 2769 1976 2822 quem-

395 2841 684 2898 admodum
698 2842 944 2898 Patrem.
964 2843 1120 2899 Disce
1155 2852 1338 2898 autem
1369 2846 1511 2914 quod
1533 2845 1604 2898 ita
1634 2845 1688 2899 in
1709 2845 1980 2916 principio

395 2944 514 2990 erat
547 2933 649 2989 iste
681 2933 1054 3003 Βειιε,Δόγος.
1074 2933 1356 3001 Quodnam
1372 2950 1503 2990 vero
1527 2935 1698 3005 ipsius
1727 2936 1972 2992 intendat

397 3025 744 3095 principium,
794 3024 1107 3081 manifestat
1163 3025 1218 3080 in
1268 3027 1680 3095 sequentibus:
1725 3043 1829 3080 non
1889 3028 1970 3082 in—

397 3117 612 3186 quiens,
646 3115 717 3172 Et
749 3116 986 3172 Verbum
1015 3124 1136 3172 erat
1175 3115 1266 3171 ille
1313 3116 1482 3184 Deus,
1513 3133 1634 3172 cum
1671 3117 1971 3187 adiectione

400 3207 611 3262 articuli
641 3225 654 3261 :
695 3215 752 3262 ut
785 3223 852 3262 ne
881 3206 1033 3261 illum
1057 3220 1198 3272 esse,
1227 3207 1319 3277 qui
1350 3217 1435 3262 est
1461 3222 1622 3276 super
1648 3209 1850 3274 omnia,
1878 3210 1971 3265 de-

399 3297 806 3354 ﬂniret.Verum
838 3313 905 3353 ne
932 3297 1088 3361 dixit,
1117 3295 1192 3352 1η
1210 3297 1344 3362 Deo,
1368 3312 1434 3352 ne
1457 3297 1525 3352 ad
1557 3299 1846 3353 humanam
1879 3299 1980 3353 de-

395 3392 550 3460 jiclat
576 3407 697 3447 eum
733 3390 1179 3454 similitudinem;
1207 3391 1321 3452 sed.
1355 3400 1412 3444 et
1442 3389 1685 3456 Verbum,
1721 3393 1819 3456 ait,
1858 3401 1971 3444 erat

401 3483 545 3552 apud
580 3481 767 3538 Deum.
797 3481 930 3536 Nam
975 3482 1020 3537 si
1069 3483 1408 3560 protulisset,
1449 3481 1514 3536 Et
1563 3481 1797 3538 Verbum
1845 3481 1974 3536 illud

401 3582 541 3641 erat,
573 3575 629 3629 in
660 3573 792 3641 Deo,
825 3574 989 3629 veluti
1012 3574 1282 3644 quoddam
1316 3574 1568 3630 accidens
1619 3574 1672 3628 in
1709 3575 1980 3644 subjecto,

403 3677 498 3729 aut
523 3678 778 3739 tanquam
798 3667 940 3722 aliud
971 3668 1022 3722 in
1046 3667 1173 3734 alio,
1191 3668 1545 3736 compositum
1575 3668 1642 3722 ita
1665 3667 1829 3722 Deum
1850 3669 1977 3723 sub-

405 3757 669 3812 stituisset
701 3757 1054 3812 substernens
1079 3759 1226 3812 illum
1272 3759 1432 3812 veluti
1462 3759 1820 3814 substantiam
1859 3759 1977 3814 sine

407 3847 570 3921 λόγῳ,
618 3857 674 3904 et
713 3849 868 3918 logon
905 3850 1222 3904 substantia:
1273 3851 1424 3904 velut
1472 3851 1742 3905 accidens.
1775 3849 1829 3904 in
1870 3865 1975 3918 qua

406 3941 660 4011 opinione
690 3954 812 3994 cum
842 3939 1125 3996 Marcellus
1154 3950 1319 4005 esset,
1347 3941 1561 3996 Patrem
1587 3952 1748 4011 atque
1778 3940 1974 3995 Filium

410 4031 464 4085 in
491 4029 632 4083 idem
648 4029 814 4099 cogit,
829 4030 1185 4084 substantiam
1205 4029 1493 4099 appellans
1521 4028 1762 4094 Patrem,
1779 4027 1976 4082 Filium

408 4135 538 4176 vero
567 4120 622 4174 in
654 4121 769 4190 ipso
814 4120 1162 4176 exsistentem
1183 4163 1199 4188 ,
1232 4121 1504 4176 accidens.
1558 4121 1635 4175 Ita
1690 4119 1852 4174 Deum
1883 4118 1977 4188 qui

408 4212 744 4268 concesserit
781 4212 898 4267 sine
933 4211 1096 4284 λόγῳ,
1127 4212 1291 4282 impio
1337 4227 1397 4266 se
1447 4220 1610 4282 atque
1663 4211 1977 4278 blasphemo

409 4304 646 4372 dogmati
681 4303 997 4373 implicabit,
1028 4319 1150 4359 cum
1181 4304 1426 4358 admittat
1456 4303 1545 4358 ille
1570 4304 1734 4358 Deum
1761 4302 1976 4371 ἄλογον,

411 4403 595 4464 utpote
617 4394 708 4464 qui
755 4394 912 4464 λόγον
951 4395 1003 4450 in
1033 4412 1092 4450 se
1133 4395 1328 4450 habeat
1369 4404 1622 4464 tanquam
1669 4394 1922 4449 accidens
1958 4411 1972 4448 :

2071 1935 2285 2004 όμενον,
2415 1934 2492 1998 ὡς
2543 1935 2634 1989 τὸν
2676 1936 2734 1988 ὲν
2786 1937 3116 2005 σωματικοῖς
3155 1933 3286 1989 ὄντα
3320 1933 3657 2004 σπέρμασιν,

2071 2025 2114 2096 ἦ
2145 2027 2221 2088 ὡς
2260 2025 2351 2079 τὸν
2403 2028 2460 2078 ὲν
2513 2026 2916 2096 μαθηματικοῖς
2965 2025 3250 2096 ὑφεστῶτα
3281 2025 3657 2095 θεωρήμασιν.

2073 2111 2227 2170 Οὗτοι
2257 2116 2365 2188 γὰρ
2398 2117 2616 2180 πάντες,
2638 2116 2747 2169 τῶν
2769 2117 2904 2188 πρός
2929 2135 2981 2168 τι
3000 2116 3170 2180 ὄντες,
3205 2119 3262 2169 ὲν
3293 2114 3455 2186 ἑτέρᾳ
3481 2119 3659 2185 προῦ-

2073 2206 2367 2276 ποκειμένῃ
2430 2205 2673 2258 νοοῦνται
2740 2205 2914 2278 οὑσίᾳ’
2972 2207 3000 2258 6
3053 2204 3110 2257 δὲ
3157 2203 3290 2267 Θεὸς
3329 2204 3501 2272 Λόγος
3555 2205 3660 2273 οὐχ

2072 2297 2259 2368 ἑτέρου
2292 2297 2458 2350 δεῖται
2485 2297 2579 2350 τοῦ
2613 2297 3103 2368 προῦποκειμένου,
3136 2296 3202 2348 ἵν’
3237 2298 3294 2349 ὲν
3321 2295 3470 2364 αὑτῷ
3501 2296 3660 2364 γενό-

2075 2405 2232 2458 μενος
2281 2389 2390 2460 (55)
2431 2391 2634 2460 ὑποστῇ
2661 2406 2674 2418 ·
2726 2387 2846 2441 καθ’
2876 2387 3067 2440 ἑαυτὸν
3137 2385 3194 2439 δέ
3253 2389 3370 2439 ἐστι
3399 2386 3528 2451 ζῶν,
3560 2386 3662 2441 καὶ

2072 2480 2338 2551 ὑφεστὼς,
2368 2482 2464 2535 ἅτε
2479 2481 2611 2545 Θεὸς
2631 2480 2725 2534 ὢν·
2756 2479 2946 2543 «Θεὸς»
2977 2479 3084 2550 γὰρ
3111 2476 3251 2550 ιῆνό
3269 2479 3460 2548 Λόγοςο
3477 2499 3495 2529 ι
3521 2479 3663 2532 Θεὸν

2070 2573 2128 2628 δὲ
2161 2573 2322 2628 αὑτὸν
2353 2571 2584 2634 ἀκούων,
2622 2571 2779 2640 φησὶ,
2815 2569 2890 2642 μὴ
2932 2569 3165 2643 ἄναρχον
3205 2570 3302 2623 καὶ
3335 2569 3659 2640 ἀγέννητον,

2069 2666 2269 2738 ὁμοίως
2315 2663 2391 2735 τῷ
2434 2662 2599 2716 αὑτοῦ
2640 2650 2812 2733 Πατρί
2847 2661 2942 2715 καὶ
2981 2661 3144 2714 αὑτὸν
3181 2656 3321 2712 εἶναι
3355 2660 3670 2732 ὑπολάϐῃς,

2074 2758 2310 2830 μάνθανε
2357 2757 2434 2820 δὲ,
2479 2757 2560 2809 ὅτι
2608 2757 2666 2809 ὲν
2716 2756 2857 2826 ἀρχῇ
2905 2751 2974 2826 ἦν
3024 2746 3179 2817 οὗτος
3227 2756 3256 2807 6
3303 2753 3435 2817 Θεὸς
3459 2753 3658 2820 Λόγος.

2071 2852 2204 2920 Τίνα
2234 2850 2277 2903 δ’
2308 2848 2471 2902 αὑτοῦ
2507 2848 2604 2918 τὴν
2635 2847 2808 2918 ἀρχὴν
2847 2845 3167 2914 ὑφίσταται,
3203 2844 3457 2912 διασαφεῖ
3504 2845 3672 2914 ὲξῆςμ

2069 2943 2172 2997 οὑκ
2221 2940 2411 3002 εἰπὼν.
2449 2941 2559 2993 Καὶ
2587 2941 2615 2992 6
2649 2939 2819 3007 Λόγος
2862 2933 2929 3008 ἦν
2975 2939 3003 2990 6
3030 2937 3180 2999 Θεὸς,
3227 2936 3365 3006 μετὰ
3408 2936 3510 3005 τῆς
3562 2935 3672 2990 τοῦ.

2069 3033 2270 3104 ἄρθρου
2314 3031 2615 3102 προθήκης,
2654 3029 2738 3082 ἵνα
2775 3028 2848 3099 μὴ
2884 3027 3042 3080 αὑτὸν
3089 3022 3225 3078 εἶναι
3249 3025 3342 3078 τὸν
3388 3026 3481 3078 ἐπὶ
3525 3027 3663 3080 πάν-

2070 3136 2177 3171 των
2223 3119 2503 3189 ὁρίσηται,
2553 3115 2666 3169 ἀλλ’
2700 3117 2828 3180 οὐδ’,
2891 3117 2948 3167 έν
2984 3114 3063 3185 τῷ
3091 3114 3230 3184 Θεῷ,
3278 3115 3365 3169 ἵνα
3407 3113 3482 3186 μὴ
3554 3133 3658 3170 κα-

2070 3208 2290 3281 ταϐάλῃ,
2320 3209 2412 3260 ἐπὶ
2451 3207 2549 3278 τὴν
2600 3205 2948 3277 ἀνθρωπίνην
3004 3205 3317 3275 ὁμοιότητα·
3365 3205 3661 3260 (initiati

2072 3302 2105 3353 ό
2139 3301 2326 3368 Λόγος
2359 3295 2436 3368 ἦν
2459 3297 2609 3366 πρὸς
2640 3296 2745 3350 τὸν
2779 3295 2948 3362 Θεὸν,
2991 3316 3010 3348 ι
3039 3296 3164 3366 ἔφη.
3201 3298 3264 3350 El
3286 3297 3394 3368 γὰρ
3423 3299 3662 3370 εἰρήκει,

2073 3390 2182 3443 Καὶ
2245 3391 2272 3442 6
2306 3390 2474 3458 Λόγος
2529 3384 2596 3459 ἦν
2640 3391 2697 3442 ὲν
2741 3387 2817 3459 τῷ
2859 3387 3016 3459 Θεῷ,
3062 3389 3137 3452 ὡς
3187 3391 3244 3441 ὲν
3312 3389 3666 3460 ὑποκειμένῳ

2075 3481 2440 3553 συμϐεϐηκὸς,
2472 3482 2564 3535 καὶ
2592 3481 2666 3545 ὡς
2693 3482 2877 3552 ἕτερον
2919 3483 2974 3533 ὲν
3017 3482 3187 3552 ἑτέρῳ
3225 3481 3380 3546 δοὺς,
3406 3481 3661 3534 σύνθετον

2073 3575 2264 3646 ὥσπερ
2296 3577 2480 3646 εἰσῆγε
2522 3573 2611 3626 τὸν
2645 3574 2776 3626 Θεὸν
2808 3574 2996 3626 οὐσίαν
3039 3573 3201 3626 αὑτὸν
3266 3573 3658 3643 ὑποτιθέμενος

2071 3667 2194 3736 δίχα
2226 3667 2404 3735 λόγου,
2431 3665 2772 3737 συμϐεϐηκὸς
2797 3664 2852 3716 δὲ
2882 3667 2947 3736 τῇ
2971 3665 3127 3735 οὐσίᾳ
3157 3664 3249 3718 τὸν
3271 3663 3448 3732 λόγον.
3485 3665 3662 3734 Ὅπερ

2074 3759 2276 3831 οἰηθεὶς
2309 3758 2622 3830 Μάρκελλος
2652 3757 2743 3810 τὸν
2775 3756 2993 3823 Πατέρα
3026 3757 3120 3808 καὶ
3160 3755 3252 3808 τὸν
3280 3755 3409 3808 Υἱὸν
3458 3755 3551 3807 ἐπὶ
3601 3753 3662 3807 τὸ

2075 3851 2207 3904 αὑτὸ
2242 3851 2479 3918 συνάγει,
2505 3850 2604 3920 τὴν
2627 3847 2736 3919 (56)
2774 3848 2870 3918 μὲν
2889 3847 3077 3900 οὐσίαν
3096 3846 3275 3899 καλῶν
3304 3847 3397 3898 τὸν
3415 3845 3660 3915 Πατέρα,

2074 3943 2165 3996 τὸν
2196 3944 2241 3996 δ’
2273 3945 2330 3996 ὲν
2363 3940 2511 4012 αὑτῷ
2541 3941 2732 4009 Λόγον,
2767 3940 2858 3992 τὸν
2889 3939 3046 3994 Υἱόν’
3076 3939 3136 3992 οὑ
3179 3939 3552 4008 λογισόμενος,
3587 3938 3664 4000 ὡς

2076 4037 2104 4088 6
2161 4034 2318 4088 τοῦτο
2362 4033 2559 4096 διδοὺς,
2615 4032 2705 4084 τὸν
2755 4030 2886 4084 Θεὸν
2927 4033 3056 4086 ἄνευ
3101 4030 3260 4100 λόγου
3304 4029 3662 4098 ὑποθέμενος,

2077 4128 2221 4198 ἀθέῳ
2243 4127 2337 4180 καὶ
2368 4124 2619 4178 δυσσεϐεῖ
2648 4121 2937 4194 περιπέσοι
2966 4123 3030 4174 ἃν
3059 4121 3285 4191 δόγματι
3308 4121 3441 4174 Θεὸν
3471 4118 3665 4184 ἄλογον

2078 4219 2532 4292 παραδεχόμενος,
2563 4217 2756 4287 ἔχοντα
2797 4216 2894 4286 μὲν
2931 4214 3088 4281 λόγον
3129 4213 3204 4276 ὡς
3240 4213 3350 4282 (57)
3386 4210 3671 4282 συμϐεϐη-

2076 4313 2208 4368 κότα
2239 4314 2295 4364 ὲν
2326 4308 2493 4379 αὑτῷ,
2527 4310 2588 4362 οὑ
2637 4307 2740 4378 μὴν
2787 4307 2947 4360 αὑτὸν
2985 4305 3112 4358 ὄντα
3152 4304 3329 4372 λόγον’
3358 4303 3498 4367 δέον,
3528 4304 3588 4355 ἒν
3615 4319 3670 4355 τι.

2079 4405 2240 4467 θεῖον,
2270 4401 2525 4474 ἄρῤητον,
2555 4398 2781 4468 ἀγαθὸν,
2825 4395 3049 4460 ἁπλοῦν,
3094 4394 3406 4458 ἀσύνθετον,
3457 4411 3670 4464 μονοει-

409 4502 516 4542 non
557 4498 734 4543 autem
773 4491 845 4545 sit
873 4490 986 4558 ipse
1033 4489 1208 4558 λόγος.
1244 4490 1397 4557 λουηι
1431 4489 1656 4544 omnino
1701 4486 1974 4542 fatendum

2080 4497 2183 4560 δὲς,
2233 4494 2292 4548 τὸ
2343 4492 2598 4545 ἐπέκεινα
2640 4490 2749 4543 τῶν
2795 4489 2932 4542 ὅλων
3001 4487 3302 4558 ὁμολογεῖν,
3356 4486 3473 4556 (38)
3504 4486 3672 4540 αὑτό-
3735 4483 3750 4506 ¹

411 4577 482 4632 sit
531 4577 789 4642 divinum,
809 4579 1152 4643 inetiahilem,
1174 4580 1392 4642 bonum,
1423 4578 1741 4646 simplicem,
1771 4578 1976 4632 incom-

414 4669 669 4738 positum,
685 4671 1025 4734 unil'ormem,
1045 4687 1206 4739 supra
1225 4671 1409 4726 omnia
1434 4685 1557 4726 esse
1583 4671 1756 4740 ipsum
1777 4671 1939 4726 Deum
1960 4688 1975 4725 :

415 4759 612 4828 ipsum,
646 4761 887 4830 inquam,
907 4762 1214 4830 αὐτόλογον,
1233 4761 1578 4832 αὑτοσοφίαν,
1600 4760 1980 4831 αὑτοφὼς,αὐ-

415 4855 643 4925 τοζωὴν,
673 4855 996 4921 αὑτόκαλον,
1026 4855 1394 4926 αὑτοὰγαθον,
1429 4864 1524 4909 aut
1564 4854 1608 4909 si
1654 4855 1783 4924 quid
1829 4855 1977 4911 hisce

417 4947 726 5003 nominibus
769 4949 944 5017 majus
982 4956 1038 5002 et
1075 4947 1418 5018 praestantius
1450 4945 1744 5017 excogitari
1791 4956 1976 5018 queat.

415 5039 526 5092 lmo
548 5053 680 5096 vero
706 5039 885 5109 potius
911 5039 1053 5109 quod
1093 5039 1319 5092 excedat
1348 5046 1584 5092 mentem
1625 5053 1864 5106 omnem,
1896 5054 1982 5093 su-

418 5143 572 5202 peret
617 5147 833 5190 onmem
865 5131 1246 5204 cogitationem
1284 5139 1340 5186 et
1385 5129 1820 5201 disquisitionem
1857 5131 1978 5187 ani-

497 5316 558 5376 >14
595 5311 693 5366 Ed.
723 5309 896 5366 Paris.
920 5324 1042 5378 pag.
1071 5308 1190 5364 121.

496 5467 604 5542 (δέ)
639 5466 811 5542 Ϊυίεο
840 5469 1254 5542 καταστήσαντα
1283 5475 1338 5523 et
1364 5482 1485 5542 mo;
1507 5471 1674 5542 εἰπὼν
1688 5470 1874 5542 λόγος.

497 5535 610 5608 (55)
645 5537 813 5612 Vulgo
841 5535 1079 5612 ὑπόστῃζ
1102 5536 1241 5605 Mox,
1267 5543 1382 5596 loco
1405 5539 1566 5605 αὑτός
1618 5542 1670 5598 iu
1701 5535 1846 5602 corr,
1889 5557 1979 5612 γρ.

430 5600 606 5671 οὗτος,
635 5617 690 5661 et
729 5600 799 5662 ita
826 5607 982 5663 codd.
1025 5600 1051 5609 ”
1228 5600 1260 5662 ⁷.

642 5676 945 5752 _V_ulg9.p.év
977 5677 1372 5752 opstavaald'iv
1403 5680 1520 5752 μέν.

501 5743 612 5816 (37)
641 5743 860 5816 Μρῖῖσζ
883 5746 1264 5820 συμϐεϐηκότι.

2080 4585 2220 4649 θεον,
2283 4581 2569 4646 αὑτονοῦν,
2614 4580 2936 4649 αὑτολόγον,
2980 4578 3339 4646 αὑτοσοφίαν,
3390 4576 3674 4645 αὑτόφως,

2079 4675 2379 4745 αὑτοζωὴν,
2421 4672 2738 4734 αὑτόκαλον,
2772 4670 3110 4740 αὐτοαγαθον
3138 4668 3288 4732 ὄντα,
3331 4668 3427 4720 καὶ
3460 4668 3674 4721 τούτων

2083 4767 2190 4841 ('59)
2225 4769 2253 4821 6
2279 4785 2330 4820 τι
2360 4767 2425 4820 ἄν
2465 4783 2549 4829 τις
2577 4767 2822 4836 κρεῖττον
2854 4764 3180 4833 ἐπινοήσειε,
3216 4759 3424 4830 μᾶλλον
3451 4760 3497 4813 δ’
3529 4761 3674 4830 ὑπὲρ

2083 4861 2260 4914 πάντα
2309 4857 2453 4923 νοῦν,
2500 4857 2592 4910 καὶ
2645 4856 2824 4926 πάσης
2876 4855 3130 4907 ἐπέκεινα
3183 4852 3420 4915 διανοίας
3464 4869 3526 4904 τε
3579 4853 3676 4906 καὶ

2084 4951 2452 5024 ἐνθυμήσεως.
2509 4948 2613 5002 Τὸν
2655 4948 2710 5000 δὲ
2747 4947 2937 5000 τούτου
2980 4945 3242 5016 μονογενῆ
3275 4945 3425 5010 Υίὸν,
3475 4945 3556 5007 ὡς
3608 4945 3674 4998 ἂν

2085 5043 2268 5097 εἰκόνα
2310 5041 2407 5096 τοῦ
2438 5040 2671 5112 Πατρὸς,
2713 5038 2776 5105 ἐξ
2813 5037 2978 5093 αὑτοῦ
3025 5037 3220 5107 φύντα,
3267 5039 3444 5110 πάντη
3482 5056 3546 5092 τε
3582 5043 3676 5094 καὶ

2087 5134 2227 5190 κατὰ
2251 5133 2427 5188 πάντα
2451 5133 2766 5206 ὑμοιοτάτον
2794 5131 2922 5186 ὂντα
2944 5129 3022 5202 τῷ
3048 5130 3423 5202 γεγεννηκότι,
3455 5133 3556 5186 κα)⁸
3580 5135 3675 5187 αὖ.

2160 5467 2272 5531 (58)
2300 5467 2496 5538 Αὐτὸζ
2516 5462 2649 5523 οὖν.
2667 5465 2830 5538 Forte
2858 5465 2991 5520 αὐτὸ
3017 5467 3096 5521 6v.
3126 5465 3196 5520 Μ.
3217 5495 3288 5505 —-
3309 5466 3486 5538 Vulgo
3511 5464 3666 5520 αὐτὸν

2091 5538 2213 5592 θεὸν
2244 5539 2405 5592 αὐτὸν
2437 5533 2530 5591 οὖν
2557 5553 2701 5592 corr.
2749 5535 2816 5592 Β.

2163 5608 2273 5680 (59)
2298 5610 2419 5662 Ὅτι
2466 5607 2543 5680 ἄν
2582 5624 2690 5680 τις.
2734 5609 2892 5665 Forte
2924 5608 2978 5662 εἴ
3011 5626 3061 5662 τι
3093 5607 3158 5662 ἄν
3200 5623 3305 5670 τις.
3338 5604 3412 5663 Μ.
3447 5636 3516 5646 -
3546 5606 3661 5661 Mox

2089 5678 2261 5750 vulgo
2277 5678 2520 5750 ἁμουντὰ
2548 5679 2665 5749 τήν.
