3838 6222
198 245 308 310 929

1145 241 1237 302 DE
1269 241 1808 305 ECCLESIASTICA
1843 242 2235 306 T-HEUL'OGIA
2281 248 2408 306 LIB.
2449 248 2515 308 Π.

3358 263 3467 324 930

196 362 293 414 τὸν
325 357 479 423 Θεὸν,
513 355 609 412 καὶ
631 353 774 425 νοῦν,
805 358 900 414 καὶ
930 356 1111 430 λόγον,
1138 362 1233 415 καὶ
1258 361 1472 430 σοφίαν,
1496 358 1591 414 καὶ
1615 360 1749 432 ζωὴν

1858 361 1980 418 .mi.
1997 359 2165 430 Hujus
2207 373 2388 419 autem
2419 363 2615 418 Filium
2670 363 3026 438 unigenitum,
3076 371 3243 429 veluti
3289 374 3468 436 Patris

196 453 296 506 καὶ
328 452 444 522 φῶς
493 447 652 518 εῖναι,
695 447 860 508 αὑτοῦ
904 471 964 509 τε
1008 451 1102 507 τοῦ
1144 453 1310 508 καλοῦ
1339 453 1434 507 καὶ
1466 451 1673 522 ἀγαθοῦ
1704 454 1786 506 εί-

195 543 362 594 κόνα·
399 541 500 595 οὑκ
526 541 688 596 αὐτὸν
713 541 843 598 ὄντα
867 542 959 597 τὸν
991 542 1230 614 Πατέρα,
1264 543 1400 597 ἀλλά
1431 544 1523 596 τὸν
1553 542 1646 596 τοῦ
1669 543 1783 596 Πα-

194 630 330 703 τρὸς
365 634 625 704 μονογενῆ
659 633 788 686 Υίόν
813 651 828 664 ·
861 633 967 688 οὐδ’
987 633 1148 687 αὐτὸν
1189 634 1322 687 ’ὅντα
1356 632 1448 687 τὸν
1491 633 1786 702 ἀγέννητον

191 723 293 792 κα).
325 723 580 795 ἄναρχον,
626 724 762 779 ἀλλά
808 726 899 779 τὸν
943 726 1002 793 ἐξ
1052 726 1218 780 αὐτοῦ
1262 726 1436 796 φύντα
1477 727 1576 780 καὶ
1610 727 1785 798 ἀρχὴν

192 816 642 887 ἐπιγραφόμενον
671 817 762 870 τὸν
788 819 1173 888 γεγεννηκότα.
1204 819 1265 872 El
1289 817 1364 883 δὲ,
1395 818 1602 881 τούτοις
1635 820 1785 871 ἀντι-

189 905 375 973 λέγων
398 907 717 978 Μάρκελλος
746 909 940 969 ταύτὸν
968 905 1108 962 εἶναι
1139 908 1251 980 (40)
1283 909 1482 979 φάσκοι
1511 910 1603 963 τὸν
1628 909 1784 974 Θεὸν,

193 997 292 1051 καὶ
337 999 430 1052 τὸν
469 999 527 1052 ἐν
570 999 718 1070 αὑτῷ
760 1001 935 1071 Λόγον
971 1002 1258 1055 ἀσύνθετον
1299 1004 1394 1056 καὶ
1444 1002 1650 1056 ἁπλοῦν
1694 1002 1785 1056 τὸν

177 1083 332 1165 Θεὸν
376 1089 709 1162 ὁριζόμενος,
741 1091 862 1164 ὥρα
893 1092 1007 1162 (41)
1051 1093 1188 1164 μήτε
1219 1093 1439 1165 Πατέρα
1482 1093 1622 1164 μήτε
1653 1092 1784 1145 Υίὸν

191 1179 476 1251 ὁμολογεῖν
520 1183 702 1247 αὑτὸν,
748 1182 1006 1255 ἄντικρυς
1045 1184 1101 1237 δὲ
1133 1184 1225 1238 τὸν
1258 1184 1510 1238 Ἰουδαῖον
1544 1182 1784 1255 προϐάλ-

183 1267 412 1334 λεσθαι,
442 1271 476 1340 ἦ
508 1271 600 1325 τὸν
639 1273 925 1326 Σαόέλλιον
966 1275 1206 1343 εἰσάγειν
1231 1314 1246 1339 ,
1275 1275 1495 1346 Πατέρα
1526 1274 1622 1327 καὶ
1654 1271 1782 1326 Υίὸν

188 1363 283 1417 τὸν
317 1364 480 1418 αὑτὸν
509 1363 647 1419 εἶναι
685 1365 996 1436 φάσκοντα·
1032 1367 1174 1421 ὥστε
1217 1369 1337 1421 κατ’
1361 1367 1521 1421 αὑτὸν
1561 1367 1644 1430 τὸ,
1687 1367 1782 1418 Ἑν

186 1450 348 1525 ἀρχῇ
363 1452 442 1526 ἦν
465 1458 498 1510 ό
511 1457 721 1526 Λόγος,
743 1457 856 1511 ἴσον
882 1454 1020 1513 εἶναι
1045 1458 1144 1530 τῷ,
1164 1460 1261 1512 Ἐν
1278 1457 1434 1529 ἀρχῇ
1458 1459 1538 1528 ἦν
1560 1461 1593 1512 ό
1615 1457 1778 1523 Θεός,

186 1547 283 1599 καὶ
307 1540 370 1600 τὸ
392 1587 406 1608 ,
442 1547 542 1600 καὶ
582 1551 615 1601 δ
646 1551 839 1618 Λόγος
869 1545 950 1620 ἦν
977 1549 1127 1618 πρὸς
1152 1551 1260 1604 τὸν
1288 1549 1458 1615 Θεὸν,
1495 1551 1608 1603 ίσον
1638 1543 1778 1601 εἶναι

1892 453 2208 524 imaginem,
2258 470 2326 511 ex
2360 454 2480 524 ipso
2527 465 2727 522 ortum,
2792 461 3014 516 omnino
3055 471 3110 519 et
3144 480 3241 534 per
3281 472 3464 526 omnia

1890 559 2048 613 quam
2073 544 2414 600 simillimum
2445 547 2674 616 genitori
2699 563 2816 616 suo,
2850 561 2906 606 et
2945 553 3118 622 ipsum
3152 559 3296 625 quod
3344 574 3465 615 cre-

1889 635 1980 690 dat
2011 634 2201 700 Deum,
2222 645 2279 690 et
2328 651 2586 704 mentem,
2611 647 2667 693 et
2702 639 2881 709 λόγον,
2916 652 2971 698 et
3001 646 3322 714 sapientiam
3348 687 3366 716 ,
3405 661 3462 704 et

1888 727 2076 790 vitam,
2109 735 2163 780 et
2189 727 2384 793 lucem,
2412 727 2556 785 illius
2593 729 2800 800 pulchri
2838 733 3132 806 imaginem
3167 749 3329 808 atque
3362 741 3462 796 bo-

1888 819 1941 873 ni
1981 836 1996 872 :
2030 834 2137 873 non
2165 827 2346 874 tamen
2379 820 2671 890 ipsummet
2700 823 3141 892 genitorem,sed
3173 829 3351 886 Patris
3373 835 3456 887 sui

1886 906 2082 961 Filium
2113 909 2479 977 unigenitum,"
2495 923 2601 964 non
2633 912 2808 980 ipsum
2835 914 3052 982 quidem
3093 918 3458 987 unigenitum,

1886 1006 1942 1050 et
1966 998 2422 1066 imprincipiatum
2458 1016 2472 1051 :
2507 999 2604 1052 sed
2649 1013 2716 1053 ex
2743 999 2833 1053 illo
2868 1011 3071 1069 ortum,
3096 1004 3177 1058 sic
3209 1014 3267 1058 ut
3309 1007 3460 1075 prin-

1883 1086 2032 1155 pium
2079 1087 2162 1140 sui
2215 1087 2454 1142 ascribat
2494 1087 2664 1142 Patri.
2713 1089 2866 1157 Quod
2906 1093 2952 1148 si
2995 1093 3144 1148 hisce
3179 1099 3456 1152 contradi-

1884 1177 2054 1231 cendo
2080 1175 2392 1240 Marcellus,
2426 1179 2564 1232 idem
2596 1192 2718 1234 esse
2758 1195 2855 1248 per
2883 1183 3063 1238 omnia
3088 1185 3287 1241 dixerit
3309 1188 3456 1244 illum

1884 1266 2076 1332 Deum,
2108 1277 2162 1323 et
2189 1269 2316 1322 illud
2351 1275 2410 1332 »Β
2442 1269 2493 1323 in
2535 1284 2600 1325 eo
2643 1273 2884 1348 Verbum!
2917 1275 3081 1330 Deum
3129 1278 3457 1350 incomposi-

1828 1383 1832 1385 >
1887 1367 1998 1413 tum
2031 1359 2298 1414 deﬁniens
2337 1369 2501 1430 atque
2544 1361 2844 1432 simplicem
2879 1383 2895 1431 ;
2928 1365 3110 1420 videat
3133 1365 3217 1424 ‘ne
3251 1371 3336 1424 vel
3363 1371 3458 1426 Pa-

1884 1459 2022 1505 trem
2047 1451 2131 1506 vel
2153 1451 2350 1507 Filium
2385 1465 2507 1506 eum
2531 1467 2788 1524 agnoscat
2818 1472 2833 1510 :
2861 1459 2954 1513 sed
2979 1457 3218 1514 Judzeum
3249 1476 3308 1516 se
3330 1477 3458 1531 pro-

1881 1544 1994 1610 dat,
2029 1552 2121 1597 aut
2153 1559 2276 1599 cum
2315 1544 2554 1601 Sabellio
2579 1547 2793 1603 inducat
2823 1550 3036 1605 Patrem
3061 1555 3308 1608 eumdem
3339 1555 3458 1625 pla-

184 1635 285 1706 τῷ,
317 1637 415 1690 καὶ
448 1641 481 1692 ό
521 1638 666 1706 Θεὸς
696 1636 776 1711 ἦν
807 1641 956 1710 πρὸς
999 1641 1107 1696 τὸν
1145 1641 1312 1707 Θεὸν,
1357 1642 1561 1712 ὁμοίως
1597 1641 1654 1694 δὲ
1683 1657 1749 1694 κα

1881 1648 1950 1687 ne
1987 1643 2148 1701 atque
2201 1633 2418 1688 Filium.
2481 1634 2550 1691 Ut
2600 1646 2730 1704 puta
2773 1652 2895 1692 cum
2943 1640 3084 1694 idem
3130 1653 3283 1697 sonet
3311 1645 3454 1714 apud

177 1727 244 1780 ’τὸ
275 1728 455 1798 τρίτον
488 1729 683 1783 ταῦτὸν
732 1724 871 1785 εἶναι
902 1732 1002 1804 τῷ,
1026 1734 1124 1788 καί
1155 1733 1298 1800 Θεὸς
1333 1729 1414 1805 ἦν
1453 1737 1486 1788 ό
1525 1733 1689 1800 Θεὸς,
1733 1732 1749 1787 ξ

1872 1723 2040 1788 illum,
2069 1722 2135 1776 In
2152 1725 2409 1794 principio
2447 1733 2559 1779 erat
2607 1725 2833 1780 Verbum
2861 1768 2877 1794 ,
2910 1745 2974 1784 ac
3009 1731 3173 1796 illud,
3205 1731 3268 1785 In
3309 1736 3456 1802 prin-

181 1818 297 1889 (42)
331 1819 395 1890 δὴ
436 1821 569 1893 πρὸς
595 1821 673 1894 τῷ
705 1824 1066 1897 ἀσυναρτήτῳ
1095 1826 1188 1879 καὶ
1219 1824 1652 1898 παραλογώτατα
1681 1825 1764 1898 εἴη

178 1914 270 1968 ἄν.
307 1913 432 1977 Πῶς
462 1914 643 1973 δέκα).
667 1915 727 1969 τὸ
754 1917 951 1971 πάντα
983 1918 1058 1971 δι’
1093 1918 1280 1973 αὐτοῦ
1307 1919 1544 1988 ἐγένετο
1581 1917 1764 1990 χώραν

172 2005 312 2071 ἔξει,
361 2005 479 2069 ἑνὸς
531 2005 684 2071 ὄντος
739 2007 835 2061 τοῦ
896 2009 1292 2080 ὑποκειμένους
1343 2009 1418 2062 Ού
1456 2007 1565 2079 γὰρ
1625 2027 1643 2059 ι
1673 2006 1765 2060 ὑπ’

164 2096 346 2150 αὑτοῦ
379 2117 398 2149 ι
433 2098 620 2169 φησὶν,
651 2098 760 2151 οὐδ’
791 2117 809 2150 t
830 2098 889 2164 ἐξ
920 2098 1082 2154 αὐτοῦ
1107 2119 1127 2150 ι
1170 2098 1238 2153 τὰ
1284 2099 1459 2152 πάντα
1507 2098 1766 2168 γεγεννῆ-

177 2188 326 2254 σθαι,
363 2189 500 2243 ἀλλὰ
551 2208 571 2241 ‹
593 2191 660 2243 δι’
691 2189 876 2244 αὑτοῦ.
901 2210 918 2242 ι
975 2191 1039 2244 Ἡ
1078 2191 1135 2244 δὲ
1178 2211 1196 2243 t
1222 2191 1309 2245 διὰ
1331 2211 1350 2243 ι
1400 2191 1655 2261 πρόθεσις
1705 2191 1766 2244 τὸ

177 2280 514 2352 ὑπηρετικὸν
537 2283 790 2353 σημαίνει
807 2301 819 2313 ·
835 2282 909 2347 ὡς
927 2285 953 2336 ὁ
968 2283 1128 2346 αὑτὸς
1156 2282 1546 2354 εὐαγγελιστὴς
1561 2281 1764 2354 προῖὼν

175 2370 310 2442 ἑξῆς
355 2374 648 2444 παρίστησι
728 2373 937 2442 λέγων,
981 2373 1013 2426 ὁ
1078 2374 1265 2442 νόμος
1311 2371 1410 2426 διὰ
1468 2371 1765 2439 Μωῢσέως

170 2462 374 2531 ἐδόθη,
414 2465 448 2531 ἠ
475 2464 647 2534 χάρις
682 2465 781 2518 καὶ
815 2467 853 2533 ἡ
886 2464 1136 2532 ἀλήθεια
1165 2464 1238 2518 δι’
1280 2463 1475 2532 Ἰησοῦ
1502 2464 1762 2532 Χριστοῦ

167 2554 431 2623 ἐγένετο·
465 2555 539 2620 ὡς
570 2557 682 2628 γάρ
716 2557 744 2608 ὁ
775 2557 958 2628 νόμος,
994 2558 1094 2611 οὑκ
1139 2557 1214 2611 ὢν
1257 2556 1616 2629 ἀνθρώπινος,
1652 2537 1762 2610 οὐδ’

171 2647 288 2716 (43)
333 2642 398 2701 αὖ
441 2647 538 2700 τοῦ
569 2649 848 2712 Μωῠσέως
893 2649 1175 2721 ὑπάρχων,
1205 2648 1321 2703 ἀλλ’
1358 2651 1424 2704 ἐκ
1470 2648 1565 2703 τοῦ
1601 2648 1758 2714 Θεοῦ,

167 2741 412 2794 Μωῡσέα
438 2741 679 2795 διάκονον
711 2743 803 2796 καὶ
847 2742 1124 2814 ὑπηρέτην
1162 2741 1508 2813 ἐπεγράψατο
1551 2742 1649 2814 τῆς
1681 2743 1760 2806 εἰς

167 2831 488 2904 ἀνθρώπους
512 2832 798 2897 ἐκδόσεως,
834 2835 926 2886 καὶ
955 2833 1043 2887 διά
1068 2833 1226 2888 τοῦτο
1253 2837 1486 2907 εἴρηται,
1519 2839 1552 2890 ό
1577 2838 1761 2905 νόμος

151 2921 267 2977 -διᾶ
297 2923 595 2991 Μωῦσέως
634 2924 834 2993 ἐδόθη,
869 2925 1011 2980 οὕτω
1048 2929 1142 2980 καὶ
1181 2928 1214 3000 ἡ
1257 2928 1416 2999 χάρις
1469 2928 1535 2982 δι’
1581 2927 1757 3000 Ἰησοῦ

1863 1815 2004 1882 cipio
2025 1825 2135 1868 erat
2156 1815 2317 1869 Deus.
2341 1816 2406 1870 Et
2443 1816 2592 1881 illud,
2623 1815 2688 1870 Et
2717 1815 2937 1872 Verbum
2957 1832 3072 1875 erat
3096 1824 3236 1891 apud
3259 1823 3450 1891 Deum,

1868 1907 2186 1976 aequivaleat
2232 1908 2328 1975 illi,
2361 1899 2430 1962 Et
2471 1908 2612 1964 Deus
2653 1922 2764 1965 erat
2802 1913 2942 1981 apud
2987 1914 3178 1968 Deum.
3215 1915 3282 1970 Et
3315 1918 3446 1974 illud

1871 2001 2086 2055 tertium
2121 2015 2226 2055 non
2257 2000 2328 2055 sit
2352 2001 2494 2056 aliud
2519 2017 2703 2072 quam,
2732 2003 2798 2057 Et
2821 2004 2959 2059 Deus
2989 2016 3101 2059 erat
3132 2007 3297 2064 Deus.
3317 2009 3449 2076 Quae

1867 2102 2128 2163 praeterea
2165 2094 2310 2162 quod
2359 2094 2670 2149 cohaereant
2717 2097 2916 2160 minus,
2946 2097 3017 2151 ab
3045 2100 3192 2153 omni
3233 2101 3449 2156 ratione

1867 2193 1991 2238 sunt
2021 2183 2371 2238 alienissima.
2421 2183 2556 2239 Nam
2585 2202 2817 2255 quonam
2852 2197 3009 2256 pacto
3039 2187 3213 2242 locum
3245 2190 3449 2245 habere

1866 2278 2068 2346 poterit
2097 2277 2246 2342 illud,
2276 2277 2472 2332 Omnia
2501 2295 2592 2347 per
2617 2279 2789 2348 ipsum
2819 2279 2961 2348 facta
3002 2289 3144 2349 sunt,
3180 2297 3300 2335 cum
3329 2283 3448 2337 uui-

1865 2369 2473 2439 cumsitsuppositum?
2503 2379 2557 2425 et
2590 2369 2872 2440 Scriptura
2928 2372 3140 2440 doceat,
3176 2388 3281 2428 non
3323 2392 3344 2426 ι
3376 2375 3444 2430 ab

1865 2458 1982 2513 illo»
2016 2459 2212 2513 nedum
2236 2477 2254 2510 ‹
2279 2475 2345 2516 ex
2366 2461 2513 2524 illo,»
2555 2463 2648 2516 sed
2685 2477 2811 2530 «per
2841 2461 3020 2516 illum:
3057 2464 3236 2518 omnia
3279 2463 3447 2521 fuisse

1864 2548 2033 2603 facta?
2057 2533 2121 2602 Et
2165 2549 2252 2603 illa
2284 2552 2699 2622 praepositiOper
2730 2551 3032 2607 ministrale
3063 2553 3193 2622 quid
3229 2555 3442 2624 signiti-

1862 2651 1969 2707 cet,
2008 2643 2457 2712 quemadmodum
2499 2645 2555 2699 in
2607 2645 2966 2714 sequentibus
3021 2647 3178 2702 docet
3211 2663 3444 2720 evange-

1861 2733 2008 2797 lista,
2049 2735 2317 2804 inquiens,
2349 2733 2458 2789 Lex
2479 2752 2571 2798 per
2614 2734 2846 2806 Moysem
2868 2737 2997 2791 data
3026 2747 3101 2791 est
3133 2751 3153 2790 .'
3193 2742 3366 2809 gratia
3389 2749 3439 2794 et

1861 2825 2047 2879 veritas
2079 2841 2174 2892 per
2198 2824 2378 2878 Iesum
2401 2823 2669 2878 Christum
2699 2824 2844 2894 facta
2872 2835 2949 2880 est
2979 2826 3045 2880 ⁸⁷.
3077 2827 3439 2893 Quemadmo-

1861 2916 1988 2970 dum
2019 2917 2161 2970 enim
2192 2914 2300 2984 lex,
2347 2930 2453 2970 non
2504 2916 2591 2968 illa
2625 2915 2902 2970 hominum
2935 2916 3019 2971 vel
3062 2917 3261 2988 Moysis
3289 2919 3438 2975 exsi-

165 3015 404 3088 Χριστοῦ
430 3017 665 3085 ἐγένετο,
696 3016 790 3070 τοῦ
818 3018 1030 3090 Πατρὸς
1062 3018 1229 3091 αὐτὴν
1272 3019 1360 3073 διὰ
1390 3019 1484 3072 τοῦ
1517 3020 1749 3092 Χριστοῦ

1860 3016 2029 3073 stens,
2050 3009 2145 3062 sed
2173 3006 2290 3070 Dei,
2317 3007 2403 3062 cui
2439 3007 2686 3061 minister
2705 3016 2759 3062 et
2786 3022 2975 3062 servus
2993 3007 3438 3066 subministrabat

152 3113 669 3183 κατεργασαμένου.
686 3113 962 3178 Ὡσαύτως
985 3109 1078 3168 οὖν
1108 3114 1320 3188 εἴρηται
1343 3115 1531 3182 καὶτὸ,
1551 3116 1749 3172 Πάντα

1858 3099 2092 3171 Moyses,
2123 3109 2182 3154 ut
2229 3098 2319 3153 illa
2361 3098 2428 3153 ad
2461 3099 2706 3154 homines
2749 3100 3184 3169 promulgaretur
3222 3118 3236 3155 :
3272 3111 3438 3171 atque

159 3199 238 3253 δι’
271 3201 459 3255 αὐτοῦ
490 3203 761 3271 ἐγένετοο
821 3203 932 3275 (44)
976 3205 1168 3278 ’ἑτέρου
1223 3207 1320 3277 μὲν
1365 3209 1748 3279 πεποιηκότος,

153 3289 329 3344 ἀὐτοῦ
379 3291 437 3344 δὲ
483 3290 946 3364 διακονησαμένου
973 3311 985 3322 ·
1040 3293 1172 3347 ὥσθ’
1210 3294 1396 3368 ἕτερον
1435 3295 1617 3368 ζητεῖν
1658 3298 1751 3352 τὸν

152 3384 397 3456 ’ποιητὴν
429 3385 537 3440 τῶν
595 3386 752 3452 ὅλων,
803 3388 893 3441 τὸν
934 3387 1023 3441 διὰ
1068 3387 1160 3441 τοῦ
1215 3388 1632 3460 θεολογουμένου
1680 3390 1750 3444 τὰ

159 3476 344 3530 πάντα
376 3478 842 3549 ὑποστησάμενον.
901 3480 1012 3533 Καὶ
1059 3479 1142 3542 τίς
1191 3479 1258 3535 ἂν
1298 3482 1506 3550 γένοιτο
1551 3475 1745 3550 οὗτος;

172 3569 314 3622 Ἀλλ’
344 3571 444 3624 οὐκ
487 3570 552 3624 ἂν
582 3571 692 3642 ἔχοι
721 3574 913 3625 εἰπεῖν.
945 3567 1046 3625 1Ὠν
1075 3572 1246 3638 οὕτως
1274 3574 1527 3644 ἐχόντων,
1559 3575 1748 3646 ὁμολο-

156 3663 275 3728 γεῖν
316 3661 527 3733 ἀνάγκη
585 3662 677 3716 τὸν
724 3662 1138 3734 θεολογούμενον
1184 3663 1288 3717 ὑπὸ
1320 3664 1414 3717 τοῦ
1459 3665 1745 3734 εὐαγγελι-

159 3751 288 3804 στοῦ
334 3753 408 3823 μὴ
448 3753 538 3805 τὸν
575 3754 668 3806 ἐπὶ
694 3754 911 3809 πάντων
941 3752 1080 3809 εἶναι
1111 3755 1276 3821 Θεὸν,
1315 3757 1436 3828 μηδ’
1465 3758 1624 3811 αὑτὸν
1653 3758 1744 3812 τὸν

155 3842 398 3914 Πατέρα,
432 3843 523 3898 τὸν
567 3843 624 3897 δὲ
654 3844 843 3898 τούτου
888 3850 1148 3918 μονογενῆ
1178 3847 1306 3900 Υξὸν
1327 3888 1341 3912 ,
1375 3849 1435 3901 οὖ
1465 3849 1742 3922 συμόεϐη-

152 3933 289 3986 γότα
313 3933 390 4003 τῷ
406 3933 599 4006 Πατρὶ,
626 3935 757 4002 οὐδ’,
773 3935 848 4000 ὼς
872 3937 928 3989 ὲν
953 3937 1316 4009 ὑποκειμένῳ,
1341 3940 1398 3992 ὲν
1420 3939 1568 4010 αὐτῷ
1589 3940 1739 4005 ὄντα,

146 4024 276 4100 οὑδὲ
326 4023 384 4076 ἓν
429 4025 523 4078 καὶ
569 4025 764 4078 ταύτὸν
803 4025 881 4096 τῷ
927 4025 1044 4098 Θεῷ
1088 4027 1235 4093 ὄντα,
1280 4027 1408 4082 Υίὸν
1454 4029 1498 4081 δ’
1527 4029 1743 4100 ἀληθῶς

147 4095 304 4180 ὅντα,
341 4113 516 4179 ζῶντα
573 4119 666 4170 καὶ
713 4095 1102 4186 ὑφεστῶτανὲν
1155 4120 1296 4192 ἀρχῇ
1343 4138 1402 4173 τε
1441 4119 1590 4184 ὄντα,
1620 4095 1741 4174 ’καὶ

151 4208 292 4280 πρὸς
312 4209 402 4260 τὸν
427 4207 558 4260 Θεὸν
589 4208 736 4271 ὄντα,
786 4210 880 4263 καὶ
905 4210 1036 4263 Θεὸν
1070 4210 1218 4276 ὅντα,
1269 4210 1336 4263 δι’
1367 4204 1428 4264 οὗ
1461 4215 1528 4266 τὰ
1562 4213 1740 4267 πάντα.

149 4299 494 4370 δημιουργεῖ.
536 4301 624 4362 Ὠς
667 4299 842 4370 ὀρθῶς
869 4300 978 4371 (45)
1010 4300 1074 4355 ἄν
1111 4318 1230 4354 τινα
1264 4301 1355 4354 ἐπὶ
1385 4303 1446 4356 τὸ
1481 4302 1741 4372 σαφέστε-

1856 3191 1977 3246 ideo
1995 3193 2194 3246 dictum
2213 3200 2317 3255 est,
2331 3189 2442 3244 Lea:
2464 3206 2559 3260 per
2585 3187 2819 3260 Moysem
2845 3192 2971 3244 data
2988 3193 3110 3260 fuit.
3128 3191 3204 3246 lta
3221 3206 3438 3262 quoque

1852 3293 1908 3339 et
1947 3283 2120 3354 gratia
2152 3284 2277 3337 data
2323 3293 2426 3349 est,
2467 3282 2610 3351 quod
2658 3296 2757 3352 per
2800 3282 3077 3339 Christum
3111 3284 3272 3340 Pater
3312 3301 3434 3340 eam

1852 3384 2130 3444 operatur.
2174 3375 2352 3444 Atque
2385 3375 2452 3428 ad
2500 3374 2662 3428 istum
2698 3375 2917 3428 modum
2971 3375 3206 3441 dicitur,
3240 3374 3435 3431 Omnia

1851 3483 1944 3536 per
1977 3467 2128 3520 illum
2158 3466 2305 3536 facta
2328 3476 2446 3519 sunt
2476 3480 2497 3519 :
2523 3472 2708 3532 utpote
2733 3464 2802 3519 ab
2838 3465 3009 3519 altero
3043 3466 3432 3534 producta,cui

1853 3559 2009 3613 alteri
2044 3567 2367 3627 operaturus
2409 3557 2495 3611 hic
2545 3555 2924 3610 subministrat
2957 3570 2973 3609 :
3004 3567 3063 3610 ut
3109 3558 3432 3626 quaerendus

1849 3652 1922 3706 sit
1950 3665 1978 3703 a
2009 3650 2165 3704 nobis
2193 3657 2406 3704 creator
2437 3648 2573 3702 alius
2602 3648 2980 3702 universorum
3003 3689 3018 3712 ,
3048 3649 3140 3717 qui
3176 3649 3375 3702 dicitur
3397 3665 3430 3704 a

1850 3736 2099 3804 theologo
2123 3749 2341 3790 creasse
2382 3735 2587 3790 omnia.
2620 3735 2892 3794 ls'autem,
2908 3737 3094 3804 ecquis
3128 3735 3268 3791 alius
3303 3753 3428 3793 esse

1845 3825 2102 3896 poterat?
2128 3835 2277 3880 certe
2309 3825 2482 3880 nemo
2525 3825 2745 3880 dixerit.
2773 3825 2904 3892 Quae
2929 3839 3050 3880 cum
3075 3826 3148 3881 ita
3179 3828 3308 3894 sint,
3337 3828 3425 3883 ia-

1844 3919 1946 3973 teri
1973 3935 2073 3974 nos
2123 3927 2340 3988 oportet
2377 3932 2500 3972 eum
2540 3919 2631 3989 qui
2663 3918 2731 3973 ab
2759 3917 3088 3988 evangelista
3119 3919 3424 3986 deiﬁcatur.

1845 4027 1954 4066 non
1989 4026 2108 4066 esse
2135 4010 2305 4065 Deum
2352 4009 2498 4064 illum
2539 4025 2699 4080 super
2731 4009 2938 4077 omnia,
2973 4024 3148 4080 neque
3183 4011 3423 4078 Patrem,

1844 4102 1937 4157 sed
1974 4101 2118 4156 illius
2149 4099 2346 4155 Filium
2393 4100 2730 4170 unigenitum
2763 4117 2780 4157 :
2813 4116 2920 4155 non
2950 4115 3072 4156 cum
3103 4101 3262 4158 Patre
3297 4104 3417 4174 pari

1842 4208 2001 4266 passu
2034 4193 2398 4248 ambulantem
2431 4209 2444 4246 :
2477 4206 2575 4247 nec
2599 4199 2852 4263 tanquam
2883 4193 2938 4247 in
2970 4193 3250 4262 supposito
3275 4196 3420 4248 exsi-

1841 4295 2070 4342 stentem
2097 4283 2292 4338 unico:
2325 4298 2430 4338 non
2464 4298 2628 4338 unum
2653 4293 2814 4354 atque
2841 4284 3092 4339 eumdem
3125 4300 3250 4341 cum
3280 4286 3412 4350 De'o,

154 4409 246 4465 ρον
258 4392 629 4464 μεταλαϐόντα
649 4395 812 4462 φάναι
829 4394 947 4446 ἀντὶ
972 4392 1087 4458 τοῦ,
1105 4395 1200 4446 Ἐν
1211 4392 1368 4464 ἀρχῇ
1383 4391 1462 4466 ἦν
1477 4398 1510 4449 ό
1525 4398 1734 4465 Λόγος,

1858 4377 1937 4433 sed
1976 4375 2168 4430 Filium
2221 4388 2348 4430 vere
2380 4375 2753 4440 exsistentem,
2785 4376 2968 4430 vivum
2999 4375 3412 4433 subsistentem:

147 4464 210 4538 τὸ
258 4503 276 4536 t
303 4487 361 4538 ὲν
392 4487 531 4556 ἀρχῇ
568 4481 635 4556 ἦν
661 4489 688 4539 ὸ
713 4486 861 4550 Υἱὸς,
885 4506 902 4537 ι
937 4487 1031 4539 καὶ
1060 4486 1178 4539 ἀντὶ
1204 4486 1296 4540 τοῦ
1319 4528 1333 4552 ,
1359 4464 1457 4541 καὶ
1481 4487 1512 4540 ὁ
1535 4464 1726 4558 Λόγος

1858 4488 1878 4525 rt
1913 4465 2175 4540 principio
2220 4465 2312 4536 qui
2340 4474 2458 4520 erat
2488 4482 2501 4518 :
2536 4474 2590 4521 et
2629 4466 2768 4532 apud
2814 4464 2979 4519 Deum
3009 4475 3146 4530 erat,
3173 4475 3227 4521 et
3273 4466 3414 4521 Deus

145 4572 226 4645 ἦν
253 4576 406 4644 πρὸς
458 4579 564 4632 τὸν
586 4577 752 4641 Θεὸν,
787 4577 870 4644 τὸ,
925 4596 942 4628 t
973 4578 1066 4631 καὶ
1100 4581 1128 4632 ό
1169 4578 1298 4642 Υἱὸς
1344 4574 1411 4651 ἦν
1455 4581 1591 4651 πρὸς
1635 4579 1727 4633 τὸν

145 4669 406 4740 Πατέρα,
432 4688 449 4719 ι
497 4670 592 4723 καὶ
644 4670 766 4722 ἀντὶ
811 4667 905 4723 τοῦ
933 4707 946 4733 ,
1012 4670 1110 4722 καὶ
1134 4669 1276 4736 Θεὸς
1305 4666 1383 4741 ἦν
1427 4673 1461 4725 ό
1509 4673 1723 4742 Λόγος,

143 4762 224 4824 τὸ,
289 4761 424 4814 «καὶ
470 4761 602 4824 Θεὸς
657 4755 722 4832 ἧν
770 4764 798 4815 ό
844 4762 988 4824 Υἱός.
1017 4781 1035 4811 ι
1090 4760 1249 4815 Οῦτω
1295 4763 1339 4814 δ’
1372 4761 1436 4816 ἂν
1465 4764 1724 4835 ἁρμόσειε

143 4856 238 4906 καὶ
305 4853 367 4905 τὸ
426 4853 554 4924 ἑξῆς
624 4854 960 4925 ἐπαγόμενον
989 4871 1002 4885 °
1063 4854 1257 4908 πάντα
1317 4855 1427 4924 γὰρ
1481 4855 1555 4908 δι’
1612 4859 1721 4910 αὺ-

140 4947 271 5008 τοῦ,
303 4945 541 5016 ἐγένετο
578 4947 676 5000 καὶ
721 4947 900 5016 χωρὶς
940 4948 1124 5002 αὑτοῦ
1168 4947 1402 5018 ἐγένετο
1449 4947 1592 5002 οὐδὲ
1629 4949 1718 5003 ἓν.

139 5036 381 5101 Εἰκότως
406 5037 689 5108 τοιγαροῦν
716 5040 743 5090 ὁ
763 5039 901 5101 θεῖος
933 5039 1322 5110 εὐαγγελιστὴς
1353 5039 1462 5110 (46)
1495 5041 1552 5093 ἐν
1575 5041 1717 5113 ἀρχῇ

137 5129 305 5180 αὐτὸν
351 5128 474 5200 ἔφη,
509 5128 630 5192 δοὺς
659 5128 805 5198 αύτῷ
833 5129 1007 5200 ἀρχὴν
1028 5169 1042 5192 ,
1075 5129 1230 5201 δῆλον
1257 5130 1313 5183 δὲ
1349 5131 1430 5184 ὅτι
1469 5131 1568 5203 τὴν
1592 5132 1719 5201 γέν-

110 5314 119 5330 .
217 5246 278 5304 >14
313 5239 410 5296 Ed.
440 5239 638 5305 Paris.,
669 5257 788 5310 pag.
828 5240 950 5295 ΙΞΞ.

106 5339 110 5356 ‘
210 5335 257 5366 ⁹⁷
278 5331 434 5387 Jnau.
475 5334 627 5397 1,17.

234 5425 326 5492 40)
353 5423 519 5494 Vulgo
555 5426 787 5494 φάσκον.

358 5495 413 5566 ρει
437 5510 585 5566 corr.
620 5497 741 5564 ὅρα.

208 5563 325 5636 (⁸2)
358 5563 524 5636 Ῡιιιεο
559 5566 636 5622 δέ.

236 5633 328 5702 45)
354 5635 520 5702 Vulgo
547 5635 710 5688 αὑτοῦ
741 5633 855 5688 τοῦ.

231 5705 322 5776 44)
353 5703 588 5774 Ἑτέρου
603 5705 719 5775 μὲν
748 5711 1159 5779 πεποιηκότος.
1187 5707 1544 5764 tlireclissime
1569 5709 1709 5764 aria-

1825 4569 1945 4615 erat
1979 4577 1993 4612 :
2021 4571 2116 4626 per
2138 4569 2298 4622 quem
2327 4555 2514 4609 condit
2547 4554 2819 4608 universa.
2841 4553 2912 4608 Ut
2939 4552 3142 4608 clarius
3169 4563 3415 4624 transpo-

1823 4651 1930 4706 sita
1985 4649 2101 4704 ham
2129 4643 2374 4717 proferre
2419 4646 2540 4714 quis
2581 4644 2773 4715 possit,
2796 4646 2916 4712 :pro
2959 4644 3074 4709 illo,
3107 4642 3176 4698 In
3212 4647 3412 4714 princi-

1820 4764 1907 4830 pio
1933 4772 2046 4816 erat
2094 4759 2341 4822 Verbum,
2366 4776 2386 4810 ι
2423 4757 2478 4812 ln
2519 4757 2783 4827 principio
2816 4766 2936 4813 erat
2963 4756 3201 4822 Filius,»
3226 4767 3281 4813 et
3310 4775 3408 4828 pro

1832 4854 1956 4919 illo,
2007 4851 2076 4906 Et
2124 4851 2350 4906 Verbum
2401 4861 2512 4903 erat
2545 4849 2686 4918 apud
2719 4849 2912 4916 Deum,
2949 4867 2968 4902 ι
3003 4858 3056 4904 et
3095 4850 3262 4905 Filius
3291 4861 3408 4905 erat

1833 4944 1972 5013 apud
2011 4942 2223 4996 Patrem
2245 4981 2260 5005 ,
2301 4959 2319 4992 ι
2356 4949 2410 4995 et
2445 4955 2542 5010 pro
2573 4939 2682 5004 illo,
2718 4936 2784 4990 Et
2816 4938 2956 4993 Deus
2982 4949 3092 4992 erat
3143 4937 3402 5004 Verbum,

1833 5053 1851 5085 ι
1883 5043 1938 5089 et
1988 5033 2128 5088 Deus
2179 5041 2299 5087 erat
2328 5031 2516 5086 Filius.
2543 5050 2562 5084 ι
2587 5030 2664 5086 lta
2711 5031 2856 5086 enim
2890 5044 3130 5100 congrue
3169 5033 3406 5086 cohaere-

1828 5127 1909 5182 bit
1961 5127 2104 5197 quod
2167 5127 2416 5198 adjicitur
2468 5127 2522 5180 in
2581 5123 2929 5195 sequentibus
2969 5121 3206 5177 :Omnia
3265 5124 3402 5178 enim

1818 5425 2119 5491 nizat,cum
2145 5421 2338 5478 Filium
2372 5418 2741 5491 tantummodo
2771 5417 3018 5491 διάκονον
3042 5417 3094 5491 in
3118 5416 3400 5491 creatione

1817 5487 2081 5578 supponat
2115 5511 2136 5578 ,ι
2165 5491 2470 5578 ut’bloyseit
2504 5491 2558 5543 in
2594 5489 2726 5556 legis
2755 5489 3206 5559 promulgatione.
3243 5487 3314 5541 Μ.

1887 5562 2004 5635 (4⁵5)
2032 5562 2196 5631 Vulgo
2223 5562 2439 5614 ἀκτῖνα.

1887 5637 1999 5707 (46)
2053 5628 2641 5707 Ἑνς-ἀρχῇωαὺτοῇ,
2709 5627 2845 5697 ἔφη.
2921 5623 3158 5707 Legem].
3234 5624 3395 5680 αὑτὸν

1816 5697 1952 5760 εἶναι
1977 5697 2100 5774 ἔφη.
2135 5697 2587 5773 Μξὲέίϐοτῐυχὶ
2615 5700 2786 5755 locum
2820 5713 2884 5753 ex
2917 5697 3072 5752 codd.
