3838 6222
480 273 559 330 -93
569 274 589 327 ι

1155 268 1422 326 EUSEBII
1457 265 1938 326 CESA‘BIENSIS
1973 264 2124 324 OPP.
2161 264 2343 321 PARS
2381 261 2472 322 IV.
2512 297 2582 310 -ο
2620 263 3045 323 DOGMATICA.

3620 264 3737 322 932

476 410 578 461 per
618 391 765 444 illum
807 393 950 459 facta
1011 400 1156 451 sunt,
1196 400 1245 443 et
1290 392 1401 445 sine
1442 390 1533 444 illo
1564 392 1764 459 [actum
1793 400 1869 445 est
1892 389 2045 447 nihil.

2150 406 2305 461 νησιν
2333 388 2430 459 τὴν
2458 388 2569 459 (47)
2603 389 2667 441 ὲκ
2696 386 2790 441 τοῦ
2821 389 3032 462 Πατρός
3051 405 3064 419 ·
3106 388 3213 440 πᾶν
3242 385 3350 458 γὰρ
3393 386 3453 440 τὸ
3495 386 3560 439 ἐκ
3590 405 3737 451 τινος

489 490 549 547 >3
583 483 849 551 Quocirca
902 490 1046 536 recte
1083 482 1235 536 illum
1283 482 1626 551 Evangelista
1675 482 1728 537 in
1782 482 2050 550 principio

478 576 676 641 fuisse,
707 574 1025 647 principium
1069 574 1142 628 illi
1172 574 1497 641 concedens,
1545 575 1653 629 hoc
1706 583 1790 630 est
1822 589 2050 644 genera-

486 667 686 722 tionem
731 666 797 720 de
835 666 995 722 Patre
1034 680 1050 720 :
1101 681 1225 721 nam
1250 667 1620 736 quodcunque
1652 666 1720 720 de
1778 680 2049 735 quoquam

476 760 838 829 progignitur,
898 758 1196 828 genitorem
1245 758 1328 813 sui
1382 758 1707 827 principium
1759 757 1945 812 habet.
1980 757 2050 811 At

478 867 592 905 non
639 850 865 919 perinde
914 851 988 904 ita
1040 850 1244 914 intulit,
1303 849 1371 904 Et
1419 851 1629 904 verbum
1678 850 1811 903 illud
1852 860 1962 904 erat
1995 851 2049 904 in

480 941 621 1003 Deo,
655 941 773 1005 sed,
811 950 860 993 et
911 937 1132 993 Verbum
1167 950 1277 993 erat
1304 940 1446 1007 apud
1476 938 1665 1003 Deum,
1696 939 1769 993 ita
1801 940 2001 995 docens
2030 957 2045 993 :

485 1046 679 1100 nempe
707 1031 943 1101 genitum
965 1031 1238 1099 quemvis,
1267 1038 1322 1084 et
1349 1029 1568 1085 Patrem
1597 1044 1755 1084 suum
1782 1032 1865 1085 sui
1898 1031 2049 1098 prin-

480 1124 683 1191 cipium
716 1122 1024 1186 habentem,
1057 1137 1163 1176 non
1205 1121 1360 1190 longe
1386 1136 1415 1175 a
1440 1136 1539 1175 suo
1570 1121 1732 1175 Patre
1757 1132 2049 1185 semotum,

477 1230 593 1271 non
613 1215 913 1284 seiunctum
946 1214 1102 1284 longe
1138 1214 1326 1269 abillo
1362 1215 1692 1279 recessisse;
1737 1216 1830 1269 sed
1861 1216 2050 1270 adesse

485 1303 559 1357 illi
582 1311 777 1357 etcum
803 1302 897 1356 illo
929 1316 1073 1357 esse.
1114 1302 1267 1368 Quod
1306 1311 1362 1357 et
1395 1304 1573 1371 ipsum
1609 1304 1794 1358 docuit
1828 1306 1878 1358 in
1917 1304 2050 1360 Pro-

480 1395 708 1461 verbiis,
751 1395 869 1459 ubi,
915 1403 974 1449 ut
1019 1394 1168 1461 prius
1202 1393 1494 1464 allegatum
1541 1403 1646 1459 est,
1687 1396 1871 1450 dixit:
1914 1396 2050 1450 Ante

476 1503 661 1541 omnes
697 1485 853 1540 colles
896 1486 1058 1555 gignit
1106 1501 1187 1539 me
1234 1486 1301 1538 ⁸⁸.
1347 1486 1444 1540 Cui
1486 1488 1565 1541 sic
1594 1488 1861 1556 adjunxit,
1917 1488 2049 1543 Cum

481 1581 743 1635 hominem
768 1587 1066 1647 appararet,
1082 1588 1269 1645 praesto
1297 1578 1378 1632 illi
1404 1579 1618 1633 aderam
1643 1580 1710 1635 ’⁸.
1753 1581 1934 1650 Atque
1974 1583 2046 1635 ita

483 1673 699 1741 quidem
753 1669 1002 1735 Verbum,
1057 1669 1160 1723 hoc
1198 1679 1286 1724 est
1325 1671 1630 1739 unigenitns
1688 1670 1880 1736 Filius,
1933 1681 2050 1727 erat

492 1765 632 1833 apud
663 1776 819 1816 suum
857 1759 1069 1816 Patrem
1113 1760 1299 1826 Deum,
1336 1776 1597 1831 praesens,
1637 1772 1839 1825 astans,
1905 1764 2047 1817 assi-

486 1864 637 1909 stens
669 1868 884 1922 semper
920 1862 975 1906 et
1009 1854 1227 1922 ubique,
1252 1854 1394 1922 quod
1428 1853 1643 1922 quidem
1672 1854 1931 1919 insinuat,
1964 1855 2044 1909 ita

480 1946 753 2017 inquiens,
800 1945 868 1999 Et
906 1942 1132 2000 Verbum
1159 1956 1271 1999 erat
1302 1945 1444 2013 apud
1474 1943 1664 2001 Deum.
1704 1945 2049 2018 Quandoqui-

484 2039 605 2091 dem
630 2050 761 2091 vero
790 2044 1114 2106 congruerat
1152 2035 1472 2106 intelligere,
1516 2036 1732 2106 qualem
1787 2048 1915 2093 tunc
1952 2038 2048 2094 ob—

486 2128 690 2180 tinebat
737 2125 1079 2195 dignitatem,
1135 2126 1442 2181 necessario
1490 2127 1736 2195 adjunxit
1776 2128 1929 2194 illud,
1975 2128 2048 2182 Et

482 2217 623 2271 Deus
659 2225 771 2271 erat
814 2214 1216 2286 γει-ὑπαπανρυί
1266 2217 1414 2271 enim
1459 2216 1619 2271 aliter
1648 2216 1764 2271 ﬁeri
1813 2227 2048 2287 poterat,

482 2311 608 2378 quin
640 2317 783 2364 esset
811 2309 902 2363 ille
930 2309 1092 2372 Deus,
1125 2309 1214 2378 qui
1253 2323 1320 2363 ex
1362 2324 1471 2364 uno
1505 2309 1620 2364 solo
1657 2311 1899 2379 ingenito
1941 2313 2049 2367 Deo

480 2399 864 2470 genituserat?
890 2398 1025 2454 Nam
1062 2399 1106 2453 si
1142 2416 1162 2450 ι
1185 2399 1327 2468 quod
1351 2399 1419 2455 de
1438 2414 1602 2454 carne
1631 2400 1890 2468 nascitur,
1921 2416 2050 2457 caro

480 2499 568 2547 est
600 2509 620 2542 ι
673 2500 729 2545 et
773 2490 915 2559 quod
971 2490 1213 2544 nascitur
1262 2490 1328 2544 de
1384 2489 1599 2560 spiritu,
1664 2489 1889 2559 spiritus
1944 2500 2047 2554 est,

476 2582 931 2655 quemadmodum
981 2582 1225 2636 doctrina
1268 2580 1572 2637 Servatoris
1622 2582 1787 2637 habet
1816 2584 1854 2645 ί,
1901 2594 2049 2638 certe

478 2689 819 2745 consequens
839 2684 943 2738 est,
975 2682 1036 2728 ut
1059 2675 1202 2743 quod
1239 2672 1309 2728 de
1341 2673 1451 2730 Deo
1481 2675 1737 2745 gignitur,
1786 2674 1927 2730 Deus
1953 2676 2044 2730 sit.

479 2769 746 2836 Quocirca
786 2784 807 2818 ι
834 2775 890 2821 et
917 2766 1153 2821 Verbum
1192 2775 1312 2821 erat
1342 2766 1485 2821 Deus
1516 2784 1530 2819 :
1568 2785 1588 2819 ι
1628 2767 1772 2821 Deus
1798 2765 1969 2822 factor
1996 2776 2051 2823 et

481 2859 728 2914 conditor
755 2858 1020 2912 omnium.
1042 2856 1196 2923 Quod
1229 2857 1522 2911 intimabat
1554 2857 1672 2926 ipse
1709 2857 2048 2927 Evangelista

478 2952 731 3023 inquiens
778 2951 832 3005 in
882 2949 1238 3019 sequentibus
1286 2950 1491 3015 statim,
1526 2948 1717 3004 Omnia
1768 2966 1859 3017 per
1896 2950 2047 3004 illum

2148 479 2403 551 γεννηθὲν
2435 481 2607 551 ἀρχὴν
2646 479 2761 551 ἔχει
2803 480 2894 533 τὸν
2934 478 3319 549 γεγεννηκότα.
3366 479 3441 531 Οὐ
3490 478 3605 549 μὴν
3659 477 3735 531 ἔθ’

2147 570 2347 639 ὁμοίως
2383 570 2629 641 ἐπήγαγε
2664 570 2745 634 τὸ,
2767 569 2882 624 Καὶ
2924 573 2959 624 ό
3008 570 3198 638 Λόγος
3239 566 3317 641 ἦν
3360 569 3431 622 ἐν
3476 568 3561 635 τῷ
3590 569 3733 635 Θεῷ,

2147 658 2305 724 ἀλλὰ,
2334 661 2484 728 πρὸς
2527 661 2637 716 τὸν
2683 662 2833 715 Θεὸν
2858 658 2940 732 ἦν
2988 664 3022 716 ό
3074 663 3293 732 Λόγος,
3326 660 3595 715 διδάσκων
3648 660 3735 711 τὸν

2149 752 2472 823 γεννηθέντα
2515 754 2611 807 καὶ
2648 753 2822 824 ἀρχὴν
2862 754 2956 806 τὸν
2990 754 3211 825 Πατέρα
3261 753 3609 824 κτησάμενον
3664 750 3735 822 μὴ

2151 844 2367 915 μακράν
2406 861 2507 898 που
2544 844 2683 899 εἶναι
2710 863 2803 898 του
2847 844 3090 917 Πατρὸς,
3146 844 3279 916 μηδὲ
3322 843 3734 915 ἀπεσχοινξσθαι

2148 937 2241 990 καὶ
2261 937 2449 1008 τιόρρω
2470 954 2572 991 που
2599 939 2896 1007 ἀφεστάναι
2916 937 3102 1001 αὐτοῦ,
3123 936 3259 990 ἀλλὰ
3276 939 3532 1008 παρεῖναι
3562 936 3736 1006 αὐτῷ,

2149 1030 2244 1082 καὶ
2295 1031 2392 1084 σὺν
2444 1030 2594 1102 αὑτῷ
2628 1029 2788 1084 εἶναι·
2830 1034 2896 1084 '0
2923 1031 2990 1101 δὴ
3023 1032 3118 1085 καὶ
3154 1032 3211 1083 ὲν
3260 1028 3593 1102 Παροιμίαις
3634 1029 3740 1082 ἐδί-

2146 1119 2313 1174 δασκε
2357 1119 2620 1192 πρότερον
2672 1122 2851 1193 φήσας
2875 1104 2912 1188 ,⁸
2938 1121 3057 1190 Πρὸ
3101 1120 3169 1177 δὲ
3205 1120 3447 1174 πάντων
3486 1118 3739 1185 ,Βουνῶν

2148 1206 2332 1280 γεννᾷ
2371 1212 2483 1280 μοι,
2526 1210 2713 1265 ἔπειτα
2751 1211 3038 1283 προσθεὶς,
3102 1211 3301 1267 Ili-lica
3325 1210 3602 1279 ἡτοιμαζε
3631 1210 3740 1263 τὸν

2145 1300 2260 1373 (48)
2273 1301 2552 1369 οὐρανὸν,
2568 1302 2975 1372 συμπαρήμην
2992 1301 3171 1367 αὐτῷ.
3190 1302 3375 1366 υῦτως
3390 1297 3485 1356 οὖν
3498 1304 3527 1356 ό
3543 1303 3737 1372 Λόγος,

2147 1391 2304 1464 δῆλον
2326 1394 2408 1445 ὅτι
2438 1393 2468 1445 ὁ
2501 1392 2792 1463 μονογενὴς
2824 1393 2970 1456 Υἱὸς,
3002 1388 3070 1463 ἦν
3104 1392 3241 1465 πρὸς
3268 1392 3358 1446 τὸν
3387 1393 3589 1446 ἑαυτοῦ
3624 1395 3740 1447 Πα-

2147 1485 2281 1553 τέρα
2310 1484 2401 1539 τὸν
2432 1484 2584 1548 Θεὸν,
2631 1482 2803 1538 συνὼν
2848 1486 2942 1538 καὶ
2987 1483 3291 1556 συμπαρὼν
3337 1484 3488 1555 αύτῷ
3520 1486 3611 1538 ἀεὶ
3647 1487 3740 1538 καὶ

2151 1576 2380 1630 πάντοτε
2403 1592 2417 1607 ⁸
2447 1576 2477 1630 δ
2502 1575 2568 1646 δὴ
2595 1578 2689 1631 καὶ¹
2723 1576 2965 1648 παρίστη
2990 1576 3162 1645 λέγων
3189 1592 3203 1606 ·
3243 1576 3352 1630 Καὶ
3375 1580 3408 1631 ὁ
3437 1577 3637 1647 Λόγος
3662 1574 3742 1648 ἦν

2150 1671 2302 1739 πρὸς
2330 1669 2436 1724 τὸν
2474 1671 2640 1725 Θεόν.
2686 1670 2841 1724 Ἐπεὶ
2881 1671 2939 1725 δὲ
2982 1671 3148 1742 ἐχρῆν
3198 1671 3347 1741 ἡμᾶς
3391 1670 3598 1738 γνῶναι
3646 1671 3742 1724 καὶ

2078 1727 2126 1789 Β
2150 1727 2333 1814 ὁποίου
2380 1760 2622 1831 ὑπῆρχεν
2664 1758 2971 1832 ἀξιώματος
2992 1727 3371 1828 ,Νάναγκαίως
3403 1727 3625 1830 ’συνῆψε
3654 1760 3735 1824 τὸ,

2151 1851 2264 1906 Καὶ
2306 1852 2450 1918 Θεὸς
2475 1849 2554 1924 ἦν
2593 1855 2626 1905 ό
2653 1854 2862 1922 Λόγος.
2904 1851 3029 1915 Πῶς
3076 1852 3185 1922 γὰρ
3230 1851 3328 1904 οὐκ
3369 1849 3564 1921 ἔμελλε
3603 1851 3735 1916 Θεὸς

2152 1937 2312 2008 εἶναι,
2342 1946 2370 1998 ὀ
2400 1945 2466 1997 ἐκ
2498 1943 2593 1997 τοῦ
2624 1945 2741 2008 ὲνὸς
2772 1944 2865 2001 καὶ
2911 1944 3074 2014 μόνου
3116 1944 3411 2013 άγεννήτου
3437 1941 3577 1996 Θεοῦ
3608 1959 3736 2010 γεν-

2150 2034 2383 2108 νηθείς;
2449 2037 2512 2091 El
2573 2035 2682 2107 γὰρ
2744 2056 2762 2088 ι
2822 2037 2884 2092 τὸ
2952 2035 3343 2105 γεγεννημένον
3406 2036 3474 2088 ὲκ
3502 2035 3736 2102 ’σαρκὸς

2151 2127 2287 2200 σάρξ
2319 2131 2454 2191 ἐστι,
2489 2130 2585 2183 καὶ
2632 2129 2693 2182 τὸ
2738 2129 3133 2200 γεγεννημένον
3169 2130 3235 2183 ὲκ
3280 2127 3373 2181 τοῦ
3422 2127 3734 2199 πνεύματος

2150 2219 2366 2291 πνεῦμά
2385 2220 2522 2283 ἐστι,
2563 2239 2581 2271 ι
2610 2220 2751 2274 κατὰ
2781 2219 2882 2290 τὴν
2911 2221 3177 2291 σωτήριον
3204 2218 3576 2280 διδασκαλίαν,
3601 2219 3734 2271 ἀκο-

2160 2311 2365 2377 λούθως
2390 2312 2481 2365 καὶ
2509 2311 2571 2365 τὸ
2597 2312 2991 2383 γεγεννημένον
3017 2312 3081 2364 ἐκ
3100 2308 3193 2363 τοῦ
3217 2309 3351 2362 Θεοῦ
3373 2308 3509 2372 Θεὸς
3534 2308 3602 2362 ἂν
3624 2309 3730 2381 εἴη.

2150 2403 2242 2458 Διὸ
2283 2423 2301 2454 ι
2337 2403 2431 2458 καὶ
2467 2403 2597 2467 Θεὸς
2623 2399 2691 2475 ἦν
2723 2406 2752 2457 ὁ
2773 2404 2965 2473 Λόγοςο
2997 2421 3018 2456 ι
3050 2403 3145 2457 καὶ
3170 2401 3303 2465 Θεὸς
3326 2403 3612 2473 ποιητικὸς
3643 2405 3735 2454 καὶ

2150 2495 2544 2567 δημιουργικὸς
2575 2494 2812 2548 πάντωνο
2844 2496 2909 2548 Ὃ
2933 2493 2998 2566 δὴ
3019 2494 3115 2547 καὶ
3149 2493 3257 2564 (49)
3299 2492 3432 2545 αὐτὸ
3459 2492 3736 2567 παρέστη-

2151 2603 2245 2641 σεν
2287 2589 2316 2640 ὁ
2353 2585 2743 2657 εύαγγελιστὴς
2790 2584 2919 2655 ἑξῆς
2950 2585 3010 2638 τὸ
3041 2583 3236 2638 πάντα
3281 2583 3355 2637 δι’
3386 2583 3579 2638 αὑτοῦ
3612 2583 3735 2653 ἐτέ-

2147 2694 2284 2731 νετο
2316 2676 2674 2745 ὲπισυνάψας.
2716 2676 2776 2729 '0
2814 2675 2912 2746 μὲν
2950 2670 3043 2728 οὖν
3070 2673 3417 2743 παιδαγωγὸς
3450 2674 3622 2744 νόμος
3651 2673 3734 2727 διὰ

2148 2766 2423 2831 Μωῦσέως
2448 2768 2505 2819 ὲν
2534 2769 2601 2838 τῇ
2642 2765 2989 2837 Κοσμοποιῖᾳ
3034 2764 3125 2818 τὸν
3163 2763 3299 2817 Θεὸν
3358 2764 3595 2835 ποιητὴν
3643 2762 3734 2815 τοῦ

2151 2860 2350 2923 παντὸς
2379 2859 2633 2928 εἰσάγων,
2667 2857 2908 2929 στοιχεῖά
2942 2875 3003 2911 τε
3042 2858 3137 2911 καὶ
3185 2856 3498 2926 εἰσαγωγὰς
3548 2856 3734 2909 θεοσε-

2152 2950 2303 3014 6είας
2331 2950 2656 3022 παραδιδοὺς
2685 2949 2929 3003 ἐδίδασκε
2961 2948 3133 3018 λέγων
3156 2964 3172 2981 ·
3220 2948 3322 3003 Ἐν
3344 2946 3508 3018 ἀρχῇ
3531 2947 3738 3012 ἐποίη-

480 3044 626 3114 [acta
656 3052 796 3098 sunt.
822 3041 936 3096 Lex
962 3055 1091 3110 ergo
1125 3040 1214 3094 illa
1241 3039 1460 3113 Moysis,
1496 3039 1767 3110 paedagogi
1789 3041 1855 3094 ad
1883 3040 2047 3095 instar

2150 3056 2264 3096 σεν
2289 3045 2322 3096 ό
2350 3040 2496 3109 Θεὸς
2533 3039 2639 3094 τὸν
2665 3040 2925 3109 οὐρανὸν
2949 3040 3048 3094 καὶ
3080 3039 3196 3109 τὴν
3220 3039 3360 3109 γῆν,
3391 3040 3488 3094 καὶ
3517 3039 3591 3093 τὰ
3618 3038 3737 3093 τού-

478 3145 601 3200 quae
625 3130 745 3195 fuit,
779 3131 832 3182 in
855 3128 1192 3194 Cosmopmia
1232 3129 1398 3183 Deum
1437 3129 1678 3183 omnium
1717 3129 2048 3185 conditorem

480 3223 765 3288 inducens,
796 3221 1063 3276 elementa
1101 3221 1259 3276 nobis
1300 3221 1545 3288 quaedam
1593 3218 1781 3276 divini‘
1801 3221 1976 3275 cultus
1998 3230 2052 3275 et

479 3314 852 3368 institutiones
884 3310 1124 3375 tradens,
1160 3309 1260 3374 ait,
1290 3307 1361 3363 In
1391 3309 1650 3377 principio
1683 3309 1875 3362 creavit
1910 3307 2050 3363 Deus

481 3402 666 3457 calum
704 3410 752 3455 et
786 3412 981 3454 terram
1007 3402 1053 3464 ⁸,
1086 3408 1193 3453 etc.
1230 3398 1436 3464 Quibus
1469 3398 1720 3467 populum
1746 3397 2048 3454 Iudaeorum

477 3493 696 3548 erudire
717 3492 764 3547 is
793 3492 1024 3557 volebat,
1049 3497 1110 3544 ut
1137 3488 1394 3542 mundum
1434 3502 1556 3543 esse
1598 3488 1874 3544 conditum
1907 3488 2052 3542 arbi-

483 3593 775 3647 trarentur,
803 3596 872 3636 ne
898 3588 1200 3635 creaturam
1250 3578 1409 3633 aliter
1451 3593 1550 3648 pro
1602 3589 1849 3633 creatore
1907 3576 2051 3632 cole-

484 3685 626 3732 rent.
657 3671 937 3741 Quomodo
966 3685 1097 3727 vero
1124 3671 1288 3734 Deus,
1315 3678 1370 3722 et
1406 3684 1503 3739 per
1529 3684 1691 3738 quem
1728 3669 1832 3723 ista
1867 3668 2051 3722 condi-

480 3769 563 3823 dit
583 3769 853 3831 universa,
873 3766 1109 3820 nondum
1137 3765 1350 3834 Moyses
1373 3764 1619 3817 alumnos
1644 3776 1771 3816 suos
1792 3761 2050 3817 informa-

482 3860 591 3913 bat.
623 3858 811 3913 Gratia
856 3870 987 3911 vero
1037 3865 1094 3911 et
1129 3857 1333 3910 veritas
1385 3869 1482 3924 per
1531 3851 1718 3908 Iesum
1749 3853 2047 3915 Christum,

480 3952 802 4023 mysterium
832 3949 961 4004 illud
993 3948 1343 4013 annuntians,
1391 3949 1535 4016 quod
1576 3946 1666 4003 ille
1710 3945 1924 4002 silentio
1952 3945 2048 4000 ob-

481 4042 744 4105 volverat,
792 4040 1005 4094 initium
1058 4039 1370 4109 auspicatus
1421 4039 1680 4093 Ecclesiae
1724 4037 1839 4105 Dei,
1894 4051 2048 4092 novae

482 4132 757 4201 cujusdam
783 4139 945 4201 atque
976 4131 1224 4200 mysticae
1247 4129 1509 4185 doctrinm
1538 4147 1553 4182 :
1578 4129 1727 4183 unde
1756 4130 1895 4197 apud
1923 4144 2044 4183 om-

479 4237 599 4287 nes,
618 4232 678 4277 ut
690 4222 930 4277 exaudiri
950 4221 1139 4291 possit,
1156 4221 1401 4275 enuntiat
1417 4220 1568 4287 illud,
1589 4218 1651 4272 In
1666 4219 1917 4289 principio
1933 4229 2045 4273 erat

492 4310 738 4379 Verbum,
753 4322 804 4367 et
828 4307 1056 4364 Verbum
1072 4320 1184 4364 erat
1198 4312 1337 4378 apud
1359 4309 1544 4373 Deum,
1563 4309 1766 4379 et;Deus
1787 4321 1898 4364 erat
1916 4310 2045 4364 illud

2148 3150 2260 3197 τοις
2291 3131 2442 3203 ἑξῆς.
2508 3132 2588 3184 Δι’
2631 3125 2709 3186 ὦν
2749 3132 2842 3184 τὸν
2884 3131 3152 3185 Ἰουδαίων
3199 3130 3569 3201 παιδαγωγῶν
3615 3130 3738 3184 λαὸν

2147 3224 2400 3295 γεννητὸν
2433 3219 2571 3278 εἶναι
2611 3222 2702 3276 τὸν
2730 3224 2935 3295 κόσμον
2962 3222 3215 3294 ἡγεῖσθαι
3255 3223 3509 3293 παρῄνει,
3543 3242 3565 3275 ι
3603 3224 3737 3295 πρὸς

2146 3317 2207 3370 τὸ
2240 3317 2313 3388 μὴ
2344 3317 2443 3388 τὴν
2472 3315 2648 3370 κτίσιν
2673 3316 2823 3388 παρὰ
2845 3316 2936 3371 τὸν
2963 3316 3222 3369 κτίσαντα
3254 3315 3453 3369 σέϐειν.
3483 3335 3504 3367 s
3542 3317 3737 3378 Ὅπως

2145 3406 2204 3461 δὲ
2235 3410 2263 3461 ὁ
2292 3408 2423 3470 Θεὸς
2444 3447 2459 3473 ,
2491 3407 2585 3460 καὶ
2613 3407 2700 3460 διὰ
2724 3408 2869 3471 τίνος
2914 3405 2983 3459 τὰ
3027 3405 3316 3477 σύμπαντα
3348 3405 3732 3478 ἐδημιούργει,

2144 3497 2246 3552 οὐκ
2272 3497 2353 3551 ἐτι
2382 3498 2621 3568 Μωῦσῆς
2648 3501 2760 3562 τοῖς
2796 3498 2887 3550 ὑπ’
2920 3497 3082 3550 αὐτὸν
3112 3497 3418 3570 παρεδίδοψ
3453 3518 3472 3549 ι
3491 3500 3524 3568 η
3560 3498 3621 3551 δὲ
3648 3500 3739 3570 χά-

2151 3605 2235 3659 ρις
2257 3587 2350 3641 καὶ
2378 3588 2411 3658 ή
2440 3588 2666 3659 ἀλήθεια
2694 3588 2781 3642 διὰ
2821 3588 2994 3659 Ἰησοῦ
3024 3587 3261 3661 Χριστοῦ
3295 3607 3314 3639 ι
3340 3588 3402 3641 τὸ
3434 3590 3737 3659 σεσιγημέ-

2148 3695 2236 3733 νον
2257 3679 2362 3731 ὑπὸ
2377 3678 2653 3742 Μωῦσέως
2685 3679 2979 3749 μυστήριον
3007 3678 3463 3750 εύαγγελιζομένη
3494 3678 3739 3732 καινοτέ-

2150 3788 2247 3843 ρας
2273 3769 2382 3841 (50)
2407 3771 2500 3823 καὶ
2522 3770 2787 3842 μυστικῆς
2813 3772 2877 3841 τῇ
2908 3770 3203 3841 Ἐκκλησία
3217 3770 3310 3822 τοῦ
3332 3770 3469 3823 Θεοῦ
3496 3771 3737 3843 κατῆρξε

2147 3860 2523 3926 διδασκαλίας,
2577 3861 2833 3932 ἄντικρυς
2876 3862 2989 3923 τοῖς
3042 3861 3208 3914 πᾶσιν
3261 3862 3343 3924 είς
3408 3861 3735 3927 ἐξάκουστον

2150 3951 2327 4022 βοῶσα
2360 3951 2440 4016 τὸ,
2483 3953 2586 4006 Ἔν
2630 3950 2787 4021 ἀρχῇ
2824 3947 2904 4022 ἦν
2938 3955 2970 4004 ό
3003 3954 3213 4022 Λόγος,
3253 3953 3353 4005 καὶ
3378 3955 3413 4005 ό
3444 3953 3644 4020 Λόγος
3665 3949 3736 4021 ἦν

2146 4043 2294 4112 πρὸς
2312 4044 2417 4098 τὸν
2439 4045 2605 4108 Θεὸν,
2624 4044 2721 4096 καὶ
2752 4043 2895 4110 Θεὸς
2917 4039 2997 4113 ἦν
3017 4048 3049 4098 ό
3070 4044 3280 4114 Λόγος·
3312 4045 3406 4097 καὶ
3428 4044 3516 4107 τὸ,
3532 4044 3733 4099 Πάντα

2145 4132 2219 4186 δι’
2251 4132 2437 4187 αὐτοῦ
2469 4130 2724 4202 ἐγένετο,
2754 4132 2853 4186 καὶ
2884 4133 3066 4203 χωρὶς
3088 4133 3276 4187 αὐτοῦ
3307 4133 3553 4204 ἐγένετο
3594 4135 3734 4189 οὐδέ

2145 4224 2245 4278 ἕν’
2296 4224 2390 4277 καὶ
2443 4223 2525 4277 ἔτι
2573 4224 2781 4289 τούτοις
2828 4225 3132 4294 προσθεῖσα.
3167 4225 3249 4291 τὸ,
3284 4227 3345 4277 Ὃ
3377 4223 3631 4295 γέγονεν
3674 4228 3733 4279 ἐν

2146 4312 2306 4379 αὐτῷ
2345 4311 2458 4382 ζωὴ
2498 4310 2579 4385 ἧν
2604 4314 2703 4367 καὶ
2742 4316 2781 4383 ἠ
2832 4312 2943 4382 ζωὴ
2986 4314 3066 4384 ἦν
3103 4314 3168 4368 τὸ
3213 4315 3340 4384 φῶς
3365 4315 3489 4369 τῶν
3515 4317 3728 4386 ἀνθρώ

490 4400 736 4456 Verbum.
769 4399 837 4455 Et
867 4401 1042 4455 omnia
1082 4416 1175 4471 per
1201 4400 1351 4453 illum
1384 4399 1525 4469 facta
1551 4411 1695 4463 sunt,
1734 4411 1780 4455 et
1812 4402 1924 4455 sine
1954 4400 2046 4454 illo

2150 4417 2296 4467 πων,
2342 4403 2445 4457 καὶ
2487 4403 2555 4457 τὸ
2606 4402 2732 4474 φῶς
2776 4403 2847 4458 ἐν
2892 4402 2966 4472 τῇ
3022 4406 3236 4471 σκοτίᾳ
3281 4407 3506 4473 φαίνει,
3542 4390 3728 4459 καττὰ

480 4496 679 4563 [nolunt
726 4504 802 4547 est
851 4493 982 4547 nihil
1023 4493 1063 4546 ⁸.
1109 4494 1191 4548 Ad
1233 4508 1352 4561 quae
1392 4492 1662 4548 accedunt
1707 4491 1792 4545 illa
1838 4509 1852 4545 :
1889 4491 2043 4557 Quod

479 4587 682 4654 factum
708 4594 803 4648 est,
835 4587 891 4638 in
916 4585 1008 4637 illo
1043 4585 1145 4639 vita
1186 4584 1313 4653 fuit,
1348 4589 1408 4646 ῆι
1444 4594 1492 4636 et
1525 4584 1630 4637 vita
1666 4593 1781 4635 erat
1822 4584 1916 4636 lus:
1943 4585 2040 4636 ho-

481 4677 700 4741 minum,
727 4689 775 4729 et
806 4675 979 4729 lumen
1012 4677 1067 4729 in
1101 4676 1325 4728 tenebris
1370 4673 1654 4744 aﬁ'ulqebat
1705 4673 1727 4704 ⁸
1776 4688 1791 4726 :
1831 4682 1886 4727 et
1925 4689 2044 4740 quae

481 4778 813 4834 sequuntur;
842 4768 1035 4835 quibus
1070 4765 1264 4820 Filium
1297 4764 1410 4829 Dei,
1449 4775 1496 4818 et
1526 4764 1723 4819 divina:
1748 4762 1885 4818 lucis
1905 4779 2043 4831 pra:-

483 4858 795 4929 rogativam,
829 4868 885 4912 et
915 4858 1035 4912 vita:
1058 4859 1111 4911 in
1147 4859 1238 4912 illo
1273 4857 1639 4926 prmstantiam
1663 4857 1815 4911 docet
1847 4873 1861 4919 ;
1911 4871 2045 4925 qua-

481 4950 604 5004 liter
623 4950 787 5003 etiam
824 4964 944 5018 qna-
997 4964 1092 5019 per
1117 4949 1355 5022 Moysen:
1392 4950 1535 5004 dicta
1586 4957 1714 5002 sunt
1757 4948 1956 5009 omnia,
1994 4956 2047 5001 et

476 5055 599 5109 qua
620 5040 707 5095 illa
732 5042 896 5097 etiam
941 5053 1220 5111 superant,
1265 5042 1712 5111 suntlproducta.
1741 5039 1873 5093 Cum
1910 5041 2041 5093 isto-

477 5149 597 5187 rum
659 5134 790 5188 nihil
839 5135 1158 5205 intelligeret
1216 5133 1541 5197 Marcellus,
1618 5132 1888 5187 interdum
1947 5132 2040 5185 de-

548 5280 610 5339 alt
650 5273 746 5329 Ed.
789 5272 985 5339 Paris.,
1016 5289 1135 5344 pag.
1166 5272 1286 5337 123,
1307 5272 1429 5326 124.

2149 4493 2358 4557 τούτοις
2400 4493 2671 4547 ἀκόλουθα
2693 4533 2709 4557 ,
2742 4494 2808 4548 δι’
2854 4487 2928 4548 ὧν
2955 4494 3047 4548 τὸν
3081 4494 3209 4547 Υἰὸν
3249 4493 3345 4548 τοῦ
3376 4494 3517 4549 Θεοῦ
3547 4497 3647 4550 καὶ
3671 4497 3726 4548 τὰ

2149 4583 2400 4657 ἐξαίρετα
2446 4585 2540 4639 τοῦ
2592 4585 2737 4639 θείου
2782 4586 2958 4655 φωτὸς
3004 4586 3099 4641 καὶ
3128 4586 3231 4655 τῆς
3269 4589 3328 4639 ὲν
3372 4587 3526 4658 αὐτῷ
3569 4588 3723 4657 ζωῆς.

2147 4675 2294 4738 ὅπως
2320 4692 2376 4728 τε
2407 4676 2475 4728 δι’
2502 4675 2667 4730 αὐτοῦ
2705 4676 2775 4730 τὰ
2807 4677 2911 4730 ὑπὸ
2950 4678 3227 4741 Μωῦσέως
3254 4678 3525 4751 εἰρημένα
3560 4681 3724 4734 πάντα

2145 4766 2240 4819 καὶ
2264 4766 2333 4818 τὰ
2355 4766 2435 4820 ἔτι
2460 4767 2663 4821 τούτων
2696 4768 2972 4831 ἐπέκεινα,
3000 4770 3228 4841 συνέστη
3260 4771 3530 4825 παιδεύει.
3578 4773 3721 4827 Ἀλλὰ

2146 4859 2346 4912 τούτων
2379 4860 2530 4913 οὐδὲν
2560 4861 2877 4932 Μάρκελλος
2908 4861 3082 4927 εἰδὼς,
3108 4864 3237 4916 ποτε
3265 4863 3364 4933 μὲν
3401 4864 3719 4930 Ἰουδαῖζων,

2151 4951 2281 5003 ποτὲ
2326 4950 2382 5003 δὲ
2410 4952 2742 5016 Σαϐελλίζων
2778 4954 3056 5007 ἁλίσκεται
3076 4972 3090 4984 ·
3144 4954 3287 5008 κατὰ
3323 4955 3423 5025 μὲν
3474 4958 3575 5010 τὸν
3611 4960 3721 5011 Ἰουο

2146 5041 2292 5094 δαῖον
2328 5042 2432 5113 πρὸ
2479 5043 2581 5113 τῆς
2628 5044 2724 5098 τοῦ
2769 5045 2973 5116 κόσμου
3021 5046 3330 5109 συστάσεως
3376 5047 3552 5117 μηδὲν
3600 5045 3719 5101 εἶναι

2145 5134 2367 5203 φάσκων
2400 5134 2538 5206 πλὴν
2582 5135 2675 5190 τοῦ
2708 5135 2842 5190 Θεοῦ
2876 5137 3037 5208 μόνον
3065 5136 3197 5207 (Si),
3235 5137 3342 5208 πρὸ
3368 5137 3476 5204 τῆς
3499 5140 3598 5193 τοῦ
3647 5140 3720 5192 κό-

543 5369 591 5401 ⁹⁶
615 5369 772 5424 Prov.
810 5385 926 5434 vtu,
960 5368 1051 5424 ‘25.
1127 5367 1174 5400 ”
1209 5368 1337 5423 ibid.
1369 5369 1460 5421 ‘27.
1538 5348 1744 5422 i'Joan.
1774 5382 1859 5433 ιιι,
1896 5364 1950 5420 6.
2027 5365 2192 5421 ’Gen.
2226 5380 2262 5426 ι,
2299 5368 2349 5416 l.
2427 5362 2631 5420 'Joan.
2681 5381 2723 5430 ι,
2756 5367 2805 5429 l,
2834 5366 2888 5420 3.
2963 5368 2987 5396 ⁸
3016 5365 3148 5420 ibid.
3186 5363 3241 5431 4,
3283 5365 3339 5419 5.

568 5488 657 5557 47)
687 5488 857 5557 Vulgo
894 5489 1043 5541 «lceat
1073 5486 1188 5541 τοῦ.

568 5489 633 5541 47
687 5488 857 5557 Vulgo
894 5489 1043 5541 «lceat
1073 5488 1188 5541 τοῦ.

542 5488 1174 5679 ἶεξζὸνδὲιξέῗνθρωπον,
1201 5569 1257 5612 et
1276 5573 1419 5625 mox,
1443 5553 1768 5623 οὓτωδοῦν,
1803 5565 1860 5611 et
1891 5569 2035 5621 mox,

474 5643 541 5680 νιι

567 5643 633 5697 gn
662 5628 689 5678 ὃ
713 5628 770 5681 δὲ
804 5629 913 5681 καί.

547 5697 656 5765 (t9)
689 5697 849 5768 Vulgo
871 5697 1030 5761 αὐτὸς
1060 5697 1404 5770 παρίστησιν.

2214 5479 2326 5568 (50)
2353 5484 2463 5568 Καὶ
2485 5484 2901 5568 μυστικρτέρας,
2929 5484 3068 5551 lege,
3094 5484 3215 5568 δαὶ
3256 5483 3353 5536 τὸν
3376 5483 3512 5537 Υὶὸν
3541 5484 3713 5554 ὁμολο-

2141 5552 2561 5625 γούσηςε-Ιιείζθ,
2584 5552 2845 5625 ὁμολογού
2855 5572 3036 5625 μενος.
3093 5552 3166 5607 Μ.

2182 5571 2239 5607 ου
2316 5570 2362 5616 ς.
2401 5570 3036 5625 μθεθωμολογουμενος.
3093 5570 3166 5607 tu.

2350 5622 2517 5694 Vulgo
2537 5629 2635 5689 τῆς
2670 5625 2856 5688 Ἐκκλε
2885 5628 3072 5690 deest;
3096 5626 3145 5677 in
3169 5637 3315 5679 corr.
3355 5644 3375 5676 ι
3419 5625 3573 5680 deest
3622 5638 3708 5675 ικ-

2146 5710 2389 5765 κλησιας.
2430 5713 2449 5745 ι
