3838 6222
140 317 250 374 955

1109 309 1194 364 DE
1233 307 1765 366 ECCLESIASTICA
1806 306 2196 365 Tl-IEOLOGIA
2239 309 2366 364 LIB.
2409 306 2466 363 ll.

3294 311 3400 367 νει

144 449 288 503 σμου
311 434 407 503 τῆς
423 431 746 502 Ἐκκλησίας
773 431 1084 494 συστάσεως
1109 431 1200 483 τὸν
1220 430 1437 500 Πατέρα
1465 427 1601 482 εἶναι
1635 431 1722 483 καὶ

1832 431 2179 496 prehenditur
2228 429 2552 498 judaizare.
2609 428 2876 482 interdum
2933 428 3270 499 transfugere
3331 433 3400 486 ad

141 523 239 576 τὸν
273 522 400 576 Υίδν
442 523 810 594 ὁμολογούσης
833 540 846 552 ·
883 521 1022 575 κατὰ
1067 521 1124 573 δὲ
1167 520 1259 572 τὸν
1306 519 1590 572 Σαϐέλλιον
1630 519 1726 571 ἕνα

143 615 244 668 καὶ
275 614 365 666 τὸν
383 614 544 667 αὐτὸν
573 610 711 668 εἶναι
733 614 1165 684 ἀποφαινόμενος
1187 612 1316 665 Υίὺν
1347 614 1442 665 κα).
1472 611 1689 681 Πατέρα
1708 628 1723 642 ο

145 706 244 758 καί
278 721 404 757 ποτε
438 705 533 776 μὲν
560 705 669 775 (52)
696 701 761 758 αῦ
788 705 878 758 τὸν
926 703 1228 757 ἐνδιάθετον
1271 703 1504 772 εἰσάγων
1532 703 1723 771 Λόγον,

143 798 281 851 ποτὲ
305 798 361 850 δὲ
394 798 740 869 προφορικὸν.
777 799 840 851 El
866 798 974 869 γὰρ
1008 797 1384 869 προσποιεῖται
1413 796 1614 860 ταύτας
1652 797 1726 867 μὴ

147 886 544 957 παραδέχεσθαι
591 887 688 950 τὰς
733 887 914 957 φωνάς
949 886 1082 959 (55),
1117 887 1254 959 πλὴν
1302 889 1365 958 δὴ
1414 887 1585 956 Λόγος
1626 889 1726 959 τὴν

145 980 212 1031 ὲκ
240 977 332 1030 τοῦ
361 995 488 1031 ποτε
514 979 610 1048 μὲν
636 978 781 1032 ἔνδον
804 979 964 1032 αὐτὸν
993 980 1169 1048 λέγειν
1200 981 1259 1032 ἐν
1281 978 1358 1049 τῷ
1379 978 1520 1048 Θεῷ.
1539 977 1724 1032 ἄλλοτε

144 1069 203 1122 δὲ
235 1069 300 1122 δι’
351 1070 628 1140 ἐνεργείας
673 1070 965 1142 δραστικῆς
1008 1070 1253 1143 προϊέναι
1298 1069 1462 1123 αὐτοῦ
1484 1111 1498 1134 ,
1527 1069 1618 1137 ἀφ’
1650 1063 1725 1122 ὧν

145 1177 206 1212 τε
253 1159 332 1230 τῷ
363 1159 683 1232 ἀνθρωπίνῳ
730 1161 1019 1225 ἀπεικάζει
1045 1162 1206 1215 αὐτὸν
1237 1161 1379 1232 λόγῳ
1401 1178 1415 1192 ·
1450 1162 1478 1214 ὃ
1519 1161 1627 1231 (54)
1661 1177 1723 1228 γε

147 1253 258 1324 μὴν
285 1253 425 1316 θεῖος
460 1255 845 1326 εὐαγγελιστὴς
891 1257 1012 1310 κατ’
1044 1256 1234 1309 οὐδένα
1262 1256 1370 1308 τῶν
1405 1254 1726 1325 ἀποδεδομέ-

143 1360 252 1394 νων
279 1343 514 1412 τρόπων,
551 1344 718 1410 Λόγον
753 1346 1097 1418 ὑπεστήσατο
1122 1347 1211 1400 τὸν
1246 1346 1381 1418 πρὸς
1409 1345 1574 1400 αὑτοῦ
1607 1345 1726 1399 θεο-

141 1433 499 1504 λογούμενον,
535 1435 648 1488 ἀλλ’
671 1431 781 1489 οἷον
808 1437 1013 1508 ἔπρεπε
1051 1437 1142 1491 τὸν
1181 1437 1440 1509 μονογενῆ
1470 1438 1596 1490 Υἰὸν
1629 1438 1722 1490 τοῦ

141 1523 280 1576 Θεοῦ
312 1527 470 1588 νοεῖν,
500 1526 670 1594 Λόγον
697 1527 796 1598 μὲν
827 1527 976 1590 ὅντα,
1005 1527 1199 1581 καθ’ὂν
1227 1529 1403 1581 πάντα
1425 1527 1567 1599 λόγῳ
1599 1547 1722 1581 συν-

137 1604 428 1684 εστήσατο,
463 1618 556 1668 καὶ
588 1617 755 1687 χωρὶς
795 1617 970 1685 Λόγου
999 1615 1106 1670 τῶν
1137 1617 1305 1670 ὄντων
1335 1617 1484 1670 οὐδὲν
1509 1617 1717 1686 γέγονε’

138 1705 275 1759 Θεὸν
305 1706 361 1759 δὲ
403 1708 498 1760 καὶ
531 1709 826 1777 Μονογενῆ,
855 1707 976 1760 καθ’
1002 1707 1030 1760 ὃ
1065 1708 1222 1779 μόνος
1253 1709 1468 1779 ἀληθῶς
1492 1705 1560 1778 ἦν
1591 1709 1722 1772 Υἱὸς

1831 513 2126 567 Sabelliunt
2165 531 2179 567 :
2211 512 2586 578 tttﬁjudaizans
2611 523 2735 565 ante
2758 513 2943 566 mundi
2968 515 3398 583 productionem,

1828 612 2024 672 praeter
2063 602 2234 656 solum
2270 603 2437 657 Deum
2460 604 2617 656 docet
2645 601 2777 655 nih‘il
2807 604 3103 659 exstitisse.
3136 603 3268 658 Cum
3293 605 3400 660 Ec-

1827 697 1987 750 clesia
2017 705 2142 750 ante
2171 696 2351 749 mundi
2375 705 2644 759 exortum,
2669 704 2722 748 et
2747 694 2961 749 Patrem
2995 705 3252 765 agnoscat
3275 709 3402 754 ante

1827 789 2042 842 Filium.
2096 785 2317 842 Sabellii
2381 795 2562 856 partes
2613 801 2800 856 agens,
2857 803 3020 839 unum
3057 796 3111 842 et
3145 790 3397 843 eumdem

1826 879 2039 933 Patrem
2066 879 2310 946 designat
2335 891 2496 948 atque
2513 879 2730 932 Filium.
2759 879 3028 931 Interdqu
3050 879 3400 935 introducens

1826 964 2060 1020 Verbum
2097 967 2399 1020 immanens
2434 987 2448 1022 :
2491 968 2780 1036 aliquando
2815 967 3138 1036 prolatitium
3168 980 3224 1023 et
3253 985 3403 1024 ema-

1826 1073 1980 1111 nans.
2017 1057 2174 1111 Certe
2197 1058 2364 1111 videri
2399 1059 2509 1110 vult
2539 1059 2636 1112 has
2667 1074 2825 1114 voces
2857 1075 3126 1128 respuere.
3156 1061 3225 1114 At
3254 1064 3398 1115 enim

1825 1150 1952 1215 quid
2003 1149 2147 1202 aliud
2203 1149 2518 1216 assignavit,
2558 1166 2680 1205 cum
2719 1149 2944 1204 Verbum
2981 1152 3108 1206 illud
3170 1153 3312 1206 intus
3346 1153 3398 1206 in

1826 1240 1935 1294 Deo
1967 1256 2109 1294 nunc
2133 1240 2361 1294 allirmet
2389 1259 2402 1294 :
2429 1257 2572 1296 nunc
2600 1259 2694 1312 per
2720 1245 3074 1312 operatricem
3107 1244 3400 1300 eﬂlcaciam

1824 1333 2039 1401 prodire
2087 1333 2436 1401 pronuntiet?
2493 1334 2633 1386 unde
2682 1343 2735 1387 et
2791 1350 2909 1388 cum
2964 1337 3198 1390 humano
3229 1339 3400 1391 verbo

1825 1424 2096 1492 componit
2128 1421 2282 1476 illud.
2315 1425 2383 1476 At
2409 1423 2554 1476 enim
2578 1423 2789 1477 divinus
2810 1426 3136 1495 evangelista
3164 1427 3399 1482 Verbum

1825 1530 1854 1568 a
1885 1530 1941 1568 se
1965 1514 2270 1569 deiﬁcatum
2302 1516 2594 1569 secundum
2624 1516 2826 1570 nullum
2856 1518 3080 1570 istorum
3116 1519 3399 1574 modorum

1825 1605 2230 1674 intelligendum
2261 1609 2562 1676 proposuit.
2597 1605 2699 1660 Sed
2729 1619 2787 1660 ut
2827 1624 2924 1676 par
2948 1617 3001 1663 et
3032 1625 3242 1678 aequum
3281 1612 3400 1666 fue-

1828 1707 1910 1751 rat
1966 1699 2298 1766 unigenitum
2348 1700 2441 1752 Dei
2469 1699 2661 1754 Filium
2709 1702 3055 1769 intelligendo
3087 1705 3396 1774 concipere.

138 1798 236 1850 τοῦ
265 1798 356 1850 ἐπὶ
384 1799 595 1851 πάντων
629 1797 764 1850 Θεοῦ
790 1813 803 1826 ·
841 1798 968 1860 Υἱὸς
999 1800 1219 1869 γνήσιος
1246 1798 1436 1862 ὅντως,
1465 1800 1558 1852 καὶ
1585 1801 1721 1867 ἁγα-

1832 1790 2054 1844 Verbum
2083 1805 2205 1844 esse
2228 1792 2429 1854 docuit,
2460 1807 2556 1861 per
2583 1793 2724 1860 quod
2747 1795 2924 1848 omnia
2954 1797 3248 1851 secundum
3275 1814 3400 1853 suas

139 1889 334 1961 πητὸς,
369 1890 446 1960 τῷ
471 1889 632 1944 αὐτοῦ
661 1891 834 1961 Πατρὶ
878 1891 1020 1944 κατὰ
1049 1892 1226 1944 πάντα
1253 1891 1515 1962 ἁφομοιού
1525 1909 1684 1963 μενος
1703 1907 1716 1920 ·

138 1984 233 2036 Διὸ
260 1984 353 2036 καὶ
387 1983 517 2046 Θεὸς
557 1979 625 2054 ἦν
657 1982 893 2054 ἀληθῶς,
922 1982 1043 2036 καθ’
1069 1983 1096 2036 ὃ
1123 1984 1185 2037 τὸ
1219 2002 1300 2037 νοε
1313 1985 1403 2056 ρδν
1435 1986 1529 2038 καὶ
1573 1985 1719 2053 λογι-

137 2077 237 2129 κδν
266 2078 385 2137 ταῖς
428 2076 545 2127 κατ’
571 2075 754 2128 εἰκόνα
783 2076 881 2145 τὴν
910 2073 1072 2128 αὑτοῦ
1103 2077 1499 2146 πεποιημέναις
1523 2077 1720 2148 ψυχαῖς

139 2167 460 2235 ἐναυγάζειν
505 2168 724 2236 φέγγος.
762 2167 854 2219 Διὸ
882 2168 942 2219 ού
983 2166 1199 2220 πάντων
1241 2168 1400 2221 αὐτὸν
1436 2169 1550 2238 φῶς
1580 2167 1719 2223 εἶναί

138 2275 328 2327 φησιν,
361 2258 492 2311 ἀλλὰ
524 2259 698 2329 μόνων
725 2256 1045 2328 ἀνθρώπων.
1077 2253 1196 2312 Ἦν
1222 2257 1332 2328 γὰρ
1364 2260 1431 2312 τὸ
1459 2259 1584 2328 φῶς
1606 2301 1620 2325 ,
1651 2260 1716 2314 τὸ

135 2349 389 2418 φωτίζον
414 2349 608 2403 πάντα
637 2350 948 2418 ἄνθρωπον
972 2349 1296 2418 ἐρχόμενον
1342 2353 1429 2416 εἰς
1469 2353 1577 2404 τὸν
1619 2355 1716 2406 κό-

137 2457 327 2510 σμον,
366 2441 488 2512 ἔφη.
506 2441 659 2494 Οῦτω
681 2442 737 2494 δὲ
770 2442 864 2494 καὶ
893 2440 1005 2512 ζωὴ
1037 2443 1281 2513 ὑπῆρχεν
1308 2442 1523 2512 ἀληθῶς
1550 2485 1564 2507 ,
1593 2443 1716 2497 καθ’

137 2531 169 2583 ὃ
213 2535 346 2585 πᾶσι
393 2536 505 2596 τοῖς
547 2531 718 2597 ζῶσι,
747 2532 808 2584 τὸ
849 2533 948 2602 τῆς
991 2533 1049 2600 ἐξ
1097 2534 1262 2586 αὐτοῦ
1299 2535 1713 2605 χορηγίας(55),

141 2621 373 2692 παρέχει
406 2623 554 2688 νᾶμα
587 2621 682 2674 καὶ
714 2619 834 2674 καθ’
881 2621 1118 2691 ἑκάστην
1148 2621 1203 2674 δὲ
1235 2623 1475 2675 ἐπίνοιαν
1519 2625 1627 2676 τῶν
1659 2627 1717 2678 ὲν

139 2713 296 2783 αὖτῷ
335 2711 528 2766 θεῖκῶν
572 2713 848 2783 δυνάμεων
879 2713 1294 2783 παραστατικάς
1318 2713 1498 2784 εῦροις
1522 2713 1586 2767 ἂν
1619 2715 1718 2767 αὐ-

143 2805 240 2859 τοῦ
287 2807 381 2857 καὶ
412 2805 629 2875 ἀληθεῖς
673 2805 1007 2876 ἐπωνυμίας.
1051 2803 1206 2858 Κατὰ
1243 2804 1419 2858 πάντα
1452 2805 1561 2878 γὰρ
1589 2807 1720 2876 ἀλή-

144 2897 267 2952 θεια
308 2894 375 2968 ἦν
396 2899 424 2952 ό
448 2898 575 2960 Υίδς
601 2896 694 2950 τοῦ
725 2897 882 2961 Θεοῦ,
917 2897 946 2950 ὃ
974 2895 1038 2968 δὴ
1083 2895 1414 2967 παρίστησιν
1443 2896 1605 2960 αὐτὸς
1629 2897 1718 2950 λέ-

145 3007 262 3058 γων
292 2991 403 3062 (56)
425 3008 438 3021 ο
479 2989 623 3060 Ἐγώ
651 2993 768 3061 εἰμι
795 2991 830 3059 ὴ
864 2989 1133 3056 ἀλήθεια.

1826 1884 2062 1938 rationes
2089 1883 2485 1938 rationabiliter
2519 1896 2644 1939 sunt
2668 1888 2958 1941 constituta
3004 1906 3016 1940 ε
3047 1890 3164 1945 sine
3193 1906 3301 1960 quo
3325 1893 3401 1944 ni-

1824 1975 1896 2028 hil
1931 1973 2132 2029 factum
2156 1985 2239 2030 est
2262 1992 2446 2030 eorum
2478 1992 2597 2045 quae
2627 1988 2770 2032 sunt.
2797 1978 2963 2033 Deum
2989 1996 3111 2035 eum
3138 1992 3316 2044 vocat.
3343 1993 3400 2037 et

1823 2067 2180 2131 unigenitum,
2228 2077 2508 2136 propterea
2542 2069 2682 2136 quod
2718 2071 2864 2125 solus
2900 2072 2987 2126 ille
3017 2089 3144 2129 vere
3177 2075 3278 2130 fuit
3307 2074 3398 2131 Fi-

1823 2159 1924 2212 lius
1946 2159 2069 2222 Dei;
2116 2159 2230 2226 Dei,
2276 2162 2472 2228 quiest
2508 2176 2671 2229 super
2692 2165 2870 2226 omnia
2907 2164 3077 2220 Filius
3106 2169 3394 2237 genuinus,

1822 2249 1966 2304 Patri
1992 2267 2088 2305 suo
2111 2251 2337 2305 dilectus
2369 2269 2384 2304 :
2411 2267 2505 2320 per
2535 2255 2714 2307 omnia
2741 2270 2838 2308 suo
2866 2258 3008 2311 Patri
3035 2258 3394 2315 assimilatus:

1824 2343 2032 2397 ntideo
2065 2359 2190 2396 vere
2229 2344 2368 2398 Deus
2413 2347 2703 2411 exstiterit,
2748 2361 2812 2400 eo
2846 2349 2986 2416 quod
3038 2350 3234 2406 animis
3267 2367 3296 2406 a
3337 2366 3400 2408 se

1823 2436 2020 2489 creatis
2060 2435 2124 2488 ad
2154 2436 2443 2504 imaginem
2479 2451 2632 2491 suam
2663 2437 3079 2494 intellectualem
3109 2441 3282 2498 lucem
3311 2458 3399 2497 ra-

1823 2527 2076 2582 tionalem
2115 2527 2454 2582 irradiaverit
2496 2530 2791 2598 :quocirca
2843 2541 3000 2586 vocat
3031 2532 3202 2587 lucem
3247 2535 3398 2591 illum

1823 2634 1928 2672 non
1985 2633 2164 2671 rerum
2210 2618 2471 2680 omnium,
2523 2622 2618 2673 sed
2668 2621 2944 2675 hominum
3005 2627 3395 2681 tantummodo.

1826 2707 1957 2762 Erat
1990 2710 2149 2773 enim,
2178 2708 2274 2772 ait,
2318 2709 2412 2762 lux
2444 2709 2753 2764 illuminans
2785 2729 2986 2767 omnem
3019 2715 3277 2770 hominem
3309 2733 3399 2771 ve-

1827 2805 2046 2856 nientem
2079 2803 2134 2854 in
2160 2802 2298 2855 hunc
2327 2801 2600 2854 mundum.
2635 2802 2715 2855 Ad
2745 2803 2887 2858 hunc
2927 2807 3142 2859 modum
3180 2815 3234 2860 et
3272 2821 3400 2862 vere

1829 2894 2129 2948 exsistebat
2149 2891 2258 2946 vita
2291 2909 2306 2945 :
2337 2906 2402 2946 eo
2429 2892 2570 2960 quod
2601 2895 2850 2948 omnibus
2884 2897 3189 2952 viventibus
3211 2896 3280 2952 de
3299 2913 3399 2952 suo

1834 2988 2158 3058 suppeditet.
2191 2985 2367 3056 Atque
2395 2987 2467 3040 ita
2494 2986 2736 3042 invenire
2780 2989 2938 3044 nobis
2996 2989 3121 3044 licet
3159 2991 3400 3061 appella-

141 3081 322 3133 tiones
355 3081 400 3132 ei
442 3093 566 3134 vere
599 3080 908 3143 attributas,
935 3079 1132 3149 quibus
1157 3094 1275 3146 qua:
1311 3078 1386 3133 illi
1416 3078 1621 3144 insunt,
1672 3078 1875 3134 divinae
1926 3081 2160 3132 virtutes
2199 3086 2680 3145 repraesentantur.
2747 3078 2958 3148 Ubique
3012 3093 3192 3136 autem
3225 3091 3279 3138 et
3303 3099 3400 3155 per

143 3173 328 3227 omnia
368 3181 504 3237 erat,
543 3171 766 3235 veritas,
812 3172 900 3225 Dei
951 3171 1117 3225 Filius
1163 3180 1305 3236 erat,
1335 3173 1478 3241 quod
1522 3173 1591 3226 ab
1625 3173 1741 3240 ipso
1781 3174 2074 3226 edocemur
2097 3169 2188 3225 ubi
2209 3170 2324 3227 ait:
2360 3170 2467 3238 lt'go
2501 3187 2617 3223 sum
2651 3173 2842 3226 veritas
2861 3173 2904 3226 ⁵.

776 3264 933 3316 ΚΕΦ.
976 3265 1076 3316 lE'.

149 3356 274 3410 Τῶν
308 3355 494 3429 nigrm":
515 3357 869 3429 Μαρκέλλου
896 3358 1109 3426 φωνῶν
1133 3359 1511 3429 παραθέσεις,
1530 3357 1605 3410 δι’
1636 3351 1723 3410 ὧν

218 3427 582 3497 ήρνεῖτοντὸν
619 3428 754 3480 Υίὸν
776 3427 880 3481 τοῦ
902 3425 1060 3482 Θεοῦ
1099 3425 1330 3496 σὶιέὲῶς,
1362 3429 1724 3497 προφορικὸν

215 3498 414 3566 Λόγον
437 3496 474 3562 ἣ
509 3497 848 3552 ἐνδιάθετον
879 3498 1130 3567 φάσκων
1166 3497 1325 3555 εἶναι
1357 3496 1568 3554 αὐτόν.

229 3588 368 3640 Ἀλλ’
391 3589 420 3640 ό
446 3589 562 3652 νέος
592 3591 940 3660 συγγραφεὺς
971 3589 1144 3645 ταῦτα
1172 3591 1271 3662 μὲν
1303 3589 1426 3643 οὕτε
1456 3589 1720 3660 συνίησιν.

135 3678 267 3732 οὔτε
297 3676 466 3742 οἶδεν,
500 3679 610 3733 οὐθ’
649 3682 730 3734 ὅτι
763 3682 946 3748 ἀγνοεῖ
990 3678 1130 3736 οἶδεν
1154 3699 1166 3711 ο
1213 3681 1249 3736 ἆ
1282 3681 1346 3752 δὴ
1393 3681 1485 3735 καὶ
1527 3681 1724 3734 ειδέναι

144 3771 322 3841 αὐχεῖ,
355 3771 502 3834 ὅπως
531 3771 773 3842 συνίστη.
809 3773 944 3845 Φέρε
991 3774 1154 3828 πάλιν
1200 3773 1320 3830 εἶτα
1365 3775 1724 3838 ἀναλαϐόντες

141 3862 501 3932 ἀκούσωμεν,
533 3861 608 3926 ὡς
655 3863 734 3935 τῷ
775 3864 832 3917 ἐν
875 3864 1179 3936 ἀνθρώποις
1226 3867 1389 3921 αὐτὸν
1433 3866 1721 3931 ἀπεικάζει

143 3951 309 4023 λόγῳ,
351 3953 428 4024 τῷ
456 3970 517 4006 τε
554 3954 696 4008 κατὰ
721 3955 985 4022 διάνοιαν,
1014 3958 1107 4010 καὶ
1137 3957 1216 4029 τῷ
1240 3959 1381 4013 κατὰ
1415 3956 1719 4030 προφορὰν,

142 4042 333 4098 τοῦτον
365 4045 590 4116 γράφων
621 4046 711 4099 τὸν
737 4048 935 4119 τρόπον
957 4065 970 4078 ·
1013 4067 1031 4100 ‹
1065 4049 1235 4104 Τοῦτο
1267 4050 1322 4103 δὲ
1357 4051 1538 4122 ῥᾴδιον
1570 4046 1724 4120 οἶμαι

149 4157 170 4188 ί
207 4139 315 4200 τοῖς
347 4134 404 4192 εὖ
445 4138 698 4210 φρονοῦσι
741 4140 834 4194 καὶ
867 4141 972 4194 ἀπὸ
1010 4143 1205 4214 μικροῦ
1235 4160 1379 4206 τινος
1406 4142 1500 4196 καὶ
1535 4159 1725 4194 ταπει-

147 4248 170 4280 ‹
212 4228 304 4281 νοῦ
349 4229 469 4282 καθ’
501 4232 650 4301 ἡμᾶς
693 4232 1131 4304 παραδείγματος
1169 4233 1410 4302 γνῶναι·
1457 4232 1576 4286 οῦδὲ
1617 4231 1724 4304 γὰρ

153 4338 172 4368 ε
210 4318 301 4371 τὸν
337 4318 431 4372 τοῦ
481 4319 768 4392 ἀνθρώπου
816 4321 973 4390 λόγον
1016 4322 1243 4394 δυνάμει
1296 4324 1392 4378 καὶ
1433 4324 1724 4377 ὑποστάσει

152 4429 172 4460 ε
212 4409 443 4480 χωρίσαι
474 4413 580 4464 τινὶ
616 4412 858 4467 δυνατόν.
895 4415 991 4467 Ἐν
1031 4416 1139 4487 γάρ
1164 4418 1280 4469 ἐστι
1310 4417 1403 4468 καὶ
1426 4413 1619 4468 ταύτόν
1648 4415 1726 4486 τῷ

153 4523 172 4553 ι
211 4501 482 4575 ἀνθρώπῳ
508 4504 538 4556 ό
579 4504 736 4573 λόγος
759 4522 773 4535 ο
802 4505 896 4558 καὶ
923 4506 1097 4560 οὐδέν)⁵
1137 4508 1502 4578 χωριζόμενος
1553 4505 1726 4578 ἑτέρῳ

2395 3267 2453 3325 ἦ(
2487 3260 2636 3317 ΟᾹΡ.
2671 3263 2789 3318 XV.

1785 3378 1790 3384 ·
1835 3353 1992 3410 Voces
2030 3365 2392 3426 praponunlur
2415 3354 2541 3426 illw,
2564 3357 2748 3426 quibus
2787 3356 3071 3412 Marcellus
3094 3359 3399 3426 planissime

1893 3423 2163 3494 abnegavit
2205 3424 2301 3477 Dei
2334 3423 2532 3477 Filium
2564 3423 2584 3478 ἐ
2611 3427 2874 3495 afﬁrmans
2907 3429 3055 3482 illum
3094 3423 3213 3485 esse
3268 3431 3402 3487 Ver-

1893 3497 2013 3549 bum
2043 3511 2180 3547 nunc
2213 3497 2522 3558 immanem,
2563 3512 2702 3548 nunc
2735 3513 3006 3552 emanans.

1893 3589 1963 3640 At
2011 3586 2247 3640 novitius
2281 3585 2382 3640 iste
2429 3588 2659 3653 scriptor
2713 3586 2828 3640 haec
2889 3603 3061 3657 neque
3113 3591 3396 3657 intellexit,

1824 3693 1998 3747 neque
2034 3678 2200 3741 novit,
2249 3693 2421 3748 neque
2449 3677 2579 3731 illud
2625 3678 2771 3732 novit
2813 3681 2957 3748 quod
2990 3682 3103 3736 haec
3148 3683 3396 3753 ignoret:

1825 3787 1943 3841 quae
1977 3781 2154 3825 tamen
2200 3785 2305 3824 non
2356 3771 2568 3824 nescire
2603 3785 2662 3825 se
2688 3770 2984 3840 gloriatur,
3013 3775 3242 3844 qualiter
3268 3779 3401 3834 sub-

1825 3865 2042 3918 sistunt.
2067 3863 2306 3932 Agedum
2345 3876 2494 3928 vero,
2520 3874 2916 3918 reassumeutes
2937 3880 3055 3933 qua:
3079 3867 3221 3920 dicta
3248 3880 3398 3935 sunt,

1826 3955 2111 4009 audiamus
2170 3965 2230 4008 ut
2276 3953 2424 4007 illum
2487 3953 2869 4010 assimilaverit
2915 3957 3148 4012 humano
3185 3959 3397 4015 verbo:

1825 4062 1948 4102 cum
1995 4045 2138 4116 quod
2189 4045 2516 4115 cogitatione
2572 4046 3066 4113 comprehenditur,
3106 4056 3216 4103 tum
3254 4053 3399 4120 quod

1826 4137 2119 4207 profertur.
2149 4136 2224 4190 Ita
2250 4146 2429 4191 autem
2453 4136 2528 4192 ait
2563 4134 2652 4208 [R.
2690 4136 2774 4190 LV
2800 4137 2922 4192 coll.
2953 4154 3006 4207 p.
3045 4139 3116 4195 39
3143 4141 3205 4207 D,
3236 4141 3304 4196 79
3334 4141 3398 4209 Β,

1826 4231 1930 4286 114
1961 4230 2025 4303 D]
2068 4251 2079 4284 :
2121 4248 2140 4281 ι
2187 4228 2366 4284 Facile
2410 4229 2513 4284 hoc
2553 4230 2748 4296 opinor
2797 4231 3174 4300 intelligentes,
3220 4235 3402 4289 animo

1831 4341 1850 4373 ι
1887 4320 2328 4390 comprehensuri
2359 4327 2506 4380 sunt,
2532 4319 2600 4372 ab
2627 4319 2902 4384 humanis,
2926 4319 3275 4374 similitudine
3299 4321 3401 4373 hu-

1832 4432 1852 4465 c
1887 4413 1997 4467 mili
2029 4411 2246 4482 quidem
2271 4411 2360 4464 illa
2385 4420 2438 4464 et
2460 4411 2869 4465 conten~nenda.
2901 4409 3034 4464 Nam
3069 4425 3244 4480 neque
3279 4427 3404 4481 pos-

1832 4527 1850 4560 ‹
1887 4506 2039 4561 sibile
2059 4513 2143 4560 est
2167 4504 2440 4572 cuiquam,
2465 4501 2550 4556 vel
2576 4511 2842 4570 potestate
2870 4511 2924 4556 et
2948 4502 3222 4573 bypostasi
3249 4519 3406 4574 sepa-

153 4618 172 4649 ‹
215 4598 247 4668 ἢ
285 4599 422 4672 μόνῃ
447 4602 512 4670 τῇ
545 4599 636 4670 τῆς
661 4599 909 4672 πράξεως
933 4602 1204 4673 ἐνεργείᾳ.
1239 4620 1258 4652 ι
1303 4602 1390 4654 Ἐν
1415 4601 1470 4653 δὲ
1509 4599 1719 4663 τούτοις

1832 4615 1848 4647 ι
1883 4610 2006 4650 rare
2032 4595 2254 4650 verbum
2286 4594 2429 4663 quod
2459 4593 2511 4646 in
2535 4593 2845 4646 hominibus
2871 4602 2974 4647 est.
3004 4591 3148 4646 Idem
3200 4593 3403 4647 etenim

146 4688 226 4758 τῷ
259 4688 575 4760 προφορικῷ
605 4689 746 4761 λόγῳ
787 4691 1050 4762 κέχρηται
1091 4691 1260 4745 είκόνι
1284 4705 1298 4720 ⁸
1331 4691 1408 4762 τῷ
1436 4691 1494 4744 δέ
1529 4707 1591 4760 γε
1639 4694 1725 4745 ὲν-

145 4780 376 4850 διαθέτῳ
399 4783 456 4833 ὲν
482 4777 561 4844 οἷς
585 4781 759 4835 ταῦτά
780 4799 972 4854 φησιν’
1007 4803 1025 4834 ι
1056 4785 1130 4836 Ού
1161 4784 1268 4855 γὰρ
1296 4783 1408 4855 (57)
1438 4783 1501 4855 δὴ
1533 4782 1724 4854 ἑτέρας

152 4887 170 4918 ι
213 4869 550 4940 ὲτοιμασίας,
579 4865 690 4924 οἷον
731 4871 882 4944 ὕλης,
925 4873 958 4944 ἢ
991 4873 1155 4944 ἄλλης
1180 4874 1322 4938 τινὸς
1352 4873 1721 4944 ἀνθρωπίνης,

152 4979 170 5010 ‹
203 4961 230 5014 ὁ
276 4961 407 5024 Θεὸς
440 4963 607 5016 ἐδεῖτο
637 4964 772 5036 πρὸς
812 4968 1150 5039 κατασκευὴν
1171 5007 1185 5030 ,
1216 4965 1352 5020 ἀλλὰ
1378 4966 1581 5036 ταύτης
1625 4965 1724 5035 τῆς

153 5072 170 5102 r
214 5053 272 5106 ὲν
302 5055 368 5122 τῇ
401 5052 590 5106 ἑαυτοῦ
625 5054 830 5127 διανοίᾳ
855 5058 1188 5127 ὲτοιμασίας.
1237 5057 1387 5110 Ἐπεὶ
1410 5051 1502 5109 οῦν
1529 5055 1724 5108 ἀδύνα-

152 5163 170 5193 ‹
209 5161 302 5196 τον
341 5140 408 5216 ἧν
452 5147 619 5217 χωρὶς
646 5145 804 5216 λόγου
841 5149 934 5201 καὶ
978 5149 1077 5213 τῆς
1125 5149 1430 5222 προσούσης
1471 5149 1550 5220 τῷ
1582 5148 1726 5218 λόγῳ

225 5287 286 5344 ›Ῑ‹
318 5279 414 5337 Ed.
446 5279 646 5346 Puris.,
676 5298 796 5352 pag.
833 5283 954 5338 125.

219 5375 240 5404 ⁵
273 5371 431 5427 Joau.
466 5390 575 5438 ειν,
601 5373 652 5428 6.

224 5511 341 5582 (52)
371 5511 541 5582 Vulgo
566 5511 752 5582 αὐτόν.

228 5581 341 5651 (55)
375 5581 548 5648 Πλὴν
587 5581 662 5650 δὴ

152 5653 219 5706 ὲκ
240 5647 378 5714 τοῦ,
409 5647 607 5720 λέγειν,
641 5647 898 5721 ποτὲμὲν
945 5647 1097 5721 ἔνδον
1131 5647 1294 5702 αὐτὸν
1326 5648 1418 5700 τὸν
1443 5647 1633 5721 λόγον,
1668 5649 1726 5700 ὲν

151 5724 234 5793 τῷ
262 5721 401 5792 Θεῷ,
425 5718 492 5775 ει
514 5735 688 5793 tamen
722 5718 1192 5793 ad'perliciendam
1223 5718 1546 5793 sententiam
1602 5720 1728 5774 dee-

154 5787 251 5864 rit,
275 5787 448 5850 simile
471 5793 618 5862 quid,
647 5787 920 5846 ἁλίσκεται
950 5789 1104 5844 τοῦτο
1137 5789 1330 5856 λέγων.
1375 5787 1447 5842 M.

700 5537 899 5652 Ξότος.
938 5577 1248 5652 Legendum
1288 5576 1616 5652 ΐοιζιεηπλὴν
1645 5577 1724 5652 δέ,
1783 5537 1787 5545 Δ

1836 4705 1857 4740 ι
1890 4700 2166 4754 unumque
2210 4699 2332 4740 cum
2381 4684 2598 4738 homine
2651 4683 2875 4736 verbum
2922 4698 3076 4737 suum
3141 4683 3401 4737 exsistit:

1835 4800 1856 4833 ι
1894 4781 2204 4849 neutiquam
2251 4779 2321 4832 ab
2374 4777 2596 4832 homine
2635 4775 3012 4846 separandum,
3055 4774 3156 4829 nisi
3208 4777 3399 4845 agendi

1840 4891 1859 4924 ι
1895 4872 2006 4928 sola
2035 4871 2265 4926 actione.
2312 4887 2331 4921 ›
2376 4869 2558 4925 Utitur
2583 4867 2670 4922 hic
2692 4868 2802 4935 jam
2830 4866 3075 4935 exemplo
3109 4866 3254 4920 verbi
3279 4882 3405 4935 pro-

1838 4964 1993 5018 lulilli
2028 4979 2043 5016 :
2080 4959 2422 5015 immanentis
2472 4967 2650 5012 autem
2693 4958 2890 5020 denuo,
2928 4955 3020 5010 ubi
3065 4955 3139 5010 ait
3171 4954 3260 5028 [Β.
3293 4955 3402 5010 LIII

1833 5055 1956 5111 coll.
1987 5070 2041 5123 p.
2075 5052 2146 5106 40
2175 5050 2244 5124 Al
2278 5069 2292 5104 :
2327 5071 2345 5103 ι
2383 5049 2564 5121 Neque
2608 5049 2752 5102 enim
2786 5057 3107 5116 apparatnra
3140 5049 3244 5103 ulla
3275 5049 3402 5111 alia,

1837 5165 1855 5198 ι
1899 5159 2090 5214 nempe
2138 5143 2396 5206 materiai,
2456 5142 2535 5195 vel
2584 5137 2886 5207 hujnsmodi
2941 5140 3212 5209 indigebat
3265 5141 3408 5196 Deus

1908 5507 2020 5574 (54)
2051 5505 2221 5574 Vulgo
2249 5505 2368 5576 μέν.

1906 5567 2020 5647 (55)
2054 5567 2221 5644 Vulgo
2249 5567 2518 5647 παρέχειν
2539 5575 2719 5645 νᾶμας
2743 5581 2997 5629 caeterum
3027 5569 3099 5626 cf.
3128 5585 3180 5639 p.
3204 5567 3406 5624 12887.

1907 5584 1919 5636 ί
1928 5579 2000 5631 55
2054 5579 2221 5644 Vulgo
2255 5579 2432 5647 παρέχ

1907 5579 2020 5719 (ὅθί
2051 5647 2224 5719 γυιεο
2250 5647 2432 5719 ειῡτάς.

1908 5716 2020 5789 (57)
2053 5717 2221 5787 Vulgo
2245 5716 2322 5770 δέ.
