3838 6222
456 243 569 336 ass

1129 263 1402 324 EUSEBII
1435 254 1914 318 CIESARIENSIS
1950 249 2102 311 OPP.
2143 246 2328 307 PARS
2362 243 2453 304 IV.
2494 277 2563 289 --
2600 237 3017 303 DOGMATICA.

3618 233 3725 288 936

461 415 489 450 ‹
522 398 768 451 humanae
797 387 1069 446 facultatis
1103 386 1170 441 ad
1184 383 1384 445 mundi
1405 380 1768 438 conditionem
1793 396 1808 432 :
1833 376 1927 432 sed
1947 390 2037 430 so-

2197 370 2388 441 σοφίας
2415 368 2661 439 ἐννοῆσαι
2691 363 2819 436 περὶ
2846 363 2945 434 τῆς
2972 359 3066 414 τοῦ
3091 351 3321 428 ούρανοῦ
3351 348 3725 422 κατασκευῆς.

469 507 489 539 ι
525 489 573 544 Ia
604 487 690 542 illa
732 500 854 555 quae
886 485 1032 536 intus
1059 479 1133 534 illi
1163 486 1282 532 erat
1315 475 1456 546 apud
1478 474 1719 528 animum
1746 476 2039 541 apparatu-

2147 484 2166 517 ι
2197 465 2287 518 τὸν
2318 463 2450 516 Θεδν
2471 457 2696 522 εἰκδτως
2727 456 2852 526 ἔφη,
2894 475 2913 505 ι
2954 447 3170 507 Ἱινίκα
3200 444 3474 517 ἡτοίμαζε
3498 445 3609 498 τὸν
3630 444 3729 497 οὑ-

471 531 488 539 -
526 531 573 544 ...
735 531 854 555 ν..
1173 531 1211 532 η
1352 531 1365 546 ,
1780 531 1831 541 __

464 600 490 636 c
526 596 605 635 ra.
633 579 766 633 Cum
809 590 939 629 vero
980 588 1087 627 non
1110 579 1296 640 posset
1327 569 1465 632 fieri,
1492 577 1550 621 ut
1581 566 1697 620 sine
1723 565 1907 626 verbo,
1950 569 2043 614 aut

2165 556 2347 618 >ανὸν,
2387 545 2797 622 συμπαρήμην
2841 544 3017 610 αὐτῷ.
3051 537 3165 595 Εἶθ’
3199 536 3323 610 ἐξῆς
3350 535 3561 610 προῖὼν
3592 531 3727 604 ὁμοῦ

469 687 492 724 ι
528 670 696 724 verbo
723 682 841 736 quae
865 672 1062 733 praesto
1092 674 1309 730 semper
1336 657 1440 710 fuit
1469 653 1757 724 sapientia,
1783 651 2044 721 cogitaret

467 778 493 811 ι
529 761 597 815 de
628 758 753 814 coeli
780 763 1040 824 apparatu
1085 753 1244 814 Deus,
1284 749 1506 804 omnino
1547 747 1682 799 bene
1715 744 1886 797 dixit:
1912 740 2045 795 Cum

466 866 494 899 ι(
527 849 710 904 calum
734 852 1080 916 pra’pararet,
1109 841 1190 893 illi
1221 857 1326 892 una
1353 839 1565 891 aderam
1584 835 1625 889 ⁸.
1660 854 1678 886 ι
1723 833 2046 903 Progressus

461 941 645 996 adhuc
680 939 981 994 immanens
1019 932 1177 988 simul
1205 946 1325 986 esse
1348 939 1402 983 et
1427 929 1556 984 illud
1581 927 1814 982 Verbum
1844 925 2043 990 docuit,

465 1032 546 1086 ita
575 1031 822 1100 inquiens
855 1025 946 1099 [Β.
981 1025 1067 1078 Lll
1090 1022 1211 1078 coll.
1239 1037 1292 1092 p.
1318 1023 1388 1075 40
1423 1019 1488 1093 υ]
1520 1039 1532 1073 :
1574 1038 1594 1070 ί
1625 1018 1691 1074 Et
1712 1018 1832 1087 quis
1866 1029 2048 1084 quaeso

467 1145 496 1178 ί
532 1126 648 1181 sive
692 1131 1004 1177 sanctorum
1037 1133 1068 1172 e
1098 1117 1267 1172 choro
1293 1112 1627 1184 angelorum,
1670 1124 1763 1164 seu
1812 1108 2046 1160 virorum

470 1236 498 1270 ‹
525 1217 791 1284 iustorum
833 1213 1026 1282 dignus
1049 1206 1181 1264 satis
1203 1213 1322 1261 erat
1347 1205 1667 1275 supplicium
1701 1201 1849 1263 illud,
1883 1216 1910 1251 a
1943 1199 2050 1252 Deo

471 1327 498 1360 ι(
533 1305 896 1378 personaliter
923 1302 997 1356 illi
1031 1301 1360 1356 destinatum
1395 1304 1662 1356 avertere,
1691 1291 1790 1346 nisi
1814 1288 2048 1344 Verbum

469 1419 498 1454 τ
534 1400 687 1460 illud.
711 1397 855 1468 quod
880 1404 1075 1465 praesto
1097 1393 1173 1446 illi
1198 1398 1333 1452 erat,
1359 1398 1414 1443 et
1437 1402 1525 1442 res
1548 1384 1892 1454 confingebat
1913 1396 2049 1436 una:

470 1511 498 1546 τ
532 1492 619 1566 cui
645 1490 813 1547 Pater
841 1488 978 1543 dixit
1016 1487 1148 1540 illud
1182 1500 1200 1539 :
1237 1481 1525 1536 Faciamus
1567 1476 1887 1532 hominem".
1931 1494 1950 1526 ι
1996 1473 2050 1527 In

466 1583 832 1653 sequentibus
853 1580 928 1634 ita
959 1577 1166 1646 liquido
1188 1574 1447 1635 declarat,
1480 1570 1751 1639 quodnam
1783 1567 2055 1622 subintro-

475 1674 708 1730 dncebat
743 1672 1000 1736 Verbum,
1031 1668 1283 1738 inquiens
1317 1682 1330 1715 :
1367 1683 1387 1716 ε
1413 1664 1567 1731 Quod
1601 1662 1644 1717 si
1676 1662 1800 1732 quis
1822 1661 2056 1714 humano

477 1786 502 1821 ι
539 1767 631 1822 illo
655 1767 872 1838 quidem
918 1774 972 1820 et
1013 1764 1208 1831 exiguo
1240 1759 1316 1814 uti
1345 1759 1472 1813 velit
1513 1756 1780 1826 exemplo,
1818 1764 1872 1810 et
1925 1762 2046 1808 tan-

478 1879 506 1912 ’l
541 1875 702 1929 quam
747 1860 816 1913 ad
866 1856 1158 1922 imaginem
1196 1852 1509 1923 quamdam,
1560 1848 1798 1901 divinam
1837 1845 2054 1914 exigere

475 1971 500 2004 ’ί
535 1951 904 2020 operationem
962 1949 1034 2002 ita
1088 1952 1312 2001 statuet.
1352 1940 1504 2008 Quod
1559 1938 1716 1994 sicuti
1750 1945 2050 1990 statuarum

481 2063 501 2095 1
541 2045 697 2098 fictor
722 2041 990 2112 quispiam
1037 2036 1326 2096 excellens,
1359 2041 1589 2086 Statuam
1635 2029 1818 2082 volens
1854 2025 2055 2080 confin-

482 2153 502 2186 ι
537 2147 686 2204 gere,
731 2130 981 2202 inprimis
1018 2135 1077 2193 >14
1112 2127 1255 2182 illius
1280 2125 1502 2186 formas,
1533 2130 1587 2176 et
1615 2132 1900 2189 expressas
1931 2114 2056 2181 figu-

476 2242 502 2276 ‹
540 2238 632 2278 ras
684 2224 830 2277 intus
882 2219 1130 2283 revolvit,
1177 2216 1317 2285 apud
1367 2213 1606 2268 animum
1663 2209 2052 2266 considerans:

475 2333 504 2366 ’ί
543 2325 656 2369 tum
703 2316 917 2383 adaptat
966 2313 1015 2368 ei
1049 2307 1460 2378 longitudinem,
1497 2313 1699 2372 quanta
1738 2299 1968 2357 sufﬁciet
2001 2307 2057 2352 et

477 2427 503 2460 τι
540 2406 882 2463 latitudinem
909 2419 922 2456 :
952 2401 1466 2473 proportionemque
1495 2394 1750 2464 cujusque
1770 2391 1963 2462 partis,
1989 2390 2055 2443 ad

476 2517 504 2551 c
543 2499 708 2553 totius
731 2509 1039 2550 mensuram
1066 2492 1324 2547 decenter
1349 2488 1551 2558 exigit:
1581 2493 1738 2541 curat
1759 2493 1818 2537 ut
1849 2483 1914 2536 ad
1944 2496 2057 2534 ma-

479 2607 506 2642 i
541 2603 670 2644 num
705 2586 777 2641 sit
811 2591 1133 2658 praeparata,
1189 2595 1312 2650 quae
1359 2577 1590 2634 suﬂlciat
1642 2574 1767 2628 aeris
1808 2571 2054 2627 materia.

478 2697 507 2734 ε(
541 2681 719 2750 Atque
754 2677 828 2732 ita
862 2684 1150 2746 postquam
1176 2687 1274 2728 sua
1303 2669 1632 2742 cogitatione
1657 2674 1888 2720 statuam
1920 2678 2058 2733 prue-

478 2787 507 2822 c
544 2766 861 2837 figuraverit
891 2763 1039 2818 illam
1079 2779 1094 2815 :
1128 2761 1390 2815 lustrasse
1424 2773 1545 2813 eam
1594 2771 1652 2811 se
1684 2762 1940 2824 reputans
1976 2752 2060 2806 in-

2143 650 2235 703 καὶ
2262 647 2566 701 ἐνδιάθετον
2590 644 2680 696 τὸν
2704 640 2799 694 τοῦ
2835 637 2969 692 Θεοῦ
3003 636 3173 704 Λόγον
3206 632 3468 704 παρίστη,
3499 629 3729 699 γράφων

2143 742 2285 798 οὕτω
2309 761 2322 773 ο
2386 760 2403 792 ι
2440 734 2536 802 Τίς
2580 737 2689 808 γὰρ
2738 733 2911 796 οὕτως
2949 730 2982 802 ἦ
3014 731 3121 782 τῶν
3169 728 3339 796 ἁγίων
3387 723 3663 792 ἀγγέλων,
3697 717 3728 789 ἦ

2153 855 2170 887 ‹
2209 833 2416 905 ἀνδρῶν
2457 829 2680 884 δικαίων
2720 824 3028 891 ἀξιόπιστος
3074 815 3143 892 ἦν
3187 819 3289 890 τὴν
3337 819 3401 870 ἐκ
3433 811 3730 886 προσώπου

2153 944 2172 976 ι
2213 901 2319 977 1:05-
2340 921 2477 975 Θεοῦ
2518 919 2825 990 ὁρισθεῖσαν
2855 913 3005 983 αύτῷ
3047 905 3318 980 τιμωρίαν
3355 903 3542 966 λῦσαι,
3570 902 3621 956 εἰ
3662 901 3733 972 μὴ

2153 1033 2172 1064 ι
2203 1013 2364 1075 αὐτὸς
2401 1013 2430 1065 6
2471 1011 2663 1078 Λόγος,
2691 1009 2720 1060 6
2767 1002 3070 1075 συμπαρών
3107 1019 3165 1054 τε
3212 1000 3304 1054 καὶ
3344 996 3734 1068 συμπλάττων,

2155 1127 2173 1158 ι
2208 1102 2343 1176 πρὸς
2375 1099 2433 1156 ὃν
2462 1105 2490 1154 6
2518 1100 2706 1172 Πατὴρ
2728 1142 2742 1160 ,
2781 1095 3127 1163 Ποιήσωμεν
3154 1091 3468 1160 ἄνθρωπον
3487 1130 3502 1149 ,
3533 1087 3680 1156 ἔφη;
3715 1105 3732 1135 ι

2150 1198 2370 1261 Τούτοις
2402 1194 2527 1262 ἐξῆς
2553 1193 2804 1260 διασαφεῖ
2831 1191 2858 1242 6
2882 1191 3031 1243 ποῖον
3056 1185 3262 1253 εἰσάγει
3287 1181 3444 1250 λόγον
3468 1177 3703 1250 φάσκων
3722 1197 3735 1207 ·

2156 1309 2174 1341 ι
2209 1287 2323 1342 ἀλλ’
2359 1287 2411 1339 εἷ
2437 1303 2522 1348 τις
2554 1282 2736 1354 μικρῷ
2780 1298 2884 1333 τινι
2928 1278 3023 1330 καὶ
3055 1274 3376 1346 ἀνθρωπίνῳ
3421 1271 3547 1324 καθ’
3587 1270 3740 1341 ἡμᾶς

2159 1400 2178 1434 ι
2219 1377 2618 1449 παραδείγματι
2644 1373 2955 1446 χρώμενος,
2989 1369 3064 1432 ὡς
3094 1367 3181 1421 διὰ
3213 1365 3418 1427 εἰκόνος
3443 1363 3546 1434 τὴν
3586 1361 3741 1413 θείαν

2161 1491 2178 1523 ι
2213 1470 2452 1537 ἐξετάζοι
2498 1465 2728 1539 πρᾶξιν,
2762 1463 2949 1532 ὥσπερ
2978 1461 3044 1516 ἂν
3076 1458 3130 1512 εί
3167 1473 3250 1522 τις
3290 1453 3744 1527 ἀνδριαντοποιδς

2161 1581 2179 1614 ‹
2221 1563 2535 1631 ἐπιστήμων
2587 1556 2755 1628 ἀνὴρ,
2804 1550 3092 1626 ἀνδριάντα
3144 1548 3344 1602 πλάσαι
3391 1547 3743 1618 βουλόμενος,

2160 1671 2180 1704 ι
2218 1651 2430 1724 πρῶτον
2462 1649 2559 1719 μὲν
2584 1647 2704 1710 τοὺς
2727 1643 2938 1706 τύπους
2970 1639 3136 1694 αὐτοῦ
3163 1640 3257 1692 καὶ
3292 1639 3660 1709 χαρακτῆρας
3689 1639 3747 1688 ἐν

2163 1763 2183 1798 r
2215 1743 2393 1814 ἐαυτῷ
2427 1743 2652 1795 σκοπεῖ·
2695 1739 2884 1791 ἔπειτα
2925 1733 3123 1798 πλάτος
3161 1750 3222 1786 τε
3249 1733 3342 1785 καὶ
3373 1731 3583 1802 μῆκος,
3619 1729 3748 1782 ὅσον

2165 1855 2185 1888 ι
2223 1835 2511 1906 εὐπρεπὲς,
2546 1832 2715 1884 ἐννοεῖ
2739 1845 2751 1858 ·
2783 1826 3072 1894 ἀναλογίαν
3114 1841 3173 1877 τε
3214 1821 3306 1876 τοῦ
3337 1821 3540 1884 παντὸς
3575 1823 3636 1873 ἐν
3667 1814 3746 1888 τῷ

2165 1947 2183 1979 ι
2217 1925 2338 1980 καθ’
2371 1925 2600 1978 ἕκαστον
2627 1920 2866 1985 ἐξετάζει
2898 1916 3084 1990 μέρει,
3115 1913 3314 1987 χαλκοῦ
3347 1930 3404 1966 τε
3434 1913 3536 1984 τὴν
3566 1912 3746 1984 πρόσ-

2165 2038 2183 2071 ‹
2217 2034 2379 2089 φορον
2406 2012 2698 2085 ἑτοιμάσας
2725 2010 2877 2081 ὓλην,
2904 2009 2999 2062 καὶ
3035 2008 3125 2060 τον
3149 2002 3405 2076 ἐσόμενον
3445 2001 3745 2073 ἀνδριάντα

2166 2129 2183 2161 ι
2214 2113 2280 2181 τῇ
2317 2106 2506 2162 ἐαυτοῦ
2547 2098 2908 2176 προτυπὼσας
2945 2099 3185 2168 διανοίᾳ,
3221 2099 3314 2151 καὶ
3356 2094 3565 2164 νοητῶς
3612 2091 3745 2164 δρᾷν

2166 2221 2187 2256 ι
2223 2202 2471 2273 νομίσας,
2506 2195 2758 2259 συνειδὼς
2785 2212 2845 2248 τε
2877 2191 3054 2263 ἐαυτῷ
3082 2190 3361 2261 συνεργεῖν
3385 2186 3480 2240 τὸν
3504 2185 3672 2252 λόγον

2166 2313 2185 2344 ι
2221 2292 2528 2362 λογίζεται,
2575 2289 2670 2342 καὶ⁵
2711 2281 2756 2355 ᾧ
2802 2284 2978 2340 πάντα
3033 2283 3293 2355 π’ράττειν
3337 2278 3526 2331 εἴωθεν
3570 2275 3748 2346 (οὐδὲν

2166 2403 2184 2434 ι
2223 2381 2332 2453 γάρ
2381 2379 2492 2450 (58)
2525 2378 2621 2450 ’μὴ
2668 2376 2812 2448 λόγῳ
2860 2375 3142 2446 γινόμενον
3190 2371 3396 2440 καλὸν),
3439 2369 3749 2441 ἀρχόμενος

2167 2494 2185 2527 ι
2217 2475 2314 2545 τῆς
2365 2473 2628 2544 αἰσθητῆς
2674 2470 2877 2539 ταύτης
2924 2465 3208 2540 ἐργασίας,
3251 2463 3389 2536 πρὸς
3428 2462 3647 2526 ἐαυτὸν,
3673 2460 3750 2524 ὡς

2169 2586 2188 2620 ι
2224 2567 2362 2638 πρὸς
2393 2567 2599 2637 ἕτερον,
2635 2559 3063 2635 παρακελεύεται
3107 2557 3300 2626 λέγων,
3331 2557 3467 2624 Ἀγε
3508 2555 3748 2626 ποιήσω-

2168 2680 2188 2714 (
2232 2678 2353 2732 μεν,
2388 2659 2487 2728 ἄγε
2517 2657 2809 2726 πλάσωμεν
2844 2652 3136 2725 ἀνδριάντα
3160 2667 3173 2679 ο
3211 2647 3382 2713 οὕτως
3409 2650 3438 2700 6
3467 2647 3582 2700 τῶν
3615 2646 3748 2700 ὅλων

2170 2773 2189 2806 1
2220 2753 2484 2820 δεσπότης
2536 2749 2668 2812 Θεὸς
2694 2789 2708 2811 ,
2760 2746 2852 2800 τὸν
2896 2744 3137 2815 ἔμψυχον
3185 2743 3250 2795 ἐκ
3301 2743 3404 2812 γῆς
3453 2739 3750 2811 ἀνδριάντα

2169 2863 2190 2896 ‹
2231 2843 2420 2908 ποιῶν,
2441 2843 2541 2895 ούκ
2567 2840 2710 2911 ἄλλῳ
2737 2840 2843 2891 τινὶ
2862 2836 2996 2890 ἀλλά
3024 2835 3100 2906 τῷ
3123 2833 3315 2888 ἑαυτοῦ
3347 2829 3752 2902 παρεκελεύετο

2171 2954 2189 2988 ι
2229 2935 2408 3004 Λόγῳ,
2437 2931 2786 3000 Ποιήσωμεν
2801 2926 3133 2994 ἄνθρωπον,
3161 2923 3353 2991 λέγων,
3381 2943 3398 2974 ι
3419 2919 3522 2973 Διά
3545 2917 3752 2971 τούτων

480 2879 509 2914 ‹
544 2861 762 2916 tellectu
792 2873 892 2914 suo
937 2858 1195 2912 conscius
1244 2853 1507 2908 rationem
1543 2849 1708 2914 illam,
1753 2862 1850 2917 per
1895 2861 2057 2916 quam

485 2969 508 3004 ι
549 2951 904 3007 ratiocinatur
925 2962 1110 3004 secum
1143 2961 1250 3001 una
1273 2943 1556 3013 cooperari
1598 2957 1700 2997 nec
1725 2955 1783 2996 se
1815 2939 1930 2995 sine
1964 2953 2056 2992 ra-

482 3061 507 3095 ‹
545 3044 689 3098 tione
734 3040 1026 3112 quidquam
1069 3011 1393 3094 construere
1433 3052 1446 3088 :
1491 3033 1650 3106 (nihil
1703 3033 1849 3087 enim
1897 3031 2055 3102 plane

2166 3027 2409 3097 ἐναργῶς
2421 3025 2517 3079 καὶ
2543 3022 2840 3078 ἐνδιάθετον
2868 3019 3058 3089 Λόγον,
3075 3011 3119 3086 ᾧ
3139 3012 3502 3083 διαλογίζεται
3525 3028 3634 3075 τις,
3661 3011 3751 3064 καὶ

483 3151 511 3186 ι
545 3135 689 3204 quod
709 3143 859 3188 caret
879 3132 1089 3186 ratione
1109 3128 1324 3199 placere
1345 3103 1543 3197 potest,
1566 3133 1626 3179 ut
1644 3122 1948 3193 pulchrum)
1969 3121 2055 3176 ubi

2168 3117 2519 3190 προφορικὸν,
2545 3109 2588 3184 ᾧ
2617 3114 2959 3182 διαλέγεται,
2991 3109 3238 3183 προσῆψε
3269 3105 3348 3178 τῷ
3380 3105 3501 3178 Θεῷ
3524 3145 3540 3167 ,
3578 3103 3751 3158 τοιοῦ-

491 3243 511 3276 α
547 3239 834 3295 aggressus
867 3221 1028 3276 fuerit
1048 3222 1164 3275 ‘hoc
1190 3194 1443 3275 sensibile
1467 3231 1624 3271 suum
1649 3229 1806 3284 opus,
1864 3223 2055 3268 semet-

2167 3213 2256 3265 τόν
2287 3227 2409 3264 τινα
2434 3249 2449 3275 ,
2475 3204 2584 3262 οἷον
2610 3206 2702 3263 τὸν
2727 3207 2849 3261 καθ’
2881 3207 3060 3278 ἡμᾶς,
3093 3205 3188 3258 καὶ
3212 3203 3302 3257 τὸν
3335 3203 3393 3255 ἐν
3421 3201 3500 3271 τῷ
3529 3198 3656 3272 Θεῷ
3684 3194 3751 3252 εἴ·

492 3334 511 3366 ε
549 3314 724 3384 ipsum
750 3311 966 3379 affatur,
1004 3310 1168 3367 veluti
1192 3309 1379 3374 alium,
1410 3306 1769 3371 adhortando,
1811 3319 1944 3375 age,
1979 3303 2055 3356 in-

2169 3321 2257 3356 ναι
2287 3303 2455 3372 Λόγον
2483 3300 2648 3354 ύποθέ
2655 3317 2830 3373 μενος.

486 3428 514 3463 ‹
553 3411 769 3482 quiens,
799 3410 1119 3465 faciamus:
1158 3421 1277 3478 age,
1314 3405 1582 3476 fingamus
1629 3411 1886 3458 statuam.
1942 3401 2024 3454 Ad
2089 3401 2250 3455 istum
2297 3400 2512 3455 modum
2559 3400 2934 3452 universorum
3006 3394 3270 3449 Dominus
3340 3392 3505 3456 Deus,
3559 3405 3593 3444 e
3623 3389 3754 3444 limo

492 3523 514 3558 ι
553 3504 847 3560 animatam
883 3501 1220 3558 conﬁcturus
1259 3507 1529 3560 statuam;
1568 3510 1674 3550 non
1732 3493 1896 3548 alium
1937 3491 2205 3559 quemvis,
2252 3493 2348 3547 sed
2397 3506 2554 3546 suum
2624 3489 2792 3560 ipsius
2850 3486 3046 3541 affatur
3109 3485 3286 3554 λόγον,
3336 3485 3614 3552 inquiens,
3642 3484 3757 3538 Fa-

493 3615 516 3650 c
549 3599 749 3652 ciamus
777 3595 1060 3649 hominem.
1101 3611 1120 3644 ι
1158 3589 1216 3646 ln
1251 3591 1390 3654 istis,
1439 3589 1513 3643 ita
1547 3588 1698 3642 clare
1723 3585 1931 3656 afﬁngit
1955 3587 2085 3651 Deo,
2127 3600 2252 3640 cum
2286 3583 2521 3640 Verbum
2593 3584 2919 3646 immanens,
2955 3595 3064 3656 quo
3101 3595 3222 3634 cum
3254 3580 3392 3634 solet
3424 3580 3548 3648 quis
3581 3579 3754 3634 collo-

487 3689 605 3762 qui,
629 3697 742 3743 tum
772 3685 1007 3742 Verbum
1037 3698 1319 3749 emanaus,
1349 3697 1448 3754 per
1477 3681 1620 3752 quod
1652 3680 1792 3736 solet
1813 3653 2071 3748 colloqui,
2114 3677 2438 3749 imaginatus
2487 3675 2721 3732 Verbum
2768 3674 2862 3728 Dei
2915 3653 3154 3728 divinum
3185 3711 3201 3737 ,
3251 3671 3518 3740 ejusmodi
3588 3672 3755 3741 quale

489 3781 714 3839 verbum
741 3789 984 3834 nostrum
1015 3785 1123 3833 est.

1117 3869 1268 3925 CAP.
1313 3869 1357 3925 X
1370 3868 1454 3926 Vl.

669 3986 955 4056 Refutalur
981 3999 1220 4053 perversa
1243 3983 1402 4052 hujus
1436 3982 1662 4037 hominis
1697 3983 1890 4053 opinio.

2800 3860 2956 3913 ΚΕΦ.
2997 3856 3116 3927 ιςτ.

2393 3977 2687 4046 Ἔλεγχος
2715 3971 2829 4043 τῆς
2863 3971 3119 4040 τάνδρὸς
3155 3970 3536 4036 κακοδοξίας.

565 4099 680 4156 Non
737 4107 821 4154 est
860 4112 996 4167 opus
1045 4103 1103 4150 ut
1137 4096 1364 4151 ulterius
1401 4105 1709 4166 satagamus
1761 4094 2055 4162 ostendere,

2241 4090 2424 4145 Ταῦτα
2453 4091 2548 4160 μὲν
2597 4083 2689 4141 οὖν
2731 4087 2910 4140 πάντα
2945 4084 3020 4148 ὡς
3065 4083 3334 4156 ἀρνητικά
3367 4084 3632 4152 τυγχάνει
3668 4083 3752 4138 τοῦ

489 4191 636 4263 quod
682 4206 778 4260 per
825 4190 926 4242 ista
961 4197 1184 4258 negatur
1227 4186 1318 4241 Dei
1356 4185 1568 4243 Filius:
1603 4187 1972 4241 tantummodo
2002 4191 2055 4240 ac

2173 4183 2304 4238 Υἱοῦ
2333 4180 2424 4235 τοῦ
2452 4179 2586 4233 Θεοῦ
2610 4179 2763 4232 οὐδὲν
2790 4172 3393 4249 προσεπεξεργάζεσθαι
3421 4173 3539 4226 δεῖ·
3571 4176 3753 4233 τοσοῦ-

495 4285 822 4351 interrogata
859 4279 1203 4348 respondeat.
1259 4276 1314 4332 Si
1346 4294 1483 4332 unus
1517 4289 1634 4333 erat
1667 4280 1825 4340 Deus,
1863 4293 1961 4333 nec
2000 4278 2055 4332 at

2170 4294 2260 4330 τον
2308 4275 2364 4328 δὲ
2419 4269 2571 4344 οἶμαι
2607 4271 2906 4343 προσήκειν
2938 4269 3304 4340 ἐπερωτῆσαι.
3341 4269 3405 4321 Εἰ
3441 4267 3556 4339 (59)
3686 4264 3753 4328 εἷς

490 4388 558 4429 eo
584 4373 873 4443 quidquam
905 4387 920 4423 :
960 4384 1064 4424 non
1096 4369 1272 4434 Pater,
1305 4383 1410 4422 non
1442 4367 1648 4422 Filius:
1677 4384 1934 4438 quorsum
1964 4369 2055 4422 ista

2174 4367 2306 4430 Θεὸς
2345 4361 2413 4436 ἦν
2433 4407 2447 4430 ,
2475 4362 2570 4418 καὶ
2597 4363 2747 4416 οὐδὲν
2773 4363 2956 4434 ἕτερον
2975 4403 2990 4427 ,
3017 4362 3078 4414 ού
3111 4361 3301 4432 Πατὴρ
3320 4401 3334 4422 ,
3364 4361 3465 4432 οὐχ
3504 4360 3643 4425 Υἱὸς
3666 4402 3681 4425 ,
3710 4360 3752 4412 τί

495 4463 735 4529 numina,
780 4461 1110 4517 mentiuntur
1143 4473 1314 4514 sacra:
1335 4459 1584 4516 Litterae?
1613 4459 1742 4530 quid
1772 4462 2055 4516 dissimulal

2175 4459 2530 4529 κατεψεύδετο
2559 4455 2665 4508 τῶν
2699 4453 2952 4508 τοιούτων
2976 4452 3254 4522 ὀνομάτων
3284 4455 3316 4523 ἡ
3351 4453 3587 4523 Γραφής
3631 4451 3751 4504 τίδὲ

494 4553 801 4618 Marcellus,
837 4553 962 4606 dum
990 4550 1084 4620 qui
1109 4564 1215 4604 non
1238 4560 1321 4605 est
1345 4547 1534 4615 Filius,
1558 4551 1650 4604 sed
1690 4547 1941 4615 Verbum,
1975 4565 2055 4619 ap-

2174 4554 2268 4606 καὶ
2315 4549 2477 4614 αὐτὸς
2521 4547 2839 4620 Μάρκελλος
2887 4545 3278 4618 ὑποκρίνεται,
3326 4545 3418 4597 τον
3481 4544 3562 4616 μὴ
3613 4544 3748 4604 Υξὸν,

495 4646 659 4713 pellat
700 4657 877 4699 tamen
914 4643 1128 4698 Filium.
1177 4641 1421 4712 Cumque
1467 4641 1770 4711 exemplum
1820 4643 2055 4696 adhibeat

2173 4643 2310 4698 ἀλλὰ
2339 4643 2530 4711 Λόγον,
2581 4640 2710 4694 Υἱὺν
2753 4637 3073 4702 ἀποκαλῶν;
3105 4637 3217 4690 Καὶ
3264 4637 3454 4708 ἐπειδὴ
3493 4638 3750 4708 κέχρηται

494 4733 646 4794 verbi
675 4738 914 4804 humani,
946 4736 1228 4791 dicendum
1259 4746 1364 4801 est,
1404 4735 1544 4804 quod
1574 4749 1676 4788 non
1706 4735 1880 4788 omnis
1906 4735 2068 4788 homo

497 4831 623 4888 licet
675 4830 886 4884 ratione
943 4828 1219 4896 praeditus,
1268 4837 1325 4881 et
1356 4825 1694 4896 congenitum
1738 4825 1788 4877 in
1823 4839 1881 4879 se
1910 4825 2068 4894 logon

496 4921 800 4993 possidens,
837 4918 1001 4972 filium
1043 4919 1228 4980 habet,
1261 4925 1320 4970 ut
1349 4915 1652 4970 necessario
1689 4915 1828 4970 filius
1858 4916 1929 4968 sit
1983 4915 2070 4968 di-

498 5028 712 5071 versum
737 5012 862 5081 quid
893 5025 922 5063 a
951 5009 1090 5080 logo.
1127 5009 1184 5064 Si
1221 5024 1348 5079 ergo
1372 5009 1588 5072 dixerit,
1621 5008 1781 5061 Deum
1813 5008 1864 5060 in
1903 5022 1961 5061 se
1992 5007 2070 5061 lo-

493 5123 602 5178 gon
626 5105 897 5169 habuisse,
927 5117 1026 5157 nec
1053 5111 1312 5169 praeterea
1340 5100 1653 5170 quidquam,
1673 5115 1795 5154 cum
1823 5114 1928 5169 quo
1957 5100 2069 5154 col-

574 5228 635 5289 ›Ῑ‹
663 5222 761 5277 Ed.
793 5219 992 5283 Paris.,
1017 5233 1136 5289 pag.
1169 5216 1294 5271 126.

577 5317 600 5349 ⁸
630 5316 789 5371 Prov.
820 5332 938 5383 vm,
968 5315 1057 5369 27.
1135 5315 1154 5344 ⁷
1179 5310 1313 5366 Gen.
1341 5325 1381 5376 ι,
1419 5307 1507 5363 26.

591 5431 680 5505 ξε)
710 5431 880 5505 Υιηεο
907 5430 969 5505 τὸ
995 5431 1091 5502 μή·

595 5503 688 5574 59)
712 5503 883 5574 Vulgo
915 5503 994 5556 δέ.

593 5559 684 5642 60)
744 5559 846 5638 Τῷυ
873 5574 942 5627 ἐν
976 5559 1327 5639 ἀνθρώποις.
1360 5567 1518 5642 Vulg.
1563 5567 1813 5642 οὐρανοῖς
1845 5576 2073 5642 :__et:ror

499 5630 1015 5707 cx‘abhreviatione,
1045 5630 1214 5705 ἀνοις,
1246 5630 1345 5697 hoc
1372 5630 1493 5706 εειξ
1499 5630 1824 5707 ἀνθρώποις.
1861 5633 1929 5686 Μ.
1961 5630 2073 5702 [Sic

2176 4737 2576 4809 παραδείγματι
2605 4733 2714 4806 (60)
2740 4734 2818 4804 τῷ
2863 4733 2921 4786 ἐν
2954 4729 3264 4803 ἀνθρώποις
3289 4731 3434 4802 λόγῳ
3455 4773 3470 4793 ,
3513 4731 3746 4788 λεκτέον.

2177 4828 2252 4891 ὡς
2279 4827 2340 4880 ού
2370 4828 2477 4888 πᾶς
2507 4823 2790 4894 ἄνθρωπος
2826 4823 2942 4876 υἱὸν
2985 4821 3118 4892 ἔχει,
3146 4819 3365 4888 λογικὸς
3407 4817 3520 4880 ὢν,
3559 4823 3658 4875 καὶ
3676 4822 3748 4872 τὸν

2178 4916 2396 4986 συμφυῆ
2444 4914 2601 4981 λόγον
2629 4914 2687 4965 ἐν
2730 4912 2876 4983 αὐτῷ
2918 4910 3274 4983 κεκτημένος.
3319 4909 3534 4964 Οὐκοῦν
3582 4912 3749 4980 ἓτεῴδ

2174 5009 2225 5062 τί
2260 5013 2405 5062 ἐστιν
2438 5008 2563 5072 Υἱὸς
2593 5008 2743 5078 παρά
2773 5007 2865 5060 τὸν
2907 5006 3082 5072 λόγον.
3113 5004 3215 5056 Τὸν
3243 4999 3336 5056 οῦν
3364 5001 3502 5056 Θεὺν
3533 5007 3587 5057 εἰ
3614 5003 3748 5068 λόγον

2178 5099 2322 5171 ἔχειν
2354 5103 2412 5154 ἐν
2453 5101 2629 5171 ἐαυτῷ
2671 5101 2869 5170 φάσκοι
2896 5099 2991 5152 καὶ
3023 5096 3134 5168 (61)
3164 5095 3313 5149 οῦδὲν
3341 5096 3537 5166 ἕτερον
3561 5137 3579 5158 ,
3672 5097 3749 5148 καὶ

2180 5424 2300 5478 dedi
2361 5437 2506 5493 corr.
2533 5491 2541 5493 Α
2564 5417 2824 5493 secutus].

2250 5494 2362 5562 (61)
2398 5491 2589 5547 Οὐδὲν
2608 5483 2831 5559 ἓτεροᾶι.
2866 5491 3024 5547 Deest
3057 5491 3192 5547 forte
3215 5489 3248 5561 ἢ
3273 5489 3458 5558 λόγον,
3483 5484 3528 5560 ᾧ
3555 5487 3659 5546 καί.
3683 5483 3740 5543 ιι.

2182 5593 2246 5606 -—
2278 5565 2451 5634 Supra
2494 5564 2648 5634 vulgo
2685 5563 2902 5635 (pituita.
