3838 6222
166 320 271 377 957

1120 321 1211 377 DE
1239 319 1771 378 ECCLESIASTICA
1796 315 2196 374 THEOLOGIA
2232 317 2363 375 LIB.
2405 318 2471 375 ιι.

3301 321 3409 380 958

163 436 438 499 διενοεῖτο,
481 428 526 503 ᾧ
559 433 659 488 καὶ
686 433 822 507 πρὸς
851 433 1041 488 ἐαυτὸν
1064 434 1351 503 διελέγετο,
1382 435 1733 504 Ποιήσωμεν

1841 431 2168 504 loquebatur,
2202 431 2488 489 Faciamus
2502 435 2781 505 hominem,
2811 435 3081 507 inquiens,
3127 438 3256 508 quid
3280 452 3409 495 eum

162 524 495 595 ἄνθρωπον,
539 524 713 593 λέγων
750 541 765 555 ο
790 525 843 579 τί
881 526 974 579 καὶ
1004 524 1180 595 μάτην
1212 524 1326 577 υἱὸν
1352 525 1639 597 όνομάξοις
1670 524 1737 579 Τί

162 616 221 668 δὲ
255 616 351 686 τὴν
389 615 711 687 Ἐκκλησίαν
734 614 1115 686 ύποκρίνεται;
1152 614 1217 668 Τί
1252 615 1332 678 δὲ,
1365 616 1439 687 μὴ
1468 614 1737 669 πιστεύων

162 708 244 770 είς
274 709 365 760 τὸν
393 707 519 760 Υίὸν
551 707 647 761 τοῦ
677 707 811 760 Θεοῦ
856 710 1232 779 προσποιεῖται
1259 706 1533 761 πιστεύειν
1552 747 1568 772 ,
1606 724 1740 778 σχη-

163 796 525 869 ματιζόμενος
569 794 659 848 διά
702 794 797 848 τοῦ
848 795 942 849 τὸν
988 795 1159 864 Λόγον
1205 796 1297 850 τὸν
1362 798 1421 850 ἐν
1490 796 1569 868 τῷ
1620 795 1739 867 Θεῷ

162 887 296 941 Υίὸν
331 886 663 954 ἀποκαλεῖν;
694 887 885 957 Σαφῶς
930 888 1025 941 τοῦ
1056 887 1493 960 παραδείγματος
1539 886 1735 958 μακρῷ

159 978 437 1032 διεστάναι
474 978 815 1043 διδάσκοντος
862 979 953 1033 τὸν
1002 979 1238 1051 ἔμφυτον
1284 981 1341 1033 ἐν
1383 979 1526 1051 ψυχῇ
1578 979 1737 1049 λόγον

160 1069 318 1141 παρὰ
341 1070 432 1123 τὸν
462 1069 527 1124 ἐκ
554 1088 697 1134 τινος
728 1070 1075 1142 γεννηθέντα,
1109 1071 1204 1125 καὶ
1241 1071 1360 1125 καθ’
1413 1071 1602 1125 ἐαυτὸν
1635 1073 1737 1140 ὐφ-

158 1160 376 1213 εστῶτα
400 1200 415 1225 ,
467 1160 562 1214 καὶ
620 1158 796 1225 ζῶντα
816 1199 832 1224 ,
892 1161 985 1214 κα)⁸
1040 1160 1365 1231 ἐνεργοῦντα
1413 1161 1561 1215 Υίόν.
1598 1160 1736 1215 Ἀλλ’

157 1253 265 1305 οὐκ
318 1250 428 1321 ἐγὼ
452 1292 467 1316 ,
516 1252 649 1323 φησὶ
672 1291 688 1316 ,
746 1251 823 1314 ὡς
868 1251 1014 1315 εἰκὸς
1037 1292 1053 1319 ,
1094 1252 1209 1305 ἀλλ’
1245 1254 1274 1303 6
1313 1252 1453 1316 θεῖος
1503 1253 1737 1323 εὐαγγε-

159 1342 353 1415 λιστὴς
402 1343 572 1411 Λόγον
631 1342 790 1398 αὑτὸν
838 1346 1151 1414 προσεῖπεν.
1208 1343 1522 1397 Ἀκόλουθον
1558 1344 1738 1398 τοίνυν

159 1437 249 1507 εἴη
280 1436 346 1489 ἂν
380 1437 473 1489 καὶ
498 1436 643 1506 ἡμᾶς
668 1435 840 1507 τούτῳ
860 1434 1237 1505 συνομολογεῖν
1264 1434 1401 1505 (58).
1430 1435 1558 1501 Ναὶ,
1588 1436 1732 1507 φημὶ

160 1525 260 1579 καὶ
290 1525 473 1589 αὑτός.

804 1613 962 1669 ΚΕΦ.
1000 1614 1098 1669 ΙΖ’.

242 1708 548 1777 Ἐρμηνεία
574 1706 682 1775 τῆς
708 1704 976 1775 ἀληθοῦς
1002 1702 1269 1771 διανοίας
1309 1705 1417 1760 τοῦ
1448 1707 1662 1776 Λόγου.

1837 534 1890 578 et
1918 523 2117 579 frustra
2152 525 2387 592 quidem,
2417 526 2647 596 appellat
2670 527 2911 584 Filium?
2938 528 3076 595 Quid
3109 529 3408 587 Ecclesiam

1838 615 2071 684 decipit?
2099 616 2229 685 quid
2254 631 2378 672 cum
2408 633 2511 672 non
2540 620 2745 686 credat,
2778 620 2929 691 ﬁngit
2987 632 3165 677 tamen
3197 638 3256 679 se
3289 638 3409 680 cre-

1839 707 1964 760 dere
1995 706 2047 760 in
2084 706 2278 763 Filium
2310 708 2439 764 Dei?
2476 720 2661 779 utpote
2685 713 2773 781 qui
2803 713 2969 767 videri
2996 714 3112 769 vult
3148 729 3243 783 per
3276 715 3410 771 Ver-

1838 796 1961 850 bum
2010 796 2203 851 Filium
2248 798 2342 854 Dei
2391 802 2717 858 nominasse.
2753 802 2885 857 Cum
2911 803 3077 873 ipsius
3103 806 3409 874 exemplum

1838 890 2119 960 perspicue
2150 892 2359 956 doceat,
2382 892 2693 961 longissime
2745 897 2943 952 distare
2980 897 3195 950 insitum
3227 899 3409 953 animo

1840 978 1992 1049 Iugon
2028 985 2086 1043 >3
2125 980 2192 1035 ab
2234 980 2325 1037 illo
2371 985 2513 1052 quod
2561 984 2627 1040 de
2665 984 2845 1055 aliquo
2879 999 3300 1056 progeneratur,
3353 1001 3410 1047 et

1839 1085 1933 1139 per
1962 1086 2020 1125 se
2043 1072 2287 1127 subsistit
2318 1084 2373 1127 et
2403 1074 2554 1138 vivit,
2596 1084 2651 1130 et
2689 1087 2963 1145 operatur,
3007 1087 3063 1134 et
3102 1077 3271 1134 Filius
3300 1089 3405 1135 est.

1840 1161 1945 1216 Sed
1972 1164 2218 1219 fortassis
2249 1165 2491 1234 inquiet:
2519 1165 2637 1222 Non
2680 1182 2782 1237 ego
2829 1168 2976 1223 illum
3025 1170 3232 1239 appello
3272 1170 3407 1226 Ver-

1839 1253 1987 1316 bum.
2039 1254 2131 1309 sed
2196 1255 2409 1312 divinus
2455 1257 2779 1327 evangelista
2846 1277 2861 1313 :
2915 1270 2969 1314 et
3026 1276 3123 1316 nos
3168 1261 3297 1317 illud
3326 1263 3410 1331 ip-

1839 1361 1957 1400 sum
2005 1363 2101 1417 par
2140 1356 2226 1404 est
2259 1349 2526 1406 confiteri.
2584 1352 2676 1407 Est
2717 1353 2874 1423 plane
2922 1354 3082 1409 etiam
3130 1371 3251 1412 meo
3289 1356 3408 1411 ani-

1839 1453 1947 1493 mo.

2433 1619 2586 1675 CAP.
2622 1618 2782 1676 XVII.

2078 1706 2225 1763 Vera:
2260 1714 2533 1766 sententiis
2569 1714 2634 1766 de
2674 1710 2837 1767 Verbo
2865 1712 3167 1783 explicatio.

231 1796 380 1867 Πλὴν
418 1797 523 1849 οὐδ’
552 1796 752 1866 ἐτέρως
804 1795 1099 1867 προσήκειν
1130 1789 1283 1865 οῑμαι
1329 1794 1608 1860 ἐξακούειν
1638 1795 1738 1866 τῆς

1909 1799 2017 1857 Sed
2050 1816 2155 1856 non
2185 1803 2346 1858 aliter
2365 1805 2585 1859 omnino
2607 1819 2708 1860 vox
2740 1805 2830 1859 illa
2881 1806 3291 1876 interpretanda
3324 1818 3409 1866 est

156 1889 348 1960 φωνῆς
379 1889 413 1959 ἢ
458 1887 606 1958 αὐτῷ
649 1888 810 1941 πάλιν
861 1886 1333 1959 μαθητευομένους
1380 1885 1461 1957 τῷ
1506 1887 1737 1956 εὐαγγε-

155 1982 318 2052 λιστῇ
388 1979 689 2035 διδάσκοντι
739 1982 919 2034 ὁποῖον
976 1978 1256 2049 διωρίζετο
1304 1976 1505 2046 Λόγον.
1547 1976 1740 2045 Σαφῶς

155 2076 217 2129 δὲ
262 2075 449 2128 τοῦτον
495 2074 732 2145 παρίστη
777 2066 888 2135 οἷός
939 2089 1025 2136 τις
1064 2067 1155 2143 ἦν,
1203 2070 1584 2125 ἐπισυνάπτων
1612 2070 1741 2140 ἑξῆς

158 2168 256 2222 καὶ
292 2167 484 2236 λέγων,
518 2166 628 2220 Kal
670 2162 813 2231 Θεὸς
854 2161 935 2235 ἦν
973 2167 1007 2218 ὁ
1031 2164 1241 2233 Λόγος.
1270 2162 1572 2234 Δυνάμενος
1609 2161 1739 2231 γοῦν

154 2259 362 2321 εἰπεῖν,
403 2256 515 2311 Kal
558 2254 703 2321 Θεὸς
753 2250 835 2325 ἦν
871 2256 906 2308 ό
933 2256 1156 2324 ξΛόγος,
1221 2250 1360 2323 μετά
1384 2254 1482 2324 τῆς
1512 2251 1605 2305 τοῦ
1636 2251 1739 2324 ἄρ-

156 2350 293 2421 θρου
324 2348 660 2421 προσθήκης,
680 2346 733 2399 εί
760 2363 826 2415 γε
852 2345 910 2399 ἓν
938 2346 1034 2399 καὶ
1072 2344 1269 2398 ταύτὸν
1294 2346 1479 2413 ἡγεῖτο
1505 2343 1597 2397 τὸν
1628 2344 1739 2397 Πα-

152 2437 295 2507 τέρα
336 2431 474 2489 εἶναι
505 2435 598 2488 καὶ
638 2434 728 2487 τὸν
757 2434 905 2499 Υίὸν,
951 2432 1119 2486 αὐτόν
1162 2447 1223 2485 τε
1265 2427 1404 2485 εἶναι
1450 2431 1540 2485 τὸν
1567 2431 1739 2499 Λόγον

152 2528 252 2583 τὸν
278 2529 371 2582 ἐπί⁸
403 2527 619 2583 πάντων
669 2526 822 2591 Θεὸν,
856 2524 953 2596 οὐχ
1000 2523 1170 2589 οὕτως
1205 2522 1339 2595 (δι’)
1366 2522 1596 2588 ἐξέδωκε
1641 2522 1740 2595 τὴν

153 2608 399 2693 γραφήν.
426 2621 498 2674 Ἢ
534 2619 664 2689 γὰρ,
695 2638 713 2669 ι
746 2618 857 2671 Kal
885 2615 1020 2671 Θεοῦ
1052 2612 1121 2689 ἦν
1149 2618 1178 2669 6
1215 2616 1386 2685 Λόγος
1416 2634 1435 2667 ι
1473 2615 1638 2687 ἐχρῆν
1670 2616 1742 2667 εί-

154 2716 308 2777 πεῖν,
336 2713 369 2782 ἢ
402 2731 421 2764 ‹
447 2713 476 2765 6
507 2709 638 2774 Θεὸς
675 2706 742 2782 ἦν
772 2711 800 2763 6
828 2710 1019 2778 Λόγος,
1051 2726 1070 2760 ›
1110 2708 1246 2779 μετά
1287 2702 1611 2780 προσθήκης
1642 2705 1738 2760 τοῦ

153 2803 389 2877 ἄρθρου,
433 2805 481 2856 εί
525 2805 592 2875 τῇ
646 2801 967 2873 Μαρκέλλου
1033 2800 1242 2871 διανοίᾳ
1301 2798 1589 2871 σύμφωνον
1641 2798 1739 2869 τὴν

153 2895 384 2969 γραφὴν
427 2896 680 2947 ἐποιεῖτο.
710 2892 848 2945 Νυνὶ
873 2892 929 2945 δὲ
958 2892 1053 2946 καὶ
1082 2891 1243 2945 αὐτὸν
1286 2891 1375 2945 τὸν
1405 2891 1575 2960 Λόγον
1607 2892 1739 2947 Θεὸν

154 2983 302 3044 ιῖναι
334 2986 608 3058 παρίστη,
653 2985 852 3057 ὁμοίως
886 2982 983 3053 τῷ,
1020 2983 1156 3055 πρὸς
1195 2982 1253 3036 ὃν
1278 2979 1347 3055 ἦν
1372 2982 1522 3054 Θεῷο
1558 3000 1742 3053 προει-

156 3077 282 3133 τιὶὼν
312 3077 440 3147 γὰρ,
483 3075 594 3130 Kal
621 3078 655 3129 ό
684 3076 871 3144 Λόγος
906 3071 986 3145 ἦν
1016 3075 1167 3143 πρὸς
1196 3072 1301 3127 τὸν
1334 3074 1502 3139 Θεὸν,
1543 3075 1738 3142 ἐπάγει
1765 3113 1806 3170 C

152 3168 353 3237 λέγων,
383 3165 495 3220 Kal
544 3166 687 3231 Θεὸς
714 3161 794 3235 ἦν
821 3168 853 3219 ὁ
884 3166 1093 3235 Λόγος,
1147 3166 1429 3235 μονονουχὶ
1470 3165 1737 3233 σαφέστε-

156 3280 255 3335 ρον
286 3262 434 3332 ἡμᾶς
475 3259 738 3313 διδάσκων
767 3257 980 3329 πρῶτον
1034 3257 1131 3328 μὲν
1173 3257 1420 3327 ἡγεῖσθαι
1471 3256 1604 3311 Θεὸν
1648 3257 1740 3310 τὸν

155 3355 417 3409 ἐπέκεινα
462 3353 571 3406 τῶν
600 3351 755 3417 ὅλων,
800 3351 961 3404 αὑτὸν
990 3350 1082 3405 τὸν
1121 3349 1214 3402 τοῦ
1271 3349 1443 3418 Λόγου
1490 3349 1738 3420 Πατέρα,

157 3448 300 3518 πρὸς
335 3448 393 3499 ὃν
428 3441 495 3517 ἦν
531 3447 560 3498 6
586 3444 776 3514 Λόγος,
822 3443 1015 3498 ἔπειτα
1045 3443 1159 3513 μετ’
1197 3440 1357 3495 αὐτὸν
1394 3442 1469 3513 μὴ
1503 3442 1739 3510 ἀγνοεῖν,

155 3541 238 3603 ὡς
266 3540 360 3592 καὶ
392 3540 420 3591 ὁ
455 3537 623 3607 Λόγος
654 3536 817 3590 αὑτοῦ
856 3536 884 3587 6
922 3532 1214 3605 μονογενὴς
1246 3533 1391 3597 Υίὸς,
1428 3533 1550 3603 οὐχὶ
1580 3533 1743 3597 αὐτὸς

155 3628 229 3703 ἦν
262 3633 290 3685 ὁ
315 3630 406 3682 ἐπὶ
446 3628 662 3683 πάντων
694 3627 845 3691 Θεὸς,
874 3626 987 3680 ἀλλ’
1023 3627 1103 3679 ὅτι
1135 3626 1228 3679 καὶ
1276 3624 1439 3689 αὐτὸς
1476 3622 1609 3688 Θεὸς
1650 3619 1739 3696 ἦν.

169 3723 235 3777 Ὀ
262 3722 370 3793 γὰρ
403 3741 422 3774 ‹
449 3721 543 3775 καὶ
572 3739 591 3772 ι
632 3718 924 3791 σύνδεσμος
962 3716 1042 3789 τῷ
1094 3717 1270 3789 Πατρὶ
1325 3716 1586 3770 συνάπτει
1642 3716 1742 3787 τὴν

158 3813 390 3884 θεότητα
416 3811 507 3865 τοῦ
560 3809 711 3864 Υίοῦ.
763 3809 853 3862 Διό
901 3826 1053 3881 φησι,
1088 3808 1196 3864 Kal
1218 3811 1250 3862 ὀ
1287 3806 1429 3872 Θεὸς
1452 3803 1532 3877 ἦν
1566 3808 1599 3860 ὁ
1630 3806 1741 3860 Λό-

157 3922 289 3976 γος,
343 3904 409 3957 ἶν’
470 3901 669 3973 ἴδωμεν
710 3901 842 3955 Θεὸν
882 3900 972 3953 τὸν
1005 3901 1098 3953 ἐπὶ⁴
1130 3901 1364 3961 πάντων,
1410 3898 1545 3968 πρὸς
1588 3896 1645 3949 ὃν
1676 3892 1745 3969 ἦν

156 4000 190 4053 6
217 3997 419 4066 Λόγος,
472 3996 561 4049 καὶ
590 3995 722 4049 Θεὸν
765 3994 926 4047 αὑτὸν
963 3993 1053 4048 τὸν
1087 3992 1279 4060 Λόγον.
1324 3992 1521 4044 ’Λκουε
1559 3989 1635 4053 ὡς
1667 3992 1745 4044 εί-

160 4089 299 4143 κόνα
344 4089 437 4141 τοῦ
490 4086 647 4153 Θεοῦ,
691 4086 786 4139 καὶ
819 4086 1003 4139 εἰκόνα
1038 4083 1147 4155 (62)
1180 4085 1279 4153 οὐχ
1320 4082 1397 4145 ὼς
1447 4084 1505 4135 ἐν
1551 4080 1745 4153 ἀψύχῳ

161 4181 290 4252 ὕλῃ,
336 4180 449 4234 ἀλλ’
471 4179 547 4243 ὡς
586 4180 645 4233 ἐν
674 4175 789 4248 Υίῷ
822 4176 1015 4242 ζῶντι,
1065 4175 1160 4229 καὶ
1206 4173 1575 4245 ἀκριϐέστατα
1606 4173 1744 4244 πρὸς

159 4272 263 4344 τὴν
292 4271 595 4342 ἀρχέτυπον
631 4269 858 4339 θεότητα
887 4266 983 4320 τοῦ
1033 4264 1246 4337 Πατρὸς
1288 4263 1739 4335 ἀφωμοιωμένον.

176 4362 335 4415 Ἐπεὶ
372 4361 429 4414 δὲ
457 4361 535 4432 τῷ
577 4359 899 4430 ἀνθρωπίνῳ
946 4356 1089 4428 λόγῳ
1137 4355 1228 4408 τὸν
1252 4353 1349 4408 τοῦ
1391 4355 1524 4408 Θεοῦ
1559 4371 1741 4426 παρα-

1839 1906 1999 1961 quam
2028 1894 2293 1961 quomodo
2318 1908 2416 1948 nos
2455 1894 2641 1948 docuit
2682 1895 2796 1964 ipse
2838 1897 3203 1968 evangelista:
3236 1904 3411 1971 quod-

1840 1998 1963 2037 nam
1995 1983 2111 2053 ipse
2145 1983 2377 2039 Verbum
2409 1984 2693 2055 intelligat.
2737 1986 2790 2041 Id
2818 2002 2946 2042 vero
2986 1989 3224 2045 insinuat
3270 1993 3408 2049 satis

1838 2075 1984 2129 clare
2013 2075 2065 2129 in
2094 2075 2163 2131 iis
2191 2090 2311 2145 qua:
2336 2075 2591 2143 adnectit,
2614 2087 2664 2131 et
2696 2077 2835 2132 Deus
2864 2088 2978 2132 erat
3020 2078 3260 2147 Verbum,
3284 2098 3407 2140 cum

1838 2166 2085 2236 proloqui
2134 2167 2432 2236 potuisset,
2470 2176 2526 2223 et
2571 2167 2663 2223 ille
2702 2168 2879 2238 Deus,
2920 2171 3103 2226 addito
3150 2175 3405 2241 articulo,

1839 2265 1955 2311 erat
1990 2257 2220 2312 Verbum
2246 2298 2261 2321 ,
2295 2258 2341 2313 si
2371 2273 2535 2313 unum
2568 2268 2623 2313 et
2666 2260 2913 2314 eumdem
2938 2301 2954 2327 ,
2999 2271 3055 2316 et
3098 2260 3313 2320 Patrem
3354 2277 3409 2322 et

1837 2346 2031 2402 Filium
2076 2349 2417 2418 appellasset,
2447 2349 2492 2404 si
2533 2347 2762 2405 Verbum
2795 2350 2922 2407 illud
2944 2355 3256 2423 Opinaretur
3288 2371 3412 2413 esse

1838 2438 1985 2493 illum
2013 2437 2181 2494 Deum
2229 2440 2319 2509 qui
2356 2448 2438 2495 est
2468 2454 2633 2510 super
2664 2442 2866 2496 omnia.
2900 2444 3007 2501 Sed
3033 2461 3137 2501 non
3177 2448 3252 2502 ita
3279 2464 3404 2518 pro-

1838 2530 2047 2587 locutus
2076 2540 2179 2587 est.
2226 2531 2360 2586 Nam
2394 2530 2479 2587 vel
2530 2532 2712 2589 dicere
2757 2535 3009 2605 debebat,
3039 2549 3094 2592 et
3142 2540 3234 2595 Dei
3287 2552 3411 2598 erat

1838 2620 2073 2678 Verbum
2096 2664 2110 2685 ,
2141 2624 2224 2676 vel
2255 2621 2399 2680 Deus
2427 2634 2546 2679 erat
2570 2624 2659 2680 ille
2681 2623 2917 2682 Verbum
2942 2645 2956 2682 :
2986 2629 3199 2699 adjecto
3220 2648 3412 2703 nempe

1839 2717 2090 2782 articulo,
2126 2717 2172 2771 si
2208 2732 2331 2773 cum
2366 2717 2607 2775 Marcelli
2657 2721 2925 2777 sententia
2967 2720 3248 2793 Scriptura
3278 2740 3414 2780 con-

1840 2808 2121 2877 spirasset.
2168 2808 2238 2863 At
2282 2825 2427 2865 nunc
2473 2820 2529 2864 et
2578 2811 2753 2881 ipsum
2786 2809 3023 2867 Verbum
3072 2812 3240 2869 Deum
3288 2831 3413 2874 esse

1842 2898 2119 2961 insinuat,
2153 2899 2406 2955 similiter
2442 2900 2519 2955 illi
2554 2901 2680 2966 Deo,
2727 2902 2866 2971 apud
2909 2917 3068 2973 quem
3105 2915 3241 2961 erat.
3274 2906 3408 2964 Nam

1841 3004 1961 3043 cum
2012 2989 2159 3059 prius
2204 2990 2470 3056 edixerat,
2507 2991 2569 3047 Et
2612 2991 2835 3046 Verbum
2882 3005 2996 3048 erat
3044 3002 3183 3064 apud
3218 2997 3409 3067 Deum,

1841 3078 2127 3146 subinfert,
2160 3090 2207 3134 et
2238 3081 2376 3136 Deus
2408 3092 2520 3137 erat
2559 3082 2783 3139 Verbum
2814 3099 2834 3139 :
2861 3084 3174 3155 planissime
3202 3104 3299 3145 nos
3328 3091 3412 3145 in-

1843 3168 2104 3236 formans,
2123 3180 2326 3227 tantum
2355 3189 2463 3230 non
2489 3184 2546 3230 ut
2571 3175 2803 3245 primum
2835 3176 3000 3232 Deum
3034 3178 3181 3234 illum
3208 3181 3411 3239 intelli-

1841 3278 2030 3331 gamus
2077 3277 2219 3329 esse,
2272 3266 2362 3335 qui
2411 3276 2494 3320 est
2535 3282 2696 3336 super
2744 3267 2946 3330 omnia,
2994 3270 3165 3339 ipsum
3218 3287 3411 3344 nempe

1846 3353 2004 3408 Verbi
2053 3354 2307 3421 Patrem,
2367 3356 2507 3425 apud
2553 3372 2711 3426 quem
2753 3365 2871 3412 erat
2912 3358 3180 3427 Verbum;
3216 3371 3326 3418 tum
3356 3366 3410 3419 in

1841 3443 2111 3507 secundis,
2134 3452 2193 3497 ut
2217 3459 2284 3499 ne
2313 3442 2485 3512 ignari
2514 3445 2703 3509 simus,
2728 3445 2871 3515 quod
2896 3457 2951 3501 et
2978 3448 3213 3504 Verbum
3240 3453 3410 3521 ipsius

1843 3535 2147 3604 unigenitus
2167 3535 2340 3591 Filius
2360 3552 2466 3591 non
2519 3548 2634 3592 erat
2663 3540 2882 3608 quidem
2913 3541 3005 3596 ille
3037 3557 3200 3611 super
3227 3548 3407 3600 omnia

1849 3625 1989 3680 Deus
2015 3668 2031 3693 ,
2061 3627 2153 3682 sed
2182 3630 2324 3697 qnod
2355 3639 2409 3683 et
2434 3630 2547 3699 ipse
2566 3631 2727 3684 etiam
2758 3631 2900 3688 Deus
2926 3642 3075 3700 erat;
3104 3636 3410 3706 coniunctio

1842 3716 2039 3769 etenim
2076 3715 2200 3781 illa,
2239 3727 2293 3772 et
2336 3718 2677 3774 divinitatem
2725 3720 2851 3776 Filii
2905 3725 3177 3778 connectit
3205 3704 3405 3792 ram;
3508 3742 3509 3745 γ
3586 3704 3587 3707 γ

1844 3806 1967 3861 inde
1999 3806 2097 3873 ait,
2128 3817 2175 3861 et
2203 3806 2343 3862 Deus
2363 3818 2475 3863 erat
2511 3805 2738 3864 Verbum
2762 3825 2781 3863 :
2806 3821 2862 3865 ut
2891 3812 3060 3867 Deum
3083 3813 3232 3867 illum
3267 3816 3411 3871 scia-

1844 3911 1965 3951 mus
1991 3912 2132 3964 esse,
2160 3897 2251 3966 qui
2283 3906 2368 3952 est
2397 3912 2558 3967 super
2589 3899 2797 3964 omnia,
2828 3900 2966 3969 apud
2993 3915 3154 3970 quem
3184 3911 3237 3955 et
3272 3900 3410 3957 Ver-

1844 3986 1970 4041 bum
1999 3996 2138 4053 erat,
2173 3988 2265 4042 sed
2291 3996 2347 4042 et
2371 3986 2608 4042 Verbum
2634 4003 2846 4058 quoque
2881 3990 3049 4045 Deum
3074 3991 3281 4057 audies,
3304 3991 3412 4047 vel-

1846 4077 1923 4130 uti
1969 4077 2061 4145 qui
2090 4078 2160 4133 sit
2187 4077 2365 4149 imago
2394 4078 2485 4133 Dei
2509 4118 2524 4145 ,
2556 4092 2661 4133 non
2694 4089 2751 4133 ut
2780 4083 2833 4133 in
2860 4081 3085 4135 materia
3115 4081 3408 4137 inanimata

1844 4170 2249 4236 subsistentem,
2311 4172 2406 4226 sed
2460 4180 2519 4225 ut
2552 4172 2605 4225 in
2654 4172 2795 4226 Filio
2832 4172 2955 4227 vivo
2990 4174 3080 4243 qui
3114 4189 3276 4244 quam
3309 4190 3409 4229 ex-

1845 4260 2115 4314 actissime
2144 4268 2495 4330 repraesentat
2530 4261 2856 4331 archetypon
2886 4262 3030 4316 illam
3062 4262 3239 4318 Patris
3271 4264 3411 4319 divi-

1847 4351 2091 4406 nitatem.
2139 4350 2405 4417 Quoniam
2451 4367 2583 4407 vero
2611 4352 2784 4406 visum
2827 4352 3081 4409 Marcello
3122 4353 3225 4408 fuit
3252 4354 3410 4426 logon

164 4453 383 4507 ϐάλλειν
428 4452 601 4505 ἐδόκει
648 4451 973 4523 Μαρκέλλῳ,
1019 4452 1114 4505 καὶ
1161 4451 1312 4520 πόσῳ
1365 4447 1556 4519 βελτίω
1601 4441 1739 4501 εἶναι

1850 4441 1966 4505 Dei,
1999 4454 2186 4497 nostro
2229 4443 2508 4498 hominum
2559 4446 2877 4508 assimilare.
2911 4447 2955 4501 si
3004 4447 3224 4500 omnino
3270 4448 3410 4502 hanc

162 4545 433 4615 φήσομεν,
491 4543 660 4597 εἰκόνι
718 4543 996 4614 χρώμενον
1061 4542 1140 4612 τῷ
1195 4539 1517 4613 ἀνθρωπίνῳ
1574 4538 1737 4607 λόγῳ,

160 4636 341 4706 τούτῳ
370 4634 566 4705 μᾶλλον
589 4632 991 4705 χρήσασθαιτῷ
1012 4630 1433 4703 παραδείγματι,
1457 4629 1550 4682 καὶ
1576 4627 1741 4696 φάναι

162 4729 260 4784 τοῦ
294 4729 423 4800 παρ’
460 4728 590 4799 ἡμῖν
618 4727 775 4795 λόγου
819 4726 1028 4797 πατέρα
1070 4720 1208 4778 εἶναι
1243 4723 1335 4776 τὸν
1369 4722 1512 4785 νοῦν,
1556 4720 1743 4793 ἓτερον

162 4823 294 4876 ὄντα
325 4820 477 4892 παρὰ
503 4819 593 4873 τὸν
624 4819 800 4888 λόγον.
830 4818 934 4872 Τὸν
968 4817 1066 4889 μέν
1094 4817 1204 4887 γὰρ
1236 4813 1370 4885 (62’)
1402 4813 1547 4877 νοῦν,
1592 4813 1744 4874 ὅστις

165 4913 301 4968 me
332 4913 426 4966 καὶ
450 4913 631 4975 ὁποῖος
662 4909 736 4964 ὣν
762 4910 862 4982 τὴν
890 4908 1075 4963 οὐσίαν
1117 4907 1379 4978 ὑπάρχει,
1425 4904 1600 4966 οὐδεὶς
1630 4899 1746 4955 πώ·

165 5020 302 5059 ποτε
330 5002 631 5075 ἀνθρώπων
653 5001 816 5071 ἐγνω,
853 4999 1104 5072 βασιλεὺς
1130 4998 1175 5053 δ’
1198 4992 1287 5052 οἷα
1313 4998 1371 5049 ἐν
1408 4994 1746 5066 ἀπορρήτοις

164 5099 302 5153 εἴσω
336 5100 450 5161 τοῖς
499 5096 665 5150 αὐτοῦ
721 5093 988 5165 ταμιείοις
1032 5090 1314 5163 ἱδρυμένος
1362 5088 1431 5142 τὰ
1488 5084 1737 5158 πρακτέα

168 5186 510 5259 βουλεύεται·
551 5189 580 5239 6
607 5186 651 5239 δ’
672 5183 733 5250 ἐξ
771 5182 933 5238 αὐτοῦ
963 5181 1140 5249 λόγος,
1166 5173 1255 5233 οἷα
1280 5176 1483 5248 πατρὸς
1524 5174 1583 5241 ἐξ
1613 5173 1742 5227 ἀδύ-

166 5295 279 5335 των
305 5276 491 5350 μυχῶν
518 5274 909 5347 γεγεννημένος
935 5275 1045 5337 τοῖς
1072 5270 1228 5334 ἐκτὸς
1255 5270 1388 5324 πᾶσι
1416 5267 1739 5323 καθίσταται

239 5471 303 5531 ᾗ
340 5464 437 5520 Ed.
464 5462 664 5517 Paris..
690 5474 810 5531 pag.
833 5458 957 5523 hi7,
983 5456 1098 5514 128-

240 5664 376 5737 (ﬁt?)
408 5662 576 5737 Vulso
607 5659 843 5737 οὖτα)ςέ
953 5727 1002 5737 ..
1079 5726 1091 5737 .

243 5722 371 5807 (6ἳῖ
388 5733 495 5789 Καὶ
511 5722 700 5785 ἐἰκόνα
723 5722 845 5784 add.
870 5727 1050 5793 codd.;
1079 5726 1215 5780 intra
1242 5726 1397 5796 vulgo
1425 5722 1666 5796 βελτίων.

539 5832 808 5892 Parant“
840 5826 959 5889 Gn.
1002 5824 1229 5888 XXIV.

1847 4534 2107 4589 adbibere
2139 4534 2350 4590 volebat
2378 4537 2786 4594 similitudinem
2809 4577 2824 4603 ,
2873 4548 3076 4607 quanto
3106 4539 3307 4594 rectius
3341 4539 3411 4604 is,

1848 4625 1913 4679 ad
1967 4626 2111 4679 hunc
2156 4628 2373 4680 modum
2419 4628 2750 4697 protulisset,
2782 4637 2841 4683 ut
2878 4629 3101 4696 diceret,
3141 4637 3199 4695 ὦ
3241 4632 3410 4686 nostri

1847 4714 1951 4786 logi
1981 4726 2259 4786 parentem
2289 4730 2410 4771 esse
2453 4727 2687 4771 mentem
2708 4758 2724 4785 ,
2752 4734 2871 4789 quae
2913 4719 3181 4776 diversum
3214 4720 3341 4790 quid
3377 4735 3410 4775 a

1846 4807 1965 4876 Ιοαο
1993 4807 2224 4862 exsistit.
2255 4806 2482 4861 Mentem
2514 4808 2657 4862 enim
2686 4824 2845 4865 nemo
2880 4810 3097 4880 quidem
3135 4812 3407 4867 hominum

1848 4900 1997 4956 novit
2043 4916 2163 4968 qua:
2201 4899 2302 4966 sit,
2350 4899 2563 4969 qualive
2612 4902 2835 4969 praedita
2879 4903 2950 4958 sit
3000 4904 3271 4960 essentia:
3315 4904 3409 4959 sed

1848 4991 2012 5047 veluti
2044 4991 2263 5061 quidam
2294 5005 2411 5057 rex,
2431 4990 2573 5045 intus
2604 5001 2658 5046 et
2688 4993 2740 5045 in
2772 4992 2998 5047 secretis
3024 4994 3137 5049 suis
3164 5005 3411 5064 recepta-

1848 5084 1982 5139 culis
2027 5084 2292 5150 residens,
2327 5083 2392 5137 de
2436 5083 2597 5139 rebus
2623 5084 2843 5154 agendis
2890 5085 3117 5154 despicit
3152 5097 3207 5139 et
3236 5086 3413 5139 deter-

1847 5174 2057 5229 minat:
2108 5173 2276 5243 ipsius
2314 5182 2491 5227 autem
2526 5172 2709 5244 logos,
2738 5188 2806 5229 ex
2851 5187 2916 5230 eo
2952 5174 3248 5244 procedens
3294 5184 3412 5228 tan-

1840 5279 2004 5336 quam
2034 5277 2068 5341 a
2097 5265 2345 5335 genitore
2384 5266 2697 5337 progenitus
2717 5305 2734 5334 ,
2768 5265 2824 5321 in
2865 5265 3220 5325 abditissimis
3249 5280 3415 5322 uene-

1927 5645 2057 5718 (δι’)
2084 5644 2252 5717 Vulgo
2283 5660 2391 5703 om.
2411 5647 2534 5716 γάρ.

3060 5799 3142 5859 30
