3838 6222
434 276 538 338 959

1097 273 1363 332 EUSEBII
1400 271 1874 330 CAESARIENSIS
1910 267 2062 328 OPP.
2103 269 2280 326 PARS
2313 267 2409 328 Ν.
2447 299 2517 309 -
2554 266 2979 325 DOGMA'I‘ICA.

3571 272 3668 363 9e

436 398 663 456 tralibus
682 436 697 464 ,
720 391 1020 448 manifeste
1049 390 1180 447 foris
1208 391 1593 448 exsistentibus
1618 391 1870 447 omnibus
1897 391 1994 445 de-

2106 389 2392 461 γνώριμος.
2429 385 2543 442 Εἴθ’
2572 389 2621 441 οί
2656 389 2753 458 μὲν
2785 388 2851 442 ἐκ
2881 389 2978 459 τῆς
3009 387 3103 442 τοῦ
3135 388 3295 459 λόγου
3331 391 3671 463 μεταλαμϐά-

437 488 708 552 claratnr,
745 484 835 554 qui
877 483 1168 554 participes
1212 482 1430 554 quidem
1470 483 1608 538 ﬁunt
1649 481 1899 538 utilitatis
1930 481 2000 537 de

437 578 558 646 logo
585 574 913 639 resultantis,
947 580 1181 628 mentem
1215 586 1347 628 vero
1390 571 1714 627 invisibilem
1746 580 1801 626 et
1841 570 2001 639 inap~

441 675 748 737 parentem,
771 663 875 734 logi
903 661 1044 717 illius
1063 659 1359 732 genitorem
1387 673 1547 716 nemo
1572 673 1811 729 unquam
1841 657 1998 712 vidit.

434 762 520 817 Ad
552 758 800 816 eumdem
845 753 1095 820 modum,
1121 753 1231 807 imo
1261 751 1439 820 potius
1478 757 1632 806 extra
1676 763 1891 805 omnem
1923 749 2001 805 si-

438 851 795 908 militudinem
834 857 889 903 et
927 845 1231 916 exemplum
1273 844 1708 915 perfectissimus
1751 842 1842 899 ille
1880 843 2004 897 uni-

437 955 714 998 versorum
742 937 952 994 Domini
972 937 1194 1007 .Logos,
1246 950 1356 992 non
1399 937 1466 992 ad
1494 936 1711 992 modum
1738 934 2002 1006 prolatitii

434 1033 704 1091 sermonis
735 1030 1084 1101 humani,qui
1108 1043 1148 1086 e
1174 1027 1394 1101 syllabis
1421 1036 1475 1083 et
1503 1026 1705 1095 verbis,
1733 1037 1794 1082 et
1823 1028 2003 1084 nomi-

437 1128 597 1183 nibus
620 1123 993 1195 componitur,
1023 1123 1119 1178 sed
1156 1132 1410 1192 tanquam
1443 1121 1753 1192 unigenitus
1783 1121 1876 1176 Dei
1907 1121 2004 1176 Fi-

438 1220 543 1275 lius
572 1218 748 1282 vivus,
775 1215 1096 1278 subsistens,
1121 1209 1468 1282 progreditur
1501 1212 1567 1266 de
1592 1209 1775 1268 Patris
1810 1212 1896 1267 sui
1925 1210 2008 1267 di-

438 1312 666 1367 vinitate
692 1318 747 1364 et
792 1320 997 1377 regno:
1030 1304 1225 1374 irrigat
1265 1311 1445 1358 autem
1489 1301 1753 1358 mundum
1779 1303 2005 1358 univer-

437 1419 556 1461 sum
590 1401 814 1472 largiter
846 1399 914 1454 de
944 1413 1002 1453 se
1027 1404 1315 1452 emanante
1347 1395 1483 1460 vita,
1524 1395 1760 1460 ratione,
1788 1395 2004 1465 sapien-

438 1499 536 1564 tia,
563 1496 706 1560 luce,
750 1491 897 1549 omni
939 1490 1104 1554 bono,
1141 1503 1170 1542 a
1211 1488 1371 1544 Patre
1401 1489 1619 1559 quidem
1660 1487 2002 1559 participato,

438 1593 494 1639 et
520 1579 818 1654 procreatis
849 1577 1098 1634 omnibus
1128 1576 1254 1631 inde
1283 1586 1656 1647 reslagnante.
1711 1576 1815 1644 Qui
1844 1576 2007 1632 Pater

438 1688 561 1729 cum
592 1672 663 1727 sit
689 1685 785 1742 per
805 1671 986 1725 omnia
1023 1667 1560 1739 inapprebensibilis,
1589 1666 2006 1737 incomprehen-

2102 497 2248 534 νουσι
2308 479 2570 549 ὠφελείας
2588 521 2603 546 ,
2647 480 2738 532 τὸν
2785 479 2830 533 δ’
2878 480 3056 550 ἀφανῆ
3114 482 3210 535 καὶ¹
3257 481 3488 554 ἀόρατον
3534 483 3672 549 νοῦν,

2100 573 2192 626 τὸν
2223 572 2288 644 δὴ
2326 573 2435 644 (65)
2485 571 2577 625 τοῦ
2611 572 2768 641 λόγου
2815 573 3027 646 πατέρα
3071 572 3248 637 οὐδεὶς
3282 571 3502 628 πώποτε
3550 569 3674 630 εἶδε.

2102 663 2260 717 Κατὰ
2290 663 2357 717 τὰ
2408 663 2549 717 αὐτὰ
2578 663 2643 735 δὴ
2699 664 2896 735 μᾶλλον
2929 665 2986 718 δὲ
3025 665 3278 718 ἐπέκεινα
3333 663 3448 736 (64)
3500 665 3674 736 πάσης

2103 756 2308 819 εἰκόνος
2338 773 2398 808 τε
2446 756 2541 809 καὶ
2598 755 3036 827 παραδείγματος
3068 757 3097 808 6
3137 755 3232 808 τοῦ
3289 755 3675 826 παμϐασιλέως

2101 846 2238 901 Θεοῦ
2285 847 2490 912 τέλειος
2539 847 2740 916 Λόγος,
2786 849 2848 901 οὺ
2892 847 3033 918 κατά
3079 849 3172 904 τὸν
3208 849 3543 920 προφορικὸν
3590 849 3680 902 ἀν-

2104 937 2336 1009 θρώπιον
2374 937 2532 1006 λόγον
2567 939 2630 991 ἐκ
2666 937 2941 992 συλλαϐῶν
2977 939 3077 993 καὶ
3123 938 3382 1010 ῥημάτων
3413 940 3510 992 κα)⁸
3561 938 3678 991 όνο-

2106 1028 2292 1099 μάτων
2322 1028 2696 1100 συγκείμενος,
2724 1023 2811 1082 οἶα
2839 1029 2898 1083 δὲ
2933 1030 3228 1102 μονογενὴς
3250 1029 3342 1084 τοῦ
3368 1029 3504 1083 Θεοῦ
3531 1029 3678 1093 Υἱὸς,

2104 1118 2214 1185 ζῶν
2247 1121 2340 1174 καὶ
2385 1118 2667 1190 ὑφεστὼς,
2716 1121 2927 1191 πρόεισι
2963 1122 3061 1192 μὲν
3103 1122 3206 1192 τῆς
3256 1121 3531 1193 πατρικῆς
3563 1120 3681 1175 θεό-

2103 1213 2264 1284 τητός
2312 1230 2372 1266 τε
2405 1215 2500 1267 καὶ
2552 1212 2859 1284 βασιλείας,
2910 1215 3136 1285 ἐπάρδει
3176 1214 3233 1268 δὲ
3280 1213 3360 1285 τῷ
3407 1213 3685 1286 σύμπαντι

2104 1304 2294 1376 κόσμῳ
2323 1303 2423 1369 τάς
2451 1305 2512 1370 ἐξ
2540 1305 2710 1359 αὐτοῦ
2751 1305 3014 1377 χορηγίας
3064 1305 3209 1376 ζωῆς
3256 1306 3352 1360 καὶ
3383 1305 3542 1374 λόγου
3590 1305 3687 1359 καὶ

2107 1396 2297 1466 σοφίας
2326 1396 2421 1451 καὶ
2463 1397 2639 1467 φωτὸς
2663 1398 2758 1452 καὶ
2789 1397 2988 1462 παντὸς
3014 1396 3220 1466 ἀγαθοῦ
3247 1398 3546 1468 ,μετουσίας
3571 1399 3683 1460 τοῖς

2103 1491 2386 1559 γεννητοῖς
2416 1488 2588 1544 ἅπασι
2621 1489 3012 1560 ἐπιλιμνὰζων,
3037 1489 3131 1542 τοῦ
3163 1489 3376 1560 Πατρὸς
3405 1489 3502 1543 καὶ
3544 1488 3681 1542 Θεοῦ

2103 1581 2212 1635 τῶν
2237 1582 2373 1635 ὅλων
2405 1582 2658 1636 ἐπέκεινα
2693 1582 2844 1646 ὄντος
2878 1582 3122 1653 ἀλήπτου
3159 1599 3220 1636 τε
3259 1583 3354 1636 καὶ
3395 1582 3680 1654 ἀχωρήτου

2103 1675 2218 1736 τοῖς
2245 1675 2400 1738 πᾶσι,
2429 1673 2572 1728 κατά
2611 1673 2704 1727 τὸν
2747 1673 2929 1744 ἀφανῆ
2972 1675 3068 1728 καὶ
3097 1673 3326 1745 ἀόρατον
3367 1673 3515 1736 νοῦν,
3549 1671 3678 1741 παρ’

439 1765 635 1831 sibilis,
660 1764 727 1818 ad
753 1762 966 1818 modum
991 1760 1136 1816 illius
1165 1760 1364 1816 mentis
1385 1759 1676 1840 invisibilis
1701 1773 1808 1814 non
1841 1772 2002 1830 appa-

2106 1761 2136 1815 ὃ
2161 1764 2257 1818 καὶ
2293 1781 2312 1814 ι
2343 1763 2458 1832 φῶς
2488 1763 2652 1819 οἰκῶν
2678 1765 2972 1837 ἀπρόσιτον
2999 1784 3019 1818 ›
3042 1764 3325 1818 λέλεκται.
3359 1764 3500 1818 Ἀλλ’
3525 1765 3556 1816 6
3586 1763 3682 1834 μὲν

427 1856 632 1921 mentis,
661 1853 826 1926 (unde
848 1861 903 1908 et
931 1852 1108 1908 lucem
1137 1853 1337 1908 dicitur
1363 1851 1669 1908 inhabitare
1697 1851 2004 1922 incompre-

437 1947 760 2007 hensibilem
790 1955 845 2001 et
877 1944 1232 2013 inaccessam)
1282 1943 1668 2000 inaccessibilis
1696 1953 1801 2010 est,
1832 1952 1884 2000 et
1920 1944 2006 1998 in-

437 2032 938 2108 comprehensibilis
979 2031 1227 2088 omnibus
1277 2042 1332 2088 et
1378 2032 1598 2104 singulis
1633 2034 1854 2089 omnino
1887 2044 2006 2089 est:

439 2139 504 2185 at
525 2129 611 2187 ille
637 2127 809 2183 Filius
836 2139 1048 2195 nempe,
1079 2138 1200 2179 cum
1227 2126 1294 2179 sit
1323 2126 1377 2180 in
1409 2126 1708 2197 propinquo
1741 2126 1896 2184 nobis
1915 2141 2010 2196 po-

439 2223 577 2279 situs
621 2217 1023 2292 per‘Spiritum
1065 2218 1147 2273 sui
1204 2217 1418 2285 Patris,
1472 2218 1736 2289 gubernat
1786 2221 1963 2274 omnia
1989 2239 2006 2274 :

441 2315 695 2385 quocirca
727 2326 834 2368 non
871 2311 1069 2368 dicitur
1108 2310 1176 2366 de
1216 2308 1412 2375 Patre,
1451 2309 1545 2365 sed
1603 2309 1670 2366 de
1721 2309 1890 2375 Filio,
1941 2309 2007 2365 In

437 2405 634 2460 mundo
659 2412 808 2470 erat,
859 2410 935 2458 ει·⁴
950 2400 1176 2456 mundus
1215 2417 1308 2469 per
1334 2399 1488 2454 illum
1532 2400 1705 2470 factus
1746 2411 1820 2456 eu
1843 2402 1884 2457 ⁸.
1914 2402 2006 2458 Ille

439 2503 618 2551 autem
647 2501 766 2550 erat
792 2507 954 2564 super
979 2491 1162 2548 omnia
1206 2490 1366 2547 Pater
1406 2499 1474 2548 et
1517 2492 1798 2558 universa,
1829 2493 2002 2548 lucem

430 2584 692 2640 habitans
719 2582 1047 2638 inaccessam
1076 2580 1176 2635 iste
1202 2594 1300 2649 per
1324 2579 1532 2647 omnia,
1564 2591 1619 2637 et
1657 2581 1709 2636 in
1735 2583 2004 2648 omnibus,

439 2673 815 2747 gubernatrice
847 2687 944 2729 sua
983 2673 1264 2742 praesentia
1299 2687 1643 2744 permanens,
1686 2681 1746 2729 ut
1777 2674 1879 2730 ista
1909 2689 2000 2730 so-

431 2757 713 2822 h'fmmodo
743 2765 971 2828 ratione,
999 2761 1178 2834 imago
1199 2763 1290 2820 illa
1317 2761 1466 2819 verbi
1499 2763 1742 2831 humani,
1774 2763 1829 2818 in
1854 2763 2002 2819 illum

2105 1856 2401 1929 ἀπρόσιτος
2433 1859 2527 1912 καὶ
2579 1856 2862 1929 ἀχώρητος
2910 1858 2995 1928 εἴη
3030 1857 3098 1911 ἂν
3141 1859 3254 1920 τοῖς
3301 1857 3469 1910 πᾶσιν
3497 1856 3526 1908 6
3572 1855 3682 1907 Πα-

2106 1947 2229 2020 τὴρ,
2255 1951 2284 2002 6
2309 1948 2367 2002 δὲ
2409 1951 2521 2013 τοῖς
2559 1951 2724 2004 πᾶσιν
2763 1949 2983 2018 ἐγγίων,
3023 1949 3118 2003 ἀτε
3150 1948 3214 2020 δὴ
3247 1947 3360 2020 (65)
3391 1947 3461 2001 τά
3502 1947 3681 2001 πάντα

2103 2036 2356 2108 πατρικῷ
2407 2037 2639 2109 νεύματι
2705 2037 3104 2108 διακυϐερνῶν·
3160 2036 3241 2090 διὸ
3293 2037 3356 2090 οὐ
3407 2037 3538 2108 περὶ
3587 2035 3680 2089 τοῦ

2103 2127 2334 2199 Πατρὺς,
2359 2129 2490 2202 περὶ
2512 2129 2570 2183 δὲ
2596 2128 2688 2183 τοῦ
2715 2128 2845 2182 Υίοῦ
2866 2129 3122 2182 λέλεκται
3147 2130 3232 2194 τὸ,
3249 2130 3346 2183 Ἐν
3371 2127 3452 2194 τῷ
3479 2129 3686 2198 κόσμῳ

2099 2213 2198 2289 ἦν,
2251 2218 2352 2272 καί
2391 2222 2424 2273 ό
2469 2219 2699 2290 κόσμος
2724 2218 2800 2274 δι’
2845 2218 3031 2275 αὐτοῦ
3079 2220 3337 2290 ἐγένετο.
3384 2221 3496 2274 Καὶ
3523 2221 3552 2272 6
3585 2220 3686 2291 μὲν

2101 2309 2358 2365 ἐπέκεινα
2392 2305 2462 2382 ἦν
2493 2311 2602 2366 τῶν
2647 2313 2807 2378 ὅλων,
2848 2313 2943 2367 καὶ
2991 2311 3132 2382 ὑπὲρ
3183 2311 3361 2366 πάντα
3397 2311 3533 2383 (66).
3571 2311 3685 2380 φῶς

2101 2401 2267 2456 οίκῶν
2313 2404 2643 2474 ἀπρόσιτονο
2674 2407 2702 2459 6
2729 2405 2788 2458 δὲ
2822 2405 2912 2460 διὰ
2941 2405 3161 2460 πάντων
3193 2407 3289 2459 καὶ
3329 2406 3389 2458 ἐν
3421 2406 3557 2458 πᾶσι
3587 2422 3672 2474 κησ

2098 2491 2361 2566 δημονικῇ
2387 2495 2589 2566 διήκων
2621 2496 2878 2569 προνοίᾳο
2913 2496 3024 2568 (67)
3056 2497 3132 2560 ὡς
3168 2497 3310 2550 κατά
3333 2496 3494 2551 τοῦτο
3528 2497 3688 2566 μόνον

2101 2582 2261 2637 αὐτὸν
2283 2601 2348 2637 συ
2356 2585 2684 2655 μὸἀλλεσθαι
2703 2587 2802 2656 τὴν
2819 2586 2913 2640 τοῦ
2934 2587 3273 2660 ἀνθρωπείου
3293 2587 3454 2657 λόγου
3481 2587 3687 2640 εἰκόνα.

2118 2673 2282 2728 Ἀλλά
2316 2676 2424 2748 γὰρ
2467 2676 2672 2732 τούτων
2700 2679 2831 2749 ἡμῖν
2859 2678 3340 2750 ἀποδεδειγμένων,
3374 2678 3524 2743 εἰκός
3567 2695 3690 2733 τινα

2107 2763 2216 2818 τῶν
2242 2766 2558 2838 φιλομαθιῖΝ
2586 2771 2814 2841 ἐρωτᾷν.

439 2871 736 2929 congruere
764 2855 1026 2912 videatur.
1069 2854 1166 2910 Hls
1189 2855 1273 2911 ita
1319 2869 1416 2926 per
1478 2868 1578 2910 nos
1649 2854 2051 2922 demonstratis,
2118 2862 2296 2913 tamen
2346 2859 2612 2930 quispiam
2665 2859 2806 2917 forte
2856 2861 3097 2918 discendi
3159 2861 3386 2933 cupidus
3457 2863 3692 2918 interro-

441 2963 613 3026 garet.

1055 3045 1206 3102 C’A‘P.
1235 3045 1428 3102 XVIII.

2741 3045 2900 3099 KE‘II.
2930 3043 3048 3099 ~IH'.

443 3139 569 3197 Cur
595 3156 652 3194 tn
684 3136 1256 3210 prtncipio__Euangelii
1302 3138 1386 3192 sui
1433 3137 1750 3210 evangelista
1794 3135 2002 3193 Filium

2108 3137 2211 3192 Διά
2242 3138 2302 3192 τι
2329 3135 2670 3210 admei-4

2665 3138 2827 3210 Luam;
2851 3137 2960 3210 τόν
2992 3137 3130 3210 nor
3161 3139 3196 3191 δ
3231 3139 3687 3210 ebrii-fallatur,

937 3205 1159 3262 Verbum
1189 3209 1518 3264 nominavit?
1564 3205 1582 3209 ⁷
2033 3205 2076 3253 υ
2386 3205 2720 3264 ἀρχόμενος
2751 3207 2862 3264 τῆς
2888 3207 3110 3262 ἑαυτοῦ
3130 3209 3325 3264 θηβαωῆ

2386 3207 2720 3277 ἀρχόμενος
2751 3207 2862 3275 τῆς
2888 3207 3110 3262 ἑαυτοῦ
3130 3207 3404 3278 magna:

512 3300 852 3368 Quid-causa:
882 3298 1080 3363 fuerat,
1110 3299 1251 3367 quod
1295 3300 1580 3355 exordiens
1620 3315 1776 3356 suum
1810 3300 2002 3358 librum

2175 3297 2274 3352 Διὰ
2299 3297 2351 3352 τί
2387 3298 2446 3351 δὲ
2475 3298 2567 3352 τὸν
2613 3299 2873 3369 μονογενῆ
2899 3299 3027 3353 Υίὸν
3065 3298 3159 3352 τοῦ
3187 3299 3344 3365 Θεοῦ,
3386 3295 3717 3373 ἀρχόμενος

440 3392 766 3462 evangelista
803 3397 878 3455 ψΒ
916 3389 1078 3445 Verbi
1125 3391 1342 3445 nomine
1367 3431 1382 3458 ,
1432 3391 1623 3446 Filium
1672 3393 2002 3463 unigenitum

2106 3390 2206 3462 τῆς
2246 3390 2440 3445 ἐαυτοῦ
2483 3391 2705 3462 γραφῆς
2727 3429 2744 3456 ,
2771 3393 2800 3444 6
2840 3391 3228 3462 εὐαγγελιστὴς
3267 3392 3440 3462 Λόγον
3479 3393 3693 3463 ἀνεφώ-

439 3483 783 3542 nomlnavit?
820 3481 920 3538 Cui
961 3483 1378 3550 respondemus,
1421 3482 1523 3537 hoc
1567 3483 1734 3539 fuisse
1782 3482 2002 3550 factum,

2106 3498 2266 3553 νησε;
2305 3481 2450 3553 Πρὸς
2488 3481 2548 3536 ὃν
2578 3480 2842 3554 ἐροῦμενο
2878 3483 3001 3536 Ὅτι
3039 3481 3127 3536 διὰ
3166 3482 3267 3547 τὰς
3303 3484 3689 3555 ἀνακρύπτους

440 3584 660 3646 propter
687 3573 933 3630 abstrusa
967 3573 1151 3629 de'illo
1181 3573 1310 3628 olim
1333 3575 1583 3630 vaticinia
1613 3592 1628 3628 :
1657 3590 1779 3630 cum
1805 3575 2002 3647 ubique

2106 3571 2272 3627 πάλαι
2327 3573 2455 3644 περὶ
2497 3572 2663 3626 αὑτοῦ
2719 3573 3058 3644 προφητείας
3123 3572 3269 3645 (68)⁶
3306 3573 3498 3645 ἐπειδὴ
3541 3576 3688 3648 γὰρ,

436 3669 634 3740 legitur
668 3683 762 3738 per
805 3665 1090 3738 pr0pbetas
1135 3680 1356 3731 omnes,
1390 3665 1612 3720 Verbum
1646 3667 1873 3723 Domini.
1909 3669 2000 3725 Sic

2106 3664 2189 3733 ἐφ’
2219 3664 2432 3735 ἑκάστῳ
2464 3665 2739 3738 προφήτῃ,
2761 3664 2950 3733 Λόγος
2979 3664 3218 3732 Κυρίου,
3243 3682 3262 3716 ι
3289 3663 3349 3728 ὃς
3380 3666 3640 3737 ἐγενήθη,
3669 3685 3688 3717 ι

441 3760 581 3828 apud
620 3758 811 3812 Isaiam
854 3758 1052 3813 dicitur
1098 3759 1150 3812 in
1198 3759 1484 3829 principio,
1525 3759 1752 3815 Verbum
1789 3762 1999 3818 Domini

2108 3755 2260 3824 φέρε,
2289 3755 2438 3825 πρὸς
2467 3756 2737 3822 Ἡσαΐαν,
2767 3754 3004 3827 εἴρηται,
3050 3756 3145 3809 καὶ
3172 3754 3553 3826 ἀρχὴοΛόνου
3571 3757 3692 3828 ’(69)

438 3855 508 3903 ad
549 3850 747 3903 Isaiam
780 3849 823 3902 ’.
860 3847 950 3903 Sic
978 3849 1046 3903 ad
1091 3848 1291 3904 Oscam
1319 3850 1401 3915 ίο,
1450 3855 1516 3904 ad
1551 3850 1666 3905 Joel
1700 3854 1778 3908 “:
1819 3852 2002 3923 Etia-

2109 3847 2330 3916 Κυρίου
2375 3848 2445 3900 ἐν
2489 3847 2683 3916 Ὠσηὲ,
2720 3848 2814 3901 καὶ
2850 3847 3042 3916 Λόγος
3087 3850 3307 3916 Κυρίου
3348 3848 3405 3910 ὃς
3455 3849 3693 3920 ἐγενήθη

426 3942 581 3986 ctum
612 3931 951 3985 est‘Verbum
999 3932 1205 3987 Domini
1243 3933 1312 3987 ad
1340 3933 1535 4004 lanam
1565 3936 1630 3999 “,
1679 3937 1751 3990 ita
1801 3939 1868 3992 ad
1905 3937 2002 3992 Mi-

2113 3939 2248 4010 πρὸς
2297 3938 2469 4009 Ἰωὴλ,
2507 3939 2606 3992 καὶ
2628 3937 2863 4009 ἐγένετο
2892 3939 3082 4008 Λόγος
3109 3939 3332 4007 Κυρίου
3389 3939 3542 4008 πρὸς
3586 3940 3696 3993 ἰω-

417 4024 644 4079 ·‹ο1ιατοιη
678 4022 745 4087 ¹²,
790 4031 844 4078 et
890 4023 1136 4079 similiter
1175 4026 1243 4080 ad
1270 4031 1576 4097 prophetas
1612 4028 1746 4084 alios
1783 4029 2002 4098 dicitur,

2112 4029 2368 4095 νᾶν,ικαὶ
2407 4030 2540 4102 πρὸς
2566 4031 2823 4100 Μιχαίαν,
2854 4031 3052 4102 ὁμοίως
3097 4031 3191 4084 καὶ
3227 4029 3361 4101 πρὸς
3410 4032 3540 4094 τοὺς
3579 4031 3694 4084 λοι-

425 4114 638 4176 .(actum
686 4111 930 4169 Verbum.
980 4113 1163 4170 Voluit
1191 4130 1342 4171 sacra
1364 4117 1463 4173 hic
1497 4117 2002 4188 Scripturaneees-

2112 4123 2247 4185 ποὺς
2288 4123 2568 4194 προφήτας
2614 4123 3007 4195 παραπλησίως
3047 4123 3132 4190 ἐφ’
3180 4123 3393 4192 ἑκάστῳ
3432 4125 3694 4194 προφήτῃ

421 4203 585 4258 ~sario
614 4203 827 4274 quidem
866 4211 920 4260 et
962 4214 1148 4260 exacte
1183 4205 1524 4276 signiﬁcare,
1567 4211 1708 4279 quod
1749 4212 1804 4266 in
1857 4212 2002 4269 nullo

2107 4213 2189 4279 τὸ,
2214 4213 2452 4286 ἐγένετο
2492 4215 2833 4285 προσέκειτο,
2864 4214 2964 4285 τῆς
2992 4213 3142 4278 θείας
3187 4213 3413 4284 Γραφῆς
3442 4214 3695 4286 ἀκριϐῶς

516 4393 694 4466 Ed.
724 4395 919 4466 Paris.,
949 4406 1070 4466 pag.
1102 4393 1223 4450 129.

422 4460 484 4493 ’⁸³
515 4464 679 4520 Mich.
711 4481 768 4532 ι,
811 4465 865 4520 1.

532 4601 624 4669 65)
643 4600 822 4672 ‘Vulgo
846 4600 924 4672 δέ.

653 4665 823 4742 fulgo
841 4671 889 4724 δ’
924 4667 1061 4742 αὑτᾲ
1181 4665 1378 4742 μᾶλλον
1407 4667 1686 4742 ἐπέκεινα.

528 4737 618 4864 6‘5)
652 4737 877 4865 νὶιὲᾖοιξξι
905 4755 967 4792 τε
989 4737 1066 4792 δέ.
1094 4737 1212 4794 Mox
1247 4737 1403 4807 vulgo
1430 4739 1682 4811 πατρικῷ
1696 4738 1992 4811 πνεύματι,

528 4825 549 4865 c
577 4853 590 4865 .
616 4827 668 4865 ο.
874 4851 891 4865 .

422 4817 494 4865 -at
519 4813 590 4868 cf.
616 4827 668 4868 ι).
692 4813 796 4865 164
826 4813 891 4867 D.

519 4827 590 4868 et.
616 4827 668 4880 p.
692 4827 796 4865 104-
826 4827 891 4867 υ.

509 4880 626 4952 (66)
652 4879 819 4952 Vulgo
843 4879 1082 4952 mavrusia.

507 4943 977 5021 (6⁵1511ιιρουοθίιλιῙ
1035 4947 1126 5005 Vel
1176 4947 1413 5021 προνοία
1441 4943 1606 5021 [quod
1659 4948 1815 5004 codd.
1869 4949 2002 5021 d_ant

425 5018 668 5092 ideoque
701 5018 1008 5092 rescripsi],
1031 5018 1265 5092 utraque
1285 5019 1454 5092 lectio
1515 5019 1832 5092 tolerabilis.
1889 5019 2001 5075 Sed

428 5086 718 5157 legendum
745 5086 927 5145 statim
953 5086 1097 5158 αὑτῷ
1125 5086 1541 5158 συμϐάλλεσθαι.
1571 5086 1644 5143 Μ.

509 5159 623 5231 (68)
662 5159 767 5215 Διὰ
812 5159 919 5231 τᾲς
954 5157 1372 5231 ἀωκρρπτους
1408 5157 1595 5231 πάλαι
1628 5158 1761 5231 περί
1811 5157 1999 5231 (ξὺτοῦ

427 5224 822 5298 ηπροφὴτείας.
843 5224 953 5284 Hoc
973 5224 1117 5298 vult,
1135 5224 1396 5298 Joannem
1424 5226 1490 5280 in
1523 5224 1812 5298 principio,
1830 5229 2000 5282 Evan-

439 5297 590 5363 gelii,
629 5297 876 5354 ’Verbum
938 5297 1117 5366 potius
1185 5297 1491 5366 nominasse
1534 5311 1725 5366 .quam
1776 5297 1994 5364 Filium,

430 5376 660 5436 propter
680 5365 1234 5436 veterum’vaticinia,
1271 5369 1324 5420 in
1361 5365 1555 5434 quibus
1581 5365 1676 5436 per
1705 5367 1852 5421 illam
1885 5368 1996 5420 for-

440 5435 639 5507 mulam
662 5436 894 5507 Verbum
909 5435 1125 5507 Domini
1161 5435 1564 5507 signiﬁcabatur
1586 5435 1694 5492 hoc
1723 5437 1914 5507 ipsum.
1935 5436 1993 5491 In

439 5505 635 5567 quibus
681 5504 992 5576 recitandis,
1030 5504 1114 5576 vel
1174 5504 1343 5576 codex
1394 5514 1477 5576 est
1523 5504 1868 5576 depravatus,
1909 5507 1995 5561 vel

444 5576 706 5629 memoria
738 5575 920 5644 lapsus
945 5585 1028 5629 est
1059 5573 1342 5638 Eusebius,
1362 5574 1445 5629 vel
1471 5573 1784 5644 utrumque.
1816 5576 2001 5644 Neque

437 5644 582 5700 enim
618 5645 703 5714 ἐφ’
730 5645 941 5715 ἑκάστῳ
976 5645 1228 5717 προφήτῃ
1295 5646 1495 5702 dictum
1555 5656 1636 5701 est
1688 5647 1856 5715 Λόγος
1895 5647 2008 5700 Κυ-

1341 4392 1626 4460 ‘~Joan.-t,
1676 4394 1763 4449 10.
1875 4395 2034 4451 °-lsa.
2063 4399 2204 4462 ",1.
2325 4395 2528 4454 “Ose.
2573 4396 2700 4464 1,4.
2799 4395 2840 4425 “
2872 4393 2988 4451 .Ioel
3026 4410 3069 4461 ι,
3103 4396 3158 4449 1.
3257 4391 3486 4451 “Jonas
3517 4414 3576 4465 1,
3638 4399 3691 4452 1.

2031 4604 2076 4659 D
2097 4602 2247 4672 ’piou,
2281 4617 2382 4659 nec
2407 4602 2476 4658 ab
2506 4601 2594 4669 iis,
2618 4607 3184 4672 quos~commemorat,
3219 4601 3285 4655 ad
3308 4612 3432 4672 eum
3466 4604 3696 4657 modum

2105 4669 2268 4742 quem
2317 4669 2746 4742 commemorat;
2807 4671 2948 4740 apud
2981 4669 3178 4742 Oscam
3208 4671 3438 4742 legitur,
3491 4674 3693 4742 Λόγος

2099 4737 2342 4828 Esaias).
2361 4737 2464 4826 ,ὃς
2486 4737 2927 4828 inmites?
2957 4740 3051 4828 δείξει
3091 4740 3236 4828 nm
3265 4739 3426 4828 λόγου
3454 4737 3694 4828 Erebi-

2101 4809 2248 4866 Et'in
2277 4812 2408 4866 Isaia
2449 4809 2566 4881 cap.
2602 4827 2666 4874 ll,
2704 4811 2934 4881 legitur.
2977 4809 3036 4864 '0
3071 4809 3267 4880 Λόγος,
3315 4812 3345 4864 ό
3390 4809 3697 4881 γενόμενος

2101 4883 2239 4953 πρὸς
2262 4879 2527 4936 Ἡσαΐαν(
2549 4879 2793 4945 Deinde,’
2807 4881 2980 4934 codex
3014 4891 3202 4935 noster
3221 4879 3560 4948 depravatns
3581 4894 3696 4935 ὼι.

2101 4951 2234 5005 Nam
2283 4954 2554 5005 0|l0ln0d0
2611 4951 2728 5004 base
2773 4951 3093 5005 cohaerent?
3145 4949 3361 5005 Ἐπειδὴ
3427 4950 3542 5005 γὰο
3605 4954 3695 5005 ἐφ’

2103 4949 2234 5005 Nam
2283 4954 2554 5021 quomodo
2611 4951 2728 5004 base
2773 4951 3093 5005 cohaerent?
3145 4949 3363 5020 Ἐπειδὴ
3427 4950 3542 5021 γὰρ
3605 4954 3695 5020 ἐφ’

2103 5022 2338 5110 ἐξέρπει,
2358 5017 2832 5110 armis???“
2857 5018 3215 5110 Mem;
3231 5019 3695 5110 ἔῗίὲνήεῖἓιῗέισὲρ

2103 5092 2243 5162 πρὸς
2277 5089 3024 5162 Ἦσαῒανίίεῖρηται,ἴοι-ιο
3057 5091 3362 5162 legendum.
3391 5089 3398 5090 7
3426 5091 3586 5162 Ἐπεὶ
3608 5089 3696 5161 ’δή

2214 5161 2428 5233 ἑκάστῳ
2457 5159 2642 5233 σχεδὸν
2668 5159 2924 5233 προφήτῃ
2961 5159 3204 5233 φέρεται,
3247 5159 3407 5233 λόγος
3451 5159 3692 5233 Κυρίου,

2097 5229 2544 5303 δξνὲγενήθήνὼζ
2566 5233 2695 5303 παρ’
2714 5229 3128 5303 ’Ἡσαξίᾀλλόγος
3158 5230 3517 5303 ῥᾼγενόμενος
3549 5229 3695 5303 aps,-

2110 5299 2355 5368 Ἡσαΐαν,
2377 5299 2471 5354 καὶ
2501 5303 2559 5354 ἐν
2606 5299 2747 5371 ἀρχῇ
2789 5299 3085 5372 τοῦξᾷὨσηὲ
3104 5337 3119 5362 ,
3149 5299 3319 5372 λόγος
3353 5299 3609 5372 Κυρίου,
3632 5299 3695 5362 ὃς

2097 5372 2538 5442 ἐγενήθηηριιοιι
2557 5372 2663 5442 ait,
2695 5370 2772 5442 de
2821 5370 2964 5423 nullo
3010 5370 3400 5442 prophetarum
3452 5370 3689 5442 dictum,

2152 5439 2335 5510 erbnnt
2356 5441 2566 5494 Domini
2597 5441 2734 5509 quod
2750 5439 2810 5510 in
2833 5455 2934 5504 me,
2962 5440 3058 5494 sed
3083 5441 3232 5510 quod
3263 5439 3467 5494 factum
3489 5450 3566 5494 eu
3593 5439 3686 5500 ad,

2095 5520 2224 5572 etc.,
2259 5509 2451 5564 falsum
2481 5507 2712 5563 videtur.
2749 5507 2820 5563 M.

2151 5580 2291 5663 '(69)
2324 5580 2488 5651 Vulgo
2521 5580 2662 5652 ἀρχῇ
2696 5577 2852 5649 λόγος
2881 5587 2937 5635 et
2965 5577 3107 5638 infra
3134 5595 3229 5649 πρ.
3256 5577 3353 5633 καὶ
3392 5577 3689 5651 παραπλη·

2111 5665 2259 5713 σιως.
