3838 6222
238 221 352 279 9M

1173 225 1264 282 DE
1291 225 1832 284 EGCLESIASTiCA
1886 227 2284 288 THEOLOGIA
2331 229 2462 288 LIB.
2503 229 2562 288 ll.

3418 240 3524 297 9έῖ

238 340 348 392 καὶ
383 339 696 408 ἀναγκαίως
739 341 1262 416 έπισημαινομένης,
1302 345 1468 410 ὡς’ὲν
1512 347 1690 401 οὐδενὶ
1727 346 1799 402 τῶ

1942 348 2322 418 prophetarum
2378 354 2694 419 exsistebat,
2726 353 2867 422 quod
2913 353 2979 409 ad
3012 356 3302 425 quemlibet
3333 372 3520 416 eorum

238 431 550 505 προφητῶν
573 429 672 503 ἦν,
699 432 834 487 ἀλλά
858 435 980 488 καθ’
1007 435 1238 491 ἕκαστον
1261 439 1532 509 ἐγίγνετο
1556 440 1668 512 (70)
1699 441 1835 512 πρὸς

234 523 308 578 δν
341 527 379 596 ή
417 525 650 580 ἑκάστου
687 526 950 599 δύναμις,
987 529 1074 582 οἷα
1119 547 1179 584 τε
1217 527 1287 603 ἦν
1344 535 1564 605 χωρεῖν,
1598 534 1836 609 προσιὼν

233 619 388 690 αὐτῇ
429 619 525 672 καὶ
554 621 618 690 τῇ
667 619 898 674 ἑκάστου
936 621 1080 694 ψυχῇ
1119 623 1181 676 τὸ
1211 624 1545 698 κατάλληλον
1577 626 1834 698 παρέχων

232 707 304 772 ἐξ
338 707 505 761 αὑτοῦ
536 709 752 781 πνεῦμα
779 713 874 765 καὶ
901 714 1093 784 νοεράν
1122 715 1345 780 εἰκότως
1372 718 1466 772 ἐπὶ
1500 719 1594 772 τοῦ
1630 721 1833 792 παρόν-

229 814 334 861 τος
365 799 396 851 ὁ
431 799 860 874 εὐαγγελιστὴς,
912 805 1006 858 τοῦ
1047 807 1223 876 Λόγου
1287 804 1496 880 μέλλων
1544 805 1831 882 εὐαγγελί-

231 887 433 953 ζεσθαι
489 894 820 965 οἰκονομίαν,
875 898 974 950 οὐκ
1028 897 1106 951 ἔθ’
1152 894 1356 971 ὁμοίως
1414 907 1527 968 τοῖς
1582 907 1833 972 παλαιοῖς

229 987 526 1053 γεγονέναι
583 987 746 1043 αὑτὸν
807 989 993 1062 ἕτερόν
1044 989 1158 1063 (71)
1219 1011 1343 1048 τινα
1397 993 1667 1063 διδάσκει,
1714 999 1830 1052 ἀλλ’

232 1075 408 1130 αὑτὸν
457 1077 636 1150 σάρκα
675 1080 1022 1152 ἀνειληφέναι
1059 1084 1154 1137 καὶ
1184 1083 1472 1158 ἄνθρωπον
1515 1089 1826 1157 γεγονέναιο

233 1162 344 1219 εἴτ’
368 1169 554 1241 ἐπειδὴ
587 1169 685 1242 τὴν
726 1172 806 1236 είς
846 1172 1166 1244 ἀνθρώπους
1207 1170 1375 1231 αὑτοῦ
1415 1174 1682 1252 σωτήριον
1719 1185 1830 1244 τοῖς

232 1260 409 1312 πᾶσιν
443 1260 676 1331 πάροδον
711 1261 1000 1333 κηρύττειν
1031 1264 1278 1335 ἔμελλεν,
1317 1267 1447 1339 ἑξῆς
1483 1268 1676 1338 λέγων,
1715 1271 1828 1325 Kal

236 1350 274 1402 δ
315 1351 509 1419 Λόγος
543 1351 699 1420 σὰρξ
728 1351 984 1423 ἐγένετο,
1013 1356 1111 1410 καὶ
1153 1356 1513 1425 ἐσκήνωσεν
1553 1361 1623 1414 ἐν
1659 1362 1824 1432 ἡμῖν,

233 1441 556 1509 ἀναγκαίως
589 1443 682 1497 ἐπὶ
718 1444 816 1516 τήν
868 1444 1043 1521 ἀρχὴν
1070 1445 1378 1523 ἀνατρέχει,
1423 1448 1514 1504 τὸν
1551 1453 1679 1524 χθὲς
1729 1455 1824 1508 καὶ

233 1531 434 1603 πρώην
471 1534 824 1606 σαρκωθέντα
875 1539 1048 1608 Λόγον
1091 1541 1177 1604 τίς
1221 1559 1354 1596 ποτε
1397 1539 1466 1616 ἦν
1515 1546 1609 1598 καὶ
1643 1547 1825 1612 ὁποῖος

233 1623 483 1688 δεικνύς·
531 1625 770 1696 θεολογεῖ
796 1645 857 1681 τε
894 1627 1080 1696 αὑτὸν,
1116 1632 1252 1705 ὁμοῦ
1288 1634 1386 1706 τὴν
1428 1635 1630 1705 γνῶσιν
1659 1639 1823 1693 αὐτοῦ

234 1718 335 1770 καὶ
365 1717 464 1789 τὴν
498 1719 578 1781 είς
606 1716 928 1793 ἀνθρώπους
957 1723 1278 1795 θεοφάνειαν
1315 1729 1818 1803 εὐαγγελιζόμενος,

234 1803 361 1874 εἶθ’,
389 1809 465 1874 ὼς
501 1810 610 1867 τῶν
637 1813 905 1879 παλαιῶν,
942 1815 1006 1868 ὲκ
1044 1817 1153 1872 τῶν
1185 1816 1346 1876 θείων
1377 1821 1820 1894 ἀναγνωσμάτων

234 1901 744 1973 προμεμαθηκότων
769 1905 861 1960 τὸν
889 1907 973 1976 ἐφ’
998 1908 1212 1982 ἑκάστῳ
1244 1913 1501 1988 προφήτῃ
1526 1911 1818 1987 γενόμενον

231 1990 430 2061 Λόγον,
476 1993 643 2060 αὐτὸς
685 1995 784 2070 τὴν
835 1998 1114 2071 θειοτέραν
1163 2003 1259 2055 καὶ
1317 2001 1592 2077 ἐξαίρετον
1643 2007 1818 2080 ἀρχὴν

230 2082 400 2136 αὐτοῦ
464 2085 760 2157 κηρύττει,
820 2088 886 2160 ἣν
933 2090 1110 2155 οὐδεὶς
1160 2094 1455 2164 προφητῶν
1511 2094 1816 2167 ἀνθρώποις

230 2176 456 2247 γυμνιῖκς
509 2177 650 2232 οὕτω
727 2181 821 2235 καὶ
880 2183 1363 2255 ἀπαρακαλύπτως
1422 2186 1667 2260 ἐξέφηνε.
1725 2190 1816 2244 Διὸ

233 2271 448 2344 μεγάλῃ
487 2275 639 2344 φωνῇ
669 2277 782 2339 τοῖς
808 2276 943 2329 πᾶσι
969 2276 1030 2329 τὸ
1058 2277 1277 2349 λεληθὸς
1305 2278 1399 2333 καὶ
1430 2279 1658 2352 κρύφιον
1686 2284 1814 2352 περὶ

229 2362 326 2416 τοῦ
364 2365 539 2432 Λόγου
591 2368 889 2438 μυστήριον
937 2369 1265 2441 παραδιδοὺς
1315 2371 1444 2426 ὲϐόα
1485 2372 1678 2443 λέγων·
1718 2376 1814 2429 Ἑν

229 2452 392 2523 ἀρχῇ
447 2451 528 2526 ἦν
571 2459 604 2510 ό
649 2458 870 2527 Λόγος,
923 2460 1021 2514 καὶ
1057 2463 1091 2514 ό
1141 2462 1333 2532 Λόγος
1379 2458 1459 2536 ἦν
1505 2465 1655 2534 πρὸς
1705 2466 1812 2521 τὸν

231 2540 400 2608 Θεὸν,
444 2544 543 2598 καὶ
591 2544 736 2612 Θεὸς
781 2542 862 2617 ἦν
901 2550 934 2600 ό
971 2547 1183 2618 Λόγος.
1241 2549 1445 2604 Πάντα
1505 2551 1582 2605 δι’
1623 2553 1810 2607 αὑτοῦ

227 2631 487 2703 ἐγένετο,
527 2636 626 2690 καὶ
651 2638 850 2708 ’χωρὶς
897 2640 1084 2694 αὐτοῦ
1142 2640 1378 2711 ἐγένετο
1432 2643 1576 2697 οὐδὲ
1615 2644 1702 2698 ἓν.
1747 2646 1808 2698 El

226 2723 337 2798 γὰρ
367 2727 518 2798 παρά
544 2727 650 2782 τῶν
679 2729 958 2802 προτέρων
990 2731 1150 2787 θείων
1183 2733 1412 2806 Γραφῶν
1443 2735 1810 2805 παιδαγωγού-

229 2831 381 2885 μενοι
409 2816 595 2885 πάλαι,
621 2821 888 2892 πρότερον
914 2824 1287 2894 μεμαθήκατε,
1307 2825 1490 2895 φησὶν,
1511 2827 1591 2881 ὅτι
1617 2828 1808 2898 Λόγος

223 2906 450 2975 Κυρίου
477 2908 712 2978 ἐγένετο
755 2911 893 2982 πρὸς
922 2912 1072 2966 τόνδε
1100 2914 1192 2967 τὸν
1232 2917 1515 2988 προφήτην
1564 2916 1677 2988 (72)
1714 2919 1806 2972 καὶ

1937 442 2138 510 factum
2165 453 2262 505 est,
2291 451 2350 497 ut
2373 445 2639 514 cujusque
2674 445 2792 514 ejus
2818 461 2987 516 capax
3015 456 3132 503 erat
3165 460 3428 521 potestas,
3463 467 3512 508 et

1937 530 2218 599 cujuslibet
2260 534 2455 590 animae
2504 535 2844 606 suggerebat,
2894 539 2962 594 de
3009 555 3108 595 suo
3162 541 3352 610 spiritu
3383 559 3512 598 con-

1937 624 2264 680 venienter:
2314 635 2372 682 ut
2425 627 2498 682 ita
2545 643 2650 682 non
2701 630 3000 701 incongrue
3046 633 3136 690 hic
3181 635 3516 706 evangelista

1936 714 2154 780 dixerit,
2178 716 2266 772 ubi
2297 716 2459 772 Verbi
2492 718 2635 776 illius
2659 723 3016 777 teconomiam
3040 733 3160 781 erat
3195 728 3517 798 traditurus,

1935 820 2042 859 non
2092 810 2318 876 perinde
2363 811 2672 865 ordinatum
2729 811 2878 867 illum
2930 830 3112 883 nunc,
3162 826 3325 887 atque
3381 819 3511 873 olim

1932 898 2072 968 apud
2105 899 2358 970 antiquos
2390 901 2527 966 illos,
2559 902 2653 957 sed
2700 917 2886 959 nostro
2927 906 3160 974 quodam
3212 918 3267 962 et
3297 908 3513 964 diverso

1932 988 2115 1053 modo,
2137 1005 2330 1060 nempe
2356 1006 2520 1046 carne
2545 1003 2851 1065 assumpta,
2873 994 3092 1051 homine
3117 994 3292 1065 facto;
3318 999 3514 1055 deinde

1930 1081 2073 1150 quod
2114 1084 2494 1140 enuntiaturus
2543 1098 2662 1142 erat
2711 1087 2764 1140 in
2813 1089 3170 1159 sequentibus
3215 1090 3508 1147 salutarem

1929 1169 2100 1240 ipsius
2159 1171 2228 1226 ad
2272 1174 2520 1230 homines
2551 1178 2840 1232 adventum
2862 1217 2878 1243 ,
2915 1179 3001 1234 ubi
3039 1179 3144 1247 ait,
3177 1179 3249 1234 Et
3284 1181 3510 1237 Verbum

1928 1277 2052 1314 caro
2091 1262 2289 1330 factum
2339 1275 2436 1330 est,
2472 1277 2520 1320 et
2561 1268 2821 1322 habitavit
2864 1269 2920 1324 in
2962 1271 3111 1325 nobis
3139 1269 3204 1338 “’,
3248 1272 3370 1329 ideo
3399 1288 3507 1328 non

1928 1353 2222 1426 incongrue
2267 1355 2320 1410 in
2371 1357 2640 1428 principio
2691 1361 2926 1416 recurrit
2970 1361 3036 1418 ad
3087 1361 3346 1432 Verbum,
3379 1372 3509 1420 tunc

1927 1458 2098 1514 nuper
2148 1446 2505 1514 incarnatum,
2551 1452 2694 1520 quod
2742 1460 2798 1508 et
2838 1446 3009 1523 'quale
3060 1452 3240 1512 fuerat
3283 1457 3507 1512 demon-

1926 1535 2192 1593 strando:
2227 1537 2336 1594 Deo
2383 1538 2514 1595 illud
2546 1543 2798 1611 ascribit,
2829 1546 3163 1603 annuntians
3203 1547 3361 1605 simul
3389 1546 3508 1618 ejus

1927 1627 2204 1691 deitatem,
2231 1639 2286 1685 et
2315 1631 2381 1687 ad
2408 1632 2656 1690 homines
2676 1633 2968 1690 adventum
2997 1652 3014 1704 ;
3037 1646 3151 1692 tum
3177 1637 3341 1693 etiam
3360 1640 3502 1709 quod

1855 1695 1900 1753 Β
1924 1733 2046 1773 cum
2100 1730 2311 1777 veteres
2342 1721 2634 1781 electione
2673 1725 3080 1797 Scripturarum
3125 1728 3252 1785 olim
3289 1729 3502 1786 didice-

1923 1817 2046 1865 rant
2125 1812 2320 1881 cuique
2369 1815 2647 1884 prophetae
2695 1818 2937 1874 Verbum
3015 1820 3500 1890 superadvenisse,

1920 1900 2036 1971 ipse
2065 1902 2299 1960 divinius
2324 1907 2596 1976 quoddam
2621 1918 2679 1964 et
2721 1910 3080 1968 excellentius
3122 1911 3266 1967 illius
3291 1913 3499 1982 princi»

1919 1992 2066 2061 pium
2096 2005 2312 2051 enarret
2345 2014 2362 2052 :
2407 1997 2552 2067 quod
2600 1998 2782 2054 nullus
2833 2015 3071 2070 unquam
3110 2000 3500 2072 prophetarum

1919 2093 2028 2137 tam
2075 2095 2262 2156 aperte
2311 2096 2368 2143 et
2419 2088 2568 2144 clare
2615 2091 2940 2146 enuntiavit.
2989 2090 3259 2159 Quocirca
3318 2091 3498 2147 latens

1918 2175 2045 2230 illud
2083 2186 2136 2232 et
2196 2179 2468 2234 occultum
2513 2181 2580 2237 de
2601 2181 2781 2239 Verbo
2815 2185 3132 2256 mysterium
3180 2199 3302 2239 cum
3335 2183 3500 2239 vellet

1916 2266 2130 2322 tradere
2152 2308 2167 2334 ,
2203 2268 2299 2336 ait,
2351 2269 2418 2325 In
2454 2271 2712 2341 principio
2742 2282 2856 2327 erat
2896 2271 3144 2339 Verbum,
3175 2281 3226 2326 et
3268 2268 3496 2325 Verbum

1913 2367 2024 2412 erat
2054 2361 2195 2428 apud
2235 2361 2422 2431 Deum,
2461 2373 2510 2418 et
2557 2363 2695 2419 Deus
2740 2376 2850 2420 erat
2885 2363 3131 2420 Verbum.
3177 2363 3367 2420 Omnia
3401 2379 3496 2432 per

1912 2449 2087 2518 ipsum
2131 2449 2275 2522 facta
2301 2463 2446 2520 sunt,
2477 2464 2526 2509 et
2565 2456 2675 2510 sine
2703 2456 2815 2524 ipso
2845 2455 3046 2525 factum
3074 2465 3146 2509 est
3174 2454 3325 2508 nihil.
3354 2452 3494 2508 Nam

1914 2542 1982 2609 si,
2014 2542 2210 2612 inquit,
2245 2544 2314 2599 ab
2344 2545 2739 2616 antiquissimis
2788 2547 2916 2602 olim
2970 2545 3268 2617 Scripturis
3327 2543 3490 2598 insti-

1915 2632 2034 2699 tuti,
2065 2634 2194 2688 illud
2230 2635 2520 2706 aliquando
2547 2635 2720 2693 edocti
2748 2634 3220 2706 accepistis,quod
3259 2632 3492 2689 Verbum

1911 2724 2126 2780 Domini
2149 2727 2347 2796 factum
2373 2729 2444 2784 sit
2462 2729 2527 2784 ad
2552 2728 2698 2784 hunc
2748 2729 3094 2800 prophetam,
3119 2737 3174 2785 et
3201 2727 3267 2782 ad
3298 2725 3488 2791 alium,

1911 2826 2073 2884 atque
2110 2817 2181 2870 ita
2209 2818 2464 2888 deinceps
2495 2819 2562 2872 ad
2595 2818 2757 2873 alium
2785 2836 2800 2884 ;
2851 2829 2908 2874 at
2937 2833 3080 2874 nunc
3111 2819 3351 2885 tandem,
3380 2833 3486 2872 non

1910 2908 2362 2975 quemadmodum
2417 2910 2616 2981 factum
2670 2921 2755 2966 est
2784 2909 3019 2967 Verbum
3073 2909 3330 2975 Domini,
3388 2911 3485 2966 sed

221 2996 365 3067 πρὸς
389 2997 574 3070 ἕτερον
603 3000 767 3054 πάλιν
811 3003 1014 3073 ὁμοίως
1059 3003 1314 3074 ἐγένετο,
1345 3007 1438 3060 καὶ
1476 3002 1630 3071 αὖθις
1669 3008 1799 3080 πρὸς

1909 3000 2361 3068 quemadmodum
2403 3013 2516 3057 erat
2560 3003 2614 3057 in
2667 3001 2976 3072 principio,
3031 3015 3258 3057 necesse
3297 3011 3381 3078 est
3425 3011 3487 3058 ut

220 3086 403 3154 ἄλλον,
433 3089 570 3143 ἀλλά
607 3091 701 3146 νῦν
732 3093 830 3165 οὐχ
855 3095 1006 3160 ὅπως
1028 3095 1286 3166 ἐγένετο,
1319 3097 1434 3151 ἀλλ’
1457 3100 1604 3164 ὅπως
1639 3096 1720 3172 ἦν
1744 3103 1799 3154 ἐν

1909 3091 2344 3160 evangelizetur:
2377 3105 2432 3150 et
2479 3095 2752 3164 quomodo
2799 3094 2938 3149 Deus
2983 3104 3134 3160 erat,
3170 3103 3226 3148 et
3250 3095 3485 3165 qualiter

219 3181 386 3253 ἀρχῇ,
416 3185 531 3248 τοῖς
562 3186 727 3240 πᾶσιν
756 3187 1051 3255 ἀναγκαῖον
1082 3189 1568 3259 εὐαγγελίσασθαι·
1605 3193 1700 3246 καὶ
1727 3193 1802 3257 ὡς

221 3269 368 3338 Θεὸς
405 3267 503 3343 ἦν,
547 3275 644 3330 καὶ
693 3277 770 3342 ὡς
816 3277 1015 3333 πάντα
1064 3279 1140 3334 δι’
1182 3282 1370 3336 αὑτοῦ
1406 3283 1664 3351 ἐγένετο,
1705 3286 1802 3338 καὶ⁵

218 3360 298 3425 ὼς
342 3362 503 3430 αὐτὸς
556 3366 765 3432 ἐκεῖνος
801 3370 828 3422 ὁ
881 3369 1014 3435 Θεὸς
1050 3371 1254 3440 Λόγος,
1301 3371 1369 3426 δι’
1417 3369 1477 3428 οὗ
1515 3374 1584 3428 τά
1622 3376 1800 3431 πάντα

217 3453 595 3527 φιλανθρωπίᾳ
623 3457 716 3511 τοῦ
755 3460 967 3532 Πατρὸς
1030 3461 1188 3532 σὰρξ
1216 3463 1453 3533 ἐγένετο,
1498 3466 1593 3518 καὶ
1629 3467 1797 3539 ὲσκή-

217 3559 388 3599 νωσεν
427 3547 485 3600 ὲν
517 3548 666 3618 ἡμῖν.
708 3549 870 3603 Ταῦτ’
922 3551 1306 3624 εὐηγγελίζετο
1355 3556 1606 3628 Ἰωάννης
1637 3559 1666 3610 ὁ
1697 3557 1796 3629 μέ·-

216 3650 320 3703 γας
366 3635 460 3690 τοῦ
506 3639 741 3710 Χριστοῦ
793 3643 1038 3716 μαθητὴς
1076 3646 1170 3700 καὶ
1202 3647 1534 3713 ἀπόστολος,
1583 3649 1653 3703 τὰ
1698 3651 1796 3705 νέα

216 3725 312 3780 καὶ
342 3727 502 3781 καινά
537 3729 632 3782 τοῦ
684 3733 934 3805 Σωτῆρος
973 3737 1242 3791 παιδεύων
1290 3739 1534 3804 ἅπαντας
1584 3741 1795 3813 ἀνθρώ-

217 3833 349 3880 πους
391 3821 692 3892 μυστήρια,
737 3823 832 3894 οὐχ
873 3826 954 3879 ὅτι
987 3827 1202 3897 λογικὸς
1231 3824 1299 3902 ἦν
1327 3831 1356 3883 ό
1394 3831 1549 3895 Θεὸς,
1573 3833 1682 3886 οὐδ’
1709 3833 1791 3888 ὅτι

215 3907 374 3972 αὐτὸς
405 3909 542 3982 πρὸς
564 3913 754 3967 ἑαυτὸν
779 3914 1050 3982 διενοεῖτο,
1079 3921 1173 3973 καὶ
1194 3920 1371 3992 ἑαυτῷ
1397 3923 1787 3996 προδιελέγετο,

211 3999 562 4072 Ποιήσωμεν
624 4004 957 4074 ἄνθρωπον,
1011 4011 1186 4080 λέγων
1209 4029 1224 4043 ·
1283 4013 1394 4067 οὐδ’
1461 4015 1543 4069 ὅτι
1611 4016 1790 4085 λόγοις

210 4095 471 4167 κέχρηται
492 4101 602 4164 τοῖς
629 4101 738 4156 τῶν
768 4104 1056 4174 πρακτέων
1101 4106 1576 4178 παραγγελτικοϊς.
1603 4109 1788 4162 Ταῦτα

210 4186 318 4257 γὰρ
347 4187 459 4260 (75)
488 4193 597 4255 πᾶς
618 4193 948 4266 ἀρνούμενος
981 4197 1072 4251 τὸν
1101 4198 1226 4252 Υίὸν
1253 4198 1346 4252 τοῦ
1371 4199 1503 4252 Θεοῦ
1525 4201 1665 4254 εἴποι
1696 4200 1783 4265 ἂν,

206 4277 237 4330 δ
286 4279 476 4351 δήκαὶ
533 4286 846 4358 Μάρκελλος
895 4289 1086 4353 ποιῶν,
1133 4290 1210 4354 ὡς
1252 4291 1345 4344 ἐπὶ
1398 4294 1786 4365 κρησφύγητον

1903 3183 2079 3234 omnia
2108 3198 2201 3249 per
2225 3183 2373 3238 illum
2402 3183 2548 3254 facta
2572 3193 2716 3250 sunt,
2763 3194 2818 3240 et
2843 3184 2985 3254 quod
3017 3185 3130 3255 ipse
3159 3185 3322 3248 Deus,
3351 3183 3483 3240 Ver-

1900 3273 2026 3329 bum
2062 3275 2211 3342 illud,
2242 3293 2336 3347 per
2365 3291 2526 3346 quem
2572 3278 2754 3334 omnia
2810 3277 2952 3333 facta
2999 3286 3148 3343 sunt,
3189 3293 3221 3334 e
3253 3287 3478 3347 paterna

1901 3363 2274 3420 misericordia
2311 3383 2434 3420 caro
2470 3366 2612 3422 facta
2646 3367 2746 3436 sit,
2784 3377 2840 3421 et
2883 3367 2936 3422 in
2978 3368 3134 3422 nobis
3185 3366 3476 3422 habitavit.

1902 3461 1962 3519 >I<
1996 3457 2120 3510 llaec
2150 3454 2384 3511 Joannes
2429 3456 2520 3511 ille
2559 3472 2787 3527 magnus
2833 3456 3035 3513 Christi
3077 3456 3375 3526 discipulus
3421 3467 3478 3512 et

1898 3545 2175 3613 apostolus
2220 3546 2648 3614 evangelizavit:
2697 3561 2884 3601 omnes
2935 3547 3152 3615 quidem
3227 3545 3477 3602 homines

1895 3635 2130 3691 edocens
2164 3651 2300 3692 nova
2331 3647 2386 3693 et
2429 3653 2630 3708 nupera
2682 3637 2990 3693 Servatoris
3032 3637 3327 3708 mysteria,
3361 3653 3468 3692 non

1893 3726 2035 3796 quod
2069 3738 2188 3783 erat
2214 3728 2355 3783 Deus
2405 3730 2616 3784 ratione
2669 3729 2969 3799 praeditus,
3003 3745 3109 3784 non
3159 3729 3302 3798 quod
3347 3728 3466 3800 ipse

1892 3819 2032 3887 apud
2085 3834 2144 3874 se
2185 3822 2442 3891 cogitavit
2491 3831 2547 3877 et
2576 3837 2760 3877 secum
2793 3821 3092 3878 collocutus
3141 3821 3235 3886 sit,
3263 3817 3466 3874 Facia-

1891 3928 2006 3966 mus
2041 3913 2343 3977 hominem,
2382 3914 2630 3984 inquiens
2654 3953 2669 3979 ,
2704 3928 2804 3969 nec
2836 3919 2978 3984 quod
3011 3912 3192 3968 verbis
3240 3912 3312 3966 sit
3341 3926 3472 3968 usus

1889 4019 2070 4059 rerum
2100 4005 2460 4074 gerendarum
2496 4006 2892 4064 adtnonitoriis.
2935 4006 3042 4062 Ista
3082 4005 3225 4061 enim
3267 4004 3468 4074 quivis,

1889 4097 1979 4164 qui
2013 4094 2104 4150 Dei
2139 4095 2330 4151 Filium
2363 4097 2692 4167 abnegaret,
2733 4098 2916 4153 dicere
2960 4106 3138 4168 posset
3162 4135 3178 4162 ,
3205 4096 3465 4165 quemad-

1888 4185 2106 4242 modum
2152 4198 2209 4243 et
2255 4188 2542 4244 Marcellus
2584 4188 3006 4258 deprehenditur
3074 4187 3300 4253 iecisse,
3372 4187 3464 4257 qui

1888 4287 2145 4348 tanquam
2173 4279 2237 4333 ad
2265 4279 2530 4349 refugium
2555 4281 2825 4349 quoddam
2857 4294 2914 4335 se
2943 4280 3010 4333 ad
3043 4287 3284 4333 veterem
3317 4276 3468 4332 Scri-

205 4369 299 4422 ὲπὶ
318 4370 415 4442 τὴν
444 4374 680 4431 παλαιὰν
727 4379 1058 4449 καταφεύγει
1086 4380 1330 4452 Γραφὴν,
1357 4383 1452 4439 καὶ
1486 4382 1556 4436 τὰ
1586 4384 1782 4455 νηπιά-

1909 4380 2097 4426 ituram
2133 4374 2436 4440 convertit,
2470 4388 2700 4443 quisque
2746 4371 3112 4426 infantissimo
3152 4368 3460 4425 Judzeorum

205 4459 346 4524 ζοντι
377 4462 456 4534 τῷ
491 4465 601 4539 (74)
653 4469 918 4525 Ἰουδαίων
961 4471 1076 4542 λαῷ
1107 4473 1237 4544 περὶ
1265 4472 1360 4527 τοῦ
1395 4472 1468 4545 μὴ
1495 4473 1778 4528 εἰδωλολα-

203 4553 368 4621 τρείν,
396 4552 491 4606 ἕνα
517 4554 573 4608 δὲ
598 4557 755 4628 μόνον
803 4560 999 4614 ειδέναι
1031 4578 1092 4614 τε
1135 4563 1230 4615 καὶ
1261 4562 1439 4617 σέϐειν
1469 4564 1600 4619 Θεὸν
1633 4584 1776 4639 παρ-

203 4642 509 4714 ηγγελμένα
562 4649 815 4719 συνάγειν
865 4656 1139 4725 πειρᾶται.
1177 4655 1344 4708 Ἔνθα
1378 4655 1472 4709 καὶ
1511 4657 1776 4729 ηὐρόησεν

200 4729 346 4800 αύτῷ
384 4734 417 4803 ή
463 4736 592 4806 περὶ
627 4739 720 4792 τοῦ
763 4742 880 4806 ἑνὸς
921 4742 1056 4797 Θεοῦ
1104 4745 1454 4810 διδασκαλία,
1489 4749 1775 4819 χρησίμως

196 4824 315 4875 τότε
353 4826 449 4878 καὶ
505 4831 649 4884 κατά
697 4834 888 4906 καιρὸν
961 4836 1440 4908 είδωλολατροῦσιν
1500 4839 1771 4906 Ἰουδαίοις

195 4917 625 4993 παραδεδομένη.
678 4926 787 4980 Καὶ
841 4926 906 4999 δὴ
956 4928 1188 4982 ἐνταῦθα
1256 4930 1607 5000 καταφυγὼν,
1674 4934 1769 4987 καὶ

192 5005 378 5077 ὥσπερ
417 5011 475 5063 ὲν
506 5013 821 5087 ὀχυρώματι
854 5020 1044 5073 ἑαυτὸν
1075 5023 1142 5090 τῇ
1181 5021 1444 5092 Ἰουδαϊκῇ
1496 5025 1764 5095 περιφρά-

191 5095 289 5162 ξας
346 5102 779 5178 σκληροκαρδιᾳ,
826 5107 927 5179 τήν
974 5108 1202 5181 ἄρνησιν
1254 5110 1621 5181 προύϐάλλετο
1671 5113 1765 5167 τοῦ

189 5193 318 5250 Tim}
355 5195 448 5250 τοῦ
473 5196 629 5252 Θεοῦ.

265 5405 322 5467 »Β
355 5401 452 5457 Ed.
487 5401 690 5470 Paris.,
716 5419 839 5476 pag.
868 5406 994 5462 150.
1059 5405 1272 5463 “Joan.
1319 5423 1358 5478 ι,
1396 5410 1484 5465 ia.

261 5556 368 5632 (30)
394 5556 736 5632 Χιιικαπρδς
763 5560 804 5620 δ.

253 5628 361 5701 (ῃ
393 5630 535 5701 ῌρὸς
563 5628 749 5701 ἕτερον
791 5633 856 5685 ﬂ.

393 5698 556 5770 vulgo
581 5698 728 5754 τόνδε
765 5703 1068 5774 προφήτην.

1885 4460 2082 4530 p0pulo
2109 4461 2301 4516 tradita
2327 4463 2598 4531 quondam
2641 4462 2890 4524 fuerant.
2930 4463 2996 4516 de
3027 4475 3133 4515 non
3170 4459 3462 4514 aderandis

1885 4551 2062 4617 idolis,
2106 4551 2201 4607 sed
2237 4553 2328 4606 ttni
2380 4553 2488 4609 Deo
2533 4554 2932 4625 cognoscendo,
2980 4552 3371 4621 serviendoque
3403 4551 3458 4605 in

1883 4654 2049 4694 unum
2085 4645 2301 4711 coegit:
2334 4642 2425 4696 ubi
2468 4643 2714 4698 doctrina
2759 4644 2826 4698 de
2873 4642 2986 4698 Deo
3033 4641 3147 4697 solo
3177 4649 3232 4696 et
3261 4655 3369 4696 uno
3406 4642 3455 4697 ei

1881 4731 2144 4787 successit
2167 4732 2402 4797 abunde,
2429 4742 2614 4802 utpote
2642 4749 2763 4803 quae
2809 4734 3017 4790 utiliter
3060 4731 3371 4799 admodum,
3401 4743 3457 4788 et

1877 4831 2180 4891 opportune
2196 4822 2490 4878 idololatris
2511 4822 2708 4880 .ludzeis
2729 4824 3059 4880 tradebatur.
3079 4824 3196 4890 Quo
3217 4824 3305 4879 ille
3333 4837 3454 4879 sese

1875 4913 2182 4978 conferens,
2217 4924 2273 4969 et
2295 4913 2518 4970 Judaica
2569 4916 2754 4971 cordis
2783 4916 3003 4984 duritia,
3037 4916 3201 4972 veluti
3243 4915 3451 4970 munito

1870 5007 2106 5076 quodam
2152 5007 2554 5077 propugnaculo
2584 5008 2845 5079 vallatus,
2871 5011 2940 5068 ad
2977 5009 3174 5066 Filium
3218 5009 3314 5066 Dei
3349 5025 3451 5063 ne-

1868 5097 2102 5168 gandum
2129 5098 2417 5168 processit.

1931 5563 2045 5638 (75)
2068 5563 2248 5638 Falso
2278 5579 2382 5638 θέητ-
2409 5566 2515 5638 γάρ

1925 5636 2038 5706 (74)
2067 5635 2231 5706 Vulgo
2255 5635 2382 5691 τῶν.
