1919 3111
189 149 241 179 915

507 205 584 234 CAP.
603 205 676 233 XIX.

189 254 266 287 Quod
287 249 427 287 Harcellus
446 251 581 279 advocatis
603 252 631 279 in
653 251 830 280 testimonium
853 259 867 279 ε
892 250 978 278 Veteri

225 288 389 316 Testamento
403 286 546 320 Scripturis
557 288 589 313 de
603 287 658 322 Deo
672 295 736 322 uno,
747 295 799 314 non
810 294 883 314 usus
898 294 978 322 quam

222 323 313 351 Judaei
329 322 423 353 solent,
438 322 601 357 abnegaverit
616 321 665 349 Dei
678 321 791 349 Filium.

224 368 375 406 [R.‘L~VIII,
393 367 503 403 ωηερ-
529 368 579 395 I58
603 367 647 404 8.]
679 368 789 395 Audisis
810 374 901 396 autem
919 367 979 403 qui-

189 418 240 445 bus
263 416 349 443 utitur
370 414 500 447 vocibus,
524 413 586 441 dum
615 414 651 441 ita
666 414 760 442 scribit
779 423 786 441 :
805 423 815 439 ι
828 414 978 447 Quemnam

190 472 200 489 ι
217 469 281 490 vero
295 468 355 490 eum
370 461 517 488 arbitratur
532 461 655 488 Asterius
667 480 675 493 ,
693 461 738 496 qui
753 460 832 492 dixit,
850 460 905 495 Ego
919 468 978 487 sum

191 517 200 534 ι
218 508 264 544 qui
272 516 330 535 sum
337 508 370 541 υ,
379 507 478 534 Filium
487 514 521 533 an
529 507 653 534 Patrem?
662 508 729 534 duas
737 507 835 534 etenim
848 507 978 542 hyposta-

190 561 200 578 ι
218 560 262 580 ses
275 549 365 579 Patris
388 557 415 579 et
434 550 494 579 Filii
519 550 636 578 allii-mat
659 559 739 585 esse,
755 559 866 579 carnem
893 552 979 586 respi-

191 608 200 624 ι
221 598 297 626 ciens
320 598 468 625 humanam
494 597 580 629 illam,
593 604 675 632 quam
698 597 845 632 assumpsit
861 597 977 625 Verbum

188 654 200 671 v
221 644 324 678 Dei,~et
337 644 371 672 ob
385 643 457 670 illam
472 650 581 670 carnem
596 644 623 671 in
645 643 716 671 hanc
734 644 900 671 descendens
916 643 978 679 opi-

187 691 337 718 '¢-.ninnem.
353 690 442 726 Atque
456 689 492 717 ita
511 689 557 717 Dei
577 689 674 717 Filium
693 690 829 725 separavit
848 697 864 717 a
887 690 977 724 Patre,

188 747 202 764 ιι
221 745 274 765 non
288 736 368 764 aliter
379 743 461 771 quam
477 736 499 764 si
515 735 574 770 quis
596 735 683 763 illium
696 735 812 764 hominis
825 743 840 763 a
858 736 976 763 naturali

191 794 201 809 ι
219 791 268 811 suo
282 787 358 817 patre
370 786 519 817 separaret.
536 791 546 808 ›
561 781 594 808 Ει
621 785 676 808 tum
692 780 814 817 adiungit
833 780 880 817 ῘΒ.
897 781 978 809 LVIII

189 827 264 862 rol|.,
280 836 305 864 p.
320 827 371 856 I58
386 827 418 864 Β]
434 836 441 854 :
461 836 470 853 ι
486 826 515 855 Si
539 827 641 854 idcirco
653 826 760 854 Patrem
779 834 809 855 se
823 835 837 854 a
853 826 922 855 Filio
937 834 979 855 se-

530 146 664 175 EUSEBII
684 142 922 175 CESARIENSIS
938 144 1013 173 OPP.
1036 144 1126 172 PARS
1147 144 1192 173 IV.
1213 160 1247 164 —
1268 144 1480 173 DOGMATICA.

1772 144 1829 173 948

1354 204 1433 231 ΚΕΦ.
1455 204 1506 231 18’.

1033 250 1129 284 Ὅπως
1139 250 1316 285 Μάρκελλος
1323 251 1377 283 τὰς
1387 251 1455 285 περὶ
1464 250 1535 283 ἐνὸς
1545 249 1620 278 Θεοῦ
1629 249 1685 284 τῆς
1692 248 1832 285 Παλαιᾶς

1066 284 1212 320 Διαθήκής
1227 285 1349 320 Γραφὰς
1370 284 1607 320 μαρτυρόμενος,
1629 285 1737 320 ὁμοίως
1759 284 1833 312 ἰου-

1067 321 1161 354 δαίοις
1175 322 1229 348 τὸν
1247 321 1317 348 Υὶύν
1333 320 1387 347 τοῦ
1402 321 1476 348 Θεοῦ
1490 321 1618 355 ἠρνεῖτο.

1073 367 1239 394 Ἐπάκουσον
1267 366 1343 402 γοῦν,
1371 367 1442 399 οἵαις
1478 368 1610 403 κέχρηται
1636 367 1748 402 φωναῖς,
1774 362 1831 393 ὧδε

1031 413 1144 449 γράφων
1163 413 1235 440 κατὰ
1258 413 1346 446 λέξιν·
1368 423 1377 439 s
1392 413 1459 440 Τίνα
1479 414 1571 439 τοίνυν
1593 413 1649 445 τὸν,
1671 411 1745 447 Ἐνώ
1768 413 1832 446 ειμι

1034 467 1044 484 ι
1067 460 1084 486 d
1109 458 1160 492 ὦν,
1175 459 1288 493 λέγοντα
1312 459 1450 495 Ἀστέριος
1464 456 1535 486 εἶναι
1563 459 1662 491 οἴεται,
1687 458 1733 484 τὸν
1753 458 1831 490 ι’ίὸν,

1035 514 1044 530 s
1067 505 1084 540 ἦ
1101 505 1145 531 τὸν
1158 505 1286 541 Πατέρα;
1299 504 1346 531 δύο
1359 505 1414 541 γὰρ
1430 505 1593 536 ὑποστάσεις
1607 504 1647 535 είς
1659 503 1707 539 τὴν
1722 502 1833 538 ἀνθρω-

1035 560 1043 577 ι
1067 551 1147 587 πίνην
1160 552 1193 587 ἣν
1214 552 1229 578 ὁ
1245 551 1292 578 τοῦ
1309 551 1377 578 Θεοῦ
1393 551 1479 586 Λόγος
1499 550 1627 585 ἀνείληφε
1653 549 1745 586 σάρκα
1760 549 1833 583 ἀφο-

1034 606 1043 623 ι
1070 597 1134 633 ρῶν,
1150 598 1196 624 καὶ
1217 597 1250 624 δι’
1269 598 1356 633 αὐτὴν
1381 597 1454 624 οὕτω
1481 597 1694 632 φανταζόμενος,
1722 594 1834 630 Πατρός

1035 652 1043 669 t
1067 652 1097 670 τε
1113 643 1160 670 καὶ
1174 642 1239 670 Υίοῦ
1255 643 1356 678 ἔφησεν
1372 641 1451 670 εἶναι.
1466 642 1544 669 Οὕτω
1556 642 1602 669 τὸν
1622 641 1688 668 Υίὸν
1702 639 1748 666 τοῦ
1759 638 1834 666 Θεοῦ

1035 698 1043 714 ι
1069 689 1193 725 χωρίζων
1209 689 1266 725 (75)
1280 688 1328 715 τοῦ
1349 688 1468 725 Πατρὸς,
1489 687 1528 720 ὡς
1551 688 1598 715 καὶ
1619 687 1676 714 υἱὸν
1702 685 1759 721 (76)
1781 685 1833 712 άν-

1034 745 1043 760 ι
1068 734 1177 771 θρώπου
1205 735 1352 771 χωρίσειεν
1380 734 1412 761 ἄν
1431 743 1473 766 τις
1491 733 1538 760 τοῦ
1568 732 1640 761 κατὰ
1667 732 1749 767 φύσιν
1777 739 1834 757 πα-

1035 789 1044 805 ι
1066 780 1157 816 τρός.)
1182 780 1237 806 Kal.
1261 779 1382 814 ἐπιλέγει
1408 780 1488 815 ὲξῆς”
1509 789 1518 805 ι
1534 780 1564 806 Et
1587 779 1677 806 τοίνυν
1700 778 1747 804 τὸν
1771 778 1833 804 Πα-

1035 834 1043 851 ι
1066 825 1133 861 τέρα.
1149 825 1297 861 χωρίζοντα
1311 825 1407 852 ἑαυτὸν
1420 825 1467 852 τοῦ
1482 825 1548 852 Υίοῦ
1561 825 1630 861 πρὸς
1648 824 1693 851 τὸν
1709 824 1833 851 Μωῡσέα

193 886 202 902 ι
218 881 362 912 parantem
383 874 442 902 haec
462 874 495 901 ad
516 873 618 901 Mosem
651 872 767 901 allirmet
795 873 976 908 prolocutum,

1038 881 1043 897 ι
1066 871 1142 898 ταῦτ’
1158 871 1298 907 εἰρηκέναι
1316 872 1414 908 φήσει,
1438 872 1488 899 οὐκ
1510 869 1581 898 εἶναι
1604 871 1650 898 τὸν
1674 871 1739 898 Υζὸν
1762 870 1833 897 Θεὸν

193 930 203 947 ι
220 920 341 956 proiecto
355 919 493 952 fatebitur,
510 926 562 946 non
582 925 643 946 esse
658 917 741 945 Deum
757 918 803 952 qui
826 922 868 945 est
884 917 979 946 Filius.

194 977 204 993 ι
225 967 365 1000 Quomodo
388 965 462 994 enim
488 965 534 1000 qui
551 965 607 999 ait,
623 964 680 999 Ego
698 973 756 992 sunt
772 964 818 999 qui
843 972 911 997 sum,
927 971 980 991 non

194 1022 205 1040 s
219 1013 285 1040 item
300 1019 480 1040 concessurus
492 1015 552 1044 est,
571 1011 641 1045 quod
656 1011 701 1046 qui
718 1015 771 1043 est,
787 1018 816 1038 se
829 1010 897 1038 dixit
910 1017 979 1044 esse,

194 1057 261 1094 sj-a'd
298 1057 479 1085 diﬂ‘erentiam
511 1056 681 1084 statuendam
720 1057 792 1084 inter
830 1057 917 1091 ipsum
954 1059 983 1083 et

194 1114 205 1131 ι
223 1111 277 1132 non
298 1103 366 1132 ens?
379 1113 389 1130 ι
408 1103 459 1137 Qui
477 1102 499 1130 si
523 1103 596 1130 dicat
612 1101 710 1130 Filium
727 1102 867 1137 hypostasi
885 1101 982 1129 distin-

192 1154 266 1178 ctum
288 1150 340 1178 hoc
372 1149 409 1176 ita
436 1149 645 1183 pronuntiasse,
668 1147 723 1183 Ego
752 1156 811 1175 sum
836 1148 883 1182 qui
904 1155 980 1180 sum,

194 1199 225 1229 is
246 1196 319 1223 idem
340 1195 374 1223 de
395 1195 476 1223 Patre
496 1202 606 1230 quoque
631 1195 732 1222 dixisse
757 1193 980 1222 existimabitur:

191 1242 326 1270 utrumvis
354 1247 444 1268 autem
474 1240 650 1275 conjunctum
676 1245 718 1267 est
745 1247 805 1267 cum
831 1240 980 1275 impietate.

191 1288 298 1316 Rursus
310 1295 385 1321 vero,
397 1287 460 1314 dum
471 1286 579 1314 Patrem
596 1294 657 1314 esse
672 1285 770 1313 Filium
781 1286 897 1321 probare
913 1286 980 1318 vult,

192 1334 247 1362 hoc
264 1333 344 1361 modo
354 1333 466 1361 scribit:
485 1342 493 1359 ι
508 1332 569 1368 Ipse
582 1333 655 1360 enim
671 1331 843 1360 conﬁtebitur
857 1332 982 1367 inquiens

191 1378 238 1416 III.
254 1378 359 1415 LXVI],
376 1378 409 1406 In
423 1386 464 1406 me
488 1383 526 1406 est
551 1378 643 1411 Pater,
661 1382 685 1405 et
701 1386 746 1413 ego
764 1378 791 1404 in
803 1376 895 1405 Patre.
911 1378 981 1405 Eum

189 1434 259 1453 'vero
274 1425 325 1453 hoc
338 1424 439 1453 dixisse
449 1432 503 1452 non
519 1425 578 1452 sine
593 1424 711 1457 ratione,
729 1428 776 1451 aut
788 1431 802 1451 a
813 1431 894 1459 scopo
901 1424 982 1452 aber-

192 1475 392 1505 rantem,patet
403 1477 436 1497 ex
450 1470 654 1505 Apostolidicto
662 1470 848 1506 alibiznempe
863 1470 908 1498 ubi
920 1471 958 1498 ait
972 1480 980 1499 :

186 1516 268 1544 “Urius
281 1517 349 1544 enim
363 1520 400 1544 est
417 1516 557 1549 Dominus,
571 1524 625 1544 una
644 1515 721 1551 ﬁdes,
736 1524 819 1543 unum
838 1517 981 1550 boptisms,

1038 928 1047 944 ι
1070 918 1242 954 ὁμολογήσει.
1277 918 1339 951 Πῶς
1368 918 1423 955 γὰρ
1455 919 1575 954 ἐγχωρεῖ
1612 918 1658 945 τὸν
1699 917 1834 952 λέγοντα,

1037 974 1046 991 ι
1077 964 1150 1000 Ἐγώ
1163 966 1220 1000 ειμι
1236 966 1252 992 ὁ
1265 965 1319 998 ὢν,
1335 965 1373 1002 μὴ
1401 965 1606 1001 συνομολογεῖν,
1621 965 1663 991 ὅτι
1686 963 1758 991 κατὰ
1781 964 1833 991 άν-

1036 1020 1047 1037 s
1070 1010 1239 1047 τιδιαστολὴν
1275 1011 1323 1038 τοῦ
1361 1012 1398 1048 μὴ
1433 1011 1509 1044 δντος
1535 1012 1549 1038 ὁ
1579 1010 1617 1038 ὢν
1641 1010 1738 1037 ἑαυτὸν
1759 1007 1834 1036 εἶναι

1037 1067 1046 1084 s
1071 1066 1170 1093 φησινς
1186 1068 1196 1084 ι
1226 1059 1258 1085 El
1282 1058 1311 1085 δὲ
1340 1058 1386 1085 τὸν
1416 1058 1481 1085 Υἰὸν
1518 1057 1666 1084 ὑποστάσει
1695 1056 1832 1093 διῃρημέ-

1034 1111 1079 1129 νον
1103 1103 1181 1130 τοῦτο
1207 1104 1306 1139 φάσκει
1333 1103 1423 1139 λέγειν
1452 1103 1482 1130 τὸ
1518 1103 1591 1139 Ἐγώ
1617 1104 1677 1138 ειμι
1713 1103 1730 1129 ό
1771 1100 1826 1134 ὢν,

1033 1149 1132 1176 ταύτὸν
1154 1147 1232 1182 αὖθις
1248 1150 1312 1186 περὶ
1323 1148 1370 1176 τοῦ
1387 1149 1493 1186 Πατρὸς
1514 1148 1604 1184 λέγειν
1623 1147 1831 1185 νομισθήσεται·

1035 1195 1163 1231 ἑκάτερον
1177 1196 1206 1223 δὲ
1220 1195 1322 1223 τούτων
1336 1195 1444 1227 ἀσεϐές.
1457 1195 1513 1222 Καὶ
1529 1195 1586 1231 (77)
1603 1194 1685 1222 πάλιν
1698 1192 1769 1221 εἶναι
1785 1193 1833 1220 τὸν

1035 1241 1146 1277 Πατέρα
1171 1241 1218 1268 καὶ
1242 1241 1287 1268 τὸν
1310 1241 1375 1268 Υίὸν
1394 1240 1529 1274 ἐπιδεῖξαι
1552 1241 1733 1276 πειρώμενος,
1759 1238 1833 1266 οὕτω

1034 1287 1146 1324 γράφει·
1164 1296 1173 1313 ι
1192 1287 1279 1319 Αὐτὸς
1302 1286 1357 1323 γὰρ
1386 1286 1512 1322 ὁμολογεί
1531 1286 1628 1320 λέγων,
1655 1286 1707 1312 ‘Er
1722 1285 1788 1320 ἐμοὶ
1817 1286 1835 1311 ό

1034 1333 1146 1368 Πατὴρ,
1161 1333 1241 1369 κάγὼ
1253 1334 1290 1361 ἐν
1299 1332 1340 1366 τῷ
1354 1333 1456 1367 Πατρί.
1467 1333 1529 1359 ’Ότι
1544 1332 1573 1359 δὲ
1584 1332 1662 1359 τοῦτο
1675 1332 1726 1367 οὐχ
1738 1330 1834 1362 ἁπλῶς

1034 1379 1095 1405 οὐδὲ
1121 1379 1250 1410 ἀσκόπως
1274 1379 1381 1415 εἴρηκε,
1407 1379 1486 1415 δῆλον
1509 1378 1565 1415 (78)
1592 1379 1640 1405 καὶ
1659 1379 1706 1413 ἀφ’
1730 1377 1832 1413 ἐτέρας

1033 1425 1216 1465 ἀποστολικῆς
1244 1426 1360 1462 ρήσεως,
1384 1423 1438 1459 Εἷς
1460 1426 1528 1460 γὰρ,
1558 1426 1572 1452 ὁ
1597 1424 1693 1457 εἰπὼν,
1709 1424 1831 1458 Κύριος.

1031 1473 1087 1507 μία
1099 1473 1212 1505 πίστις,
1224 1471 1260 1498 ἐν
1267 1471 1435 1506 βάπτισμα,
1451 1469 1496 1504 εἷς
1510 1470 1594 1504 Θεὸς,
1616 1470 1681 1506 ἔφη,
1696 1471 1746 1498 καὶ
1770 1471 1831 1497 Πα-

1034 1518 1101 1553 τὴρ,
1126 1520 1142 1545 ό
1155 1517 1204 1545 ἐπὶ
1229 1517 1361 1550 πάντων,
1374 1518 1424 1544 καὶ
1444 1517 1493 1544 διὰ
1511 1516 1641 1550 πάντων,
1658 1516 1709 1544 καὶ
1721 1517 1756 1543 ἐν
1769 1516 1829 1543 πᾶ-

192 1571 261 1590 unus
283 1562 353 1589 Deus
374 1567 398 1589 et
421 1561 516 1595 Pater,
540 1563 585 1597 qui
608 1567 647 1589 est
670 1570 747 1597 super
765 1564 872 1597 omnia,
894 1568 918 1590 et
938 1572 979 1597 per

1038 1571 1095 1591 ιτιν.
1118 1564 1210 1599 Ὁρᾷς,
1224 1563 1265 1590 ὅτι
1282 1563 1335 1590 οὐδ’
1350 1562 1467 1590 ἐνταῦθα
1485 1563 1631 1597 ἀφίσταται
1651 1562 1700 1597 τῆς
1716 1570 1832 1597 συμφω-

190 1607 282 1634 omnia
298 1611 322 1633 et
339 1606 368 1633 in
389 1606 509 1633 omnibus
522 1606 555 1633 ¹⁶.
574 1605 656 1634 Vides
681 1610 710 1633 ut
728 1613 778 1634 nec
798 1607 850 1635 hoc
873 1607 901 1635 in
925 1607 984 1639 loco

192 1659 207 1679 ε
225 1651 428 1687 conspiratione
445 1651 576 1679 recedat:
591 1651 639 1679 sed
662 1651 757 1679 eodem
776 1652 859 1680 etiam
885 1658 913 1680 et
939 1653 983 1681 hic

186 1696 300 1725 laboret
314 1696 392 1725 vitio.
417 1696 485 1724 Nam
505 1704 566 1724 cum
584 1696 713 1730 dixisset,
739 1697 815 1726 Unus
835 1703 873 1726 est
891 1698 983 1725 Domi-

183 1751 242 1770 -nus
260 1750 270 1770 :
284 1743 384 1779 adjecit
401 1750 508 1779 quoque
528 1747 555 1771 et
576 1751 646 1771 unus
669 1749 708 1772 est
729 1744 799 1772 Deus
812 1765 820 1778 ,
839 1746 983 1780 utquoties

185 1789 301 1820 'Domini
319 1789 399 1817 unius
422 1790 506 1817 faciat
531 1791 709 1823 mentionem,
732 1790 842 1819 Patrem
865 1799 919 1819 uno
936 1798 984 1819 eo-

186 1836 309 1872 demque
326 1836 468 1871 complexu
482 1835 598 1869 ambiat,
615 1844 677 1865 cum
691 1844 757 1865 vero
776 1837 810 1865 de
827 1837 908 1865 Patre
925 1845 984 1866 ser-

191 1889 300 1911 monem
328 1881 458 1915 instituit,
481 1881 561 1909 simul
586 1886 701 1910 testetur
724 1890 778 1911 non
795 1883 901 1910 excludi
915 1883 983 1910 Ver-

190 1927 257 1954 bum
272 1927 330 1954 Dei.
348 1936 358 1953 ι
378 1927 441 1955 Haec
464 1927 607 1956 Marcellus
634 1936 696 1956 cum
735 1929 889 1961 edisserat,
923 1929 983 1964 plu-

191 1972 263 2000 rima
294 1973 417 2008 congerit
442 1974 475 2002 de
494 1975 586 2003 Veteri
610 1974 788 2003 Testamento
814 1975 981 2009 testimonia,

190 2024 222 2048 ut
237 2020 344 2048 evincat
360 2028 414 2048 non
427 2028 490 2050 esse
506 2022 561 2050 Deo
569 2022 677 2049 Filium.
691 2022 737 2049 Ait
753 2023 825 2050 enim
841 2022 924 2050 Deum
941 2023 983 2050 in-

192 2066 310 2094 divisam
337 2068 474 2095 exstitisse
493 2069 639 2101 unitatem,
670 2070 794 2096 eumdem
820 2072 848 2096 et
873 2068 981 2096 Patrem

191 2119 255 2140 esse
281 2113 326 2147 qui
349 2118 393 2141 est
421 2112 508 2141 Filius
526 2114 656 2142 insinuat.
685 2114 731 2142 Sic
750 2119 842 2142 autem
861 2115 980 2143 scribit:

192 2157 237 2194 [IL
251 2157 368 2195 LXVIII]
387 2168 396 2184 ι
413 2158 482 2191 Quid
505 2160 589 2194 ergo?
612 2167 703 2187 annon
724 2160 821 2194 spiritu
841 2161 982 2196 obtenipev

193 2213 205 2231 s'
225 2208 332 2238 rantes,
349 2205 482 2234 unitatem
507 2206 652 2234 indivisam
671 2206 714 2234 vel
734 2207 852 2242 potentia
870 2207 980 2242 quidem

192 2259 203 2277 ‹
224 2257 283 2278 esse
307 2251 489 2279 arbitramur?
511 2251 592 2280 Certe
620 2259 673 2280 non
700 2253 891 2281 erraverimus.
912 2252 979 2281 Cum

189 2306 202 2322 ε
223 2297 338 2325 exertim
365 2305 416 2326 nos
437 2297 554 2326 Verbum
578 2299 643 2326 illud
676 2300 808 2332 docuerit,
837 2300 980 2327 Dominum

191 2351 203 2369 ι
223 2343 308 2371 Deum
317 2348 391 2371 tuum
416 2345 553 2378 adorabis,
570 2351 596 2372 et
611 2345 650 2372 illi
668 2345 718 2372 soli
738 2346 835 2373 servies
851 2347 883 2373 "’.
900 2346 980 2379 Quod

192 2397 202 2414 ι
223 2388 294 2416 idem
320 2396 368 2424 per
387 2389 509 2417 Marcum
535 2390 729 2427 evangelistam
761 2391 909 2426 praedicat:
925 2392 980 2418 Ac-

193 2442 202 2459 s
220 2434 324 2461 cedente
342 2440 430 2462 autem
450 2436 485 2462 ad
499 2444 558 2463 eum
570 2437 657 2464 scribo
678 2437 793 2470 quodam
818 2442 842 2465 ει
866 2438 980 2465 interro-

193 2487 203 2504 ι
220 2484 309 2514 gonte,
341 2482 411 2515 quod
426 2487 491 2508 esset
523 2483 677 2510 mandatum
705 2483 823 2510 omnium
848 2484 977 2518 primum,

192 2533 203 2550 ι
223 2526 359 2560 respondet
371 2526 406 2559 ei,
419 2529 482 2562 quia
498 2528 652 2555 mandatum
666 2529 782 2555 omnium
799 2529 912 2562 primum
928 2534 978 2563 est,

1033 1611 1102 1643 νίας,
1120 1609 1188 1636 ἀλλὰ
1202 1609 1249 1637 καὶ
1265 1609 1380 1636 ἐνταῦθα
1395 1608 1426 1636 τὸ
1442 1609 1509 1636 αὐτὸ
1528 1608 1675 1635 πέπονθεν.
1693 1605 1746 1641 Εἷς
1762 1607 1828 1643 γὰρ,

1033 1656 1127 1689 εἰπὼν,
1141 1657 1259 1691 Κύριος,
1278 1654 1356 1688 αὖθις
1379 1653 1424 1689 εἷς
1437 1655 1520 1689 Θεὸς,
1542 1655 1605 1691 ἐφη,
1620 1656 1674 1688 ἶνα,
1687 1655 1772 1690 ἡνίκα
1795 1654 1830 1681 ἂν

1032 1702 1079 1729 τοῦ
1095 1702 1155 1734 ἐνὸς
1177 1702 1280 1738 Κυρίου
1310 1701 1481 1737 μνημονεύῃ,
1499 1701 1692 1738 περιλαμϐάνῃ
1711 1701 1759 1728 καὶ
1783 1700 1829 1727 τὸν

1032 1748 1150 1784 Πατέρα·
1167 1748 1250 1784 ἡνίκα
1262 1748 1285 1775 δ’
1296 1748 1329 1775 ἂν
1346 1748 1413 1784 περὶ
1420 1747 1468 1775 τοῦ
1483 1748 1590 1784 Πατρὸς
1603 1748 1681 1784 λέγῃ,
1698 1746 1736 1783 μὴ
1750 1747 1830 1779 ἐκτὸς

1032 1792 1101 1821 εἶναι
1108 1794 1153 1820 τὸν
1164 1794 1251 1830 Λόγον
1260 1793 1308 1821 τοῦ
1317 1793 1386 1821 Θεοῦ
1392 1795 1530 1830 μαρωρῇ.
1543 1803 1553 1821 ι
1564 1793 1657 1820 Ταῦτα
1669 1792 1831 1829 Μάρκελλος

1032 1839 1128 1873 ειπὼν,
1144 1840 1208 1876 ἑξῆς
1233 1840 1342 1872 πλείους
1359 1840 1472 1875 συνάγει
1493 1839 1603 1875 γραφὰς
1622 1840 1677 1866 ἀπὸ
1693 1840 1742 1875 τῆς
1772 1839 1831 1866 Ila.

1032 1886 1111 1919 λαιᾶς
1130 1886 1267 1922 Διαθήκης
1283 1888 1323 1919 εις
1337 1886 1474 1920 ἀπόδειξιν
1492 1886 1539 1913 τοῦ
1564 1886 1601 1922 μὴ
1616 1886 1749 1921 ὑπάρχειν
1764 1885 1829 1912 Υίὺν

1031 1932 1071 1968 τῷ
1096 1932 1166 1968 Θεῷ.
1196 1932 1306 1960 Μονάδα
1330 1932 1396 1967 γοῦν
1424 1931 1495 1959 εἶναι
1521 1932 1674 1968 ἀδιαίρετον
1689 1932 1736 1958 τὸν
1761 1931 1829 1958 Θεὸν

1032 1979 1156 2013 φάσκων,
1183 1979 1265 2006 αὑτὸν
1289 1976 1359 2006 εἶναι
1382 1979 1493 2015 Πατέρα
1518 1979 1565 2006 καὶ
1590 1979 1637 2005 τὸν
1654 1978 1736 2005 αὑτὸν
1757 1976 1829 2006 εἶναι

1033 2025 1089 2059 (79)
1098 2025 1162 2052 Υἰὸν
1170 2025 1292 2061 παρίστη
1300 2025 1414 2060 γράφων
1423 2024 1517 2052 τοῦτον
1524 2025 1569 2051 τὸν
1577 2025 1688 2060 τρόπον·
1702 2035 1712 2050 ι
1725 2025 1757 2051 Τί
1768 2023 1827 2059 οὖν,

1035 2080 1044 2097 ι
1067 2071 1092 2097 εί
1116 2070 1171 2106 (80)
1202 2070 1240 2106 μὴ
1268 2070 1308 2106 τῷ
1333 2070 1473 2106 Πνεύματι
1503 2070 1683 2106 προσέχοντες
1713 2069 1827 2105 δυνάμει

1034 2127 1043 2143 ι
1061 2117 1212 2152 ἀδιαίρετον
1238 2117 1287 2153 τὴν
1308 2116 1408 2152 μονάδα
1434 2115 1504 2144 εἶναι
1517 2115 1684 2153 νομίζοιμεν,
1699 2116 1755 2152 ἄρα
1770 2116 1828 2152 (81)

1034 2171 1044 2188 s
1060 2162 1109 2197 οὐχ
1126 2162 1353 2198 ἁμαρτησόμεθα,
1371 2162 1464 2196 σαφῶς
1481 2161 1528 2189 τοῦ
1553 2162 1641 2196 Λόγου
1655 2162 1828 2194 διδάσκοντος

1035 2218 1043 2234 ι
1064 2209 1147 2244 ἡμᾶς,
1163 2210 1274 2243 Κύριον
1289 2209 1343 2236 τὸν
1355 2210 1430 2237 Θεόν
1444 2217 1502 2237 σου
1514 2209 1752 2243 προσκυνήσεις,
1776 2209 1826 2236 καὶ

1034 2262 1043 2279 ι
1062 2253 1143 2286 αὐτῷ
1164 2254 1247 2289 μόνῳ
1272 2255 1459 2289 λατρεύσεις.
1476 2255 1512 2281 Τὸ
1533 2255 1599 2282 αὐτὸ
1613 2255 1643 2282 δὲ
1657 2255 1704 2282 καί
1718 2255 1763 2282 διὰ
1778 2254 1827 2282 τοῦ

1033 2308 1043 2324 ι
1058 2299 1129 2326 κατὰ
1137 2300 1249 2335 Μάρκον
1271 2300 1432 2335 εὐαγγελίου
1445 2300 1587 2336 κηρύττειο
1614 2300 1698 2333 Ἑνὸς
1711 2299 1768 2335 γάρ
1782 2309 1826 2327 tt—

1033 2354 1042 2370 s
1060 2353 1113 2378 νος
1130 2345 1320 2380 γραμματέως
1334 2347 1557 2380 προσελθόντος
1576 2345 1667 2378 αὐτῷ,
1679 2348 1730 2373 καὶ
1750 2353 1827 2373 πυν-

1032 2399 1041 2416 ‹
1059 2390 1234 2425 θανομένου,
1249 2391 1296 2425 τίς
1319 2391 1366 2426 εἴη
1394 2391 1493 2426 πρώτη
1517 2391 1577 2418 τῶν
1597 2391 1741 2423 ἐντολῶν,
1768 2391 1826 2419 ἁπ-

1036 2446 1046 2462 s
1063 2437 1201 2471 εκρινατο
1209 2438 1282 2472 πρὸς
1295 2438 1389 2465 αὐτὸν
1400 2438 1495 2471 οὕτως
1505 2436 1605 2465 εἰπών·
1618 2437 1825 2472 Hirtus-apd)-

1037 2493 1046 2509 ι
1063 2492 1125 2518 τον,
1141 2485 1253 2517 Ἄκουε,
1273 2484 1403 2519 Ἰσραὴλ,
1419 2485 1524 2519 Κύριος
1543 2486 1559 2511 d
1571 2483 1643 2516 Θεὸς
1660 2483 1757 2518 mulir,
1768 2484 1826 2511 Κύο

1036 2539 1045 2555 ι
1055 2539 1122 2564 ριος
1132 2529 1177 2563 εἷς
1192 2530 1267 2557 ἐστι.
1284 2530 1340 2558 Καὶ
1355 2530 1523 2566 ἀγαπήσεις
1548 2531 1661 2565 Κύριον
1676 2529 1731 2556 τὸν
1751 2530 1825 2557 Θεόγ

227 2630 257 2659 pls
272 2627 319 2655 Ed.
333 2627 431 2661 Paris.,
446 2636 505 2664 pag.
519 2629 579 2657 I51.
618 2630 640 2645 "
656 2630 741 2659 Exod.
758 2638 799 2663 ιιι,
819 2631 863 2659 ιι.
903 2633 925 2648 ¹⁴¹
941 2633 1041 2668 Lphes.
1058 2641 1095 2668 Iv,
1111 2634 1138 2666 5,
1152 2632 1180 2661 6.
1220 2633 1241 2649 "
1258 2633 1353 2662 Matth.
1373 2642 1410 2668 IV,
1428 2634 1472 2661 I0.

226 2728 280 2765 (Ἰῇ)
302 2729 359 2765 Τὸν(
371 2730 438 2756 Υίὸν
455 2730 508 2756 τοῦ
528 2730 613 2762 Θεοῦ,
631 2730 768 2765 χωρίζων,
779 2732 846 2760 forte
858 2733 903 2760 τὸν
914 2733 979 2760 Υἱὸν

191 2763 312 2805 χωρίζων
321 2764 367 2805 τοῦ
378 2765 443 2791 Θεοῦ
459 2765 506 2791 καὶ
519 2763 688 2801 Πατρὸςξιίἶς
703 2768 749 2795 καὶ
757 2763 815 2795 υἱὸν
828 2768 972 2804 ἀνθρώπου

191 2800 330 2833 χωρίσειεν
342 2800 373 2826 άν
388 2809 439 2831 τις.

226 2834 281 2867 (Ἶϋ)
300 2834 382 2868 Vulgo
392 2835 424 2860 ἂν
441 2835 486 2861 τὸν
503 2835 569 2863 υίόν.

226 2867 361 2903 (ΠλΚαί
370 2875 410 2896 est
430 2870 457 2897 in
474 2871 551 2898 codd.

1069 2735 1125 2772 as)
1138 2735 1222 2772 ᾼῆλον
1238 2734 1294 2772 [an
1311 2734 1359 2772 κριί
1373 2733 1464 2770 vulso-

1068 2770 1124 2832 ἕω)
1131 2771 1225 2816 'Vulgo
1235 2770 1280 2797 τὸν
1288 2770 1362 2797 υἱόν.

1089 2805 1117 2839 0)
1145 2807 1182 2832 Ισ.
1195 2806 1244 2840 μέν
1263 2805 1317 2840 Μι)ζ
1330 2803 1491 2840 Μυιηνιιιεο
1502 2802 1668 2840 νομίζομεν.

1059 2807 1117 2841 (80)
1131 2807 1182 2832 Ίσ.
1195 2807 1244 2841 μέν
1263 2807 1314 2839 Μρ.
1330 2807 1389 2832 Mox
1412 2807 1491 2848 vulso
1502 2807 1586 2847 νομιςι

1066 2841 1120 2876 (81)
1136 2840 1220 2876 Vulgo
1235 2840 1287 2868 aint
1301 2838 1366 2876 ἄρα,
1385 2839 1438 2874 Mp.
1454 2847 1508 2874 αρα
1523 2847 1586 2866 ουκ.
