3838 6222
209 378 321 438 945

1150 380 1239 438 DE
1290 383 1821 442 ECCLESIASTICA
1859 385 2254 446 THEOLOGIA
2287 389 2415 446 LIB.
2455 390 2516 447 ll.

3371 398 3476 459 946

216 518 241 554 ι
281 516 422 566 σου,
450 499 519 567 ἐξ
544 499 694 569 ὅλης
713 498 825 569 τῆς
880 499 1090 570 ψυχῆς
1115 499 1228 573 (82)
1258 515 1398 565 σου,
1426 502 1527 556 καὶ
1566 502 1633 567 ἐξ
1657 502 1800 571 ὅλης

1914 522 1932 556 ι
1971 503 2114 559 Audi
2144 505 2337 573 Israel,
2370 506 2630 564 Dominus
2662 507 2803 563 Deus
2833 518 3028 578 noster,
3057 510 3198 568 Deus
3222 530 3354 570 unus
3373 528 3471 579 est.

217 612 237 646 ι
272 593 385 662 τῆς
398 595 613 662 ἰσχύος
633 608 773 649 σου.
788 593 950 660 Αὕτη
971 593 1191 660 πρώτηο
1222 592 1325 645 καὶ
1355 592 1605 662 δευτέρα
1627 596 1801 663 ὁμοία

218 705 237 738 ι
273 687 479 755 ταύτῃ·
500 684 962 756 Ἀγαπήσειςτὸν
980 686 1248 754 πλησίον
1277 702 1393 741 σου
1409 686 1490 752 ὡς
1516 686 1796 741 σεαυτόν.

218 796 239 828 ε
279 777 502 840 Μείζων
542 780 770 833 τούτων
798 777 959 845 ἄλλη
987 776 1209 846 ἐντολὴ
1239 778 1352 831 οὐκ
1383 778 1536 832 ἔστι.
1582 778 1694 831 Kal
1724 772 1801 831 εἶ-

218 889 239 921 s
270 887 370 924 πεν
408 870 556 941 αὐτῷ
590 874 618 925 ὁ
650 869 1032 942 γραμματεύςο
1071 870 1303 937 Καλῶς,
1326 870 1680 931 διδάσκαλε.
1706 870 1799 925 ἐπ’

220 981 241 1014 ι
278 963 563 1031 ἀληθείας
612 960 804 1030 εἴπας,
847 963 937 1018 ὅτι
981 958 1070 1030 εἷς
1115 964 1342 1019 ἐστινό
1373 963 1519 1031 Θεὸς
1547 962 1647 1019 καὶ
1689 966 1801 1019 οὐκ

219 1075 245 1106 ι
274 1057 408 1111 ἐστι
435 1056 605 1125 πλὴν
634 1056 842 1112 αὐτοῦ.
882 1056 1021 1110 Ἀλλ’
1068 1057 1097 1109 ὁ
1142 1056 1240 1128 μὲν
1287 1057 1670 1128 γραμματεὺς,
1713 1055 1803 1111 διὰ

223 1164 243 1198 ι
277 1146 373 1200 τοῦ
400 1146 568 1217 νόμου
606 1149 706 1219 τὴν
734 1148 845 1219 (85)
874 1146 1180 1201 θεοσέϐειαν
1209 1147 1585 1218 μεμαθηκέναι
1606 1147 1798 1214 δοκῶν,

220 1260 242 1293 ι
278 1240 517 1295 ἐπαινῶν
549 1240 611 1294 τὸ
639 1240 734 1295 τοῦ
763 1241 1014 1313 Σωτῆρος
1060 1240 1220 1312 ῥητὸν
1252 1241 1523 1310 φαίνεται,
1570 1242 1799 1306 Ἄκουε,

220 1351 244 1384 ί
279 1330 546 1400 Ἰσραὴλ,
576 1330 768 1400 λέγων,
799 1331 1013 1399 Κύριος
1040 1333 1074 1384 ὀ
1104 1329 1247 1397 Θεὸς
1267 1346 1382 1384 σου
1406 1324 1494 1397 εἷς
1524 1330 1674 1384 ἐστι⁸
1707 1330 1802 1384 καὶ

223 1441 244 1474 ι
280 1422 430 1493 ὅρκῳ
490 1420 670 1485 καλῶς
703 1420 952 1493 εἰρῆσθαι
1007 1421 1415 1491 πιστευόμενος·
1486 1420 1604 1473 Ἐπ’
1650 1422 1802 1490 ἁλη-

227 1534 247 1567 ι
286 1515 451 1581 θείας
498 1514 628 1586 γὰρ,
683 1514 870 1585 φησὶν,
895 1509 1091 1580 εἴπας,
1120 1513 1209 1567 ὅτι
1236 1508 1324 1579 εἷς
1354 1514 1525 1567 ἐστιν
1556 1516 1589 1567 ό
1634 1512 1800 1580 Θεὸς,

224 1626 245 1659 ι
289 1607 387 1660 καὶ
410 1608 521 1661 οὐκ
548 1607 719 1661 ἐστιν
745 1605 935 1672 ἄλλος
967 1605 1135 1674 πλὴν
1158 1606 1365 1661 αὐτοῦ.
1401 1608 1465 1660 Oi
1504 1607 1561 1661 δὲ
1603 1607 1671 1660 τὰ
1703 1608 1804 1678 τῆς

225 1719 246 1751 ι
286 1699 433 1762 Νέας
461 1698 731 1770 Διαθήκης
764 1698 1055 1769 αὐχοῦντες
1095 1698 1291 1753 εἰδέναι
1338 1701 1633 1771 μυστήρια,
1658 1692 1813 1753 οὗτοι

1906 617 1925 651 ι
1968 598 2037 655 Et
2072 599 2258 669 diliges
2284 599 2573 654 Dominum
2597 599 2763 654 Deum
2792 610 2939 654 tuum
2964 617 3030 657 ea:
3051 612 3158 656 toto
3184 606 3338 661 corde
3360 616 3473 674 tuo,

1905 710 1923 742 ι
1962 700 2014 745 et
2052 706 2117 747 ea;
2151 700 2263 745 tota
2307 690 2490 745 anima
2531 701 2643 757 tua,
2676 699 2723 745 et
2769 707 2835 746 ea:
2862 702 2971 747 tota
2997 702 3165 748 mente
3189 705 3301 762 tua,
3328 706 3378 753 et
3409 714 3476 753 ea:

1906 799 1925 832 ι
1967 789 2079 834 tota
2134 781 2326 861 uirtute
2376 790 2494 836 tua.
2554 781 2670 835 Hoc
2715 791 2790 836 est
2843 783 3074 849 primum
3130 792 3181 839 et
3227 802 3475 857 magnum
3512 778 3544 839 ἐξ

1905 888 1924 924 ι
1968 872 2298 927 mandatum.
2354 872 2661 927 Secundum
2700 882 2876 927 autent
2903 874 3075 930 simile
3102 885 3178 931 est
3200 877 3297 943 illi,
3329 878 3473 934 Dili-
3520 861 3537 910 ᾖ

1906 981 1933 1015 ιε
1960 980 2048 1035 ges
2072 965 2365 1033 proximum
2396 974 2543 1017 tuum
2596 972 2845 1035 tanquam
2884 966 3126 1035 teipsum.
3158 966 3338 1038 Majus
3375 970 3473 1023 Ito-

1906 1072 1929 1108 ι
1964 1072 2080 1109 rum
2105 1055 2254 1109 aliud
2285 1056 2599 1110 mandatum
2650 1072 2755 1110 non
2802 1066 2896 1111 est.
2953 1055 3021 1111 Et
3047 1057 3126 1112 ait
3156 1058 3230 1114 illi
3257 1060 3472 1116 scriba:

1906 1165 1925 1199 ι
1958 1145 2099 1201 Bene
2140 1148 2413 1217 magister,
2459 1148 2514 1200 in
2557 1147 2777 1201 veritate
2808 1148 3016 1215 dixisti,
3063 1148 3204 1215 Quia
3236 1167 3371 1206 unus
3400 1163 3477 1207 est

1906 1256 1933 1291 ι
1964 1237 2124 1304 Deus,
2153 1248 2205 1294 et
2234 1255 2341 1293 non
2367 1247 2446 1293 est
2469 1238 2606 1294 alius
2627 1249 2818 1309 prater
2837 1256 2956 1295 eum
2978 1240 3041 1295 ⁸⁸.
3072 1240 3263 1299 Scriba
3294 1252 3476 1299 autem

1906 1349 1926 1382 ι
1965 1330 2091 1397 iste,
2126 1339 2182 1386 et
2222 1330 2340 1401 lege
2375 1329 2601 1385 edoctus
2645 1330 2902 1399 pietatem
2932 1339 2988 1387 et
3014 1346 3202 1389 verum
3234 1334 3325 1389 Dei
3358 1334 3476 1389 cul-

1907 1439 1925 1472 ι
1961 1429 2097 1485 ιιιιη,
2149 1420 2365 1475 videtur
2413 1417 2752 1475 collaudasse
2814 1419 2945 1475 illud
2997 1422 3197 1477 dictum
3277 1422 3475 1478 Salva-

1908 1529 1933 1562 ι.
1971 1509 2131 1575 toris,
2166 1509 2331 1574 Audi,
2363 1508 2557 1574 Israel,
2580 1509 2837 1565 Dominus
2852 1509 2993 1566 Deus
3018 1520 3164 1578 tuus,
3184 1510 3324 1567 Deus
3341 1529 3477 1570 unus

1908 1620 1926 1654 ι
1965 1610 2043 1657 est
2074 1640 2089 1668 ,
2140 1609 2194 1658 et
2233 1604 2545 1673 iuramento
2589 1602 2911 1671 interposito
2947 1602 3085 1660 bene
3118 1604 3319 1661 dictum
3347 1620 3478 1663 con-

1910 1711 1943 1744 c.
1970 1694 2234 1761 ﬁrmasse,
2286 1693 2538 1765 inquiens
2568 1709 2584 1750 :
2612 1692 2680 1748 In
2713 1694 2927 1748 veritate
2953 1694 3079 1750 bene
3099 1695 3304 1762 dixisti,
3336 1695 3479 1768 quod

228 1813 246 1846 ι
288 1794 383 1848 καὶ
404 1791 655 1864 δεύτερον
676 1790 1035 1847 ἀναπλάττειν
1050 1791 1182 1846 Θεὸν
1203 1791 1483 1862 βούλονται
1506 1792 1800 1846 ὑποστάσει

1913 1803 1929 1836 ι
1968 1801 2104 1839 unus
2135 1782 2407 1849 Deusest,
2453 1800 2558 1838 non
2605 1793 2680 1838 est
2718 1782 2856 1839 alius
2887 1783 2952 1838 ab
2997 1784 3110 1841 illo.
3156 1787 3232 1842 At
3280 1787 3372 1858 qui
3417 1801 3481 1843 se

226 1902 246 1936 ι
283 1886 377 1939 καὶ
420 1853 643 1955 δυνάμει
699 1881 1064 1955 χωριζόμενον
1124 1853 1219 1937 τού
1260 1883 1493 1956 Πατρός.
1531 1902 1550 1936 ι
1581 1882 1800 1949 Τούτοις

1909 1895 1928 1926 .
1970 1874 2281 1946 gloriantur.
2325 1873 2459 1931 Novi
2489 1875 2825 1931 Testamenti
2860 1877 3122 1944 mysteria
3154 1853 3479 1950 intelligere,

220 1973 541 2045 προστίθησι
608 1973 1032 2038 κατασκευάζων
1070 1973 1154 2027 ὅτι
1202 1968 1282 2038 εἷς
1330 1975 1480 2028 ἐστιν
1544 1978 1573 2030 ὸ
1646 1976 1798 2041 Θεὸς,

220 2062 318 2115 καὶ
338 2062 420 2116 ὅτι
450 2060 523 2133 μή
554 2062 699 2115 ἐστιν
732 2061 861 2126 Υἱὸς
891 2061 980 2115 διὰ
1004 2064 1230 2117 τούτων.
1274 2082 1293 2115 ι
1333 2065 1460 2119 Ὅτι
1495 2065 1550 2118 δὲ
1581 2065 1679 2135 τὴν
1707 2084 1803 2137 μο-

223 2171 244 2204 ι
279 2152 411 2206 νάδα
441 2152 642 2223 Κύριον
676 2151 769 2205 καὶ
816 2150 949 2205 Θεὸν
993 2146 1102 2205 οἶδε
1130 2152 1314 2207 καλεῖν
1353 2154 1387 2223 ἡ
1429 2152 1549 2205 θεία
1589 2153 1800 2225 Γραφὴ,

222 2265 243 2297 ι
282 2245 385 2316 ήδη
413 2244 508 2299 καὶ
558 2246 622 2298 ὲκ
651 2243 759 2298 τῶν
790 2244 1207 2316 προειρημένων
1229 2245 1388 2316 δῆλον
1416 2245 1605 2315 γέγονε
1634 2246 1699 2299 δι’
1727 2240 1802 2301 ὧν

224 2356 243 2389 ι
285 2338 421 2408 πρὸς
470 2337 561 2393 τὸν
610 2337 802 2391 ἑαυτοῦ
848 2337 1163 2409 θεράποντα.
1197 2338 1401 2392 Μωσέα
1441 2340 1470 2392 ὁ
1517 2338 1647 2403 Θεὸς
1674 2338 1798 2410 ἔφη’

221 2446 244 2481 1
281 2423 431 2482 Εἷπε
456 2426 525 2480 δὲ
547 2430 579 2481 ό
605 2426 750 2493 Θεὸς
781 2426 970 2481 πάλιν
998 2427 1148 2495 πρὸς
1179 2426 1413 2481 Μωσέα·
1439 2427 1636 2493 Οὕτως
1650 2426 1803 2495 ἐρεῖς

222 2540 243 2572 ι
280 2519 407 2586 τοῖς
433 2518 586 2585 υἱοῖς
617 2517 855 2587 Ἰσραήλ
880 2517 1012 2591 (84)’
1051 2519 1266 2585 Κύριος
1299 2521 1331 2572 ό
1359 2519 1504 2582 Θεὸς
1540 2516 1656 2571 τῶν
1690 2532 1802 2570 πα-

220 2632 242 2665 (
291 2610 475 2680 τέρων
505 2609 691 2679 ὑμῶν,
727 2612 759 2664 ό
780 2607 925 2675 Θεὸς
964 2607 1211 2677 Ἀϐραὰμ
1237 2607 1337 2661 καὶ
1363 2611 1396 2661 ό
1426 2607 1569 2674 Θεὸς
1606 2608 1802 2661 Ἰσαὰκ

220 2722 241 2755 ι
284 2702 385 2756 καὶ
422 2705 456 2756 ὁ
496 2700 639 2767 Θεὸς
680 2698 895 2764 Ἰακὼϐ,
930 2698 1281 2754 ἀπέσταλκέ
1299 2716 1376 2768 με
1398 2698 1546 2766 πρὸς
1571 2698 1745 2767 ὑμᾶς.
1779 2717 1796 2749 ι

231 2797 397 2868 Ὁρᾷς
428 2796 594 2859 ὅπως,
628 2794 687 2848 ἓν
724 2793 1031 2856 ἐπιδεικνὺς
1068 2793 1199 2863 ἡμῖν
1230 2791 1462 2844 ἐνταῦθα
1488 2791 1799 2862 πρόσωπον,

212 2888 282 2941 τὸ
324 2887 455 2941 αὐτὸ
511 2887 715 2960 Κύριον
758 2886 853 2940 καὶ
896 2885 1028 2939 Θεὸν
1074 2883 1486 2956 προσαγορεύει.
1533 2880 1701 2947 Αὖθίς
1741 2900 1801 2937 τε

213 2982 466 3054 ὸμοίωςή
484 2981 675 3053 Γραφὴ
686 2980 853 3049 λέγει’
870 2979 979 3033 Kal
995 2979 1223 3048 ὲλάλησε
1240 2978 1442 3050 Κύριος
1454 2976 1663 3041 πάντας
1677 2978 1804 3041 τοὺς

215 3072 411 3140 λόγους
445 3070 667 3133 τούτους
690 3069 882 3138 λέγων’
932 3067 1074 3137 Ἐγὼ
1095 3068 1313 3136 Κύριος
1341 3069 1374 3121 ὁ
1415 3068 1561 3131 Θεός
1593 3080 1731 3131 σου,
1768 3068 1802 3120 ό

1909 1985 1927 2017 ι
1970 1966 2265 2022 secundum
2307 1966 2410 2023 sibi
2454 1967 2767 2041 conﬁngere
2806 1969 2971 2024 Deum
3006 1970 3095 2024 isti
3134 1968 3343 2037 volunt,
3378 1969 3480 2039 by-

1910 2078 1927 2110 ι
1966 2058 2168 2130 postasi
2199 2058 2418 2127 quidem
2452 2060 2603 2116 illum
2643 2070 2699 2117 et
2730 2062 2971 2133 potentia
3001 2075 3032 2116 a
3066 2059 3227 2117 Patre
3257 2074 3487 2130 separa-

1909 2170 1927 2204 ‹
1966 2160 2100 2207 tum.
2141 2169 2164 2204 ι
2203 2157 2263 2216 ᾗ
2302 2152 2721 2224 Subsequuntur
2754 2154 2952 2225 quibus
2986 2153 3336 2210 constabilire
3363 2153 3502 2208 vult

1905 2258 2069 2297 unum
2116 2258 2237 2299 esse
2262 2244 2428 2299 Deum
2454 2258 2469 2298 :
2492 2254 2547 2301 et
2577 2246 2719 2317 quod
2760 2262 2866 2302 non
2895 2247 3176 2315 sitFilius,
3196 2247 3294 2304 ista
3322 2264 3479 2303 nem-

1905 2351 1991 2405 pe.
2021 2354 2041 2388 ι
2076 2333 2195 2391 Jam
2213 2339 3029 2395 certeconstatetmanilestein
3053 2339 3507 2409 praecedentibus.

1908 2449 1926 2481 ι
1968 2428 2299 2485 declaratum
2329 2440 2434 2495 est,
2469 2432 2616 2500 quod
2646 2432 2798 2488 novit
2822 2441 3167 2489 sacrosancta
3198 2432 3499 2503 Scriptura-

1910 2542 1927 2573 ι
1963 2522 2229 2578 unitatem
2266 2521 2435 2579 Deum
2490 2534 2657 2596 atque
2692 2525 2977 2580 Dominum
3016 2524 3299 2581 nominare
3329 2544 3344 2581 :
3387 2524 3509 2582 ubi”

1910 2635 1927 2668 ι
1966 2617 2047 2672 sic
2095 2614 2296 2671 aﬂatur
2327 2616 2589 2672 famulum
2622 2633 2777 2673 suum
2823 2616 3025 2674 Mosem
3058 2630 3074 2671 :
3113 2616 3258 2671 Dixit
3306 2626 3491 2671 autem

1908 2729 1928 2761 ι
1968 2708 2110 2765 Deus
2156 2711 2351 2764 iterum
2398 2711 2467 2765 ad
2508 2710 2731 2776 Mosem,
2774 2713 2850 2766 sic
2899 2712 3037 2765 dices
3066 2708 3225 2765 Filiis
3259 2707 3483 2766 Israel:

1910 2818 1928 2851 ι
1965 2798 2222 2854 Dominus
2251 2799 2391 2855 Deus
2434 2812 2645 2872 patrum
2661 2810 2983 2867 vestrorum,
3019 2800 3159 2855 Deus
3186 2798 3479 2868 Abraham,

1907 2910 1927 2942 ι
1964 2889 2103 2945 Deus
2130 2889 2311 2959 Isaac,
2350 2900 2398 2945 et
2446 2890 2588 2945 Deus
2615 2890 2781 2945 Iacob
2812 2891 2957 2945 misit
3000 2907 3082 2945 me
3120 2890 3190 2944 ad
3239 2907 3327 2945 vos
3361 2890 3423 2944 ¹⁹.
3455 2907 3477 2943 s

1908 2981 2069 3036 Vides
2096 2981 2175 3035 uti
2219 2995 2341 3035 cum
2372 2981 2462 3037 hic
2500 2981 2717 3037 unicam
2755 2995 3043 3052 personam
3085 2980 3297 3047 doceat,
3330 2994 3487 3035 cam-

1902 3073 2024 3128 dem
2057 3080 2111 3127 et
2138 3072 2423 3128 Dominum
2453 3072 2687 3144 appellet
2706 3081 2761 3129 et
2784 3072 2974 3127 Deum.
3020 3071 3126 3127 Sed
3177 3080 3233 3128 et
3280 3071 3488 3127 iterum.

209 3164 524 3234 ἐξαγαγών
553 3177 627 3216 σε
644 3162 713 3215 ἐκ
737 3160 851 3231 γῆς
865 3161 1184 3229 Αίγύπτου,
1206 3158 1276 3223 ἐξ
1305 3158 1475 3213 οἴκου
1496 3158 1797 3223 δουλείας·

1906 3164 2185 3235 Scriptura
2241 3165 2318 3220 ita
2379 3164 2664 3235 loquitur:
2722 3163 2791 3220 Et
2835 3165 3049 3220 locutus
3089 3173 3173 3219 est
3221 3164 3491 3219 Dominus.

214 3258 331 3311 οὐκ
376 3254 624 3309 ἔσονταί
658 3268 758 3308 σοι
796 3252 921 3308 θεοὶ
942 3251 1129 3320 ἕτεροι
1163 3249 1331 3319 πλὴν
1350 3250 1519 3320 ἐμοῦ.
1561 3250 1803 3314 Ἀκούεις

212 3348 368 3409 ὅπως
399 3344 487 3399 διὰ
517 3347 617 3416 τῆς
651 3343 997 3414 ἀντωνυμίας
1023 3342 1119 3395 ἕνα
1151 3336 1293 3394 εἶναι
1314 3340 1447 3396 Θεὸν
1482 3340 1640 3412 μόνον
1669 3341 1805 3394 ἀπο-

216 3435 489 3507 φαίνεται.
554 3434 665 3488 Kal
719 3429 875 3497 αὖθις
925 3432 1117 3504 μικρὸν
1169 3430 1414 3502 ὕστερον,
1483 3428 1631 3500 Ἐγώ
1686 3432 1803 3499 ειμι

216 3530 434 3597 Κύριος
458 3529 491 3581 ό
522 3527 667 3592 Θεός
702 3538 843 3589 σου,
884 3524 1067 3594 φησίν·
1101 3522 1291 3578 ἑαυτὸν
1323 3521 1527 3593 Κύριον
1557 3521 1651 3575 καὶ
1669 3521 1802 3575 Θεὸν

215 3617 361 3676 εἶναι
387 3618 579 3689 λέγων.
631 3617 697 3671 Τί
735 3617 791 3671 δὲ
833 3616 928 3670 καὶ
964 3616 1033 3669 δι’
1082 3616 1274 3688 ἐτέρας
1317 3614 1537 3687 γραφῆς
1594 3612 1801 3685 μανθά-

216 3712 546 3785 νομεν;Καὶ
561 3711 767 3781 γνώσῃ
795 3709 1079 3779 σήμερον,
1104 3708 1258 3780 φησὶ,
1287 3707 1388 3761 καὶ
1410 3708 1485 3761 οὑ
1518 3706 1801 3776 διαστρα-

214 3806 389 3877 φήσῃ
421 3802 495 3873 τῇ
538 3803 791 3870 διανοίᾳ,
842 3801 933 3855 ὅτι
978 3801 1194 3869 Κύριος
1227 3803 1260 3855 ό
1284 3800 1430 3866 Θεός
1454 3813 1593 3863 σου,
1623 3794 1802 3865 οὗτος

219 3897 366 3963 Θεὸς
389 3894 551 3961 ἐντῷ
577 3893 810 3963 οὐρανῷ
830 3893 931 3947 καὶ
951 3894 1050 3948 ἐπὶ
1082 3892 1194 3962 τῆς
1219 3892 1332 3963 γῆς
1348 3891 1528 3957 κάτω,
1562 3891 1661 3946 καὶ
1688 3893 1800 3947 οὐκ

212 3990 353 4045 ἐστι
375 3987 544 4055 πλὴν
573 3988 780 4042 αὑτοῦ.
812 3988 923 4039 Kal
951 3982 1108 4050 αὖθις
1136 3988 1195 4040 ὲν
1212 3985 1291 4057 τῷ
1320 3984 1470 4056 αὐτῷ
1490 3987 1803 4057 Δευτερονο-

219 4082 354 4154 μιῳ,
396 4083 634 4145 Ἀκουε,
669 4079 929 4149 Ἰσραὴλ,
968 4080 1122 4150 φησι,
1147 4079 1360 4148 Κύριος
1380 4081 1413 4132 ό
1443 4077 1586 4144 Θεὸς
1610 4075 1798 4147 ὑμῶν,

215 4176 434 4243 Κύριος
461 4168 548 4240 εἷς
576 4172 726 4227 ἐστι·
761 4172 858 4226 καὶ
898 4170 1231 4243 ἀγαπήσεις
1276 4171 1493 4238 Κύριον
1516 4170 1623 4223 τὸν
1654 4170 1801 4224 Θεόν

214 4281 339 4321 σου
389 4265 459 4330 ἐξ
512 4265 661 4333 ὅλης
704 4264 814 4333 τῆς
843 4263 1088 4333 καρδίας
1113 4280 1250 4326 σου,
1283 4263 1382 4316 καὶ
1414 4262 1483 4327 ἐξ
1508 4262 1659 4331 ὅλης
1680 4265 1797 4332 ψυ-

213 4356 338 4428 χῆς
375 4372 513 4420 σου,
567 4357 665 4410 καὶ
690 4356 758 4421 ἐξ
793 4355 943 4423 ὅλης
961 4354 1249 4419 διανοίας.
1281 4354 1391 4407 Kal
1429 4353 1589 4407 πάλιν
1614 4355 1672 4407 ὲν
1720 4352 1799 4424 τῷ

214 4448 605 4519 αύτῷ-Ἴδετε,
637 4448 811 4511 ἴδετε,
829 4446 916 4500 ὅτι
945 4445 1057 4517 ἐγιό
1078 4448 1211 4515 ειμι,
1240 4444 1337 4498 καὶ
1361 4446 1472 4499 οὐκ
1498 4444 1628 4498 ἐστι
1655 4444 1799 4511 Θεὸς

213 4538 388 4606 πλὴν
416 4539 583 4608 ἐμοῦ,
617 4537 732 4608 ἐγὼ
765 4535 1072 4592 ἀποκτενῶ
1108 4536 1207 4590 καὶ
1256 4533 1364 4604 ζῇν
1404 4536 1656 4601 ποιήσω,
1690 4551 1799 4588 πα-
1829 4525 1874 4581 Ι)

213 4630 377 4696 τάξω
417 4631 515 4685 καὶ
559 4630 819 4699 ἰάσομαι.
856 4628 980 4693 Πῶς
1008 4624 1100 4681 οὖν
1134 4627 1426 4698 Ἀστέριος,
1463 4628 1583 4691 ταῖς
1614 4626 1800 4696 ἁγίαις

212 4724 463 4796 Γραφαῖς
511 4722 697 4786 ἁπλῶς
726 4722 820 4775 καὶ
842 4721 1094 4793 ἐμφόὸως
1128 4719 1442 4773 ἀκολουθεῖν
1471 4718 1801 4790 προσποιού-

218 4832 401 4887 μενος,
429 4815 530 4867 οὐκ
574 4813 715 4882 ἔγνω
749 4813 811 4865 τὸ
848 4812 1013 4884 μέρος
1039 4811 1198 4864 τοῦτο
1215 4811 1392 4881 λέγονο
1434 4810 1546 4883 (85)
1585 4811 1800 4879 Κύριος

212 4911 250 4963 ὁ
286 4910 429 4973 Θεός
466 4922 604 4969 σου,
640 4900 818 4971 οὗτος
871 4905 1014 4970 Θεὸς
1053 4903 1162 4974 (86)
1189 4902 1260 4956 ἐν
1295 4902 1376 4968 τῷ
1398 4900 1651 4970 οὐραγῷ,
1698 4902 1799 4956 καὶ

208 4997 315 5050 ἐπὶ
344 4995 453 5064 τῆς
479 4995 593 5065 γῆς
613 4995 789 5057 κάτω,
824 4993 921 5048 καὶ
948 4994 1060 5047 οὐκ
1094 4992 1226 5045 ἐστι
1254 4990 1421 5059 πλὴν
1448 4990 1656 5044 αὐτοῦ.
1686 4990 1799 5043 Kal

204 5092 299 5145 ὅτι
340 5086 419 5153 εἷς
464 5089 609 5142 ἔστιν
656 5087 735 5141 ἔτι
767 5087 862 5141 καὶ
886 5085 1026 5158 πλὴν
1067 5084 1233 5140 αὑτοῦ
1279 5085 1379 5138 οὐκ
1412 5084 1558 5138 ἔστιν
1583 5083 1789 5157 ἕτερος.

209 5179 328 5236 Kal
347 5178 462 5249 μεθ’
479 5180 639 5249 ἕτερα
652 5176 863 5241 τούτοις
877 5171 1032 5239 αὖθις
1046 5172 1368 5246 προστίθησι
1391 5172 1584 5243 λέγων·
1609 5190 1629 5224 ι
1668 5172 1793 5238 Πῶς

295 5366 354 5423 >14
390 5360 489 5415 Ed.
518 5359 717 5425 Paris.,
752 5375 875 5428 pag.
908 5360 1030 5415 I52.
1184 5358 1227 5390 ⁸⁸
1253 5356 1419 5413 Marc.
1461 5373 1559 5424 xu,
1599 5357 1789 5413 28-52.

211 5434 263 5466 "
294 5430 536 5497 Deutav,
571 5430 660 5485 39.
736 5432 782 5463 ”
808 5432 962 5487 Deut.
993 5447 1046 5485 γι
1103 5432 1158 5496 4,
1197 5428 1249 5483 5.

292 5656 408 5728 (82)
435 5653 1015 5728 Vulgogﬁcuapblag.
1047 5650 1165 5709 Mox
1222 5652 1381 5725 vulgo
1430 5659 1548 5724 post
1609 5649 1799 5723 πρώτη

210 5723 342 5786 add.
380 5723 475 5797 καὶ
500 5723 708 5797 μεγάλη
734 5726 781 5797 ἡν
809 5723 1018 5793 ἐντολή.

286 5796 404 5868 (83)
431 5796 544 5868 Τήν
570 5797 729 5868 vulaq
753 5796 918 5868 deest.

314 5862 406 5937 84)
436 5862 608 5938 vulgo
638 5862 732 5919 τού
767 5865 894 5936 ἰσρ.

1326 5428 1373 5460 ³⁸
1409 5428 1562 5483 Deut.
1601 5444 1772 5497 χχιιι,
1804 5428 1893 5486 39.

1903 3257 2084 3313 omnia
2124 3258 2239 3311 ltmc
2291 3258 2478 3323 verba,
2534 3257 2783 3327 inquiens
2824 3270 2841 3310 :
2908 3255 3022 3326 Ego
3050 3255 3309 3310 Dominus
3343 3254 3493 3311 Deus.

1907 3360 2028 3405 tuus
2052 3389 2070 3417 ,
2135 3350 2228 3420 qui
2282 3359 2330 3404 te
2360 3350 2519 3404 eduxi
2548 3349 2613 3404 de
2651 3359 2794 3404 terra
2816 3348 3053 3419 ngypti,
3078 3347 3143 3403 de
3182 3347 3339 3402 domo
3371 3354 3485 3402 seri-

1905 3442 2105 3495 vitutis.
2165 3438 2288 3494 Non
2339 3450 2489 3494 erunt
2536 3439 2629 3494 tibi
2688 3440 2766 3494 dii
2833 3439 2928 3493 alii
2952 3448 3143 3508 praeter
3168 3454 3249 3492 me
3274 3438 3342 3491 ’°.
3390 3434 3483 3493 Vi-

1903 3531 2001 3587 des
2050 3539 2109 3585 ut
2149 3545 2246 3601 per
2284 3545 2581 3601 pronomen
2623 3529 2713 3585 hic
2741 3545 2905 3584 unum
2930 3529 3098 3584 Deum
3130 3528 3305 3585 solum
3338 3528 3481 3583 indi-

1903 3635 2008 3681 cet.
2058 3623 2128 3680 Et
2173 3632 2294 3694 post
2343 3637 2513 3692 pauca
2541 3640 2556 3678 :
2585 3620 2697 3693 Ego
2728 3638 2843 3677 sum
2875 3620 3128 3676 Dominus
3160 3620 3303 3675 Deus
3335 3628 3491 3687 tuus,

1904 3714 2081 3785 inquit
2106 3714 2151 3747 "
2180 3733 2194 3770 :
2231 3728 2291 3770 se
2324 3722 2381 3769 et
2409 3712 2580 3769 Deum
2623 3728 2744 3768 esse
2778 3710 3064 3783 proﬁtetur
3104 3719 3267 3781 atque
3293 3710 3480 3766 Domi-

1902 3822 2056 3862 num.
2088 3805 2242 3873 Quod
2274 3813 2329 3860 et
2354 3804 2422 3860 ab
2458 3804 2561 3859 alia
2592 3804 2869 3873 Scriptura
2905 3803 3220 3868 edocemur,
3249 3818 3368 3874 quae
3397 3802 3480 3859 sic

1902 3895 2161 3966 loquitur,
2198 3894 2487 3965 Cognosces
2530 3892 2683 3946 hodie
2720 3907 2882 3961 neque
2913 3891 3232 3961 cogitatione
3256 3905 3475 3960 perver-

1901 3988 2051 4053 teris,
2090 3987 2231 4057 quod
2256 3986 2512 4041 Dominus
2538 3984 2682 4038 Deus
2710 3993 2850 4049 tuus,
2876 3983 3019 4038 Deus
3049 3982 3137 4037 ille
3177 3983 3245 4037 sit
3268 3984 3325 4036 in
3351 3980 3479 4036 calo

1902 4088 1949 4133 et
1979 4094 2136 4148 super
2166 4089 2361 4132 terram
2388 4092 2409 4132 :
2432 4087 2480 4131 et
2510 4092 2615 4131 non
2643 4084 2719 4129 est
2770 4083 2960 4143 prwter
3007 4090 3125 4128 eum
3154 4075 3221 4127 ”.
3270 4072 3482 4128 lterum

1902 4171 2083 4226 denuo
2114 4170 2169 4225 in
2198 4168 2621 4225 Deuteronomio
2665 4166 2762 4232 ait,
2799 4166 2961 4234 Audi,
2991 4164 3188 4232 Israel,
3218 4164 3478 4220 Dominus

1903 4262 2044 4316 Deus
2094 4274 2298 4327 vester,
2349 4260 2489 4315 Deus
2513 4275 2651 4314 unus
2700 4266 2819 4313 est:
2863 4265 2915 4313 et
2960 4257 3146 4328 diliges
3197 4256 3480 4311 Dominum

1903 4353 2073 4408 Deum
2115 4362 2262 4407 tuum
2293 4368 2320 4408 e
2357 4360 2466 4407 toto
2500 4351 2655 4406 corde
2692 4361 2782 4405 tuo
2825 4359 2876 4404 et
2924 4360 3035 4404 tota
3077 4350 3254 4403 anima
3292 4359 3385 4402 tua
3409 4349 3481 4405 ³³.

1904 4447 1970 4501 Et
2013 4446 2068 4502 in
2120 4443 2310 4503 eodem
2359 4443 2554 4500 iterum
2583 4461 2598 4497 :
2638 4441 2838 4505 Videte,
2863 4442 3043 4504 videte,
3074 4440 3213 4510 quod
3241 4454 3335 4509 ego
3363 4453 3481 4492 sum

1902 4549 1949 4592 et
1988 4553 2091 4591 non
2120 4546 2193 4590 est
2223 4536 2351 4589 deus
2401 4544 2592 4603 prwter
2629 4549 2731 4589 me.
2780 4530 2892 4601 Ego
2932 4530 3189 4597 occidam,
3226 4536 3275 4583 et
3316 4528 3481 4581 vivere

1904 4630 2123 4699 faciam,
2160 4626 2451 4696 percutiam
2471 4633 2519 4678 et
2546 4626 2744 4677 sonabo
2767 4622 2833 4676 ⁸⁸.
2877 4620 3159 4688 Quomodo
3190 4620 3294 4675 hoc
3320 4620 3481 4675 Aste-

1904 4721 2018 4777 rius
2044 4719 2331 4791 ignorabat
2359 4716 2450 4786 qui
2483 4730 2541 4770 se
2569 4712 2743 4770 videri
2769 4713 2908 4778 vult,
2939 4727 3060 4766 cum
3092 4712 3311 4775 timore,
3344 4709 3479 4764 sim-

1902 4812 2115 4883 pliciter
2134 4818 2434 4867 scrutatum
2467 4822 2651 4862 sacras
2681 4805 2913 4861 Litteras
2944 4822 2958 4857 :
2986 4803 3240 4857 nimirum
3268 4810 3476 4871 partem

1904 4905 2309 4975 Scripturarum
2339 4901 2489 4957 illam
2521 4900 2612 4956 ubi
2644 4900 2863 4965 dicitur,
2883 4897 3140 4952 Dominus
3167 4893 3309 4947 Deus
3332 4903 3495 4967 tuus,

1904 4997 2046 5054 Deus
2076 5012 2211 5050 unus
2243 5004 2342 5061 est,
2389 4995 2445 5048 in
2476 4993 2603 5049 cwlo
2626 5008 2854 5057 sursum,
2884 5001 2932 5045 et
2953 4991 3008 5044 in
3034 4999 3173 5043 terra
3200 4988 3477 5050 deorsum,

1901 5094 1950 5139 et
2008 5097 2113 5136 non
2162 5089 2241 5135 est
2267 5090 2462 5149 praeter
2487 5094 2605 5134 eum
2632 5091 2652 5132 :
2682 5078 2824 5148 quod
2857 5090 2997 5131 unus
3030 5073 3136 5140 'sit,
3166 5080 3222 5127 et
3247 5085 3355 5124 non
3394 5079 3480 5123 est

1902 5175 2042 5231 alius
2068 5182 2269 5244 praeter
2298 5171 2473 5228 illum.
2526 5170 2652 5226 Post
2691 5169 2795 5225 alia
2820 5176 2876 5224 et
2904 5167 3056 5225 hisce
3089 5161 3353 5229 annectit,
3396 5159 3476 5214 in-

1904 5360 1946 5393 "
1976 5358 2146 5416 Exod.
2180 5372 2262 5423 ιιι,
2300 5356 2387 5411 15.
2484 5353 2529 5388 ”
2551 5354 2721 5410 Exod.
2750 5369 2843 5421 xx,
2891 5352 2948 5418 2,
3006 5351 3042 5405 3
3176 5347 3220 5379 ¹¹
3248 5344 3380 5403 ibid.
3417 5345 3473 5403 5.

1973 5648 2089 5719 (εδ)
2123 5649 2296 5719 Vulgo
2325 5648 2517 5719 λέγων.

1970 5707 2085 5794 (86)
2120 5707 2285 5794 Vulgo
2317 5707 2537 5793 Κύριος,
2596 5728 2647 5778 et
2684 5735 2830 5790 mox,
2861 5718 2953 5773 ἐπὶ
2980 5716 3078 5789 γῆς
3129 5722 3178 5772 et
3222 5711 3336 5770 ἔστι
3378 5707 3478 5769 καὶ

1899 5791 2062 5863 πλήν.
