3838 6222
366 339 481 401 9ἓ7

1020 340 1295 400 EUSEBII
1332 341 1813 399 CESABIENSIS
1850 343 2001 402 OPP.
2041 344 2222 402 PARS
2259 343 2346 400 IV.
2385 375 2456 384 -
2494 341 2914 400 DOGMATICA.

3518 344 3630 399 9‘28

367 459 420 516 di
455 458 850 513 theorematum
903 459 1413 528 eomprehensivum
1439 471 1544 525 est,
1577 461 1745 518 veluti
1775 463 1943 519 medi-

2055 460 2152 513 τῶν
2193 459 2302 514 τῶν
2339 456 2556 512 τοιῶνδε
2605 456 2976 528 θεωρημάτων
3031 455 3457 527 καταληπτικὸν,
3510 453 3640 511 οἷον·

365 564 523 616 cum,
560 548 1046 604 architectonicum
1067 589 1082 614 ,
1110 549 1516 619 geometricum.

982 660 1134 716 CAP.
1176 660 1316 716 XIV.

436 747 683 818 Qualiter
709 755 1016 815 exponenda
1041 753 1108 875 si:
1133 752 1423 832 evangelica
1461 756 1524 806 de
1556 750 1718 806 Verbo
1752 715 1914 806 doc-6.

1064 859 1073 875 ι
1106 838 1242 875 rma.

1064 838 1242 891 ιινιιιιι.

436 930 703 1000 Quocirca
735 945 859 986 cum
888 930 1042 1000 logos
1067 931 1140 984 ita
1183 931 1547 987 diversimode
1583 933 1938 1004 intelligatur,

365 1030 421 1076 et
445 1024 514 1078 ab
543 1022 895 1092 evangelista,
938 1022 1216 1077 indetlnite
1238 1023 1441 1077 dictum
1473 1025 1564 1090 sit,
1595 1024 1662 1079 In
1689 1027 1944 1095 principio

365 1122 481 1168 erat
538 1109 789 1176 Verbum,
831 1120 882 1166 et
924 1110 1156 1166 Verbum
1182 1113 1322 1166 illud
1351 1123 1462 1167 erat
1504 1117 1646 1184 apud
1685 1115 1874 1183 Deum,
1899 1130 1946 1174 et

365 1201 508 1258 Deus
547 1211 662 1256 erat
713 1200 960 1267 Verbum,
1008 1203 1526 1259 animadvertendus
1565 1205 1655 1260 hic
1688 1221 1818 1262 usus
1841 1215 1942 1272 est,

365 1303 421 1347 et
448 1291 849 1361 dignoscendus
886 1294 1038 1348 vocis
1070 1293 1212 1348 illius
1251 1294 1392 1363 logi,
1416 1309 1588 1350 novus
1616 1305 1671 1351 et
1701 1297 1946 1367 peregri-

365 1399 466 1439 nus
483 1398 635 1448 usus,
668 1399 848 1454 quem,
863 1394 1058 1453 praeter
1081 1385 1198 1440 illos
1217 1400 1356 1455 quos
1379 1387 1946 1454 commemoravimus,

361 1476 697 1548 evangelista
733 1476 956 1530 tradidit
988 1475 1267 1532 indeﬁnite
1308 1478 1532 1548 loquens
1554 1476 1823 1533 Verbum:
1855 1481 1950 1533 ad-

359 1566 554 1638 iiciens
576 1579 757 1623 autem
778 1569 1124 1638 peregrinum
1146 1580 1201 1624 et
1228 1569 1660 1638 inexspectatum
1685 1570 1827 1624 illius
1854 1585 1954 1625 vo-

364 1661 446 1715 cis
475 1675 717 1725 sensum,
747 1660 813 1713 ad
854 1659 960 1712 vim
993 1667 1050 1714 et
1091 1660 1348 1715 virtutem
1389 1663 1662 1730 propriam
1692 1661 1814 1730 ejus
1845 1663 1948 1716 ad-

364 1759 606 1820 aptatum
634 1751 686 1806 in
717 1765 793 1805 eo
811 1751 952 1819 quod
977 1748 1227 1814 addit,Et
1258 1751 1398 1805 Deus
1425 1762 1536 1805 erat
1561 1751 1754 1823 Lagus.
1784 1731 1954 1820 Quas.l

2046 551 2306 623 ἰατρικὸν,
2337 550 2376 621 ἢ
2405 548 2862 619 ἀρχιτεκτονικὸν,
2899 549 2930 619 ἢ
2967 546 3337 619 γεωμετρικὸν
3363 548 3546 616 λόγον.

2690 661 2844 715 ΚΕΦ.
2880 662 2978 714 ΙΔ’.

2047 753 2248 819 Ὅπως
2295 751 2411 821 χρὴ
2454 751 2863 821 διερμηνεύειν
2889 750 3019 821 τὴν
3049 751 3450 820 εὐαγγελικὴν
3492 751 3629 819 περὶ

2432 823 2539 875 τοῦ
2571 823 2766 891 Λόγου
2813 820 3214 874 διδασκαλίαν

2114 936 2397 1007 Διαφόρων
2449 935 2629 988 τοίνυν
2679 933 2896 1004 τρόπων
2936 935 3359 1004 παρισταμένων
3413 935 3480 987 ἐκ
3528 935 3634 1005 τῆς

2044 1026 2138 1081 τοῦ
2165 1027 2324 1096 λόγου
2359 1028 2562 1096 φωνῆς,
2599 1023 2693 1077 τοῦ
2723 1042 2782 1077 τε
2825 1023 3209 1092 εὐαγγελιποῦ
3238 1024 3523 1088 ἀπολὺτως
3553 1027 3634 1077 ei;-

2050 1119 2296 1189 ρηκότος,
2337 1119 2440 1171 Ἐν
2485 1115 2644 1185 ἀρχῇ
2694 1112 2774 1186 ἦν
2807 1118 2840 1170 ὀ
2871 1116 3081 1184 Λόγος,
3139 1115 3238 1167 καὶ
3264 1117 3509 1184 ὀΛόγος
3549 1112 3632 1184 ἦν

2047 1209 2194 1278 πρὸς
2215 1208 2321 1261 τὸν
2349 1207 2516 1271 Θεὸν,
2547 1209 2643 1262 καὶ
2675 1207 2821 1273 Θεὸς
2840 1203 2919 1276 ἦν
2948 1209 2980 1260 ό
3003 1208 3211 1275 Λόγος,
3247 1208 3513 1277 προσήκει
3537 1207 3634 1261 τὸν

2046 1299 2170 1352 νοῦν
2193 1297 2302 1369 (54)
2322 1298 2688 1368 ἐπιστήσαντα
2711 1296 3070 1366 καταμαθεῖν,
3091 1297 3166 1361 ὡς
3192 1297 3338 1362 ξένον
3361 1315 3416 1351 τι-
3439 1301 3632 1368 χρῆμα

2047 1389 2205 1457 λόγου
2236 1387 2386 1459 παρά
2416 1388 2483 1442 τά
2525 1388 2840 1458 ἐγνωσμένα
2876 1389 3008 1460 ἡμῖν
3047 1388 3076 1439 6
3112 1388 3504 1458 εὑαγγελιστὴς
3539 1389 3636 1440 ἐπὶ

2047 1479 2140 1533 τοῦ
2169 1480 2434 1550 παρόντος
2463 1477 2850 1548 παραδίδωσιν,
2879 1478 3162 1541 ἀπολύτως
3194 1481 3302 1549 μὲν
3324 1478 3494 1532 εἰπὼν
3522 1479 3633 1532 A6-

2048 1587 2163 1638 γον,
2213 1570 2468 1641 προσθεὶς
2506 1570 2562 1622 δὲ
2598 1569 2658 1622 τὸ
2697 1568 2845 1634 ξένον
2884 1571 2978 1624 καὶ
3011 1571 3312 1641 παράδοξον
3350 1569 3448 1642 τῆς
3492 1570 3634 1623 ἰδια-

2051 1662 2246 1734 ζούοης
2269 1661 2416 1733 αὑτῷ
2448 1661 2728 1732 δυνάμεως
2757 1663 2815 1714 ὲν
2847 1661 2923 1733 τῷ
2950 1662 3049 1716 καὶ
3073 1662 3216 1728 Θεὸς
3239 1659 3318 1731 ἦν
3355 1665 3388 1716 ό
3415 1663 3631 1730 Λόγος.

2050 1753 2140 1826 Μὴ
2187 1755 2300 1826 γὰρ
2330 1755 2437 1808 τῶν
2464 1755 2601 1826 πρός
2650 1771 2722 1818 τι,
2753 1755 2922 1825 φησὶ,
2968 1755 3155 1824 νόμιζε
3189 1751 3327 1808 εἶναι
3372 1756 3468 1808 καὶ
3507 1753 3638 1806 τοῦ·

367 1843 575 1898 diceret
613 1857 628 1894 :
663 1840 848 1897 Nolito
875 1841 1211 1909 existimare,
1241 1843 1343 1898 hoc
1371 1843 1510 1898 inter
1552 1860 1647 1900 eas
1666 1861 1786 1899 esse
1819 1861 1942 1913 qua:

2055 1863 2148 1910 τογ,
2174 1845 2248 1907 ὼς
2273 1847 2362 1899 τὸν
2389 1847 2446 1898 ἐν
2469 1845 2620 1915 ψυχῇ
2644 1843 2821 1913 λόγον,
2851 1847 2884 1917 ἢ
2909 1847 2984 1910 ὡς
3011 1847 3100 1900 τὸν
3132 1847 3220 1900 διά
3249 1846 3432 1915 φωνῆς
3465 1847 3638 1898 ἀκου-

362 1943 491 1988 sunt
517 1933 586 1988 ad
622 1933 850 2002 aliquid,
882 1942 940 1988 ut
969 1934 1120 1999 logos
1149 1937 1242 2004 qui
1296 1937 1350 1990 in
1390 1936 1570 1990 anima
1606 1947 1709 2003 est,
1745 1947 1838 1991 aut
1867 1937 1947 1991 lo-

365 2039 463 2095 gos
481 2024 572 2094 qui
603 2039 700 2094 per
745 2039 933 2080 vocem
975 2027 1290 2095 percipitur,
1318 2028 1478 2096 quive
1522 2027 1817 2083 seminibus
1862 2028 1953 2081 ia-

365 2128 449 2172 est
492 2119 904 2187 corporalibus,
943 2125 1001 2182 ›Ῑ‹
1056 2128 1152 2173 aut
1208 2121 1462 2175 consistit
1509 2121 1562 2174 in
1622 2122 1946 2176 theoremasi

367 2210 795 2266 mathematicis.
838 2211 900 2266 lli
924 2227 1114 2267 omnes
1135 2212 1307 2279 λόγοι,
1331 2227 1452 2267 cum
1481 2213 1590 2267 sint
1621 2213 1687 2266 ad
1712 2213 1910 2280 aliquid
1928 2253 1953 2277 ,.

366 2301 422 2357 in
451 2300 555 2355 alia
591 2313 648 2356 et
690 2302 904 2357 diversa
938 2304 1350 2373 praeexsistente
1395 2303 1698 2359 substantia
1752 2304 1950 2358 intellio

366 2401 568 2462 guntur
599 2409 614 2446 :
641 2401 698 2446 at
725 2391 867 2448 Deus
905 2391 1075 2462 logos,
1109 2408 1215 2447 non
1261 2392 1431 2448 altero
1463 2393 1666 2464 indiget
1694 2395 1952 2464 przeeusi-

367 2493 545 2540 stente
566 2500 580 2537 :
603 2495 663 2539 ut
689 2484 741 2538 in
783 2485 901 2555 ipso
925 2485 996 2538 sit
1015 2493 1079 2539 'et
1106 2485 1368 2540 subsistat
1401 2502 1414 2538 :
1444 2487 1537 2540 sed
1564 2503 1658 2555 per
1681 2501 1739 2542 se
1763 2487 1949 2542 vivens

367 2585 451 2630 est
469 2584 524 2631 et.
538 2576 859 2638 subsistens,
871 2574 1042 2630 veluti
1057 2576 1147 2646 qui
1165 2575 1304 2630 Deus
1320 2576 1442 2632 situ
1465 2575 1606 2631 Deus
1621 2577 1818 2632 senium
1830 2585 1952 2631 erat

361 2666 563 2736 Λόγος.
579 2685 598 2718 ι
613 2665 754 2722 Cum
780 2681 906 2720 vero
922 2666 1090 2721 Deum
1114 2665 1260 2720 illum
1277 2665 1477 2720 dictum
1501 2667 1713 2733 audias,
1729 2681 1794 2721 ne
1805 2667 1948 2722 acci-

369 2759 488 2829 pias
534 2756 757 2821 dictum,
783 2755 936 2827 quasi
965 2756 1090 2811 sine
1113 2757 1389 2828 principio
1407 2758 1731 2828 ingenitum,
1757 2773 1951 2828 quem-

370 2847 659 2904 admodum
672 2848 918 2904 Patrem.
938 2848 1094 2904 Disce
1130 2857 1312 2904 autem
1343 2851 1486 2919 quod
1508 2850 1578 2904 ita
1608 2850 1662 2904 in
1683 2850 1955 2921 principio

369 2950 488 2996 erat
521 2939 623 2995 iste
655 2939 818 3006 Deus,
833 2939 1029 3008 Λόγος.
1049 2939 1330 3007 Quodnam
1347 2956 1478 2996 vero
1501 2941 1672 3010 ipsius
1701 2941 1947 2997 intendat

371 3030 720 3101 principium,
769 3029 1082 3086 manifestat
1138 3031 1192 3086 in
1243 3032 1600 3100 sequentibus
1639 3049 1654 3086 :
1699 3048 1804 3086 non
1865 3033 1946 3087 in-

371 3122 586 3192 quiens,
621 3121 690 3180 Et
724 3121 961 3178 Verbum
990 3129 1111 3178 erat
1149 3121 1240 3176 ille
1289 3121 1458 3190 Deus,
1488 3138 1608 3178 cum
1645 3123 1946 3192 adiectione

374 3213 586 3268 articuli
615 3231 629 3267 :
669 3221 727 3268 ut
759 3229 827 3268 ne
856 3212 1007 3267 illum
1031 3226 1172 3278 esse,
1202 3213 1293 3283 qui
1325 3222 1410 3268 est
1435 3227 1596 3281 super
1623 3215 1824 3280 omnia,
1853 3215 1946 3270 de-

374 3303 781 3360 ﬁniret.Verum
813 3319 880 3360 ne
907 3303 1063 3367 dixit,
1093 3301 1167 3357 In
1185 3302 1318 3368 Deo,
1343 3317 1408 3357 ne
1432 3302 1500 3357 ad
1531 3304 1822 3358 humanam
1854 3305 1956 3358 de-

369 3397 525 3466 jiciat
551 3413 672 3453 emn
707 3396 1154 3460 similitudinem;
1182 3397 1296 3458 sed,
1330 3405 1386 3450 et
1416 3395 1661 3462 Verbum,
1697 3397 1794 3462 ait,
1833 3406 1946 3450 erat

375 3489 519 3558 apud
555 3487 742 3544 Deum.
772 3487 904 3542 Nam
950 3488 995 3542 si
1043 3488 1380 3566 protulisset,
1424 3487 1489 3541 Et
1537 3486 1772 3542 Verbum
1821 3487 1950 3541 illud

376 3589 516 3646 erat,
549 3580 603 3635 in
636 3579 767 3647 Deo,
800 3580 964 3635 veluti
986 3580 1258 3650 quoddam
1291 3579 1542 3635 accidens
1594 3579 1648 3634 in
1683 3580 1956 3649 subjecto,

378 3683 473 3735 aut
497 3683 752 3745 tanquam
773 3673 915 3729 aliud
945 3673 998 3727 in
1021 3673 1148 3740 alio,
1165 3673 1520 3742 compositum
1549 3673 1618 3727 ita
1640 3673 1804 3727 Deum
1826 3674 1953 3728 snb-

379 3762 644 3817 stituisset
676 3763 1029 3818 substernens
1054 3763 1201 3817 illum
1247 3764 1407 3818 veluti
1437 3765 1795 3820 substantiam
1835 3765 1953 3820 sine

383 3853 545 3926 λόγῳ.
593 3863 650 3910 et
688 3855 843 3924 logon
881 3855 1197 3910 substantia:
1248 3857 1400 3910 velut
1447 3856 1718 3910 accidens.
1750 3855 1804 3909 ln
1845 3870 1951 3924 qua

381 3946 635 4016 opinione
664 3960 787 4000 cum
817 3945 1100 4002 Marcellus
1129 3955 1294 4011 esset,
1322 3946 1536 4002 Patrem
1563 3958 1724 4017 atque
1753 3946 1950 4000 Filium

385 4037 439 4090 in
466 4035 607 4089 idem
623 4035 790 4105 cogit,
805 4035 1160 4090 substantiam
1180 4035 1468 4105 appellans
1497 4033 1737 4100 Patrem,
1755 4033 1952 4088 Filium

384 4141 514 4181 vero
543 4125 596 4180 in
629 4127 744 4195 ipso
789 4126 1137 4181 exsistentem
1158 4169 1174 4194 ,
1207 4127 1479 4182 accidens.
1534 4127 1611 4181 lta
1665 4126 1828 4180 Deum
1859 4123 1953 4194 qui

383 4218 719 4274 concesserit
757 4217 874 4273 sine
908 4217 1071 4290 λόγῳ,
1103 4218 1267 4287 impio
1313 4233 1373 4272 se
1423 4226 1586 4288 atque
1639 4217 1953 4283 blasphemo

384 4309 622 4378 dogmati
656 4308 972 4379 implicabit,
1004 4325 1127 4364 cum
1156 4309 1402 4364 admittat
1432 4308 1520 4364 ille
1544 4309 1710 4364 Deum
1736 4308 1952 4377 ἄλογον,

387 4409 570 4470 utpote
593 4400 685 4470 qui
731 4399 888 4470 λόγον
927 4401 979 4455 in
1009 4417 1069 4455 se
1108 4400 1304 4455 habeat
1345 4409 1598 4469 tanquam
1645 4399 1898 4455 accidens
1933 4416 1948 4453 :

2044 1939 2259 2009 όμενον,
2389 1939 2466 2002 ὠς
2517 1939 2608 1994 τὸν
2651 1941 2709 1992 ὲν
2761 1941 3092 2008 σωματικοῖς
3130 1937 3261 1993 ὄντα
3295 1937 3632 2008 σπέρμασιν,

2045 2030 2088 2100 ἦ
2119 2031 2195 2093 ὡς
2233 2030 2326 2083 τὸν
2376 2032 2434 2083 ἐν
2487 2031 2890 2101 μαθηματικοῖς
2939 2029 3224 2100 ὑφεστῶτα
3256 2029 3632 2099 θεωρήμασιν.

2046 2116 2200 2175 Οὗτοι
2231 2121 2338 2193 γὰρ
2372 2121 2590 2185 πάντες,
2612 2121 2721 2174 τῶν
2743 2121 2878 2192 πρός
2904 2138 2956 2173 τι
2975 2120 3146 2184 ὄντες,
3180 2123 3237 2173 ὲν
3267 2118 3431 2190 ἑτέρᾳ
3457 2123 3635 2189 προῦ-

2047 2211 2341 2281 ποκειμένῃ
2404 2209 2647 2263 νοοῦνται
2714 2210 2888 2282 οὐσίᾳ·
2947 2211 2975 2262 6
3028 2208 3085 2261 δὲ
3132 2207 3264 2272 Θεὸς
3304 2209 3476 2274 Λόγος
3533 2209 3637 2276 οὐχ

2047 2301 2233 2373 ἑτέρου
2266 2302 2432 2354 δεῖται
2459 2301 2554 2354 τοῦ
2588 2301 3078 2374 προῦποκειμένου,
3111 2301 3177 2352 ἶν’
3211 2302 3269 2353 ὲν
3296 2299 3447 2369 αὑτῷ
3477 2299 3635 2367 γενό-

2049 2410 2206 2463 μενος
2255 2395 2364 2464 (55)
2405 2395 2609 2464 ὑποστῇ
2635 2410 2648 2422 ·
2699 2392 2820 2446 καθ’
2851 2391 3042 2444 ἑαυτὸν
3112 2389 3170 2443 δέ
3228 2392 3344 2443 ἐστι
3374 2390 3504 2454 ζῶν,
3537 2390 3637 2444 καὶ

2046 2485 2313 2556 ὑφεστὼς,
2342 2487 2438 2540 ἅτε
2454 2485 2586 2549 Θεὸς
2605 2484 2700 2538 ὧν·
2731 2484 2921 2548 «Θεὸς»
2951 2483 3058 2554 γάρ
3085 2479 3226 2554 (ἧνὸ
3245 2482 3471 2551 Λόγθςοι
3499 2483 3637 2536 Θεὸν

2045 2578 2101 2633 δὲ
2135 2578 2296 2633 αὑτὸν
2327 2576 2559 2638 ἀκούων,
2596 2575 2754 2646 φησὶ,
2791 2573 2865 2646 μὴ
2907 2574 3140 2647 ἄναρχον
3181 2573 3276 2626 καὶ
3309 2573 3633 2644 ἀγέννητον,

2044 2671 2243 2742 ὁμοίως
2289 2668 2366 2740 τῷ
2409 2667 2573 2720 αὑτοῦ
2615 2655 2788 2738 Πατρὶ
2822 2666 2916 2720 καὶ
2955 2665 3118 2718 αὑτὸν
3157 2660 3296 2716 εἶναι
3331 2665 3646 2735 ὑπολάϐῃς,

2049 2763 2284 2835 μάνθανε
2331 2762 2409 2824 δὲ,
2453 2763 2535 2814 ὅτι
2583 2762 2640 2814 ὲν
2691 2761 2832 2831 ἀρχῇ
2879 2755 2948 2830 ἦν
2999 2750 3154 2821 οὗτος
3203 2759 3231 2811 6
3277 2757 3411 2820 Θεὸς
3435 2757 3633 2824 Λόγος.

2046 2857 2179 2926 Τίνα
2209 2855 2252 2908 δ’
2284 2853 2446 2908 αὑτοῦ
2481 2853 2578 2924 τὴν
2609 2851 2784 2923 ἀρχὴν
2822 2849 3142 2918 ὑφίσταται,
3178 2849 3433 2916 διασαφεῖ
3479 2849 3648 2917 ἑξῆς.-

2044 2949 2147 3002 οὑκ
2196 2945 2385 3007 εἰπὼν,
2423 2947 2534 2998 Καὶ
2562 2947 2589 2996 6
2624 2944 2794 3010 Λόγος
2837 2938 2904 3012 ἦν
2950 2943 2978 2994 6
3005 2941 3155 3004 Θεὸς,
3203 2941 3340 3010 μετά
3383 2940 3484 3009 τῆς
3536 2938 3646 2994 τοῦ.

2045 3037 2246 3109 ἄρθρου
2289 3036 2589 3107 προθήκης,
2629 3033 2713 3086 ἵνα
2750 3032 2823 3104 μὴ
2859 3032 3017 3085 αὑτὸν
3064 3027 3200 3083 εἶναι
3225 3030 3316 3082 τὸν
3363 3030 3455 3082 ἐπὶ
3499 3031 3638 3084 πάν-

2045 3141 2152 3176 των
2198 3123 2478 3194 όρίσηται,
2527 3120 2640 3174 ἀλλ’
2674 3121 2804 3185 οὐδ’,
2865 3121 2923 3172 ὲν
2959 3119 3038 3190 τῷ
3066 3119 3205 3189 Θεῷ,
3253 3119 3340 3174 ἵνα
3381 3117 3456 3190 μὴ
3527 3137 3632 3174 κα-

2045 3213 2265 3286 ταϐάλῃ,
2295 3213 2386 3265 ἐπὶ
2427 3212 2524 3282 τὴν
2575 3210 2923 3282 ἀνθρωπίνην
2980 3209 3292 3279 ὁμοιότηταο
3341 3209 3636 3264 ἀλλάΚιιι

2047 3307 2080 3358 ὁ
2114 3306 2301 3373 Λόγος
2334 3299 2411 3372 ἦν
2435 3302 2584 3371 πρὸς
2615 3301 2720 3356 τὸν
2755 3299 2924 3366 Θεὸν,
2967 3321 2986 3353 ι
3015 3300 3140 3371 ἔφη.
3177 3302 3238 3354 El
3261 3301 3369 3373 γάρ
3398 3303 3636 3373 εἰρήκει,

2048 3395 2158 3448 Καὶ
2220 3396 2248 3446 6
2281 3395 2450 3463 Λόγος
2504 3389 2571 3464 ἦν
2615 3396 2672 3446 ὲν
2715 3392 2792 3464 τῷ
2835 3391 2991 3464 Θεῷ,
3037 3393 3113 3456 ὡς
3163 3395 3220 3446 ἐν
3287 3393 3641 3465 ὑποκειμένῳ

2051 3485 2416 3558 συμϐεϐηκὸς,
2447 3487 2538 3540 καὶ
2567 3486 2641 3550 ὡς
2669 3487 2852 3557 ἕτερον
2893 3487 2950 3538 ὲν
2992 3486 3162 3557 ἑτέρῳ
3199 3486 3354 3550 δοὺς,
3380 3485 3637 3538 σύνθετον

2049 3580 2240 3651 ὥσπερ·
2271 3581 2455 3651 εἰσῆγε
2497 3579 2586 3632 τὸν
2619 3579 2751 3632 Θεὸν
2784 3579 2972 3631 οὐσίαν
3015 3577 3176 3630 αὑτὸν
3242 3577 3633 3646 ὑποτιθέμενος

2048 3671 2169 3742 δίχα
2202 3672 2380 3740 λόγου,
2407 3670 2749 3742 συμϐεϐηκὸς
2771 3669 2827 3721 δὲ
2859 3672 2923 3740 τῇ
2946 3669 3103 3739 οὐσίᾳ
3133 3669 3225 3723 τὸν
3246 3668 3424 3736 λόγον.
3457 3669 3638 3737 Ὅπερ

2050 3764 2252 3836 οἰηθεὶς
2284 3763 2598 3835 Μάρκελλος
2628 3762 2719 3814 τὸν
2751 3761 2968 3828 Πατέρα
3001 3761 3095 3812 καὶ
3135 3759 3228 3812 τὸν
3255 3759 3383 3812 Υίὸν
3432 3759 3525 3811 ἐπὶ
3573 3757 3639 3811 τὸ

2051 3855 2183 3910 αὑτὸ
2217 3857 2454 3923 συνάγει,
2481 3854 2579 3924 τὴν
2603 3852 2712 3924 (56)
2749 3853 2846 3922 μὲν
2865 3852 3052 3904 οὐσίαν
3072 3850 3252 3904 καλῶν
3279 3852 3371 3902 τὸν
3389 3849 3635 3920 Πατέρα,

2049 3948 2141 4001 τὸν
2172 3949 2216 4001 δ’
2249 3950 2306 4000 ὲν
2339 3945 2486 4017 αὑτῷ
2517 3946 2708 4014 Λόγον,
2742 3944 2833 3998 τὸν
2864 3943 3020 3998 Υἱόν·
3051 3943 3111 3995 οὑ
3155 3942 3525 4012 λογισόμενος,
3560 3942 3641 4004 ὡς

2051 4042 2080 4093 6
2136 4039 2294 4093 τοῦτο
2337 4038 2535 4102 διδοὺς,
2591 4037 2680 4090 τὸν
2730 4035 2861 4088 Θεὸν
2903 4037 3030 4090 ἄνευ
3077 4034 3235 4104 λόγου
3279 4033 3637 4102 ὑποθέμενος,

2053 4133 2197 4204 ἀθέῳ
2219 4132 2313 4185 καὶ
2344 4129 2595 4183 δυσσεϐεῖ
2623 4126 2912 4199 περιπέσοι
2940 4126 3005 4179 ἂν
3033 4125 3260 4195 δόγματι
3282 4125 3416 4178 Θεὸν
3445 4122 3641 4187 ἄλογον

2054 4224 2508 4298 παραδεχόμενος,
2539 4221 2732 4292 ἔχοντα
2772 4220 2870 4291 μὲν
2907 4218 3063 4286 λόγον
3104 4218 3179 4280 ὡς
3216 4217 3325 4286 (57)
3361 4213 3644 4285 συμϐεϐη-

2052 4319 2184 4372 κότα
2215 4319 2271 4369 ὲν
2301 4313 2469 4385 αὐτῷ,
2503 4315 2564 4366 οὑ
2613 4311 2716 4383 μὴν
2761 4311 2923 4364 αὑτὸν
2960 4309 3087 4362 ὄντα
3127 4308 3304 4375 λόγον’
3333 4307 3471 4371 δέον,
3502 4307 3561 4359 έν
3587 4322 3643 4358 τι

2055 4410 2216 4473 θεῖον,
2246 4407 2501 4478 ἀρρητον,
2531 4402 2756 4473 ἀγαθὸν,
2801 4400 3025 4464 ἁπλοῦν,
3070 4399 3381 4460 ἀσύνθετον,
3431 4415 3643 4468 μονοει-

384 4508 492 4548 non
533 4503 710 4549 autem
749 4496 821 4550 sit
850 4495 962 4563 ipse
1010 4494 1184 4564 λόγος,
1219 4494 1374 4562 λϐυιη
1407 4493 1632 4548 omnino
1677 4492 1949 4548 latendum

2055 4502 2158 4565 δὲς,
2208 4499 2268 4552 τὸ
2319 4497 2574 4550 ἐπέκεινα
2615 4495 2724 4548 τῶν
2771 4494 2907 4547 ὅλων
2977 4491 3278 4562 ὁμολογεῖν,
3331 4490 3446 4559 (58)
3477 4489 3644 4543 αὑτό-
3713 4485 3736 4512 ¹

386 4583 458 4638 sit
507 4583 765 4648 divinum,
785 4584 1128 4647 ineﬂ‘abilem,
1150 4585 1369 4647 bonum,
1399 4583 1717 4652 simplicem,
1746 4583 1952 4638 incom-

389 4675 644 4743 positum,
661 4677 1002 4740 uniformem,
1021 4692 1182 4744 supra
1202 4677 1385 4732 omnia
1411 4690 1534 4731 esse
1560 4677 1731 4744 ipsum
1753 4675 1915 4730 Deum
1937 4693 1950 4730 :

391 4765 588 4834 ipsum,
621 4767 864 4837 inquam,
883 4767 1191 4836 αὑτόλογον,
1209 4767 1554 4836 αὑτοσοφίαν,
1577 4765 1956 4836 αὑτοφὼς,αὑ-

390 4861 619 4932 τοζωὴν,
649 4862 971 4928 αὑτόκαλον,
1003 4861 1370 4932 αὑτοάγαθον,
1405 4869 1500 4914 aut.
1540 4860 1584 4914 si
1631 4859 1759 4930 quid
1804 4860 1954 4916 hisce

393 4953 702 5009 nominibus
746 4955 921 5023 majus
959 4962 1014 5008 et
1051 4953 1394 5024 praestantius
1426 4951 1720 5023 excogitari
1766 4961 1952 5023 queat.

391 5046 502 5098 lmo
525 5059 656 5104 vero
683 5045 861 5114 potius
887 5045 1029 5114 quod
1069 5045 1296 5099 excedat
1325 5052 1559 5098 mentem
1601 5059 1840 5112 omnem,
1871 5059 1958 5099 su-

394 5149 548 5209 peret
593 5153 809 5196 omnem
841 5136 1222 5210 cogitationem
1260 5144 1317 5192 et
1361 5134 1794 5207 disquisitionem
1834 5137 1955 5192 ani-

472 5322 534 5382 »Β
571 5316 669 5371 Ed.
699 5315 872 5372 Paris.
896 5330 1018 5384 pag.
1048 5315 1166 5371 121.

471 5474 580 5546 (ζὴ)
615 5473 787 5546 Yulgo
817 5476 1231 5546 καταστήσαντα
1260 5481 1314 5528 et
1340 5488 1462 5546 mox
1482 5476 1651 5531 εἰπὼν
1665 5475 1851 5546 λόγος.

473 5543 586 5615 (55)
621 5543 789 5617 Vulgo
817 5543 1055 5617 ὑπόστῃζ
1078 5543 1218 5611 Mox,
1244 5549 1358 5601 loco
1381 5545 1542 5611 αὑτός
1595 5547 1646 5603 in
1677 5543 1822 5607 corr.
1865 5562 1956 5617 γρ.

405 5607 581 5677 οὗτος,
611 5624 666 5668 et
705 5607 776 5668 ita
803 5614 958 5670 codd.
1001 5607 1027 5616 ”
1204 5607 1238 5668 ⁷.

475 5683 588 5758 (ξρ)
618 5683 921 5758 _V_u|g9.uév
953 5683 1348 5758 obalavAxaktbv
1380 5685 1496 5758 μέν.

477 5751 588 5823 (37)
616 5751 835 5822 Μρξῖσί
859 5754 1240 5827 συμϐεϐηκότι.

2055 4590 2196 4654 θεον,
2258 4585 2546 4652 αὑτονοῦν,
2590 4585 2912 4654 αὑτολόγον,
2955 4582 3315 4652 αὑτοσοφίαν,
3365 4580 3644 4649 αὑτόφως,

2055 4679 2355 4750 αὑτοζωὴν,
2396 4676 2713 4738 αὑτόκαλον,
2747 4675 3085 4745 αὑτοάγαθον
3113 4673 3264 4737 ὅντα,
3308 4672 3403 4725 καὶ
3433 4672 3644 4725 τούτων

2058 4771 2166 4846 (59)
2202 4773 2230 4826 ὃ
2255 4790 2306 4824 τι
2337 4771 2401 4825 ἀν
2442 4788 2526 4834 τις
2553 4772 2798 4841 κρεῖττον
2830 4769 3156 4838 ἐπινοήσειε,
3191 4764 3400 4836 μᾶλλον
3425 4764 3470 4817 δ’
3502 4765 3643 4833 ὑπὲρ

2058 4865 2236 4920 πάντα
2285 4862 2429 4928 νοῦν,
2476 4862 2568 4915 καὶ
2621 4861 2801 4932 πάσης
2853 4860 3106 4913 ἐπέκεινα
3159 4857 3396 4920 διανοίας
3437 4873 3499 4908 τε
3549 4856 3646 4909 καὶ

2060 4957 2429 5028 ἐνθυμήσεως.
2486 4953 2590 5008 Τὸν
2630 4953 2688 5006 δὲ
2723 4952 2913 5006 τούτου
2956 4949 3218 5021 μονογενῆ
3250 4949 3401 5014 Υἱὸν,
3447 4948 3526 5011 ὡς
3575 4947 3644 5000 ἂν

2061 5048 2245 5102 εἰκόνα
2287 5047 2383 5102 τοῦ
2415 5045 2648 5117 Πατρὸς,
2689 5043 2752 5110 ὲξ
2790 5042 2954 5097 αὑτοῦ
3002 5042 3196 5112 φύντα,
3243 5043 3418 5113 πάντη
3453 5059 3515 5095 τε
3550 5045 3647 5098 καὶ

2063 5139 2204 5195 κατά
2228 5139 2404 5194 πάντα
2427 5137 2743 5211 ὑμοιοτάτον
2770 5135 2899 5190 δντα
2920 5134 2998 5206 τῷ
3024 5135 3398 5206 γεγεννηκότι,
3428 5136 3526 5190 καὶ
3549 5138 3649 5190 c.5-

2136 5472 2248 5536 (58)
2276 5472 2472 5542 Αὐτὸῖ
2493 5467 2626 5526 οὖν.
2643 5469 2807 5542 Forte
2834 5469 2967 5525 αὑτὸ
2993 5471 3072 5526 6v.
3102 5468 3172 5524 Μ.
3194 5499 3264 5509 -
3284 5469 3459 5542 Vulgo
3485 5469 3650 5523 αὑτὸν

2067 5542 2189 5597 θεὸν
2220 5543 2382 5596 αὑτὸν
2413 5537 2506 5595 οὖν
2534 5557 2678 5596 corr.
2726 5540 2793 5596 Β.

2139 5613 2250 5684 (59)
2275 5615 2397 5667 Ὅτι
2443 5612 2519 5684 ἄν
2559 5629 2667 5684 τις.
2711 5613 2869 5669 Forte
2900 5611 2954 5666 εἴ
2987 5629 3037 5666 τι
3070 5611 3134 5666 ἀν
3176 5627 3280 5674 τις.
3313 5607 3386 5666 Μ.
3421 5639 3491 5649 -
3521 5610 3646 5664 Mox

2066 5683 2237 5755 vulgo
2255 5683 2496 5754 ἀμουντά
2525 5683 2642 5753 τήν.
