3838 6222
217 256 323 322 919

1158 253 1250 314 DE
1283 254 1821 317 ECCLESIASTICA
1857 255 2249 319 THEOL'OGIA
2293 261 2423 320 LIB.
2463 261 2529 320 ll.

3372 277 3481 338 930

214 373 308 425 τὸν
340 369 493 434 Θεὸν,
519 367 624 423 καὶ
645 366 788 436 νοῦν,
819 370 913 427 καὶ
944 368 1125 442 λόγον,
1152 374 1246 427 καὶ
1271 373 1485 443 σοφίαν,
1510 370 1604 426 καὶ
1629 373 1773 444 ζωὴν

1899 373 2178 443 mi.Hujus
2221 386 2401 432 autem
2434 376 2629 431 Filium
2684 377 3040 450 unigenitum,
3090 385 3256 442 veluti
3303 389 3481 450 Patris

213 465 311 518 καὶ
343 463 459 533 φῶς
507 458 666 529 εἶναι,
709 459 874 520 αὑτοῦ
919 484 978 520 τε
1022 464 1116 520 τοῦ
1159 465 1324 520 καλοῦ
1353 465 1448 519 καὶ
1480 464 1686 534 ἀγαθοῦ
1717 467 1799 518 εί-

213 550 376 606 κόναο
413 553 514 607 οὐκ
539 553 701 608 αὑτὸν
726 553 856 609 ὄντα
880 554 972 608 τὸν
1004 554 1244 626 Πατέρα,
1277 555 1414 610 ἀλλά
1445 556 1536 609 τὸν
1567 554 1660 608 τοῦ
1683 557 1797 608 Πα-

211 643 344 714 τρὸς
379 646 638 716 μονογενῆ
672 645 802 698 Υίόν
826 663 841 675 ο
874 645 980 699 οὐδ’
1000 645 1162 699 αὐτὸν
1206 646 1336 699 ὄντα
1370 644 1461 699 τὸν
1504 645 1800 716 ἀγέννητον

209 734 306 803 καὶ
339 735 595 806 ἄναρχον,
639 736 775 791 ἀλλὰ
821 737 912 790 τὸν
956 737 1015 805 ἐξ
1066 738 1230 792 αὐτοῦ
1275 739 1449 808 φύντα
1487 740 1589 792 καὶ
1623 739 1798 810 ἀρχὴν

209 827 656 898 ἐπιγραφόμενον
685 829 776 882 τὸν
801 831 1186 900 γεγεννηκότα.
1216 831 1278 883 Ei
1303 829 1378 895 δὲ,
1409 830 1616 893 τούτοις
1648 832 1798 884 ἀντι-

208 916 388 985 λέγων
412 919 730 989 Μάρκελλος
759 921 953 981 ταύτὸν
981 917 1120 974 εἶναι
1153 920 1264 992 (40)
1296 921 1496 991 φάσκοι
1524 921 1616 975 τὸν
1641 921 1796 986 Θεὸν,

209 1010 306 1062 καὶ
350 1010 442 1064 τὸν
481 1011 540 1063 ὲν
583 1011 730 1082 αὐτῷ
773 1013 948 1082 Λόγον
984 1014 1271 1068 ἀσύνθετον
1311 1016 1406 1069 καὶ
1457 1014 1662 1068 ἁπλοῦν
1707 1014 1798 1068 τὸν

209 1094 344 1155 Θεὸν
389 1100 722 1173 ὁριζόμενος,
754 1103 874 1176 ὥρα
906 1104 1020 1174 (41)
1063 1105 1200 1175 μήτε
1231 1105 1453 1177 Πατέρα
1495 1105 1634 1176 μήτε
1665 1104 1797 1157 Υίὸν

206 1189 490 1263 ὁμολογεῖν
533 1194 715 1259 αὐτὸν,
760 1195 1019 1267 ἄντικρυς
1058 1196 1114 1249 δὲ
1146 1196 1238 1250 τὸν
1271 1197 1522 1250 Ἰουδαῖον
1556 1195 1797 1267 προϐάλ-

199 1279 425 1345 λεσθαι,
455 1283 489 1352 ἦ
521 1283 613 1337 τὸν
651 1284 938 1338 Σαϐέλλιον
979 1287 1219 1356 εἰσάγειν
1243 1327 1259 1351 ,
1288 1287 1508 1358 Πατέρα
1539 1286 1634 1340 καὶ
1666 1285 1794 1338 Υῑὸν

203 1374 296 1428 τὸν
331 1375 492 1429 αὐτὸν
521 1373 660 1430 εἶναι
697 1377 975 1447 φάσκοντα
995 1395 1008 1409 ·
1045 1378 1187 1433 ὥστε
1229 1381 1349 1434 κατ’
1374 1380 1534 1433 αὑτὸν
1573 1379 1656 1442 τὸ,
1699 1379 1795 1430 Ἐν

200 1461 360 1536 ἀρχῇ
376 1463 454 1538 ἦν
477 1470 510 1522 ό
525 1468 733 1537 Λόγος,
755 1468 867 1523 ἴσον
894 1466 1033 1525 εἶναι
1057 1469 1156 1542 τῷ,
1177 1472 1274 1524 Ἐν
1290 1470 1447 1541 ἀρχῇ
1470 1471 1551 1540 ἦν
1572 1473 1606 1525 ό
1627 1471 1791 1535 Θεός,

199 1558 296 1610 καὶ
321 1553 382 1610 τὸ
404 1598 418 1619 ,
455 1558 554 1612 καὶ
594 1562 628 1612 ό
658 1562 851 1630 Λόγος
881 1557 962 1632 ἦν
989 1561 1140 1630 πρὸς
1165 1562 1272 1616 τὸν
1301 1562 1470 1628 Θεὸν,
1507 1564 1621 1615 ῐσον
1651 1557 1791 1614 εἷναι

1905 467 2222 536 imaginem.
2271 484 2339 524 ex
2374 467 2494 538 ipso
2541 479 2741 536 ortum,
2806 474 3028 530 omnino
3069 485 3123 532 et
3157 493 3254 549 per
3294 485 3477 540 omnia

1903 572 2061 626 quam
2086 557 2427 613 simillimum
2457 560 2687 630 genitori
2712 576 2830 630 suo,
2863 573 2919 620 et
2959 565 3132 636 ipsum
3165 573 3309 638 quod
3357 588 3478 629 cre-

1902 648 1994 703 dat
2023 647 2214 713 Deum,
2235 658 2292 704 et
2341 665 2599 718 mentem,
2624 661 2680 707 et
2715 652 2894 723 λόγον,
2929 665 2984 712 et
3015 659 3335 728 sapientiam
3361 701 3380 730 ,
3419 675 3476 718 et

1901 739 2088 804 vitam,
2123 749 2176 793 et
2202 741 2398 807 lucem,
2425 741 2570 798 illius
2606 743 2813 813 pulchri
2850 747 3145 820 imaginem
3180 763 3342 823 atque
3376 755 3476 810 bo-

1901 831 1954 885 ni
1994 849 2008 885 :
2043 847 2150 886 non
2177 840 2360 888 tamen
2393 834 2684 903 ipsummet
2713 837 3154 906 genitorem,sed
3186 843 3364 900 Patris
3387 849 3470 901 sui

1899 919 2095 974 Filium
2126 923 2492 990 unigenitum,
2508 937 2614 977 non
2646 925 2820 994 ipsum
2847 928 3065 996 quidem
3106 933 3470 1001 unigenitum,

1899 1019 1955 1062 et
1979 1010 2435 1079 imprincipiatum
2471 1029 2484 1064 :
2520 1012 2617 1066 sed
2661 1026 2728 1067 ex
2755 1012 2846 1067 illo
2881 1025 3084 1083 ortum,
3109 1019 3188 1072 sic
3222 1029 3280 1073 ut
3321 1022 3473 1090 prin-

1896 1099 2045 1168 pium
2091 1100 2174 1154 sui
2227 1101 2467 1156 ascribat
2507 1101 2676 1156 Patri.
2725 1103 2878 1170 Quod
2919 1107 2963 1161 si
3008 1107 3157 1163 hisce
3191 1113 3469 1166 contradi-

1897 1190 2066 1244 cendo
2092 1188 2404 1253 Marcellus,
2438 1192 2577 1246 idem
2609 1205 2731 1247 esse
2770 1209 2868 1262 per
2895 1197 3075 1251 omnia
3100 1199 3299 1254 dixerit
3321 1202 3468 1258 illum

1897 1278 2088 1346 Deum,
2120 1290 2175 1336 et
2203 1281 2328 1336 illud
2363 1288 2423 1345 ἧς
2454 1282 2506 1336 in
2547 1298 2613 1338 eo
2655 1286 2896 1361 Verbum.
2929 1289 3093 1344 Deum
3142 1292 3470 1363 incomposi-

1842 1396 1845 1397 ν
1899 1379 2010 1426 tum
2044 1371 2310 1427 deﬁniens
2349 1382 2514 1444 atque
2557 1375 2855 1446 simplicem
2892 1395 2907 1444 ;
2939 1379 3122 1435 videat
3145 1379 3229 1438 'ne
3263 1385 3348 1438 vel
3375 1385 3470 1440 Pa-

1897 1471 2034 1519 trem
2059 1464 2143 1520 vel
2166 1463 2362 1520 Filium
2397 1479 2519 1519 eum
2543 1481 2800 1538 agnoscat
2830 1486 2845 1524 :
2873 1473 2966 1527 sed
2990 1471 3230 1528 Judaeum
3261 1491 3320 1530 se
3342 1492 3470 1546 pro-

1895 1557 2006 1623 dat,
2041 1565 2133 1610 aut
2166 1573 2289 1612 cum
2327 1557 2567 1614 Sabellio
2591 1561 2804 1617 inducat
2835 1564 3047 1619 Patrem
3073 1569 3320 1622 eumdem
3351 1570 3470 1640 pla-

196 1647 298 1718 τῷ,
331 1649 427 1701 καὶ
461 1653 494 1703 ό
532 1649 678 1717 Θεὸς
708 1647 788 1722 ἦν
820 1652 969 1722 πρὸς
1011 1652 1120 1707 τὸν
1157 1653 1324 1719 Θεὸν,
1370 1655 1572 1725 ὁμοίως
1609 1654 1666 1706 δὲ
1695 1651 1774 1706 κα¹

1894 1661 1962 1700 ne
1999 1656 2160 1714 atque
2214 1645 2430 1701 Filium.
2493 1647 2562 1704 Ut
2612 1660 2742 1718 puta
2785 1666 2906 1706 cum
2955 1654 3096 1709 idem
3141 1667 3295 1711 sonet
3323 1661 3465 1728 apud

189 1737 256 1790 τὸ
287 1739 467 1810 τρίτον
500 1741 695 1795 ταύτὸν
744 1736 882 1797 εἶναι
915 1743 1014 1815 τῷ,
1039 1746 1136 1799 καὶ
1167 1745 1311 1812 Θεὸς
1345 1742 1426 1818 ἦν
1465 1748 1499 1800 ό
1537 1745 1702 1812 Θεὸς,
1745 1745 1774 1799 ἃ

1884 1735 2052 1801 illum,
2082 1735 2148 1789 In
2164 1738 2420 1806 principio
2459 1747 2571 1792 erat
2619 1737 2844 1794 Verbum
2873 1783 2888 1807 ,
2922 1758 2986 1798 ac
3020 1745 3149 1799 illud
3170 1786 3185 1810 ,
3216 1745 3279 1800 In
3321 1727 3467 1816 prin-

191 1829 310 1900 (42)
343 1831 408 1902 δὴ
447 1832 580 1904 πρὸς
606 1833 685 1904 τῷ
716 1835 1079 1909 ἀσυναρτήτῳ
1107 1838 1200 1891 καὶ
1231 1836 1664 1909 παραλογώτατα
1692 1837 1776 1910 εἴη

190 1925 282 1978 ἄν.
319 1925 444 1989 Πῶς
474 1925 655 1985 δέκα).
678 1927 739 1981 τὸ
766 1929 963 1983 πάντα
995 1929 1070 1983 δι’
1105 1931 1292 1985 αὐτοῦ
1319 1931 1556 2000 ἐγένετο
1594 1929 1776 2002 χώραν

185 2015 324 2082 ἔξει,
372 2016 491 2080 ἑνὸς
543 2017 696 2083 δντος
751 2019 848 2072 τοῦ
908 2021 1304 2091 ὑποκειμένους
1356 2021 1430 2074 Οὐ
1467 2019 1577 2092 γὰρ
1637 2039 1655 2071 ι
1685 2019 1777 2073 ὑπ’

179 2107 357 2161 αὑτοῦ
391 2128 410 2160 ι
445 2109 632 2180 φησὶν,
663 2109 772 2162 οὐδ’
803 2129 821 2162 ι
841 2110 901 2176 ἐξ
932 2110 1094 2166 αὐτοῦ
1120 2131 1138 2162 ι
1181 2110 1250 2164 τά
1295 2111 1471 2164 πάντα
1519 2111 1778 2182 γεγεννῆ-

189 2199 338 2266 σθαι,
375 2199 512 2254 ἀλλά
563 2219 582 2252 ι
605 2201 672 2255 δι’
703 2201 888 2256 αὐτοῦ.
913 2223 930 2254 ι
987 2203 1051 2256 Ἡ
1090 2203 1146 2257 δὲ
1190 2223 1208 2255 ι
1234 2203 1320 2257 διά
1343 2223 1362 2256 ι
1412 2203 1667 2274 πρόθεσις
1716 2203 1778 2256 τὸ

190 2291 525 2363 ὑπηρετικὸν
548 2308 612 2365 ση
623 2294 802 2364 μαίνει
819 2313 830 2324 ·
846 2294 921 2358 ὡς
938 2297 965 2348 6
980 2295 1140 2357 αὑτὸς
1167 2294 1558 2366 εὐαγγελιστὴς
1572 2293 1776 2366 προῖὼν

188 2381 321 2453 ἑξῆς
366 2385 661 2456 παρίστησι
739 2384 949 2454 λέγων,
992 2384 1024 2438 ὀ
1090 2385 1277 2454 νόμος
1323 2383 1422 2439 διὰ
1481 2383 1776 2451 Μωϋσέως

183 2473 386 2542 ἐδόθη,
426 2476 459 2542 ἠ
486 2475 658 2545 χάρις
694 2477 792 2530 καὶ
827 2479 864 2545 ἡ
897 2476 1148 2544 ἀλήθεια
1176 2476 1250 2530 δι’
1291 2475 1486 2544 Ἰησοῦ
1514 2476 1774 2544 Χριστοῦ

180 2565 441 2634 ἐγένετο·
475 2567 550 2631 ὡς
582 2569 692 2640 γὰρ
727 2569 756 2620 6
785 2569 969 2640 νόμος,
1005 2570 1105 2624 οὐκ
1151 2569 1225 2623 ὢν
1268 2569 1627 2642 ἀνθρώπινος,
1663 2549 1772 2622 οὐδ’

182 2657 298 2727 (43)
345 2653 409 2712 αὖ
452 2658 550 2711 τοῦ
581 2660 859 2724 Μωῦσέως
905 2661 1187 2733 ὑπάρχων,
1216 2660 1332 2715 ἀλλ’
1369 2663 1435 2716 ὲκ
1481 2661 1576 2715 τοῦ
1612 2660 1768 2726 Θεοῦ,

179 2752 423 2805 Μωῡσέα
448 2753 690 2807 διάκονον
722 2755 814 2807 καὶ
859 2755 1136 2826 ὑπηρέτην
1173 2753 1518 2825 ἐπεγράψατο
1561 2754 1660 2826 τῆς
1691 2755 1771 2818 είς

177 2841 498 2915 ἀνθρώπους
524 2844 810 2909 ἐκδόσεως,
844 2846 938 2898 καὶ
967 2845 1054 2899 διά
1080 2845 1237 2900 τοῦτο
1264 2848 1496 2919 εἴρηται,
1529 2851 1562 2902 ό
1588 2849 1772 2917 νόμος

163 2933 279 2988 εδιᾶ
309 2935 606 3002 Μωῦσέως
645 2936 845 3005 ἐδόθη,
881 2937 1022 2991 οὕτω
1059 2940 1152 2992 καὶ
1193 2940 1225 3011 ή
1268 2940 1426 3011 χάρις
1480 2940 1545 2994 δι’
1592 2940 1768 3013 Ἰησοῦ

1876 1828 2017 1895 cipio
2037 1838 2146 1881 erat
2168 1827 2329 1882 Deus.
2353 1829 2418 1882 Et
2455 1829 2603 1894 illud,
2635 1829 2700 1883 Et
2729 1828 2949 1886 Verbum
2969 1846 3084 1889 erat
3107 1838 3248 1906 apud
3271 1837 3462 1906 Deum,

1880 1920 2198 1989 mquivaleat
2245 1920 2340 1988 illi,
2374 1911 2443 1974 Et
2483 1922 2624 1976 Deus
2665 1936 2776 1978 erat
2813 1927 2954 1994 apud
2999 1927 3190 1982 Deum.
3227 1930 3294 1984 Et
3327 1932 3458 1988 illud

1883 2014 2098 2067 tertium
2133 2027 2238 2068 non
2269 2013 2340 2068 sit
2363 2013 2506 2069 aliud
2531 2031 2715 2084 quam,
2743 2017 2810 2070 Et
2832 2017 2971 2072 Deus
3000 2030 3112 2074 erat
3143 2021 3307 2078 Deus.
3329 2023 3460 2090 Quae

1879 2113 2140 2175 praeterea
2177 2106 2322 2174 quod
2371 2107 2682 2162 cohaereant
2729 2110 2928 2172 minus,
2958 2110 3028 2165 ab
3056 2113 3203 2166 omni
3243 2115 3460 2171 ratione

1879 2206 2003 2252 sunt
2033 2195 2382 2251 alienissima.
2432 2197 2568 2252 Nam
2597 2214 2829 2268 quonam
2864 2211 3020 2270 pacto
3051 2201 3225 2256 locum
3257 2205 3460 2260 habere

1878 2291 2079 2358 pOterit
2109 2289 2257 2354 illud,
2288 2290 2484 2345 Omnia
2512 2308 2604 2361 per
2628 2293 2802 2360 ipsum
2831 2293 2973 2361 facta
3014 2303 3156 2362 sunt,
3191 2311 3312 2349 cum
3340 2297 3460 2351 uui-

1877 2395 1999 2434 cum
2017 2381 2484 2452 sitsuppositum?
2514 2392 2568 2438 et
2601 2382 2884 2454 Scriptura
2939 2386 3152 2454 doceat,
3187 2402 3293 2442 non
3335 2406 3356 2440 ι
3388 2389 3456 2444 ab

1876 2470 1994 2525 illo»
2028 2471 2223 2526 nedum
2247 2490 2266 2524 ι
2290 2474 2524 2538 θιὶΙΙο,›
2567 2475 2660 2530 sed
2697 2490 2822 2544 «per
2852 2475 3031 2529 illum)
3067 2478 3246 2532 omnia
3289 2477 3458 2535 fuisse

1876 2560 2044 2616 facta?
2068 2546 2132 2616 Et
2177 2562 2264 2616 illa
2295 2565 2711 2635 praepositioper
2741 2565 3044 2621 ministrale
3075 2567 3204 2637 quid
3241 2569 3454 2638 signiti-

1873 2663 1980 2720 cet,
2020 2657 2468 2724 quemadmodum
2511 2658 2566 2712 in
2619 2659 2977 2728 sequentibus
3031 2661 3189 2717 docet
3221 2677 3456 2734 evange-

1873 2746 2020 2809 lista,
2061 2747 2328 2816 inquiens,
2361 2746 2470 2802 Lex
2490 2765 2583 2811 per
2625 2748 2857 2820 Moysem
2880 2751 3008 2805 data
3037 2760 3112 2805 est
3145 2765 3164 2804 :
3204 2757 3378 2822 gratia
3399 2764 3450 2808 et

1872 2837 2058 2891 ueritas
2090 2853 2185 2904 per
2209 2837 2390 2891 Iesum
2413 2836 2680 2891 Christum
2710 2838 2855 2907 facta
2883 2849 2960 2894 est
2989 2840 3056 2894 ³⁷.
3087 2842 3450 2907 Quemadmo-

1873 2929 1999 2983 dum
2029 2930 2172 2983 enim
2204 2927 2312 2997 lex,
2358 2943 2464 2984 non
2515 2929 2602 2982 illa
2636 2929 2914 2984 hominum
2946 2930 3029 2985 vel
3073 2931 3272 3002 Moysis
3301 2933 3449 2989 exsi-

175 3026 415 3099 Χριστοῦ
441 3028 676 3096 ἐγένετο,
707 3028 800 3082 τοῦ
827 3029 1040 3101 Πατρὸς
1073 3030 1240 3103 αὐτὴν
1283 3031 1371 3085 διά
1401 3031 1494 3084 τοῦ
1527 3033 1766 3104 Χριστοῦ

1875 3029 2040 3086 stens,
2061 3022 2156 3074 sed
2185 3019 2300 3082 Dei,
2327 3021 2414 3075 cui
2450 3020 2698 3074 minister
2716 3029 2770 3075 et
2797 3035 2986 3076 servus
3005 3021 3449 3080 subministrabat

162 3123 680 3195 κατεργασαμένου.
697 3124 972 3190 Ὡσαύτως
997 3120 1089 3180 οὖν
1119 3127 1331 3200 εἴρηται
1354 3129 1444 3181 καὶ
1461 3128 1542 3195 τὸ,
1562 3128 1764 3184 Πάντα

1875 3111 2104 3184 Moyses,
2135 3121 2194 3166 ut
2241 3111 2330 3166 illa
2371 3111 2439 3166 ad
2473 3112 2716 3168 homines
2759 3113 3195 3183 promulgaretur
3233 3132 3248 3169 :
3283 3125 3449 3185 atque

168 3210 249 3264 δι’
283 3212 470 3266 αὐτοῦ
501 3214 772 3283 ἐγένετοο
831 3215 943 3286 (44)
987 3217 1179 3289 ’ἑτέρου
1233 3220 1332 3289 μὲν
1375 3221 1758 3291 πεποιηκότος,

163 3300 340 3354 ἀὐτοῦ
390 3302 448 3356 δὲ
494 3302 956 3376 διακονησαμένου
983 3323 996 3334 ·
1051 3305 1182 3359 ὥσθ’
1221 3307 1406 3380 ἕτερον
1447 3308 1628 3381 ζητεῖν
1669 3311 1761 3365 τὸν

162 3396 408 3468 ποιητὴν
439 3397 548 3452 τῶν
605 3397 762 3463 ὅλων,
814 3399 904 3452 τὸν
945 3399 1034 3453 διὰ
1079 3399 1170 3453 τοῦ
1225 3400 1643 3472 θεολογουμένου
1690 3403 1760 3456 τά

168 3487 354 3542 πάντα
386 3489 852 3561 ὑποστησάμενον.
912 3492 1023 3544 Καὶ
1069 3491 1152 3555 τίς
1201 3491 1268 3546 ἂν
1309 3495 1517 3562 γένοιτο
1561 3488 1756 3562 οὗτος;

183 3580 325 3634 Ἀλλ’
355 3582 455 3635 οὐκ
497 3581 563 3635 ἃν
593 3583 702 3654 ἔχοι
731 3586 924 3637 εἰπεῖν.
956 3579 1057 3637 ’Ὧν
1085 3585 1256 3649 οὕτως
1285 3587 1537 3657 ἐχόντων,
1569 3587 1758 3658 ὸμολο-

163 3675 285 3739 γείν
326 3672 538 3744 ἀνάγκη
596 3673 688 3728 τὸν
735 3674 1149 3746 θεολογούμενον
1194 3675 1298 3730 ὑπὸ
1330 3675 1425 3730 τοῦ
1469 3678 1755 3747 εὐαγγελι-

168 3762 298 3816 στοῦ
345 3764 418 3835 μὴ
459 3764 549 3816 τὸν
585 3766 678 3818 ἐπὶ
705 3766 921 3820 πάντων
951 3763 1090 3821 εῖναι
1121 3767 1253 3822 Θεὸν
1271 3810 1286 3834 ,
1325 3769 1446 3840 μηδ’
1475 3770 1634 3823 αὐτὸν
1663 3770 1754 3824 τὸν

165 3853 408 3925 Πατέρα,
443 3855 533 3909 τὸν
578 3855 634 3908 δὲ
665 3857 853 3910 τούτου
898 3862 1158 3930 μονογενῆ
1189 3859 1316 3912 Υἱὸν
1337 3901 1351 3924 ,
1386 3861 1446 3913 οὐ
1475 3861 1752 3935 συμϐεϐη-

161 3944 300 3997 γότα
323 3944 400 4015 τῷ
418 3945 609 4017 Πατρὶ,
637 3947 768 4012 οὐδ’,
784 3947 858 4011 ὼς
881 3949 939 4001 ὲν
963 3949 1326 4021 ὑποκειμένῳ,
1352 3952 1408 4004 ὲν
1430 3951 1579 4022 αὐτῷ
1599 3952 1748 4018 ὄντα,

153 4035 287 4112 οὑδὲ
335 4035 394 4087 ἓν
440 4037 534 4089 καὶ
579 4037 775 4090 ταύτὸν
814 4037 890 4108 τῷ
938 4038 1054 4109 Θεῷ
1097 4039 1245 4104 ὄντα,
1290 4039 1418 4094 Υίὸν
1464 4040 1508 4094 δ’
1537 4041 1753 4112 ἀληθῶς

159 4106 314 4192 ὄντα,
351 4125 526 4190 ζῶντα
583 4131 676 4182 καὶ
723 4106 1112 4198 ὑφεστῶτα-ὲν
1164 4133 1306 4204 ἀρχῇ
1353 4150 1412 4185 τε
1451 4131 1600 4196 ὅντα,
1629 4106 1750 4186 ’καὶ

159 4219 303 4290 πρὸς
323 4220 412 4271 τὸν
436 4218 568 4272 Θεὸν
599 4219 747 4283 ὄντα,
797 4222 890 4274 καὶ
916 4221 1046 4275 Θεὸν
1080 4221 1229 4288 ὅντα,
1279 4223 1346 4275 δι’
1377 4216 1438 4277 οὗ
1471 4228 1538 4278 τὰ
1571 4226 1749 4280 πάντα

158 4310 504 4382 δημιουργεῖ.
545 4312 634 4374 Ὠς
676 4310 852 4382 ὀρθῶς
879 4311 988 4383 (45)
1020 4312 1084 4366 ἄν
1120 4329 1240 4366 τινα
1274 4313 1364 4367 ἐπὶ
1395 4314 1456 4368 τὸ
1491 4315 1751 4385 σαφέστε-

1866 3203 1988 3259 ideo
2005 3205 2204 3258 dictum
2223 3212 2327 3268 est,
2342 3202 2453 3257 Lex
2475 3219 2570 3273 per
2595 3201 2830 3274 Moysem
2855 3206 2981 3257 data
2998 3206 3120 3274 fuit.
3139 3205 3214 3260 Ita
3231 3220 3449 3276 quoque

1863 3305 1919 3352 et
1957 3296 2130 3368 gratia
2163 3297 2287 3350 data
2334 3307 2437 3362 est,
2478 3295 2621 3364 quod
2669 3310 2768 3365 per
2811 3295 3088 3352 Christum
3121 3298 3284 3353 Pater
3323 3315 3444 3355 eam

1863 3397 2141 3457 operatur.
2185 3387 2363 3456 Atque
2396 3387 2463 3441 ad
2510 3387 2672 3441 istum
2709 3388 2928 3441 modum
2982 3389 3217 3455 dicitur,
3251 3388 3446 3445 Omnia

1861 3495 1955 3549 per
1989 3479 2139 3533 illum
2168 3479 2316 3549 facta
2339 3490 2457 3532 sunt
2487 3493 2507 3533 :
2533 3485 2718 3546 utpote
2743 3478 2813 3532 ab
2849 3479 3019 3533 altero
3053 3480 3443 3548 producta,cui

1863 3571 2020 3626 alteri
2055 3581 2377 3640 operaturus
2419 3570 2506 3624 hic
2556 3569 2935 3624 snbministrat
2967 3583 2984 3622 :
3015 3581 3074 3624 ut
3119 3573 3443 3640 quaerendus

1859 3665 1932 3718 sit
1960 3677 1988 3716 a
2020 3663 2176 3717 nobis
2203 3671 2416 3716 creator
2448 3661 2584 3715 alius
2612 3661 2990 3716 universorum
3013 3703 3029 3726 ,
3059 3663 3150 3731 qui
3187 3663 3386 3716 dicitur
3408 3680 3441 3718 a

1859 3749 2110 3817 theologo
2133 3763 2352 3803 creasse
2393 3749 2598 3803 omnia.
2631 3748 3104 3818 ls‘autemecquis
3139 3749 3279 3805 alius
3314 3767 3438 3806 esse

1855 3848 2067 3908 paterat
2089 3838 2112 3891 ἲ
2138 3848 2288 3893 certe
2319 3837 2492 3893 nemo
2536 3838 2756 3894 dixerit.
2784 3838 2915 3906 Quae
2939 3854 3060 3894 cum
3085 3840 3158 3895 ita
3189 3841 3319 3908 sint,
3348 3841 3436 3897 fa-

1854 3932 1957 3986 teri
1983 3947 2084 3987 nos
2134 3939 2350 4000 oportet
2387 3945 2511 3986 eum
2550 3933 2642 4002 qui
2673 3932 2741 3986 ab
2769 3931 3098 4002 evangelista
3129 3932 3434 4000 deiﬁcatur,

1856 4039 1964 4078 non
1999 4039 2118 4080 esse
2145 4023 2315 4078 Deum
2362 4022 2508 4078 illum
2549 4038 2709 4093 super
2741 4023 2948 4091 omnia,
2983 4038 3158 4094 neque
3193 4024 3432 4092 Patrem,

1854 4115 1947 4169 sed
1984 4113 2129 4168 illius
2158 4113 2356 4167 Filium
2404 4113 2739 4184 unigenitum
2772 4131 2790 4170 :
2823 4129 2929 4169 non
2959 4129 3082 4170 cum
3113 4115 3273 4172 Patre
3306 4119 3427 4187 pari

1852 4221 2011 4278 passu
2044 4206 2408 4260 ambulantem
2441 4222 2454 4258 :
2486 4219 2585 4260 nec
2609 4213 2861 4276 tanquam
2893 4205 2948 4261 in
2980 4206 3260 4276 supposito
3285 4210 3430 4262 exsi-

1851 4308 2079 4355 steutem
2107 4297 2302 4351 unico:
2335 4311 2440 4351 non
2473 4311 2638 4351 unum
2663 4306 2824 4367 atque
2850 4297 3102 4353 eumdem
3135 4314 3259 4354 cum
3291 4300 3422 4364 De'o,

164 4420 257 4475 ρον
269 4403 638 4474 μεταλαϐόντα
659 4406 822 4473 φάναι
839 4405 957 4458 ἀντὶ
983 4404 1097 4468 τοῦ,
1115 4407 1168 4456 Ἐ
1173 4424 1210 4458 ν
1221 4404 1378 4476 ἀρχῇ
1393 4403 1471 4479 ἦν
1487 4410 1520 4461 ό
1534 4409 1744 4477 Λόγος,

1881 4390 1946 4445 ed
1986 4388 2177 4443 Filium
2231 4401 2358 4443 vere
2389 4388 2762 4453 exsistentem,
2795 4389 2978 4443 vivum
3008 4389 3422 4446 subsistentem:

158 4496 220 4548 τὸ
269 4514 287 4546 ι
314 4498 370 4549 ὲν
402 4497 541 4568 ἀρχῇ
577 4493 644 4568 ἦν
671 4500 698 4550 6
722 4497 871 4562 Υἱὸς,
895 4517 912 4548 ι
948 4498 1041 4550 καὶ
1069 4498 1189 4551 ἀντὶ
1214 4498 1305 4552 τοῦ
1329 4541 1343 4564 ,
1369 4477 1466 4553 καὶ
1491 4500 1522 4552 ὁ
1544 4501 1736 4570 Λόγος

1875 4500 1887 4536 ι
1921 4478 2184 4552 principio
2230 4478 2321 4548 qui
2349 4487 2467 4533 erat
2498 4495 2511 4531 :
2546 4487 2600 4534 et
2638 4479 2778 4546 apud
2824 4477 2989 4533 Deum
3017 4489 3155 4544 erat,
3183 4489 3238 4535 et
3283 4481 3424 4536 Deus

156 4583 238 4656 ἦν
265 4587 416 4656 πρὸς
443 4566 573 4642 ⁷τὸν
596 4566 762 4653 Θεὸν,
797 4589 880 4655 τὸ,
935 4607 953 4639 ι
983 4589 1076 4642 καὶ
1110 4592 1138 4643 6
1179 4590 1308 4654 Υἱὸς
1354 4587 1421 4663 ἦν
1465 4593 1600 4663 πρὸς
1637 4566 1737 4645 τὸν

1875 4581 1954 4625 rat
1988 4587 2002 4624 :
2030 4584 2126 4638 per
2147 4581 2308 4634 quem
2336 4567 2523 4622 condit
2557 4567 2828 4621 universa.
2850 4566 2922 4622 Ut
2949 4566 3152 4622 clarius
3178 4577 3424 4638 transpo-

157 4679 416 4750 Πατέρα,
441 4699 459 4730 ›
506 4681 602 4734 καὶ
654 4682 776 4733 ἀντὶ
821 4680 914 4734 τοῦ
943 4718 956 4744 ,
1022 4682 1121 4734 καὶ
1144 4681 1286 4748 Θεὸς
1437 4686 1470 4737 ό
1511 4656 1732 4754 Λόγος,

1875 4666 1939 4717 ita
1994 4661 2111 4716 haec
2138 4656 2384 4729 proferre
2429 4659 2551 4727 quis
2590 4657 2926 4728 possit,,:pro
2969 4658 3083 4723 illo,
3116 4656 3186 4712 In
3222 4661 3422 4729 princi-

156 4772 236 4834 τὸ,
299 4772 433 4824 «καὶ
480 4772 611 4836 Θεὸς
666 4767 731 4843 ἧν
780 4776 808 4826 6
853 4773 997 4836 Υἱός.
1027 4793 1044 4822 ι
1099 4772 1259 4826 Οὕτω
1304 4775 1348 4826 δ’
1381 4773 1446 4828 ἂν
1475 4777 1733 4847 ἁρμόσειε

1875 4776 1916 4828 io
1943 4784 2056 4828 erat
2104 4772 2351 4835 Verbum,
2376 4789 2395 4823 ι
2432 4770 2488 4825 In
2529 4771 2793 4841 principio
2825 4779 2946 4826 erat
2972 4770 3210 4837 Filius,'s
3235 4781 3291 4827 et
3320 4788 3418 4842 pro

157 4865 249 4916 καὶ
316 4863 376 4916 τὸ
435 4863 563 4934 ἑξῆς
633 4865 969 4936 ἐπαγόμενον
999 4883 1011 4897 ·
1072 4866 1266 4920 πάντα
1326 4867 1437 4936 γὰρ
1490 4867 1564 4921 δι’
1621 4871 1730 4923 αὐ-

1875 4867 1966 4931 lo,
2015 4863 2084 4918 Et
2133 4863 2359 4918 Verbum
2411 4875 2521 4917 erat
2555 4863 2696 4931 apud
2730 4862 2922 4929 Deum,
2959 4881 2978 4915 t
3012 4873 3066 4918 et
3105 4865 3272 4919 Filius
3301 4875 3418 4920 erat

154 4956 281 5019 τοῦ,
313 4956 550 5026 ἐγένετο
587 4957 685 5010 καὶ
731 4959 909 5027 χωρὶς
950 4960 1134 5014 αὐτοῦ
1177 4959 1411 5030 ἐγένετο
1459 4959 1602 5014 οὐδὲ
1639 4961 1728 5015 ἓν.

1876 4957 1981 5026 pud
2020 4955 2232 5008 Patrem
2254 4994 2269 5019 ,
2310 4971 2328 5004 ι
2366 4962 2419 5008 et
2455 4969 2552 5024 pro
2583 4952 2692 5018 illo,
2727 4950 2793 5004 Et
2825 4952 2966 5007 Deus
2991 4963 3102 5006 erat
3152 4951 3411 5018 Verbum,

154 5047 390 5112 Εἰκότως
414 5047 699 5120 τοιγαροῦν
725 5051 752 5101 6
772 5051 911 5112 θεῖος
943 5051 1331 5122 εύαγγελιστὴς
1361 5051 1472 5123 (46)
1504 5053 1561 5104 ἐν
1584 5053 1726 5124 ἀρχῇ

1892 5056 1947 5102 et
1996 5046 2137 5100 Deus
2188 5055 2308 5100 erat
2338 5044 2526 5100 Filius.
2553 5064 2572 5097 ι
2596 5043 2674 5099 Ita
2721 5045 2866 5100 enim
2900 5058 3140 5114 congrue
3179 5046 3415 5100 cohaere-

151 5139 315 5190 αὐτὸν
360 5139 483 5210 ἔφη,
518 5139 639 5203 δοὺς
669 5140 815 5210 αὐτῷ
843 5141 1016 5212 ἀρχὴν
1037 5181 1052 5204 ,
1085 5141 1239 5213 δῆλον
1266 5141 1322 5195 δὲ
1358 5144 1439 5197 ὅτι
1478 5143 1577 5215 τὴν
1601 5144 1728 5213 γέν-

1877 5139 1918 5195 it
1970 5141 2112 5210 quod
2175 5140 2426 5211 adjicitur
2477 5141 2532 5194 in
2590 5137 2938 5208 sequentibus
2978 5135 3214 5191 :Omnia
3274 5139 3412 5192 enim

123 5289 134 5340 ι
229 5256 287 5314 ἧς
322 5251 419 5307 Ed.
449 5250 647 5316 Paris.,
679 5268 798 5322 pag.
838 5252 959 5306 l2‘2.

120 5347 126 5364 ‘
223 5342 443 5398 "Joan.
484 5345 636 5408 1,17.

246 5436 334 5501 ιο)
360 5435 528 5505 Vulgo
565 5437 796 5506 φάσκον.

246 5505 334 5576 il)
368 5507 422 5576 lu
447 5505 593 5576 corr.
629 5508 750 5576 ὅρα.

221 5574 333 5647 (⁸2)
365 5574 533 5647 Yulso
567 5577 644 5633 δέ.

248 5645 336 5712 45)
361 5645 528 5714 Vulgo
556 5647 719 5700 αὐτοῦ
749 5645 864 5700 τοῦ.

242 5716 330 5786 M)
360 5715 596 5786 Ἐτέρου
612 5717 728 5787 μὲν
757 5722 1169 5791 πεποιηκότηρ.
1195 5719 1553 5776 ilirectissimc
1578 5721 1718 5776 aria-

1827 5438 2128 5503 nizat,cum
2153 5434 2346 5491 Filium
2381 5432 2750 5488 tantummodo
2781 5431 3027 5485 διάκονον
3051 5431 3104 5485 in
3127 5430 3409 5503 creatione

1826 5501 2090 5579 supponat
2124 5523 2145 5579 _:
2174 5505 2478 5579 utAMoysen
2513 5504 2567 5557 in
2603 5503 2735 5569 legis
2765 5503 3215 5573 promulgatione.
3252 5501 3322 5555 Μ.

1897 5575 2492 5655 ζὲΰηριεηβκτέναο.
2586 5643 2612 5654 -
2726 5641 2749 5655 .
2930 5638 2948 5655 .
3129 5639 3144 5655 .
3287 5639 3300 5655 .

1896 5638 2007 5719 (46)
2061 5638 2649 5719 Ἐἦ-ἁρχῇηαὺτοῦι,
2718 5641 2853 5710 ἔφη.
2930 5638 3167 5719 Legem].
3242 5639 3404 5694 αὑτὸν

1825 5711 1961 5773 εἶναι
1986 5711 2108 5786 ἔφη.
2144 5711 2314 5770 ιιι
2354 5714 2596 5786 [Corrcxi
2623 5714 2795 5768 locum
2829 5727 2892 5767 ex
2925 5711 3080 5766 codd.
