3838 6222
468 274 576 331 931

1144 269 1411 326 EUSEBII
1446 266 1927 327 CESAR‘ENSlS
1961 264 2114 325 OPP.
2150 265 2333 322 PARS
2369 262 2462 323 ιν.
2501 298 2572 310 --
2609 262 3034 323 DOGMATICA.

3604 262 3722 322 πε

464 410 566 462 per
606 352 754 445 illum
795 393 939 460 facta
1000 400 1144 451 sunt,
1185 401 1233 444 et
1279 393 1389 446 sine
1430 391 1522 445 illo
1552 393 1753 460 [actum
1782 390 2034 447 estnihil.

2140 407 2294 462 νησιν
2322 388 2420 460 τὴν
2448 388 2559 459 (47)
2593 390 2655 442 ἐκ
2686 387 2779 441 τοῦ
2810 389 3021 462 Πατρός
3040 405 3053 418 ·
3095 389 3201 440 πᾶν
3231 385 3340 458 γὰρ
3383 386 3442 440 τὺ
3483 386 3547 439 ἐκ
3576 405 3722 451 τινος

477 491 537 548 ›Ῑ‹
571 484 838 551 Quocirca
890 491 1035 537 recte
1073 482 1224 537 illum
1272 482 1718 552 Evangelista'in
1771 483 2039 551 principio

466 576 664 641 afuisse,
694 575 1014 647 principium
1057 575 1131 629 illi
1160 575 1485 641 concedens,
1534 576 1642 630 hoc
1695 584 1779 630 est
1811 589 2040 645 genera-

473 668 675 724 tionem
719 667 786 721 de
823 667 985 722 Patre
1022 682 1039 722 :
1090 682 1213 722 nam
1239 668 1609 737 quodcunque
1641 668 1709 721 de
1767 681 2039 736 quoquam

464 761 827 830 progignitur,
887 759 1185 829 genitorem
1233 759 1317 814 sui
1371 759 1696 829 principium
1749 758 1934 813 habet.
1970 758 2040 812 At

466 868 581 906 non
628 852 853 920 perinde
902 851 977 905 ita
1029 851 1233 915 intulit,
1292 850 1360 905 Et
1408 852 1618 905 verbum
1667 851 1800 904 illud
1841 852 2039 905 eratin

469 942 610 1004 Deo,
644 942 762 1006 sed,
800 951 848 995 et
899 938 1122 994 Verbum
1155 950 1266 994 erat
1293 940 1435 1008 apud
1466 938 1654 1003 Deum,
1686 940 1759 994 ita
1791 941 1990 995 docens
2019 957 2035 993 :

474 1046 667 1101 nempe
696 1032 932 1103 genitum
954 1032 1227 1100 quemvis,
1256 1038 1311 1086 et
1338 1030 1557 1085 Patrem
1587 1045 1744 1085 suum
1771 1033 1854 1086 sui
1887 1032 2039 1100 prin—

467 1125 672 1192 cipium
705 1124 1014 1187 habentem,
1045 1138 1152 1177 non
1194 1122 1349 1191 longe
1375 1137 1406 1176 a
1430 1137 1528 1176 suo
1559 1122 1722 1177 Patre
1747 1133 2038 1186 semotum,

466 1231 581 1272 non
601 1216 902 1284 seiunctum
935 1215 1091 1285 longe
1128 1216 1197 1269 ab
1225 1215 1316 1270 illo
1351 1216 1682 1281 recessisse;
1726 1216 1819 1270 sed
1851 1218 2039 1271 adesse

474 1303 548 1358 illi
571 1313 766 1358 etcum
792 1303 886 1357 illo
918 1318 1062 1358 esse.
1104 1303 1256 1369 Quod
1296 1312 1352 1358 et
1385 1305 1563 1373 ipsum
1599 1306 1783 1360 docuit
1817 1307 1868 1359 in
1906 1304 2040 1360 Pro-

470 1396 696 1462 verbiis,
741 1395 857 1460 ubi,
905 1404 963 1450 ut
1008 1395 1157 1463 prius
1192 1394 1484 1465 allegatum
1530 1404 1636 1461 est,
1677 1398 1860 1450 dixit:
1904 1397 2039 1451 Ante

465 1504 649 1543 omnes
686 1486 843 1541 colles
885 1487 1048 1557 gignit
1095 1502 1176 1540 me
1224 1487 1291 1539 ’⁸.
1337 1487 1434 1542 Cui
1476 1489 1554 1542 sic
1583 1489 1851 1556 adjuuxit,
1906 1488 2038 1543 Cum

468 1582 733 1637 hominem
757 1588 1259 1649 appararet,prazslo
1287 1579 1367 1633 illi
1393 1580 1608 1633 aderam
1633 1580 1700 1635 ⁵⁸.
1743 1582 1924 1651 Atque
1963 1583 2035 1635 ita

471 1674 688 1743 quidem
742 1670 991 1736 Verbum,
1046 1670 1149 1725 hoc
1186 1680 1276 1726 est
1314 1673 1620 1741 unigenitus
1678 1672 1869 1738 Filius,
1922 1682 2039 1727 erat

481 1766 622 1835 apud
653 1777 809 1817 suum
846 1760 1059 1817 Patrem
1102 1762 1289 1827 Deum,
1326 1778 1586 1831 praesens,
1627 1773 1828 1825 astans,
1894 1765 2036 1817 assi-

475 1866 627 1911 stens
658 1869 874 1923 semper
910 1864 965 1907 et
998 1856 1218 1923 ubique,
1243 1855 1384 1923 quod
1418 1853 1632 1923 quidem
1662 1855 1920 1919 insinuat,
1954 1855 2034 1910 ita

470 1948 742 2018 inquiens,
790 1947 858 2001 Et
896 1943 1122 2001 Verbum
1148 1958 1260 2000 erat
1292 1946 1433 2014 apud
1464 1944 1653 2002 Deum.
1694 1946 2038 2018 Quandoqui-

473 2040 594 2093 dem
619 2052 751 2093 vero
780 2046 1104 2107 congruerat
1141 2036 1462 2107 intelligere,
1506 2037 1722 2106 qualem
1776 2050 1904 2093 tunc
1941 2038 2038 2094 ob-

475 2129 679 2182 tinehat
727 2126 1069 2196 dignitatem,
1125 2127 1431 2182 necessario
1480 2128 1725 2197 adjunxit
1766 2128 1918 2194 illud,
1964 2128 2038 2183 Et

472 2219 612 2273 Deus
649 2226 761 2272 erat
804 2215 1051 2271 Verbum.
1105 2216 1206 2283 Qui
1256 2218 1403 2272 enim
1449 2218 1609 2271 aliter
1638 2217 1754 2271 ﬁeri
1802 2229 2037 2287 poterat,

471 2312 599 2379 quin
629 2318 773 2365 esset
801 2310 892 2364 ille
921 2310 1082 2373 Deus,
1115 2311 1204 2378 qui
1243 2324 1311 2364 ex
1351 2325 1460 2365 uno
1495 2310 1610 2365 solo
1646 2311 1887 2380 ingenito
1929 2313 2038 2367 Deo

470 2400 854 2472 genituserat?
881 2400 1015 2455 Nam
1052 2399 1096 2454 si
1132 2418 1152 2451 ι
1175 2400 1317 2469 quod
1341 2400 1408 2456 de
1428 2415 1592 2456 carne
1620 2401 1880 2469 nascitur,
1910 2417 2039 2457 caro

469 2500 557 2548 est
589 2510 609 2543 ι
663 2501 718 2546 et
764 2491 906 2560 quod
961 2491 1203 2545 nascitur
1252 2491 1318 2545 de
1374 2490 1589 2561 spiritu,
1653 2490 1878 2560 spiritus
1933 2500 2036 2555 est,

466 2582 921 2656 quemadmodum
971 2583 1215 2637 doctrina
1258 2581 1562 2638 Servatoris
1612 2582 1776 2637 habet
1805 2585 1844 2646 ί,
1891 2595 2038 2639 certe

467 2690 809 2746 consequens
829 2684 933 2739 est,
966 2682 1026 2729 ut
1049 2676 1193 2744 quod
1230 2673 1299 2729 de
1330 2673 1440 2730 Deo
1470 2675 1726 2745 gignitur,
1775 2675 1916 2730 Deus
1942 2676 2033 2730 sit.

468 2769 736 2838 Quocirca
775 2785 797 2819 ι
824 2776 880 2823 et
906 2766 1143 2822 Verbum
1182 2776 1302 2821 erat
1332 2767 1475 2822 Deus
1505 2784 1520 2820 :
1557 2785 1578 2820 ι
1617 2767 1761 2822 Deus
1787 2765 1958 2822 factor
1985 2776 2039 2823 et

470 2860 718 2915 conditor
745 2859 1010 2913 omnimn.
1032 2856 1186 2924 Quod
1219 2858 1512 2912 intimabat
1544 2857 1661 2927 ipse
1698 2858 2037 2927 Evangelista

467 2953 721 3024 inquiens
768 2952 823 3006 in
872 2951 1228 3020 sequentibus
1275 2950 1481 3014 statim,
1515 2948 1707 3005 Omnia
1757 2966 1848 3017 per
1885 2951 2036 3004 illum

2137 480 2392 551 γεννηθὲν
2425 481 2597 552 ἀρχὴν
2635 480 2750 551 ἔχει
2792 480 2882 533 τδν
2923 478 3308 549 γεγεννηκότα.
3356 478 3430 531 Οὐ
3478 477 3589 549 μὴν
3642 478 3719 531 ἔθ’

2137 571 2336 641 ὁμοίως
2372 571 2618 641 ἐπήγαγε
2653 570 2735 634 τὸ,
2756 569 2871 624 Καὶ
2914 573 2948 624 ό
2998 570 3187 638 Λόγος
3227 566 3307 640 ἦν
3349 569 3420 622 ἐν
3464 568 3547 636 τῷ
3576 568 3719 634 Θεῷ,

2136 659 2294 725 ἀλλὰ,
2324 662 2473 730 πρὸς
2517 661 2627 715 τὸν
2673 663 2822 715 Θεὸν
2847 658 2928 732 ἦν
2978 664 3011 715 ό
3062 662 3282 731 Λόγος,
3315 659 3581 714 διδάσκων
3632 660 3721 712 τὸν

2137 752 2461 824 γεννηθέντα
2504 754 2600 807 καὶ
2637 753 2811 824 ἀρχὴν
2850 754 2945 806 τὸν
2980 754 3199 825 Πατέρα
3250 753 3594 824 κτησάμενον
3647 751 3720 822 μὴ

2140 845 2355 916 μακράν
2395 861 2496 898 που
2533 844 2672 900 εἶναι
2700 863 2792 898 του
2836 845 3079 917 Πατρὸς,
3135 844 3268 916 μηδὲ
3311 843 3720 915 ἀπεσχοινίσθαι

2137 938 2231 991 καὶ
2251 937 2438 1009 πόρρω
2460 954 2561 991 που
2588 939 2885 1007 ἀφεστάναι
2905 937 3092 1001 αὑτοῦ,
3112 935 3248 990 ἀλλὰ
3264 939 3517 1008 παρεῖναι
3548 935 3721 1006 αὐτῷ,

2138 1031 2233 1082 καὶ
2285 1031 2381 1084 σὺν
2433 1030 2583 1103 αὐτῷ
2618 1028 2777 1084 εἶναι’
2820 1034 2885 1084 Ὃ
2913 1030 2979 1101 δὴ
3012 1032 3108 1085 καὶ
3143 1032 3200 1083 ἐν
3248 1026 3579 1101 Παροιμίαις
3618 1029 3725 1082 ἐδί-

2135 1119 2302 1174 δασκε
2347 1119 2609 1192 πρότερον
2661 1122 2841 1193 φήσας
2864 1104 2901 1187 ,”
2927 1121 3046 1190 Πρὸ
3090 1120 3159 1174 δὲ
3194 1120 3436 1174 πάντων
3474 1117 3726 1185 βουνῶν

2137 1206 2321 1280 γεννᾷ
2360 1212 2472 1280 ps},
2515 1210 2702 1265 ἔπειτα
2740 1211 3028 1283 προσθεὶς,
3092 1211 3291 1266 Ἠνίκα
3315 1211 3588 1279 ἡτοίμαζε
3616 1209 3727 1264 τὸν

2134 1300 2249 1373 (48)
2262 1302 2541 1370 οὐρανὸν,
2556 1302 2840 1371 συμπαρή
2840 1319 2965 1372 μην
2981 1301 3160 1367 αὐτῷ.
3180 1302 3365 1366 Οῦτως
3379 1297 3473 1356 οῦν
3484 1304 3514 1355 ὁ
3530 1304 3723 1372 Λόγος,

2135 1392 2294 1465 δῆλον
2315 1393 2397 1445 ὃτι
2427 1393 2457 1445 ὁ
2490 1392 2781 1463 μονογενὴς
2812 1392 2959 1457 Υἱὸς,
2991 1387 3060 1462 ἦν
3094 1392 3230 1464 πρὸς
3257 1392 3349 1445 τὸν
3377 1392 3575 1446 ἐαυτοῦ
3609 1394 3727 1447 Πα-

2137 1485 2270 1553 τέρα
2299 1484 2390 1539 τὸν
2420 1485 2574 1548 Θεὸν,
2620 1483 2793 1538 συνὼν
2837 1485 2931 1538 καὶ
2977 1483 3281 1555 συμπαρὼν
3327 1484 3477 1555 αύτῷ
3508 1486 3596 1537 ἀεὶ
3631 1487 3728 1538 καὶ

2140 1576 2369 1630 πάντοτε
2392 1592 2406 1606 ο
2436 1576 2465 1629 ὃ
2491 1576 2557 1646 δὴ
2584 1577 2679 1630 καὶ
2712 1576 2953 1648 παρίστη
2980 1576 3152 1644 λέγων
3179 1592 3193 1606 ι
3232 1576 3342 1629 Καὶ
3365 1580 3397 1630 ό
3427 1576 3622 1646 Λόγος
3648 1573 3729 1647 ἦν

2138 1671 2291 1739 πρὸς
2319 1670 2425 1724 τὸν
2463 1671 2629 1724 Θεόν.
2675 1671 2830 1724 Ἐπεὶ
2871 1671 2928 1725 δέ
2971 1671 3137 1741 ἐχρῆν
3187 1671 3336 1741 ἡμᾶς
3381 1670 3585 1737 γνῶναι
3632 1671 3730 1724 καὶ

2138 1759 2322 1814 ὁποίου
2368 1760 2611 1832 ὑπῆρχεν
2652 1758 2960 1831 ἀξιώματος
2982 1799 2999 1825 ,
3050 1760 3361 1828 ἀναγκαίως
3405 1759 3613 1829 συνῆψε
3641 1760 3724 1824 τὸ,

2140 1851 2252 1906 Kal
2295 1852 2439 1918 Θεὸς
2464 1849 2543 1924 ἦν
2583 1855 2615 1906 d
2642 1853 2851 1923 Λόγος.
2893 1851 3019 1915 Πῶς
3066 1852 3175 1922 γὰρ
3219 1851 3319 1904 οὐκ
3359 1849 3551 1920 ἔμελλε
3589 1851 3727 1916 Θεὸς

2141 1937 2301 2008 εἶναι,
2330 1946 2360 1998 ὁ
2389 1945 2455 1997 ἐκ
2488 1943 2583 1997 τοῦ
2614 1944 2730 2009 ἐνὸς
2761 1944 2855 2001 καὶ¹
2901 1944 3063 2014 μόνου
3106 1945 3401 2013 ἀγεννήτου
3427 1940 3564 1996 Θεοῦ
3594 1958 3725 2009 γεν-

2139 2035 2372 2108 νηθείς;
2438 2037 2501 2090 El
2562 2035 2672 2107 γὰρ
2733 2056 2753 2088 ι
2811 2037 2873 2091 τὸ
2941 2034 3333 2105 γεγεννημένον
3396 2036 3461 2087 ἐκ
3490 2034 3727 2101 ’σαρκὸς

2140 2127 2276 2201 σάρξ
2308 2132 2443 2190 ἐστι.
2478 2130 2574 2183 καὶ
2621 2129 2683 2183 τὸ
2727 2128 3123 2200 γεγεννημένον
3158 2130 3225 2182 ἐκ
3269 2127 3363 2181 τοῦ
3412 2127 3725 2198 πνεύματος

2139 2220 2355 2291 πνεῦμά
2374 2220 2511 2283 ἐστι,
2552 2239 2570 2271 ι
2599 2220 2741 2274 κατὰ
2771 2220 2871 2290 τὴν
2901 2221 3167 2290 σωτήριον
3195 2217 3561 2279 διδασκαλίαν,
3586 2218 3725 2271 ἀκο-

2149 2311 2355 2377 λούθως
2379 2312 2471 2365 καὶ
2498 2311 2560 2365 τὸ
2586 2312 2981 2382 γεγεννημένον
3006 2312 3070 2364 ἐκ
3090 2309 3183 2363 τοῦ
3208 2308 3341 2362 Θεοῦ
3363 2307 3497 2372 Θεδς
3521 2308 3586 2362 ἂν
3612 2309 3722 2381 εἴη.

2139 2404 2231 2459 Διὸ
2272 2423 2290 2454 ι
2326 2403 2420 2458 καὶ
2456 2403 2586 2467 Θεὸς
2613 2400 2681 2475 ἧν
2713 2406 2742 2457 ὁ
2763 2404 2955 2473 Λόγοςσ
2986 2421 3008 2456 ι
3040 2403 3135 2457 καὶ
3160 2401 3293 2465 Θεὸς
3317 2402 3599 2472 ποιητικὸς
3631 2404 3728 2454 καὶ

2139 2495 2533 2567 δημιουργικὸς
2565 2495 2802 2548 πάντων·
2833 2496 2899 2548 Ὃ
2922 2493 2988 2566 δὴ
3009 2494 3105 2547 καὶ
3138 2493 3248 2564 (49)
3289 2492 3423 2544 αύτδ
3448 2491 3729 2566 παρέστη-

2140 2604 2233 2641 σεν
2277 2589 2305 2640 ὁ
2342 2585 2733 2657 εύαγγελιστὴς
2780 2584 2909 2655 ἐξῆς
2940 2585 3000 2638 τὸ
3031 2583 3225 2638 πάντα
3271 2583 3346 2636 δι’
3376 2583 3565 2637 αὐτοῦ
3599 2583 3729 2653 ἐτέ-

2137 2694 2274 2732 νετο
2305 2676 2664 2745 ἐπισυνάψας.
2704 2676 2765 2730 Ὀ
2804 2675 2902 2746 μὲν
2940 2670 3032 2729 οὖν
3060 2674 3407 2743 παιδαγωγὸς
3440 2674 3610 2744 νόμος
3639 2673 3728 2727 διὰ

2138 2767 2413 2831 Μωῦσέως
2437 2769 2495 2820 ἐν
2523 2769 2591 2838 τῇ
2631 2765 2978 2837 Κοσμοποιϊα
3024 2764 3115 2818 τὸν
3153 2764 3290 2817 Θεὸν
3348 2763 3582 2834 ποιητὴν
3632 2762 3727 2815 τοῦ

2140 2860 2340 2924 παντὸς
2368 2859 2623 2928 εἰσάγων,
2656 2858 2898 2929 στοιχεῖά
2932 2875 2993 2911 τε
3031 2858 3126 2911 καὶ
3174 2856 3487 2925 εἰσαγωγὰς
3538 2856 3728 2909 θεοσε-

2141 2950 2292 3014 6είας
2320 2950 2645 3023 παραδιδοὺς
2675 2949 2918 3005 ἐδίδασκε
2950 2948 3123 3018 λέγων
3146 2964 3163 2982 ο
3210 2949 3313 3003 Ἐν
3334 2946 3498 3018 ἀρχῇ
3522 2947 3731 3012 ἐποίη-

470 3046 616 3115 facta
646 3053 787 3099 sunt.
812 3042 926 3097 Lex
952 3055 1081 3111 ergo
1115 3041 1205 3095 illa
1233 3040 1450 3114 Moysis,
1485 3040 1757 3110 paedagogi
1778 3042 1844 3095 ad
1872 3040 2036 3095 instar

2140 3057 2253 3097 σεν
2279 3044 2311 3096 ό
2340 3040 2485 3108 Θεὸς
2522 3040 2629 3094 τὸν
2654 3040 2916 3109 οὐρανὸν
2940 3040 3037 3094 καὶ
3070 3038 3185 3109 τὴν
3210 3039 3351 3110 γῆν,
3380 3040 3477 3093 καὶ
3508 3039 3580 3093 τὰ
3607 3039 3730 3092 τού-

467 3146 591 3201 οιιεο
614 3132 736 3197 fuit,
769 3131 822 3184 in
846 3128 1182 3195 Cosmupasia
1222 3129 1388 3183 Deum
1426 3128 1667 3183 omnium
1706 3129 2037 3185 conditorem

470 3225 755 3288 inducens,
786 3222 1053 3277 elementa
1092 3221 1249 3276 nobis
1290 3221 1535 3288 quaedam
1583 3218 1771 3276 divini'
1790 3222 1965 3276 cultus
1987 3230 2042 3275 et

470 3314 843 3369 institutiones
874 3311 1113 3375 tradens,
1149 3310 1250 3374 ait,
1280 3308 1352 3363 In
1381 3308 1639 3377 principio
1672 3309 1865 3363 creavit
1900 3307 2039 3363 Deus

471 3404 656 3459 calum
694 3411 742 3456 et
775 3413 971 3456 terram
997 3403 1042 3464 ⁸,
1075 3409 1183 3454 etc.
1220 3398 1426 3465 Quibus
1458 3398 1710 3467 populum
1735 3397 2038 3454 Judanorum

467 3494 687 3549 erudire
706 3493 754 3547 is
783 3492 1013 3557 volebat,
1039 3498 1099 3544 ut
1127 3489 1385 3543 mundum
1423 3503 1545 3543 esse
1588 3489 1863 3544 conditum
1896 3487 2041 3542 arbi-

473 3594 765 3647 trarentur,
794 3597 863 3637 ne
888 3588 1190 3637 creaturam
1240 3578 1399 3633 aliter
1442 3593 1540 3648 pro
1592 3589 1838 3634 creatore
1896 3576 2041 3632 cole-

475 3687 616 3733 rent.
647 3672 927 3742 Quomodo
956 3686 1087 3727 vero
1114 3672 1278 3735 Deus,
1304 3678 1360 3722 et
1395 3684 1493 3739 per
1519 3684 1680 3739 quem
1717 3670 1821 3723 ista
1856 3668 2041 3723 condi-

471 3769 554 3823 dit
574 3771 844 3832 universa,
863 3766 1099 3821 nondum
1127 3765 1340 3835 Moyses
1363 3765 1608 3818 alumnos
1634 3776 1760 3817 suos
1782 3761 2039 3817 informa-

472 3861 581 3914 hat.
614 3859 801 3914 Gratia
846 3871 978 3912 vero
1028 3866 1085 3911 et
1119 3858 1324 3910 veritas
1374 3870 1472 3925 per
1522 3851 1708 3909 Iesum
1739 3854 2037 3916 Christum,

470 3952 792 4024 mysterium
822 3949 951 4004 illud
983 3949 1333 4013 annuntians,
1382 3950 1526 4016 quod
1565 3946 1656 4003 ille
1699 3945 1913 4002 silentio
1942 3945 2038 4001 ob-

471 4043 735 4107 volverat,
784 4040 996 4095 initium
1048 4039 1360 4110 auspicatus
1412 4039 1669 4093 Ecclesiae
1714 4038 1829 4106 Dei,
1883 4052 2037 4092 nova:

472 4132 748 4202 cujusdam
773 4139 935 4202 atque
966 4132 1215 4201 mystica
1237 4130 1499 4185 doctrina:
1528 4147 1544 4183 :
1568 4129 1717 4183 unde
1745 4131 1886 4197 apud
1912 4145 2034 4183 om-

469 4238 589 4288 nes,
608 4233 669 4278 ut
681 4224 920 4278 exaudiri
941 4222 1129 4292 possit,
1147 4222 1391 4276 enuntiat
1408 4220 1558 4287 illud,
1578 4219 1641 4273 In
1655 4220 1907 4289 principio
1923 4230 2035 4273 erat

483 4311 728 4380 Verbum,
744 4322 795 4368 et
818 4308 1046 4365 Verbum
1062 4321 1174 4365 erat
1188 4312 1326 4379 apud
1350 4310 1535 4374 Deum,
1553 4309 1755 4380 et;Deue
1777 4320 1888 4364 erat
1906 4310 2035 4363 illud

2138 3150 2250 3197 τοις
2280 3132 2431 3203 ἐξῆς.
2497 3131 2578 3185 Δι’
2620 3125 2699 3186 ὦν
2739 3132 2831 3185 τὸν
2874 3131 3142 3185 Ἰουδαίων
3189 3130 3559 3201 παιδαγωγῶν
3603 3131 3730 3184 λαὸν

2136 3224 2390 3295 γεννητὸν
2422 3219 2560 3278 εῖναι
2601 3222 2691 3276 τὸν
2720 3225 2925 3295 κόσμον
2952 3222 3204 3295 ἡγεῖσθαι
3245 3223 3500 3293 παρῄνει,
3535 3241 3555 3274 ε
3592 3223 3730 3294 πρὸς

2135 3317 2197 3371 τὸ
2230 3318 2303 3388 μὴ
2334 3317 2433 3388 τὴν
2462 3315 2638 3369 κτίσιν
2663 3316 2812 3389 παρὰ
2834 3316 2926 3371 τὸν
2953 3316 3212 3369 κτίσαντα
3244 3315 3442 3369 σέὁειν.
3472 3334 3493 3367 ι
3534 3317 3729 3378 Ὅπως

2135 3407 2193 3461 δέ
2224 3411 2253 3461 ό
2281 3408 2412 3469 Θεὸς
2433 3447 2449 3472 ,
2480 3407 2574 3460 καὶ
2603 3407 2689 3461 διὰ
2714 3408 2859 3471 τίνος
2904 3406 2973 3459 τὰ
3017 3405 3307 3477 σύμπαντα
3338 3405 3726 3478 ἐδημιούργει,

2135 3497 2235 3552 οὐκ
2262 3497 2343 3551 ἔτι
2371 3498 2611 3569 Μωῦσῆς
2639 3501 2750 3562 τοῖς
2786 3498 2877 3550 ὑπ’
2910 3497 3072 3550 αὐτὸν
3102 3497 3407 3569 παρεδίδοψ
3440 3517 3461 3548 ε
3481 3501 3516 3568 η
3549 3498 3608 3551 δὲ
3634 3499 3732 3569 χά-

2141 3604 2225 3659 ρις
2247 3588 2340 3641 καὶ
2367 3588 2401 3658 ἡ
2429 3588 2656 3659 ἀλήθεια
2684 3588 2772 3642 διὰ
2810 3588 2984 3659 Ἰησοῦ
3013 3587 3251 3661 Χριστοῦ
3285 3607 3305 3639 ι
3331 3588 3391 3641 τὺ
3423 3590 3730 3659 σεσιγημὲ-

2138 3695 2227 3732 νον
2247 3679 2352 3732 ὑπὸ
2366 3678 2643 3742 Μωῦσέως
2675 3679 2969 3749 μυστήριον
2996 3678 3452 3750 εὐαγγελιζομὲνη
3483 3678 3733 3732 καινοτέ-

2140 3787 2237 3843 ρας
2397 3771 2491 3823 καὶ
2512 3771 2778 3842 μυστικῆς
2802 3772 2867 3841 τῇ
2898 3770 3194 3842 Ἐκκλησία
3207 3770 3301 3823 τοῦ
3322 3770 3458 3822 Θεοῦ
3485 3771 3731 3843 κατῆρξε

2137 3861 2513 3925 διδασκαλίας,
2566 3861 2823 3933 ἄντικρυς
2866 3863 2977 3923 τοῖς
3032 3862 3198 3914 πᾶσιν
3251 3863 3333 3924 είς
3398 3861 3729 3927 ἐξάκουστον

2140 3951 2318 4023 βοῶσα
2350 3952 2431 4016 τὸ,
2473 3953 2576 4006 Ἐν
2621 3950 2777 4021 ἀρχῇ
2814 3946 2894 4022 ἦν
2928 3954 2959 4005 d
2992 3954 3204 4021 Λόγος,
3244 3952 3342 4006 καί
3367 3954 3403 4005 ό
3433 3953 3636 4022 Λόγος
3654 3947 3730 4021 ἦν

2136 4043 2284 4113 πρὸς
2302 4044 2408 4098 τὸν
2429 4044 2595 4108 Θεὸν,
2614 4044 2710 4097 καὶ
2742 4043 2884 4110 Θεὸς
2907 4040 2986 4112 ἦν
3006 4047 3039 4098 ό
3060 4045 3271 4113 Λόγος·
3302 4045 3397 4097 καὶ
3419 4044 3506 4106 τὸ,
3524 4044 3728 4098 Πάντα

2135 4132 2209 4187 δι’
2242 4132 2427 4187 αὑτοῦ
2458 4130 2714 4203 ἐγένετο,
2744 4132 2843 4186 καὶ
2874 4133 3057 4202 χωρὶς
3078 4134 3266 4187 αὐτοῦ
3298 4132 3544 4205 ἐγένετο
3586 4134 3729 4188 οὐδέ

2135 4224 2235 4278 ἕν’
2286 4225 2380 4277 καὶ
2433 4223 2515 4277 ἔτι
2563 4224 2771 4289 τούτοις
2818 4224 3123 4295 προσθεῖσα.
3158 4225 3241 4291 τὸ,
3275 4226 3335 4277 Ὃ
3366 4224 3623 4295 γέγονεν
3663 4227 3728 4279 ἐν

2136 4312 2296 4379 αὐτῷ
2335 4312 2448 4382 ζωὴ
2488 4310 2568 4385 ἦν
2594 4314 2693 4368 καὶ
2732 4316 2771 4383 ἡ
2822 4313 2933 4383 ζωὴ
2976 4314 3056 4385 ἦν
3094 4314 3159 4369 τὸ
3204 4315 3330 4385 φῶς
3355 4314 3478 4368 τῶν
3505 4317 3724 4385 ἀνθρὼ-

480 4402 726 4457 Verbum.
759 4399 826 4455 Et
858 4403 1032 4455 omnia
1072 4417 1165 4472 per
1191 4401 1341 4455 illum
1374 4400 1515 4470 {arta
1541 4411 1685 4463 sunt,
1723 4411 1770 4455 et
1802 4402 1914 4456 sine
1944 4400 2036 4455 illo

2140 4417 2286 4469 πων,
2333 4403 2435 4457 καὶ
2477 4403 2546 4457 τὸ
2596 4402 2722 4474 φῶς
2766 4403 2837 4457 ἐν
2883 4401 2957 4472 τῇ
3013 4406 3227 4471 σκοτίᾳ
3272 4406 3495 4474 φαίνει,
3533 4388 3723 4459 nisi

470 4497 669 4564 factum
716 4505 792 4548 eu
841 4494 973 4548 nihil
1014 4494 1053 4548 ⁸.
1100 4495 1182 4549 Ad
1223 4509 1343 4562 quae
1381 4494 1651 4549 accedunt
1696 4492 1782 4546 illa
1828 4510 1843 4546 :
1879 4491 2033 4557 Quod

468 4589 672 4656 factum
698 4595 794 4649 est,
826 4588 881 4639 in
906 4586 998 4639 illo
1034 4587 1136 4640 vita
1177 4585 1303 4654 fuit,
1338 4590 1398 4648 ᾖ
1434 4595 1482 4638 et
1514 4586 1620 4639 vita
1656 4594 1771 4637 erat
1813 4584 1906 4636 (na:
1933 4585 2030 4636 Ιιο-

472 4677 690 4743 minum,
717 4690 766 4731 et
797 4676 970 4730 lumen
1003 4678 1057 4730 in
1091 4677 1315 4730 tenebris
1360 4675 1644 4746 aﬂ'ulqebat
1695 4674 1716 4706 ⁸
1766 4690 1781 4727 :
1821 4684 1875 4728 et
1916 4690 2034 4740 quae

472 4779 803 4836 sequuntur;
833 4769 1026 4837 quibus
1061 4766 1254 4821 Filium
1287 4766 1400 4830 Dei,
1438 4777 1487 4820 et
1516 4765 1713 4822 divinze
1738 4763 1875 4819 lucis
1895 4779 2034 4832 prae-

473 4861 786 4930 rogativam,
820 4870 875 4914 et
905 4860 1026 4913 vita:
1048 4860 1101 4912 in
1137 4861 1229 4913 illo
1263 4858 1628 4927 prmstantiam
1653 4858 1805 4911 docet
1837 4874 1851 4919 ;
1901 4871 2035 4925 qua-

472 4951 595 5006 liter
613 4952 777 5005 etiam
815 4966 935 5019 qua.
987 4966 1082 5020 per
1107 4950 1346 5023 Moysem
1381 4951 1525 5004 dicta
1576 4958 1704 5002 sunt
1747 4947 1946 5009 omnia,
1984 4956 2038 5001 et

467 5056 589 5110 qua
611 5043 698 5097 illa
722 5044 887 5099 etiam
931 5055 1210 5113 superant,
1255 5042 1702 5111 suntlproducta.
1732 5040 1863 5094 Cum
1900 5042 2031 5094 isto-

468 5150 587 5188 rum
650 5136 780 5190 nihil
830 5136 1149 5205 intelligeret
1206 5133 1532 5197 Marcellus,
1609 5133 1878 5187 interdum
1937 5133 2030 5186 de-

538 5281 601 5341 ᾖ(
641 5275 737 5330 Ed.
779 5274 975 5340 Paris.,
1007 5289 1125 5345 pag.
1157 5272 1277 5337 123,
1298 5272 1420 5327 124.

533 5370 582 5403 ’⁸
606 5370 762 5425 Prov.
801 5386 917 5435 VIII,
951 5369 1043 5425 25.
1118 5368 1164 5401 ”
1200 5369 1328 5423 ibid.
1360 5369 1450 5421 27.
1528 5369 1544 5399 ¹
1580 5366 1734 5422 Joan.
1764 5383 1850 5433 ιιι,
1887 5365 1939 5420 6.
2017 5367 2036 5396 ’

2140 5381 2182 5419 ι.
2216 5380 2253 5427 ι,
2289 5368 2340 5417 1.
2418 5362 2621 5420 'Joan.
2671 5381 2712 5430 ι,
2746 5367 2795 5429 i,
2824 5365 2878 5419 3.

559 5489 648 5558 4⁸7)
678 5489 847 5558 Vulgo
885 5490 1033 5541 deest
1064 5488 1179 5543 τοῦ.

559 5490 624 5543 4⁸7
678 5489 847 5558 Vulgo
885 5490 1033 5541 deest
1064 5489 1179 5543 τοῦ.

533 5489 1165 5680 ζεξζὸνδὲιεέῗνθρωτων,
1192 5569 1247 5613 et
1267 5574 1410 5625 mox,
1434 5553 1759 5625 obtmb‘obv,
1793 5565 1851 5611 et
1881 5569 2025 5621 mox,

466 5645 532 5682 νιι

559 5645 624 5699 gn
652 5630 761 5699 ὃνδέ
795 5630 904 5681 καί.

538 5698 647 5767 (t9)
680 5698 840 5769 Vulgo
863 5698 1021 5762 αὐτὸς
1051 5699 1394 5771 παρίστησιν.

2138 4493 2349 4558 τούτοις
2390 4493 2660 4548 ἀκόλουθα
2682 4533 2698 4559 ,
2732 4495 2798 4548 δι’
2844 4487 2918 4547 ὧν
2945 4494 3038 4548 τὸν
3071 4495 3199 4547 Υἱὸν
3240 4492 3335 4547 τοῦ
3367 4494 3508 4548 Θεοῦ
3538 4496 3635 4549 καὶ
3660 4496 3722 4547 τὰ

2139 4583 2391 4658 ἐξαίρετα
2436 4586 2530 4639 τοῦ
2583 4585 2727 4639 θείου
2772 4587 2947 4655 φωτὸς
2994 4586 3089 4642 καὶ
3119 4586 3222 4657 τῆς
3260 4589 3319 4639 ἐν
3362 4587 3515 4658 αὐτῷ
3557 4587 3719 4656 ζωῆς,

2137 4675 2284 4739 ὅπως
2310 4693 2367 4728 τε
2398 4676 2465 4728 δι’
2493 4675 2657 4729 αὑτοῦ
2695 4676 2765 4730 τὰ
2797 4677 2901 4730 ὑπὸ
2941 4679 3218 4740 Μωῦσέως
3245 4677 3514 4751 εἰρημένα
3547 4679 3720 4733 πάντα

2136 4767 2230 4819 καὶ
2254 4766 2323 4819 τὰ
2346 4766 2425 4820 ἔτι
2451 4767 2654 4821 τούτων
2687 4769 2963 4831 ἐπέκεινα,
2991 4770 3219 4841 συνέστη
3251 4770 3518 4824 παιδεύει.
3564 4772 3718 4825 Ἀλλὰ

2136 4859 2337 4912 τούτων
2369 4859 2520 4913 οὐδὲν
2550 4861 2867 4932 Μάρκελλος
2898 4862 3073 4927 εἰδὼς,
3098 4864 3228 4917 ποτέ
3256 4864 3354 4934 μὲν
3391 4864 3714 4929 Ἰουδαῖζων.

2141 4951 2271 5003 ποτὲ
2316 4951 2372 5003 δὲ
2400 4952 2733 5017 Σαϐελλίζων
2769 4954 3047 5008 ἁλίσκεται
3067 4973 3080 4985 ·
3136 4955 3278 5008 κατᾶ
3314 4956 3411 5025 μὲν
3461 4957 3560 5008 τὸν
3596 4958 3716 5009 Ἰου-

2136 5042 2283 5095 δαῖον
2318 5043 2422 5114 πρὸ
2470 5044 2571 5114 τῆς
2618 5044 2715 5098 τοῦ
2759 5045 2963 5116 κόσμου
3011 5046 3320 5108 συστάσεως
3366 5046 3539 5117 μηδὲν
3586 5043 3714 5099 εἶναι

2135 5135 2358 5203 φάσκων
2390 5135 2528 5207 πλὴν
2572 5135 2665 5190 τοῦ
2698 5136 2833 5191 Θεοῦ
2866 5136 3027 5208 μόνου
3056 5136 3188 5207 (δι),
3226 5137 3331 5208 πρὸ
3358 5138 3461 5203 τῆς
3485 5138 3583 5191 τοῦ
3631 5139 3716 5190 κό-

2953 5368 2976 5396 ⁵
3006 5364 3138 5421 ibid.
3176 5363 3232 5431 4,
3274 5365 3329 5419 5.

2204 5480 2316 5556 (⁵ο)
2345 5485 2453 5556 Κειὶ
2475 5484 2892 5556 μυστικοτέρας,
2920 5484 3059 5552 lege,
3084 5485 3205 5556 1(a).
3246 5483 3341 5536 τὸν
3364 5483 3496 5535 Υίὸν
3525 5482 3710 5552 ὁμολο-

2132 5553 2377 5626 ﬁxing;
2390 5552 2551 5622 Lege,
2574 5552 3027 5626 ὁμολογούμενος.
3084 5552 3156 5607 Μ.

2172 5622 2314 5708 ,(51)
2340 5622 2508 5694 Vulgo
2527 5622 2625 5689 τεά
2660 5622 3135 5690 Ἐκκλζιίοεειπιι
3159 5637 3304 5679 corr.
3342 5643 3362 5675 ι
3404 5623 3562 5678 deest
3614 5637 3707 5674 ικ-

2137 5711 2381 5764 κλησιας.
2421 5714 2439 5745 ι
