3838 6222
148 326 256 384 955

1115 317 1200 373 DE
1238 315 1772 375 ECCLESIASTICA
1812 313 2203 373 THEOLOGIA
2245 316 2373 372 LIB.
2414 313 2473 370 II.

3300 317 3407 374 9M

150 459 295 514 σμου
318 443 415 513 τῆς
430 440 753 513 Ἐκκλησίας
779 440 1091 504 συστάσεως
1115 440 1207 493 τὸν
1226 438 1444 510 Πατέρα
1471 435 1608 491 εἶναι
1640 439 1733 492 καὶ

1840 439 2186 504 prehenditur
2234 436 2558 506 judaizare,
2615 435 2884 489 interdum
2939 434 3277 506 transfugere
3337 439 3407 492 ad

149 533 246 587 τὸν
280 531 409 586 Υίδν
450 532 817 604 ὁμολογούσης
839 549 853 562 ·
889 530 1029 585 κατὰ
1074 530 1131 583 δὲ
1172 529 1265 582 τὸν
1312 527 1597 581 Σαϐέλλιον
1635 527 1733 580 ἕνα

151 625 252 678 καὶ
281 623 372 677 τὸν
389 623 552 678 αὐτὸν
581 619 719 677 εἶναι
739 622 1173 694 ἀποφαινόμενος
1194 620 1323 674 Υίὺν
1353 622 1449 674 καὶ
1478 619 1696 690 Πατέρα
1714 636 1731 651 ο

151 715 251 769 καί
285 731 412 768 me
444 714 541 786 μὲν
568 713 676 785 (52)
702 710 769 767 αὖ
794 714 886 768 τὸν
933 712 1235 767 ἐνδιάθετον
1278 712 1512 780 εἰσάγων
1538 712 1730 780 Λόγον,

150 807 288 861 ποτὲ
312 807 369 861 δὲ
400 807 747 879 προφορικὸν.
784 809 847 861 Ei
872 806 981 879 γὰρ
1014 805 1392 878 προσποιεῖται
1420 804 1622 869 ταύτας
1658 804 1733 876 μὴ

153 895 552 967 παραδέχεσθαι
598 896 696 960 τὰς
740 896 921 966 φωνὰς
955 895 1089 969 (53),
1124 896 1262 968 πλὴν
1309 897 1372 967 δὴ
1421 896 1593 965 Λόγος
1633 897 1733 968 τὴν

152 990 220 1041 ὲκ
247 987 340 1041 τοῦ
367 1004 496 1041 ποτε
520 988 617 1058 μὲν
643 987 789 1042 ἔνδον
811 989 971 1042 αὐτὸν
999 988 1177 1058 λέγειν
1207 989 1266 1041 ὲν
1288 986 1366 1058 τῷ
1386 986 1527 1057 Θεῷ,
1546 985 1732 1041 ἄλλοτε

151 1079 212 1133 δὲ
241 1079 309 1132 δι’
358 1080 636 1151 ἐνεργείας
680 1079 973 1152 δραστικῆς
1015 1079 1261 1152 προϊέναι
1305 1077 1470 1132 αὐτοῦ
1491 1120 1505 1143 ,
1533 1077 1626 1147 ἀφ’
1657 1070 1733 1131 ὧν

151 1186 214 1223 τε
261 1169 340 1240 τῷ
370 1169 691 1241 ἀνθρωπίνῳ
738 1170 1027 1235 ἀπεικάζει
1052 1171 1214 1224 αὐτὸν
1244 1169 1387 1241 λόγῳ
1408 1186 1423 1201 ·
1457 1170 1486 1223 ὅ
1526 1169 1635 1241 (54)
1668 1185 1731 1238 γε

153 1263 267 1334 μὴν
293 1263 434 1327 θεῖος
468 1265 853 1337 εὐαγγελιστὴς
899 1266 1020 1320 κατ’
1051 1265 1243 1318 οὐδένα
1269 1264 1378 1317 τῶν
1412 1262 1734 1333 ἀποδεδομέ-

151 1369 261 1404 νων
287 1352 522 1423 τρόπων,
557 1354 727 1421 Λόγον
761 1354 1105 1427 ὑπεστήσατο
1128 1356 1219 1409 τὸν
1253 1355 1390 1427 πρὸς
1417 1354 1582 1409 αὐτοῦ
1614 1353 1733 1407 θεο-

149 1443 476 1515 λογούμενον
494 1486 508 1508 ,
543 1445 657 1498 ἀλλ’
678 1440 790 1499 οἷον
816 1446 1022 1518 ἔπρεπε
1059 1446 1151 1501 τὸν
1189 1446 1448 1518 μονογενῆ
1478 1446 1605 1499 Υἱὸν
1636 1446 1731 1499 τοῦ

148 1533 289 1587 Θεοῦ
319 1537 479 1599 νοεῖν,
507 1535 678 1604 Λόγον
705 1537 804 1607 μὲν
836 1536 985 1601 ὄντα,
1012 1536 1207 1590 καθ’ὃν
1235 1537 1411 1591 πάντα
1432 1535 1575 1608 λόγῳ
1607 1554 1731 1590 συν-

142 1613 437 1695 εστήσατο,
470 1628 565 1679 καὶ
596 1626 764 1697 χωρὶς
803 1625 978 1695 Λόγου
1007 1625 1115 1689 τῶν
1146 1625 1313 1679 όντων
1343 1626 1492 1679 οὐδὲν
1517 1625 1725 1694 γέγονεν

145 1714 284 1770 Θεὸν
314 1715 370 1769 δὲ
411 1718 506 1770 καὶ
538 1719 834 1787 Μονογενῆ,
863 1716 984 1771 καθ’
1010 1716 1039 1770 ὃ
1072 1717 1230 1788 μόνος
1262 1717 1477 1788 ἀληθῶς
1499 1713 1567 1788 ἦν
1597 1718 1730 1781 Υἱὸς

1838 521 2133 576 Sabelliunt
2171 538 2185 575 :
2216 519 2593 587 uta‘judaizans
2617 530 2742 573 ante
2764 520 2950 573 mundi
2975 521 3405 590 productionem,

1834 619 2032 681 praeter
2069 610 2242 664 solum
2277 610 2444 664 Deum
2466 611 2624 664 docet
2651 608 2784 663 niltil
2814 610 3111 666 exstitisse.
3143 609 3276 666 Cum
3299 610 3407 667 Ec-

1834 705 1993 759 clesia
2024 712 2149 758 ante
2178 703 2358 757 mundi
2381 712 2650 767 exortum,
2674 710 2729 755 et
2752 701 2969 756 Patrem
3002 711 3260 772 agnoscat
3281 715 3409 760 ante

1833 797 2048 851 Filium.
2103 792 2324 850 Sabellii
2387 801 2568 865 partes
2618 807 2807 864 agens,
2862 809 3028 847 unum
3064 802 3119 849 et
3151 795 3404 850 eumdem

1833 887 2047 942 Patrem
2073 886 2316 955 designat
2341 899 2504 956 atque
2519 886 2738 941 Filium.
2765 885 3036 939 Interdum
3057 885 3408 941 introduceus

1833 972 2068 1028 Verbum
2103 975 2406 1028 immanens
2440 994 2455 1030 :
2497 975 2787 1044 aliquando
2820 974 3146 1044 prolatitium
3174 985 3232 1030 et
3260 991 3411 1031 ema-

1833 1080 1988 1120 nans.
2024 1065 2182 1119 Certe
2204 1065 2372 1119 videri
2405 1065 2516 1119 vult
2546 1066 2645 1120 has
2675 1080 2832 1121 voces
2863 1081 3134 1137 respuere.
3164 1068 3233 1120 At
3261 1070 3407 1122 enim

1832 1157 1960 1224 quid
2010 1156 2154 1211 aliud
2209 1156 2525 1224 assignavit,
2565 1173 2687 1212 cum
2725 1156 2951 1212 Verbum
2988 1158 3116 1213 illud
3176 1159 3320 1213 intus
3354 1159 3407 1213 in

1833 1248 1943 1303 Deo
1974 1264 2117 1303 nunc
2140 1247 2369 1302 afﬁrmet
2396 1266 2410 1303 :
2436 1264 2580 1304 nunc
2606 1265 2703 1320 per
2727 1252 3083 1320 operatricem
3114 1250 3409 1307 eﬂlcaciam

1831 1340 2047 1410 prodire
2094 1342 2444 1409 pronuntiet?
2500 1340 2641 1394 unde
2689 1350 2743 1395 et
2797 1356 2916 1396 cum
2971 1344 3206 1398 humano
3236 1345 3409 1398 v'erho

1832 1431 2105 1500 componit
2135 1429 2290 1484 illud.
2322 1432 2391 1484 At
2416 1430 2562 1485 enim
2584 1431 2797 1485 divinus
2817 1433 3144 1503 evangelista
3172 1432 3408 1489 Verbum

1833 1537 1863 1577 a
1893 1538 1949 1577 se
1972 1521 2277 1577 deiﬁcatum
2309 1522 2603 1577 secundum
2631 1522 2834 1577 nullum
2863 1526 3088 1578 istorum
3123 1518 3407 1581 modorum

1832 1613 2239 1682 intelligendum
2268 1615 2570 1683 proposuit.
2604 1612 2707 1668 Sed
2737 1626 2795 1669 ut
2835 1631 2932 1684 par
2956 1622 3009 1670 et
3039 1631 3249 1685 aequum
3288 1618 3409 1673 fue-

1836 1715 1919 1760 rat
1973 1706 2306 1775 unigenitum
2356 1707 2450 1760 Dei
2476 1707 2669 1761 Filium
2717 1709 3063 1777 intelligendo
3095 1712 3404 1782 concipere,

145 1807 245 1861 τοῦ
274 1807 364 1860 ἐπὶ
391 1808 604 1861 πάντων
637 1806 772 1860 Θεοῦ
798 1823 812 1837 ·
849 1806 977 1871 Υἱὸς
1007 1808 1228 1878 γνήσιος
1254 1807 1445 1872 ὅντως,
1472 1808 1568 1860 καὶ
1593 1808 1730 1877 ἀγα-

1840 1797 2063 1852 Verbum
2091 1812 2213 1852 esse
2236 1799 2437 1862 docuit,
2467 1814 2564 1868 per
2591 1800 2733 1868 quod
2754 1801 2933 1855 omnia
2961 1804 3256 1858 secundum
3282 1820 3408 1860 snas

146 1899 343 1972 πητὸς,
377 1899 455 1970 τῷ
479 1898 642 1954 αὐτοῦ
669 1900 843 1970 Πατρὶ
887 1901 1029 1954 κατά
1057 1900 1236 1954 πάντα
1262 1899 1524 1971 ἀφομοιού
1533 1917 1692 1972 μενος
1711 1914 1726 1929 ·

146 1993 243 2046 Διὸ
270 1994 362 2047 καὶ
394 1992 527 2056 Θεὸς
565 1988 635 2064 ἦν
665 1991 901 2064 ἀληθῶς,
930 1991 1052 2045 καθ’
1077 1991 1105 2045 δ
1132 1993 1194 2046 τὸ
1227 1993 1411 2065 νοερὸν
1443 1994 1538 2047 καὶ
1580 1993 1729 2062 λογι-

146 2087 247 2139 κὸν
275 2088 395 2147 ταῖς
436 2085 555 2137 κατ’
579 2084 763 2138 εἰκόνα
791 2085 890 2155 τὴν
918 2080 1080 2137 αὑτοῦ
1112 2085 1508 2154 πεποιημέναις
1532 2085 1728 2157 ψυχαῖς

147 2176 469 2246 ὲναυγάζειν
513 2177 733 2246 φέγγος.
771 2176 863 2229 Διὸ
891 2177 950 2229 ού
992 2175 1208 2230 πάντων
1250 2177 1410 2230 αὐτὸν
1444 2177 1560 2247 φῶς
1588 2174 1728 2232 εἶναί

147 2285 337 2338 φησιν,
370 2267 502 2321 άλλά
533 2268 708 2339 μόνων
733 2264 1054 2338 ἀνθρώπων.
1085 2261 1206 2321 Ἦν
1231 2266 1341 2338 γὰρ
1373 2268 1440 2321 τὸ
1468 2268 1594 2337 φῶς
1614 2308 1629 2332 ,
1659 2267 1727 2322 τὸ

143 2358 398 2429 φωτίζον
423 2358 618 2413 πάντα
646 2359 958 2428 ἄνθρωπον
981 2358 1306 2428 ἐρχόμενον
1351 2361 1438 2425 εἰς
1477 2361 1587 2413 τὸν
1628 2362 1727 2415 κδ-

146 2467 336 2520 σμον,
375 2450 669 2521 ἔφη.οῦτω
691 2450 747 2504 δὲ
779 2450 874 2504 καὶ
902 2448 1014 2522 ζωὴ
1046 2451 1291 2522 ὑπῆρχεν
1316 2450 1533 2522 ἀληθῶς
1559 2492 1574 2516 ,
1602 2451 1726 2506 καθ’

146 2540 182 2594 ὃ
223 2544 357 2595 πᾶσι
402 2545 515 2606 τοῖς
556 2541 726 2607 ζῶσι,
756 2541 819 2595 τὸ
858 2542 957 2612 τῆς
1000 2541 1058 2609 ἐξ
1106 2542 1272 2595 αὐτοῦ
1308 2544 1569 2614 χορηγίας
1589 2543 1723 2613 (55),

152 2630 384 2702 παρέχει
415 2631 564 2698 νᾶμα
596 2631 692 2684 καὶ
723 2628 844 2684 καθ’
891 2630 1128 2701 ἑκάστην
1157 2629 1213 2684 δὲ
1244 2631 1484 2685 ἐπίνοιαν
1528 2632 1637 2686 τῶν
1668 2635 1727 2686 ὲν

146 2722 307 2793 αύτῷ
344 2721 538 2779 θεῖκῶν
581 2721 860 2792 δυνάμεων
889 2720 1303 2792 παραπατικάς
1328 2721 1508 2794 εὕροις
1530 2720 1596 2776 ἂν
1628 2723 1728 2776 αύ-

152 2814 250 2870 τοῦ
296 2816 391 2868 καὶ
422 2814 639 2884 ἀληθεῖς
681 2814 1017 2886 ἐπωνυμίας.
1060 2811 1217 2867 Κατὰ
1252 2813 1429 2867 πάντα
1461 2813 1571 2886 γάρ
1598 2815 1731 2885 ἀλή-

147 2907 279 2962 θεια
317 2904 385 2979 ἦν
406 2909 434 2962 ό
458 2906 586 2971 Υίὺς
609 2905 704 2960 τοῦ
735 2906 893 2971 Θεοῦ,
927 2906 956 2959 ὃ
983 2904 1048 2977 δὴ
1092 2903 1424 2976 παρίστησιν
1452 2904 1616 2969 αὐτὸς
1638 2905 1727 2959 λέ·-

154 3016 273 3069 γων
302 3000 413 3072 (56)
435 3017 448 3031 ο
487 2999 634 3069 Ἐγώ
660 3002 778 3071 εἰμι
804 3000 841 3068 ἡ
874 2998 1144 3066 ἀλήθεια.

1834 1891 2070 1946 rationes
2097 1891 2494 1946 rationabiliter
2527 1902 2653 1947 sunt
2676 1895 2968 1948 constituta
3012 1913 3026 1947 :
3055 1896 3173 1952 sine
3200 1913 3309 1967 quo
3332 1898 3409 1951 n2-

1833 1983 1905 2036 hil
1938 1981 2141 2037 factum
2164 1992 2248 2038 est
2270 1999 2455 2038 eorum
2486 1999 2606 2053 quae
2634 1994 2779 2040 sunt.
2805 1984 2972 2040 Deum
2996 2002 3120 2042 eum
3145 1998 3325 2051 vocat,
3351 1999 3408 2044 et

1832 2074 2189 2140 unigenitum,
2236 2083 2517 2144 propterea
2549 2076 2691 2144 quod
2727 2078 2872 2132 solus
2908 2078 2996 2133 ille
3024 2094 3154 2136 vere
3185 2081 3287 2137 fuit
3315 2080 3407 2138 Fi-

1831 2166 1933 2221 lius
1954 2167 2078 2231 Dei;
2125 2166 2239 2234 Dei,
2284 2168 2482 2235 quiest
2516 2182 2681 2236 super
2700 2171 2879 2233 omnia
2915 2170 3086 2227 Filius
3114 2175 3403 2244 genuinus,

1830 2256 1976 2313 Patri
2000 2274 2098 2313 suo
2119 2258 2346 2314 dilectus
2377 2275 2393 2312 :
2419 2273 2515 2327 per
2543 2261 2722 2315 omnia
2749 2277 2847 2316 suo
2875 2263 3017 2317 Patri
3043 2265 3403 2322 assimilatus:

1833 2361 1890 2405 ut
1918 2351 2041 2405 ideo
2073 2365 2200 2404 vere
2237 2351 2377 2406 Deus
2421 2353 2712 2419 exstiterit,
2756 2367 2821 2408 eo
2854 2355 2995 2423 quod
3046 2356 3243 2412 animis
3276 2373 3306 2413 a
3346 2372 3409 2415 se

1831 2443 2030 2497 creatis
2069 2442 2135 2497 ad
2162 2443 2453 2511 imaginem
2488 2458 2640 2498 suam
2672 2444 3089 2500 intellectualem
3117 2447 3291 2504 lucem
3320 2463 3409 2504 ra-

1833 2534 2086 2590 tionalem
2123 2535 2463 2589 irradiaverit
2505 2536 2801 2606 :quocirca
2852 2547 3009 2593 vocat
3040 2538 3211 2594 lucem
3255 2540 3407 2598 illum
3458 2534 3464 2539 ’

1833 2641 1937 2680 nou
1994 2640 2173 2679 rerum
2219 2624 2481 2688 omnium,
2532 2628 2627 2681 sed
2677 2627 2953 2682 hominum
3014 2633 3406 2687 tantummodo.

1835 2714 1967 2771 Erat
1999 2717 2158 2781 enim,
2187 2715 2284 2780 ait,
2328 2716 2422 2770 tua:
2452 2716 2763 2772 illuminans
2794 2735 2996 2774 omnem
3028 2720 3287 2776 hominem
3319 2739 3409 2778 ve-

1836 2813 2056 2866 nientem
2088 2810 2144 2862 in
2169 2809 2308 2863 hunc
2337 2808 2610 2862 mundum.
2644 2808 2725 2863 Ad
2753 2810 2897 2865 hunc
2935 2814 3152 2866 modum
3190 2820 3244 2867 et
3282 2827 3411 2869 vere

1838 2901 2139 2957 exsistebat
2158 2898 2267 2955 vita
2300 2915 2316 2953 :
2346 2913 2412 2954 eo
2439 2898 2580 2968 quod
2610 2901 2860 2956 omnibus
2893 2904 3199 2958 viventibus
3220 2902 3290 2959 de
3309 2919 3409 2959 suo

1843 2995 2168 3067 suppeditet.
2200 2993 2377 3064 Atque
2403 2993 2477 3048 ita
2503 2992 2747 3049 invenire
2790 2995 2948 3051 nobis
3006 2995 3132 3051 licet
3169 2997 3411 3068 appella-

150 3090 333 3143 tiones
364 3091 411 3142 ei
451 3103 576 3143 vere
608 3089 920 3152 attributas,
946 3087 1143 3158 quibus
1166 3103 1286 3155 qua:
1321 3087 1396 3142 illi
1425 3087 1632 3153 insunt,
1681 3086 1885 3142 divinae
1934 3088 2170 3140 virtutes
2209 3093 2690 3153 repraesentantur.
2756 3084 2969 3156 Ubique
3022 3100 3202 3143 autem
3235 3098 3289 3144 et
3312 3105 3411 3162 per

146 3182 338 3237 omnia
378 3190 514 3247 erat,
554 3180 778 3245 veritas,
822 3180 911 3234 Dei
961 3179 1128 3234 Filius
1173 3188 1315 3246 erat,
1345 3181 1489 3249 quod
1532 3181 1602 3235 ab
1635 3181 1752 3250 ipso
1791 3182 2084 3235 edocemur
2106 3177 2198 3232 ubi
2219 3177 2334 3234 ait:
2369 3176 2477 3245 Ego
2510 3194 2628 3231 sum
2660 3180 2853 3233 veritas
2871 3180 2915 3233 ⁸.

787 3272 944 3326 ΚΕΦ.
986 3273 1088 3325 IE'.

160 3366 287 3421 Τῶν
318 3364 505 3438 αὐτοῦ
525 3365 881 3438 Μαρκέλλου
906 3366 1120 3435 φωνῶν
1144 3367 1522 3438 παραθέσεις,
1540 3365 1616 3419 δι’

227 3437 460 3505 ἠρνεῖτο
486 3437 593 3490 τὸν
617 3432 765 3490 ’Υιὸν
786 3436 892 3490 τοῦ
909 3432 1072 3492 ’Θεοῦ
1110 3432 1341 3505 obsidio,
1372 3437 1734 3506 προφορικὸν

227 3508 426 3576 Λόγον
448 3506 486 3573 ἢ
519 3506 860 3561 ἐνδιάθετον
890 3507 1142 3577 φάσκων
1177 3504 1337 3564 εἶναι
1367 3504 1579 3563 αὖτόνῤ

242 3597 380 3650 Ἀλλ’
402 3599 432 3651 ὁ
457 3598 574 3662 νέος
602 3600 951 3670 συγγραφεὺς
981 3598 1156 3654 ταῦτα
1183 3599 1282 3671 μὲν
1313 3597 1437 3652 οὕτε
1466 3597 1731 3669 συνίησιν,

146 3687 279 3743 οὔτε
308 3685 479 3753 οἶδεν,
511 3688 622 3743 οὐθ’
660 3691 742 3745 ὅτι
773 3690 957 3757 ἀγνοεῖ
1001 3687 1141 3745 οἶδεν
1164 3708 1178 3721 ’
1223 3689 1260 3744 ἃ
1292 3690 1357 3761 δὴ
1404 3689 1496 3743 καὶ
1535 3687 1735 3743 ειδέναι

154 3780 335 3851 αύχεῖ,
366 3781 515 3844 ὅπως
542 3781 784 3852 συνίστη.
819 3782 957 3854 Φέρε
1002 3783 1166 3837 πάλιν
1211 3780 1331 3838 εἶτα
1376 3783 1735 3847 ἀναλαϐόντες

148 3871 513 3943 ἀκούσωμεν,
545 3871 620 3936 ὡς
667 3872 746 3944 τῷ
786 3874 844 3926 ὲν
886 3872 1191 3945 ἀνθρώποις
1237 3875 1401 3930 αὐτὸν
1444 3873 1733 3939 ἀπεικάζει

152 3960 321 4034 λόγῳ,
362 3963 440 4034 τῷ
467 3979 529 4016 τε
565 3962 708 4018 κατά
733 3963 997 4031 διάνοιαν,
1026 3966 1118 4020 καὶ
1148 3965 1228 4038 τῷ
1251 3967 1393 4022 κατὰ
1425 3964 1731 4039 προφορὰν,

152 4051 346 4107 τοῦτον
377 4054 602 4125 γράφων
632 4055 723 4109 τὸν
749 4056 947 4129 τρόπον
968 4074 982 4087 ·
1024 4076 1043 4110 ι
1076 4058 1247 4112 Τοῦτο
1278 4058 1334 4112 δὲ
1368 4058 1550 4130 ῥᾴδιον
1581 4054 1736 4128 οἶμαι

154 4166 182 4198 ί
218 4149 328 4210 τοῖς
358 4144 417 4201 εὖ
457 4147 710 4220 φρονοῦσι
752 4148 846 4203 καὶ
878 4149 985 4204 ἀπὸ
1021 4151 1217 4223 μικροῦ
1246 4168 1392 4214 τινος
1416 4149 1512 4205 καὶ
1547 4166 1737 4203 ταπει-

158 4257 182 4290 ‹
224 4238 316 4291 νοῦ
360 4237 482 4292 καθ’
512 4240 663 4310 ἡμᾶς
705 4240 1143 4313 παραδείγματος
1180 4241 1383 4311 γνῶναι
1407 4258 1421 4273 ·
1468 4240 1588 4294 οὐδὲ
1628 4239 1736 4312 γάρ

164 4347 185 4379 ι
221 4327 314 4382 τὸν
349 4327 444 4383 τοῦ
493 4328 780 4402 ἀνθρώπου
829 4330 985 4399 λόγον
1028 4330 1254 4403 δυνάμει
1307 4332 1404 4386 καὶ
1444 4331 1736 4385 ὑποστάσει

164 4438 184 4470 ι
224 4419 455 4491 χωρίσαι
486 4421 592 4475 τινὶ
628 4421 871 4476 δυνατόν.
907 4424 1003 4477 Ἓν
1043 4424 1151 4496 γάρ
1176 4426 1292 4478 ἐστι
1321 4424 1415 4477 καὶ
1438 4421 1631 4477 ταύτὸν
1659 4422 1738 4494 τῷ

165 4532 185 4563 ι
224 4510 494 4585 ἀνθρώπῳ
520 4513 551 4565 ὁ
591 4513 749 4583 λόγος
771 4531 786 4545 ο
814 4514 908 4567 καὶ
935 4515 1110 4570 οὐδενὶ
1149 4515 1514 4587 χωριζόμενος
1565 4513 1738 4586 ἑτέρῳ

2404 3274 2463 3332 >14
2496 3267 2647 3324 CAP.
2680 3269 2799 3326 XV.

1794 3384 1801 3393 ·
1846 3361 2003 3418 Voces
2039 3372 2403 3434 proponuntur
2424 3361 2551 3434 illae,
2574 3363 2759 3434 quibus
2797 3362 3081 3419 Marcellus
3103 3365 3410 3433 planissime

1902 3430 2173 3502 abnegavit
2214 3432 2311 3485 Dei
2343 3430 2543 3484 Filium
2574 3430 2595 3486 ἑ
2620 3433 2884 3502 afﬁrmans
2917 3434 3065 3488 illum
3104 3430 3224 3492 esse
3278 3436 3412 3494 Ver-

1903 3504 2024 3557 bum
2052 3518 2190 3556 nunc
2222 3504 2533 3566 immanem,
2573 3519 2712 3556 nunc
2745 3520 3017 3559 emanans.

1903 3596 1974 3648 At
2020 3593 2258 3648 novitius
2291 3592 2393 3647 iste
2439 3594 2670 3661 scriptor
2722 3593 2839 3649 haec
2899 3609 3072 3665 neque
3124 3596 3407 3663 intellexit,
3500 3648 3502 3650 ,

1834 3700 2010 3755 neque
2044 3684 2211 3750 novit,
2259 3700 2432 3755 neque
2459 3683 2590 3739 illud
2635 3685 2782 3739 novit
2824 3687 2968 3755 quod
3000 3688 3114 3742 haec
3159 3689 3407 3760 ignoret:

1835 3794 1954 3850 quat
1988 3789 2165 3832 tamen
2210 3793 2316 3832 non
2364 3777 2579 3832 nescire
2613 3792 2673 3833 se
2698 3777 2995 3847 gloriatur,
3023 3782 3252 3851 qualiter
3279 3785 3412 3841 sub-

1836 3872 2053 3927 sistunt.
2078 3870 2318 3940 Agedum
2355 3883 2505 3935 vero,
2530 3880 2927 3926 reassumentes
2948 3887 3066 3940 qua:
3090 3873 3232 3927 dicta
3259 3886 3410 3942 sunt,

1837 3963 2122 4017 audiamus
2181 3973 2240 4016 ut
2284 3960 2436 4015 illum
2498 3960 2879 4016 assimilaverit
2926 3962 3159 4018 humano
3196 3965 3409 4021 verbo:

1836 4069 1960 4110 cum
2006 4053 2149 4124 quod
2200 4052 2527 4123 cogitatione
2583 4052 3078 4121 comprehenditur,
3117 4062 3228 4110 tum
3264 4058 3410 4127 quod

1836 4145 2131 4215 profertur.
2159 4143 2235 4198 Ita
2261 4152 2441 4198 autem
2463 4144 2540 4199 ait
2574 4140 2664 4215 [R.
2701 4143 2786 4198 LV
2810 4143 2934 4199 coll.
2964 4160 3018 4213 p.
3057 4146 3127 4202 59
3153 4147 3217 4215 D,
3247 4147 3315 4202 79
3343 4146 3410 4215 Β,

1838 4238 1942 4293 114
1972 4237 2036 4310 D]
2078 4257 2091 4292 :
2131 4255 2151 4289 ι
2197 4235 2378 4291 Facile
2421 4236 2525 4292 hoc
2564 4236 2760 4303 opinor
2807 4237 3186 4308 intelligentes,
3231 4240 3414 4295 animo

1843 4348 1862 4381 ι
1898 4326 2340 4398 comprehensuri
2370 4334 2518 4388 sunt,
2543 4325 2611 4380 ab
2638 4325 2913 4390 humanis,
2937 4325 3287 4381 similitudine
3308 4327 3413 4379 hu-

1844 4439 1863 4473 c
1899 4420 2009 4475 mili
2041 4418 2257 4490 quidem
2282 4417 2372 4472 illa
2396 4426 2450 4472 et
2471 4417 2881 4473 contemnenda.
2912 4416 3046 4471 Nam
3080 4431 3256 4486 neque
3290 4433 3415 4487 pos.

1844 4534 1863 4567 ι
1899 4512 2051 4569 sibile
2071 4520 2155 4567 est
2178 4511 2452 4581 cuiquam,
2476 4508 2562 4563 vel
2587 4517 2855 4578 potestate
2882 4517 2936 4564 et
2959 4508 3234 4580 hypostasi
3260 4525 3418 4580 sepa-

166 4627 185 4659 ‘
228 4607 261 4678 ἦ
297 4607 434 4682 μόνῃ
458 4611 525 4680 τῇ
556 4608 649 4680 τῆς
674 4608 922 4681 πράξεως
945 4610 1216 4683 ἐνεργείᾳ.
1251 4629 1270 4662 ι
1315 4610 1403 4662 Ἐν
1427 4609 1483 4662 δὲ
1521 4607 1731 4671 τούτοις

1841 4622 1860 4655 ε
1895 4617 2018 4658 rare
2043 4602 2266 4658 verbum
2297 4600 2441 4670 quod
2470 4600 2523 4653 in
2547 4599 2858 4654 hominibus
2883 4608 2986 4654 est.
3016 4596 3160 4653 Idem
3211 4599 3415 4654 etenim

158 4697 241 4769 τῷ
272 4698 588 4770 προφορικῷ
617 4699 758 4770 λόγῳ
799 4699 1063 4772 κέχρηται
1103 4699 1273 4754 είκόνι
1297 4714 1312 4730 ⁸
1343 4699 1421 4770 τῷ
1448 4699 1506 4752 δέ
1542 4715 1605 4768 γε
1650 4701 1737 4753 ὲν-

156 4788 390 4860 διαθέτῳ
411 4792 469 4843 ὲν
494 4785 574 4854 οἷς
597 4790 772 4844 ταῦτά
793 4808 984 4863 φησιν’
1019 4811 1038 4844 ι
1068 4792 1142 4845 Οὒ
1173 4791 1281 4864 γὰρ
1309 4791 1421 4864 (57)
1450 4790 1514 4863 δὴ
1545 4789 1737 4862 ἑτέρας

164 4896 184 4928 ‹
227 4877 563 4949 ἑτοιμασίας,
592 4874 703 4934 οἷον
742 4880 896 4953 ὕλης,
937 4881 971 4954 ἢ
1003 4881 1168 4953 ἄλλης
1192 4882 1335 4947 τινος
1364 4880 1734 4952 ἀνθρωπίνης,

163 4988 184 5020 ι
217 4970 247 5023 ό
290 4970 420 5034 Θεὸς
452 4972 620 5025 ἐδεῖτο
650 4973 786 5046 πρὸς
825 4976 1163 5048 κατασκευὴν
1183 5015 1198 5039 ,
1228 4973 1366 5029 ἀλλά
1390 4973 1594 5045 ταύτης
1637 4972 1738 5042 τῆς

165 5082 184 5112 ι
229 5062 288 5116 ὲν
315 5063 381 5133 τῇ
413 5061 604 5116 ἑαυτοῦ
637 5063 844 5137 διανοίᾳ
867 5067 1201 5136 ὲτοιμασίας.
1249 5065 1400 5118 Ἐπεὶ
1423 5059 1516 5117 οὖν
1541 5062 1738 5117 ἀδύνα-

164 5171 185 5203 ι
224 5169 317 5206 τον
354 5149 421 5226 ἦν
464 5156 632 5227 χωρὶς
659 5154 818 5225 λόγου
853 5158 948 5210 καὶ
991 5157 1090 5223 τῆς
1138 5157 1444 5230 προσούσης
1484 5156 1564 5228 τῷ
1595 5155 1739 5227 λόγῳ

242 5296 301 5353 ›Ῑ‹
331 5289 427 5347 Ed.
458 5289 660 5356 Paris.,
689 5307 809 5362 pag.
845 5292 968 5347 125.

236 5383 257 5413 ⁵
288 5381 445 5437 Joan.
479 5398 589 5448 xuv,
615 5382 666 5437 6.

240 5520 355 5591 (ΒΞ)
384 5521 555 5591 Vulgo
579 5520 767 5591 αὐτόν.

388 5542 562 5659 ἴϋξε-
579 5542 913 5660 “gazam.
952 5585 1263 5661 Legendum
1301 5583 1631 5661 forte,_rtk‘hv
1658 5584 1739 5661 δε,
1773 5542 1801 5605 Ἰ

167 5662 235 5716 ὲκ
255 5655 392 5724 τοῦ,
422 5655 622 5730 λέγειν,
654 5655 912 5731 ment»;
936 5655 1113 5731 AEvG'ov
1145 5655 1308 5711 αὐτὸν
1340 5656 1432 5708 τὸν
1456 5655 1646 5731 λόγον,
1682 5656 1741 5708 ὲν

167 5732 251 5803 τῷ
277 5725 507 5803 aequet
527 5743 704 5803 tamen
735 5725 1206 5803 ad'perticiendam
1237 5725 1561 5803 sententiam
1615 5728 1743 5782 dee-

169 5795 266 5873 rit,
289 5795 462 5860 simile
485 5802 633 5872 quid,
660 5795 935 5856 ἁλίσκεται
964 5797 1119 5854 τοῦτο
1150 5797 1344 5864 λέγων.
1389 5795 1461 5851 Μ.

1847 4712 1869 4747 ι
1902 4706 2179 4762 unumque
2222 4706 2345 4747 cum
2392 4690 2611 4745 homine
2663 4690 2887 4744 verbum
2934 4704 3089 4744 suum
3152 4688 3413 4744 exsistit:

1847 4807 1869 4841 ι
1906 4787 2217 4856 neutiquam
2262 4785 2334 4839 ab
2386 4783 2608 4839 homine
2646 4780 3024 4852 separandum,
3067 4780 3168 4836 nisi
3220 4783 3412 4851 agendi

1852 4898 1872 4932 ι
1907 4878 2019 4935 sola
2046 4877 2278 4934 actione.
2324 4893 2344 4928 ι
2389 4875 2571 4932 Utitur
2595 4875 2683 4929 hic
2704 4874 2815 4942 jam
2842 4872 3088 4942 exemplo
3120 4871 3267 4927 verbi
3290 4887 3417 4941 pro-

1850 4970 2007 5026 lntitii
2040 4986 2055 5024 :
2092 4965 2435 5023 immanentls
2484 4973 2663 5019 autem
2705 4964 2902 5026 denuo,
2940 4961 3032 5017 ubi
3076 4961 3152 5016 ait
3183 4960 3272 5034 [Β.
3305 4960 3415 5016 LIII

1845 5062 1969 5119 coll.
2001 5076 2054 5131 p.
2087 5058 2159 5114 40
2188 5056 2258 5131 Αι
2290 5076 2305 5111 :
2340 5077 2359 5109 ι
2395 5056 2577 5128 Neque
2621 5055 2765 5110 enim
2798 5063 3120 5123 apparatura
3152 5054 3257 5109 ulla
3287 5054 3415 5117 alia,

1850 5172 1869 5205 ι
1911 5166 2103 5221 nempe
2150 5149 2409 5213 materiai,
2468 5149 2549 5203 vel
2596 5144 2900 5214 huiusmodi
2954 5146 3225 5215 indigebat
3278 5146 3421 5202 Deus

1921 5513 2034 5583 (54)
2064 5512 2235 5582 Vulgo
2261 5511 2383 5583 μέν.

1919 5572 2035 5654 ('55)
2066 5572 2235 5654 vulgo
2261 5572 2531 5654 ’παρέχειν
2552 5581 2732 5653 vdua;
2755 5587 3010 5636 caeterum
3040 5575 3112 5633 cr.
3141 5572 3419 5645 p.128B7.

1920 5652 2033 5722 {56)
2065 5653 2239 5722 Vulgo
2263 5652 2446 5717 αὐτός,

1921 5723 2035 5796 (57)
2066 5723 2236 5794 Vulgo
2258 5723 2336 5777 δέ.
