  <div class='ocr_page' id='page_1' title='image "/cluster/home/n/w/nwhite01/storage/ocr_20150623/24/nnc1.0046978259/567.png"; bbox 0 0 3838 6222; ppageno 0'>
   <div class='ocr_carea' id='block_1_1' title="bbox 449 238 561 332">
    <p class='ocr_par' dir='ltr' id='par_1_1' title="bbox 449 238 561 332">
     <span class='ocr_line' id='line_1_1' title="bbox 449 238 561 332; baseline -0.009 0"><span class='ocrx_word' id='word_1_1' title='bbox 449 238 561 332; x_wconf 67' lang='grc' dir='ltr'>οδε</span> 
     </span>
    </p>
   </div>
   <div class='ocr_carea' id='block_1_2' title="bbox 1121 238 3010 322">
    <p class='ocr_par' dir='ltr' id='par_1_2' title="bbox 1121 238 3010 322">
     <span class='ocr_line' id='line_1_2' title="bbox 1121 238 3010 322; baseline -0.01 -4"><span class='ocrx_word' id='word_1_2' title='bbox 1121 261 1394 322; x_wconf 85' lang='lat' dir='ltr'><strong>EUSEBll</strong></span> <span class='ocrx_word' id='word_1_3' title='bbox 1427 252 1908 316; x_wconf 59' lang='lat' dir='ltr'><strong>CESARIENSIS</strong></span> <span class='ocrx_word' id='word_1_4' title='bbox 1943 247 2095 310; x_wconf 82' lang='lat' dir='ltr'><strong>OPP.</strong></span> <span class='ocrx_word' id='word_1_5' title='bbox 2137 246 2321 307; x_wconf 80' lang='lat' dir='ltr'><strong>PARS</strong></span> <span class='ocrx_word' id='word_1_6' title='bbox 2355 243 2446 303; x_wconf 77' lang='lat' dir='ltr'><strong>IV.</strong></span> <span class='ocrx_word' id='word_1_7' title='bbox 2487 277 2556 288; x_wconf 91' lang='lat'><strong><em>—</em></strong></span> <span class='ocrx_word' id='word_1_8' title='bbox 2593 238 3010 302; x_wconf 76' lang='lat' dir='ltr'><strong>DOGMATICA.</strong></span> 
     </span>
    </p>
   </div>
   <div class='ocr_carea' id='block_1_3' title="bbox 3605 235 3712 290">
    <p class='ocr_par' dir='ltr' id='par_1_3' title="bbox 3605 235 3712 290">
     <span class='ocr_line' id='line_1_3' title="bbox 3605 235 3712 290; baseline -0.009 0"><span class='ocrx_word' id='word_1_9' title='bbox 3605 235 3712 290; x_wconf 77' lang='lat'><strong>936</strong></span> 
     </span>
    </p>
   </div>
   <div class='ocr_carea' id='block_1_4' title="bbox 453 349 2046 447">
    <p class='ocr_par' dir='ltr' id='par_1_4' title="bbox 453 375 2031 447">
     <span class='ocr_line' id='line_1_4' title="bbox 453 375 2031 447; baseline -0.011 -1"><span class='ocrx_word' id='word_1_10' title='bbox 453 411 481 446; x_wconf 88' lang='lat'><strong>1</strong></span> <span class='ocrx_word' id='word_1_11' title='bbox 514 395 761 447; x_wconf 65' lang='lat' dir='ltr'><strong>humanae</strong></span> <span class='ocrx_word' id='word_1_12' title='bbox 789 385 1062 442; x_wconf 76' lang='lat' dir='ltr'><strong>facultatis</strong></span> <span class='ocrx_word' id='word_1_13' title='bbox 1095 381 1376 442; x_wconf 81' lang='lat' dir='ltr'><strong>admundi</strong></span> <span class='ocrx_word' id='word_1_14' title='bbox 1398 378 1761 436; x_wconf 74' lang='lat' dir='ltr'><strong>conditionem</strong></span> <span class='ocrx_word' id='word_1_15' title='bbox 1785 395 1801 430; x_wconf 89' lang='lat'><strong>:</strong></span> <span class='ocrx_word' id='word_1_16' title='bbox 1827 375 1920 430; x_wconf 87' lang='lat' dir='ltr'><strong>sed</strong></span> <span class='ocrx_word' id='word_1_17' title='bbox 1941 389 2031 430; x_wconf 90' lang='lat' dir='ltr'><strong>so-</strong></span> 
     </span>
    </p>
   </div>
   <div class='ocr_carea' id='block_1_5' title="bbox 2157 349 3712 447">
    <p class='ocr_par' dir='ltr' id='par_1_5' title="bbox 2190 349 3712 440">
     <span class='ocr_line' id='line_1_5' title="bbox 2190 349 3712 440; baseline -0.012 -15"><span class='ocrx_word' id='word_1_18' title='bbox 2190 369 2382 440; x_wconf 88' lang='grc' dir='ltr'>σοφίας</span> <span class='ocrx_word' id='word_1_19' title='bbox 2408 367 2654 440; x_wconf 84' lang='grc' dir='ltr'>ἐννοῆσαι</span> <span class='ocrx_word' id='word_1_20' title='bbox 2684 364 2812 436; x_wconf 76' lang='grc' dir='ltr'>περὶ</span> <span class='ocrx_word' id='word_1_21' title='bbox 2838 363 2938 434; x_wconf 83' lang='grc' dir='ltr'>τῆς</span> <span class='ocrx_word' id='word_1_22' title='bbox 2965 359 3057 414; x_wconf 80' lang='grc' dir='ltr'>τοῦ</span> <span class='ocrx_word' id='word_1_23' title='bbox 3083 353 3312 429; x_wconf 73' lang='grc' dir='ltr'>ούρανοῦ</span> <span class='ocrx_word' id='word_1_24' title='bbox 3343 349 3712 424; x_wconf 75' lang='grc' dir='ltr'>κατασκευῆς,</span> 
     </span>
    </p>
   </div>
   <div class='ocr_carea' id='block_1_6' title="bbox 461 473 2032 552">
    <p class='ocr_par' dir='ltr' id='par_1_6' title="bbox 461 473 2032 552">
     <span class='ocr_line' id='line_1_6' title="bbox 461 473 2032 552; baseline -0.011 -16"><span class='ocrx_word' id='word_1_25' title='bbox 461 504 481 536; x_wconf 88' lang='lat'><strong>1</strong></span> <span class='ocrx_word' id='word_1_26' title='bbox 518 486 565 541; x_wconf 89' lang='lat' dir='ltr'><strong>la</strong></span> <span class='ocrx_word' id='word_1_27' title='bbox 597 484 683 539; x_wconf 84' lang='lat' dir='ltr'><strong>illa</strong></span> <span class='ocrx_word' id='word_1_28' title='bbox 725 497 846 552; x_wconf 68' lang='lat' dir='ltr'><strong>quae</strong></span> <span class='ocrx_word' id='word_1_29' title='bbox 879 481 1025 534; x_wconf 90' lang='lat' dir='ltr'><strong>intus</strong></span> <span class='ocrx_word' id='word_1_30' title='bbox 1051 476 1125 530; x_wconf 93' lang='lat' dir='ltr'><strong>illi</strong></span> <span class='ocrx_word' id='word_1_31' title='bbox 1155 485 1274 530; x_wconf 87' lang='lat' dir='ltr'><strong>erat</strong></span> <span class='ocrx_word' id='word_1_32' title='bbox 1307 473 1448 544; x_wconf 84' lang='lat' dir='ltr'><strong>apud</strong></span> <span class='ocrx_word' id='word_1_33' title='bbox 1471 473 1712 526; x_wconf 88' lang='lat' dir='ltr'><strong>animum</strong></span> <span class='ocrx_word' id='word_1_34' title='bbox 1739 475 2032 539; x_wconf 58' lang='lat' dir='ltr'><strong>apparatiu-</strong></span> 
     </span>
    </p>
   </div>
   <div class='ocr_carea' id='block_1_7' title="bbox 2140 445 3716 526">
    <p class='ocr_par' dir='ltr' id='par_1_7' title="bbox 2140 445 3716 526">
     <span class='ocr_line' id='line_1_7' title="bbox 2140 445 3716 526; baseline -0.013 -8"><span class='ocrx_word' id='word_1_35' title='bbox 2140 483 2159 516; x_wconf 93' lang='lat'><strong>1</strong></span> <span class='ocrx_word' id='word_1_36' title='bbox 2190 464 2280 517; x_wconf 88' lang='grc' dir='ltr'><strong>τὸν</strong></span> <span class='ocrx_word' id='word_1_37' title='bbox 2311 462 2443 515; x_wconf 76' lang='grc' dir='ltr'>Θεὸν</span> <span class='ocrx_word' id='word_1_38' title='bbox 2465 457 2689 522; x_wconf 88' lang='grc' dir='ltr'>είκότως</span> <span class='ocrx_word' id='word_1_39' title='bbox 2720 456 2844 526; x_wconf 79' lang='grc' dir='ltr'><strong>ἔφη,</strong></span> <span class='ocrx_word' id='word_1_40' title='bbox 2886 475 2905 506; x_wconf 80' lang='lat' dir='ltr'><strong>s</strong></span> <span class='ocrx_word' id='word_1_41' title='bbox 2945 447 3162 507; x_wconf 71' lang='grc' dir='ltr'>Ἵινίκα</span> <span class='ocrx_word' id='word_1_42' title='bbox 3192 445 3463 518; x_wconf 75' lang='grc' dir='ltr'>ἡτοίμαζε</span> <span class='ocrx_word' id='word_1_43' title='bbox 3485 446 3596 499; x_wconf 83' lang='grc' dir='ltr'>τὸν</span> <span class='ocrx_word' id='word_1_44' title='bbox 3616 446 3716 498; x_wconf 75' lang='grc' dir='ltr'><strong>οὺ-</strong></span> 
     </span>
    </p>
   </div>
   <div class='ocr_carea' id='block_1_8' title="bbox 456 531 2046 638">
    <p class='ocr_par' dir='ltr' id='par_1_8' title="bbox 456 531 2036 638">
     <span class='ocr_line' id='line_1_8' title="bbox 466 531 1824 552; baseline -0.013 3"><span class='ocrx_word' id='word_1_45' title='bbox 466 531 481 536; x_wconf 79' lang='lat'>&#39;</span> <span class='ocrx_word' id='word_1_46' title='bbox 518 531 565 541; x_wconf 85' lang='lat'><strong>&quot;“</strong></span> <span class='ocrx_word' id='word_1_47' title='bbox 599 531 683 539; x_wconf 81' lang='lat'><strong>&quot;&quot;‘</strong></span> <span class='ocrx_word' id='word_1_48' title='bbox 729 531 844 552; x_wconf 67' lang='lat'><strong>1&quot;&quot;</strong></span> <span class='ocrx_word' id='word_1_49' title='bbox 882 531 955 534; x_wconf 80' lang='lat'><strong>“&quot;</strong></span> <span class='ocrx_word' id='word_1_50' title='bbox 1010 531 1018 532; x_wconf 44' lang='grc' dir='ltr'>ί</span> <span class='ocrx_word' id='word_1_51' title='bbox 1344 531 1357 544; x_wconf 78' lang='grc'><strong>1</strong></span> <span class='ocrx_word' id='word_1_52' title='bbox 1773 531 1824 539; x_wconf 87' lang='grc'><strong>--</strong></span> 
     </span>
     <span class='ocr_line' id='line_1_9' title="bbox 456 563 2036 638; baseline -0.013 -6"><span class='ocrx_word' id='word_1_53' title='bbox 456 596 482 632; x_wconf 89' lang='lat'><strong>1</strong></span> <span class='ocrx_word' id='word_1_54' title='bbox 518 592 597 632; x_wconf 88' lang='lat' dir='ltr'><strong>ra.</strong></span> <span class='ocrx_word' id='word_1_55' title='bbox 625 575 758 631; x_wconf 78' lang='lat' dir='ltr'><strong>Cum</strong></span> <span class='ocrx_word' id='word_1_56' title='bbox 801 587 930 626; x_wconf 79' lang='lat' dir='ltr'><strong>vero</strong></span> <span class='ocrx_word' id='word_1_57' title='bbox 972 585 1078 624; x_wconf 90' lang='lat' dir='ltr'><strong>non</strong></span> <span class='ocrx_word' id='word_1_58' title='bbox 1102 577 1288 638; x_wconf 78' lang='lat' dir='ltr'><strong>posset</strong></span> <span class='ocrx_word' id='word_1_59' title='bbox 1319 567 1457 630; x_wconf 82' lang='lat' dir='ltr'><strong>ﬁeri,</strong></span> <span class='ocrx_word' id='word_1_60' title='bbox 1485 575 1542 618; x_wconf 93' lang='lat' dir='ltr'><strong>ut</strong></span> <span class='ocrx_word' id='word_1_61' title='bbox 1573 564 1689 618; x_wconf 89' lang='lat' dir='ltr'><strong>sine</strong></span> <span class='ocrx_word' id='word_1_62' title='bbox 1714 563 1900 624; x_wconf 86' lang='lat' dir='ltr'><strong>verbo,</strong></span> <span class='ocrx_word' id='word_1_63' title='bbox 1943 567 2036 613; x_wconf 91' lang='lat' dir='ltr'><strong>aut</strong></span> 
     </span>
    </p>
   </div>
   <div class='ocr_carea' id='block_1_9' title="bbox 2157 531 3714 638">
    <p class='ocr_par' dir='ltr' id='par_1_9' title="bbox 2157 531 3714 622">
     <span class='ocr_line' id='line_1_10' title="bbox 2157 531 3714 622; baseline -0.012 -16"><span class='ocrx_word' id='word_1_64' title='bbox 2157 555 2339 618; x_wconf 62' lang='grc' dir='ltr'>κενὸν,</span> <span class='ocrx_word' id='word_1_65' title='bbox 2379 537 2790 622; x_wconf 75' lang='grc' dir='ltr'>συμπαρήμήν</span> <span class='ocrx_word' id='word_1_66' title='bbox 2833 544 3009 609; x_wconf 83' lang='grc' dir='ltr'>αὐτῷ.</span> <span class='ocrx_word' id='word_1_67' title='bbox 3042 538 3156 596; x_wconf 85' lang='grc' dir='ltr'><strong>Εἶθ’</strong></span> <span class='ocrx_word' id='word_1_68' title='bbox 3191 540 3315 611; x_wconf 77' lang='grc' dir='ltr'>ἑξῆς</span> <span class='ocrx_word' id='word_1_69' title='bbox 3343 535 3550 611; x_wconf 85' lang='grc' dir='ltr'>προῖὼν</span> <span class='ocrx_word' id='word_1_70' title='bbox 3578 531 3714 606; x_wconf 80' lang='grc' dir='ltr'>ὁμοῦ</span> 
     </span>
    </p>
   </div>
   <div class='ocr_carea' id='block_1_10' title="bbox 460 649 2036 732">
    <p class='ocr_par' dir='ltr' id='par_1_10' title="bbox 460 649 2036 732">
     <span class='ocr_line' id='line_1_11' title="bbox 460 649 2036 732; baseline -0.014 -11"><span class='ocrx_word' id='word_1_71' title='bbox 460 685 484 720; x_wconf 98' lang='lat'><strong>1</strong></span> <span class='ocrx_word' id='word_1_72' title='bbox 519 667 688 721; x_wconf 85' lang='lat' dir='ltr'><strong>verbo</strong></span> <span class='ocrx_word' id='word_1_73' title='bbox 715 679 834 732; x_wconf 72' lang='lat' dir='ltr'><strong>qua:</strong></span> <span class='ocrx_word' id='word_1_74' title='bbox 857 670 1054 730; x_wconf 79' lang='lat' dir='ltr'><strong>praesto</strong></span> <span class='ocrx_word' id='word_1_75' title='bbox 1084 672 1301 727; x_wconf 87' lang='lat' dir='ltr'><strong>semper</strong></span> <span class='ocrx_word' id='word_1_76' title='bbox 1328 655 1432 709; x_wconf 82' lang='lat' dir='ltr'><strong>fuit</strong></span> <span class='ocrx_word' id='word_1_77' title='bbox 1461 651 1750 722; x_wconf 79' lang='lat' dir='ltr'><strong>sapientia,</strong></span> <span class='ocrx_word' id='word_1_78' title='bbox 1776 649 2036 720; x_wconf 74' lang='lat' dir='ltr'><strong>cogitaret</strong></span> 
     </span>
    </p>
   </div>
   <div class='ocr_carea' id='block_1_11' title="bbox 463 738 2037 822">
    <p class='ocr_par' dir='ltr' id='par_1_11' title="bbox 463 738 2037 822">
     <span class='ocr_line' id='line_1_12' title="bbox 463 738 2037 822; baseline -0.011 -14"><span class='ocrx_word' id='word_1_79' title='bbox 463 775 485 808; x_wconf 89' lang='lat'><strong>1</strong></span> <span class='ocrx_word' id='word_1_80' title='bbox 521 757 589 812; x_wconf 93' lang='lat' dir='ltr'><strong>de</strong></span> <span class='ocrx_word' id='word_1_81' title='bbox 620 755 744 812; x_wconf 86' lang='lat' dir='ltr'><strong>coeli</strong></span> <span class='ocrx_word' id='word_1_82' title='bbox 772 760 1031 822; x_wconf 84' lang='lat' dir='ltr'><strong>apparatu</strong></span> <span class='ocrx_word' id='word_1_83' title='bbox 1077 751 1236 812; x_wconf 86' lang='lat' dir='ltr'><strong>Deus,</strong></span> <span class='ocrx_word' id='word_1_84' title='bbox 1276 747 1498 803; x_wconf 87' lang='lat' dir='ltr'><strong>omnino</strong></span> <span class='ocrx_word' id='word_1_85' title='bbox 1539 745 1674 798; x_wconf 88' lang='lat' dir='ltr'><strong>bene</strong></span> <span class='ocrx_word' id='word_1_86' title='bbox 1707 742 1878 796; x_wconf 81' lang='lat' dir='ltr'><strong>dixit:</strong></span> <span class='ocrx_word' id='word_1_87' title='bbox 1904 738 2037 793; x_wconf 88' lang='lat' dir='ltr'><strong>Cum</strong></span> 
     </span>
    </p>
   </div>
   <div class='ocr_carea' id='block_1_12' title="bbox 457 832 2039 912">
    <p class='ocr_par' dir='ltr' id='par_1_12' title="bbox 457 832 2039 912">
     <span class='ocr_line' id='line_1_13' title="bbox 457 832 2039 912; baseline -0.008 -16"><span class='ocrx_word' id='word_1_88' title='bbox 457 863 486 896; x_wconf 78' lang='lat'><strong>1</strong></span> <span class='ocrx_word' id='word_1_89' title='bbox 518 845 702 900; x_wconf 72' lang='lat' dir='ltr'><strong>cwlum</strong></span> <span class='ocrx_word' id='word_1_90' title='bbox 726 850 1070 912; x_wconf 72' lang='lat' dir='ltr'><strong>pra’pararet,</strong></span> <span class='ocrx_word' id='word_1_91' title='bbox 1101 838 1182 891; x_wconf 80' lang='lat' dir='ltr'><strong>illi</strong></span> <span class='ocrx_word' id='word_1_92' title='bbox 1213 855 1317 890; x_wconf 82' lang='lat' dir='ltr'><strong>una</strong></span> <span class='ocrx_word' id='word_1_93' title='bbox 1344 837 1556 889; x_wconf 77' lang='lat' dir='ltr'><strong>aderam</strong></span> <span class='ocrx_word' id='word_1_94' title='bbox 1576 835 1616 887; x_wconf 78' lang='lat'><strong>°.</strong></span> <span class='ocrx_word' id='word_1_95' title='bbox 1651 853 1670 885; x_wconf 71' lang='grc' dir='ltr'><strong>ι</strong></span> <span class='ocrx_word' id='word_1_96' title='bbox 1715 832 2039 902; x_wconf 85' lang='lat' dir='ltr'><strong>Progressus</strong></span> 
     </span>
    </p>
   </div>
   <div class='ocr_carea' id='block_1_13' title="bbox 453 925 2035 993">
    <p class='ocr_par' dir='ltr' id='par_1_13' title="bbox 453 925 2035 993">
     <span class='ocr_line' id='line_1_14' title="bbox 453 925 2035 993; baseline -0.011 0"><span class='ocrx_word' id='word_1_97' title='bbox 453 938 636 993; x_wconf 70' lang='lat' dir='ltr'><strong>adhuc</strong></span> <span class='ocrx_word' id='word_1_98' title='bbox 671 937 973 991; x_wconf 87' lang='lat' dir='ltr'><strong>immanens</strong></span> <span class='ocrx_word' id='word_1_99' title='bbox 1011 930 1169 986; x_wconf 84' lang='lat' dir='ltr'><strong>simul</strong></span> <span class='ocrx_word' id='word_1_100' title='bbox 1197 944 1316 983; x_wconf 89' lang='lat' dir='ltr'><strong>esse</strong></span> <span class='ocrx_word' id='word_1_101' title='bbox 1340 938 1393 982; x_wconf 91' lang='lat' dir='ltr'><strong>et</strong></span> <span class='ocrx_word' id='word_1_102' title='bbox 1419 928 1547 982; x_wconf 85' lang='lat' dir='ltr'><strong>illud</strong></span> <span class='ocrx_word' id='word_1_103' title='bbox 1573 926 1807 980; x_wconf 79' lang='lat' dir='ltr'><strong>Verbum</strong></span> <span class='ocrx_word' id='word_1_104' title='bbox 1835 925 2035 988; x_wconf 86' lang='lat' dir='ltr'><strong>docuit,</strong></span> 
     </span>
    </p>
   </div>
   <div class='ocr_carea' id='block_1_14' title="bbox 456 1016 2040 1098">
    <p class='ocr_par' dir='ltr' id='par_1_14' title="bbox 456 1016 2040 1098">
     <span class='ocr_line' id='line_1_15' title="bbox 456 1016 2040 1098; baseline -0.011 -15"><span class='ocrx_word' id='word_1_105' title='bbox 456 1029 538 1083; x_wconf 79' lang='lat' dir='ltr'><strong>ita</strong></span> <span class='ocrx_word' id='word_1_106' title='bbox 566 1028 813 1098; x_wconf 89' lang='lat' dir='ltr'><strong>inquiens</strong></span> <span class='ocrx_word' id='word_1_107' title='bbox 847 1023 938 1096; x_wconf 83' lang='lat' dir='ltr'><strong>[R.</strong></span> <span class='ocrx_word' id='word_1_108' title='bbox 973 1022 1058 1076; x_wconf 91' lang='lat' dir='ltr'><strong>Lll</strong></span> <span class='ocrx_word' id='word_1_109' title='bbox 1081 1020 1203 1076; x_wconf 87' lang='lat' dir='ltr'><strong>coll.</strong></span> <span class='ocrx_word' id='word_1_110' title='bbox 1231 1035 1284 1090; x_wconf 90' lang='lat' dir='ltr'><strong>p.</strong></span> <span class='ocrx_word' id='word_1_111' title='bbox 1310 1021 1380 1074; x_wconf 66' lang='grc'>40</span> <span class='ocrx_word' id='word_1_112' title='bbox 1415 1017 1479 1091; x_wconf 62' lang='grc' dir='ltr'><strong>υη]</strong></span> <span class='ocrx_word' id='word_1_113' title='bbox 1511 1037 1524 1072; x_wconf 91' lang='lat'>:</span> <span class='ocrx_word' id='word_1_114' title='bbox 1564 1037 1586 1069; x_wconf 89' lang='lat'><strong>1</strong></span> <span class='ocrx_word' id='word_1_115' title='bbox 1616 1017 1683 1072; x_wconf 85' lang='lat' dir='ltr'><strong>Et</strong></span> <span class='ocrx_word' id='word_1_116' title='bbox 1705 1016 1824 1086; x_wconf 87' lang='lat' dir='ltr'><strong>quis</strong></span> <span class='ocrx_word' id='word_1_117' title='bbox 1858 1028 2040 1082; x_wconf 64' lang='lat' dir='ltr'><strong>quaeso</strong></span> 
     </span>
    </p>
   </div>
   <div class='ocr_carea' id='block_1_15' title="bbox 459 1107 2038 1182">
    <p class='ocr_par' dir='ltr' id='par_1_15' title="bbox 459 1107 2038 1182">
     <span class='ocr_line' id='line_1_16' title="bbox 459 1107 2038 1182; baseline -0.012 -7"><span class='ocrx_word' id='word_1_118' title='bbox 459 1141 487 1175; x_wconf 79' lang='lat'><strong>~1</strong></span> <span class='ocrx_word' id='word_1_119' title='bbox 524 1123 639 1178; x_wconf 87' lang='lat' dir='ltr'><strong>sive</strong></span> <span class='ocrx_word' id='word_1_120' title='bbox 684 1130 995 1175; x_wconf 90' lang='lat' dir='ltr'><strong>sanctorum</strong></span> <span class='ocrx_word' id='word_1_121' title='bbox 1028 1131 1059 1170; x_wconf 92' lang='lat' dir='ltr'><strong>e</strong></span> <span class='ocrx_word' id='word_1_122' title='bbox 1090 1115 1258 1170; x_wconf 90' lang='lat' dir='ltr'><strong>choro</strong></span> <span class='ocrx_word' id='word_1_123' title='bbox 1285 1110 1618 1182; x_wconf 70' lang='lat' dir='ltr'><strong>angelorum,</strong></span> <span class='ocrx_word' id='word_1_124' title='bbox 1661 1122 1754 1163; x_wconf 89' lang='lat' dir='ltr'><strong>seu</strong></span> <span class='ocrx_word' id='word_1_125' title='bbox 1803 1107 2038 1159; x_wconf 90' lang='lat' dir='ltr'><strong>virorum</strong></span> 
     </span>
    </p>
   </div>
   <div class='ocr_carea' id='block_1_16' title="bbox 461 1198 2042 1282">
    <p class='ocr_par' dir='ltr' id='par_1_16' title="bbox 461 1198 2042 1282">
     <span class='ocr_line' id='line_1_17' title="bbox 461 1198 2042 1282; baseline -0.011 -13"><span class='ocrx_word' id='word_1_126' title='bbox 461 1233 489 1267; x_wconf 97' lang='lat'><strong>1</strong></span> <span class='ocrx_word' id='word_1_127' title='bbox 515 1213 782 1282; x_wconf 90' lang='lat' dir='ltr'><strong>justorum</strong></span> <span class='ocrx_word' id='word_1_128' title='bbox 823 1210 1017 1280; x_wconf 89' lang='lat' dir='ltr'><strong>dignus</strong></span> <span class='ocrx_word' id='word_1_129' title='bbox 1041 1204 1172 1261; x_wconf 84' lang='lat' dir='ltr'><strong>satis</strong></span> <span class='ocrx_word' id='word_1_130' title='bbox 1194 1210 1314 1260; x_wconf 80' lang='lat' dir='ltr'><strong>erat</strong></span> <span class='ocrx_word' id='word_1_131' title='bbox 1338 1202 1658 1273; x_wconf 86' lang='lat' dir='ltr'><strong>supplicium</strong></span> <span class='ocrx_word' id='word_1_132' title='bbox 1692 1199 1840 1262; x_wconf 90' lang='lat' dir='ltr'><strong>illud,</strong></span> <span class='ocrx_word' id='word_1_133' title='bbox 1875 1215 1902 1250; x_wconf 86' lang='lat' dir='ltr'><strong>a</strong></span> <span class='ocrx_word' id='word_1_134' title='bbox 1935 1198 2042 1252; x_wconf 90' lang='lat' dir='ltr'><strong>Deo</strong></span> 
     </span>
    </p>
   </div>
   <div class='ocr_carea' id='block_1_17' title="bbox 469 1287 2040 1376">
    <p class='ocr_par' dir='ltr' id='par_1_17' title="bbox 469 1287 2040 1376">
     <span class='ocr_line' id='line_1_18' title="bbox 469 1287 2040 1376; baseline -0.012 -18"><span class='ocrx_word' id='word_1_135' title='bbox 469 1324 488 1358; x_wconf 91' lang='lat'><strong>1</strong></span> <span class='ocrx_word' id='word_1_136' title='bbox 524 1303 887 1376; x_wconf 85' lang='lat' dir='ltr'><strong>personaliter</strong></span> <span class='ocrx_word' id='word_1_137' title='bbox 913 1299 988 1354; x_wconf 91' lang='lat' dir='ltr'><strong>illi</strong></span> <span class='ocrx_word' id='word_1_138' title='bbox 1022 1299 1351 1353; x_wconf 86' lang='lat' dir='ltr'><strong>destinatum</strong></span> <span class='ocrx_word' id='word_1_139' title='bbox 1387 1303 1652 1355; x_wconf 82' lang='lat' dir='ltr'><strong>avertere,</strong></span> <span class='ocrx_word' id='word_1_140' title='bbox 1683 1289 1780 1344; x_wconf 86' lang='lat' dir='ltr'><strong>nisi</strong></span> <span class='ocrx_word' id='word_1_141' title='bbox 1805 1287 2040 1342; x_wconf 79' lang='lat' dir='ltr'><strong>Verbum</strong></span> 
     </span>
    </p>
   </div>
   <div class='ocr_carea' id='block_1_18' title="bbox 460 1383 2040 1465">
    <p class='ocr_par' dir='ltr' id='par_1_18' title="bbox 460 1383 2040 1465">
     <span class='ocr_line' id='line_1_19' title="bbox 460 1383 2040 1465; baseline -0.011 -15"><span class='ocrx_word' id='word_1_142' title='bbox 460 1417 489 1450; x_wconf 73' lang='grc' dir='ltr'><strong>τι</strong></span> <span class='ocrx_word' id='word_1_143' title='bbox 524 1397 678 1457; x_wconf 89' lang='lat' dir='ltr'><strong>illud.</strong></span> <span class='ocrx_word' id='word_1_144' title='bbox 703 1395 845 1465; x_wconf 91' lang='lat' dir='ltr'><strong>quod</strong></span> <span class='ocrx_word' id='word_1_145' title='bbox 871 1402 1066 1463; x_wconf 80' lang='lat' dir='ltr'><strong>praesto</strong></span> <span class='ocrx_word' id='word_1_146' title='bbox 1088 1391 1164 1445; x_wconf 91' lang='lat' dir='ltr'><strong>illi</strong></span> <span class='ocrx_word' id='word_1_147' title='bbox 1189 1396 1324 1450; x_wconf 88' lang='lat' dir='ltr'><strong>erat,</strong></span> <span class='ocrx_word' id='word_1_148' title='bbox 1349 1396 1405 1442; x_wconf 91' lang='lat' dir='ltr'><strong>et</strong></span> <span class='ocrx_word' id='word_1_149' title='bbox 1429 1400 1516 1440; x_wconf 91' lang='lat' dir='ltr'><strong>res</strong></span> <span class='ocrx_word' id='word_1_150' title='bbox 1539 1383 1882 1452; x_wconf 83' lang='lat' dir='ltr'><strong>conﬁngebat</strong></span> <span class='ocrx_word' id='word_1_151' title='bbox 1905 1395 2040 1434; x_wconf 91' lang='lat' dir='ltr'><strong>una:</strong></span> 
     </span>
    </p>
   </div>
   <div class='ocr_carea' id='block_1_19' title="bbox 462 1473 2042 1563">
    <p class='ocr_par' dir='ltr' id='par_1_19' title="bbox 462 1473 2042 1563">
     <span class='ocr_line' id='line_1_20' title="bbox 462 1473 2042 1563; baseline -0.011 -21"><span class='ocrx_word' id='word_1_152' title='bbox 462 1509 489 1542; x_wconf 92' lang='lat'><strong>1</strong></span> <span class='ocrx_word' id='word_1_153' title='bbox 523 1489 610 1563; x_wconf 82' lang='lat' dir='ltr'><strong>cui</strong></span> <span class='ocrx_word' id='word_1_154' title='bbox 635 1488 804 1544; x_wconf 86' lang='lat' dir='ltr'><strong>Pater</strong></span> <span class='ocrx_word' id='word_1_155' title='bbox 832 1485 968 1541; x_wconf 85' lang='lat' dir='ltr'><strong>dixit</strong></span> <span class='ocrx_word' id='word_1_156' title='bbox 1007 1484 1139 1538; x_wconf 90' lang='lat' dir='ltr'><strong>illud</strong></span> <span class='ocrx_word' id='word_1_157' title='bbox 1173 1499 1192 1537; x_wconf 91' lang='lat'><strong><em>:</em></strong></span> <span class='ocrx_word' id='word_1_158' title='bbox 1227 1479 1516 1534; x_wconf 73' lang='lat' dir='ltr'><strong>Faciamus</strong></span> <span class='ocrx_word' id='word_1_159' title='bbox 1558 1477 1816 1530; x_wconf 82' lang='lat' dir='ltr'><strong>hominem</strong></span> <span class='ocrx_word' id='word_1_160' title='bbox 1835 1475 1877 1526; x_wconf 88' lang='lat'><strong>&quot;.</strong></span> <span class='ocrx_word' id='word_1_161' title='bbox 1922 1493 1941 1526; x_wconf 70' lang='grc' dir='ltr'><strong>ι</strong></span> <span class='ocrx_word' id='word_1_162' title='bbox 1987 1473 2042 1526; x_wconf 97' lang='lat' dir='ltr'><strong>In</strong></span> 
     </span>
    </p>
   </div>
   <div class='ocr_carea' id='block_1_20' title="bbox 456 1565 2046 1650">
    <p class='ocr_par' dir='ltr' id='par_1_20' title="bbox 456 1565 2046 1650">
     <span class='ocr_line' id='line_1_21' title="bbox 456 1565 2046 1650; baseline -0.011 -14"><span class='ocrx_word' id='word_1_163' title='bbox 456 1580 822 1650; x_wconf 73' lang='lat' dir='ltr'><strong>sequentibus</strong></span> <span class='ocrx_word' id='word_1_164' title='bbox 843 1577 918 1631; x_wconf 90' lang='lat' dir='ltr'><strong>ita</strong></span> <span class='ocrx_word' id='word_1_165' title='bbox 949 1575 1157 1644; x_wconf 91' lang='lat' dir='ltr'><strong>liquido</strong></span> <span class='ocrx_word' id='word_1_166' title='bbox 1179 1572 1438 1634; x_wconf 89' lang='lat' dir='ltr'><strong>declarat,</strong></span> <span class='ocrx_word' id='word_1_167' title='bbox 1471 1568 1742 1638; x_wconf 89' lang='lat' dir='ltr'><strong>quodnam</strong></span> <span class='ocrx_word' id='word_1_168' title='bbox 1774 1565 2046 1622; x_wconf 78' lang='lat' dir='ltr'><strong>subintro-</strong></span> 
     </span>
    </p>
   </div>
   <div class='ocr_carea' id='block_1_21' title="bbox 465 1660 2046 1736">
    <p class='ocr_par' dir='ltr' id='par_1_21' title="bbox 465 1660 2046 1736">
     <span class='ocr_line' id='line_1_22' title="bbox 465 1660 2046 1736; baseline -0.011 -9"><span class='ocrx_word' id='word_1_169' title='bbox 465 1671 699 1727; x_wconf 89' lang='lat' dir='ltr'><strong>ducebat</strong></span> <span class='ocrx_word' id='word_1_170' title='bbox 733 1669 990 1734; x_wconf 85' lang='lat' dir='ltr'><strong>Verbum,</strong></span> <span class='ocrx_word' id='word_1_171' title='bbox 1021 1666 1273 1736; x_wconf 89' lang='lat' dir='ltr'><strong>inquiens</strong></span> <span class='ocrx_word' id='word_1_172' title='bbox 1307 1679 1321 1714; x_wconf 89' lang='lat'>:</span> <span class='ocrx_word' id='word_1_173' title='bbox 1358 1681 1378 1714; x_wconf 89' lang='lat'><strong>1</strong></span> <span class='ocrx_word' id='word_1_174' title='bbox 1403 1663 1558 1730; x_wconf 84' lang='lat' dir='ltr'><strong>Quod</strong></span> <span class='ocrx_word' id='word_1_175' title='bbox 1591 1661 1636 1716; x_wconf 90' lang='lat' dir='ltr'><strong>si</strong></span> <span class='ocrx_word' id='word_1_176' title='bbox 1667 1661 1790 1731; x_wconf 87' lang='lat' dir='ltr'><strong>quis</strong></span> <span class='ocrx_word' id='word_1_177' title='bbox 1812 1660 2046 1714; x_wconf 86' lang='lat' dir='ltr'><strong>humano</strong></span> 
     </span>
    </p>
   </div>
   <div class='ocr_carea' id='block_1_22' title="bbox 466 1755 2036 1835">
    <p class='ocr_par' dir='ltr' id='par_1_22' title="bbox 466 1755 2036 1835">
     <span class='ocr_line' id='line_1_23' title="bbox 466 1755 2036 1835; baseline -0.01 -16"><span class='ocrx_word' id='word_1_178' title='bbox 466 1783 492 1818; x_wconf 89' lang='lat'><strong>1</strong></span> <span class='ocrx_word' id='word_1_179' title='bbox 529 1764 621 1819; x_wconf 93' lang='lat' dir='ltr'><strong>illo</strong></span> <span class='ocrx_word' id='word_1_180' title='bbox 645 1764 862 1835; x_wconf 88' lang='lat' dir='ltr'><strong>quidem</strong></span> <span class='ocrx_word' id='word_1_181' title='bbox 909 1771 962 1817; x_wconf 92' lang='lat' dir='ltr'><strong>et</strong></span> <span class='ocrx_word' id='word_1_182' title='bbox 1003 1761 1198 1828; x_wconf 84' lang='lat' dir='ltr'><strong>exiguo</strong></span> <span class='ocrx_word' id='word_1_183' title='bbox 1230 1758 1306 1812; x_wconf 89' lang='lat' dir='ltr'><strong>uti</strong></span> <span class='ocrx_word' id='word_1_184' title='bbox 1335 1758 1462 1812; x_wconf 80' lang='lat' dir='ltr'><strong>velit</strong></span> <span class='ocrx_word' id='word_1_185' title='bbox 1503 1755 1770 1825; x_wconf 80' lang='lat' dir='ltr'><strong>exemplo,</strong></span> <span class='ocrx_word' id='word_1_186' title='bbox 1809 1763 1864 1809; x_wconf 94' lang='lat' dir='ltr'><strong>et</strong></span> <span class='ocrx_word' id='word_1_187' title='bbox 1915 1761 2036 1807; x_wconf 84' lang='lat' dir='ltr'><strong>tan-</strong></span> 
     </span>
    </p>
   </div>
   <div class='ocr_carea' id='block_1_23' title="bbox 468 1843 2043 1926">
    <p class='ocr_par' dir='ltr' id='par_1_23' title="bbox 468 1843 2043 1926">
     <span class='ocr_line' id='line_1_24' title="bbox 468 1843 2043 1926; baseline -0.008 -18"><span class='ocrx_word' id='word_1_188' title='bbox 468 1875 496 1908; x_wconf 91' lang='lat'><strong>-1</strong></span> <span class='ocrx_word' id='word_1_189' title='bbox 531 1872 692 1926; x_wconf 90' lang='lat' dir='ltr'><strong>quam</strong></span> <span class='ocrx_word' id='word_1_190' title='bbox 737 1857 806 1910; x_wconf 89' lang='lat' dir='ltr'><strong>ad</strong></span> <span class='ocrx_word' id='word_1_191' title='bbox 856 1854 1148 1920; x_wconf 76' lang='lat' dir='ltr'><strong>imaginem</strong></span> <span class='ocrx_word' id='word_1_192' title='bbox 1187 1850 1500 1920; x_wconf 90' lang='lat' dir='ltr'><strong>quamdam,</strong></span> <span class='ocrx_word' id='word_1_193' title='bbox 1550 1847 1788 1900; x_wconf 87' lang='lat' dir='ltr'><strong>divinam</strong></span> <span class='ocrx_word' id='word_1_194' title='bbox 1827 1843 2043 1913; x_wconf 79' lang='lat' dir='ltr'><strong>exigere</strong></span> 
     </span>
    </p>
   </div>
   <div class='ocr_carea' id='block_1_24' title="bbox 463 1936 2040 2016">
    <p class='ocr_par' dir='ltr' id='par_1_24' title="bbox 463 1936 2040 2016">
     <span class='ocr_line' id='line_1_25' title="bbox 463 1936 2040 2016; baseline -0.01 -15"><span class='ocrx_word' id='word_1_195' title='bbox 463 1967 490 2001; x_wconf 90' lang='lat'><strong>-1</strong></span> <span class='ocrx_word' id='word_1_196' title='bbox 526 1949 894 2016; x_wconf 87' lang='lat' dir='ltr'><strong>operationem</strong></span> <span class='ocrx_word' id='word_1_197' title='bbox 951 1946 1024 1999; x_wconf 88' lang='lat' dir='ltr'><strong>ita</strong></span> <span class='ocrx_word' id='word_1_198' title='bbox 1078 1951 1302 1999; x_wconf 88' lang='lat' dir='ltr'><strong>statuet.</strong></span> <span class='ocrx_word' id='word_1_199' title='bbox 1342 1938 1494 2006; x_wconf 86' lang='lat' dir='ltr'><strong>Quod</strong></span> <span class='ocrx_word' id='word_1_200' title='bbox 1549 1936 1706 1992; x_wconf 90' lang='lat' dir='ltr'><strong>sicuti</strong></span> <span class='ocrx_word' id='word_1_201' title='bbox 1741 1943 2040 1988; x_wconf 82' lang='lat' dir='ltr'><strong>statuarum</strong></span> 
     </span>
    </p>
   </div>
   <div class='ocr_carea' id='block_1_25' title="bbox 473 2023 2045 2108">
    <p class='ocr_par' dir='ltr' id='par_1_25' title="bbox 473 2023 2045 2108">
     <span class='ocr_line' id='line_1_26' title="bbox 473 2023 2045 2108; baseline -0.01 -16"><span class='ocrx_word' id='word_1_202' title='bbox 473 2059 492 2092; x_wconf 93' lang='lat'><strong>1</strong></span> <span class='ocrx_word' id='word_1_203' title='bbox 531 2041 688 2096; x_wconf 82' lang='lat' dir='ltr'><strong>ﬁctor</strong></span> <span class='ocrx_word' id='word_1_204' title='bbox 711 2038 980 2108; x_wconf 87' lang='lat' dir='ltr'><strong>quispiam</strong></span> <span class='ocrx_word' id='word_1_205' title='bbox 1027 2034 1317 2094; x_wconf 85' lang='lat' dir='ltr'><strong>excellens,</strong></span> <span class='ocrx_word' id='word_1_206' title='bbox 1348 2039 1579 2086; x_wconf 79' lang='lat' dir='ltr'><strong>Statuam</strong></span> <span class='ocrx_word' id='word_1_207' title='bbox 1624 2027 1808 2082; x_wconf 89' lang='lat' dir='ltr'><strong>volens</strong></span> <span class='ocrx_word' id='word_1_208' title='bbox 1844 2023 2045 2080; x_wconf 89' lang='lat' dir='ltr'><strong>conlin-</strong></span> 
     </span>
    </p>
   </div>
   <div class='ocr_carea' id='block_1_26' title="bbox 473 2113 2046 2200">
    <p class='ocr_par' dir='ltr' id='par_1_26' title="bbox 473 2113 2046 2200">
     <span class='ocr_line' id='line_1_27' title="bbox 473 2113 2046 2200; baseline -0.01 -18"><span class='ocrx_word' id='word_1_209' title='bbox 473 2149 492 2182; x_wconf 89' lang='lat'><strong>1</strong></span> <span class='ocrx_word' id='word_1_210' title='bbox 527 2143 677 2200; x_wconf 88' lang='lat' dir='ltr'><strong>gere,</strong></span> <span class='ocrx_word' id='word_1_211' title='bbox 718 2127 971 2199; x_wconf 84' lang='lat' dir='ltr'><strong>inprimis</strong></span> <span class='ocrx_word' id='word_1_212' title='bbox 1008 2132 1067 2190; x_wconf 50' lang='grc' dir='ltr'><strong>ᾗ</strong></span> <span class='ocrx_word' id='word_1_213' title='bbox 1101 2125 1245 2179; x_wconf 89' lang='lat' dir='ltr'><strong>illius</strong></span> <span class='ocrx_word' id='word_1_214' title='bbox 1270 2123 1492 2184; x_wconf 80' lang='lat' dir='ltr'><strong>formas,</strong></span> <span class='ocrx_word' id='word_1_215' title='bbox 1523 2128 1577 2174; x_wconf 92' lang='lat' dir='ltr'><strong>et</strong></span> <span class='ocrx_word' id='word_1_216' title='bbox 1605 2131 1890 2188; x_wconf 85' lang='lat' dir='ltr'><strong>expressas</strong></span> <span class='ocrx_word' id='word_1_217' title='bbox 1920 2113 2046 2180; x_wconf 79' lang='lat' dir='ltr'><strong>(igu-</strong></span> 
     </span>
    </p>
   </div>
   <div class='ocr_carea' id='block_1_27' title="bbox 465 2207 2040 2283">
    <p class='ocr_par' dir='ltr' id='par_1_27' title="bbox 465 2207 2040 2283">
     <span class='ocr_line' id='line_1_28' title="bbox 465 2207 2040 2283; baseline -0.009 -11"><span class='ocrx_word' id='word_1_218' title='bbox 465 2238 492 2272; x_wconf 85' lang='lat'><strong>1</strong></span> <span class='ocrx_word' id='word_1_219' title='bbox 530 2235 621 2275; x_wconf 87' lang='lat' dir='ltr'><strong>ras</strong></span> <span class='ocrx_word' id='word_1_220' title='bbox 675 2221 820 2274; x_wconf 90' lang='lat' dir='ltr'><strong>intus</strong></span> <span class='ocrx_word' id='word_1_221' title='bbox 873 2217 1119 2280; x_wconf 85' lang='lat' dir='ltr'><strong>revolvit,</strong></span> <span class='ocrx_word' id='word_1_222' title='bbox 1167 2215 1307 2283; x_wconf 90' lang='lat' dir='ltr'><strong>apud</strong></span> <span class='ocrx_word' id='word_1_223' title='bbox 1356 2211 1596 2265; x_wconf 90' lang='lat' dir='ltr'><strong>animum</strong></span> <span class='ocrx_word' id='word_1_224' title='bbox 1653 2207 2040 2264; x_wconf 88' lang='lat' dir='ltr'><strong>considerans:</strong></span> 
     </span>
    </p>
   </div>
   <div class='ocr_carea' id='block_1_28' title="bbox 465 2298 2047 2379">
    <p class='ocr_par' dir='ltr' id='par_1_28' title="bbox 465 2298 2047 2379">
     <span class='ocr_line' id='line_1_29' title="bbox 465 2298 2047 2379; baseline -0.007 -16"><span class='ocrx_word' id='word_1_225' title='bbox 465 2330 494 2363; x_wconf 84' lang='lat'><strong>1</strong></span> <span class='ocrx_word' id='word_1_226' title='bbox 533 2321 646 2366; x_wconf 93' lang='lat' dir='ltr'><strong>tum</strong></span> <span class='ocrx_word' id='word_1_227' title='bbox 692 2313 906 2379; x_wconf 87' lang='lat' dir='ltr'><strong>adaptat</strong></span> <span class='ocrx_word' id='word_1_228' title='bbox 955 2310 1004 2365; x_wconf 90' lang='lat' dir='ltr'><strong>ei</strong></span> <span class='ocrx_word' id='word_1_229' title='bbox 1039 2305 1450 2375; x_wconf 80' lang='lat' dir='ltr'><strong>longitudinem,</strong></span> <span class='ocrx_word' id='word_1_230' title='bbox 1487 2311 1689 2371; x_wconf 83' lang='lat' dir='ltr'><strong>quanta</strong></span> <span class='ocrx_word' id='word_1_231' title='bbox 1728 2298 1957 2356; x_wconf 74' lang='lat' dir='ltr'><strong>suﬁiciet</strong></span> <span class='ocrx_word' id='word_1_232' title='bbox 1991 2307 2047 2352; x_wconf 91' lang='lat' dir='ltr'><strong>et</strong></span> 
     </span>
    </p>
   </div>
   <div class='ocr_carea' id='block_1_29' title="bbox 471 2389 2044 2471">
    <p class='ocr_par' dir='ltr' id='par_1_29' title="bbox 471 2389 2044 2471">
     <span class='ocr_line' id='line_1_30' title="bbox 471 2389 2044 2471; baseline -0.011 -12"><span class='ocrx_word' id='word_1_233' title='bbox 471 2425 492 2458; x_wconf 94' lang='lat'><strong>1</strong></span> <span class='ocrx_word' id='word_1_234' title='bbox 529 2403 870 2459; x_wconf 91' lang='lat' dir='ltr'><strong>latitudinem</strong></span> <span class='ocrx_word' id='word_1_235' title='bbox 897 2417 911 2452; x_wconf 87' lang='lat'><strong>:</strong></span> <span class='ocrx_word' id='word_1_236' title='bbox 942 2398 1455 2471; x_wconf 87' lang='lat' dir='ltr'><strong>proportionemque</strong></span> <span class='ocrx_word' id='word_1_237' title='bbox 1485 2392 1739 2462; x_wconf 85' lang='lat' dir='ltr'><strong>cujusque</strong></span> <span class='ocrx_word' id='word_1_238' title='bbox 1759 2390 1952 2460; x_wconf 90' lang='lat' dir='ltr'><strong>partis,</strong></span> <span class='ocrx_word' id='word_1_239' title='bbox 1978 2389 2044 2442; x_wconf 88' lang='lat' dir='ltr'><strong>ad</strong></span> 
     </span>
    </p>
   </div>
   <div class='ocr_carea' id='block_1_30' title="bbox 465 2481 2046 2556">
    <p class='ocr_par' dir='ltr' id='par_1_30' title="bbox 465 2481 2046 2556">
     <span class='ocr_line' id='line_1_31' title="bbox 465 2481 2046 2556; baseline -0.011 -7"><span class='ocrx_word' id='word_1_240' title='bbox 465 2513 493 2548; x_wconf 87' lang='lat'><strong>1</strong></span> <span class='ocrx_word' id='word_1_241' title='bbox 533 2495 697 2549; x_wconf 92' lang='lat' dir='ltr'><strong>totius</strong></span> <span class='ocrx_word' id='word_1_242' title='bbox 720 2506 1028 2548; x_wconf 90' lang='lat' dir='ltr'><strong>mensuram</strong></span> <span class='ocrx_word' id='word_1_243' title='bbox 1055 2490 1313 2544; x_wconf 84' lang='lat' dir='ltr'><strong>decenter</strong></span> <span class='ocrx_word' id='word_1_244' title='bbox 1338 2485 1502 2556; x_wconf 82' lang='lat' dir='ltr'><strong>exigit</strong></span> <span class='ocrx_word' id='word_1_245' title='bbox 1527 2503 1540 2539; x_wconf 91' lang='lat'>:</span> <span class='ocrx_word' id='word_1_246' title='bbox 1571 2491 1727 2539; x_wconf 87' lang='lat' dir='ltr'><strong>curat</strong></span> <span class='ocrx_word' id='word_1_247' title='bbox 1748 2491 1807 2535; x_wconf 90' lang='lat' dir='ltr'><strong>ut</strong></span> <span class='ocrx_word' id='word_1_248' title='bbox 1838 2481 1904 2534; x_wconf 93' lang='lat' dir='ltr'><strong>ad</strong></span> <span class='ocrx_word' id='word_1_249' title='bbox 1933 2495 2046 2533; x_wconf 88' lang='lat' dir='ltr'><strong>ma-</strong></span> 
     </span>
    </p>
   </div>
   <div class='ocr_carea' id='block_1_31' title="bbox 469 2570 2042 2658">
    <p class='ocr_par' dir='ltr' id='par_1_31' title="bbox 469 2570 2042 2658">
     <span class='ocr_line' id='line_1_32' title="bbox 469 2570 2042 2658; baseline -0.01 -20"><span class='ocrx_word' id='word_1_250' title='bbox 469 2604 495 2638; x_wconf 85' lang='lat'><strong>1</strong></span> <span class='ocrx_word' id='word_1_251' title='bbox 530 2600 660 2640; x_wconf 90' lang='lat' dir='ltr'><strong>num</strong></span> <span class='ocrx_word' id='word_1_252' title='bbox 695 2583 766 2638; x_wconf 85' lang='lat' dir='ltr'><strong>sit</strong></span> <span class='ocrx_word' id='word_1_253' title='bbox 799 2589 1122 2658; x_wconf 74' lang='lat' dir='ltr'><strong>praeparata,</strong></span> <span class='ocrx_word' id='word_1_254' title='bbox 1179 2592 1302 2647; x_wconf 69' lang='lat' dir='ltr'><strong>quae</strong></span> <span class='ocrx_word' id='word_1_255' title='bbox 1348 2574 1579 2632; x_wconf 84' lang='lat' dir='ltr'><strong>sulIlciat</strong></span> <span class='ocrx_word' id='word_1_256' title='bbox 1631 2573 1756 2626; x_wconf 71' lang='lat' dir='ltr'><strong>aeris</strong></span> <span class='ocrx_word' id='word_1_257' title='bbox 1797 2570 2042 2625; x_wconf 79' lang='lat' dir='ltr'><strong>materia.</strong></span> 
     </span>
    </p>
   </div>
   <div class='ocr_carea' id='block_1_32' title="bbox 467 2667 2047 2747">
    <p class='ocr_par' dir='ltr' id='par_1_32' title="bbox 467 2667 2047 2747">
     <span class='ocr_line' id='line_1_33' title="bbox 467 2667 2047 2747; baseline -0.009 -17"><span class='ocrx_word' id='word_1_258' title='bbox 467 2693 496 2730; x_wconf 86' lang='lat'><strong>1</strong></span> <span class='ocrx_word' id='word_1_259' title='bbox 531 2677 708 2747; x_wconf 78' lang='lat' dir='ltr'><strong>Atque</strong></span> <span class='ocrx_word' id='word_1_260' title='bbox 744 2675 817 2729; x_wconf 89' lang='lat' dir='ltr'><strong>ita</strong></span> <span class='ocrx_word' id='word_1_261' title='bbox 851 2681 1139 2743; x_wconf 87' lang='lat' dir='ltr'><strong>postquam</strong></span> <span class='ocrx_word' id='word_1_262' title='bbox 1165 2685 1263 2725; x_wconf 88' lang='lat' dir='ltr'><strong>sua</strong></span> <span class='ocrx_word' id='word_1_263' title='bbox 1293 2667 1620 2740; x_wconf 88' lang='lat' dir='ltr'><strong>cogitatione</strong></span> <span class='ocrx_word' id='word_1_264' title='bbox 1647 2672 1877 2719; x_wconf 83' lang='lat' dir='ltr'><strong>statuam</strong></span> <span class='ocrx_word' id='word_1_265' title='bbox 1909 2676 2047 2732; x_wconf 79' lang='lat' dir='ltr'><strong>prae-</strong></span> 
     </span>
    </p>
   </div>
   <div class='ocr_carea' id='block_1_33' title="bbox 467 2750 2048 2834">
    <p class='ocr_par' dir='ltr' id='par_1_33' title="bbox 467 2750 2048 2834">
     <span class='ocr_line' id='line_1_34' title="bbox 467 2750 2048 2834; baseline -0.011 -14"><span class='ocrx_word' id='word_1_266' title='bbox 467 2783 496 2818; x_wconf 91' lang='lat'><strong>1</strong></span> <span class='ocrx_word' id='word_1_267' title='bbox 533 2763 850 2834; x_wconf 81' lang='lat' dir='ltr'><strong>ﬁguraverit</strong></span> <span class='ocrx_word' id='word_1_268' title='bbox 881 2760 1028 2815; x_wconf 88' lang='lat' dir='ltr'><strong>illam</strong></span> <span class='ocrx_word' id='word_1_269' title='bbox 1068 2776 1083 2812; x_wconf 90' lang='lat'><strong>:</strong></span> <span class='ocrx_word' id='word_1_270' title='bbox 1117 2759 1379 2812; x_wconf 88' lang='lat' dir='ltr'><strong>lustrasse</strong></span> <span class='ocrx_word' id='word_1_271' title='bbox 1413 2771 1534 2811; x_wconf 90' lang='lat' dir='ltr'><strong>eam</strong></span> <span class='ocrx_word' id='word_1_272' title='bbox 1583 2769 1640 2809; x_wconf 91' lang='lat' dir='ltr'><strong>se</strong></span> <span class='ocrx_word' id='word_1_273' title='bbox 1673 2760 1928 2822; x_wconf 87' lang='lat' dir='ltr'><strong>reputans</strong></span> <span class='ocrx_word' id='word_1_274' title='bbox 1965 2750 2048 2805; x_wconf 89' lang='lat' dir='ltr'><strong>in-</strong></span> 
     </span>
    </p>
   </div>
   <div class='ocr_carea' id='block_1_34' title="bbox 2135 630 3717 704">
    <p class='ocr_par' dir='ltr' id='par_1_34' title="bbox 2135 630 3717 704">
     <span class='ocr_line' id='line_1_35' title="bbox 2135 630 3717 704; baseline -0.015 -2"><span class='ocrx_word' id='word_1_275' title='bbox 2135 649 2228 702; x_wconf 74' lang='lat' dir='ltr'><strong>xal.</strong></span> <span class='ocrx_word' id='word_1_276' title='bbox 2255 647 2558 700; x_wconf 78' lang='grc' dir='ltr'>ἐνδιάθετον</span> <span class='ocrx_word' id='word_1_277' title='bbox 2583 643 2672 696; x_wconf 90' lang='grc' dir='ltr'><strong>τὸν</strong></span> <span class='ocrx_word' id='word_1_278' title='bbox 2695 640 2792 694; x_wconf 79' lang='grc' dir='ltr'>τοῦ</span> <span class='ocrx_word' id='word_1_279' title='bbox 2827 638 2961 692; x_wconf 82' lang='grc' dir='ltr'><strong>Θεοῦ</strong></span> <span class='ocrx_word' id='word_1_280' title='bbox 2995 637 3165 704; x_wconf 84' lang='grc' dir='ltr'>Λόγον</span> <span class='ocrx_word' id='word_1_281' title='bbox 3197 632 3457 704; x_wconf 77' lang='grc' dir='ltr'><strong>παρίστη,</strong></span> <span class='ocrx_word' id='word_1_282' title='bbox 3487 630 3717 700; x_wconf 58' lang='grc' dir='ltr'>γράφων</span> 
     </span>
    </p>
   </div>
   <div class='ocr_carea' id='block_1_35' title="bbox 2136 720 3716 808">
    <p class='ocr_par' dir='ltr' id='par_1_35' title="bbox 2136 720 3716 808">
     <span class='ocr_line' id='line_1_36' title="bbox 2136 720 3716 808; baseline -0.015 -12"><span class='ocrx_word' id='word_1_283' title='bbox 2136 740 2278 798; x_wconf 74' lang='grc' dir='ltr'>οὕτω</span> <span class='ocrx_word' id='word_1_284' title='bbox 2302 760 2314 772; x_wconf 88' lang='grc'><strong>·</strong></span> <span class='ocrx_word' id='word_1_285' title='bbox 2378 760 2396 791; x_wconf 83' lang='grc' dir='ltr'><strong>ι</strong></span> <span class='ocrx_word' id='word_1_286' title='bbox 2432 733 2528 801; x_wconf 89' lang='grc' dir='ltr'>Τίς</span> <span class='ocrx_word' id='word_1_287' title='bbox 2573 736 2682 808; x_wconf 87' lang='grc' dir='ltr'>γὰρ</span> <span class='ocrx_word' id='word_1_288' title='bbox 2730 733 2903 796; x_wconf 75' lang='grc' dir='ltr'>οὕτως</span> <span class='ocrx_word' id='word_1_289' title='bbox 2941 729 2975 804; x_wconf 77' lang='grc' dir='ltr'>ἦ</span> <span class='ocrx_word' id='word_1_290' title='bbox 3007 731 3113 783; x_wconf 82' lang='grc' dir='ltr'><strong>τῶν</strong></span> <span class='ocrx_word' id='word_1_291' title='bbox 3161 727 3331 796; x_wconf 88' lang='grc' dir='ltr'>ἁγίων</span> <span class='ocrx_word' id='word_1_292' title='bbox 3378 725 3649 793; x_wconf 77' lang='grc' dir='ltr'>ἀγγέλων,</span> <span class='ocrx_word' id='word_1_293' title='bbox 3681 720 3716 792; x_wconf 71' lang='grc' dir='ltr'><strong>ἢ</strong></span> 
     </span>
    </p>
   </div>
   <div class='ocr_carea' id='block_1_36' title="bbox 2145 813 3717 904">
    <p class='ocr_par' dir='ltr' id='par_1_36' title="bbox 2145 813 3717 904">
     <span class='ocr_line' id='line_1_37' title="bbox 2145 813 3717 904; baseline -0.013 -18"><span class='ocrx_word' id='word_1_294' title='bbox 2145 855 2163 886; x_wconf 91' lang='lat'><strong>1</strong></span> <span class='ocrx_word' id='word_1_295' title='bbox 2201 831 2408 904; x_wconf 81' lang='grc' dir='ltr'>ἀνδρῶν</span> <span class='ocrx_word' id='word_1_296' title='bbox 2448 829 2672 884; x_wconf 87' lang='grc' dir='ltr'>δικαίων</span> <span class='ocrx_word' id='word_1_297' title='bbox 2711 825 3022 890; x_wconf 84' lang='grc' dir='ltr'>ἀξιόπιστος</span> <span class='ocrx_word' id='word_1_298' title='bbox 3066 815 3135 892; x_wconf 80' lang='grc' dir='ltr'>ἦν</span> <span class='ocrx_word' id='word_1_299' title='bbox 3178 819 3281 891; x_wconf 84' lang='grc' dir='ltr'><strong>τὴν</strong></span> <span class='ocrx_word' id='word_1_300' title='bbox 3328 819 3392 871; x_wconf 77' lang='grc' dir='ltr'><strong>ἐκ</strong></span> <span class='ocrx_word' id='word_1_301' title='bbox 3424 813 3717 887; x_wconf 72' lang='grc' dir='ltr'>προσώπου</span> 
     </span>
    </p>
   </div>
   <div class='ocr_carea' id='block_1_37' title="bbox 2145 903 3720 990">
    <p class='ocr_par' dir='ltr' id='par_1_37' title="bbox 2145 903 3720 990">
     <span class='ocr_line' id='line_1_38' title="bbox 2145 903 3720 990; baseline -0.013 -15"><span class='ocrx_word' id='word_1_302' title='bbox 2145 943 2163 975; x_wconf 92' lang='lat'><strong>1</strong></span> <span class='ocrx_word' id='word_1_303' title='bbox 2205 903 2309 977; x_wconf 3' lang='grc' dir='ltr'>τοῦδ</span> <span class='ocrx_word' id='word_1_304' title='bbox 2332 920 2469 975; x_wconf 80' lang='grc' dir='ltr'>Θεοῦ</span> <span class='ocrx_word' id='word_1_305' title='bbox 2510 918 2817 990; x_wconf 84' lang='grc' dir='ltr'>ὁρισθεῖσαν</span> <span class='ocrx_word' id='word_1_306' title='bbox 2847 912 2996 983; x_wconf 86' lang='grc' dir='ltr'>αύτῷ</span> <span class='ocrx_word' id='word_1_307' title='bbox 3039 906 3309 981; x_wconf 83' lang='grc' dir='ltr'>τιμωρίαν</span> <span class='ocrx_word' id='word_1_308' title='bbox 3347 904 3529 968; x_wconf 83' lang='grc' dir='ltr'>λ’ύσαι,</span> <span class='ocrx_word' id='word_1_309' title='bbox 3556 906 3608 956; x_wconf 90' lang='grc' dir='ltr'><strong>εί</strong></span> <span class='ocrx_word' id='word_1_310' title='bbox 3647 903 3720 973; x_wconf 76' lang='grc' dir='ltr'>μὴ</span> 
     </span>
    </p>
   </div>
   <div class='ocr_carea' id='block_1_38' title="bbox 2145 997 3721 1077">
    <p class='ocr_par' dir='ltr' id='par_1_38' title="bbox 2145 997 3721 1077">
     <span class='ocr_line' id='line_1_39' title="bbox 2145 997 3721 1077; baseline -0.012 -13"><span class='ocrx_word' id='word_1_311' title='bbox 2145 1032 2164 1064; x_wconf 84' lang='grc' dir='ltr'><strong>ι</strong></span> <span class='ocrx_word' id='word_1_312' title='bbox 2195 1013 2355 1074; x_wconf 77' lang='grc' dir='ltr'>αὐτὸς</span> <span class='ocrx_word' id='word_1_313' title='bbox 2393 1013 2422 1064; x_wconf 89' lang='grc' dir='ltr'><strong>ὁ</strong></span> <span class='ocrx_word' id='word_1_314' title='bbox 2463 1010 2655 1077; x_wconf 86' lang='grc' dir='ltr'><strong>Λόγος,</strong></span> <span class='ocrx_word' id='word_1_315' title='bbox 2683 1009 2712 1060; x_wconf 86' lang='grc' dir='ltr'>ὁ</span> <span class='ocrx_word' id='word_1_316' title='bbox 2759 1003 3061 1076; x_wconf 79' lang='grc' dir='ltr'>συμπαρών</span> <span class='ocrx_word' id='word_1_317' title='bbox 3099 1019 3157 1054; x_wconf 92' lang='grc' dir='ltr'><strong>τε</strong></span> <span class='ocrx_word' id='word_1_318' title='bbox 3203 1001 3295 1054; x_wconf 73' lang='grc' dir='ltr'><strong>καὶ</strong></span> <span class='ocrx_word' id='word_1_319' title='bbox 3336 997 3721 1068; x_wconf 85' lang='grc' dir='ltr'>συμπλάττων,</span> 
     </span>
    </p>
   </div>
   <div class='ocr_carea' id='block_1_39' title="bbox 2147 1089 3719 1176">
    <p class='ocr_par' dir='ltr' id='par_1_39' title="bbox 2147 1089 3719 1176">
     <span class='ocr_line' id='line_1_40' title="bbox 2147 1089 3719 1176; baseline -0.013 -18"><span class='ocrx_word' id='word_1_320' title='bbox 2147 1125 2165 1156; x_wconf 94' lang='lat'><strong>1</strong></span> <span class='ocrx_word' id='word_1_321' title='bbox 2200 1101 2335 1176; x_wconf 82' lang='grc' dir='ltr'>πρὸς</span> <span class='ocrx_word' id='word_1_322' title='bbox 2367 1098 2425 1155; x_wconf 78' lang='grc' dir='ltr'>ὃν</span> <span class='ocrx_word' id='word_1_323' title='bbox 2453 1104 2481 1154; x_wconf 89' lang='grc' dir='ltr'><strong>ό</strong></span> <span class='ocrx_word' id='word_1_324' title='bbox 2510 1099 2698 1171; x_wconf 79' lang='grc' dir='ltr'>Πατὴρ</span> <span class='ocrx_word' id='word_1_325' title='bbox 2719 1142 2733 1161; x_wconf 84' lang='grc'><strong>,</strong></span> <span class='ocrx_word' id='word_1_326' title='bbox 2772 1095 3118 1162; x_wconf 79' lang='grc' dir='ltr'><strong>Ποιήσωμεν</strong></span> <span class='ocrx_word' id='word_1_327' title='bbox 3146 1092 3456 1160; x_wconf 69' lang='grc' dir='ltr'>ἄνθρωπον</span> <span class='ocrx_word' id='word_1_328' title='bbox 3475 1131 3489 1150; x_wconf 91' lang='grc'><strong>,</strong></span> <span class='ocrx_word' id='word_1_329' title='bbox 3521 1089 3664 1157; x_wconf 72' lang='grc' dir='ltr'><strong>ἔφης</strong></span> <span class='ocrx_word' id='word_1_330' title='bbox 3700 1107 3719 1138; x_wconf 83' lang='lat' dir='ltr'><strong>s</strong></span> 
     </span>
    </p>
   </div>
   <div class='ocr_carea' id='block_1_40' title="bbox 2142 1179 3722 1262">
    <p class='ocr_par' dir='ltr' id='par_1_40' title="bbox 2142 1179 3722 1262">
     <span class='ocr_line' id='line_1_41' title="bbox 2142 1179 3722 1262; baseline -0.014 -11"><span class='ocrx_word' id='word_1_331' title='bbox 2142 1197 2361 1260; x_wconf 79' lang='grc' dir='ltr'><strong>Τούτοις</strong></span> <span class='ocrx_word' id='word_1_332' title='bbox 2394 1194 2519 1262; x_wconf 79' lang='grc' dir='ltr'>ἐξῆς</span> <span class='ocrx_word' id='word_1_333' title='bbox 2545 1193 2796 1261; x_wconf 83' lang='grc' dir='ltr'><strong>διασαφεῖ</strong></span> <span class='ocrx_word' id='word_1_334' title='bbox 2823 1191 2850 1242; x_wconf 86' lang='grc' dir='ltr'>ὁ</span> <span class='ocrx_word' id='word_1_335' title='bbox 2873 1191 3022 1244; x_wconf 87' lang='grc' dir='ltr'>ποῖον</span> <span class='ocrx_word' id='word_1_336' title='bbox 3047 1185 3252 1254; x_wconf 75' lang='grc' dir='ltr'>εἰσάγει</span> <span class='ocrx_word' id='word_1_337' title='bbox 3277 1181 3434 1251; x_wconf 86' lang='grc' dir='ltr'>λόγον</span> <span class='ocrx_word' id='word_1_338' title='bbox 3457 1179 3687 1250; x_wconf 73' lang='grc' dir='ltr'>φάσκων</span> <span class='ocrx_word' id='word_1_339' title='bbox 3708 1197 3722 1208; x_wconf 92' lang='grc'><strong>·</strong></span> 
     </span>
    </p>
   </div>
   <div class='ocr_carea' id='block_1_41' title="bbox 2147 1271 3727 1354">
    <p class='ocr_par' dir='ltr' id='par_1_41' title="bbox 2147 1271 3727 1354">
     <span class='ocr_line' id='line_1_42' title="bbox 2147 1271 3727 1354; baseline -0.011 -14"><span class='ocrx_word' id='word_1_340' title='bbox 2147 1309 2165 1340; x_wconf 90' lang='lat'><strong>1</strong></span> <span class='ocrx_word' id='word_1_341' title='bbox 2201 1287 2314 1340; x_wconf 86' lang='grc' dir='ltr'>ἀλλ’</span> <span class='ocrx_word' id='word_1_342' title='bbox 2350 1286 2402 1338; x_wconf 84' lang='grc' dir='ltr'><strong>εί</strong></span> <span class='ocrx_word' id='word_1_343' title='bbox 2429 1302 2514 1347; x_wconf 90' lang='grc' dir='ltr'><strong>τις</strong></span> <span class='ocrx_word' id='word_1_344' title='bbox 2546 1282 2727 1354; x_wconf 82' lang='grc' dir='ltr'>μικρῷ</span> <span class='ocrx_word' id='word_1_345' title='bbox 2771 1298 2875 1333; x_wconf 90' lang='grc' dir='ltr'>τινι</span> <span class='ocrx_word' id='word_1_346' title='bbox 2919 1278 3014 1331; x_wconf 75' lang='grc' dir='ltr'>καὶ</span> <span class='ocrx_word' id='word_1_347' title='bbox 3046 1275 3366 1347; x_wconf 82' lang='grc' dir='ltr'>ἀνθρωπίνῳ</span> <span class='ocrx_word' id='word_1_348' title='bbox 3411 1271 3534 1325; x_wconf 82' lang='grc' dir='ltr'>καθ’</span> <span class='ocrx_word' id='word_1_349' title='bbox 3572 1272 3727 1341; x_wconf 77' lang='grc' dir='ltr'>ἡμᾶς</span> 
     </span>
    </p>
   </div>
   <div class='ocr_carea' id='block_1_42' title="bbox 2149 1363 3730 1449">
    <p class='ocr_par' dir='ltr' id='par_1_42' title="bbox 2149 1363 3730 1449">
     <span class='ocr_line' id='line_1_43' title="bbox 2149 1363 3730 1449; baseline -0.014 -15"><span class='ocrx_word' id='word_1_350' title='bbox 2149 1399 2169 1434; x_wconf 94' lang='lat'><strong>1</strong></span> <span class='ocrx_word' id='word_1_351' title='bbox 2211 1377 2610 1449; x_wconf 77' lang='grc' dir='ltr'>παραδείγματι</span> <span class='ocrx_word' id='word_1_352' title='bbox 2635 1372 2913 1446; x_wconf 82' lang='grc' dir='ltr'>χρώμενος</span> <span class='ocrx_word' id='word_1_353' title='bbox 2931 1409 2946 1434; x_wconf 91' lang='grc'><strong>,</strong></span> <span class='ocrx_word' id='word_1_354' title='bbox 2980 1369 3056 1432; x_wconf 85' lang='grc' dir='ltr'>ὡς</span> <span class='ocrx_word' id='word_1_355' title='bbox 3085 1367 3172 1421; x_wconf 75' lang='grc' dir='ltr'><strong>διὰ</strong></span> <span class='ocrx_word' id='word_1_356' title='bbox 3203 1365 3408 1427; x_wconf 77' lang='grc' dir='ltr'>εἰκόνος</span> <span class='ocrx_word' id='word_1_357' title='bbox 3434 1365 3536 1434; x_wconf 84' lang='grc' dir='ltr'><strong>τὴν</strong></span> <span class='ocrx_word' id='word_1_358' title='bbox 3572 1363 3730 1414; x_wconf 84' lang='grc' dir='ltr'>θείαν</span> 
     </span>
    </p>
   </div>
   <div class='ocr_carea' id='block_1_43' title="bbox 2151 1454 3732 1539">
    <p class='ocr_par' dir='ltr' id='par_1_43' title="bbox 2151 1454 3732 1539">
     <span class='ocr_line' id='line_1_44' title="bbox 2151 1454 3732 1539; baseline -0.011 -17"><span class='ocrx_word' id='word_1_359' title='bbox 2151 1490 2169 1522; x_wconf 93' lang='lat'><strong>1</strong></span> <span class='ocrx_word' id='word_1_360' title='bbox 2204 1469 2444 1537; x_wconf 74' lang='grc' dir='ltr'>ἐξετάζοι</span> <span class='ocrx_word' id='word_1_361' title='bbox 2490 1465 2718 1539; x_wconf 82' lang='grc' dir='ltr'>πρᾶξιν,</span> <span class='ocrx_word' id='word_1_362' title='bbox 2753 1463 2940 1532; x_wconf 81' lang='grc' dir='ltr'>ὥσπερ</span> <span class='ocrx_word' id='word_1_363' title='bbox 2969 1461 3035 1516; x_wconf 85' lang='grc' dir='ltr'>ἂν</span> <span class='ocrx_word' id='word_1_364' title='bbox 3067 1458 3121 1512; x_wconf 79' lang='grc' dir='ltr'><strong>εί</strong></span> <span class='ocrx_word' id='word_1_365' title='bbox 3157 1471 3241 1522; x_wconf 86' lang='grc' dir='ltr'><strong>τις</strong></span> <span class='ocrx_word' id='word_1_366' title='bbox 3281 1454 3732 1529; x_wconf 81' lang='grc' dir='ltr'>ἀνδριαντοποιὸς</span> 
     </span>
    </p>
   </div>
   <div class='ocr_carea' id='block_1_44' title="bbox 2151 1547 3730 1631">
    <p class='ocr_par' dir='ltr' id='par_1_44' title="bbox 2151 1547 3730 1631">
     <span class='ocr_line' id='line_1_45' title="bbox 2151 1547 3730 1631; baseline -0.011 -17"><span class='ocrx_word' id='word_1_367' title='bbox 2151 1581 2170 1613; x_wconf 92' lang='lat'><strong>1</strong></span> <span class='ocrx_word' id='word_1_368' title='bbox 2211 1561 2526 1631; x_wconf 88' lang='grc' dir='ltr'>ἐπιστήμων</span> <span class='ocrx_word' id='word_1_369' title='bbox 2578 1557 2746 1628; x_wconf 86' lang='grc' dir='ltr'>ἀνὴρ,</span> <span class='ocrx_word' id='word_1_370' title='bbox 2795 1551 3082 1626; x_wconf 82' lang='grc' dir='ltr'>ἀνδριάντα</span> <span class='ocrx_word' id='word_1_371' title='bbox 3135 1547 3334 1602; x_wconf 80' lang='grc' dir='ltr'>πλάσαι</span> <span class='ocrx_word' id='word_1_372' title='bbox 3381 1547 3730 1618; x_wconf 81' lang='grc' dir='ltr'>βουλόμενος,</span> 
     </span>
    </p>
   </div>
   <div class='ocr_carea' id='block_1_45' title="bbox 2151 1639 3736 1723">
    <p class='ocr_par' dir='ltr' id='par_1_45' title="bbox 2151 1639 3736 1723">
     <span class='ocr_line' id='line_1_46' title="bbox 2151 1639 3736 1723; baseline -0.01 -19"><span class='ocrx_word' id='word_1_373' title='bbox 2151 1670 2170 1703; x_wconf 96' lang='lat'><strong>1</strong></span> <span class='ocrx_word' id='word_1_374' title='bbox 2208 1650 2420 1723; x_wconf 87' lang='grc' dir='ltr'>πρῶτον</span> <span class='ocrx_word' id='word_1_375' title='bbox 2453 1648 2550 1719; x_wconf 86' lang='grc' dir='ltr'>μὲν</span> <span class='ocrx_word' id='word_1_376' title='bbox 2574 1646 2694 1710; x_wconf 66' lang='grc' dir='ltr'>τοὺς</span> <span class='ocrx_word' id='word_1_377' title='bbox 2718 1641 2928 1706; x_wconf 80' lang='grc' dir='ltr'>τύπους</span> <span class='ocrx_word' id='word_1_378' title='bbox 2961 1639 3126 1694; x_wconf 80' lang='grc' dir='ltr'><strong>αύτοῦ</strong></span> <span class='ocrx_word' id='word_1_379' title='bbox 3154 1640 3247 1693; x_wconf 71' lang='grc' dir='ltr'><strong>καὶ</strong></span> <span class='ocrx_word' id='word_1_380' title='bbox 3282 1639 3646 1709; x_wconf 78' lang='grc' dir='ltr'>χαρακτῆρας</span> <span class='ocrx_word' id='word_1_381' title='bbox 3675 1639 3736 1689; x_wconf 81' lang='grc' dir='ltr'><strong>ἐν</strong></span> 
     </span>
    </p>
   </div>
   <div class='ocr_carea' id='block_1_46' title="bbox 2154 1730 3736 1813">
    <p class='ocr_par' dir='ltr' id='par_1_46' title="bbox 2154 1730 3736 1813">
     <span class='ocr_line' id='line_1_47' title="bbox 2154 1730 3736 1813; baseline -0.01 -17"><span class='ocrx_word' id='word_1_382' title='bbox 2154 1763 2173 1796; x_wconf 92' lang='lat'><strong>1</strong></span> <span class='ocrx_word' id='word_1_383' title='bbox 2205 1742 2383 1813; x_wconf 75' lang='grc' dir='ltr'>ἐαυτῷ</span> <span class='ocrx_word' id='word_1_384' title='bbox 2417 1743 2642 1794; x_wconf 80' lang='grc' dir='ltr'>σκοπεῖ·</span> <span class='ocrx_word' id='word_1_385' title='bbox 2686 1738 2875 1791; x_wconf 77' lang='grc' dir='ltr'>ἔπειτα</span> <span class='ocrx_word' id='word_1_386' title='bbox 2915 1733 3113 1798; x_wconf 81' lang='grc' dir='ltr'>πλάτος</span> <span class='ocrx_word' id='word_1_387' title='bbox 3151 1750 3211 1786; x_wconf 86' lang='grc' dir='ltr'><strong>τε</strong></span> <span class='ocrx_word' id='word_1_388' title='bbox 3241 1734 3333 1786; x_wconf 71' lang='grc' dir='ltr'><strong>καὶ</strong></span> <span class='ocrx_word' id='word_1_389' title='bbox 3363 1731 3568 1802; x_wconf 77' lang='grc' dir='ltr'>μῆκος,</span> <span class='ocrx_word' id='word_1_390' title='bbox 3607 1730 3736 1782; x_wconf 81' lang='grc' dir='ltr'>ὅσον</span> 
     </span>
    </p>
   </div>
   <div class='ocr_carea' id='block_1_47' title="bbox 2155 1819 3735 1906">
    <p class='ocr_par' dir='ltr' id='par_1_47' title="bbox 2155 1819 3735 1906">
     <span class='ocr_line' id='line_1_48' title="bbox 2155 1819 3735 1906; baseline -0.011 -17"><span class='ocrx_word' id='word_1_391' title='bbox 2155 1855 2175 1888; x_wconf 91' lang='lat'><strong>1</strong></span> <span class='ocrx_word' id='word_1_392' title='bbox 2212 1834 2501 1906; x_wconf 82' lang='grc' dir='ltr'>εὐπρεπὲς,</span> <span class='ocrx_word' id='word_1_393' title='bbox 2536 1832 2705 1884; x_wconf 88' lang='grc' dir='ltr'>ἐννοεῖ</span> <span class='ocrx_word' id='word_1_394' title='bbox 2729 1845 2742 1858; x_wconf 78' lang='grc'><strong><em>⁸</em></strong></span> <span class='ocrx_word' id='word_1_395' title='bbox 2773 1825 3062 1894; x_wconf 73' lang='grc' dir='ltr'>ἀναλογίαν</span> <span class='ocrx_word' id='word_1_396' title='bbox 3104 1840 3163 1878; x_wconf 91' lang='grc' dir='ltr'><strong>τε</strong></span> <span class='ocrx_word' id='word_1_397' title='bbox 3205 1821 3296 1877; x_wconf 77' lang='grc' dir='ltr'>τοῦ</span> <span class='ocrx_word' id='word_1_398' title='bbox 3328 1822 3528 1884; x_wconf 89' lang='grc' dir='ltr'>παντὸς</span> <span class='ocrx_word' id='word_1_399' title='bbox 3561 1824 3623 1874; x_wconf 88' lang='grc' dir='ltr'><strong>ἐν</strong></span> <span class='ocrx_word' id='word_1_400' title='bbox 3652 1819 3735 1890; x_wconf 81' lang='grc' dir='ltr'>τῷ</span> 
     </span>
    </p>
   </div>
   <div class='ocr_carea' id='block_1_48' title="bbox 2155 1913 3735 1990">
    <p class='ocr_par' dir='ltr' id='par_1_48' title="bbox 2155 1913 3735 1990">
     <span class='ocr_line' id='line_1_49' title="bbox 2155 1913 3735 1990; baseline -0.009 -12"><span class='ocrx_word' id='word_1_401' title='bbox 2155 1945 2174 1978; x_wconf 84' lang='grc' dir='ltr'><strong>ι</strong></span> <span class='ocrx_word' id='word_1_402' title='bbox 2207 1925 2328 1980; x_wconf 84' lang='grc' dir='ltr'>καθ’</span> <span class='ocrx_word' id='word_1_403' title='bbox 2361 1925 2590 1978; x_wconf 76' lang='grc' dir='ltr'>ἕκαστον</span> <span class='ocrx_word' id='word_1_404' title='bbox 2617 1920 2856 1986; x_wconf 76' lang='grc' dir='ltr'>ἐξετάζει</span> <span class='ocrx_word' id='word_1_405' title='bbox 2889 1916 3074 1990; x_wconf 78' lang='grc' dir='ltr'>μέρει,</span> <span class='ocrx_word' id='word_1_406' title='bbox 3105 1914 3305 1987; x_wconf 78' lang='grc' dir='ltr'>χαλκοῦ</span> <span class='ocrx_word' id='word_1_407' title='bbox 3337 1931 3395 1966; x_wconf 89' lang='grc' dir='ltr'><strong>τε</strong></span> <span class='ocrx_word' id='word_1_408' title='bbox 3424 1914 3525 1985; x_wconf 78' lang='grc' dir='ltr'><strong>τὴν</strong></span> <span class='ocrx_word' id='word_1_409' title='bbox 3553 1913 3735 1984; x_wconf 75' lang='grc' dir='ltr'>πρόσ-</span> 
     </span>
    </p>
   </div>
   <div class='ocr_carea' id='block_1_49' title="bbox 2155 2002 3736 2089">
    <p class='ocr_par' dir='ltr' id='par_1_49' title="bbox 2155 2002 3736 2089">
     <span class='ocr_line' id='line_1_50' title="bbox 2155 2002 3736 2089; baseline -0.01 -19"><span class='ocrx_word' id='word_1_410' title='bbox 2155 2038 2172 2070; x_wconf 83' lang='grc' dir='ltr'><strong>ι</strong></span> <span class='ocrx_word' id='word_1_411' title='bbox 2207 2034 2369 2089; x_wconf 81' lang='grc' dir='ltr'>φορον</span> <span class='ocrx_word' id='word_1_412' title='bbox 2396 2012 2688 2085; x_wconf 78' lang='grc' dir='ltr'>ἑτοιμάσας</span> <span class='ocrx_word' id='word_1_413' title='bbox 2715 2010 2867 2081; x_wconf 79' lang='grc' dir='ltr'>ὓλην,</span> <span class='ocrx_word' id='word_1_414' title='bbox 2894 2009 2989 2062; x_wconf 67' lang='grc' dir='ltr'><strong>καὶ</strong></span> <span class='ocrx_word' id='word_1_415' title='bbox 3025 2008 3116 2060; x_wconf 83' lang='grc' dir='ltr'><strong>τὸν</strong></span> <span class='ocrx_word' id='word_1_416' title='bbox 3140 2003 3395 2076; x_wconf 74' lang='grc' dir='ltr'>ἐσόμενον</span> <span class='ocrx_word' id='word_1_417' title='bbox 3435 2002 3736 2074; x_wconf 72' lang='grc' dir='ltr'>ἀνδριάντα</span> 
     </span>
    </p>
   </div>
   <div class='ocr_carea' id='block_1_50' title="bbox 2155 2092 3736 2180">
    <p class='ocr_par' dir='ltr' id='par_1_50' title="bbox 2155 2092 3736 2180">
     <span class='ocr_line' id='line_1_51' title="bbox 2155 2092 3736 2180; baseline -0.011 -20"><span class='ocrx_word' id='word_1_418' title='bbox 2155 2128 2172 2160; x_wconf 93' lang='lat'><strong>1</strong></span> <span class='ocrx_word' id='word_1_419' title='bbox 2204 2113 2270 2180; x_wconf 83' lang='grc' dir='ltr'>τῇ</span> <span class='ocrx_word' id='word_1_420' title='bbox 2307 2106 2496 2161; x_wconf 75' lang='grc' dir='ltr'>ἐαυτοῦ</span> <span class='ocrx_word' id='word_1_421' title='bbox 2536 2099 2898 2176; x_wconf 86' lang='grc' dir='ltr'>προτυπώσας</span> <span class='ocrx_word' id='word_1_422' title='bbox 2935 2099 3175 2169; x_wconf 79' lang='grc' dir='ltr'>διανοίᾳ,</span> <span class='ocrx_word' id='word_1_423' title='bbox 3211 2099 3304 2151; x_wconf 74' lang='grc' dir='ltr'><strong>καὶ</strong></span> <span class='ocrx_word' id='word_1_424' title='bbox 3345 2095 3550 2164; x_wconf 80' lang='grc' dir='ltr'>νοητῶς</span> <span class='ocrx_word' id='word_1_425' title='bbox 3598 2092 3736 2165; x_wconf 83' lang='grc' dir='ltr'>όρᾷν</span> 
     </span>
    </p>
   </div>
   <div class='ocr_carea' id='block_1_51' title="bbox 2155 2175 3738 2272">
    <p class='ocr_par' dir='ltr' id='par_1_51' title="bbox 2155 2175 3738 2272">
     <span class='ocr_line' id='line_1_52' title="bbox 2155 2175 3738 2272; baseline -0.012 -17"><span class='ocrx_word' id='word_1_426' title='bbox 2155 2220 2176 2255; x_wconf 91' lang='lat'><strong>1</strong></span> <span class='ocrx_word' id='word_1_427' title='bbox 2212 2201 2460 2272; x_wconf 83' lang='grc' dir='ltr'>νομίσας,</span> <span class='ocrx_word' id='word_1_428' title='bbox 2496 2195 2747 2259; x_wconf 83' lang='grc' dir='ltr'>συνειδώς</span> <span class='ocrx_word' id='word_1_429' title='bbox 2774 2212 2834 2247; x_wconf 91' lang='grc' dir='ltr'><strong>τε</strong></span> <span class='ocrx_word' id='word_1_430' title='bbox 2867 2191 3044 2263; x_wconf 81' lang='grc' dir='ltr'>ἐαυτῷ</span> <span class='ocrx_word' id='word_1_431' title='bbox 3071 2191 3351 2262; x_wconf 82' lang='grc' dir='ltr'>συνεργεῖν</span> <span class='ocrx_word' id='word_1_432' title='bbox 3375 2187 3468 2240; x_wconf 81' lang='grc' dir='ltr'><strong>τὸν</strong></span> <span class='ocrx_word' id='word_1_433' title='bbox 3493 2186 3659 2253; x_wconf 82' lang='grc' dir='ltr'>λόγον</span> <span class='ocrx_word' id='word_1_434' title='bbox 3690 2175 3738 2252; x_wconf 78' lang='grc' dir='ltr'><strong>ᾧ</strong></span> 
     </span>
    </p>
   </div>
   <div class='ocr_carea' id='block_1_52' title="bbox 2155 2275 3740 2361">
    <p class='ocr_par' dir='ltr' id='par_1_52' title="bbox 2155 2275 3740 2361">
     <span class='ocr_line' id='line_1_53' title="bbox 2155 2275 3740 2361; baseline -0.011 -16"><span class='ocrx_word' id='word_1_435' title='bbox 2155 2312 2174 2344; x_wconf 95' lang='lat'><strong>1</strong></span> <span class='ocrx_word' id='word_1_436' title='bbox 2211 2291 2517 2361; x_wconf 76' lang='grc' dir='ltr'>λογίζεται,</span> <span class='ocrx_word' id='word_1_437' title='bbox 2565 2288 2659 2342; x_wconf 76' lang='grc' dir='ltr'><strong>καὶ</strong></span> <span class='ocrx_word' id='word_1_438' title='bbox 2791 2284 2968 2340; x_wconf 78' lang='grc' dir='ltr'>πάντα</span> <span class='ocrx_word' id='word_1_439' title='bbox 3023 2284 3282 2355; x_wconf 82' lang='grc' dir='ltr'>π’ράττειν</span> <span class='ocrx_word' id='word_1_440' title='bbox 3326 2279 3515 2332; x_wconf 81' lang='grc' dir='ltr'>εἴωθεν</span> <span class='ocrx_word' id='word_1_441' title='bbox 3555 2275 3740 2347; x_wconf 74' lang='grc' dir='ltr'>(οὗδέν</span> 
     </span>
    </p>
   </div>
   <div class='ocr_carea' id='block_1_53' title="bbox 2155 2369 3740 2452">
    <p class='ocr_par' dir='ltr' id='par_1_53' title="bbox 2155 2369 3740 2452">
     <span class='ocr_line' id='line_1_54' title="bbox 2155 2369 3740 2452; baseline -0.007 -19"><span class='ocrx_word' id='word_1_442' title='bbox 2155 2402 2174 2433; x_wconf 88' lang='lat'><strong>1</strong></span> <span class='ocrx_word' id='word_1_443' title='bbox 2212 2381 2321 2452; x_wconf 77' lang='grc' dir='ltr'><strong>γάρ</strong></span> <span class='ocrx_word' id='word_1_444' title='bbox 2370 2379 2481 2450; x_wconf 86' lang='grc'><strong>(58)</strong></span> <span class='ocrx_word' id='word_1_445' title='bbox 2514 2378 2610 2450; x_wconf 64' lang='grc' dir='ltr'>ίμὴ</span> <span class='ocrx_word' id='word_1_446' title='bbox 2657 2376 2801 2448; x_wconf 88' lang='grc' dir='ltr'>λόγῳ</span> <span class='ocrx_word' id='word_1_447' title='bbox 2849 2375 3131 2446; x_wconf 84' lang='grc' dir='ltr'>γινόμενον</span> <span class='ocrx_word' id='word_1_448' title='bbox 3179 2371 3386 2441; x_wconf 88' lang='grc' dir='ltr'>καλὸν),</span> <span class='ocrx_word' id='word_1_449' title='bbox 3429 2369 3740 2441; x_wconf 77' lang='grc' dir='ltr'>ἀρχόμενος</span> 
     </span>
    </p>
   </div>
   <div class='ocr_carea' id='block_1_54' title="bbox 2156 2461 3743 2544">
    <p class='ocr_par' dir='ltr' id='par_1_54' title="bbox 2156 2461 3743 2544">
     <span class='ocr_line' id='line_1_55' title="bbox 2156 2461 3743 2544; baseline -0.008 -18"><span class='ocrx_word' id='word_1_450' title='bbox 2156 2492 2175 2526; x_wconf 93' lang='lat'><strong>1</strong></span> <span class='ocrx_word' id='word_1_451' title='bbox 2205 2475 2304 2544; x_wconf 75' lang='grc' dir='ltr'>τῆς</span> <span class='ocrx_word' id='word_1_452' title='bbox 2354 2473 2617 2543; x_wconf 76' lang='grc' dir='ltr'>αἰσθητῆς</span> <span class='ocrx_word' id='word_1_453' title='bbox 2663 2470 2867 2540; x_wconf 82' lang='grc' dir='ltr'>ταύτης</span> <span class='ocrx_word' id='word_1_454' title='bbox 2913 2466 3196 2539; x_wconf 80' lang='grc' dir='ltr'>ἐργασίας,</span> <span class='ocrx_word' id='word_1_455' title='bbox 3240 2463 3378 2536; x_wconf 80' lang='grc' dir='ltr'>πρὸς</span> <span class='ocrx_word' id='word_1_456' title='bbox 3418 2461 3633 2526; x_wconf 77' lang='grc' dir='ltr'>ἑαυτὸν,</span> <span class='ocrx_word' id='word_1_457' title='bbox 3659 2461 3743 2526; x_wconf 82' lang='grc' dir='ltr'>ὼς</span> 
     </span>
    </p>
   </div>
   <div class='ocr_carea' id='block_1_55' title="bbox 2157 2555 3742 2637">
    <p class='ocr_par' dir='ltr' id='par_1_55' title="bbox 2157 2555 3742 2637">
     <span class='ocr_line' id='line_1_56' title="bbox 2157 2555 3742 2637; baseline -0.008 -19"><span class='ocrx_word' id='word_1_458' title='bbox 2157 2585 2177 2618; x_wconf 82' lang='grc' dir='ltr'><strong>ι</strong></span> <span class='ocrx_word' id='word_1_459' title='bbox 2213 2565 2350 2637; x_wconf 86' lang='grc' dir='ltr'>πρὸς</span> <span class='ocrx_word' id='word_1_460' title='bbox 2382 2566 2588 2636; x_wconf 72' lang='grc' dir='ltr'>ἕτερον,</span> <span class='ocrx_word' id='word_1_461' title='bbox 2623 2559 3052 2634; x_wconf 81' lang='grc' dir='ltr'>παρακελεύεται</span> <span class='ocrx_word' id='word_1_462' title='bbox 3097 2559 3289 2626; x_wconf 80' lang='grc' dir='ltr'>λέγων,</span> <span class='ocrx_word' id='word_1_463' title='bbox 3321 2557 3454 2625; x_wconf 81' lang='grc' dir='ltr'>Ἀγε</span> <span class='ocrx_word' id='word_1_464' title='bbox 3496 2555 3742 2626; x_wconf 79' lang='grc' dir='ltr'>ποιήσω-</span> 
     </span>
    </p>
   </div>
   <div class='ocr_carea' id='block_1_56' title="bbox 2157 2647 3741 2732">
    <p class='ocr_par' dir='ltr' id='par_1_56' title="bbox 2157 2647 3741 2732">
     <span class='ocr_line' id='line_1_57' title="bbox 2157 2647 3741 2732; baseline -0.01 -18"><span class='ocrx_word' id='word_1_465' title='bbox 2157 2679 2176 2713; x_wconf 93' lang='lat'><strong>1</strong></span> <span class='ocrx_word' id='word_1_466' title='bbox 2221 2677 2342 2732; x_wconf 87' lang='grc' dir='ltr'>μεν,</span> <span class='ocrx_word' id='word_1_467' title='bbox 2377 2658 2476 2727; x_wconf 79' lang='grc' dir='ltr'><strong>άγε</strong></span> <span class='ocrx_word' id='word_1_468' title='bbox 2506 2657 2798 2726; x_wconf 88' lang='grc' dir='ltr'>πλάσωμεν</span> <span class='ocrx_word' id='word_1_469' title='bbox 2833 2652 3124 2725; x_wconf 84' lang='grc' dir='ltr'>ἀνδριάντα</span> <span class='ocrx_word' id='word_1_470' title='bbox 3149 2667 3163 2680; x_wconf 74' lang='grc' dir='ltr'><strong>ο</strong></span> <span class='ocrx_word' id='word_1_471' title='bbox 3199 2648 3371 2713; x_wconf 73' lang='grc' dir='ltr'>οὕτως</span> <span class='ocrx_word' id='word_1_472' title='bbox 3399 2651 3427 2701; x_wconf 84' lang='grc' dir='ltr'><strong>ό</strong></span> <span class='ocrx_word' id='word_1_473' title='bbox 3455 2647 3566 2701; x_wconf 82' lang='grc' dir='ltr'><strong>τῶν</strong></span> <span class='ocrx_word' id='word_1_474' title='bbox 3598 2647 3741 2700; x_wconf 82' lang='grc' dir='ltr'>ὅλων</span> 
     </span>
    </p>
   </div>
   <div class='ocr_carea' id='block_1_57' title="bbox 2159 2739 3743 2818">
    <p class='ocr_par' dir='ltr' id='par_1_57' title="bbox 2159 2739 3743 2818">
     <span class='ocr_line' id='line_1_58' title="bbox 2159 2739 3743 2818; baseline -0.01 -12"><span class='ocrx_word' id='word_1_475' title='bbox 2159 2772 2178 2806; x_wconf 86' lang='grc' dir='ltr'><strong>ι</strong></span> <span class='ocrx_word' id='word_1_476' title='bbox 2209 2752 2472 2818; x_wconf 79' lang='grc' dir='ltr'>δεσπότης</span> <span class='ocrx_word' id='word_1_477' title='bbox 2525 2749 2657 2812; x_wconf 83' lang='grc' dir='ltr'>Θεὸς</span> <span class='ocrx_word' id='word_1_478' title='bbox 2683 2788 2698 2812; x_wconf 96' lang='grc'><strong>,</strong></span> <span class='ocrx_word' id='word_1_479' title='bbox 2749 2746 2841 2800; x_wconf 91' lang='grc' dir='ltr'><strong>τὸν</strong></span> <span class='ocrx_word' id='word_1_480' title='bbox 2885 2743 3126 2815; x_wconf 71' lang='grc' dir='ltr'>ἔμψυχον</span> <span class='ocrx_word' id='word_1_481' title='bbox 3174 2743 3239 2795; x_wconf 89' lang='grc' dir='ltr'><strong>ἐκ</strong></span> <span class='ocrx_word' id='word_1_482' title='bbox 3289 2744 3393 2812; x_wconf 83' lang='grc' dir='ltr'><strong>γῆς</strong></span> <span class='ocrx_word' id='word_1_483' title='bbox 3440 2739 3743 2811; x_wconf 83' lang='grc' dir='ltr'>ἀνδριάντα</span> 
     </span>
    </p>
   </div>
   <div class='ocr_carea' id='block_1_58' title="bbox 469 2829 2046 2914">
    <p class='ocr_par' dir='ltr' id='par_1_58' title="bbox 469 2847 2046 2914">
     <span class='ocr_line' id='line_1_59' title="bbox 469 2847 2046 2914; baseline -0.008 -4"><span class='ocrx_word' id='word_1_484' title='bbox 469 2875 497 2910; x_wconf 88' lang='lat'><strong>1</strong></span> <span class='ocrx_word' id='word_1_485' title='bbox 532 2858 751 2913; x_wconf 89' lang='lat' dir='ltr'><strong>tellectu</strong></span> <span class='ocrx_word' id='word_1_486' title='bbox 781 2870 881 2911; x_wconf 91' lang='lat' dir='ltr'><strong>suo</strong></span> <span class='ocrx_word' id='word_1_487' title='bbox 926 2855 1184 2910; x_wconf 88' lang='lat' dir='ltr'><strong>conscius</strong></span> <span class='ocrx_word' id='word_1_488' title='bbox 1232 2850 1496 2906; x_wconf 91' lang='lat' dir='ltr'><strong>rationem</strong></span> <span class='ocrx_word' id='word_1_489' title='bbox 1531 2847 1697 2911; x_wconf 90' lang='lat' dir='ltr'><strong>illam,</strong></span> <span class='ocrx_word' id='word_1_490' title='bbox 1743 2860 1838 2914; x_wconf 90' lang='lat' dir='ltr'><strong>per</strong></span> <span class='ocrx_word' id='word_1_491' title='bbox 1883 2859 2046 2914; x_wconf 89' lang='lat' dir='ltr'><strong>quam</strong></span> 
     </span>
    </p>
   </div>
   <div class='ocr_carea' id='block_1_59' title="bbox 2157 2829 3745 2914">
    <p class='ocr_par' dir='ltr' id='par_1_59' title="bbox 2157 2829 3745 2910">
     <span class='ocr_line' id='line_1_60' title="bbox 2157 2829 3745 2910; baseline -0.008 -15"><span class='ocrx_word' id='word_1_492' title='bbox 2157 2863 2178 2895; x_wconf 95' lang='lat'><strong>1</strong></span> <span class='ocrx_word' id='word_1_493' title='bbox 2219 2843 2408 2907; x_wconf 83' lang='grc' dir='ltr'>ποιῶν,</span> <span class='ocrx_word' id='word_1_494' title='bbox 2429 2842 2530 2894; x_wconf 83' lang='grc' dir='ltr'><strong>οὐκ</strong></span> <span class='ocrx_word' id='word_1_495' title='bbox 2555 2839 2698 2910; x_wconf 79' lang='grc' dir='ltr'>ἄλλῳ</span> <span class='ocrx_word' id='word_1_496' title='bbox 2726 2840 2832 2892; x_wconf 75' lang='grc' dir='ltr'>τινὶ</span> <span class='ocrx_word' id='word_1_497' title='bbox 2851 2836 2985 2890; x_wconf 77' lang='grc' dir='ltr'>ἀλλὰ</span> <span class='ocrx_word' id='word_1_498' title='bbox 3013 2835 3089 2906; x_wconf 83' lang='grc' dir='ltr'>τῷ</span> <span class='ocrx_word' id='word_1_499' title='bbox 3111 2833 3304 2888; x_wconf 72' lang='grc' dir='ltr'>ἑαυτοῦ</span> <span class='ocrx_word' id='word_1_500' title='bbox 3336 2829 3745 2902; x_wconf 78' lang='grc' dir='ltr'>παρεκελεύετο</span> 
     </span>
    </p>
   </div>
   <div class='ocr_carea' id='block_1_60' title="bbox 473 2917 2046 3011">
    <p class='ocr_par' dir='ltr' id='par_1_60' title="bbox 473 2937 2044 3011">
     <span class='ocr_line' id='line_1_61' title="bbox 473 2937 2044 3011; baseline -0.007 -9"><span class='ocrx_word' id='word_1_501' title='bbox 473 2966 497 3002; x_wconf 92' lang='lat'><strong>1</strong></span> <span class='ocrx_word' id='word_1_502' title='bbox 537 2949 893 3004; x_wconf 89' lang='lat' dir='ltr'><strong>ratiocinatur</strong></span> <span class='ocrx_word' id='word_1_503' title='bbox 914 2959 1098 3001; x_wconf 90' lang='lat' dir='ltr'><strong>secum</strong></span> <span class='ocrx_word' id='word_1_504' title='bbox 1132 2958 1239 2998; x_wconf 91' lang='lat' dir='ltr'><strong>una</strong></span> <span class='ocrx_word' id='word_1_505' title='bbox 1262 2940 1544 3011; x_wconf 89' lang='lat' dir='ltr'><strong>cooperari</strong></span> <span class='ocrx_word' id='word_1_506' title='bbox 1587 2955 1689 2994; x_wconf 90' lang='lat' dir='ltr'><strong>nec</strong></span> <span class='ocrx_word' id='word_1_507' title='bbox 1713 2953 1772 2994; x_wconf 92' lang='lat' dir='ltr'><strong>se</strong></span> <span class='ocrx_word' id='word_1_508' title='bbox 1803 2937 1919 2993; x_wconf 90' lang='lat' dir='ltr'><strong>sine</strong></span> <span class='ocrx_word' id='word_1_509' title='bbox 1954 2952 2044 2991; x_wconf 84' lang='lat' dir='ltr'><strong>ra-</strong></span> 
     </span>
    </p>
   </div>
   <div class='ocr_carea' id='block_1_61' title="bbox 2157 2917 3744 3011">
    <p class='ocr_par' dir='ltr' id='par_1_61' title="bbox 2159 2917 3744 3004">
     <span class='ocr_line' id='line_1_62' title="bbox 2159 2917 3744 3004; baseline -0.01 -18"><span class='ocrx_word' id='word_1_510' title='bbox 2159 2953 2178 2986; x_wconf 92' lang='lat'><strong>1</strong></span> <span class='ocrx_word' id='word_1_511' title='bbox 2217 2935 2396 3004; x_wconf 86' lang='grc' dir='ltr'>Λόγῳ,</span> <span class='ocrx_word' id='word_1_512' title='bbox 2425 2931 2775 2999; x_wconf 80' lang='grc' dir='ltr'>Ποιήσωμεν</span> <span class='ocrx_word' id='word_1_513' title='bbox 2789 2926 3122 2994; x_wconf 77' lang='grc' dir='ltr'>ἄνθρωπον,</span> <span class='ocrx_word' id='word_1_514' title='bbox 3149 2924 3342 2991; x_wconf 83' lang='grc' dir='ltr'>λέγων.</span> <span class='ocrx_word' id='word_1_515' title='bbox 3369 2943 3387 2974; x_wconf 80' lang='lat' dir='ltr'><strong>s</strong></span> <span class='ocrx_word' id='word_1_516' title='bbox 3409 2919 3511 2973; x_wconf 75' lang='grc' dir='ltr'>Διὰ</span> <span class='ocrx_word' id='word_1_517' title='bbox 3531 2917 3744 2972; x_wconf 83' lang='grc' dir='ltr'>τούτων</span> 
     </span>
    </p>
   </div>
   <div class='ocr_carea' id='block_1_62' title="bbox 470 3011 2046 3109">
    <p class='ocr_par' dir='ltr' id='par_1_62' title="bbox 470 3029 2046 3109">
     <span class='ocr_line' id='line_1_63' title="bbox 470 3029 2046 3109; baseline -0.006 -17"><span class='ocrx_word' id='word_1_518' title='bbox 470 3059 496 3092; x_wconf 86' lang='lat'><strong>1</strong></span> <span class='ocrx_word' id='word_1_519' title='bbox 533 3040 678 3094; x_wconf 91' lang='lat' dir='ltr'><strong>tione</strong></span> <span class='ocrx_word' id='word_1_520' title='bbox 723 3037 1015 3109; x_wconf 87' lang='lat' dir='ltr'><strong>quidquam</strong></span> <span class='ocrx_word' id='word_1_521' title='bbox 1057 3043 1378 3091; x_wconf 90' lang='lat' dir='ltr'><strong>construere</strong></span> <span class='ocrx_word' id='word_1_522' title='bbox 1421 3050 1435 3086; x_wconf 93' lang='lat'><strong>:</strong></span> <span class='ocrx_word' id='word_1_523' title='bbox 1480 3031 1639 3103; x_wconf 91' lang='lat' dir='ltr'><strong>(nihil</strong></span> <span class='ocrx_word' id='word_1_524' title='bbox 1693 3031 1837 3085; x_wconf 89' lang='lat' dir='ltr'><strong>enim</strong></span> <span class='ocrx_word' id='word_1_525' title='bbox 1886 3029 2046 3100; x_wconf 89' lang='lat' dir='ltr'><strong>plane</strong></span> 
     </span>
    </p>
   </div>
   <div class='ocr_carea' id='block_1_63' title="bbox 2157 3011 3743 3109">
    <p class='ocr_par' dir='ltr' id='par_1_63' title="bbox 2157 3011 3743 3096">
     <span class='ocr_line' id='line_1_64' title="bbox 2157 3011 3743 3096; baseline -0.01 -16"><span class='ocrx_word' id='word_1_526' title='bbox 2157 3026 2396 3096; x_wconf 84' lang='grc' dir='ltr'>ἐναργῶς</span> <span class='ocrx_word' id='word_1_527' title='bbox 2409 3024 2505 3079; x_wconf 71' lang='grc' dir='ltr'>καὶ</span> <span class='ocrx_word' id='word_1_528' title='bbox 2531 3022 2828 3077; x_wconf 84' lang='grc' dir='ltr'>ἐνδιάθετον</span> <span class='ocrx_word' id='word_1_529' title='bbox 2856 3019 3046 3089; x_wconf 80' lang='grc' dir='ltr'>Λόγον,</span> <span class='ocrx_word' id='word_1_530' title='bbox 3063 3011 3107 3086; x_wconf 82' lang='grc' dir='ltr'><strong>ᾧ</strong></span> <span class='ocrx_word' id='word_1_531' title='bbox 3127 3014 3490 3083; x_wconf 73' lang='grc' dir='ltr'>διαλογίζεται</span> <span class='ocrx_word' id='word_1_532' title='bbox 3514 3029 3622 3076; x_wconf 87' lang='grc' dir='ltr'>τις,</span> <span class='ocrx_word' id='word_1_533' title='bbox 3645 3013 3743 3065; x_wconf 76' lang='grc' dir='ltr'><strong>καὶ</strong></span> 
     </span>
    </p>
   </div>
   <div class='ocr_carea' id='block_1_64' title="bbox 471 3104 2046 3200">
    <p class='ocr_par' dir='ltr' id='par_1_64' title="bbox 471 3104 2046 3200">
     <span class='ocr_line' id='line_1_65' title="bbox 471 3104 2046 3200; baseline -0.006 -18"><span class='ocrx_word' id='word_1_534' title='bbox 471 3148 498 3182; x_wconf 88' lang='lat'><strong>1</strong></span> <span class='ocrx_word' id='word_1_535' title='bbox 534 3131 678 3200; x_wconf 89' lang='lat' dir='ltr'><strong>quod</strong></span> <span class='ocrx_word' id='word_1_536' title='bbox 697 3104 848 3185; x_wconf 72' lang='lat' dir='ltr'><strong>caret</strong></span> <span class='ocrx_word' id='word_1_537' title='bbox 867 3104 1077 3182; x_wconf 73' lang='lat' dir='ltr'><strong>ratione</strong></span> <span class='ocrx_word' id='word_1_538' title='bbox 1097 3125 1312 3197; x_wconf 90' lang='lat' dir='ltr'><strong>placere</strong></span> <span class='ocrx_word' id='word_1_539' title='bbox 1333 3133 1531 3194; x_wconf 88' lang='lat' dir='ltr'><strong>potest,</strong></span> <span class='ocrx_word' id='word_1_540' title='bbox 1554 3131 1615 3176; x_wconf 91' lang='lat' dir='ltr'><strong>ut</strong></span> <span class='ocrx_word' id='word_1_541' title='bbox 1632 3121 1936 3192; x_wconf 88' lang='lat' dir='ltr'><strong>pulchrum)</strong></span> <span class='ocrx_word' id='word_1_542' title='bbox 1958 3120 2046 3174; x_wconf 91' lang='lat' dir='ltr'><strong>ubi</strong></span> 
     </span>
    </p>
   </div>
   <div class='ocr_carea' id='block_1_65' title="bbox 2157 3104 3744 3200">
    <p class='ocr_par' dir='ltr' id='par_1_65' title="bbox 2157 3104 3744 3189">
     <span class='ocr_line' id='line_1_66' title="bbox 2157 3104 3744 3189; baseline -0.009 -17"><span class='ocrx_word' id='word_1_543' title='bbox 2157 3118 2506 3189; x_wconf 84' lang='grc' dir='ltr'>προφορικὸν,</span> <span class='ocrx_word' id='word_1_544' title='bbox 2533 3109 2576 3184; x_wconf 83' lang='grc' dir='ltr'><strong>ᾧ</strong></span> <span class='ocrx_word' id='word_1_545' title='bbox 2605 3115 2947 3183; x_wconf 81' lang='grc' dir='ltr'>διαλέγεται,</span> <span class='ocrx_word' id='word_1_546' title='bbox 2979 3109 3226 3184; x_wconf 78' lang='grc' dir='ltr'>προσῆψε</span> <span class='ocrx_word' id='word_1_547' title='bbox 3257 3107 3336 3178; x_wconf 85' lang='grc' dir='ltr'>τῷ</span> <span class='ocrx_word' id='word_1_548' title='bbox 3369 3105 3489 3177; x_wconf 87' lang='grc' dir='ltr'><strong>Θεῷ</strong></span> <span class='ocrx_word' id='word_1_549' title='bbox 3513 3145 3528 3168; x_wconf 96' lang='grc'><strong>,</strong></span> <span class='ocrx_word' id='word_1_550' title='bbox 3564 3104 3744 3158; x_wconf 68' lang='grc' dir='ltr'>τοιοῦ-</span> 
     </span>
    </p>
   </div>
   <div class='ocr_carea' id='block_1_66' title="bbox 479 3196 2046 3292">
    <p class='ocr_par' dir='ltr' id='par_1_66' title="bbox 479 3196 2046 3292">
     <span class='ocr_line' id='line_1_67' title="bbox 479 3196 2046 3292; baseline -0.005 -19"><span class='ocrx_word' id='word_1_551' title='bbox 479 3241 499 3273; x_wconf 81' lang='lat'><strong>1</strong></span> <span class='ocrx_word' id='word_1_552' title='bbox 535 3196 822 3292; x_wconf 74' lang='lat' dir='ltr'><strong>aggressus</strong></span> <span class='ocrx_word' id='word_1_553' title='bbox 855 3219 1016 3273; x_wconf 78' lang='lat' dir='ltr'><strong>fuerit</strong></span> <span class='ocrx_word' id='word_1_554' title='bbox 1037 3196 1152 3272; x_wconf 85' lang='lat' dir='ltr'><strong>hoc</strong></span> <span class='ocrx_word' id='word_1_555' title='bbox 1179 3215 1432 3272; x_wconf 87' lang='lat' dir='ltr'><strong>sensibile</strong></span> <span class='ocrx_word' id='word_1_556' title='bbox 1455 3228 1612 3270; x_wconf 87' lang='lat' dir='ltr'><strong>suum</strong></span> <span class='ocrx_word' id='word_1_557' title='bbox 1637 3227 1794 3282; x_wconf 88' lang='lat' dir='ltr'><strong>opus,</strong></span> <span class='ocrx_word' id='word_1_558' title='bbox 1852 3221 2046 3266; x_wconf 89' lang='lat' dir='ltr'><strong>semet-</strong></span> 
     </span>
    </p>
   </div>
   <div class='ocr_carea' id='block_1_67' title="bbox 2157 3196 3743 3292">
    <p class='ocr_par' dir='ltr' id='par_1_67' title="bbox 2157 3196 3743 3278">
     <span class='ocr_line' id='line_1_68' title="bbox 2157 3196 3743 3278; baseline -0.006 -14"><span class='ocrx_word' id='word_1_559' title='bbox 2157 3212 2244 3264; x_wconf 83' lang='grc' dir='ltr'><strong>τόν</strong></span> <span class='ocrx_word' id='word_1_560' title='bbox 2275 3227 2397 3263; x_wconf 89' lang='grc' dir='ltr'>τινα</span> <span class='ocrx_word' id='word_1_561' title='bbox 2422 3249 2437 3273; x_wconf 90' lang='grc'><strong>,</strong></span> <span class='ocrx_word' id='word_1_562' title='bbox 2463 3203 2571 3263; x_wconf 69' lang='grc' dir='ltr'>οἷον</span> <span class='ocrx_word' id='word_1_563' title='bbox 2597 3205 2690 3263; x_wconf 89' lang='grc' dir='ltr'><strong>τὸν</strong></span> <span class='ocrx_word' id='word_1_564' title='bbox 2715 3207 2837 3261; x_wconf 89' lang='grc' dir='ltr'>καθ’</span> <span class='ocrx_word' id='word_1_565' title='bbox 2868 3207 3048 3278; x_wconf 79' lang='grc' dir='ltr'>ἡμᾶς,</span> <span class='ocrx_word' id='word_1_566' title='bbox 3081 3205 3176 3259; x_wconf 79' lang='grc' dir='ltr'>καὶ</span> <span class='ocrx_word' id='word_1_567' title='bbox 3200 3203 3290 3257; x_wconf 90' lang='grc' dir='ltr'><strong>τὸν</strong></span> <span class='ocrx_word' id='word_1_568' title='bbox 3324 3203 3382 3256; x_wconf 84' lang='grc' dir='ltr'><strong>ἐν</strong></span> <span class='ocrx_word' id='word_1_569' title='bbox 3409 3201 3490 3272; x_wconf 82' lang='grc' dir='ltr'>τῷ</span> <span class='ocrx_word' id='word_1_570' title='bbox 3519 3199 3641 3273; x_wconf 86' lang='grc' dir='ltr'>Θεῷ</span> <span class='ocrx_word' id='word_1_571' title='bbox 3667 3196 3743 3254; x_wconf 86' lang='grc' dir='ltr'><strong>εῐ-</strong></span> 
     </span>
    </p>
   </div>
   <div class='ocr_carea' id='block_1_68' title="bbox 480 3299 2046 3380">
    <p class='ocr_par' dir='ltr' id='par_1_68' title="bbox 480 3301 2046 3380">
     <span class='ocr_line' id='line_1_69' title="bbox 480 3301 2046 3380; baseline -0.004 -18"><span class='ocrx_word' id='word_1_572' title='bbox 480 3330 499 3362; x_wconf 84' lang='lat'><strong>1</strong></span> <span class='ocrx_word' id='word_1_573' title='bbox 537 3310 712 3380; x_wconf 91' lang='lat' dir='ltr'><strong>ipsum</strong></span> <span class='ocrx_word' id='word_1_574' title='bbox 738 3308 954 3376; x_wconf 82' lang='lat' dir='ltr'><strong>aﬂ&#39;atur,</strong></span> <span class='ocrx_word' id='word_1_575' title='bbox 992 3307 1156 3364; x_wconf 88' lang='lat' dir='ltr'><strong>veluti</strong></span> <span class='ocrx_word' id='word_1_576' title='bbox 1180 3306 1368 3371; x_wconf 89' lang='lat' dir='ltr'><strong>alium,</strong></span> <span class='ocrx_word' id='word_1_577' title='bbox 1398 3304 1757 3369; x_wconf 85' lang='lat' dir='ltr'><strong>adhortando,</strong></span> <span class='ocrx_word' id='word_1_578' title='bbox 1799 3317 1932 3373; x_wconf 88' lang='lat' dir='ltr'><strong>age,</strong></span> <span class='ocrx_word' id='word_1_579' title='bbox 1966 3301 2046 3356; x_wconf 91' lang='lat' dir='ltr'><strong>in-</strong></span> 
     </span>
    </p>
   </div>
   <div class='ocr_carea' id='block_1_69' title="bbox 2157 3299 2818 3380">
    <p class='ocr_par' dir='ltr' id='par_1_69' title="bbox 2157 3299 2818 3372">
     <span class='ocr_line' id='line_1_70' title="bbox 2157 3299 2818 3372; baseline -0.006 -17"><span class='ocrx_word' id='word_1_580' title='bbox 2157 3319 2244 3356; x_wconf 85' lang='grc' dir='ltr'><strong>ναι</strong></span> <span class='ocrx_word' id='word_1_581' title='bbox 2274 3302 2442 3370; x_wconf 89' lang='grc' dir='ltr'>Λόγον</span> <span class='ocrx_word' id='word_1_582' title='bbox 2470 3299 2818 3372; x_wconf 81' lang='grc' dir='ltr'>ὑποθέμενος.</span> 
     </span>
    </p>
   </div>
   <div class='ocr_carea' id='block_1_70' title="bbox 474 3391 3747 3478">
    <p class='ocr_par' dir='ltr' id='par_1_70' title="bbox 474 3391 3747 3478">
     <span class='ocr_line' id='line_1_71' title="bbox 474 3391 3747 3478; baseline -0.005 -19"><span class='ocrx_word' id='word_1_583' title='bbox 474 3425 501 3459; x_wconf 90' lang='lat'><strong>1</strong></span> <span class='ocrx_word' id='word_1_584' title='bbox 540 3408 757 3478; x_wconf 79' lang='lat' dir='ltr'><strong>quiens,</strong></span> <span class='ocrx_word' id='word_1_585' title='bbox 787 3407 1054 3462; x_wconf 79' lang='lat' dir='ltr'><strong>faciamus</strong></span> <span class='ocrx_word' id='word_1_586' title='bbox 1091 3421 1107 3460; x_wconf 93' lang='lat'><strong>:</strong></span> <span class='ocrx_word' id='word_1_587' title='bbox 1145 3418 1265 3475; x_wconf 81' lang='lat' dir='ltr'><strong>age,</strong></span> <span class='ocrx_word' id='word_1_588' title='bbox 1302 3403 1570 3473; x_wconf 79' lang='lat' dir='ltr'><strong>ﬁngamus</strong></span> <span class='ocrx_word' id='word_1_589' title='bbox 1617 3410 1874 3456; x_wconf 86' lang='lat' dir='ltr'><strong>statuam.</strong></span> <span class='ocrx_word' id='word_1_590' title='bbox 1931 3401 2012 3453; x_wconf 89' lang='lat' dir='ltr'><strong>Ad</strong></span> <span class='ocrx_word' id='word_1_591' title='bbox 2077 3399 2238 3454; x_wconf 88' lang='lat' dir='ltr'><strong>istum</strong></span> <span class='ocrx_word' id='word_1_592' title='bbox 2285 3399 2499 3454; x_wconf 89' lang='lat' dir='ltr'><strong>modum</strong></span> <span class='ocrx_word' id='word_1_593' title='bbox 2546 3399 2922 3452; x_wconf 86' lang='lat' dir='ltr'><strong>universorum</strong></span> <span class='ocrx_word' id='word_1_594' title='bbox 2994 3395 3258 3448; x_wconf 90' lang='lat' dir='ltr'><strong>Dominus</strong></span> <span class='ocrx_word' id='word_1_595' title='bbox 3329 3393 3493 3456; x_wconf 89' lang='lat' dir='ltr'><strong>Deus,</strong></span> <span class='ocrx_word' id='word_1_596' title='bbox 3547 3405 3581 3446; x_wconf 89' lang='lat' dir='ltr'><strong>e</strong></span> <span class='ocrx_word' id='word_1_597' title='bbox 3611 3391 3747 3446; x_wconf 87' lang='lat' dir='ltr'><strong>limo</strong></span> 
     </span>
    </p>
   </div>
   <div class='ocr_carea' id='block_1_71' title="bbox 480 3485 3750 3559">
    <p class='ocr_par' dir='ltr' id='par_1_71' title="bbox 480 3485 3750 3559">
     <span class='ocr_line' id='line_1_72' title="bbox 480 3485 3750 3559; baseline -0.005 -5"><span class='ocrx_word' id='word_1_598' title='bbox 480 3519 502 3554; x_wconf 91' lang='lat'><strong>1</strong></span> <span class='ocrx_word' id='word_1_599' title='bbox 541 3500 834 3556; x_wconf 88' lang='lat' dir='ltr'><strong>animatam</strong></span> <span class='ocrx_word' id='word_1_600' title='bbox 870 3499 1208 3554; x_wconf 79' lang='lat' dir='ltr'><strong>conﬁcturus</strong></span> <span class='ocrx_word' id='word_1_601' title='bbox 1247 3504 1517 3558; x_wconf 88' lang='lat' dir='ltr'><strong>statuam;</strong></span> <span class='ocrx_word' id='word_1_602' title='bbox 1556 3507 1662 3548; x_wconf 90' lang='lat' dir='ltr'><strong>non</strong></span> <span class='ocrx_word' id='word_1_603' title='bbox 1719 3491 1883 3546; x_wconf 90' lang='lat' dir='ltr'><strong>alium</strong></span> <span class='ocrx_word' id='word_1_604' title='bbox 1925 3491 2192 3558; x_wconf 84' lang='lat' dir='ltr'><strong>quemvis,</strong></span> <span class='ocrx_word' id='word_1_605' title='bbox 2239 3493 2336 3546; x_wconf 92' lang='lat' dir='ltr'><strong>sed</strong></span> <span class='ocrx_word' id='word_1_606' title='bbox 2384 3505 2541 3545; x_wconf 90' lang='lat' dir='ltr'><strong>suum</strong></span> <span class='ocrx_word' id='word_1_607' title='bbox 2611 3489 2779 3559; x_wconf 88' lang='lat' dir='ltr'><strong>ipsius</strong></span> <span class='ocrx_word' id='word_1_608' title='bbox 2837 3486 3034 3541; x_wconf 72' lang='lat' dir='ltr'><strong>aliatur</strong></span> <span class='ocrx_word' id='word_1_609' title='bbox 3097 3485 3274 3554; x_wconf 84' lang='grc' dir='ltr'>λόγον,</span> <span class='ocrx_word' id='word_1_610' title='bbox 3323 3485 3750 3553; x_wconf 84' lang='lat' dir='ltr'><strong>inquiens,Fa-</strong></span> 
     </span>
    </p>
   </div>
   <div class='ocr_carea' id='block_1_72' title="bbox 481 3580 3747 3655">
    <p class='ocr_par' dir='ltr' id='par_1_72' title="bbox 481 3580 3747 3655">
     <span class='ocr_line' id='line_1_73' title="bbox 481 3580 3747 3655; baseline -0.004 -9"><span class='ocrx_word' id='word_1_611' title='bbox 481 3611 504 3646; x_wconf 91' lang='lat'><strong>1</strong></span> <span class='ocrx_word' id='word_1_612' title='bbox 537 3595 736 3649; x_wconf 84' lang='lat' dir='ltr'><strong>ciamus</strong></span> <span class='ocrx_word' id='word_1_613' title='bbox 765 3591 1047 3646; x_wconf 81' lang='lat' dir='ltr'><strong>hominem.</strong></span> <span class='ocrx_word' id='word_1_614' title='bbox 1088 3608 1108 3642; x_wconf 76' lang='grc' dir='ltr'><strong>ι</strong></span> <span class='ocrx_word' id='word_1_615' title='bbox 1145 3586 1204 3644; x_wconf 90' lang='lat' dir='ltr'><strong>ln</strong></span> <span class='ocrx_word' id='word_1_616' title='bbox 1239 3588 1378 3652; x_wconf 87' lang='lat' dir='ltr'><strong>istis,</strong></span> <span class='ocrx_word' id='word_1_617' title='bbox 1427 3587 1501 3641; x_wconf 90' lang='lat' dir='ltr'><strong>ita</strong></span> <span class='ocrx_word' id='word_1_618' title='bbox 1535 3586 1685 3640; x_wconf 85' lang='lat' dir='ltr'><strong>clare</strong></span> <span class='ocrx_word' id='word_1_619' title='bbox 1710 3583 1918 3655; x_wconf 77' lang='lat' dir='ltr'><strong>aﬂingit</strong></span> <span class='ocrx_word' id='word_1_620' title='bbox 1943 3585 2072 3649; x_wconf 89' lang='lat' dir='ltr'><strong>Deo,</strong></span> <span class='ocrx_word' id='word_1_621' title='bbox 2114 3599 2239 3638; x_wconf 90' lang='lat' dir='ltr'><strong>cum</strong></span> <span class='ocrx_word' id='word_1_622' title='bbox 2274 3583 2508 3639; x_wconf 86' lang='lat' dir='ltr'><strong>Verbum</strong></span> <span class='ocrx_word' id='word_1_623' title='bbox 2581 3583 2906 3647; x_wconf 88' lang='lat' dir='ltr'><strong>immanens,</strong></span> <span class='ocrx_word' id='word_1_624' title='bbox 2941 3595 3050 3655; x_wconf 90' lang='lat' dir='ltr'><strong>quo</strong></span> <span class='ocrx_word' id='word_1_625' title='bbox 3089 3595 3210 3635; x_wconf 91' lang='lat' dir='ltr'><strong>cum</strong></span> <span class='ocrx_word' id='word_1_626' title='bbox 3241 3580 3379 3634; x_wconf 89' lang='lat' dir='ltr'><strong>solet</strong></span> <span class='ocrx_word' id='word_1_627' title='bbox 3412 3580 3537 3648; x_wconf 87' lang='lat' dir='ltr'><strong>quis</strong></span> <span class='ocrx_word' id='word_1_628' title='bbox 3569 3580 3747 3635; x_wconf 84' lang='lat' dir='ltr'><strong>collo-</strong></span> 
     </span>
    </p>
   </div>
   <div class='ocr_carea' id='block_1_73' title="bbox 474 3653 3748 3758">
    <p class='ocr_par' dir='ltr' id='par_1_73' title="bbox 474 3653 3748 3758">
     <span class='ocr_line' id='line_1_74' title="bbox 474 3653 3748 3758; baseline -0.004 -19"><span class='ocrx_word' id='word_1_629' title='bbox 474 3686 592 3758; x_wconf 83' lang='lat' dir='ltr'><strong>qui,</strong></span> <span class='ocrx_word' id='word_1_630' title='bbox 615 3693 729 3740; x_wconf 93' lang='lat' dir='ltr'><strong>tum</strong></span> <span class='ocrx_word' id='word_1_631' title='bbox 759 3681 994 3739; x_wconf 79' lang='lat' dir='ltr'><strong>Verbum</strong></span> <span class='ocrx_word' id='word_1_632' title='bbox 1025 3696 1307 3746; x_wconf 87' lang='lat' dir='ltr'><strong>emanans,</strong></span> <span class='ocrx_word' id='word_1_633' title='bbox 1337 3695 1436 3752; x_wconf 91' lang='lat' dir='ltr'><strong>per</strong></span> <span class='ocrx_word' id='word_1_634' title='bbox 1465 3678 1608 3750; x_wconf 86' lang='lat' dir='ltr'><strong>quod</strong></span> <span class='ocrx_word' id='word_1_635' title='bbox 1639 3677 1780 3734; x_wconf 87' lang='lat' dir='ltr'><strong>solet</strong></span> <span class='ocrx_word' id='word_1_636' title='bbox 1801 3653 2059 3747; x_wconf 84' lang='lat' dir='ltr'><strong>colloqui,</strong></span> <span class='ocrx_word' id='word_1_637' title='bbox 2101 3676 2424 3748; x_wconf 86' lang='lat' dir='ltr'><strong>imaginatus</strong></span> <span class='ocrx_word' id='word_1_638' title='bbox 2474 3674 2707 3731; x_wconf 82' lang='lat' dir='ltr'><strong>Verbum</strong></span> <span class='ocrx_word' id='word_1_639' title='bbox 2755 3673 2848 3728; x_wconf 90' lang='lat' dir='ltr'><strong>Dei</strong></span> <span class='ocrx_word' id='word_1_640' title='bbox 2902 3653 3142 3728; x_wconf 88' lang='lat' dir='ltr'><strong>divinum</strong></span> <span class='ocrx_word' id='word_1_641' title='bbox 3171 3712 3188 3738; x_wconf 93' lang='lat'><strong>,</strong></span> <span class='ocrx_word' id='word_1_642' title='bbox 3238 3671 3507 3740; x_wconf 89' lang='lat' dir='ltr'><strong>ejusmodi</strong></span> <span class='ocrx_word' id='word_1_643' title='bbox 3577 3673 3748 3742; x_wconf 83' lang='lat' dir='ltr'><strong>quale</strong></span> 
     </span>
    </p>
   </div>
   <div class='ocr_carea' id='block_1_74' title="bbox 476 3777 1110 3835">
    <p class='ocr_par' dir='ltr' id='par_1_74' title="bbox 476 3777 1110 3835">
     <span class='ocr_line' id='line_1_75' title="bbox 476 3777 1110 3835; baseline -0.005 -3"><span class='ocrx_word' id='word_1_644' title='bbox 476 3777 702 3835; x_wconf 88' lang='lat' dir='ltr'><strong>verbum</strong></span> <span class='ocrx_word' id='word_1_645' title='bbox 727 3787 971 3831; x_wconf 88' lang='lat' dir='ltr'><strong>nostrum</strong></span> <span class='ocrx_word' id='word_1_646' title='bbox 1003 3783 1110 3830; x_wconf 89' lang='lat' dir='ltr'><strong>est.</strong></span> 
     </span>
    </p>
   </div>
   <div class='ocr_carea' id='block_1_75' title="bbox 1103 3857 3102 3926">
    <p class='ocr_par' dir='ltr' id='par_1_75' title="bbox 1103 3857 3102 3926">
     <span class='ocr_line' id='line_1_76' title="bbox 1103 3857 3102 3926; baseline -0.006 -4"><span class='ocrx_word' id='word_1_647' title='bbox 1103 3866 1255 3922; x_wconf 84' lang='lat' dir='ltr'><strong>CAP.</strong></span> <span class='ocrx_word' id='word_1_648' title='bbox 1300 3865 1441 3924; x_wconf 75' lang='lat' dir='ltr'><strong>xw.</strong></span> <span class='ocrx_word' id='word_1_649' title='bbox 2787 3860 2943 3913; x_wconf 69' lang='lat' dir='ltr'><strong>xm.</strong></span> <span class='ocrx_word' id='word_1_650' title='bbox 2983 3857 3102 3926; x_wconf 68' lang='lat' dir='ltr'><strong>1g&quot;.</strong></span> 
     </span>
    </p>
   </div>
   <div class='ocr_carea' id='block_1_76' title="bbox 656 3980 1876 4053">
    <p class='ocr_par' dir='ltr' id='par_1_76' title="bbox 656 3980 1876 4053">
     <span class='ocr_line' id='line_1_77' title="bbox 656 3980 1876 4053; baseline -0.002 -16"><span class='ocrx_word' id='word_1_651' title='bbox 656 3983 942 4053; x_wconf 81' lang='lat' dir='ltr'><strong>Refutatur</strong></span> <span class='ocrx_word' id='word_1_652' title='bbox 967 3996 1208 4050; x_wconf 83' lang='lat' dir='ltr'><strong>perversa</strong></span> <span class='ocrx_word' id='word_1_653' title='bbox 1231 3980 1390 4050; x_wconf 89' lang='lat' dir='ltr'><strong>hujus</strong></span> <span class='ocrx_word' id='word_1_654' title='bbox 1423 3980 1648 4035; x_wconf 80' lang='lat' dir='ltr'><strong>hominis</strong></span> <span class='ocrx_word' id='word_1_655' title='bbox 1684 3980 1876 4051; x_wconf 80' lang='lat' dir='ltr'><strong>opinio.</strong></span> 
     </span>
    </p>
   </div>
   <div class='ocr_carea' id='block_1_77' title="bbox 552 4092 2054 4164">
    <p class='ocr_par' dir='ltr' id='par_1_77' title="bbox 552 4092 2054 4164">
     <span class='ocr_line' id='line_1_78' title="bbox 552 4092 2054 4164; baseline -0.003 -12"><span class='ocrx_word' id='word_1_656' title='bbox 552 4095 667 4152; x_wconf 84' lang='lat' dir='ltr'><strong>Non</strong></span> <span class='ocrx_word' id='word_1_657' title='bbox 724 4104 808 4150; x_wconf 88' lang='lat' dir='ltr'><strong>est</strong></span> <span class='ocrx_word' id='word_1_658' title='bbox 846 4109 982 4164; x_wconf 91' lang='lat' dir='ltr'><strong>opus</strong></span> <span class='ocrx_word' id='word_1_659' title='bbox 1032 4101 1090 4148; x_wconf 91' lang='lat' dir='ltr'><strong>ut</strong></span> <span class='ocrx_word' id='word_1_660' title='bbox 1124 4093 1350 4149; x_wconf 91' lang='lat' dir='ltr'><strong>ulterius</strong></span> <span class='ocrx_word' id='word_1_661' title='bbox 1387 4102 1696 4164; x_wconf 84' lang='lat' dir='ltr'><strong>satagamus</strong></span> <span class='ocrx_word' id='word_1_662' title='bbox 1748 4092 2054 4160; x_wconf 90' lang='lat' dir='ltr'><strong>ostendere,</strong></span> 
     </span>
    </p>
   </div>
   <div class='ocr_carea' id='block_1_78' title="bbox 476 4184 2054 4260">
    <p class='ocr_par' dir='ltr' id='par_1_78' title="bbox 476 4184 2054 4260">
     <span class='ocr_line' id='line_1_79' title="bbox 476 4184 2054 4260; baseline -0.002 -19"><span class='ocrx_word' id='word_1_663' title='bbox 476 4187 622 4260; x_wconf 85' lang='lat' dir='ltr'><strong>quod</strong></span> <span class='ocrx_word' id='word_1_664' title='bbox 669 4202 764 4256; x_wconf 90' lang='lat' dir='ltr'><strong>per</strong></span> <span class='ocrx_word' id='word_1_665' title='bbox 811 4187 912 4240; x_wconf 84' lang='lat' dir='ltr'><strong>ista</strong></span> <span class='ocrx_word' id='word_1_666' title='bbox 948 4195 1171 4256; x_wconf 84' lang='lat' dir='ltr'><strong>negatur</strong></span> <span class='ocrx_word' id='word_1_667' title='bbox 1213 4184 1304 4239; x_wconf 91' lang='lat' dir='ltr'><strong>Dei</strong></span> <span class='ocrx_word' id='word_1_668' title='bbox 1343 4184 1554 4241; x_wconf 88' lang='lat' dir='ltr'><strong>Filius:</strong></span> <span class='ocrx_word' id='word_1_669' title='bbox 1590 4185 1960 4240; x_wconf 78' lang='lat' dir='ltr'><strong>tantummodo</strong></span> <span class='ocrx_word' id='word_1_670' title='bbox 1988 4187 2054 4239; x_wconf 89' lang='lat' dir='ltr'><strong>ad</strong></span> 
     </span>
    </p>
   </div>
   <div class='ocr_carea' id='block_1_79' title="bbox 2379 3970 3525 4045">
    <p class='ocr_par' dir='ltr' id='par_1_79' title="bbox 2379 3970 3525 4045">
     <span class='ocr_line' id='line_1_80' title="bbox 2379 3970 3525 4045; baseline -0.004 -15"><span class='ocrx_word' id='word_1_671' title='bbox 2379 3977 2674 4045; x_wconf 76' lang='grc' dir='ltr'>Ἔλεγχος</span> <span class='ocrx_word' id='word_1_672' title='bbox 2702 3971 2815 4042; x_wconf 82' lang='grc' dir='ltr'>τῆς</span> <span class='ocrx_word' id='word_1_673' title='bbox 2850 3971 3106 4040; x_wconf 80' lang='grc' dir='ltr'>τάνδρὸς</span> <span class='ocrx_word' id='word_1_674' title='bbox 3142 3970 3525 4036; x_wconf 76' lang='grc' dir='ltr'>κακοδοξίας.</span> 
     </span>
    </p>
   </div>
   <div class='ocr_carea' id='block_1_80' title="bbox 2227 4082 3747 4159">
    <p class='ocr_par' dir='ltr' id='par_1_80' title="bbox 2227 4082 3747 4159">
     <span class='ocr_line' id='line_1_81' title="bbox 2227 4082 3747 4159; baseline -0.005 -15"><span class='ocrx_word' id='word_1_675' title='bbox 2227 4089 2411 4144; x_wconf 77' lang='grc' dir='ltr'>Ταῦτα</span> <span class='ocrx_word' id='word_1_676' title='bbox 2439 4090 2535 4159; x_wconf 82' lang='grc' dir='ltr'>μὲν</span> <span class='ocrx_word' id='word_1_677' title='bbox 2583 4082 2676 4140; x_wconf 79' lang='grc' dir='ltr'><strong>οὖν</strong></span> <span class='ocrx_word' id='word_1_678' title='bbox 2717 4087 2896 4140; x_wconf 89' lang='grc' dir='ltr'>πάντα</span> <span class='ocrx_word' id='word_1_679' title='bbox 2931 4083 3006 4147; x_wconf 88' lang='grc' dir='ltr'>ὡς</span> <span class='ocrx_word' id='word_1_680' title='bbox 3051 4084 3319 4156; x_wconf 83' lang='grc' dir='ltr'>ἀρνητικά</span> <span class='ocrx_word' id='word_1_681' title='bbox 3353 4084 3618 4153; x_wconf 81' lang='grc' dir='ltr'>τυγχάνει</span> <span class='ocrx_word' id='word_1_682' title='bbox 3651 4084 3747 4137; x_wconf 71' lang='grc' dir='ltr'>τοῦ</span> 
     </span>
    </p>
   </div>
   <div class='ocr_carea' id='block_1_81' title="bbox 2160 4173 3748 4249">
    <p class='ocr_par' dir='ltr' id='par_1_81' title="bbox 2160 4173 3748 4249">
     <span class='ocr_line' id='line_1_82' title="bbox 2160 4173 3748 4249; baseline -0.006 -13"><span class='ocrx_word' id='word_1_683' title='bbox 2160 4181 2290 4236; x_wconf 83' lang='grc' dir='ltr'>Υίοῢ</span> <span class='ocrx_word' id='word_1_684' title='bbox 2320 4179 2411 4235; x_wconf 79' lang='grc' dir='ltr'>τοῦ</span> <span class='ocrx_word' id='word_1_685' title='bbox 2438 4179 2572 4232; x_wconf 83' lang='grc' dir='ltr'>Θεοῦ</span> <span class='ocrx_word' id='word_1_686' title='bbox 2597 4178 2749 4231; x_wconf 81' lang='grc' dir='ltr'>οὐδὲν</span> <span class='ocrx_word' id='word_1_687' title='bbox 2775 4173 3379 4249; x_wconf 77' lang='grc' dir='ltr'>προσεπεξεργάζεσθαι</span> <span class='ocrx_word' id='word_1_688' title='bbox 3406 4174 3525 4227; x_wconf 80' lang='grc' dir='ltr'>δεῖ·</span> <span class='ocrx_word' id='word_1_689' title='bbox 3556 4177 3748 4232; x_wconf 70' lang='grc' dir='ltr'>τοσοῦ-</span> 
     </span>
    </p>
   </div>
   <div class='ocr_carea' id='block_1_82' title="bbox 481 4265 2046 4348">
    <p class='ocr_par' dir='ltr' id='par_1_82' title="bbox 481 4274 2046 4348">
     <span class='ocr_line' id='line_1_83' title="bbox 481 4274 2046 4348; baseline -0.003 -13"><span class='ocrx_word' id='word_1_690' title='bbox 481 4282 809 4348; x_wconf 86' lang='lat' dir='ltr'><strong>interrogata</strong></span> <span class='ocrx_word' id='word_1_691' title='bbox 844 4277 1189 4346; x_wconf 87' lang='lat' dir='ltr'><strong>respondeat.</strong></span> <span class='ocrx_word' id='word_1_692' title='bbox 1245 4274 1300 4331; x_wconf 92' lang='lat' dir='ltr'><strong>Si</strong></span> <span class='ocrx_word' id='word_1_693' title='bbox 1332 4292 1469 4330; x_wconf 84' lang='lat' dir='ltr'><strong>unus</strong></span> <span class='ocrx_word' id='word_1_694' title='bbox 1504 4287 1621 4330; x_wconf 91' lang='lat' dir='ltr'><strong>erat</strong></span> <span class='ocrx_word' id='word_1_695' title='bbox 1654 4277 1811 4338; x_wconf 89' lang='lat' dir='ltr'><strong>Deus,</strong></span> <span class='ocrx_word' id='word_1_696' title='bbox 1850 4291 1947 4332; x_wconf 89' lang='lat' dir='ltr'><strong>nec</strong></span> <span class='ocrx_word' id='word_1_697' title='bbox 1987 4277 2046 4331; x_wconf 85' lang='lat' dir='ltr'><strong>ab</strong></span> 
     </span>
    </p>
   </div>
   <div class='ocr_carea' id='block_1_83' title="bbox 2157 4265 3748 4348">
    <p class='ocr_par' dir='ltr' id='par_1_83' title="bbox 2157 4265 3748 4343">
     <span class='ocr_line' id='line_1_84' title="bbox 2157 4265 3748 4343; baseline -0.007 -15"><span class='ocrx_word' id='word_1_698' title='bbox 2157 4293 2245 4329; x_wconf 90' lang='grc' dir='ltr'><strong>τον</strong></span> <span class='ocrx_word' id='word_1_699' title='bbox 2295 4274 2350 4326; x_wconf 87' lang='grc' dir='ltr'>δὲ</span> <span class='ocrx_word' id='word_1_700' title='bbox 2405 4268 2557 4343; x_wconf 77' lang='grc' dir='ltr'>οἴμαι</span> <span class='ocrx_word' id='word_1_701' title='bbox 2593 4271 2892 4342; x_wconf 80' lang='grc' dir='ltr'>προσήκειν</span> <span class='ocrx_word' id='word_1_702' title='bbox 2924 4269 3290 4340; x_wconf 80' lang='grc' dir='ltr'>ἐπερωτῆσαι.</span> <span class='ocrx_word' id='word_1_703' title='bbox 3327 4270 3391 4321; x_wconf 78' lang='lat' dir='ltr'><strong>Ei</strong></span> <span class='ocrx_word' id='word_1_704' title='bbox 3427 4268 3542 4339; x_wconf 71' lang='lat'><strong>(59)</strong></span> <span class='ocrx_word' id='word_1_705' title='bbox 3577 4269 3642 4340; x_wconf 79' lang='grc' dir='ltr'>δὴ</span> <span class='ocrx_word' id='word_1_706' title='bbox 3669 4265 3748 4331; x_wconf 74' lang='grc' dir='ltr'>εἷς</span> 
     </span>
    </p>
   </div>
   <div class='ocr_carea' id='block_1_84' title="bbox 475 4366 2053 4439">
    <p class='ocr_par' dir='ltr' id='par_1_84' title="bbox 475 4366 2053 4439">
     <span class='ocr_line' id='line_1_85' title="bbox 475 4366 2053 4439; baseline -0.003 -13"><span class='ocrx_word' id='word_1_707' title='bbox 475 4385 544 4426; x_wconf 83' lang='lat' dir='ltr'><strong>eo</strong></span> <span class='ocrx_word' id='word_1_708' title='bbox 569 4369 859 4439; x_wconf 87' lang='lat' dir='ltr'><strong>quidquam</strong></span> <span class='ocrx_word' id='word_1_709' title='bbox 891 4384 906 4421; x_wconf 91' lang='lat'><strong>:</strong></span> <span class='ocrx_word' id='word_1_710' title='bbox 946 4382 1050 4422; x_wconf 92' lang='lat' dir='ltr'><strong>non</strong></span> <span class='ocrx_word' id='word_1_711' title='bbox 1082 4367 1258 4432; x_wconf 89' lang='lat' dir='ltr'><strong>Pater,</strong></span> <span class='ocrx_word' id='word_1_712' title='bbox 1290 4382 1396 4421; x_wconf 93' lang='lat' dir='ltr'><strong>non</strong></span> <span class='ocrx_word' id='word_1_713' title='bbox 1428 4366 1634 4421; x_wconf 89' lang='lat' dir='ltr'><strong>Filius:</strong></span> <span class='ocrx_word' id='word_1_714' title='bbox 1663 4382 1920 4436; x_wconf 86' lang='lat' dir='ltr'><strong>quorsum</strong></span> <span class='ocrx_word' id='word_1_715' title='bbox 1949 4369 2053 4421; x_wconf 87' lang='lat' dir='ltr'><strong>ista</strong></span> 
     </span>
    </p>
   </div>
   <div class='ocr_carea' id='block_1_85' title="bbox 481 4457 2056 4528">
    <p class='ocr_par' dir='ltr' id='par_1_85' title="bbox 481 4457 2056 4528">
     <span class='ocr_line' id='line_1_86' title="bbox 481 4457 2056 4528; baseline -0.001 -12"><span class='ocrx_word' id='word_1_716' title='bbox 481 4463 721 4527; x_wconf 86' lang='lat' dir='ltr'><strong>nomina,</strong></span> <span class='ocrx_word' id='word_1_717' title='bbox 765 4458 1095 4514; x_wconf 87' lang='lat' dir='ltr'><strong>mentiuntur</strong></span> <span class='ocrx_word' id='word_1_718' title='bbox 1129 4472 1300 4513; x_wconf 63' lang='lat' dir='ltr'><strong>sacra;</strong></span> <span class='ocrx_word' id='word_1_719' title='bbox 1321 4458 1570 4513; x_wconf 66' lang='lat' dir='ltr'><strong>Litterae?</strong></span> <span class='ocrx_word' id='word_1_720' title='bbox 1599 4457 1728 4528; x_wconf 85' lang='lat' dir='ltr'><strong>quid</strong></span> <span class='ocrx_word' id='word_1_721' title='bbox 1758 4460 2056 4514; x_wconf 87' lang='lat' dir='ltr'><strong>dissimulat</strong></span> 
     </span>
    </p>
   </div>
   <div class='ocr_carea' id='block_1_86' title="bbox 478 4545 2055 4618">
    <p class='ocr_par' dir='ltr' id='par_1_86' title="bbox 478 4545 2055 4618">
     <span class='ocr_line' id='line_1_87' title="bbox 478 4545 2055 4618; baseline -0.003 -12"><span class='ocrx_word' id='word_1_722' title='bbox 478 4551 786 4615; x_wconf 77' lang='lat' dir='ltr'><strong>Marcellus,</strong></span> <span class='ocrx_word' id='word_1_723' title='bbox 823 4550 946 4604; x_wconf 91' lang='lat' dir='ltr'><strong>dum</strong></span> <span class='ocrx_word' id='word_1_724' title='bbox 976 4549 1069 4618; x_wconf 91' lang='lat' dir='ltr'><strong>qui</strong></span> <span class='ocrx_word' id='word_1_725' title='bbox 1094 4563 1200 4602; x_wconf 91' lang='lat' dir='ltr'><strong>non</strong></span> <span class='ocrx_word' id='word_1_726' title='bbox 1223 4560 1306 4604; x_wconf 87' lang='lat' dir='ltr'><strong>est</strong></span> <span class='ocrx_word' id='word_1_727' title='bbox 1330 4547 1518 4615; x_wconf 89' lang='lat' dir='ltr'><strong>Filius,</strong></span> <span class='ocrx_word' id='word_1_728' title='bbox 1543 4550 1635 4604; x_wconf 91' lang='lat' dir='ltr'><strong>sed</strong></span> <span class='ocrx_word' id='word_1_729' title='bbox 1675 4545 1928 4613; x_wconf 87' lang='lat' dir='ltr'><strong>Verbum,</strong></span> <span class='ocrx_word' id='word_1_730' title='bbox 1961 4563 2055 4617; x_wconf 90' lang='lat' dir='ltr'><strong>ap-</strong></span> 
     </span>
    </p>
   </div>
   <div class='ocr_carea' id='block_1_87' title="bbox 480 4640 2056 4711">
    <p class='ocr_par' dir='ltr' id='par_1_87' title="bbox 480 4640 2056 4711">
     <span class='ocr_line' id='line_1_88' title="bbox 480 4640 2056 4711; baseline 0 -15"><span class='ocrx_word' id='word_1_731' title='bbox 480 4643 644 4710; x_wconf 89' lang='lat' dir='ltr'><strong>pellat</strong></span> <span class='ocrx_word' id='word_1_732' title='bbox 685 4655 862 4697; x_wconf 88' lang='lat' dir='ltr'><strong>tamen</strong></span> <span class='ocrx_word' id='word_1_733' title='bbox 899 4641 1113 4696; x_wconf 88' lang='lat' dir='ltr'><strong>Filium.</strong></span> <span class='ocrx_word' id='word_1_734' title='bbox 1163 4640 1406 4711; x_wconf 91' lang='lat' dir='ltr'><strong>Cumque</strong></span> <span class='ocrx_word' id='word_1_735' title='bbox 1453 4640 1754 4711; x_wconf 78' lang='lat' dir='ltr'><strong>exemplum</strong></span> <span class='ocrx_word' id='word_1_736' title='bbox 1805 4641 2056 4696; x_wconf 87' lang='lat' dir='ltr'><strong>adhibeat</strong></span> 
     </span>
    </p>
   </div>
   <div class='ocr_carea' id='block_1_88' title="bbox 479 4729 2054 4803">
    <p class='ocr_par' dir='ltr' id='par_1_88' title="bbox 479 4729 2054 4803">
     <span class='ocr_line' id='line_1_89' title="bbox 479 4729 2054 4803; baseline -0.003 -11"><span class='ocrx_word' id='word_1_737' title='bbox 479 4729 632 4792; x_wconf 80' lang='lat' dir='ltr'><strong>verbi</strong></span> <span class='ocrx_word' id='word_1_738' title='bbox 659 4735 898 4801; x_wconf 89' lang='lat' dir='ltr'><strong>humani,</strong></span> <span class='ocrx_word' id='word_1_739' title='bbox 931 4734 1212 4789; x_wconf 85' lang='lat' dir='ltr'><strong>dicendum</strong></span> <span class='ocrx_word' id='word_1_740' title='bbox 1243 4745 1348 4800; x_wconf 90' lang='lat' dir='ltr'><strong>est,</strong></span> <span class='ocrx_word' id='word_1_741' title='bbox 1389 4734 1528 4803; x_wconf 92' lang='lat' dir='ltr'><strong>quod</strong></span> <span class='ocrx_word' id='word_1_742' title='bbox 1559 4749 1660 4788; x_wconf 93' lang='lat' dir='ltr'><strong>non</strong></span> <span class='ocrx_word' id='word_1_743' title='bbox 1691 4734 1865 4788; x_wconf 89' lang='lat' dir='ltr'><strong>onmis</strong></span> <span class='ocrx_word' id='word_1_744' title='bbox 1892 4733 2054 4788; x_wconf 89' lang='lat' dir='ltr'><strong>homo</strong></span> 
     </span>
    </p>
   </div>
   <div class='ocr_carea' id='block_1_89' title="bbox 482 4824 2054 4896">
    <p class='ocr_par' dir='ltr' id='par_1_89' title="bbox 482 4824 2054 4896">
     <span class='ocr_line' id='line_1_90' title="bbox 482 4824 2054 4896; baseline -0.002 -15"><span class='ocrx_word' id='word_1_745' title='bbox 482 4827 608 4885; x_wconf 86' lang='lat' dir='ltr'><strong>licet</strong></span> <span class='ocrx_word' id='word_1_746' title='bbox 660 4828 871 4881; x_wconf 91' lang='lat' dir='ltr'><strong>ratione</strong></span> <span class='ocrx_word' id='word_1_747' title='bbox 927 4826 1204 4895; x_wconf 70' lang='lat' dir='ltr'><strong>prmditus,</strong></span> <span class='ocrx_word' id='word_1_748' title='bbox 1253 4836 1310 4880; x_wconf 89' lang='lat' dir='ltr'><strong>et</strong></span> <span class='ocrx_word' id='word_1_749' title='bbox 1340 4825 1680 4896; x_wconf 85' lang='lat' dir='ltr'><strong>congenitum</strong></span> <span class='ocrx_word' id='word_1_750' title='bbox 1723 4825 1773 4877; x_wconf 89' lang='lat' dir='ltr'><strong>in</strong></span> <span class='ocrx_word' id='word_1_751' title='bbox 1808 4838 1866 4878; x_wconf 90' lang='lat' dir='ltr'><strong>se</strong></span> <span class='ocrx_word' id='word_1_752' title='bbox 1896 4824 2054 4893; x_wconf 89' lang='lat' dir='ltr'><strong>logon</strong></span> 
     </span>
    </p>
   </div>
   <div class='ocr_carea' id='block_1_90' title="bbox 480 4914 2055 4990">
    <p class='ocr_par' dir='ltr' id='par_1_90' title="bbox 480 4914 2055 4990">
     <span class='ocr_line' id='line_1_91' title="bbox 480 4914 2055 4990; baseline -0.006 -15"><span class='ocrx_word' id='word_1_753' title='bbox 480 4918 785 4990; x_wconf 87' lang='lat' dir='ltr'><strong>possidens,</strong></span> <span class='ocrx_word' id='word_1_754' title='bbox 821 4916 986 4970; x_wconf 82' lang='lat' dir='ltr'><strong>[ilium</strong></span> <span class='ocrx_word' id='word_1_755' title='bbox 1027 4917 1212 4980; x_wconf 83' lang='lat' dir='ltr'><strong>habet,</strong></span> <span class='ocrx_word' id='word_1_756' title='bbox 1245 4923 1304 4970; x_wconf 86' lang='lat' dir='ltr'><strong>ut</strong></span> <span class='ocrx_word' id='word_1_757' title='bbox 1334 4914 1636 4970; x_wconf 89' lang='lat' dir='ltr'><strong>necessario</strong></span> <span class='ocrx_word' id='word_1_758' title='bbox 1674 4914 1812 4969; x_wconf 84' lang='lat' dir='ltr'><strong>lilius</strong></span> <span class='ocrx_word' id='word_1_759' title='bbox 1843 4915 1915 4967; x_wconf 88' lang='lat' dir='ltr'><strong>sit</strong></span> <span class='ocrx_word' id='word_1_760' title='bbox 1969 4914 2055 4967; x_wconf 70' lang='lat' dir='ltr'><strong>di-</strong></span> 
     </span>
    </p>
   </div>
   <div class='ocr_carea' id='block_1_91' title="bbox 482 5005 2055 5078">
    <p class='ocr_par' dir='ltr' id='par_1_91' title="bbox 482 5005 2055 5078">
     <span class='ocr_line' id='line_1_92' title="bbox 482 5005 2055 5078; baseline -0.004 -11"><span class='ocrx_word' id='word_1_761' title='bbox 482 5025 696 5067; x_wconf 85' lang='lat' dir='ltr'><strong>versum</strong></span> <span class='ocrx_word' id='word_1_762' title='bbox 721 5009 847 5078; x_wconf 91' lang='lat' dir='ltr'><strong>quid</strong></span> <span class='ocrx_word' id='word_1_763' title='bbox 877 5023 906 5061; x_wconf 85' lang='lat' dir='ltr'><strong>a</strong></span> <span class='ocrx_word' id='word_1_764' title='bbox 935 5007 1074 5078; x_wconf 87' lang='lat' dir='ltr'><strong>logo.</strong></span> <span class='ocrx_word' id='word_1_765' title='bbox 1111 5008 1169 5063; x_wconf 93' lang='lat' dir='ltr'><strong>Si</strong></span> <span class='ocrx_word' id='word_1_766' title='bbox 1205 5023 1333 5078; x_wconf 89' lang='lat' dir='ltr'><strong>ergo</strong></span> <span class='ocrx_word' id='word_1_767' title='bbox 1357 5009 1572 5072; x_wconf 78' lang='lat' dir='ltr'><strong>dixerit,</strong></span> <span class='ocrx_word' id='word_1_768' title='bbox 1605 5008 1766 5060; x_wconf 89' lang='lat' dir='ltr'><strong>Deum</strong></span> <span class='ocrx_word' id='word_1_769' title='bbox 1797 5007 1850 5059; x_wconf 91' lang='lat' dir='ltr'><strong>in</strong></span> <span class='ocrx_word' id='word_1_770' title='bbox 1888 5021 1946 5060; x_wconf 91' lang='lat' dir='ltr'><strong>se</strong></span> <span class='ocrx_word' id='word_1_771' title='bbox 1977 5005 2055 5060; x_wconf 91' lang='lat' dir='ltr'><strong>lo-</strong></span> 
     </span>
    </p>
   </div>
   <div class='ocr_carea' id='block_1_92' title="bbox 477 5099 2053 5175">
    <p class='ocr_par' dir='ltr' id='par_1_92' title="bbox 477 5099 2053 5175">
     <span class='ocr_line' id='line_1_93' title="bbox 477 5099 2053 5175; baseline -0.004 -15"><span class='ocrx_word' id='word_1_772' title='bbox 477 5120 586 5175; x_wconf 79' lang='lat' dir='ltr'><strong>gon</strong></span> <span class='ocrx_word' id='word_1_773' title='bbox 611 5102 881 5166; x_wconf 90' lang='lat' dir='ltr'><strong>habuisse,</strong></span> <span class='ocrx_word' id='word_1_774' title='bbox 912 5115 1010 5154; x_wconf 90' lang='lat' dir='ltr'><strong>nec</strong></span> <span class='ocrx_word' id='word_1_775' title='bbox 1037 5109 1297 5167; x_wconf 68' lang='lat' dir='ltr'><strong>praeterea</strong></span> <span class='ocrx_word' id='word_1_776' title='bbox 1324 5099 1638 5168; x_wconf 88' lang='lat' dir='ltr'><strong>quidquam,</strong></span> <span class='ocrx_word' id='word_1_777' title='bbox 1658 5112 1780 5153; x_wconf 90' lang='lat' dir='ltr'><strong>cum</strong></span> <span class='ocrx_word' id='word_1_778' title='bbox 1808 5113 1913 5168; x_wconf 93' lang='lat' dir='ltr'><strong>quo</strong></span> <span class='ocrx_word' id='word_1_779' title='bbox 1942 5099 2053 5154; x_wconf 92' lang='lat' dir='ltr'><strong>col-</strong></span> 
     </span>
    </p>
   </div>
   <div class='ocr_carea' id='block_1_93' title="bbox 559 5214 1278 5286">
    <p class='ocr_par' dir='ltr' id='par_1_93' title="bbox 559 5214 1278 5286">
     <span class='ocr_line' id='line_1_94' title="bbox 559 5214 1278 5286; baseline -0.01 -10"><span class='ocrx_word' id='word_1_780' title='bbox 559 5225 620 5285; x_wconf 61' lang='grc' dir='ltr'><strong>ᾖ(</strong></span> <span class='ocrx_word' id='word_1_781' title='bbox 647 5219 744 5274; x_wconf 88' lang='lat' dir='ltr'><strong>Ed.</strong></span> <span class='ocrx_word' id='word_1_782' title='bbox 777 5217 976 5280; x_wconf 88' lang='lat' dir='ltr'><strong>Paris.,</strong></span> <span class='ocrx_word' id='word_1_783' title='bbox 1001 5231 1120 5286; x_wconf 88' lang='lat' dir='ltr'><strong>pag.</strong></span> <span class='ocrx_word' id='word_1_784' title='bbox 1153 5214 1278 5270; x_wconf 69' lang='lat'><strong>126.</strong></span> 
     </span>
    </p>
   </div>
   <div class='ocr_carea' id='block_1_94' title="bbox 561 5305 1492 5380">
    <p class='ocr_par' dir='ltr' id='par_1_94' title="bbox 561 5305 1492 5380">
     <span class='ocr_line' id='line_1_95' title="bbox 561 5305 1492 5380; baseline -0.009 -13"><span class='ocrx_word' id='word_1_785' title='bbox 561 5314 584 5345; x_wconf 86' lang='grc'><strong><em>⁶</em></strong></span> <span class='ocrx_word' id='word_1_786' title='bbox 615 5313 772 5368; x_wconf 88' lang='lat' dir='ltr'><strong>Prov.</strong></span> <span class='ocrx_word' id='word_1_787' title='bbox 805 5329 922 5380; x_wconf 87' lang='lat' dir='ltr'><strong>vm,</strong></span> <span class='ocrx_word' id='word_1_788' title='bbox 952 5313 1041 5366; x_wconf 79' lang='lat'><strong>27.</strong></span> <span class='ocrx_word' id='word_1_789' title='bbox 1119 5313 1139 5341; x_wconf 91' lang='lat'>&quot;</span> <span class='ocrx_word' id='word_1_790' title='bbox 1162 5309 1298 5364; x_wconf 85' lang='lat' dir='ltr'><strong>Gen.</strong></span> <span class='ocrx_word' id='word_1_791' title='bbox 1326 5323 1366 5374; x_wconf 85' lang='grc' dir='ltr'><strong>ι,</strong></span> <span class='ocrx_word' id='word_1_792' title='bbox 1403 5305 1492 5361; x_wconf 78' lang='lat'><strong>‘26.</strong></span> 
     </span>
    </p>
   </div>
   <div class='ocr_carea' id='block_1_95' title="bbox 575 5427 1076 5501">
    <p class='ocr_par' dir='ltr' id='par_1_95' title="bbox 575 5427 1076 5501">
     <span class='ocr_line' id='line_1_96' title="bbox 575 5427 1076 5501; baseline -0.008 1"><span class='ocrx_word' id='word_1_793' title='bbox 575 5428 664 5501; x_wconf 64' lang='grc' dir='ltr'><strong>ξε)</strong></span> <span class='ocrx_word' id='word_1_794' title='bbox 693 5428 864 5501; x_wconf 69' lang='lat' dir='ltr'><strong>Vulso</strong></span> <span class='ocrx_word' id='word_1_795' title='bbox 891 5427 953 5501; x_wconf 65' lang='grc' dir='ltr'>τὸ</span> <span class='ocrx_word' id='word_1_796' title='bbox 979 5429 1076 5498; x_wconf 75' lang='grc' dir='ltr'><strong>μήι</strong></span> 
     </span>
    </p>
   </div>
   <div class='ocr_carea' id='block_1_96' title="bbox 579 5499 1047 5569">
    <p class='ocr_par' dir='ltr' id='par_1_96' title="bbox 579 5499 1047 5569">
     <span class='ocr_line' id='line_1_97' title="bbox 579 5499 1047 5569; baseline -0.004 -15"><span class='ocrx_word' id='word_1_797' title='bbox 579 5499 672 5569; x_wconf 77' lang='lat'><strong>59)</strong></span> <span class='ocrx_word' id='word_1_798' title='bbox 697 5499 867 5569; x_wconf 76' lang='lat' dir='ltr'><strong>Vulgo</strong></span> <span class='ocrx_word' id='word_1_799' title='bbox 899 5499 988 5569; x_wconf 65' lang='lat' dir='ltr'><strong>se.</strong></span> <span class='ocrx_word' id='word_1_800' title='bbox 1039 5555 1047 5563; x_wconf 71' lang='grc'><strong>,</strong></span> 
     </span>
    </p>
   </div>
   <div class='ocr_carea' id='block_1_97' title="bbox 577 5565 2057 5640">
    <p class='ocr_par' dir='ltr' id='par_1_97' title="bbox 577 5565 2057 5640">
     <span class='ocr_line' id='line_1_98' title="bbox 577 5565 2057 5640; baseline -0.007 -17"><span class='ocrx_word' id='word_1_801' title='bbox 577 5565 668 5640; x_wconf 78' lang='lat'><strong>60)</strong></span> <span class='ocrx_word' id='word_1_802' title='bbox 728 5565 825 5633; x_wconf 70' lang='grc' dir='ltr'><strong>Τῷ’</strong></span> <span class='ocrx_word' id='word_1_803' title='bbox 857 5570 926 5622; x_wconf 79' lang='grc' dir='ltr'>ἐν</span> <span class='ocrx_word' id='word_1_804' title='bbox 961 5567 1311 5635; x_wconf 71' lang='grc' dir='ltr'>ἀνθρώποις.</span> <span class='ocrx_word' id='word_1_805' title='bbox 1345 5565 1503 5640; x_wconf 87' lang='lat' dir='ltr'><strong>Vulg._</strong></span> <span class='ocrx_word' id='word_1_806' title='bbox 1547 5565 1797 5640; x_wconf 75' lang='grc' dir='ltr'>οὐρανοῖς</span> <span class='ocrx_word' id='word_1_807' title='bbox 1829 5575 2057 5640; x_wconf 72' lang='lat' dir='ltr'><strong>:__err_or</strong></span> 
     </span>
    </p>
   </div>
   <div class='ocr_carea' id='block_1_98' title="bbox 484 5630 2057 5705">
    <p class='ocr_par' dir='ltr' id='par_1_98' title="bbox 484 5630 2057 5705">
     <span class='ocr_line' id='line_1_99' title="bbox 484 5630 2057 5705; baseline -0.008 -9"><span class='ocrx_word' id='word_1_808' title='bbox 484 5630 999 5703; x_wconf 52' lang='lat' dir='ltr'><strong>ex&#39;abbreviatioue,</strong></span> <span class='ocrx_word' id='word_1_809' title='bbox 1030 5630 1198 5704; x_wconf 74' lang='grc' dir='ltr'>ἀνοις,</span> <span class='ocrx_word' id='word_1_810' title='bbox 1230 5630 1329 5694; x_wconf 78' lang='lat' dir='ltr'><strong>hoc</strong></span> <span class='ocrx_word' id='word_1_811' title='bbox 1356 5630 1476 5704; x_wconf 54' lang='lat' dir='ltr'><strong>est;</strong></span> <span class='ocrx_word' id='word_1_812' title='bbox 1483 5630 1807 5705; x_wconf 69' lang='grc' dir='ltr'>ἀνθρώποις.</span> <span class='ocrx_word' id='word_1_813' title='bbox 1845 5631 1913 5686; x_wconf 85' lang='grc' dir='ltr'><strong>Μ.</strong></span> <span class='ocrx_word' id='word_1_814' title='bbox 1945 5630 2057 5702; x_wconf 81' lang='lat' dir='ltr'><strong>[Sic</strong></span> 
     </span>
    </p>
   </div>
   <div class='ocr_carea' id='block_1_99' title="bbox 2160 4360 3747 4436">
    <p class='ocr_par' dir='ltr' id='par_1_99' title="bbox 2160 4360 3747 4436">
     <span class='ocr_line' id='line_1_100' title="bbox 2160 4360 3747 4436; baseline -0.003 -17"><span class='ocrx_word' id='word_1_815' title='bbox 2160 4366 2292 4429; x_wconf 84' lang='grc' dir='ltr'>Θεὸς</span> <span class='ocrx_word' id='word_1_816' title='bbox 2331 4360 2399 4436; x_wconf 77' lang='grc' dir='ltr'>ἦν</span> <span class='ocrx_word' id='word_1_817' title='bbox 2419 4406 2433 4429; x_wconf 88' lang='grc'><strong>,</strong></span> <span class='ocrx_word' id='word_1_818' title='bbox 2462 4361 2556 4417; x_wconf 61' lang='grc' dir='ltr'><strong>καὶ¹</strong></span> <span class='ocrx_word' id='word_1_819' title='bbox 2583 4361 2733 4415; x_wconf 74' lang='grc' dir='ltr'>οὐδὲν</span> <span class='ocrx_word' id='word_1_820' title='bbox 2758 4363 2942 4434; x_wconf 76' lang='grc' dir='ltr'>ἕτερον</span> <span class='ocrx_word' id='word_1_821' title='bbox 2962 4404 2976 4428; x_wconf 90' lang='grc'><strong>,</strong></span> <span class='ocrx_word' id='word_1_822' title='bbox 3003 4363 3064 4414; x_wconf 92' lang='grc' dir='ltr'><strong>ού</strong></span> <span class='ocrx_word' id='word_1_823' title='bbox 3097 4361 3287 4432; x_wconf 78' lang='grc' dir='ltr'>Πατὴρ</span> <span class='ocrx_word' id='word_1_824' title='bbox 3306 4402 3320 4424; x_wconf 94' lang='grc'><strong>,</strong></span> <span class='ocrx_word' id='word_1_825' title='bbox 3350 4361 3450 4432; x_wconf 77' lang='grc' dir='ltr'>οὐχ</span> <span class='ocrx_word' id='word_1_826' title='bbox 3490 4361 3626 4425; x_wconf 73' lang='grc' dir='ltr'>Υἱὸς</span> <span class='ocrx_word' id='word_1_827' title='bbox 3648 4403 3665 4426; x_wconf 90' lang='grc'><strong>,</strong></span> <span class='ocrx_word' id='word_1_828' title='bbox 3697 4362 3747 4414; x_wconf 82' lang='grc' dir='ltr'><strong>τί</strong></span> 
     </span>
    </p>
   </div>
   <div class='ocr_carea' id='block_1_100' title="bbox 2161 4452 3747 4528">
    <p class='ocr_par' dir='ltr' id='par_1_100' title="bbox 2161 4452 3747 4528">
     <span class='ocr_line' id='line_1_101' title="bbox 2161 4452 3747 4528; baseline -0.005 -16"><span class='ocrx_word' id='word_1_829' title='bbox 2161 4457 2517 4528; x_wconf 79' lang='grc' dir='ltr'>κατεψεύδετο</span> <span class='ocrx_word' id='word_1_830' title='bbox 2544 4455 2652 4508; x_wconf 84' lang='grc' dir='ltr'><strong>τῶν</strong></span> <span class='ocrx_word' id='word_1_831' title='bbox 2685 4453 2937 4508; x_wconf 87' lang='grc' dir='ltr'>τοιούτων</span> <span class='ocrx_word' id='word_1_832' title='bbox 2962 4453 3240 4524; x_wconf 83' lang='grc' dir='ltr'>ὀνομάτων</span> <span class='ocrx_word' id='word_1_833' title='bbox 3271 4455 3302 4523; x_wconf 78' lang='grc' dir='ltr'><strong>ἡ</strong></span> <span class='ocrx_word' id='word_1_834' title='bbox 3336 4453 3569 4523; x_wconf 77' lang='grc' dir='ltr'>Γραφή;</span> <span class='ocrx_word' id='word_1_835' title='bbox 3613 4453 3668 4504; x_wconf 83' lang='grc' dir='ltr'><strong>τί</strong></span> <span class='ocrx_word' id='word_1_836' title='bbox 3691 4452 3747 4504; x_wconf 79' lang='grc' dir='ltr'>δὲ</span> 
     </span>
    </p>
   </div>
   <div class='ocr_carea' id='block_1_101' title="bbox 2159 4545 3743 4619">
    <p class='ocr_par' dir='ltr' id='par_1_101' title="bbox 2159 4545 3743 4619">
     <span class='ocr_line' id='line_1_102' title="bbox 2159 4545 3743 4619; baseline -0.005 -14"><span class='ocrx_word' id='word_1_837' title='bbox 2159 4553 2254 4605; x_wconf 74' lang='grc' dir='ltr'><strong>καὶ</strong></span> <span class='ocrx_word' id='word_1_838' title='bbox 2300 4549 2462 4613; x_wconf 83' lang='grc' dir='ltr'>αὐτὸς</span> <span class='ocrx_word' id='word_1_839' title='bbox 2507 4547 2824 4619; x_wconf 86' lang='grc' dir='ltr'>Μάρκελλος</span> <span class='ocrx_word' id='word_1_840' title='bbox 2873 4547 3263 4618; x_wconf 81' lang='grc' dir='ltr'>ὑποκρίνεται,</span> <span class='ocrx_word' id='word_1_841' title='bbox 3312 4547 3404 4598; x_wconf 75' lang='grc' dir='ltr'><strong>τὸν</strong></span> <span class='ocrx_word' id='word_1_842' title='bbox 3465 4545 3544 4616; x_wconf 84' lang='grc' dir='ltr'>μὴ</span> <span class='ocrx_word' id='word_1_843' title='bbox 3594 4545 3743 4606; x_wconf 82' lang='grc' dir='ltr'>Υίόν,</span> 
     </span>
    </p>
   </div>
   <div class='ocr_carea' id='block_1_102' title="bbox 2159 4637 3746 4710">
    <p class='ocr_par' dir='ltr' id='par_1_102' title="bbox 2159 4637 3746 4710">
     <span class='ocr_line' id='line_1_103' title="bbox 2159 4637 3746 4710; baseline -0.004 -14"><span class='ocrx_word' id='word_1_844' title='bbox 2159 4642 2295 4696; x_wconf 84' lang='grc' dir='ltr'><strong>ἀλλά</strong></span> <span class='ocrx_word' id='word_1_845' title='bbox 2325 4642 2516 4710; x_wconf 80' lang='grc' dir='ltr'>Λόγον,</span> <span class='ocrx_word' id='word_1_846' title='bbox 2567 4640 2695 4693; x_wconf 84' lang='grc' dir='ltr'>Υίὸν</span> <span class='ocrx_word' id='word_1_847' title='bbox 2739 4637 3059 4702; x_wconf 84' lang='grc' dir='ltr'>ἀποκαλῶν;</span> <span class='ocrx_word' id='word_1_848' title='bbox 3090 4639 3203 4691; x_wconf 69' lang='grc' dir='ltr'>Καὶ</span> <span class='ocrx_word' id='word_1_849' title='bbox 3250 4639 3439 4709; x_wconf 81' lang='grc' dir='ltr'>ἐπειδὴ</span> <span class='ocrx_word' id='word_1_850' title='bbox 3476 4637 3746 4709; x_wconf 79' lang='grc' dir='ltr'>κέχρηται</span> 
     </span>
    </p>
   </div>
   <div class='ocr_carea' id='block_1_103' title="bbox 2161 4730 3742 4808">
    <p class='ocr_par' dir='ltr' id='par_1_103' title="bbox 2161 4730 3742 4808">
     <span class='ocr_line' id='line_1_104' title="bbox 2161 4730 3742 4808; baseline -0.003 -18"><span class='ocrx_word' id='word_1_851' title='bbox 2161 4737 2561 4808; x_wconf 87' lang='grc' dir='ltr'>παραδείγματι</span> <span class='ocrx_word' id='word_1_852' title='bbox 2591 4733 2700 4806; x_wconf 88' lang='grc'>(60)</span> <span class='ocrx_word' id='word_1_853' title='bbox 2725 4735 2804 4804; x_wconf 85' lang='grc' dir='ltr'>τῷ</span> <span class='ocrx_word' id='word_1_854' title='bbox 2849 4734 2906 4787; x_wconf 77' lang='grc' dir='ltr'><strong>ἐν</strong></span> <span class='ocrx_word' id='word_1_855' title='bbox 2940 4730 3250 4804; x_wconf 85' lang='grc' dir='ltr'>ἀνθρώποις</span> <span class='ocrx_word' id='word_1_856' title='bbox 3274 4732 3418 4803; x_wconf 85' lang='grc' dir='ltr'>λόγῳ</span> <span class='ocrx_word' id='word_1_857' title='bbox 3439 4773 3455 4792; x_wconf 94' lang='grc'><strong>,</strong></span> <span class='ocrx_word' id='word_1_858' title='bbox 3497 4731 3742 4790; x_wconf 79' lang='grc' dir='ltr'>λεκτέον.</span> 
     </span>
    </p>
   </div>
   <div class='ocr_carea' id='block_1_104' title="bbox 2161 4819 3745 4894">
    <p class='ocr_par' dir='ltr' id='par_1_104' title="bbox 2161 4819 3745 4894">
     <span class='ocr_line' id='line_1_105' title="bbox 2161 4819 3745 4894; baseline -0.004 -14"><span class='ocrx_word' id='word_1_859' title='bbox 2161 4827 2237 4890; x_wconf 81' lang='grc' dir='ltr'>ὡς</span> <span class='ocrx_word' id='word_1_860' title='bbox 2264 4827 2326 4878; x_wconf 91' lang='grc' dir='ltr'><strong>ού</strong></span> <span class='ocrx_word' id='word_1_861' title='bbox 2355 4828 2462 4888; x_wconf 79' lang='grc' dir='ltr'>πᾶς</span> <span class='ocrx_word' id='word_1_862' title='bbox 2493 4823 2776 4894; x_wconf 80' lang='grc' dir='ltr'>ἄνθρωπος</span> <span class='ocrx_word' id='word_1_863' title='bbox 2811 4823 2928 4876; x_wconf 82' lang='grc' dir='ltr'>υίὸν</span> <span class='ocrx_word' id='word_1_864' title='bbox 2971 4821 3104 4893; x_wconf 70' lang='grc' dir='ltr'>ἔχει,</span> <span class='ocrx_word' id='word_1_865' title='bbox 3132 4821 3351 4889; x_wconf 84' lang='grc' dir='ltr'>λογικὸς</span> <span class='ocrx_word' id='word_1_866' title='bbox 3393 4819 3504 4882; x_wconf 83' lang='grc' dir='ltr'>ὣν,</span> <span class='ocrx_word' id='word_1_867' title='bbox 3540 4822 3637 4875; x_wconf 73' lang='grc' dir='ltr'>καὶ</span> <span class='ocrx_word' id='word_1_868' title='bbox 3658 4823 3745 4874; x_wconf 78' lang='grc' dir='ltr'><strong>τὸν</strong></span> 
     </span>
    </p>
   </div>
   <div class='ocr_carea' id='block_1_105' title="bbox 2164 4910 3745 4986">
    <p class='ocr_par' dir='ltr' id='par_1_105' title="bbox 2164 4910 3745 4986">
     <span class='ocr_line' id='line_1_106' title="bbox 2164 4910 3745 4986; baseline -0.005 -18"><span class='ocrx_word' id='word_1_869' title='bbox 2164 4915 2382 4986; x_wconf 76' lang='grc' dir='ltr'>συμφύῆ</span> <span class='ocrx_word' id='word_1_870' title='bbox 2430 4914 2586 4982; x_wconf 90' lang='grc' dir='ltr'>λόγον</span> <span class='ocrx_word' id='word_1_871' title='bbox 2615 4914 2672 4964; x_wconf 87' lang='grc' dir='ltr'><strong>ἐν</strong></span> <span class='ocrx_word' id='word_1_872' title='bbox 2715 4913 2861 4983; x_wconf 81' lang='grc' dir='ltr'>αὐτῷ</span> <span class='ocrx_word' id='word_1_873' title='bbox 2903 4912 3259 4984; x_wconf 80' lang='grc' dir='ltr'>κεκτημένος.</span> <span class='ocrx_word' id='word_1_874' title='bbox 3305 4910 3516 4964; x_wconf 79' lang='grc' dir='ltr'>Οὐκοῦν</span> <span class='ocrx_word' id='word_1_875' title='bbox 3560 4912 3745 4981; x_wconf 74' lang='grc' dir='ltr'>ἕτερόν</span> 
     </span>
    </p>
   </div>
   <div class='ocr_carea' id='block_1_106' title="bbox 2159 4999 3744 5078">
    <p class='ocr_par' dir='ltr' id='par_1_106' title="bbox 2159 4999 3744 5078">
     <span class='ocr_line' id='line_1_107' title="bbox 2159 4999 3744 5078; baseline -0.005 -17"><span class='ocrx_word' id='word_1_876' title='bbox 2159 5009 2210 5062; x_wconf 90' lang='grc' dir='ltr'><strong>τί</strong></span> <span class='ocrx_word' id='word_1_877' title='bbox 2245 5012 2390 5061; x_wconf 84' lang='grc' dir='ltr'>ἐστιν</span> <span class='ocrx_word' id='word_1_878' title='bbox 2422 5009 2548 5072; x_wconf 83' lang='grc' dir='ltr'>Υἱὸς</span> <span class='ocrx_word' id='word_1_879' title='bbox 2578 5008 2728 5078; x_wconf 84' lang='grc' dir='ltr'>παρὰ</span> <span class='ocrx_word' id='word_1_880' title='bbox 2759 5007 2850 5060; x_wconf 89' lang='grc' dir='ltr'><strong>τὸν</strong></span> <span class='ocrx_word' id='word_1_881' title='bbox 2892 5006 3067 5074; x_wconf 86' lang='grc' dir='ltr'>λόγον.</span> <span class='ocrx_word' id='word_1_882' title='bbox 3098 5005 3201 5057; x_wconf 90' lang='grc' dir='ltr'>Τὸν</span> <span class='ocrx_word' id='word_1_883' title='bbox 3228 4999 3321 5057; x_wconf 80' lang='grc' dir='ltr'><strong>οὖν</strong></span> <span class='ocrx_word' id='word_1_884' title='bbox 3349 5003 3485 5057; x_wconf 86' lang='grc' dir='ltr'>Θεὸν</span> <span class='ocrx_word' id='word_1_885' title='bbox 3515 5007 3567 5057; x_wconf 83' lang='grc' dir='ltr'>εἰ</span> <span class='ocrx_word' id='word_1_886' title='bbox 3593 5004 3744 5070; x_wconf 82' lang='grc' dir='ltr'>λόγον</span> 
     </span>
    </p>
   </div>
   <div class='ocr_carea' id='block_1_107' title="bbox 2163 5090 3746 5172">
    <p class='ocr_par' dir='ltr' id='par_1_107' title="bbox 2163 5090 3746 5172">
     <span class='ocr_line' id='line_1_108' title="bbox 2163 5090 3746 5172; baseline -0.003 -21"><span class='ocrx_word' id='word_1_887' title='bbox 2163 5099 2307 5171; x_wconf 74' lang='grc' dir='ltr'>ἔχειν</span> <span class='ocrx_word' id='word_1_888' title='bbox 2339 5102 2396 5154; x_wconf 83' lang='grc' dir='ltr'><strong>ἐν</strong></span> <span class='ocrx_word' id='word_1_889' title='bbox 2439 5101 2614 5172; x_wconf 82' lang='grc' dir='ltr'>ἐαυτῷ</span> <span class='ocrx_word' id='word_1_890' title='bbox 2656 5101 2854 5170; x_wconf 82' lang='grc' dir='ltr'>φάσκοι</span> <span class='ocrx_word' id='word_1_891' title='bbox 2881 5099 2976 5152; x_wconf 77' lang='grc' dir='ltr'>καὶ</span> <span class='ocrx_word' id='word_1_892' title='bbox 3007 5097 3119 5169; x_wconf 80' lang='grc'><strong>(61)</strong></span> <span class='ocrx_word' id='word_1_893' title='bbox 3149 5097 3298 5150; x_wconf 80' lang='grc' dir='ltr'>οὺδὲν</span> <span class='ocrx_word' id='word_1_894' title='bbox 3325 5097 3519 5166; x_wconf 72' lang='grc' dir='ltr'>ἕτερον</span> <span class='ocrx_word' id='word_1_895' title='bbox 3542 5138 3560 5160; x_wconf 90' lang='grc'><strong>,</strong></span> <span class='ocrx_word' id='word_1_896' title='bbox 3586 5090 3630 5166; x_wconf 83' lang='grc' dir='ltr'>ᾧ</span> <span class='ocrx_word' id='word_1_897' title='bbox 3654 5098 3746 5149; x_wconf 77' lang='grc' dir='ltr'><strong>καὶ</strong></span> 
     </span>
    </p>
   </div>
   <div class='ocr_carea' id='block_1_108' title="bbox 2164 5417 2808 5493">
    <p class='ocr_par' dir='ltr' id='par_1_108' title="bbox 2164 5417 2808 5493">
     <span class='ocr_line' id='line_1_109' title="bbox 2164 5417 2808 5493; baseline -0.003 -16"><span class='ocrx_word' id='word_1_898' title='bbox 2164 5424 2284 5478; x_wconf 79' lang='lat' dir='ltr'><strong>dedi</strong></span> <span class='ocrx_word' id='word_1_899' title='bbox 2346 5436 2491 5493; x_wconf 75' lang='lat' dir='ltr'><strong>corr.</strong></span> <span class='ocrx_word' id='word_1_900' title='bbox 2518 5491 2525 5493; x_wconf 14' lang='grc' dir='ltr'><strong>Α</strong></span> <span class='ocrx_word' id='word_1_901' title='bbox 2549 5417 2808 5493; x_wconf 71' lang='lat' dir='ltr'><strong>secutus].</strong></span> 
     </span>
    </p>
   </div>
   <div class='ocr_carea' id='block_1_109' title="bbox 2235 5485 3737 5562">
    <p class='ocr_par' dir='ltr' id='par_1_109' title="bbox 2235 5485 3737 5562">
     <span class='ocr_line' id='line_1_110' title="bbox 2235 5485 3737 5562; baseline -0.001 -16"><span class='ocrx_word' id='word_1_902' title='bbox 2235 5493 2346 5561; x_wconf 71' lang='lat'><strong>(61)</strong></span> <span class='ocrx_word' id='word_1_903' title='bbox 2382 5491 2574 5546; x_wconf 79' lang='grc' dir='ltr'><strong>Οὐδὲν</strong></span> <span class='ocrx_word' id='word_1_904' title='bbox 2592 5485 2815 5558; x_wconf 63' lang='grc' dir='ltr'>ἓτεροῦ.</span> <span class='ocrx_word' id='word_1_905' title='bbox 2850 5490 3008 5547; x_wconf 83' lang='lat' dir='ltr'><strong>Deest</strong></span> <span class='ocrx_word' id='word_1_906' title='bbox 3041 5491 3177 5548; x_wconf 83' lang='lat' dir='ltr'><strong>forte</strong></span> <span class='ocrx_word' id='word_1_907' title='bbox 3200 5490 3232 5562; x_wconf 76' lang='grc' dir='ltr'>ἢ</span> <span class='ocrx_word' id='word_1_908' title='bbox 3259 5490 3441 5559; x_wconf 85' lang='grc' dir='ltr'>λόγον,</span> <span class='ocrx_word' id='word_1_909' title='bbox 3537 5488 3647 5546; x_wconf 81' lang='grc' dir='ltr'>καί.</span> <span class='ocrx_word' id='word_1_910' title='bbox 3669 5485 3737 5545; x_wconf 68' lang='grc' dir='ltr'><strong>Η.</strong></span> 
     </span>
    </p>
   </div>
   <div class='ocr_carea' id='block_1_110' title="bbox 2166 5563 2886 5636">
    <p class='ocr_par' dir='ltr' id='par_1_110' title="bbox 2166 5563 2886 5636">
     <span class='ocr_line' id='line_1_111' title="bbox 2166 5563 2886 5636; baseline -0.008 -17"><span class='ocrx_word' id='word_1_911' title='bbox 2166 5592 2229 5606; x_wconf 89' lang='lat'><strong>-—</strong></span> <span class='ocrx_word' id='word_1_912' title='bbox 2263 5565 2434 5634; x_wconf 69' lang='lat' dir='ltr'><strong>Supra</strong></span> <span class='ocrx_word' id='word_1_913' title='bbox 2477 5564 2633 5634; x_wconf 79' lang='lat' dir='ltr'><strong>vulgo</strong></span> <span class='ocrx_word' id='word_1_914' title='bbox 2669 5563 2886 5636; x_wconf 57' lang='grc' dir='ltr'><strong>φάσκειῒ</strong></span> 
     </span>
    </p>
   </div>
  </div>
