3838 6222
190 322 296 380 957

1146 323 1235 379 DE
1262 321 1795 380 ECCLESIASTICA
1820 319 2220 377 TllEOLOC-IA
2257 320 2387 377 LIB.
2430 321 2495 377 ll.

3325 323 3433 383 958

187 438 462 501 διενοεῖτο,
505 430 550 505 ᾧ
583 436 683 491 καὶ
710 435 846 509 πρὸς
876 435 1065 491 ἑαυτὸν
1089 437 1375 506 διελέγετο,
1406 438 1757 507 Ποιήσωμεν

1864 435 2193 507 loquebatur,
2226 434 2512 492 Faciamus
2526 438 2805 507 hominem,
2836 438 3105 509 inquiens,
3151 441 3280 511 quid
3304 455 3433 498 eum

187 526 519 597 ἄνθρωπον,
564 527 737 596 λέγων
774 544 789 557 ο
814 528 867 581 τί
906 529 999 582 καὶ
1028 527 1205 598 μάτην
1237 527 1349 580 υἱὸν
1376 528 1663 599 ὀνομάζοις
1694 528 1761 582 Τί

188 617 246 670 δὲ
279 618 375 688 τὴν
414 618 735 689 Ἐκκλησίαν
758 616 1138 689 ύποκρίνεται;
1176 617 1241 671 Τί
1276 617 1355 681 δὲ,
1389 619 1463 690 μὴ
1492 617 1762 672 πιστεύων

188 710 269 772 είς
299 710 389 762 τὸν
418 710 544 763 Υίὸν
575 710 670 763 τοῦ
701 709 835 763 Θεοῦ
880 713 1256 781 προσποιεῖται
1283 710 1557 764 πιστεύειν
1576 749 1592 775 ,
1630 727 1763 781 σχη-

188 797 550 871 ματιζόμενος
593 797 683 851 διά
726 797 821 852 τοῦ
872 798 967 851 τὸν
1012 798 1183 867 Λόγον
1229 799 1322 853 τὸν
1386 800 1445 853 ὲν
1515 799 1594 871 τῷ
1645 797 1763 870 Θεῷ

188 889 320 943 Υἱὸν
356 888 686 957 ἀποκαλεῖν;
718 889 910 960 Σαφῶς
955 890 1049 944 τοῦ
1079 890 1517 963 παραδείγματος
1563 888 1759 962 μακρῷ

185 980 461 1035 διεστάναι
498 981 839 1046 διδάσκοντος
886 982 977 1035 τὸν
1025 981 1262 1054 ἔμφυτον
1308 983 1365 1035 ὲν
1407 982 1550 1054 ψυχῇ
1602 982 1761 1052 λόγον

186 1072 341 1143 παρά
366 1073 457 1126 τὸν
486 1071 551 1126 εκ
577 1090 721 1137 τινος
753 1073 1098 1145 γεννηθέντα,
1134 1074 1228 1127 καὶ⁸
1264 1074 1384 1127 καθ’
1438 1074 1627 1128 ἑαυτὸν
1659 1075 1761 1144 ὑφ-

184 1162 400 1215 εστῶτα
424 1203 439 1228 ,
492 1163 585 1216 καὶ
643 1160 819 1227 ζῶντα
840 1201 855 1227 ,
916 1164 1009 1217 καὶ
1064 1163 1389 1233 ἐνεργοῦντα
1437 1163 1585 1218 Υίόν.
1621 1163 1760 1218 Ἀλλ’

182 1254 289 1307 οὐκ
341 1253 452 1323 ἐγὼ
476 1295 491 1319 ,
541 1254 712 1325 φησὶ,
770 1254 846 1317 ὡς
891 1254 1077 1322 εἰκὸς,
1118 1254 1233 1307 ἀλλ’
1269 1256 1297 1306 6
1337 1254 1477 1319 θεῖος
1527 1256 1760 1325 εὐαγγε-

184 1344 376 1417 λιστὴς
426 1345 597 1413 Λόγον
654 1344 814 1401 αὐτὸν
863 1348 1175 1417 προσεῖπεν.
1232 1346 1546 1400 Ἀκόλουθον
1581 1348 1762 1401 τοίνυν

182 1438 273 1509 είη
303 1438 370 1492 ἂν
404 1439 496 1491 καὶ
522 1438 666 1508 ἡμᾶς
691 1438 863 1509 τούτῳ
884 1437 1260 1508 συνομολογεῖν
1288 1437 1425 1508 (58).
1454 1438 1581 1504 Ναὶ,
1612 1439 1756 1509 φημὶ

184 1527 284 1580 καὶ
314 1527 496 1591 αὐτός.

828 1616 985 1671 ΚΕΦ.
1024 1616 1122 1672 1Ζ’.

265 1710 571 1780 Ἐρμηνεία
598 1708 706 1777 τῆς
732 1706 999 1777 ἀληθοῦς
1025 1704 1293 1774 διανοίας
1332 1708 1441 1763 τοῦ
1472 1710 1685 1779 Λόγου.

1861 537 1915 581 et
1941 526 2141 581 frustra
2176 528 2411 595 quidem,
2441 528 2670 599 appellat
2695 530 2935 586 Filium?
2962 530 3100 598 Quid
3132 532 3432 590 Ecclesiam

1861 618 2095 687 decipit?
2123 619 2252 688 quid
2278 634 2401 676 cum
2432 636 2535 675 non
2563 622 2768 689 credat,
2803 623 2953 694 ﬁngit
3012 635 3189 680 tamen
3221 641 3280 681 se
3314 642 3433 683 cre-

1863 710 1988 764 dere
2019 709 2071 763 in
2108 710 2301 765 Filium
2334 711 2463 767 Dei?
2500 723 2685 782 utpote
2709 716 2797 783 qui
2827 716 2993 770 videri
3020 716 3136 773 vult
3172 732 3268 787 per
3299 718 3435 774 Ver-

1862 798 1985 853 bum
2034 800 2226 855 Filium
2272 801 2365 857 Dei
2415 804 2741 861 nominasse.
2776 805 2909 860 Cum
2935 806 3101 876 ipsius
3127 809 3433 877 exemplum

1862 894 2143 962 perspicue
2173 894 2382 959 doceat,
2406 895 2716 965 longissime
2769 900 2966 956 distare
3003 900 3219 954 insitum
3251 902 3433 956 animo

1863 982 2016 1051 logon
2052 988 2110 1046 ’Β
2148 983 2216 1038 ab
2258 984 2349 1040 illo
2394 988 2536 1055 quod
2583 987 2650 1042 de
2689 987 2868 1058 aliquo
2903 1002 3324 1059 progeneratur,
3378 1004 3435 1050 et

1863 1088 1957 1141 per
1986 1088 2044 1128 se
2066 1075 2311 1130 subsistit
2341 1087 2397 1130 et
2426 1077 2577 1141 vivit,
2620 1087 2675 1133 et
2713 1089 2987 1148 operatur,
3031 1090 3086 1136 et
3126 1080 3295 1137 Filius
3324 1092 3429 1138 est.

1864 1164 1968 1219 Sed
1994 1167 2241 1221 fortassis
2272 1168 2515 1237 inquiet:
2542 1168 2659 1225 Non
2703 1185 2805 1241 ego
2852 1170 2999 1226 illum
3049 1174 3256 1242 appello
3296 1173 3432 1230 Ver-

1863 1256 2010 1319 bum,
2062 1257 2154 1311 sed
2219 1258 2431 1315 divinus
2478 1260 2803 1330 evangelista
2870 1280 2884 1317 :
2938 1273 2993 1318 et
3050 1279 3146 1319 nos
3192 1264 3321 1320 illud
3350 1266 3435 1335 ip-

1862 1364 1980 1403 sum
2028 1365 2124 1420 par
2164 1360 2249 1407 est
2282 1352 2549 1409 conﬁteri.
2606 1355 2699 1410 Est
2739 1356 2897 1426 plane
2946 1358 3106 1412 etiam
3153 1374 3275 1416 tneo
3313 1360 3432 1415 ani-

1863 1456 1970 1497 mo.

2456 1622 2608 1678 CAP.
2645 1621 2804 1679 XVII.

2102 1708 2249 1766 Vera:
2283 1717 2555 1769 sententia:
2592 1716 2657 1770 de
2697 1714 2859 1771 Verbo
2888 1716 3190 1785 explicatio.

255 1798 403 1869 Πλὴν
442 1798 546 1851 οὐδ’
576 1798 776 1868 ἑτέρως
827 1797 1123 1869 προσήκειν
1153 1792 1307 1868 οἶμαι
1352 1796 1631 1862 ἐξακούειν
1661 1797 1762 1868 τῆς

1933 1801 2040 1859 Sed
2074 1819 2178 1858 non
2208 1805 2369 1860 aliter
2388 1808 2608 1862 omnino
2630 1823 2731 1864 vox
2763 1808 2853 1863 illa
2904 1784 3314 1879 interpretanda
3346 1821 3433 1869 est

180 1892 372 1962 φωνῆς
403 1891 437 1961 ἢ
482 1890 629 1961 αὐτῷ
672 1891 833 1944 πάλιν
884 1889 1356 1961 μαθητευομένους
1404 1888 1485 1959 τῷ
1529 1889 1760 1958 εὐαγγε-

178 1984 341 2054 λιστῇ
410 1982 713 2037 διδάσκοντι
762 1984 943 2036 ὁποῖον
999 1980 1280 2052 διωρίζετο
1328 1978 1529 2048 Λόγον.⁵
1571 1979 1763 2047 Σαφῶς

178 2078 239 2130 δὲ
286 2077 473 2130 τοῦτον
519 2076 755 2147 παρίστη
801 2068 912 2138 οἷός
962 2091 1049 2138 τις
1088 2069 1178 2145 ἦν,
1226 2072 1607 2127 ὲπισυνάπτων
1635 2072 1764 2142 ἑξῆς

181 2171 281 2223 καὶ
314 2169 507 2238 λέγων,
541 2167 652 2221 Kal
693 2165 837 2233 Θεὸς
878 2163 958 2238 ἦν
996 2169 1030 2221 ὀ
1054 2167 1264 2235 Λόγος.
1292 2164 1595 2236 Δυνάμενος
1631 2163 1763 2233 γοῦν

179 2261 386 2323 εἰπεῖν,
428 2257 539 2313 Καὶ
581 2256 726 2323 Θεὸς
777 2252 858 2327 ἦν·
894 2258 929 2310 ό
956 2257 1179 2326 ζΛόγος,
1244 2253 1383 2325 μετά
1407 2255 1505 2326 τῆς
1535 2253 1628 2307 τοῦ
1660 2254 1762 2326 ἄρ-

181 2351 317 2423 θρου
347 2350 683 2423 προσθήκης,
704 2348 757 2401 εί
784 2365 849 2417 γε
875 2348 934 2401 ἓν
961 2348 1056 2402 καὶ
1095 2347 1292 2400 ταύτὸν
1318 2349 1502 2416 ἡγεῖτο
1528 2346 1619 2398 τὸν
1650 2346 1763 2399 Πα-

179 2439 317 2509 τέρα
360 2433 622 2491 εἶναικαὶ
661 2436 752 2489 τὸν
781 2436 929 2501 Υίὸν,
974 2434 1142 2489 αὐτόν
1185 2450 1246 2487 τε
1288 2430 1427 2488 εἶναι
1473 2433 1563 2487 τὸν
1590 2433 1763 2501 Λόγον

179 2530 275 2584 τὸν
302 2530 394 2583 ἐπὶ
426 2529 643 2585 πάντων
692 2527 846 2593 Θεὸν,
879 2526 977 2598 οὐχ
1023 2525 1193 2591 οὕτως
1228 2524 1362 2598 (δι’)
1388 2524 1619 2590 ἐξέδωκε
1664 2524 1763 2598 τὴν

180 2610 422 2695 γραφήν.
449 2622 522 2676 Ἦ
558 2620 687 2691 γὰρ,
719 2639 737 2671 ι
770 2620 880 2673 Καὶ
908 2617 1043 2673 Θεοῦ
1075 2614 1144 2691 ἦν
1172 2620 1201 2671 6
1238 2618 1409 2687 Λόγος
1439 2636 1458 2670 ι
1496 2617 1661 2689 ἐχρῆν
1693 2618 1765 2670 εί-

181 2718 332 2779 πεῖν,
359 2715 393 2785 ἢ
424 2732 444 2766 ε
470 2714 500 2766 6
531 2711 661 2776 Θεὸς
699 2708 765 2783 ἦν
796 2713 824 2765 6
851 2712 1041 2780 Λόγος,
1074 2728 1093 2762 ι
1133 2710 1268 2781 μετά
1310 2704 1633 2783 προσθήκης
1665 2708 1761 2762 τοῦ

180 2804 412 2878 ἄρθρου,
456 2806 505 2857 εἰ
548 2807 615 2876 τῇ
669 2803 990 2875 Μαρκέλλου
1055 2803 1265 2874 διανοίᾳ
1323 2801 1612 2873 σύμφωνον
1663 2800 1762 2872 τὴν

180 2896 406 2970 γραφὴν
450 2898 703 2949 ἐποιεῖτο.
734 2894 871 2947 Νυνὶ
896 2894 953 2947 δὲ
982 2894 1075 2948 καὶ
1104 2894 1266 2947 αὐτὸν
1309 2893 1399 2947 τὸν
1427 2893 1598 2962 Λόγον
1630 2894 1762 2948 Θεὸν

182 2984 325 3045 εἶναι
358 2988 597 3059 παρίστη
617 3027 631 3053 ,
676 2987 876 3058 ὁμοίως
909 2985 1006 3055 τῷ,
1042 2985 1179 3056 πρὸς
1218 2984 1276 3037 ὃν
1302 2981 1369 3057 ἦν
1394 2984 1545 3057 Θεῷ·
1581 3003 1764 3055 προει-

183 3078 304 3135 Διέὼν
334 3079 463 3149 γὰρ,
506 3076 617 3132 Kal
644 3080 678 3131 ὁ
707 3077 895 3145 Λόγος
930 3073 1009 3147 ἦν
1040 3077 1189 3145 πρὸς
1219 3074 1323 3128 τὸν
1357 3076 1524 3141 Θεὸν,
1566 3078 1761 3145 ἐπάγει

180 3169 376 3239 λέγων,
405 3167 519 3222 Καὶ
567 3166 711 3233 Θεὸς
737 3162 817 3237 ἦν
845 3169 877 3221 ὀ
908 3167 1116 3237 Λόγος,
1170 3167 1452 3237 μονονουχὶ
1493 3168 1760 3235 σαφέστε-

182 3281 278 3337 ρον
309 3263 457 3333 ἡμᾶς
498 3260 761 3315 διδάσκων
790 3258 1002 3331 πρῶτον
1057 3259 1154 3330 μὲν
1196 3259 1444 3330 ἡγεῖσθαι
1494 3259 1627 3313 Θεὸν
1671 3260 1762 3312 τὸν

181 3357 440 3410 ἐπέκεινα
486 3354 595 3407 τῶν
624 3352 779 3419 ὅλων,
823 3352 984 3406 αὐτὸν
1013 3351 1105 3405 τὸν
1144 3350 1237 3404 τοῦ
1293 3351 1466 3420 Λόγου
1514 3352 1760 3422 Πατέρα,

182 3450 322 3519 πρὸς
357 3448 415 3501 ὃν
450 3442 518 3519 ἦν
554 3448 583 3501 6
610 3446 800 3515 Λόγος,
846 3445 1037 3499 ἔπειτα
1068 3444 1182 3514 μετ’
1220 3443 1380 3496 αὑτὸν
1416 3444 1491 3515 μὴ
1525 3444 1760 3513 ἀγνοεῖν,

180 3542 261 3604 ὼς
288 3541 381 3594 καὶ
415 3542 443 3593 ὁ
476 3540 647 3608 Λόγος
677 3538 840 3592 αὐτοῦ
879 3537 908 3589 6
945 3534 1237 3606 μονογενὴς
1269 3535 1413 3598 Υἱὸς,
1450 3535 1572 3606 οὐχ).
1602 3535 1765 3599 αὐτὸς

179 3628 253 3704 ἦν
285 3635 312 3686 6
338 3632 428 3683 ἐπὶ
469 3630 685 3685 πάντων
717 3629 868 3693 Θεὸς,
897 3628 1010 3682 ἀλλ’
1046 3628 1125 3681 ὅτι
1158 3628 1250 3680 καὶ
1299 3627 1461 3691 αὐτὸς
1499 3624 1632 3691 Θεὸς
1673 3622 1761 3698 ἦν.

192 3724 259 3778 '0
285 3724 392 3795 γὰρ
426 3742 444 3775 ι
472 3723 565 3777 καὶ
595 3740 614 3774 ι
655 3720 947 3793 σύνδεσμος
986 3719 1064 3790 τῷ
1117 3719 1293 3791 Πατρὶ
1348 3718 1608 3771 συνάπτει
1665 3719 1765 3789 τὴν

181 3815 413 3886 θεότητα
438 3813 529 3867 τοῦ
583 3811 734 3866 Υίοῦ.
786 3810 875 3863 Διό
923 3828 1076 3883 φησι,
1110 3810 1219 3865 Καὶ
1241 3813 1273 3864 ό
1309 3808 1452 3875 Θεὸς
1474 3805 1555 3879 ἦν
1588 3810 1621 3862 0'
1654 3808 1764 3862 Λό-

181 3924 311 3978 γος,
366 3906 432 3958 ἵν’
494 3903 691 3974 ἴδωμεν
733 3903 864 3957 Θεὸν
905 3903 995 3955 τὸν
1027 3902 1120 3955 ἐπὶ
1152 3902 1387 3963 πάντων,
1433 3900 1568 3970 πρὸς
1610 3898 1668 3951 ὃν
1698 3894 1767 3971 ἦν

179 4001 213 4053 6
240 3999 442 4068 Λόγος,
495 3998 583 4051 καὶ
613 3996 745 4050 Θεὸν
788 3996 949 4049 αὐτὸν
986 3994 1076 4050 τὸν
1108 3995 1301 4062 Λόγον.
1347 3994 1544 4045 ’Λκουε
1582 3992 1657 4054 ὡς
1690 3993 1768 4046 εί-

184 4090 321 4145 κόνα
366 4090 460 4143 τοῦ
512 4088 670 4154 Θεοῦ,
714 4088 809 4141 καὶ
842 4088 1026 4141 εἰκόνα
1060 4085 1169 4157 (62)
1202 4088 1301 4155 οὐχ
1342 4084 1419 4147 ὡς
1470 4085 1527 4137 ὲν
1573 4083 1768 4154 ἀψύχῳ

185 4182 313 4253 ῦλῃ,
359 4181 472 4235 ἀλλ’
495 4180 569 4245 ὡς
608 4182 668 4234 ὲν
697 4177 811 4249 Υἱῷ
844 4178 1038 4244 ζῶντι,
1087 4177 1183 4231 καὶ
1228 4175 1597 4247 ἀκριϐέστατα
1628 4175 1766 4246 πρὸς

183 4273 285 4345 τὴν
314 4272 618 4344 ἀρχέτυπον
654 4271 880 4341 θεότητα
910 4268 1005 4322 τοῦ
1054 4267 1268 4340 Πατρὸς
1311 4265 1762 4337 ἀφωμοιωμένον.

201 4364 358 4416 Ἐπεὶ
395 4363 453 4415 δὲ
480 4362 558 4433 τῷ
599 4361 921 4431 ἀνθρωπίνῳ
968 4358 1111 4430 λόγῳ
1159 4358 1250 4410 τὸν
1275 4356 1371 4411 τοῦ
1413 4357 1546 4410 Θεοῦ
1581 4373 1763 4428 παρα-

1862 1909 2022 1962 quam
2052 1896 2316 1964 quomodo
2341 1911 2439 1951 nos
2478 1898 2664 1951 docuit
2704 1898 2819 1968 ipse
2861 1901 3226 1972 evangelista:
3260 1908 3434 1973 quod-

1862 2000 1987 2039 nam
2019 1985 2134 2055 ipse
2168 1985 2400 2041 Verbum
2432 1987 2716 2058 intelligat.
2760 1989 2813 2043 ld
2841 2005 2968 2045 vero
3010 1992 3248 2048 insinuat
3293 1996 3431 2052 satis

1861 2078 2007 2132 clare
2036 2077 2089 2132 in
2118 2077 2186 2133 iis
2214 2093 2334 2147 qua:
2359 2078 2614 2146 adnectit,
2637 2089 2686 2134 et
2718 2080 2858 2135 Deus
2887 2091 3001 2135 erat
3043 2081 3284 2151 Verbum,
3307 2101 3430 2143 cum

1862 2168 2108 2238 proloqui
2158 2169 2455 2239 potuisset,
2493 2179 2549 2225 et
2595 2170 2687 2226 ille
2725 2170 2903 2241 Deus,
2942 2174 3126 2230 addito
3172 2179 3429 2245 articulo,

1861 2268 1979 2313 erat
2013 2259 2244 2314 Verbum
2270 2300 2284 2323 ,
2318 2261 2365 2315 si
2394 2276 2559 2315 unum
2592 2271 2646 2316 et
2689 2263 2936 2317 eumdem
2961 2304 2977 2330 ,
3022 2273 3077 2319 et
3121 2264 3337 2323 Patrem
3377 2280 3433 2325 et

1860 2348 2055 2404 Filium
2099 2352 2440 2420 appellasset,
2470 2352 2516 2407 si
2555 2350 2784 2408 Verbum
2817 2353 2945 2411 illud
2967 2357 3279 2426 Opinaretur
3311 2374 3435 2417 esse

1861 2440 2008 2495 illum
2036 2439 2204 2496 Deum
2252 2441 2342 2511 qui
2379 2450 2461 2497 est
2491 2456 2655 2513 super
2687 2445 2890 2500 omnia.
2923 2447 3030 2504 Sed
3056 2464 3160 2504 non
3200 2451 3275 2505 ita
3303 2467 3427 2522 pro-

1861 2532 2070 2589 locutus
2098 2543 2202 2589 est.
2248 2533 2383 2588 Nam
2416 2533 2502 2589 vel
2553 2535 2735 2592 dicere
2780 2538 3032 2608 debebat,
3062 2551 3117 2595 et
3166 2543 3257 2599 Dei
3310 2556 3434 2601 erat

1861 2623 2096 2681 Verbum
2119 2666 2133 2688 ,
2164 2625 2247 2679 vel
2278 2624 2422 2683 Deus
2450 2637 2569 2682 erat
2594 2626 2682 2682 ille
2704 2626 2940 2684 Verbum
2966 2649 2980 2685 :
3009 2632 3222 2702 adjecto
3244 2651 3435 2707 nempe

1862 2720 2114 2785 articulo,
2148 2720 2194 2774 si
2230 2734 2355 2775 cum
2389 2720 2631 2778 Marcelli
2680 2723 2948 2779 sententia
2990 2723 3271 2796 Scriptura
3302 2742 3437 2783 con-

1863 2811 2144 2880 spirasset.
2191 2811 2260 2866 At
2305 2827 2450 2868 nunc
2496 2822 2552 2867 et
2601 2813 2776 2883 ipsum
2809 2812 3046 2870 Verbum
3095 2816 3263 2872 Deum
3311 2835 3437 2877 esse

1864 2901 2142 2964 insinuat,
2175 2902 2429 2957 similiter
2465 2902 2542 2958 illi
2576 2904 2703 2968 Deo,
2751 2906 2889 2973 apud
2932 2921 3091 2976 quem
3128 2918 3264 2965 erat.
3297 2909 3432 2967 Nam

1863 3006 1984 3045 cum
2034 2991 2182 3062 prius
2227 2994 2492 3059 edixerat,
2529 2993 2592 3049 Et
2635 2993 2858 3049 Verbum
2905 3007 3019 3051 erat
3068 3005 3206 3067 apud
3242 2999 3432 3070 Deum,

1863 3081 2149 3149 subinfert,
2183 3094 2230 3137 et
2261 3083 2400 3138 Deus
2430 3096 2543 3140 erat
2582 3085 2807 3141 Verbum
2838 3102 2857 3142 .'
2884 3087 3197 3157 planissime
3225 3107 3322 3149 nos
3351 3094 3435 3149 in-

1864 3170 2127 3239 formans,
2145 3183 2348 3230 tantum
2378 3192 2485 3232 non
2512 3186 2569 3233 ut
2594 3178 2825 3247 primum
2858 3179 3023 3234 Deum
3058 3180 3203 3237 illum
3231 3184 3433 3242 intelli-

1864 3279 2053 3333 gamus
2100 3280 2241 3331 esse,
2294 3268 2384 3337 qui
2433 3278 2516 3323 est
2558 3285 2720 3339 super
2767 3270 2969 3333 omnia,
3017 3273 3187 3342 ipsum
3241 3289 3434 3347 nempe

1868 3355 2026 3411 Verbi
2074 3356 2330 3424 Patrem,
2389 3359 2530 3428 apud
2575 3375 2734 3429 quem
2776 3368 2894 3415 erat
2935 3360 3203 3431 Verbum;
3238 3374 3349 3421 tum
3379 3369 3432 3422 in

1864 3445 2133 3510 secundis,
2158 3455 2215 3499 ut
2238 3462 2307 3501 ne
2336 3445 2508 3515 ignari
2537 3448 2726 3512 simus,
2751 3448 2894 3518 quod
2919 3460 2973 3504 et
3000 3450 3237 3507 Verbum
3263 3456 3433 3524 ipsius

1865 3537 2169 3606 unigenitus
2189 3537 2362 3594 Filius
2382 3555 2489 3593 non
2541 3551 2657 3594 erat
2686 3543 2905 3610 quidem
2936 3543 3028 3598 ille
3060 3560 3223 3614 super
3250 3551 3430 3603 omnia

1871 3627 2012 3683 Deus
2038 3670 2053 3695 ,
2084 3630 2176 3684 sed
2204 3633 2346 3700 quod
2377 3642 2431 3686 et
2456 3633 2569 3702 ipse
2588 3633 2749 3687 etiam
2780 3634 2924 3691 Deus
2949 3646 3098 3702 erat;
3128 3638 3433 3709 conjunctio

1864 3719 2062 3771 etenim
2098 3718 2183 3772 illa
2207 3759 2223 3785 ,
2262 3730 2316 3775 et
2359 3721 2700 3777 divinitatem
2748 3723 2874 3779 Filii
2928 3728 3201 3781 connectit
3237 3729 3427 3795 Patri;
3530 3746 3533 3751 ί

1866 3808 1990 3863 inde
2021 3809 2119 3875 ait,
2150 3820 2197 3863 et
2226 3809 2365 3864 Deus
2386 3822 2498 3865 erat
2533 3808 2760 3867 Verbum
2784 3828 2804 3866 :
2828 3824 2885 3868 ut
2914 3814 3083 3870 Deum
3106 3816 3254 3870 illum
3290 3820 3433 3873 scia-

1867 3913 1987 3954 mus
2013 3914 2154 3967 esse,
2182 3900 2273 3969 qui
2305 3909 2391 3955 est
2420 3915 2581 3970 super
2611 3901 2819 3967 omnia,
2851 3903 2989 3972 apud
3016 3918 3177 3973 quem
3207 3914 3260 3957 et
3295 3904 3432 3960 Ver-

1866 3988 1993 4043 bum
2022 3999 2161 4055 erat,
2196 3990 2287 4045 sed
2314 3998 2370 4045 et
2395 3988 2630 4044 Verbum
2656 4005 2869 4061 quoque
2903 3993 3071 4048 Deum
3097 3994 3304 4061 audies,
3327 3995 3433 4050 vel-

1868 4079 1946 4132 uti
1992 4079 2084 4148 qui
2112 4080 2183 4136 sit
2210 4080 2387 4151 imago
2416 4080 2507 4135 Dei
2531 4121 2547 4147 ,
2579 4095 2684 4135 non
2716 4092 2774 4136 ut
2802 4086 2855 4136 in
2883 4084 3107 4138 materia
3137 4083 3430 4140 inanimata

1867 4172 2272 4239 subsistentem,
2334 4175 2428 4229 sed
2482 4182 2541 4228 ut
2574 4175 2627 4228 in
2676 4174 2817 4229 Filio
2854 4176 2977 4230 vivo
3013 4177 3102 4246 qui
3136 4191 3299 4247 quam
3331 4194 3431 4232 ex-

1868 4262 2137 4317 actissime
2167 4271 2517 4333 repraesentat
2552 4263 2879 4334 archetypon
2908 4265 3052 4319 illam
3084 4265 3262 4322 Patris
3294 4267 3433 4323 divi-

1868 4353 2114 4409 nitatem.
2162 4353 2427 4420 Quoniam
2474 4370 2606 4410 vero
2632 4354 2806 4409 visum
2850 4355 3103 4411 Marcello
3144 4356 3247 4411 fuit
3274 4357 3432 4429 logon

189 4454 406 4509 ϐάλλειν
450 4453 623 4507 ἐδόκει
671 4453 995 4525 Μαρκέλλῳ,
1041 4454 1136 4508 καὶ
1184 4454 1334 4523 πόσῳ
1388 4450 1579 4521 βελτίω
1623 4443 1762 4502 εἶναι

1872 4444 1989 4507 Dei,
2022 4456 2208 4499 nostro
2252 4445 2530 4500 hominum
2581 4449 2899 4510 assimilare,
2934 4450 2977 4503 si
3026 4450 3246 4504 omnino
3293 4451 3432 4505 hanc

186 4546 455 4617 φήσομεν,
514 4544 682 4598 εἰκόνι
739 4544 1019 4616 χρώμενον
1084 4533 1163 4614 τῷ
1217 4542 1539 4615 ἀνθρωπίνῳ
1596 4541 1759 4609 λόγῳ,

186 4637 363 4708 τούτῳ
393 4636 589 4707 μᾶλλον
611 4635 915 4707 χρήσασθαι
936 4634 1013 4707 τῷ
1035 4633 1455 4705 παραδείγματι,
1479 4631 1573 4685 καὶ
1598 4630 1764 4699 φάναι

187 4729 284 4784 τοῦ
317 4731 446 4802 παρ’
482 4729 613 4801 ἡμῖν
640 4728 797 4797 λόγου
842 4727 1051 4800 πατέρα
1093 4722 1230 4780 εἶναι
1265 4725 1357 4777 τὸν
1391 4724 1534 4787 νοῦν,
1578 4722 1765 4795 ἓτερον

188 4824 317 4877 ὄντα
348 4822 499 4893 παρά
526 4821 616 4874 τὸν
646 4820 822 4889 λόγον.
852 4820 956 4873 Τὸν
990 4818 1088 4891 μὲν
1116 4819 1225 4889 γὰρ
1259 4816 1392 4888 (62⁶)
1424 4815 1569 4881 νοῦν,
1615 4815 1766 4877 ὅστις

190 4914 324 4969 ποτὲ
355 4914 449 4968 καὶ
473 4914 653 4977 ὁποῖος
684 4911 758 4965 ὣν
784 4911 884 4983 τὴν
913 4910 1097 4964 οὐσίαν
1139 4909 1401 4980 ὑπάρχει,
1447 4906 1622 4968 οὐδεὶς
1652 4902 1768 4957 πώ·-

190 5022 325 5059 ποτε
353 5004 654 5077 ἀνθρώπων
675 5003 838 5073 έγνω,
876 5001 1126 5074 βασιλεὺς
1152 5001 1197 5055 δ’
1221 4994 1309 5054 οἷα
1335 5001 1393 5052 ὲν
1429 4996 1769 5069 ἀπορρήτοις

188 5100 325 5154 εἴσω
359 5102 473 5163 τοῖς
521 5097 687 5152 αὑτοῦ
743 5095 1011 5167 ταμιείοις
1054 5092 1335 5164 ἱδρυμένος
1383 5090 1453 5145 τά
1510 5087 1759 5160 πρακτέα

193 5187 532 5260 βουλεύεται·
574 5191 603 5241 6
630 5187 673 5240 6‘
695 5185 755 5251 ἐξ
794 5183 955 5239 αὑτοῦ
985 5183 1162 5251 λόγος,
1189 5175 1277 5235 οἷα
1302 5178 1505 5251 πατρὸς
1546 5177 1605 5243 ἐξ
1635 5176 1764 5229 ἀδύ-

190 5297 301 5336 των
328 5278 513 5351 μυχῶν
541 5276 931 5349 γεγεννημένος
958 5276 1068 5339 τοῖς
1094 5272 1250 5336 ἐκτὸς
1277 5273 1409 5326 πᾶσι
1438 5268 1761 5325 καθίσταται

263 5472 326 5532 at
362 5465 459 5521 ea.
486 5463 686 5519 Paris..
712 5475 833 5532 pag.
855 5459 978 5525 127,
1005 5458 1121 5515 iss.

263 5665 397 5739 (ξιτ)
428 5664 598 5739 Vulso
629 5661 865 5739 ρῦτωςὲ
974 5728 1024 5739 ..
1101 5728 1114 5739 .

266 5724 391 5808 ζοεγ
409 5724 723 5792 Καιὶικάνα
745 5732 867 5786 add.
893 5728 1073 5795 codd.;
1101 5728 1237 5781 intra
1264 5728 1418 5799 vulgo
1446 5724 1688 5798 βελτίων.

560 5834 829 5893 Ριτιοι..
862 5828 981 5891 Gn.
1025 5825 1251 5889 XXIV.

1870 4537 2129 4591 adhibere
2162 4536 2372 4591 volebat
2400 4539 2809 4596 similitudinem
2831 4580 2846 4606 ,
2896 4551 3099 4610 quanto
3128 4542 3329 4597 rectius
3364 4543 3433 4607 is,

1870 4627 1935 4681 ad
1990 4628 2133 4682 hunc
2180 4630 2395 4683 modum
2441 4630 2772 4699 protulisset,
2804 4639 2863 4686 ut
2901 4632 3123 4698 diceret,
3163 4640 3221 4698 >14
3263 4635 3432 4689 nostri

1870 4717 1974 4788 logi
2004 4729 2281 4789 parentem
2312 4733 2432 4773 esse
2475 4730 2709 4774 mentem
2730 4761 2746 4787 ,
2774 4736 2893 4791 quze
2935 4722 3203 4778 diversum
3236 4724 3363 4793 quid
3399 4739 3432 4777 a

1869 4809 1987 4878 Ιοεο
2016 4810 2246 4864 exsistit.
2276 4808 2504 4864 Mentem
2536 4811 2679 4864 enim
2708 4826 2867 4867 nemo
2902 4812 3119 4882 quidem
3156 4815 3430 4869 hominum

1870 4903 2020 4958 novit
2065 4918 2185 4971 quae
2224 4902 2324 4969 sit,
2372 4903 2585 4971 qualive
2635 4905 2857 4972 praedita
2901 4906 2973 4961 sit
3022 4907 3293 4963 essentia:
3337 4907 3431 4962 sed

1872 4994 2034 5050 veluti
2066 4994 2286 5064 quidam
2316 5008 2432 5059 rex,
2452 4992 2595 5048 intus
2627 5004 2680 5048 et
2710 4996 2761 5048 in
2794 4995 3020 5050 secretis
3046 4997 3159 5052 suis
3186 5008 3432 5067 recepta-

1870 5087 2004 5142 culis
2050 5086 2315 5152 residens,
2349 5086 2415 5139 de
2460 5086 2619 5142 rebus
2645 5087 2866 5157 agendis
2912 5088 3139 5159 despicit
3174 5100 3228 5142 et
3258 5089 3435 5142 deter-

1869 5177 2079 5231 minat:
2130 5176 2298 5246 ipsius
2336 5185 2513 5231 autem
2547 5175 2731 5247 logos,
2760 5191 2828 5231 ex
2873 5189 2938 5233 eo
2975 5177 3271 5247 procedens
3316 5187 3434 5231 tau-

1862 5281 2025 5338 quam
2056 5280 2090 5343 _a
2119 5268 2367 5337 genitore
2406 5269 2719 5341 progenitus
2739 5307 2756 5337 ,
2790 5267 2846 5324 in
2886 5268 3242 5329 abditissimis
3271 5282 3436 5325 uene-

1949 5648 2079 5720 (ω’)
2106 5647 2274 5719 Vulgo
2305 5604 2413 5705 om.
2433 5649 2555 5718 γάρ.

3082 5801 3163 5861 30
