  <div class='ocr_page' id='page_1' title='image "/cluster/home/n/w/nwhite01/storage/ocr_20150623/24/nnc1.0046978259/569.png"; bbox 0 0 3838 6222; ppageno 0'>
   <div class='ocr_carea' id='block_1_1' title="bbox 428 297 532 358">
    <p class='ocr_par' dir='ltr' id='par_1_1' title="bbox 428 297 532 358">
     <span class='ocr_line' id='line_1_1' title="bbox 428 297 532 358; baseline -0.019 0"><span class='ocrx_word' id='word_1_1' title='bbox 428 297 532 358; x_wconf 76' lang='grc'><strong>959</strong></span> 
     </span>
    </p>
   </div>
   <div class='ocr_carea' id='block_1_2' title="bbox 1091 285 2974 352">
    <p class='ocr_par' dir='ltr' id='par_1_2' title="bbox 1091 285 2974 352">
     <span class='ocr_line' id='line_1_2' title="bbox 1091 285 2974 352; baseline -0.004 -4"><span class='ocrx_word' id='word_1_2' title='bbox 1091 292 1358 352; x_wconf 82' lang='lat' dir='ltr'><strong>EUSEBII</strong></span> <span class='ocrx_word' id='word_1_3' title='bbox 1395 290 1868 350; x_wconf 73' lang='lat' dir='ltr'><strong>C.£SARIENSIS</strong></span> <span class='ocrx_word' id='word_1_4' title='bbox 1904 286 2057 348; x_wconf 88' lang='lat' dir='ltr'><strong>OPP.</strong></span> <span class='ocrx_word' id='word_1_5' title='bbox 2097 288 2274 346; x_wconf 81' lang='lat' dir='ltr'><strong>PARS</strong></span> <span class='ocrx_word' id='word_1_6' title='bbox 2307 286 2403 347; x_wconf 85' lang='lat' dir='ltr'><strong>IV.</strong></span> <span class='ocrx_word' id='word_1_7' title='bbox 2441 318 2511 328; x_wconf 90' lang='lat'><strong>—-</strong></span> <span class='ocrx_word' id='word_1_8' title='bbox 2547 285 2974 343; x_wconf 77' lang='lat' dir='ltr'><strong>DOGMATICA.</strong></span> 
     </span>
    </p>
   </div>
   <div class='ocr_carea' id='block_1_3' title="bbox 3568 290 3678 347">
    <p class='ocr_par' dir='ltr' id='par_1_3' title="bbox 3568 290 3678 347">
     <span class='ocr_line' id='line_1_3' title="bbox 3568 290 3678 347; baseline 0 0"><span class='ocrx_word' id='word_1_9' title='bbox 3568 290 3678 347; x_wconf 67' lang='lat'><strong>940</strong></span> 
     </span>
    </p>
   </div>
   <div class='ocr_carea' id='block_1_4' title="bbox 431 371 1997 484">
    <p class='ocr_par' dir='ltr' id='par_1_4' title="bbox 431 409 1988 484">
     <span class='ocr_line' id='line_1_4' title="bbox 431 409 1988 484; baseline -0.007 -9"><span class='ocrx_word' id='word_1_10' title='bbox 431 417 656 476; x_wconf 89' lang='lat' dir='ltr'><strong>tralibus</strong></span> <span class='ocrx_word' id='word_1_11' title='bbox 677 456 692 484; x_wconf 84' lang='lat'><strong>,</strong></span> <span class='ocrx_word' id='word_1_12' title='bbox 715 410 1014 468; x_wconf 61' lang='lat' dir='ltr'><strong>&#39;manit‘este</strong></span> <span class='ocrx_word' id='word_1_13' title='bbox 1043 409 1174 467; x_wconf 84' lang='lat' dir='ltr'><strong>foris</strong></span> <span class='ocrx_word' id='word_1_14' title='bbox 1203 411 1587 468; x_wconf 85' lang='lat' dir='ltr'><strong>exsistentibus</strong></span> <span class='ocrx_word' id='word_1_15' title='bbox 1613 411 1864 467; x_wconf 90' lang='lat' dir='ltr'><strong>omnibus</strong></span> <span class='ocrx_word' id='word_1_16' title='bbox 1891 409 1988 465; x_wconf 79' lang='lat' dir='ltr'><strong>de-</strong></span> 
     </span>
    </p>
   </div>
   <div class='ocr_carea' id='block_1_5' title="bbox 2103 371 3681 484">
    <p class='ocr_par' dir='ltr' id='par_1_5' title="bbox 2103 371 3681 482">
     <span class='ocr_line' id='line_1_5' title="bbox 2103 371 3681 482; baseline -0.001 -19"><span class='ocrx_word' id='word_1_17' title='bbox 2103 408 2385 480; x_wconf 79' lang='grc' dir='ltr'>γνώριμος.</span> <span class='ocrx_word' id='word_1_18' title='bbox 2424 405 2536 461; x_wconf 85' lang='grc' dir='ltr'>Εἴθ’</span> <span class='ocrx_word' id='word_1_19' title='bbox 2566 408 2616 460; x_wconf 84' lang='grc' dir='ltr'>οἱ</span> <span class='ocrx_word' id='word_1_20' title='bbox 2650 407 2747 477; x_wconf 81' lang='grc' dir='ltr'>μὲν</span> <span class='ocrx_word' id='word_1_21' title='bbox 2779 406 2844 460; x_wconf 79' lang='grc' dir='ltr'>ἐκ</span> <span class='ocrx_word' id='word_1_22' title='bbox 2875 408 2973 478; x_wconf 89' lang='grc' dir='ltr'><strong>τῆς</strong></span> <span class='ocrx_word' id='word_1_23' title='bbox 3003 406 3097 461; x_wconf 90' lang='grc' dir='ltr'><strong>τοῦ</strong></span> <span class='ocrx_word' id='word_1_24' title='bbox 3129 407 3290 478; x_wconf 99' lang='grc' dir='ltr'>λόγου</span> <span class='ocrx_word' id='word_1_25' title='bbox 3325 371 3681 482; x_wconf 58' lang='grc' dir='ltr'>μεταλαμϐά-</span> 
     </span>
    </p>
   </div>
   <div class='ocr_carea' id='block_1_6' title="bbox 431 500 1994 574">
    <p class='ocr_par' dir='ltr' id='par_1_6' title="bbox 431 500 1994 574">
     <span class='ocr_line' id='line_1_6' title="bbox 431 500 1994 574; baseline -0.005 -10"><span class='ocrx_word' id='word_1_26' title='bbox 431 508 703 572; x_wconf 85' lang='lat' dir='ltr'><strong>claratur,</strong></span> <span class='ocrx_word' id='word_1_27' title='bbox 740 504 830 574; x_wconf 90' lang='lat' dir='ltr'><strong>qui</strong></span> <span class='ocrx_word' id='word_1_28' title='bbox 873 503 1162 574; x_wconf 75' lang='lat' dir='ltr'><strong>participes</strong></span> <span class='ocrx_word' id='word_1_29' title='bbox 1207 501 1424 573; x_wconf 88' lang='lat' dir='ltr'><strong>quidem</strong></span> <span class='ocrx_word' id='word_1_30' title='bbox 1464 503 1602 558; x_wconf 79' lang='lat' dir='ltr'><strong>[lunt</strong></span> <span class='ocrx_word' id='word_1_31' title='bbox 1644 501 1893 557; x_wconf 85' lang='lat' dir='ltr'><strong>utilitatis</strong></span> <span class='ocrx_word' id='word_1_32' title='bbox 1924 500 1994 556; x_wconf 90' lang='lat' dir='ltr'><strong>de</strong></span> 
     </span>
    </p>
   </div>
   <div class='ocr_carea' id='block_1_7' title="bbox 431 589 1996 666">
    <p class='ocr_par' dir='ltr' id='par_1_7' title="bbox 431 589 1996 666">
     <span class='ocr_line' id='line_1_7' title="bbox 431 589 1996 666; baseline -0.006 -14"><span class='ocrx_word' id='word_1_33' title='bbox 431 597 553 666; x_wconf 81' lang='lat' dir='ltr'><strong>logo</strong></span> <span class='ocrx_word' id='word_1_34' title='bbox 579 593 907 659; x_wconf 67' lang='lat' dir='ltr'><strong>resultantis,</strong></span> <span class='ocrx_word' id='word_1_35' title='bbox 942 600 1175 648; x_wconf 87' lang='lat' dir='ltr'><strong>mentem</strong></span> <span class='ocrx_word' id='word_1_36' title='bbox 1209 606 1342 648; x_wconf 90' lang='lat' dir='ltr'><strong>vero</strong></span> <span class='ocrx_word' id='word_1_37' title='bbox 1384 591 1708 647; x_wconf 88' lang='lat' dir='ltr'><strong>invisibilem</strong></span> <span class='ocrx_word' id='word_1_38' title='bbox 1740 600 1796 646; x_wconf 90' lang='lat' dir='ltr'><strong>et</strong></span> <span class='ocrx_word' id='word_1_39' title='bbox 1835 589 1996 658; x_wconf 63' lang='lat' dir='ltr'><strong>inap~</strong></span> 
     </span>
    </p>
   </div>
   <div class='ocr_carea' id='block_1_8' title="bbox 436 677 1992 756">
    <p class='ocr_par' dir='ltr' id='par_1_8' title="bbox 436 677 1992 756">
     <span class='ocr_line' id='line_1_8' title="bbox 436 677 1992 756; baseline -0.006 -15"><span class='ocrx_word' id='word_1_40' title='bbox 436 695 742 756; x_wconf 83' lang='lat' dir='ltr'><strong>parentem,</strong></span> <span class='ocrx_word' id='word_1_41' title='bbox 767 683 869 754; x_wconf 94' lang='lat' dir='ltr'><strong>logi</strong></span> <span class='ocrx_word' id='word_1_42' title='bbox 897 681 1038 736; x_wconf 90' lang='lat' dir='ltr'><strong>illius</strong></span> <span class='ocrx_word' id='word_1_43' title='bbox 1057 679 1354 751; x_wconf 82' lang='lat' dir='ltr'><strong>genitorem</strong></span> <span class='ocrx_word' id='word_1_44' title='bbox 1382 693 1542 736; x_wconf 88' lang='lat' dir='ltr'><strong>nemo</strong></span> <span class='ocrx_word' id='word_1_45' title='bbox 1567 692 1806 749; x_wconf 86' lang='lat' dir='ltr'><strong>unquam</strong></span> <span class='ocrx_word' id='word_1_46' title='bbox 1837 677 1992 732; x_wconf 80' lang='lat' dir='ltr'><strong>vidit.</strong></span> 
     </span>
    </p>
   </div>
   <div class='ocr_carea' id='block_1_9' title="bbox 429 769 1995 840">
    <p class='ocr_par' dir='ltr' id='par_1_9' title="bbox 429 769 1995 840">
     <span class='ocr_line' id='line_1_9' title="bbox 429 769 1995 840; baseline -0.01 -2"><span class='ocrx_word' id='word_1_47' title='bbox 429 782 514 837; x_wconf 81' lang='lat' dir='ltr'><strong>Ad</strong></span> <span class='ocrx_word' id='word_1_48' title='bbox 547 777 795 835; x_wconf 91' lang='lat' dir='ltr'><strong>eumdem</strong></span> <span class='ocrx_word' id='word_1_49' title='bbox 840 772 1089 839; x_wconf 80' lang='lat' dir='ltr'><strong>modum,</strong></span> <span class='ocrx_word' id='word_1_50' title='bbox 1115 772 1225 827; x_wconf 92' lang='lat' dir='ltr'><strong>imo</strong></span> <span class='ocrx_word' id='word_1_51' title='bbox 1256 771 1434 840; x_wconf 87' lang='lat' dir='ltr'><strong>potius</strong></span> <span class='ocrx_word' id='word_1_52' title='bbox 1472 777 1626 826; x_wconf 80' lang='lat' dir='ltr'><strong>extra</strong></span> <span class='ocrx_word' id='word_1_53' title='bbox 1671 783 1885 825; x_wconf 91' lang='lat' dir='ltr'><strong>omnem</strong></span> <span class='ocrx_word' id='word_1_54' title='bbox 1917 769 1995 824; x_wconf 89' lang='lat' dir='ltr'><strong>si-</strong></span> 
     </span>
    </p>
   </div>
   <div class='ocr_carea' id='block_1_10' title="bbox 432 861 1998 936">
    <p class='ocr_par' dir='ltr' id='par_1_10' title="bbox 432 861 1998 936">
     <span class='ocr_line' id='line_1_10' title="bbox 432 861 1998 936; baseline -0.008 -8"><span class='ocrx_word' id='word_1_55' title='bbox 432 870 789 928; x_wconf 87' lang='lat' dir='ltr'><strong>militudinem</strong></span> <span class='ocrx_word' id='word_1_56' title='bbox 828 877 884 923; x_wconf 91' lang='lat' dir='ltr'><strong>et</strong></span> <span class='ocrx_word' id='word_1_57' title='bbox 922 865 1226 936; x_wconf 87' lang='lat' dir='ltr'><strong>exemplum</strong></span> <span class='ocrx_word' id='word_1_58' title='bbox 1267 863 1702 934; x_wconf 82' lang='lat' dir='ltr'><strong>perfectissimus</strong></span> <span class='ocrx_word' id='word_1_59' title='bbox 1746 861 1837 918; x_wconf 91' lang='lat' dir='ltr'><strong>ille</strong></span> <span class='ocrx_word' id='word_1_60' title='bbox 1874 863 1998 917; x_wconf 85' lang='lat' dir='ltr'><strong>uni-</strong></span> 
     </span>
    </p>
   </div>
   <div class='ocr_carea' id='block_1_11' title="bbox 431 953 1996 1026">
    <p class='ocr_par' dir='ltr' id='par_1_11' title="bbox 431 953 1996 1026">
     <span class='ocr_line' id='line_1_11' title="bbox 431 953 1996 1026; baseline -0.004 -9"><span class='ocrx_word' id='word_1_61' title='bbox 431 974 709 1017; x_wconf 88' lang='lat' dir='ltr'><strong>versorum</strong></span> <span class='ocrx_word' id='word_1_62' title='bbox 737 957 946 1014; x_wconf 89' lang='lat' dir='ltr'><strong>Domini</strong></span> <span class='ocrx_word' id='word_1_63' title='bbox 968 956 1188 1026; x_wconf 90' lang='lat' dir='ltr'><strong>Logos,</strong></span> <span class='ocrx_word' id='word_1_64' title='bbox 1241 970 1350 1011; x_wconf 92' lang='lat' dir='ltr'><strong>non</strong></span> <span class='ocrx_word' id='word_1_65' title='bbox 1394 956 1460 1011; x_wconf 91' lang='lat' dir='ltr'><strong>ad</strong></span> <span class='ocrx_word' id='word_1_66' title='bbox 1489 956 1706 1012; x_wconf 88' lang='lat' dir='ltr'><strong>modum</strong></span> <span class='ocrx_word' id='word_1_67' title='bbox 1732 953 1996 1026; x_wconf 88' lang='lat' dir='ltr'><strong>prolatitii</strong></span> 
     </span>
    </p>
   </div>
   <div class='ocr_carea' id='block_1_12' title="bbox 430 1046 1997 1121">
    <p class='ocr_par' dir='ltr' id='par_1_12' title="bbox 430 1046 1997 1121">
     <span class='ocr_line' id='line_1_12' title="bbox 430 1046 1997 1121; baseline -0.003 -12"><span class='ocrx_word' id='word_1_68' title='bbox 430 1052 700 1110; x_wconf 74' lang='lat' dir='ltr'><strong>sermonis</strong></span> <span class='ocrx_word' id='word_1_69' title='bbox 730 1049 1079 1121; x_wconf 91' lang='lat' dir='ltr'><strong>humani,qui</strong></span> <span class='ocrx_word' id='word_1_70' title='bbox 1103 1063 1142 1106; x_wconf 85' lang='lat' dir='ltr'><strong>e</strong></span> <span class='ocrx_word' id='word_1_71' title='bbox 1169 1047 1388 1121; x_wconf 76' lang='lat' dir='ltr'><strong>syllabis</strong></span> <span class='ocrx_word' id='word_1_72' title='bbox 1415 1055 1469 1102; x_wconf 93' lang='lat' dir='ltr'><strong>et</strong></span> <span class='ocrx_word' id='word_1_73' title='bbox 1498 1046 1700 1113; x_wconf 86' lang='lat' dir='ltr'><strong>verbis,</strong></span> <span class='ocrx_word' id='word_1_74' title='bbox 1731 1056 1789 1102; x_wconf 89' lang='lat' dir='ltr'><strong>et</strong></span> <span class='ocrx_word' id='word_1_75' title='bbox 1817 1048 1997 1104; x_wconf 91' lang='lat' dir='ltr'><strong>nomi-</strong></span> 
     </span>
    </p>
   </div>
   <div class='ocr_carea' id='block_1_13' title="bbox 432 1139 1999 1214">
    <p class='ocr_par' dir='ltr' id='par_1_13' title="bbox 432 1139 1999 1214">
     <span class='ocr_line' id='line_1_13' title="bbox 432 1139 1999 1214; baseline -0.003 -14"><span class='ocrx_word' id='word_1_76' title='bbox 432 1147 592 1202; x_wconf 87' lang='lat' dir='ltr'><strong>nibus</strong></span> <span class='ocrx_word' id='word_1_77' title='bbox 615 1142 988 1214; x_wconf 88' lang='lat' dir='ltr'><strong>componitur,</strong></span> <span class='ocrx_word' id='word_1_78' title='bbox 1017 1143 1114 1198; x_wconf 88' lang='lat' dir='ltr'><strong>sed</strong></span> <span class='ocrx_word' id='word_1_79' title='bbox 1151 1151 1404 1212; x_wconf 89' lang='lat' dir='ltr'><strong>tanquam</strong></span> <span class='ocrx_word' id='word_1_80' title='bbox 1437 1139 1748 1211; x_wconf 83' lang='lat' dir='ltr'><strong>unigenitus</strong></span> <span class='ocrx_word' id='word_1_81' title='bbox 1777 1140 1871 1196; x_wconf 81' lang='lat' dir='ltr'><strong>Dei</strong></span> <span class='ocrx_word' id='word_1_82' title='bbox 1902 1140 1999 1196; x_wconf 89' lang='lat' dir='ltr'><strong>Fi-</strong></span> 
     </span>
    </p>
   </div>
   <div class='ocr_carea' id='block_1_14' title="bbox 433 1229 2002 1302">
    <p class='ocr_par' dir='ltr' id='par_1_14' title="bbox 433 1229 2002 1302">
     <span class='ocr_line' id='line_1_14' title="bbox 433 1229 2002 1302; baseline -0.006 -7"><span class='ocrx_word' id='word_1_83' title='bbox 433 1240 537 1294; x_wconf 90' lang='lat' dir='ltr'><strong>lius</strong></span> <span class='ocrx_word' id='word_1_84' title='bbox 567 1238 743 1302; x_wconf 84' lang='lat' dir='ltr'><strong>vivus,</strong></span> <span class='ocrx_word' id='word_1_85' title='bbox 770 1234 1091 1298; x_wconf 85' lang='lat' dir='ltr'><strong>subsistens,</strong></span> <span class='ocrx_word' id='word_1_86' title='bbox 1116 1229 1463 1302; x_wconf 75' lang='lat' dir='ltr'><strong>progreditur</strong></span> <span class='ocrx_word' id='word_1_87' title='bbox 1496 1231 1562 1286; x_wconf 89' lang='lat' dir='ltr'><strong>de</strong></span> <span class='ocrx_word' id='word_1_88' title='bbox 1587 1229 1769 1287; x_wconf 89' lang='lat' dir='ltr'><strong>Patris</strong></span> <span class='ocrx_word' id='word_1_89' title='bbox 1805 1231 1890 1286; x_wconf 90' lang='lat' dir='ltr'><strong>sui</strong></span> <span class='ocrx_word' id='word_1_90' title='bbox 1919 1229 2002 1286; x_wconf 87' lang='lat' dir='ltr'><strong>di-</strong></span> 
     </span>
    </p>
   </div>
   <div class='ocr_carea' id='block_1_15' title="bbox 432 1321 2000 1397">
    <p class='ocr_par' dir='ltr' id='par_1_15' title="bbox 432 1321 2000 1397">
     <span class='ocr_line' id='line_1_15' title="bbox 432 1321 2000 1397; baseline -0.007 -10"><span class='ocrx_word' id='word_1_91' title='bbox 432 1331 661 1387; x_wconf 89' lang='lat' dir='ltr'><strong>vinitate</strong></span> <span class='ocrx_word' id='word_1_92' title='bbox 687 1337 742 1384; x_wconf 89' lang='lat' dir='ltr'><strong>et</strong></span> <span class='ocrx_word' id='word_1_93' title='bbox 787 1339 992 1397; x_wconf 82' lang='lat' dir='ltr'><strong>regno:</strong></span> <span class='ocrx_word' id='word_1_94' title='bbox 1024 1323 1220 1394; x_wconf 82' lang='lat' dir='ltr'><strong>irrigat</strong></span> <span class='ocrx_word' id='word_1_95' title='bbox 1259 1330 1439 1377; x_wconf 88' lang='lat' dir='ltr'><strong>autem</strong></span> <span class='ocrx_word' id='word_1_96' title='bbox 1484 1321 1748 1377; x_wconf 87' lang='lat' dir='ltr'><strong>mundum</strong></span> <span class='ocrx_word' id='word_1_97' title='bbox 1775 1322 2000 1377; x_wconf 89' lang='lat' dir='ltr'><strong>univer-</strong></span> 
     </span>
    </p>
   </div>
   <div class='ocr_carea' id='block_1_16' title="bbox 432 1415 1998 1492">
    <p class='ocr_par' dir='ltr' id='par_1_16' title="bbox 432 1415 1998 1492">
     <span class='ocr_line' id='line_1_16' title="bbox 432 1415 1998 1492; baseline -0.006 -13"><span class='ocrx_word' id='word_1_98' title='bbox 432 1439 550 1480; x_wconf 89' lang='lat' dir='ltr'><strong>sum</strong></span> <span class='ocrx_word' id='word_1_99' title='bbox 585 1421 809 1492; x_wconf 88' lang='lat' dir='ltr'><strong>largiter</strong></span> <span class='ocrx_word' id='word_1_100' title='bbox 841 1419 908 1474; x_wconf 91' lang='lat' dir='ltr'><strong>de</strong></span> <span class='ocrx_word' id='word_1_101' title='bbox 939 1432 998 1473; x_wconf 89' lang='lat' dir='ltr'><strong>se</strong></span> <span class='ocrx_word' id='word_1_102' title='bbox 1023 1423 1309 1472; x_wconf 89' lang='lat' dir='ltr'><strong>emanante</strong></span> <span class='ocrx_word' id='word_1_103' title='bbox 1342 1415 1478 1480; x_wconf 90' lang='lat' dir='ltr'><strong>vita,</strong></span> <span class='ocrx_word' id='word_1_104' title='bbox 1518 1415 1754 1479; x_wconf 89' lang='lat' dir='ltr'><strong>ratione,</strong></span> <span class='ocrx_word' id='word_1_105' title='bbox 1783 1415 1998 1484; x_wconf 84' lang='lat' dir='ltr'><strong>sapien-</strong></span> 
     </span>
    </p>
   </div>
   <div class='ocr_carea' id='block_1_17' title="bbox 432 1507 1997 1584">
    <p class='ocr_par' dir='ltr' id='par_1_17' title="bbox 432 1507 1997 1584">
     <span class='ocr_line' id='line_1_17' title="bbox 432 1507 1997 1584; baseline -0.007 -11"><span class='ocrx_word' id='word_1_106' title='bbox 432 1518 531 1584; x_wconf 85' lang='lat' dir='ltr'><strong>tia,</strong></span> <span class='ocrx_word' id='word_1_107' title='bbox 558 1515 701 1580; x_wconf 91' lang='lat' dir='ltr'><strong>luce,</strong></span> <span class='ocrx_word' id='word_1_108' title='bbox 745 1511 892 1568; x_wconf 91' lang='lat' dir='ltr'><strong>omni</strong></span> <span class='ocrx_word' id='word_1_109' title='bbox 935 1509 1099 1572; x_wconf 92' lang='lat' dir='ltr'><strong>bono,</strong></span> <span class='ocrx_word' id='word_1_110' title='bbox 1136 1521 1164 1561; x_wconf 91' lang='lat' dir='ltr'><strong>a</strong></span> <span class='ocrx_word' id='word_1_111' title='bbox 1206 1507 1366 1563; x_wconf 89' lang='lat' dir='ltr'><strong>Patre</strong></span> <span class='ocrx_word' id='word_1_112' title='bbox 1395 1507 1614 1578; x_wconf 89' lang='lat' dir='ltr'><strong>quidem</strong></span> <span class='ocrx_word' id='word_1_113' title='bbox 1655 1507 1997 1578; x_wconf 87' lang='lat' dir='ltr'><strong>participato,</strong></span> 
     </span>
    </p>
   </div>
   <div class='ocr_carea' id='block_1_18' title="bbox 433 1595 2002 1673">
    <p class='ocr_par' dir='ltr' id='par_1_18' title="bbox 433 1595 2002 1673">
     <span class='ocr_line' id='line_1_18' title="bbox 433 1595 2002 1673; baseline -0.006 -15"><span class='ocrx_word' id='word_1_114' title='bbox 433 1612 488 1658; x_wconf 90' lang='lat' dir='ltr'><strong>et</strong></span> <span class='ocrx_word' id='word_1_115' title='bbox 515 1599 812 1673; x_wconf 88' lang='lat' dir='ltr'><strong>procreatis</strong></span> <span class='ocrx_word' id='word_1_116' title='bbox 844 1596 1093 1655; x_wconf 87' lang='lat' dir='ltr'><strong>omnibus</strong></span> <span class='ocrx_word' id='word_1_117' title='bbox 1122 1595 1248 1650; x_wconf 88' lang='lat' dir='ltr'><strong>inde</strong></span> <span class='ocrx_word' id='word_1_118' title='bbox 1279 1604 1651 1666; x_wconf 88' lang='lat' dir='ltr'><strong>restagnante.</strong></span> <span class='ocrx_word' id='word_1_119' title='bbox 1707 1595 1810 1663; x_wconf 86' lang='lat' dir='ltr'><strong>Qui</strong></span> <span class='ocrx_word' id='word_1_120' title='bbox 1839 1596 2002 1650; x_wconf 88' lang='lat' dir='ltr'><strong>Pater</strong></span> 
     </span>
    </p>
   </div>
   <div class='ocr_carea' id='block_1_19' title="bbox 433 1686 2001 1761">
    <p class='ocr_par' dir='ltr' id='par_1_19' title="bbox 433 1686 2001 1761">
     <span class='ocr_line' id='line_1_19' title="bbox 433 1686 2001 1761; baseline -0.005 -13"><span class='ocrx_word' id='word_1_121' title='bbox 433 1707 556 1749; x_wconf 90' lang='lat' dir='ltr'><strong>cum</strong></span> <span class='ocrx_word' id='word_1_122' title='bbox 586 1691 658 1746; x_wconf 90' lang='lat' dir='ltr'><strong>sit</strong></span> <span class='ocrx_word' id='word_1_123' title='bbox 684 1704 780 1761; x_wconf 87' lang='lat' dir='ltr'><strong>per</strong></span> <span class='ocrx_word' id='word_1_124' title='bbox 801 1690 981 1745; x_wconf 87' lang='lat' dir='ltr'><strong>omnia</strong></span> <span class='ocrx_word' id='word_1_125' title='bbox 1018 1687 1556 1758; x_wconf 84' lang='lat' dir='ltr'><strong>inapprehensibilis,</strong></span> <span class='ocrx_word' id='word_1_126' title='bbox 1584 1686 2001 1756; x_wconf 87' lang='lat' dir='ltr'><strong>incomprehen-</strong></span> 
     </span>
    </p>
   </div>
   <div class='ocr_carea' id='block_1_20' title="bbox 2096 497 3680 573">
    <p class='ocr_par' dir='ltr' id='par_1_20' title="bbox 2096 497 3680 573">
     <span class='ocr_line' id='line_1_20' title="bbox 2096 497 3680 573; baseline 0.003 -20"><span class='ocrx_word' id='word_1_127' title='bbox 2096 516 2243 554; x_wconf 90' lang='grc' dir='ltr'>νουσι</span> <span class='ocrx_word' id='word_1_128' title='bbox 2301 499 2597 568; x_wconf 85' lang='grc' dir='ltr'>ὠφελείας,</span> <span class='ocrx_word' id='word_1_129' title='bbox 2641 499 2733 552; x_wconf 83' lang='grc' dir='ltr'><strong>τὸν</strong></span> <span class='ocrx_word' id='word_1_130' title='bbox 2779 497 2824 552; x_wconf 83' lang='grc' dir='ltr'>δ’</span> <span class='ocrx_word' id='word_1_131' title='bbox 2872 499 3050 569; x_wconf 81' lang='grc' dir='ltr'>ἀφανῆ</span> <span class='ocrx_word' id='word_1_132' title='bbox 3107 500 3204 554; x_wconf 80' lang='grc' dir='ltr'>καὶ</span> <span class='ocrx_word' id='word_1_133' title='bbox 3252 500 3481 573; x_wconf 87' lang='grc' dir='ltr'>ἀόρατον</span> <span class='ocrx_word' id='word_1_134' title='bbox 3528 501 3680 567; x_wconf 82' lang='grc' dir='ltr'>νοῦν.</span> 
     </span>
    </p>
   </div>
   <div class='ocr_carea' id='block_1_21' title="bbox 2093 588 3682 664">
    <p class='ocr_par' dir='ltr' id='par_1_21' title="bbox 2093 588 3682 664">
     <span class='ocr_line' id='line_1_21' title="bbox 2093 588 3682 664; baseline 0.003 -20"><span class='ocrx_word' id='word_1_135' title='bbox 2093 591 2186 645; x_wconf 81' lang='grc' dir='ltr'><strong>τὸν</strong></span> <span class='ocrx_word' id='word_1_136' title='bbox 2216 591 2282 663; x_wconf 86' lang='grc' dir='ltr'>δὴ</span> <span class='ocrx_word' id='word_1_137' title='bbox 2320 592 2429 664; x_wconf 79' lang='grc'>(65)</span> <span class='ocrx_word' id='word_1_138' title='bbox 2478 590 2571 644; x_wconf 89' lang='grc' dir='ltr'><strong>τοῦ</strong></span> <span class='ocrx_word' id='word_1_139' title='bbox 2605 590 2763 660; x_wconf 80' lang='grc' dir='ltr'>λόγου</span> <span class='ocrx_word' id='word_1_140' title='bbox 2809 592 3022 664; x_wconf 79' lang='grc' dir='ltr'><strong>πατέρα</strong></span> <span class='ocrx_word' id='word_1_141' title='bbox 3066 591 3244 656; x_wconf 78' lang='grc' dir='ltr'>οὐδεὶς</span> <span class='ocrx_word' id='word_1_142' title='bbox 3277 590 3495 646; x_wconf 84' lang='grc' dir='ltr'>πώποτε</span> <span class='ocrx_word' id='word_1_143' title='bbox 3544 588 3682 648; x_wconf 73' lang='grc' dir='ltr'>εἶδε.</span> 
     </span>
    </p>
   </div>
   <div class='ocr_carea' id='block_1_22' title="bbox 2096 681 3681 755">
    <p class='ocr_par' dir='ltr' id='par_1_22' title="bbox 2096 681 3681 755">
     <span class='ocr_line' id='line_1_22' title="bbox 2096 681 3681 755; baseline 0.001 -19"><span class='ocrx_word' id='word_1_144' title='bbox 2096 682 2253 737; x_wconf 83' lang='grc' dir='ltr'><strong>Κατὰ</strong></span> <span class='ocrx_word' id='word_1_145' title='bbox 2284 683 2351 736; x_wconf 86' lang='grc' dir='ltr'><strong>τά</strong></span> <span class='ocrx_word' id='word_1_146' title='bbox 2402 681 2543 736; x_wconf 81' lang='grc' dir='ltr'>αὒτά</span> <span class='ocrx_word' id='word_1_147' title='bbox 2573 682 2637 754; x_wconf 84' lang='grc' dir='ltr'>δὴ</span> <span class='ocrx_word' id='word_1_148' title='bbox 2693 683 2891 754; x_wconf 81' lang='grc' dir='ltr'>μᾶλλον</span> <span class='ocrx_word' id='word_1_149' title='bbox 2923 683 2980 736; x_wconf 83' lang='grc' dir='ltr'>δὲ</span> <span class='ocrx_word' id='word_1_150' title='bbox 3019 684 3273 737; x_wconf 77' lang='grc' dir='ltr'><strong>ἐπέκεινα</strong></span> <span class='ocrx_word' id='word_1_151' title='bbox 3327 682 3442 755; x_wconf 73' lang='grc'>(64)</span> <span class='ocrx_word' id='word_1_152' title='bbox 3492 683 3681 754; x_wconf 76' lang='grc' dir='ltr'>πάσης</span> 
     </span>
    </p>
   </div>
   <div class='ocr_carea' id='block_1_23' title="bbox 2097 773 3681 846">
    <p class='ocr_par' dir='ltr' id='par_1_23' title="bbox 2097 773 3681 846">
     <span class='ocr_line' id='line_1_23' title="bbox 2097 773 3681 846; baseline 0 -18"><span class='ocrx_word' id='word_1_153' title='bbox 2097 775 2302 838; x_wconf 76' lang='grc' dir='ltr'>εἰκόνος</span> <span class='ocrx_word' id='word_1_154' title='bbox 2331 792 2392 828; x_wconf 83' lang='grc' dir='ltr'><strong>τε</strong></span> <span class='ocrx_word' id='word_1_155' title='bbox 2440 775 2535 828; x_wconf 78' lang='grc' dir='ltr'>καὶ</span> <span class='ocrx_word' id='word_1_156' title='bbox 2592 774 3030 846; x_wconf 78' lang='grc' dir='ltr'><strong>παραδείγματος</strong></span> <span class='ocrx_word' id='word_1_157' title='bbox 3062 775 3092 827; x_wconf 90' lang='lat'><strong>6</strong></span> <span class='ocrx_word' id='word_1_158' title='bbox 3133 774 3226 827; x_wconf 89' lang='grc' dir='ltr'><strong>τοῦ</strong></span> <span class='ocrx_word' id='word_1_159' title='bbox 3283 773 3681 844; x_wconf 83' lang='grc' dir='ltr'>παμϐασιλέως</span> 
     </span>
    </p>
   </div>
   <div class='ocr_carea' id='block_1_24' title="bbox 2095 865 3685 939">
    <p class='ocr_par' dir='ltr' id='par_1_24' title="bbox 2095 865 3685 939">
     <span class='ocr_line' id='line_1_24' title="bbox 2095 865 3685 939; baseline 0 -19"><span class='ocrx_word' id='word_1_160' title='bbox 2095 865 2233 920; x_wconf 82' lang='grc' dir='ltr'><strong>Θεοῦ</strong></span> <span class='ocrx_word' id='word_1_161' title='bbox 2280 865 2484 930; x_wconf 80' lang='grc' dir='ltr'>τέλειος</span> <span class='ocrx_word' id='word_1_162' title='bbox 2533 867 2735 936; x_wconf 85' lang='grc' dir='ltr'><strong>Λόγος,</strong></span> <span class='ocrx_word' id='word_1_163' title='bbox 2780 867 2843 920; x_wconf 75' lang='grc' dir='ltr'><strong>οὐ</strong></span> <span class='ocrx_word' id='word_1_164' title='bbox 2887 865 3027 936; x_wconf 83' lang='grc' dir='ltr'><strong>κατά</strong></span> <span class='ocrx_word' id='word_1_165' title='bbox 3074 867 3166 922; x_wconf 85' lang='grc' dir='ltr'><strong>τὸν</strong></span> <span class='ocrx_word' id='word_1_166' title='bbox 3203 867 3537 939; x_wconf 83' lang='grc' dir='ltr'>προφορικὸν</span> <span class='ocrx_word' id='word_1_167' title='bbox 3584 869 3685 921; x_wconf 85' lang='grc' dir='ltr'>ἀν-</span> 
     </span>
    </p>
   </div>
   <div class='ocr_carea' id='block_1_25' title="bbox 2098 956 3684 1028">
    <p class='ocr_par' dir='ltr' id='par_1_25' title="bbox 2098 956 3684 1028">
     <span class='ocr_line' id='line_1_25' title="bbox 2098 956 3684 1028; baseline 0 -18"><span class='ocrx_word' id='word_1_168' title='bbox 2098 956 2330 1028; x_wconf 86' lang='grc' dir='ltr'>θρώπων</span> <span class='ocrx_word' id='word_1_169' title='bbox 2369 957 2526 1026; x_wconf 85' lang='grc' dir='ltr'>λόγον</span> <span class='ocrx_word' id='word_1_170' title='bbox 2560 958 2625 1010; x_wconf 84' lang='grc' dir='ltr'>ὲκ</span> <span class='ocrx_word' id='word_1_171' title='bbox 2660 956 2936 1012; x_wconf 86' lang='grc' dir='ltr'>συλλαϐῶν</span> <span class='ocrx_word' id='word_1_172' title='bbox 2972 958 3072 1012; x_wconf 76' lang='grc' dir='ltr'>καὶ</span> <span class='ocrx_word' id='word_1_173' title='bbox 3118 957 3377 1028; x_wconf 79' lang='grc' dir='ltr'><strong>ῥημάτων</strong></span> <span class='ocrx_word' id='word_1_174' title='bbox 3407 959 3503 1012; x_wconf 73' lang='grc' dir='ltr'>καὶ</span> <span class='ocrx_word' id='word_1_175' title='bbox 3555 957 3684 1010; x_wconf 79' lang='grc' dir='ltr'>ὀνο-</span> 
     </span>
    </p>
   </div>
   <div class='ocr_carea' id='block_1_26' title="bbox 2101 1043 3684 1120">
    <p class='ocr_par' dir='ltr' id='par_1_26' title="bbox 2101 1043 3684 1120">
     <span class='ocr_line' id='line_1_26' title="bbox 2101 1043 3684 1120; baseline 0.001 -20"><span class='ocrx_word' id='word_1_176' title='bbox 2101 1048 2286 1118; x_wconf 80' lang='grc' dir='ltr'>μάτων</span> <span class='ocrx_word' id='word_1_177' title='bbox 2316 1047 2690 1118; x_wconf 82' lang='grc' dir='ltr'>συγκείμενος,</span> <span class='ocrx_word' id='word_1_178' title='bbox 2718 1043 2806 1102; x_wconf 75' lang='grc' dir='ltr'>οἷα</span> <span class='ocrx_word' id='word_1_179' title='bbox 2834 1048 2891 1102; x_wconf 87' lang='grc' dir='ltr'>δὲ</span> <span class='ocrx_word' id='word_1_180' title='bbox 2927 1049 3224 1120; x_wconf 84' lang='grc' dir='ltr'>μονογενὴς</span> <span class='ocrx_word' id='word_1_181' title='bbox 3245 1047 3336 1103; x_wconf 89' lang='grc' dir='ltr'><strong>τοῦ</strong></span> <span class='ocrx_word' id='word_1_182' title='bbox 3363 1048 3497 1102; x_wconf 83' lang='grc' dir='ltr'>Θεοῦ</span> <span class='ocrx_word' id='word_1_183' title='bbox 3525 1048 3684 1112; x_wconf 81' lang='grc' dir='ltr'>Υἱὸς,</span> 
     </span>
    </p>
   </div>
   <div class='ocr_carea' id='block_1_27' title="bbox 2099 1137 3686 1212">
    <p class='ocr_par' dir='ltr' id='par_1_27' title="bbox 2099 1137 3686 1212">
     <span class='ocr_line' id='line_1_27' title="bbox 2099 1137 3686 1212; baseline -0.001 -19"><span class='ocrx_word' id='word_1_184' title='bbox 2099 1138 2209 1204; x_wconf 82' lang='grc' dir='ltr'><strong>ζῶν</strong></span> <span class='ocrx_word' id='word_1_185' title='bbox 2241 1139 2334 1192; x_wconf 74' lang='grc' dir='ltr'><strong>καὶ</strong></span> <span class='ocrx_word' id='word_1_186' title='bbox 2379 1137 2662 1208; x_wconf 86' lang='grc' dir='ltr'>ὑφεστὼς,</span> <span class='ocrx_word' id='word_1_187' title='bbox 2710 1139 2922 1211; x_wconf 77' lang='grc' dir='ltr'><strong>πρόεισι</strong></span> <span class='ocrx_word' id='word_1_188' title='bbox 2957 1141 3056 1210; x_wconf 84' lang='grc' dir='ltr'><strong>μὲν</strong></span> <span class='ocrx_word' id='word_1_189' title='bbox 3098 1141 3200 1210; x_wconf 88' lang='grc' dir='ltr'><strong>τῆς</strong></span> <span class='ocrx_word' id='word_1_190' title='bbox 3252 1140 3525 1212; x_wconf 78' lang='grc' dir='ltr'>πατρικῆς</span> <span class='ocrx_word' id='word_1_191' title='bbox 3557 1139 3686 1193; x_wconf 90' lang='grc' dir='ltr'>θεό-</span> 
     </span>
    </p>
   </div>
   <div class='ocr_carea' id='block_1_28' title="bbox 2098 1231 3692 1304">
    <p class='ocr_par' dir='ltr' id='par_1_28' title="bbox 2098 1231 3692 1304">
     <span class='ocr_line' id='line_1_28' title="bbox 2098 1231 3692 1304; baseline 0.001 -19"><span class='ocrx_word' id='word_1_192' title='bbox 2098 1233 2259 1302; x_wconf 86' lang='grc' dir='ltr'>τητός</span> <span class='ocrx_word' id='word_1_193' title='bbox 2306 1249 2366 1286; x_wconf 89' lang='grc' dir='ltr'><strong>τε</strong></span> <span class='ocrx_word' id='word_1_194' title='bbox 2400 1233 2494 1286; x_wconf 81' lang='grc' dir='ltr'>καὶ</span> <span class='ocrx_word' id='word_1_195' title='bbox 2547 1231 2854 1303; x_wconf 74' lang='grc' dir='ltr'>βασιλείας,</span> <span class='ocrx_word' id='word_1_196' title='bbox 2905 1233 3131 1303; x_wconf 83' lang='grc' dir='ltr'>ἐπάρδει</span> <span class='ocrx_word' id='word_1_197' title='bbox 3171 1233 3228 1286; x_wconf 78' lang='grc' dir='ltr'>δὲ</span> <span class='ocrx_word' id='word_1_198' title='bbox 3276 1232 3354 1304; x_wconf 85' lang='grc' dir='ltr'>τῷ</span> <span class='ocrx_word' id='word_1_199' title='bbox 3401 1231 3692 1304; x_wconf 74' lang='grc' dir='ltr'>σύμπαντι</span> 
     </span>
    </p>
   </div>
   <div class='ocr_carea' id='block_1_29' title="bbox 2099 1323 3694 1397">
    <p class='ocr_par' dir='ltr' id='par_1_29' title="bbox 2099 1323 3694 1397">
     <span class='ocr_line' id='line_1_29' title="bbox 2099 1323 3694 1397; baseline 0.001 -21"><span class='ocrx_word' id='word_1_200' title='bbox 2099 1323 2288 1395; x_wconf 86' lang='grc' dir='ltr'>κόσμῳ</span> <span class='ocrx_word' id='word_1_201' title='bbox 2317 1323 2417 1388; x_wconf 87' lang='grc' dir='ltr'><strong>τάς</strong></span> <span class='ocrx_word' id='word_1_202' title='bbox 2447 1323 2506 1390; x_wconf 78' lang='grc' dir='ltr'><strong>ἐξ</strong></span> <span class='ocrx_word' id='word_1_203' title='bbox 2534 1323 2704 1378; x_wconf 86' lang='grc' dir='ltr'>αὑτοῦ</span> <span class='ocrx_word' id='word_1_204' title='bbox 2745 1324 3009 1397; x_wconf 75' lang='grc' dir='ltr'>χορηγίας</span> <span class='ocrx_word' id='word_1_205' title='bbox 3058 1323 3205 1395; x_wconf 79' lang='grc' dir='ltr'>ζωῆς</span> <span class='ocrx_word' id='word_1_206' title='bbox 3252 1325 3347 1380; x_wconf 72' lang='grc' dir='ltr'><strong>κα)⁵</strong></span> <span class='ocrx_word' id='word_1_207' title='bbox 3378 1323 3536 1393; x_wconf 78' lang='grc' dir='ltr'>λόγου</span> <span class='ocrx_word' id='word_1_208' title='bbox 3585 1324 3694 1378; x_wconf 72' lang='grc' dir='ltr'><strong>καὶ</strong></span> 
     </span>
    </p>
   </div>
   <div class='ocr_carea' id='block_1_30' title="bbox 2101 1415 3692 1487">
    <p class='ocr_par' dir='ltr' id='par_1_30' title="bbox 2101 1415 3692 1487">
     <span class='ocr_line' id='line_1_30' title="bbox 2101 1415 3692 1487; baseline 0.001 -20"><span class='ocrx_word' id='word_1_209' title='bbox 2101 1415 2292 1486; x_wconf 84' lang='grc' dir='ltr'>σοφίας</span> <span class='ocrx_word' id='word_1_210' title='bbox 2321 1415 2415 1470; x_wconf 80' lang='grc' dir='ltr'>καὶ</span> <span class='ocrx_word' id='word_1_211' title='bbox 2458 1417 2634 1486; x_wconf 79' lang='grc' dir='ltr'>φωτὸς</span> <span class='ocrx_word' id='word_1_212' title='bbox 2657 1418 2752 1471; x_wconf 75' lang='grc' dir='ltr'>καὶ</span> <span class='ocrx_word' id='word_1_213' title='bbox 2784 1417 2982 1480; x_wconf 78' lang='grc' dir='ltr'>παντὸς</span> <span class='ocrx_word' id='word_1_214' title='bbox 3009 1416 3214 1486; x_wconf 83' lang='grc' dir='ltr'>ἀγαθοῦ</span> <span class='ocrx_word' id='word_1_215' title='bbox 3243 1417 3541 1487; x_wconf 62' lang='grc' dir='ltr'>,μετουσίας</span> <span class='ocrx_word' id='word_1_216' title='bbox 3565 1418 3692 1479; x_wconf 81' lang='grc' dir='ltr'>τοῖς</span> 
     </span>
    </p>
   </div>
   <div class='ocr_carea' id='block_1_31' title="bbox 2098 1507 3692 1580">
    <p class='ocr_par' dir='ltr' id='par_1_31' title="bbox 2098 1507 3692 1580">
     <span class='ocr_line' id='line_1_31' title="bbox 2098 1507 3692 1580; baseline 0 -20"><span class='ocrx_word' id='word_1_217' title='bbox 2098 1510 2380 1578; x_wconf 85' lang='grc' dir='ltr'>γεννητοῖς</span> <span class='ocrx_word' id='word_1_218' title='bbox 2411 1508 2582 1564; x_wconf 82' lang='grc' dir='ltr'>ἀπασι</span> <span class='ocrx_word' id='word_1_219' title='bbox 2617 1508 3008 1579; x_wconf 79' lang='grc' dir='ltr'>ἐπιλιμνάζων,</span> <span class='ocrx_word' id='word_1_220' title='bbox 3032 1508 3126 1561; x_wconf 87' lang='grc' dir='ltr'><strong>τοῦ</strong></span> <span class='ocrx_word' id='word_1_221' title='bbox 3158 1509 3370 1580; x_wconf 85' lang='grc' dir='ltr'>Πατρὸς</span> <span class='ocrx_word' id='word_1_222' title='bbox 3401 1507 3497 1562; x_wconf 81' lang='grc' dir='ltr'>καὶ</span> <span class='ocrx_word' id='word_1_223' title='bbox 3539 1507 3692 1560; x_wconf 73' lang='grc' dir='ltr'>Θεοῦ</span> 
     </span>
    </p>
   </div>
   <div class='ocr_carea' id='block_1_32' title="bbox 2098 1600 3690 1673">
    <p class='ocr_par' dir='ltr' id='par_1_32' title="bbox 2098 1600 3690 1673">
     <span class='ocr_line' id='line_1_32' title="bbox 2098 1600 3690 1673; baseline -0.001 -20"><span class='ocrx_word' id='word_1_224' title='bbox 2098 1600 2207 1654; x_wconf 87' lang='grc' dir='ltr'>τῶν</span> <span class='ocrx_word' id='word_1_225' title='bbox 2231 1600 2367 1655; x_wconf 84' lang='grc' dir='ltr'>ὅλων</span> <span class='ocrx_word' id='word_1_226' title='bbox 2399 1601 2652 1655; x_wconf 78' lang='grc' dir='ltr'>ἐπέκεινα</span> <span class='ocrx_word' id='word_1_227' title='bbox 2688 1601 2839 1665; x_wconf 74' lang='grc' dir='ltr'>ὄντος</span> <span class='ocrx_word' id='word_1_228' title='bbox 2873 1601 3116 1673; x_wconf 84' lang='grc' dir='ltr'>ἀλήπτου</span> <span class='ocrx_word' id='word_1_229' title='bbox 3154 1618 3215 1654; x_wconf 90' lang='grc' dir='ltr'><strong>τε</strong></span> <span class='ocrx_word' id='word_1_230' title='bbox 3255 1601 3348 1654; x_wconf 79' lang='grc' dir='ltr'><strong>καὶ</strong></span> <span class='ocrx_word' id='word_1_231' title='bbox 3390 1600 3690 1672; x_wconf 68' lang='grc' dir='ltr'>ἀχωρήτου</span> 
     </span>
    </p>
   </div>
   <div class='ocr_carea' id='block_1_33' title="bbox 2097 1690 3688 1764">
    <p class='ocr_par' dir='ltr' id='par_1_33' title="bbox 2097 1690 3688 1764">
     <span class='ocr_line' id='line_1_33' title="bbox 2097 1690 3688 1764; baseline 0 -20"><span class='ocrx_word' id='word_1_232' title='bbox 2097 1694 2213 1756; x_wconf 82' lang='grc' dir='ltr'>τοίς</span> <span class='ocrx_word' id='word_1_233' title='bbox 2240 1694 2395 1757; x_wconf 78' lang='grc' dir='ltr'>πᾶσι,</span> <span class='ocrx_word' id='word_1_234' title='bbox 2423 1692 2567 1747; x_wconf 83' lang='grc' dir='ltr'>κατὰ</span> <span class='ocrx_word' id='word_1_235' title='bbox 2606 1692 2700 1746; x_wconf 84' lang='grc' dir='ltr'><strong>τὸν</strong></span> <span class='ocrx_word' id='word_1_236' title='bbox 2742 1693 2924 1763; x_wconf 80' lang='grc' dir='ltr'>ἀφανῆ</span> <span class='ocrx_word' id='word_1_237' title='bbox 2967 1693 3062 1747; x_wconf 67' lang='grc' dir='ltr'><strong>κα)⁹</strong></span> <span class='ocrx_word' id='word_1_238' title='bbox 3093 1692 3322 1764; x_wconf 88' lang='grc' dir='ltr'>ἀόρατον</span> <span class='ocrx_word' id='word_1_239' title='bbox 3363 1692 3510 1754; x_wconf 89' lang='grc' dir='ltr'>νοῦν,</span> <span class='ocrx_word' id='word_1_240' title='bbox 3543 1690 3688 1760; x_wconf 82' lang='grc' dir='ltr'>παρ’</span> 
     </span>
    </p>
   </div>
   <div class='ocr_carea' id='block_1_34' title="bbox 434 1768 1997 1859">
    <p class='ocr_par' dir='ltr' id='par_1_34' title="bbox 434 1778 1997 1859">
     <span class='ocr_line' id='line_1_34' title="bbox 434 1778 1997 1859; baseline -0.006 -17"><span class='ocrx_word' id='word_1_241' title='bbox 434 1785 630 1850; x_wconf 86' lang='lat' dir='ltr'><strong>sibilis,</strong></span> <span class='ocrx_word' id='word_1_242' title='bbox 655 1783 721 1838; x_wconf 89' lang='lat' dir='ltr'><strong>ad</strong></span> <span class='ocrx_word' id='word_1_243' title='bbox 747 1781 962 1838; x_wconf 91' lang='lat' dir='ltr'><strong>modum</strong></span> <span class='ocrx_word' id='word_1_244' title='bbox 987 1779 1131 1836; x_wconf 87' lang='lat' dir='ltr'><strong>illius</strong></span> <span class='ocrx_word' id='word_1_245' title='bbox 1161 1779 1359 1835; x_wconf 89' lang='lat' dir='ltr'><strong>mentis</strong></span> <span class='ocrx_word' id='word_1_246' title='bbox 1380 1778 1671 1859; x_wconf 77' lang='lat' dir='ltr'><strong>invisibilis</strong></span> <span class='ocrx_word' id='word_1_247' title='bbox 1696 1793 1803 1834; x_wconf 92' lang='lat' dir='ltr'><strong>non</strong></span> <span class='ocrx_word' id='word_1_248' title='bbox 1836 1792 1997 1849; x_wconf 88' lang='lat' dir='ltr'><strong>appa-</strong></span> 
     </span>
    </p>
   </div>
   <div class='ocr_carea' id='block_1_35' title="bbox 2103 1768 3693 1859">
    <p class='ocr_par' dir='ltr' id='par_1_35' title="bbox 2103 1781 3693 1856">
     <span class='ocr_line' id='line_1_35' title="bbox 2103 1781 3693 1856; baseline -0.001 -22"><span class='ocrx_word' id='word_1_249' title='bbox 2103 1781 2131 1834; x_wconf 84' lang='lat'><strong>6</strong></span> <span class='ocrx_word' id='word_1_250' title='bbox 2156 1782 2251 1837; x_wconf 73' lang='grc' dir='ltr'>καὶ</span> <span class='ocrx_word' id='word_1_251' title='bbox 2287 1800 2307 1834; x_wconf 76' lang='grc' dir='ltr'><strong>ι</strong></span> <span class='ocrx_word' id='word_1_252' title='bbox 2337 1781 2454 1852; x_wconf 88' lang='grc' dir='ltr'>φῶς</span> <span class='ocrx_word' id='word_1_253' title='bbox 2483 1782 2648 1838; x_wconf 81' lang='grc' dir='ltr'>οἰκῶν</span> <span class='ocrx_word' id='word_1_254' title='bbox 2673 1784 2966 1856; x_wconf 84' lang='grc' dir='ltr'>ἀπρόσιτον</span> <span class='ocrx_word' id='word_1_255' title='bbox 2994 1803 3014 1838; x_wconf 69' lang='grc' dir='ltr'><strong>ι</strong></span> <span class='ocrx_word' id='word_1_256' title='bbox 3052 1783 3320 1837; x_wconf 79' lang='grc' dir='ltr'>λέλεκται.</span> <span class='ocrx_word' id='word_1_257' title='bbox 3355 1783 3495 1836; x_wconf 83' lang='grc' dir='ltr'>Ἀλλ’</span> <span class='ocrx_word' id='word_1_258' title='bbox 3521 1784 3550 1835; x_wconf 97' lang='lat'><strong>6</strong></span> <span class='ocrx_word' id='word_1_259' title='bbox 3581 1782 3693 1853; x_wconf 81' lang='grc' dir='ltr'>μὲν</span> 
     </span>
    </p>
   </div>
   <div class='ocr_carea' id='block_1_36' title="bbox 422 1870 1999 1945">
    <p class='ocr_par' dir='ltr' id='par_1_36' title="bbox 422 1870 1999 1945">
     <span class='ocr_line' id='line_1_36' title="bbox 422 1870 1999 1945; baseline -0.004 -12"><span class='ocrx_word' id='word_1_260' title='bbox 422 1875 627 1940; x_wconf 68' lang='lat' dir='ltr'><strong>arentis,</strong></span> <span class='ocrx_word' id='word_1_261' title='bbox 656 1873 822 1945; x_wconf 90' lang='lat' dir='ltr'><strong>(unde</strong></span> <span class='ocrx_word' id='word_1_262' title='bbox 843 1881 898 1928; x_wconf 92' lang='lat' dir='ltr'><strong>et</strong></span> <span class='ocrx_word' id='word_1_263' title='bbox 927 1871 1103 1927; x_wconf 90' lang='lat' dir='ltr'><strong>lucem</strong></span> <span class='ocrx_word' id='word_1_264' title='bbox 1133 1872 1332 1928; x_wconf 93' lang='lat' dir='ltr'><strong>dicitur</strong></span> <span class='ocrx_word' id='word_1_265' title='bbox 1359 1871 1664 1926; x_wconf 89' lang='lat' dir='ltr'><strong>inhabitare</strong></span> <span class='ocrx_word' id='word_1_266' title='bbox 1692 1870 1999 1941; x_wconf 84' lang='lat' dir='ltr'><strong>incompre-</strong></span> 
     </span>
    </p>
   </div>
   <div class='ocr_carea' id='block_1_37' title="bbox 432 1963 2001 2033">
    <p class='ocr_par' dir='ltr' id='par_1_37' title="bbox 432 1963 2001 2033">
     <span class='ocr_line' id='line_1_37' title="bbox 432 1963 2001 2033; baseline -0.006 -7"><span class='ocrx_word' id='word_1_267' title='bbox 432 1967 756 2027; x_wconf 87' lang='lat' dir='ltr'><strong>hensibilem</strong></span> <span class='ocrx_word' id='word_1_268' title='bbox 785 1974 841 2021; x_wconf 93' lang='lat' dir='ltr'><strong>et</strong></span> <span class='ocrx_word' id='word_1_269' title='bbox 873 1963 1228 2033; x_wconf 89' lang='lat' dir='ltr'><strong>inaccessam)</strong></span> <span class='ocrx_word' id='word_1_270' title='bbox 1278 1963 1663 2019; x_wconf 87' lang='lat' dir='ltr'><strong>inaccessibilis</strong></span> <span class='ocrx_word' id='word_1_271' title='bbox 1691 1971 1796 2029; x_wconf 91' lang='lat' dir='ltr'><strong>est,</strong></span> <span class='ocrx_word' id='word_1_272' title='bbox 1827 1971 1878 2020; x_wconf 90' lang='lat' dir='ltr'><strong>et</strong></span> <span class='ocrx_word' id='word_1_273' title='bbox 1915 1963 2001 2017; x_wconf 82' lang='lat' dir='ltr'><strong>in-</strong></span> 
     </span>
    </p>
   </div>
   <div class='ocr_carea' id='block_1_38' title="bbox 433 2051 2002 2127">
    <p class='ocr_par' dir='ltr' id='par_1_38' title="bbox 433 2051 2002 2127">
     <span class='ocr_line' id='line_1_38' title="bbox 433 2051 2002 2127; baseline -0.004 -13"><span class='ocrx_word' id='word_1_274' title='bbox 433 2052 934 2127; x_wconf 85' lang='lat' dir='ltr'><strong>comprehensibilis</strong></span> <span class='ocrx_word' id='word_1_275' title='bbox 975 2051 1223 2108; x_wconf 90' lang='lat' dir='ltr'><strong>omnibus</strong></span> <span class='ocrx_word' id='word_1_276' title='bbox 1271 2061 1326 2107; x_wconf 90' lang='lat' dir='ltr'><strong>et</strong></span> <span class='ocrx_word' id='word_1_277' title='bbox 1373 2051 1594 2122; x_wconf 88' lang='lat' dir='ltr'><strong>singulis</strong></span> <span class='ocrx_word' id='word_1_278' title='bbox 1629 2053 1849 2108; x_wconf 89' lang='lat' dir='ltr'><strong>omnino</strong></span> <span class='ocrx_word' id='word_1_279' title='bbox 1882 2063 2002 2108; x_wconf 91' lang='lat' dir='ltr'><strong>est:</strong></span> 
     </span>
    </p>
   </div>
   <div class='ocr_carea' id='block_1_39' title="bbox 2100 1875 3692 1949">
    <p class='ocr_par' dir='ltr' id='par_1_39' title="bbox 2100 1875 3692 1949">
     <span class='ocr_line' id='line_1_39' title="bbox 2100 1875 3692 1949; baseline -0.003 -19"><span class='ocrx_word' id='word_1_280' title='bbox 2100 1875 2396 1948; x_wconf 84' lang='grc' dir='ltr'>ἀπρόσιτος</span> <span class='ocrx_word' id='word_1_281' title='bbox 2427 1878 2522 1930; x_wconf 82' lang='grc' dir='ltr'><strong>καὶ</strong></span> <span class='ocrx_word' id='word_1_282' title='bbox 2574 1875 2856 1949; x_wconf 83' lang='grc' dir='ltr'>ἀχώρητος</span> <span class='ocrx_word' id='word_1_283' title='bbox 2905 1877 2989 1948; x_wconf 74' lang='grc' dir='ltr'><strong>εἴη</strong></span> <span class='ocrx_word' id='word_1_284' title='bbox 3025 1875 3093 1930; x_wconf 84' lang='grc' dir='ltr'><strong>ἀν</strong></span> <span class='ocrx_word' id='word_1_285' title='bbox 3136 1877 3250 1939; x_wconf 84' lang='grc' dir='ltr'>τοῖς</span> <span class='ocrx_word' id='word_1_286' title='bbox 3297 1875 3463 1928; x_wconf 80' lang='grc' dir='ltr'>πᾶσιν</span> <span class='ocrx_word' id='word_1_287' title='bbox 3491 1875 3520 1926; x_wconf 90' lang='lat'><strong>6</strong></span> <span class='ocrx_word' id='word_1_288' title='bbox 3567 1875 3692 1926; x_wconf 89' lang='grc' dir='ltr'><strong>Πα-</strong></span> 
     </span>
    </p>
   </div>
   <div class='ocr_carea' id='block_1_40' title="bbox 2101 1965 3690 2040">
    <p class='ocr_par' dir='ltr' id='par_1_40' title="bbox 2101 1965 3690 2040">
     <span class='ocr_line' id='line_1_40' title="bbox 2101 1965 3690 2040; baseline -0.001 -20"><span class='ocrx_word' id='word_1_289' title='bbox 2101 1967 2224 2040; x_wconf 83' lang='grc' dir='ltr'>τὴρ,</span> <span class='ocrx_word' id='word_1_290' title='bbox 2250 1970 2280 2021; x_wconf 89' lang='lat'><strong>6</strong></span> <span class='ocrx_word' id='word_1_291' title='bbox 2304 1967 2362 2021; x_wconf 86' lang='grc' dir='ltr'>δὲ</span> <span class='ocrx_word' id='word_1_292' title='bbox 2404 1971 2517 2033; x_wconf 85' lang='grc' dir='ltr'>τοῖς</span> <span class='ocrx_word' id='word_1_293' title='bbox 2554 1970 2719 2024; x_wconf 80' lang='grc' dir='ltr'>πᾶσιν</span> <span class='ocrx_word' id='word_1_294' title='bbox 2757 1968 2978 2037; x_wconf 74' lang='grc' dir='ltr'>ἐγγίων,</span> <span class='ocrx_word' id='word_1_295' title='bbox 3017 1968 3113 2022; x_wconf 80' lang='grc' dir='ltr'><strong>ἀτε</strong></span> <span class='ocrx_word' id='word_1_296' title='bbox 3145 1967 3210 2039; x_wconf 74' lang='grc' dir='ltr'>δὴ</span> <span class='ocrx_word' id='word_1_297' title='bbox 3243 1967 3356 2039; x_wconf 80' lang='lat'><em>(65)</em></span> <span class='ocrx_word' id='word_1_298' title='bbox 3387 1965 3456 2021; x_wconf 84' lang='grc' dir='ltr'><strong>τά</strong></span> <span class='ocrx_word' id='word_1_299' title='bbox 3496 1965 3690 2020; x_wconf 77' lang='grc' dir='ltr'>πάντα</span> 
     </span>
    </p>
   </div>
   <div class='ocr_carea' id='block_1_41' title="bbox 2097 2054 3687 2128">
    <p class='ocr_par' dir='ltr' id='par_1_41' title="bbox 2097 2054 3687 2128">
     <span class='ocr_line' id='line_1_41' title="bbox 2097 2054 3687 2128; baseline -0.001 -19"><span class='ocrx_word' id='word_1_300' title='bbox 2097 2055 2351 2128; x_wconf 76' lang='grc' dir='ltr'>πατρικῷ</span> <span class='ocrx_word' id='word_1_301' title='bbox 2403 2056 2633 2128; x_wconf 80' lang='grc' dir='ltr'>νεύματι</span> <span class='ocrx_word' id='word_1_302' title='bbox 2699 2057 3100 2128; x_wconf 85' lang='grc' dir='ltr'>διακυϐερνῶν·</span> <span class='ocrx_word' id='word_1_303' title='bbox 3156 2055 3237 2109; x_wconf 84' lang='grc' dir='ltr'><strong>διὸ</strong></span> <span class='ocrx_word' id='word_1_304' title='bbox 3289 2055 3351 2109; x_wconf 81' lang='grc' dir='ltr'>οὐ</span> <span class='ocrx_word' id='word_1_305' title='bbox 3403 2055 3532 2126; x_wconf 75' lang='grc' dir='ltr'>περὶ</span> <span class='ocrx_word' id='word_1_306' title='bbox 3581 2054 3687 2108; x_wconf 84' lang='grc' dir='ltr'><strong>τοῦ</strong></span> 
     </span>
    </p>
   </div>
   <div class='ocr_carea' id='block_1_42' title="bbox 434 2145 1997 2221">
    <p class='ocr_par' dir='ltr' id='par_1_42' title="bbox 434 2145 1997 2216">
     <span class='ocr_line' id='line_1_42' title="bbox 434 2145 1997 2216; baseline -0.003 -11"><span class='ocrx_word' id='word_1_307' title='bbox 434 2158 499 2205; x_wconf 83' lang='lat' dir='ltr'><strong>at</strong></span> <span class='ocrx_word' id='word_1_308' title='bbox 520 2148 606 2206; x_wconf 91' lang='lat' dir='ltr'><strong>ille</strong></span> <span class='ocrx_word' id='word_1_309' title='bbox 633 2146 804 2202; x_wconf 85' lang='lat' dir='ltr'><strong>Filius</strong></span> <span class='ocrx_word' id='word_1_310' title='bbox 831 2158 1044 2214; x_wconf 90' lang='lat' dir='ltr'><strong>nempe,</strong></span> <span class='ocrx_word' id='word_1_311' title='bbox 1074 2158 1196 2199; x_wconf 92' lang='lat' dir='ltr'><strong>cum</strong></span> <span class='ocrx_word' id='word_1_312' title='bbox 1222 2145 1290 2199; x_wconf 87' lang='lat' dir='ltr'><strong>sit</strong></span> <span class='ocrx_word' id='word_1_313' title='bbox 1318 2145 1372 2198; x_wconf 92' lang='lat' dir='ltr'><strong>in</strong></span> <span class='ocrx_word' id='word_1_314' title='bbox 1405 2145 1703 2216; x_wconf 81' lang='lat' dir='ltr'><strong>pmpinquo</strong></span> <span class='ocrx_word' id='word_1_315' title='bbox 1736 2146 1892 2202; x_wconf 90' lang='lat' dir='ltr'><strong>nobis</strong></span> <span class='ocrx_word' id='word_1_316' title='bbox 1909 2160 1997 2215; x_wconf 89' lang='lat' dir='ltr'><strong>po-</strong></span> 
     </span>
    </p>
   </div>
   <div class='ocr_carea' id='block_1_43' title="bbox 2103 2145 3693 2221">
    <p class='ocr_par' dir='ltr' id='par_1_43' title="bbox 2103 2146 3693 2221">
     <span class='ocr_line' id='line_1_43' title="bbox 2103 2146 3693 2221; baseline 0.001 -22"><span class='ocrx_word' id='word_1_317' title='bbox 2103 2146 2329 2218; x_wconf 85' lang='grc' dir='ltr'>Πατρὸς,</span> <span class='ocrx_word' id='word_1_318' title='bbox 2354 2147 2484 2221; x_wconf 78' lang='grc' dir='ltr'>περὶ</span> <span class='ocrx_word' id='word_1_319' title='bbox 2507 2148 2565 2202; x_wconf 80' lang='grc' dir='ltr'>δὲ</span> <span class='ocrx_word' id='word_1_320' title='bbox 2591 2147 2684 2202; x_wconf 84' lang='grc' dir='ltr'><strong>τοῦ</strong></span> <span class='ocrx_word' id='word_1_321' title='bbox 2710 2148 2839 2202; x_wconf 86' lang='grc' dir='ltr'>Υίοῦ</span> <span class='ocrx_word' id='word_1_322' title='bbox 2862 2148 3117 2202; x_wconf 84' lang='grc' dir='ltr'>λέλεκται</span> <span class='ocrx_word' id='word_1_323' title='bbox 3142 2149 3228 2213; x_wconf 79' lang='grc' dir='ltr'><strong>τὺ,</strong></span> <span class='ocrx_word' id='word_1_324' title='bbox 3245 2149 3341 2202; x_wconf 79' lang='grc' dir='ltr'><em>Ἐν</em></span> <span class='ocrx_word' id='word_1_325' title='bbox 3365 2146 3447 2213; x_wconf 82' lang='grc' dir='ltr'>τῷ</span> <span class='ocrx_word' id='word_1_326' title='bbox 3475 2148 3693 2216; x_wconf 80' lang='grc' dir='ltr'>κόσμῳ</span> 
     </span>
    </p>
   </div>
   <div class='ocr_carea' id='block_1_44' title="bbox 434 2231 1997 2311">
    <p class='ocr_par' dir='ltr' id='par_1_44' title="bbox 434 2236 1997 2311">
     <span class='ocr_line' id='line_1_44' title="bbox 434 2236 1997 2311; baseline -0.01 -13"><span class='ocrx_word' id='word_1_327' title='bbox 434 2243 572 2299; x_wconf 82' lang='lat' dir='ltr'><strong>situs</strong></span> <span class='ocrx_word' id='word_1_328' title='bbox 617 2237 1019 2311; x_wconf 82' lang='lat' dir='ltr'><strong>per‘Spiritum</strong></span> <span class='ocrx_word' id='word_1_329' title='bbox 1060 2237 1142 2292; x_wconf 93' lang='lat' dir='ltr'><strong>sui</strong></span> <span class='ocrx_word' id='word_1_330' title='bbox 1199 2236 1414 2304; x_wconf 89' lang='lat' dir='ltr'><strong>Patris,</strong></span> <span class='ocrx_word' id='word_1_331' title='bbox 1468 2237 1732 2308; x_wconf 88' lang='lat' dir='ltr'><strong>gubernat</strong></span> <span class='ocrx_word' id='word_1_332' title='bbox 1781 2240 1997 2293; x_wconf 72' lang='lat' dir='ltr'><strong>omnia;</strong></span> 
     </span>
    </p>
   </div>
   <div class='ocr_carea' id='block_1_45' title="bbox 2103 2231 3692 2311">
    <p class='ocr_par' dir='ltr' id='par_1_45' title="bbox 2103 2231 3692 2309">
     <span class='ocr_line' id='line_1_45' title="bbox 2103 2231 3692 2309; baseline 0 -19"><span class='ocrx_word' id='word_1_333' title='bbox 2103 2231 2194 2307; x_wconf 78' lang='grc' dir='ltr'><strong>ἦν,</strong></span> <span class='ocrx_word' id='word_1_334' title='bbox 2246 2237 2347 2292; x_wconf 76' lang='grc' dir='ltr'>καὶ</span> <span class='ocrx_word' id='word_1_335' title='bbox 2386 2241 2420 2292; x_wconf 85' lang='grc' dir='ltr'><strong>ό</strong></span> <span class='ocrx_word' id='word_1_336' title='bbox 2464 2239 2694 2309; x_wconf 79' lang='grc' dir='ltr'>κόσμος</span> <span class='ocrx_word' id='word_1_337' title='bbox 2719 2237 2796 2292; x_wconf 78' lang='grc' dir='ltr'>δι’</span> <span class='ocrx_word' id='word_1_338' title='bbox 2839 2237 3027 2294; x_wconf 82' lang='grc' dir='ltr'>αὑτοῦ</span> <span class='ocrx_word' id='word_1_339' title='bbox 3074 2239 3332 2309; x_wconf 78' lang='grc' dir='ltr'>ἐγένετο.</span> <span class='ocrx_word' id='word_1_340' title='bbox 3380 2239 3491 2292; x_wconf 76' lang='grc' dir='ltr'><strong>Καὶ</strong></span> <span class='ocrx_word' id='word_1_341' title='bbox 3516 2240 3545 2291; x_wconf 89' lang='lat'><strong>6</strong></span> <span class='ocrx_word' id='word_1_342' title='bbox 3577 2239 3692 2309; x_wconf 80' lang='grc' dir='ltr'>μὲν</span> 
     </span>
    </p>
   </div>
   <div class='ocr_carea' id='block_1_46' title="bbox 435 2325 1997 2405">
    <p class='ocr_par' dir='ltr' id='par_1_46' title="bbox 435 2328 1997 2405">
     <span class='ocr_line' id='line_1_46' title="bbox 435 2328 1997 2405; baseline -0.003 -16"><span class='ocrx_word' id='word_1_343' title='bbox 435 2334 690 2405; x_wconf 85' lang='lat' dir='ltr'><strong>quocirca</strong></span> <span class='ocrx_word' id='word_1_344' title='bbox 723 2346 829 2387; x_wconf 92' lang='lat' dir='ltr'><strong>non</strong></span> <span class='ocrx_word' id='word_1_345' title='bbox 867 2331 1065 2387; x_wconf 89' lang='lat' dir='ltr'><strong>dicitur</strong></span> <span class='ocrx_word' id='word_1_346' title='bbox 1104 2329 1172 2385; x_wconf 90' lang='lat' dir='ltr'><strong>de</strong></span> <span class='ocrx_word' id='word_1_347' title='bbox 1211 2328 1408 2394; x_wconf 91' lang='lat' dir='ltr'><strong>Patre,</strong></span> <span class='ocrx_word' id='word_1_348' title='bbox 1447 2329 1540 2384; x_wconf 91' lang='lat' dir='ltr'><strong>sed</strong></span> <span class='ocrx_word' id='word_1_349' title='bbox 1598 2329 1665 2385; x_wconf 91' lang='lat' dir='ltr'><strong>de</strong></span> <span class='ocrx_word' id='word_1_350' title='bbox 1716 2328 1886 2394; x_wconf 89' lang='lat' dir='ltr'><strong>Filio,</strong></span> <span class='ocrx_word' id='word_1_351' title='bbox 1937 2329 1997 2384; x_wconf 86' lang='lat' dir='ltr'><strong>In</strong></span> 
     </span>
    </p>
   </div>
   <div class='ocr_carea' id='block_1_47' title="bbox 2103 2325 3691 2405">
    <p class='ocr_par' dir='ltr' id='par_1_47' title="bbox 2103 2325 3691 2402">
     <span class='ocr_line' id='line_1_47' title="bbox 2103 2325 3691 2402; baseline 0.004 -22"><span class='ocrx_word' id='word_1_352' title='bbox 2103 2327 2352 2384; x_wconf 72' lang='grc' dir='ltr'>ἐπέκεινα</span> <span class='ocrx_word' id='word_1_353' title='bbox 2387 2325 2457 2401; x_wconf 76' lang='grc' dir='ltr'>ἦν</span> <span class='ocrx_word' id='word_1_354' title='bbox 2488 2329 2597 2384; x_wconf 86' lang='grc' dir='ltr'>τῶν</span> <span class='ocrx_word' id='word_1_355' title='bbox 2642 2331 2802 2397; x_wconf 83' lang='grc' dir='ltr'>ὅλων,</span> <span class='ocrx_word' id='word_1_356' title='bbox 2843 2331 2938 2386; x_wconf 77' lang='grc' dir='ltr'><strong>καὶ</strong></span> <span class='ocrx_word' id='word_1_357' title='bbox 2987 2330 3128 2402; x_wconf 81' lang='grc' dir='ltr'>ὑπὲρ</span> <span class='ocrx_word' id='word_1_358' title='bbox 3179 2330 3357 2385; x_wconf 89' lang='grc' dir='ltr'>πάντα</span> <span class='ocrx_word' id='word_1_359' title='bbox 3393 2330 3526 2402; x_wconf 84' lang='grc'>(66).</span> <span class='ocrx_word' id='word_1_360' title='bbox 3560 2329 3691 2398; x_wconf 80' lang='grc' dir='ltr'><strong>φῶς</strong></span> 
     </span>
    </p>
   </div>
   <div class='ocr_carea' id='block_1_48' title="bbox 432 2418 1997 2494">
    <p class='ocr_par' dir='ltr' id='par_1_48' title="bbox 432 2418 1997 2490">
     <span class='ocr_line' id='line_1_48' title="bbox 432 2418 1997 2490; baseline -0.003 -10"><span class='ocrx_word' id='word_1_361' title='bbox 432 2425 630 2480; x_wconf 86' lang='lat' dir='ltr'><strong>mundo</strong></span> <span class='ocrx_word' id='word_1_362' title='bbox 655 2432 803 2489; x_wconf 82' lang='lat' dir='ltr'><strong>erat,</strong></span> <span class='ocrx_word' id='word_1_363' title='bbox 854 2419 1172 2477; x_wconf 45' lang='lat' dir='ltr'><strong>et-‘mundus</strong></span> <span class='ocrx_word' id='word_1_364' title='bbox 1211 2436 1303 2488; x_wconf 81' lang='lat' dir='ltr'><strong>per</strong></span> <span class='ocrx_word' id='word_1_365' title='bbox 1329 2418 1482 2474; x_wconf 83' lang='lat' dir='ltr'><strong>illum</strong></span> <span class='ocrx_word' id='word_1_366' title='bbox 1527 2419 1700 2490; x_wconf 80' lang='lat' dir='ltr'><strong>factus</strong></span> <span class='ocrx_word' id='word_1_367' title='bbox 1741 2421 1880 2476; x_wconf 62' lang='lat' dir='ltr'><strong>est“.</strong></span> <span class='ocrx_word' id='word_1_368' title='bbox 1909 2421 1997 2476; x_wconf 88' lang='lat' dir='ltr'><strong>Ille</strong></span> 
     </span>
    </p>
   </div>
   <div class='ocr_carea' id='block_1_49' title="bbox 2103 2418 3678 2494">
    <p class='ocr_par' dir='ltr' id='par_1_49' title="bbox 2103 2420 3678 2494">
     <span class='ocr_line' id='line_1_49' title="bbox 2103 2420 3678 2494; baseline 0.003 -22"><span class='ocrx_word' id='word_1_369' title='bbox 2103 2420 2263 2476; x_wconf 80' lang='grc' dir='ltr'>οἰκῶν</span> <span class='ocrx_word' id='word_1_370' title='bbox 2309 2423 2638 2494; x_wconf 85' lang='grc' dir='ltr'>ἀπρόσιτον·</span> <span class='ocrx_word' id='word_1_371' title='bbox 2669 2425 2698 2478; x_wconf 93' lang='lat'><strong>6</strong></span> <span class='ocrx_word' id='word_1_372' title='bbox 2725 2423 2783 2477; x_wconf 88' lang='grc' dir='ltr'><strong>δὲ</strong></span> <span class='ocrx_word' id='word_1_373' title='bbox 2817 2423 2907 2478; x_wconf 81' lang='grc' dir='ltr'>διὰ</span> <span class='ocrx_word' id='word_1_374' title='bbox 2936 2424 3156 2479; x_wconf 83' lang='grc' dir='ltr'>πάντων</span> <span class='ocrx_word' id='word_1_375' title='bbox 3188 2425 3284 2478; x_wconf 78' lang='grc' dir='ltr'><strong>καὶ</strong></span> <span class='ocrx_word' id='word_1_376' title='bbox 3323 2425 3384 2477; x_wconf 85' lang='grc' dir='ltr'>ὲν</span> <span class='ocrx_word' id='word_1_377' title='bbox 3417 2425 3549 2477; x_wconf 75' lang='grc' dir='ltr'>πᾶσι</span> <span class='ocrx_word' id='word_1_378' title='bbox 3579 2441 3678 2493; x_wconf 85' lang='grc' dir='ltr'><strong>κη-</strong></span> 
     </span>
    </p>
   </div>
   <div class='ocr_carea' id='block_1_50' title="bbox 435 2509 1997 2587">
    <p class='ocr_par' dir='ltr' id='par_1_50' title="bbox 435 2509 1997 2583">
     <span class='ocr_line' id='line_1_50' title="bbox 435 2509 1997 2583; baseline -0.003 -12"><span class='ocrx_word' id='word_1_379' title='bbox 435 2523 614 2571; x_wconf 83' lang='lat' dir='ltr'><strong>autem</strong></span> <span class='ocrx_word' id='word_1_380' title='bbox 643 2521 762 2570; x_wconf 85' lang='lat' dir='ltr'><strong>erat</strong></span> <span class='ocrx_word' id='word_1_381' title='bbox 787 2526 949 2583; x_wconf 91' lang='lat' dir='ltr'><strong>super</strong></span> <span class='ocrx_word' id='word_1_382' title='bbox 974 2510 1157 2567; x_wconf 85' lang='lat' dir='ltr'><strong>omnia</strong></span> <span class='ocrx_word' id='word_1_383' title='bbox 1201 2509 1362 2566; x_wconf 91' lang='lat' dir='ltr'><strong>Pater</strong></span> <span class='ocrx_word' id='word_1_384' title='bbox 1401 2519 1470 2566; x_wconf 87' lang='lat' dir='ltr'><strong>-et</strong></span> <span class='ocrx_word' id='word_1_385' title='bbox 1513 2511 1794 2578; x_wconf 86' lang='lat' dir='ltr'><strong>universa,</strong></span> <span class='ocrx_word' id='word_1_386' title='bbox 1825 2511 1997 2568; x_wconf 91' lang='lat' dir='ltr'><strong>lucem</strong></span> 
     </span>
    </p>
   </div>
   <div class='ocr_carea' id='block_1_51' title="bbox 2103 2509 3694 2587">
    <p class='ocr_par' dir='ltr' id='par_1_51' title="bbox 2103 2510 3694 2587">
     <span class='ocr_line' id='line_1_51' title="bbox 2103 2510 3694 2587; baseline 0.003 -24"><span class='ocrx_word' id='word_1_387' title='bbox 2103 2510 2356 2584; x_wconf 77' lang='grc' dir='ltr'>δημονικῇ</span> <span class='ocrx_word' id='word_1_388' title='bbox 2383 2515 2585 2585; x_wconf 87' lang='grc' dir='ltr'>διήκων</span> <span class='ocrx_word' id='word_1_389' title='bbox 2616 2515 2874 2587; x_wconf 69' lang='grc' dir='ltr'><strong>προνοίᾳ⁸</strong></span> <span class='ocrx_word' id='word_1_390' title='bbox 2908 2514 3019 2586; x_wconf 90' lang='grc'>(67)</span> <span class='ocrx_word' id='word_1_391' title='bbox 3051 2515 3127 2579; x_wconf 89' lang='grc' dir='ltr'>ὡς</span> <span class='ocrx_word' id='word_1_392' title='bbox 3164 2515 3306 2570; x_wconf 81' lang='grc' dir='ltr'><strong>κατά</strong></span> <span class='ocrx_word' id='word_1_393' title='bbox 3330 2515 3489 2570; x_wconf 85' lang='grc' dir='ltr'>τοῦτο</span> <span class='ocrx_word' id='word_1_394' title='bbox 3522 2515 3694 2584; x_wconf 84' lang='grc' dir='ltr'>μόνον</span> 
     </span>
    </p>
   </div>
   <div class='ocr_carea' id='block_1_52' title="bbox 427 2598 1997 2678">
    <p class='ocr_par' dir='ltr' id='par_1_52' title="bbox 427 2598 1997 2669">
     <span class='ocr_line' id='line_1_52' title="bbox 427 2598 1997 2669; baseline -0.002 -9"><span class='ocrx_word' id='word_1_395' title='bbox 427 2604 688 2660; x_wconf 83' lang='lat' dir='ltr'><strong>habitans</strong></span> <span class='ocrx_word' id='word_1_396' title='bbox 715 2602 1043 2657; x_wconf 86' lang='lat' dir='ltr'><strong>inaccessam</strong></span> <span class='ocrx_word' id='word_1_397' title='bbox 1071 2599 1172 2654; x_wconf 85' lang='lat' dir='ltr'><strong>iste</strong></span> <span class='ocrx_word' id='word_1_398' title='bbox 1198 2613 1296 2669; x_wconf 90' lang='lat' dir='ltr'><strong>per</strong></span> <span class='ocrx_word' id='word_1_399' title='bbox 1319 2598 1528 2666; x_wconf 88' lang='lat' dir='ltr'><strong>omnia,</strong></span> <span class='ocrx_word' id='word_1_400' title='bbox 1559 2609 1615 2656; x_wconf 88' lang='lat' dir='ltr'><strong>et</strong></span> <span class='ocrx_word' id='word_1_401' title='bbox 1652 2599 1705 2656; x_wconf 91' lang='lat' dir='ltr'><strong>in</strong></span> <span class='ocrx_word' id='word_1_402' title='bbox 1731 2603 1997 2667; x_wconf 91' lang='lat' dir='ltr'><strong>omnibus,</strong></span> 
     </span>
    </p>
   </div>
   <div class='ocr_carea' id='block_1_53' title="bbox 2103 2598 3693 2678">
    <p class='ocr_par' dir='ltr' id='par_1_53' title="bbox 2103 2601 3693 2678">
     <span class='ocr_line' id='line_1_53' title="bbox 2103 2601 3693 2678; baseline 0.003 -24"><span class='ocrx_word' id='word_1_403' title='bbox 2103 2601 2256 2656; x_wconf 83' lang='grc' dir='ltr'>αὑτὸν</span> <span class='ocrx_word' id='word_1_404' title='bbox 2279 2603 2679 2674; x_wconf 84' lang='grc' dir='ltr'>συμϐάλλεσθαι</span> <span class='ocrx_word' id='word_1_405' title='bbox 2699 2606 2798 2675; x_wconf 77' lang='grc' dir='ltr'><strong>τὴν</strong></span> <span class='ocrx_word' id='word_1_406' title='bbox 2815 2605 2908 2659; x_wconf 78' lang='grc' dir='ltr'><strong>τοῦ</strong></span> <span class='ocrx_word' id='word_1_407' title='bbox 2929 2606 3268 2678; x_wconf 84' lang='grc' dir='ltr'>ἀνθρωπείου</span> <span class='ocrx_word' id='word_1_408' title='bbox 3289 2606 3448 2676; x_wconf 86' lang='grc' dir='ltr'>λόγου</span> <span class='ocrx_word' id='word_1_409' title='bbox 3476 2605 3693 2659; x_wconf 84' lang='grc' dir='ltr'>εἰκόνα.</span> 
     </span>
    </p>
   </div>
   <div class='ocr_carea' id='block_1_54' title="bbox 434 2692 1997 2769">
    <p class='ocr_par' dir='ltr' id='par_1_54' title="bbox 434 2692 1996 2767">
     <span class='ocr_line' id='line_1_54' title="bbox 434 2692 1996 2767; baseline -0.001 -16"><span class='ocrx_word' id='word_1_410' title='bbox 434 2693 810 2767; x_wconf 81' lang='lat' dir='ltr'><strong>gubernatrice</strong></span> <span class='ocrx_word' id='word_1_411' title='bbox 843 2707 940 2748; x_wconf 88' lang='lat' dir='ltr'><strong>sua</strong></span> <span class='ocrx_word' id='word_1_412' title='bbox 978 2692 1260 2762; x_wconf 85' lang='lat' dir='ltr'><strong>praesentia</strong></span> <span class='ocrx_word' id='word_1_413' title='bbox 1295 2706 1639 2763; x_wconf 85' lang='lat' dir='ltr'><strong>permanens,</strong></span> <span class='ocrx_word' id='word_1_414' title='bbox 1681 2700 1742 2748; x_wconf 92' lang='lat' dir='ltr'><strong>ut</strong></span> <span class='ocrx_word' id='word_1_415' title='bbox 1772 2693 1874 2748; x_wconf 89' lang='lat' dir='ltr'><strong>ista</strong></span> <span class='ocrx_word' id='word_1_416' title='bbox 1904 2707 1996 2749; x_wconf 87' lang='lat' dir='ltr'><strong>so-</strong></span> 
     </span>
    </p>
   </div>
   <div class='ocr_carea' id='block_1_55' title="bbox 2103 2692 3696 2769">
    <p class='ocr_par' dir='ltr' id='par_1_55' title="bbox 2113 2693 3696 2769">
     <span class='ocr_line' id='line_1_55' title="bbox 2113 2693 3696 2769; baseline 0.004 -24"><span class='ocrx_word' id='word_1_417' title='bbox 2113 2693 2277 2747; x_wconf 81' lang='grc' dir='ltr'>Ἀλλά</span> <span class='ocrx_word' id='word_1_418' title='bbox 2312 2695 2419 2766; x_wconf 84' lang='grc' dir='ltr'>γὰρ</span> <span class='ocrx_word' id='word_1_419' title='bbox 2463 2695 2668 2750; x_wconf 84' lang='grc' dir='ltr'>τούτων</span> <span class='ocrx_word' id='word_1_420' title='bbox 2696 2698 2826 2768; x_wconf 74' lang='grc' dir='ltr'>ἡμῖν</span> <span class='ocrx_word' id='word_1_421' title='bbox 2854 2697 3336 2769; x_wconf 82' lang='grc' dir='ltr'>ἀποδεδειγμένων,</span> <span class='ocrx_word' id='word_1_422' title='bbox 3369 2697 3517 2762; x_wconf 74' lang='grc' dir='ltr'>εἰκός</span> <span class='ocrx_word' id='word_1_423' title='bbox 3558 2713 3696 2751; x_wconf 78' lang='grc' dir='ltr'>τινα</span> 
     </span>
    </p>
   </div>
   <div class='ocr_carea' id='block_1_56' title="bbox 429 2776 1997 2860">
    <p class='ocr_par' dir='ltr' id='par_1_56' title="bbox 429 2776 1997 2853">
     <span class='ocr_line' id='line_1_56' title="bbox 429 2776 1997 2853; baseline -0.002 -12"><span class='ocrx_word' id='word_1_424' title='bbox 429 2776 708 2842; x_wconf 70' lang='grc' dir='ltr'><strong>Ιιῖῐηηιοιίο</strong></span> <span class='ocrx_word' id='word_1_425' title='bbox 739 2784 966 2848; x_wconf 88' lang='lat' dir='ltr'><strong>ratione,</strong></span> <span class='ocrx_word' id='word_1_426' title='bbox 996 2780 1174 2853; x_wconf 85' lang='lat' dir='ltr'><strong>imago</strong></span> <span class='ocrx_word' id='word_1_427' title='bbox 1195 2782 1285 2839; x_wconf 91' lang='lat' dir='ltr'><strong>illa</strong></span> <span class='ocrx_word' id='word_1_428' title='bbox 1313 2781 1462 2838; x_wconf 89' lang='lat' dir='ltr'><strong>verbi</strong></span> <span class='ocrx_word' id='word_1_429' title='bbox 1495 2782 1738 2849; x_wconf 88' lang='lat' dir='ltr'><strong>humani,</strong></span> <span class='ocrx_word' id='word_1_430' title='bbox 1770 2783 1824 2838; x_wconf 92' lang='lat' dir='ltr'><strong>in</strong></span> <span class='ocrx_word' id='word_1_431' title='bbox 1849 2782 1997 2838; x_wconf 92' lang='lat' dir='ltr'><strong>illum</strong></span> 
     </span>
    </p>
   </div>
   <div class='ocr_carea' id='block_1_57' title="bbox 2103 2776 2811 2860">
    <p class='ocr_par' dir='ltr' id='par_1_57' title="bbox 2103 2782 2811 2860">
     <span class='ocr_line' id='line_1_57' title="bbox 2103 2782 2811 2860; baseline 0.011 -25"><span class='ocrx_word' id='word_1_432' title='bbox 2103 2782 2212 2836; x_wconf 86' lang='grc' dir='ltr'><strong>τῶν</strong></span> <span class='ocrx_word' id='word_1_433' title='bbox 2237 2785 2554 2857; x_wconf 85' lang='grc' dir='ltr'>φιλομαθῶν</span> <span class='ocrx_word' id='word_1_434' title='bbox 2581 2790 2811 2860; x_wconf 76' lang='grc' dir='ltr'>ἐρωτᾷν.</span> 
     </span>
    </p>
   </div>
   <div class='ocr_carea' id='block_1_58' title="bbox 434 2872 3700 2952">
    <p class='ocr_par' dir='ltr' id='par_1_58' title="bbox 434 2872 3700 2952">
     <span class='ocr_line' id='line_1_58' title="bbox 434 2872 3700 2952; baseline 0 -17"><span class='ocrx_word' id='word_1_435' title='bbox 434 2891 732 2948; x_wconf 86' lang='lat' dir='ltr'><strong>cengruere</strong></span> <span class='ocrx_word' id='word_1_436' title='bbox 761 2874 1022 2931; x_wconf 89' lang='lat' dir='ltr'><strong>videatur.</strong></span> <span class='ocrx_word' id='word_1_437' title='bbox 1065 2873 1161 2930; x_wconf 80' lang='lat' dir='ltr'><strong>HIs</strong></span> <span class='ocrx_word' id='word_1_438' title='bbox 1185 2874 1268 2930; x_wconf 77' lang='lat' dir='ltr'><strong>ita</strong></span> <span class='ocrx_word' id='word_1_439' title='bbox 1315 2889 1412 2945; x_wconf 90' lang='lat' dir='ltr'><strong>per</strong></span> <span class='ocrx_word' id='word_1_440' title='bbox 1473 2887 1574 2930; x_wconf 86' lang='lat' dir='ltr'><strong>nos</strong></span> <span class='ocrx_word' id='word_1_441' title='bbox 1645 2872 2046 2942; x_wconf 87' lang='lat' dir='ltr'><strong>demonstratis,</strong></span> <span class='ocrx_word' id='word_1_442' title='bbox 2113 2881 2292 2932; x_wconf 89' lang='lat' dir='ltr'><strong>tamen</strong></span> <span class='ocrx_word' id='word_1_443' title='bbox 2341 2878 2608 2949; x_wconf 89' lang='lat' dir='ltr'><strong>quispiam</strong></span> <span class='ocrx_word' id='word_1_444' title='bbox 2660 2878 2802 2936; x_wconf 80' lang='lat' dir='ltr'><strong>forte</strong></span> <span class='ocrx_word' id='word_1_445' title='bbox 2851 2879 3092 2937; x_wconf 86' lang='lat' dir='ltr'><strong>discendi</strong></span> <span class='ocrx_word' id='word_1_446' title='bbox 3154 2880 3382 2952; x_wconf 86' lang='lat' dir='ltr'><strong>cupidus</strong></span> <span class='ocrx_word' id='word_1_447' title='bbox 3453 2881 3700 2936; x_wconf 86' lang='lat' dir='ltr'><strong>interro—</strong></span> 
     </span>
    </p>
   </div>
   <div class='ocr_carea' id='block_1_59' title="bbox 436 2982 609 3045">
    <p class='ocr_par' dir='ltr' id='par_1_59' title="bbox 436 2982 609 3045">
     <span class='ocr_line' id='line_1_59' title="bbox 436 2982 609 3045; baseline -0.012 -17"><span class='ocrx_word' id='word_1_448' title='bbox 436 2982 609 3045; x_wconf 83' lang='lat' dir='ltr'><strong>garet.</strong></span> 
     </span>
    </p>
   </div>
   <div class='ocr_carea' id='block_1_60' title="bbox 1051 3061 3042 3121">
    <p class='ocr_par' dir='ltr' id='par_1_60' title="bbox 1051 3061 3042 3121">
     <span class='ocr_line' id='line_1_60' title="bbox 1051 3061 3042 3121; baseline -0.001 -1"><span class='ocrx_word' id='word_1_449' title='bbox 1051 3063 1202 3121; x_wconf 73' lang='lat' dir='ltr'><strong>CA&#39;P.</strong></span> <span class='ocrx_word' id='word_1_450' title='bbox 1230 3063 1424 3121; x_wconf 73' lang='lat' dir='ltr'>XVIII.</span> <span class='ocrx_word' id='word_1_451' title='bbox 2736 3063 2895 3118; x_wconf 65' lang='lat' dir='ltr'><strong>KEtII.</strong></span> <span class='ocrx_word' id='word_1_452' title='bbox 2926 3061 3042 3118; x_wconf 85' lang='lat' dir='ltr'><strong>-IH&#39;.</strong></span> 
     </span>
    </p>
   </div>
   <div class='ocr_carea' id='block_1_61' title="bbox 438 3153 1997 3228">
    <p class='ocr_par' dir='ltr' id='par_1_61' title="bbox 438 3153 1997 3228">
     <span class='ocr_line' id='line_1_61' title="bbox 438 3153 1997 3228; baseline -0.003 -12"><span class='ocrx_word' id='word_1_453' title='bbox 438 3159 552 3216; x_wconf 81' lang='lat' dir='ltr'><strong>Cur</strong></span> <span class='ocrx_word' id='word_1_454' title='bbox 590 3175 647 3214; x_wconf 78' lang='lat' dir='ltr'><strong>in</strong></span> <span class='ocrx_word' id='word_1_455' title='bbox 681 3156 1252 3228; x_wconf 69' lang='lat' dir='ltr'><strong>prtncipiq_Evangelii</strong></span> <span class='ocrx_word' id='word_1_456' title='bbox 1298 3157 1382 3212; x_wconf 79' lang='lat' dir='ltr'><strong>sui</strong></span> <span class='ocrx_word' id='word_1_457' title='bbox 1429 3156 1746 3228; x_wconf 72' lang='lat' dir='ltr'><strong>evangelista</strong></span> <span class='ocrx_word' id='word_1_458' title='bbox 1791 3153 1997 3212; x_wconf 71' lang='lat' dir='ltr'><strong>Filium</strong></span> 
     </span>
    </p>
   </div>
   <div class='ocr_carea' id='block_1_62' title="bbox 2103 3153 3698 3228">
    <p class='ocr_par' dir='ltr' id='par_1_62' title="bbox 2104 3154 3698 3228">
     <span class='ocr_line' id='line_1_62' title="bbox 2104 3154 3698 3228; baseline 0.001 -17"><span class='ocrx_word' id='word_1_459' title='bbox 2104 3156 2208 3212; x_wconf 83' lang='grc' dir='ltr'><strong>Διὰ</strong></span> <span class='ocrx_word' id='word_1_460' title='bbox 2239 3157 2298 3211; x_wconf 88' lang='grc' dir='ltr'><strong>τί</strong></span> <span class='ocrx_word' id='word_1_461' title='bbox 2325 3154 2822 3228; x_wconf 10' lang='grc' dir='ltr'>Λόγον-,ὠνόμασε</span> <span class='ocrx_word' id='word_1_462' title='bbox 2847 3157 2955 3228; x_wconf 71' lang='grc' dir='ltr'>τόν</span> <span class='ocrx_word' id='word_1_463' title='bbox 2987 3155 3126 3228; x_wconf 69' lang='grc' dir='ltr'><strong>Υὶόν</strong></span> <span class='ocrx_word' id='word_1_464' title='bbox 3157 3158 3190 3210; x_wconf 82' lang='grc' dir='ltr'><em>ὁ</em></span> <span class='ocrx_word' id='word_1_465' title='bbox 3226 3158 3698 3228; x_wconf 66' lang='grc' dir='ltr'>εὐᾳτγελιστης,</span> 
     </span>
    </p>
   </div>
   <div class='ocr_carea' id='block_1_63' title="bbox 933 3213 1997 3296">
    <p class='ocr_par' dir='ltr' id='par_1_63' title="bbox 933 3213 1584 3283">
     <span class='ocr_line' id='line_1_63' title="bbox 933 3213 1584 3283; baseline 0.005 -4"><span class='ocrx_word' id='word_1_466' title='bbox 933 3213 1155 3281; x_wconf 64' lang='grc' dir='ltr'>νει-ί)αῶ</span> <span class='ocrx_word' id='word_1_467' title='bbox 1185 3229 1469 3281; x_wconf 80' lang='lat' dir='ltr'><strong>nominavit</strong></span> <span class='ocrx_word' id='word_1_468' title='bbox 1481 3229 1514 3283; x_wconf 73' lang='lat'><strong>&#39;7</strong></span> <span class='ocrx_word' id='word_1_469' title='bbox 1559 3213 1584 3228; x_wconf 74' lang='grc'><em>”</em></span> 
     </span>
    </p>
   </div>
   <div class='ocr_carea' id='block_1_64' title="bbox 2103 3213 3400 3296">
    <p class='ocr_par' dir='ltr' id='par_1_64' title="bbox 2382 3213 3400 3296">
     <span class='ocr_line' id='line_1_64' title="bbox 2382 3213 3400 3296; baseline 0 -16"><span class='ocrx_word' id='word_1_470' title='bbox 2382 3213 2716 3296; x_wconf 63' lang='grc' dir='ltr'>ἀλοχόμενός</span> <span class='ocrx_word' id='word_1_471' title='bbox 2748 3227 2859 3295; x_wconf 84' lang='grc' dir='ltr'><strong>τῆς</strong></span> <span class='ocrx_word' id='word_1_472' title='bbox 2884 3226 3104 3280; x_wconf 82' lang='grc' dir='ltr'>ἑαυτοῦ</span> <span class='ocrx_word' id='word_1_473' title='bbox 3125 3213 3400 3296; x_wconf 69' lang='grc' dir='ltr'>γραφῆςῖξ</span> 
     </span>
    </p>
   </div>
   <div class='ocr_carea' id='block_1_65' title="bbox 508 3315 1997 3392">
    <p class='ocr_par' dir='ltr' id='par_1_65' title="bbox 508 3317 1997 3388">
     <span class='ocr_line' id='line_1_65' title="bbox 508 3317 1997 3388; baseline 0 -13"><span class='ocrx_word' id='word_1_474' title='bbox 508 3320 848 3388; x_wconf 72' lang='lat' dir='ltr'><strong>Quid-causae</strong></span> <span class='ocrx_word' id='word_1_475' title='bbox 878 3317 1077 3382; x_wconf 82' lang='lat' dir='ltr'><strong>fuerat,</strong></span> <span class='ocrx_word' id='word_1_476' title='bbox 1105 3318 1246 3387; x_wconf 86' lang='lat' dir='ltr'><strong>quod</strong></span> <span class='ocrx_word' id='word_1_477' title='bbox 1291 3319 1576 3374; x_wconf 79' lang='lat' dir='ltr'><strong>exordiens</strong></span> <span class='ocrx_word' id='word_1_478' title='bbox 1616 3334 1773 3374; x_wconf 90' lang='lat' dir='ltr'><strong>suum</strong></span> <span class='ocrx_word' id='word_1_479' title='bbox 1806 3319 1997 3376; x_wconf 90' lang='lat' dir='ltr'><strong>librum</strong></span> 
     </span>
    </p>
   </div>
   <div class='ocr_carea' id='block_1_66' title="bbox 2103 3315 3734 3392">
    <p class='ocr_par' dir='ltr' id='par_1_66' title="bbox 2171 3315 3734 3392">
     <span class='ocr_line' id='line_1_66' title="bbox 2171 3315 3734 3392; baseline 0.002 -22"><span class='ocrx_word' id='word_1_480' title='bbox 2171 3317 2270 3370; x_wconf 87' lang='grc' dir='ltr'>Διὰ</span> <span class='ocrx_word' id='word_1_481' title='bbox 2295 3317 2347 3370; x_wconf 88' lang='grc' dir='ltr'><strong>τί</strong></span> <span class='ocrx_word' id='word_1_482' title='bbox 2383 3317 2442 3370; x_wconf 82' lang='grc' dir='ltr'>δὲ</span> <span class='ocrx_word' id='word_1_483' title='bbox 2470 3317 2563 3371; x_wconf 71' lang='grc' dir='ltr'>τὸν</span> <span class='ocrx_word' id='word_1_484' title='bbox 2608 3317 2869 3388; x_wconf 89' lang='grc' dir='ltr'>μονογενῆ</span> <span class='ocrx_word' id='word_1_485' title='bbox 2895 3318 3021 3371; x_wconf 81' lang='grc' dir='ltr'>Υίὺν</span> <span class='ocrx_word' id='word_1_486' title='bbox 3061 3317 3154 3370; x_wconf 89' lang='grc' dir='ltr'><strong>τοῦ</strong></span> <span class='ocrx_word' id='word_1_487' title='bbox 3183 3317 3338 3384; x_wconf 87' lang='grc' dir='ltr'>Θεοῦ,</span> <span class='ocrx_word' id='word_1_488' title='bbox 3382 3315 3734 3392; x_wconf 42' lang='grc' dir='ltr'>ἀρχόμενοί</span> 
     </span>
    </p>
   </div>
   <div class='ocr_carea' id='block_1_67' title="bbox 435 3409 1997 3482">
    <p class='ocr_par' dir='ltr' id='par_1_67' title="bbox 435 3409 1997 3482">
     <span class='ocr_line' id='line_1_67' title="bbox 435 3409 1997 3482; baseline -0.002 -12"><span class='ocrx_word' id='word_1_489' title='bbox 435 3411 762 3482; x_wconf 88' lang='lat' dir='ltr'><strong>evangelista</strong></span> <span class='ocrx_word' id='word_1_490' title='bbox 799 3416 874 3475; x_wconf 56' lang='grc' dir='ltr'>ψῙι</span> <span class='ocrx_word' id='word_1_491' title='bbox 913 3409 1074 3465; x_wconf 81' lang='lat' dir='ltr'><strong>Verbi</strong></span> <span class='ocrx_word' id='word_1_492' title='bbox 1121 3411 1338 3464; x_wconf 90' lang='lat' dir='ltr'><strong>nomine</strong></span> <span class='ocrx_word' id='word_1_493' title='bbox 1363 3450 1378 3477; x_wconf 92' lang='lat'><strong>,</strong></span> <span class='ocrx_word' id='word_1_494' title='bbox 1428 3410 1619 3465; x_wconf 90' lang='lat' dir='ltr'><strong>Filium</strong></span> <span class='ocrx_word' id='word_1_495' title='bbox 1668 3411 1997 3482; x_wconf 87' lang='lat' dir='ltr'><strong>unigenitum</strong></span> 
     </span>
    </p>
   </div>
   <div class='ocr_carea' id='block_1_68' title="bbox 2103 3409 3705 3482">
    <p class='ocr_par' dir='ltr' id='par_1_68' title="bbox 2103 3409 3705 3482">
     <span class='ocr_line' id='line_1_68' title="bbox 2103 3409 3705 3482; baseline 0.002 -20"><span class='ocrx_word' id='word_1_496' title='bbox 2103 3409 2202 3480; x_wconf 83' lang='grc' dir='ltr'><strong>τῆς</strong></span> <span class='ocrx_word' id='word_1_497' title='bbox 2242 3409 2436 3464; x_wconf 79' lang='grc' dir='ltr'>ἑαυτοῦ</span> <span class='ocrx_word' id='word_1_498' title='bbox 2478 3409 2700 3481; x_wconf 83' lang='grc' dir='ltr'>γραφῆς</span> <span class='ocrx_word' id='word_1_499' title='bbox 2723 3449 2740 3474; x_wconf 92' lang='grc'><strong>,</strong></span> <span class='ocrx_word' id='word_1_500' title='bbox 2767 3411 2796 3463; x_wconf 90' lang='lat'><strong>6</strong></span> <span class='ocrx_word' id='word_1_501' title='bbox 2837 3409 3224 3480; x_wconf 76' lang='grc' dir='ltr'>εὐαγγελιστὴς</span> <span class='ocrx_word' id='word_1_502' title='bbox 3262 3411 3435 3480; x_wconf 88' lang='grc' dir='ltr'>Λόγον</span> <span class='ocrx_word' id='word_1_503' title='bbox 3473 3412 3705 3482; x_wconf 80' lang='grc' dir='ltr'>ἀνεφώ-</span> 
     </span>
    </p>
   </div>
   <div class='ocr_carea' id='block_1_69' title="bbox 435 3499 1997 3573">
    <p class='ocr_par' dir='ltr' id='par_1_69' title="bbox 435 3501 1997 3570">
     <span class='ocr_line' id='line_1_69' title="bbox 435 3501 1997 3570; baseline -0.003 -9"><span class='ocrx_word' id='word_1_504' title='bbox 435 3503 780 3561; x_wconf 83' lang='lat' dir='ltr'><strong>nominavit?</strong></span> <span class='ocrx_word' id='word_1_505' title='bbox 816 3501 916 3558; x_wconf 84' lang='lat' dir='ltr'><strong>Cui</strong></span> <span class='ocrx_word' id='word_1_506' title='bbox 958 3503 1374 3570; x_wconf 89' lang='lat' dir='ltr'><strong>respondemus,</strong></span> <span class='ocrx_word' id='word_1_507' title='bbox 1417 3501 1519 3556; x_wconf 91' lang='lat' dir='ltr'><strong>hoc</strong></span> <span class='ocrx_word' id='word_1_508' title='bbox 1563 3502 1731 3558; x_wconf 77' lang='lat' dir='ltr'><strong>fuisse</strong></span> <span class='ocrx_word' id='word_1_509' title='bbox 1778 3501 1997 3569; x_wconf 78' lang='lat' dir='ltr'><strong>factum,</strong></span> 
     </span>
    </p>
   </div>
   <div class='ocr_carea' id='block_1_70' title="bbox 2103 3499 3702 3573">
    <p class='ocr_par' dir='ltr' id='par_1_70' title="bbox 2103 3499 3702 3573">
     <span class='ocr_line' id='line_1_70' title="bbox 2103 3499 3702 3573; baseline 0.002 -20"><span class='ocrx_word' id='word_1_510' title='bbox 2103 3517 2263 3571; x_wconf 82' lang='grc' dir='ltr'>νήσε;</span> <span class='ocrx_word' id='word_1_511' title='bbox 2302 3500 2446 3572; x_wconf 74' lang='grc' dir='ltr'>Πρὸς</span> <span class='ocrx_word' id='word_1_512' title='bbox 2484 3500 2544 3554; x_wconf 86' lang='grc' dir='ltr'>ὃν</span> <span class='ocrx_word' id='word_1_513' title='bbox 2574 3499 2838 3572; x_wconf 81' lang='grc' dir='ltr'>ἐροῦμεν·</span> <span class='ocrx_word' id='word_1_514' title='bbox 2873 3501 2997 3554; x_wconf 76' lang='grc' dir='ltr'>Ὀτι</span> <span class='ocrx_word' id='word_1_515' title='bbox 3033 3500 3122 3554; x_wconf 82' lang='grc' dir='ltr'>διὰ</span> <span class='ocrx_word' id='word_1_516' title='bbox 3161 3501 3262 3565; x_wconf 79' lang='grc' dir='ltr'>τὰς</span> <span class='ocrx_word' id='word_1_517' title='bbox 3299 3503 3702 3573; x_wconf 73' lang='grc' dir='ltr'>ἀνακρύπτους</span> 
     </span>
    </p>
   </div>
   <div class='ocr_carea' id='block_1_71' title="bbox 437 3590 1997 3666">
    <p class='ocr_par' dir='ltr' id='par_1_71' title="bbox 437 3591 1997 3666">
     <span class='ocr_line' id='line_1_71' title="bbox 437 3591 1997 3666; baseline 0 -15"><span class='ocrx_word' id='word_1_518' title='bbox 437 3604 656 3666; x_wconf 85' lang='lat' dir='ltr'><strong>propter</strong></span> <span class='ocrx_word' id='word_1_519' title='bbox 683 3593 930 3650; x_wconf 87' lang='lat' dir='ltr'><strong>abstrusa</strong></span> <span class='ocrx_word' id='word_1_520' title='bbox 963 3592 1147 3648; x_wconf 46' lang='lat' dir='ltr'><strong>de’illo</strong></span> <span class='ocrx_word' id='word_1_521' title='bbox 1178 3591 1306 3648; x_wconf 91' lang='lat' dir='ltr'><strong>olim</strong></span> <span class='ocrx_word' id='word_1_522' title='bbox 1329 3593 1580 3649; x_wconf 90' lang='lat' dir='ltr'><strong>vaticinia</strong></span> <span class='ocrx_word' id='word_1_523' title='bbox 1610 3611 1624 3648; x_wconf 91' lang='lat'><strong>:</strong></span> <span class='ocrx_word' id='word_1_524' title='bbox 1654 3609 1775 3650; x_wconf 91' lang='lat' dir='ltr'><strong>cum</strong></span> <span class='ocrx_word' id='word_1_525' title='bbox 1803 3595 1997 3666; x_wconf 85' lang='lat' dir='ltr'><strong>ubique</strong></span> 
     </span>
    </p>
   </div>
   <div class='ocr_carea' id='block_1_72' title="bbox 2103 3590 3701 3666">
    <p class='ocr_par' dir='ltr' id='par_1_72' title="bbox 2103 3590 3701 3666">
     <span class='ocr_line' id='line_1_72' title="bbox 2103 3590 3701 3666; baseline 0.001 -22"><span class='ocrx_word' id='word_1_526' title='bbox 2103 3591 2268 3645; x_wconf 90' lang='grc' dir='ltr'>πάλαι</span> <span class='ocrx_word' id='word_1_527' title='bbox 2324 3591 2451 3663; x_wconf 81' lang='grc' dir='ltr'>περὶ</span> <span class='ocrx_word' id='word_1_528' title='bbox 2493 3591 2658 3644; x_wconf 82' lang='grc' dir='ltr'>αὑτοῦ</span> <span class='ocrx_word' id='word_1_529' title='bbox 2715 3591 3052 3663; x_wconf 83' lang='grc' dir='ltr'>προφητείας</span> <span class='ocrx_word' id='word_1_530' title='bbox 3118 3590 3264 3663; x_wconf 85' lang='grc'>(68)⁶</span> <span class='ocrx_word' id='word_1_531' title='bbox 3303 3592 3491 3664; x_wconf 75' lang='grc' dir='ltr'>ἐπειδὴ</span> <span class='ocrx_word' id='word_1_532' title='bbox 3531 3595 3701 3666; x_wconf 65' lang='grc' dir='ltr'>γὰρ,</span> 
     </span>
    </p>
   </div>
   <div class='ocr_carea' id='block_1_73' title="bbox 432 3681 1997 3760">
    <p class='ocr_par' dir='ltr' id='par_1_73' title="bbox 432 3684 1996 3760">
     <span class='ocr_line' id='line_1_73' title="bbox 432 3684 1996 3760; baseline 0.001 -18"><span class='ocrx_word' id='word_1_533' title='bbox 432 3688 631 3760; x_wconf 83' lang='lat' dir='ltr'><strong>legitur</strong></span> <span class='ocrx_word' id='word_1_534' title='bbox 665 3685 1086 3757; x_wconf 86' lang='lat' dir='ltr'><strong>perprophetas</strong></span> <span class='ocrx_word' id='word_1_535' title='bbox 1131 3700 1351 3750; x_wconf 88' lang='lat' dir='ltr'><strong>omnes,</strong></span> <span class='ocrx_word' id='word_1_536' title='bbox 1385 3684 1608 3740; x_wconf 80' lang='lat' dir='ltr'><strong>Verbum</strong></span> <span class='ocrx_word' id='word_1_537' title='bbox 1642 3686 1870 3742; x_wconf 74' lang='lat' dir='ltr'><strong>Domini.</strong></span> <span class='ocrx_word' id='word_1_538' title='bbox 1905 3688 1996 3745; x_wconf 90' lang='lat' dir='ltr'><strong>Sic</strong></span> 
     </span>
    </p>
   </div>
   <div class='ocr_carea' id='block_1_74' title="bbox 2103 3681 3700 3760">
    <p class='ocr_par' dir='ltr' id='par_1_74' title="bbox 2103 3681 3700 3756">
     <span class='ocr_line' id='line_1_74' title="bbox 2103 3681 3700 3756; baseline 0.001 -22"><span class='ocrx_word' id='word_1_539' title='bbox 2103 3683 2186 3752; x_wconf 75' lang='grc' dir='ltr'><strong>ἐφ’</strong></span> <span class='ocrx_word' id='word_1_540' title='bbox 2215 3682 2428 3753; x_wconf 82' lang='grc' dir='ltr'>ἑκάστῳ</span> <span class='ocrx_word' id='word_1_541' title='bbox 2461 3682 2734 3756; x_wconf 76' lang='grc' dir='ltr'>προφήτῃ,</span> <span class='ocrx_word' id='word_1_542' title='bbox 2757 3683 2946 3752; x_wconf 78' lang='grc' dir='ltr'>Λόγος</span> <span class='ocrx_word' id='word_1_543' title='bbox 2977 3682 3214 3750; x_wconf 84' lang='grc' dir='ltr'>Κυρίου,</span> <span class='ocrx_word' id='word_1_544' title='bbox 3239 3701 3258 3734; x_wconf 82' lang='grc' dir='ltr'><strong>ι</strong></span> <span class='ocrx_word' id='word_1_545' title='bbox 3285 3681 3343 3746; x_wconf 76' lang='grc' dir='ltr'>ὃς</span> <span class='ocrx_word' id='word_1_546' title='bbox 3375 3683 3645 3756; x_wconf 76' lang='grc' dir='ltr'>ἐγενήθη,</span> <span class='ocrx_word' id='word_1_547' title='bbox 3679 3704 3700 3736; x_wconf 74' lang='grc' dir='ltr'><strong>ι</strong></span> 
     </span>
    </p>
   </div>
   <div class='ocr_carea' id='block_1_75' title="bbox 436 3773 1997 3849">
    <p class='ocr_par' dir='ltr' id='par_1_75' title="bbox 436 3777 1995 3849">
     <span class='ocr_line' id='line_1_75' title="bbox 436 3777 1995 3849; baseline 0.003 -16"><span class='ocrx_word' id='word_1_548' title='bbox 436 3779 578 3848; x_wconf 88' lang='lat' dir='ltr'><strong>apud</strong></span> <span class='ocrx_word' id='word_1_549' title='bbox 616 3777 808 3832; x_wconf 88' lang='lat' dir='ltr'><strong>Isaiam</strong></span> <span class='ocrx_word' id='word_1_550' title='bbox 851 3777 1048 3832; x_wconf 87' lang='lat' dir='ltr'><strong>dicitur</strong></span> <span class='ocrx_word' id='word_1_551' title='bbox 1095 3778 1147 3832; x_wconf 91' lang='lat' dir='ltr'><strong>in</strong></span> <span class='ocrx_word' id='word_1_552' title='bbox 1194 3779 1480 3849; x_wconf 89' lang='lat' dir='ltr'><strong>principio,</strong></span> <span class='ocrx_word' id='word_1_553' title='bbox 1522 3779 1749 3834; x_wconf 78' lang='lat' dir='ltr'><strong>Verbum</strong></span> <span class='ocrx_word' id='word_1_554' title='bbox 1785 3781 1995 3838; x_wconf 78' lang='lat' dir='ltr'><strong>Domini</strong></span> 
     </span>
    </p>
   </div>
   <div class='ocr_carea' id='block_1_76' title="bbox 2103 3773 3703 3849">
    <p class='ocr_par' dir='ltr' id='par_1_76' title="bbox 2104 3773 3703 3846">
     <span class='ocr_line' id='line_1_76' title="bbox 2104 3773 3703 3846; baseline 0.003 -20"><span class='ocrx_word' id='word_1_555' title='bbox 2104 3773 2257 3842; x_wconf 85' lang='grc' dir='ltr'>φέρε,</span> <span class='ocrx_word' id='word_1_556' title='bbox 2286 3773 2434 3843; x_wconf 82' lang='grc' dir='ltr'>πρὸς</span> <span class='ocrx_word' id='word_1_557' title='bbox 2463 3775 2733 3840; x_wconf 82' lang='grc' dir='ltr'>Ἡσαΐαν,</span> <span class='ocrx_word' id='word_1_558' title='bbox 2764 3773 2999 3845; x_wconf 76' lang='grc' dir='ltr'>εἴρηται,</span> <span class='ocrx_word' id='word_1_559' title='bbox 3046 3774 3141 3827; x_wconf 81' lang='grc' dir='ltr'>καὶ</span> <span class='ocrx_word' id='word_1_560' title='bbox 3167 3773 3545 3843; x_wconf 65' lang='grc' dir='ltr'>ἀρχὴ-Λόγου</span> <span class='ocrx_word' id='word_1_561' title='bbox 3580 3776 3703 3846; x_wconf 83' lang='grc'>(69)</span> 
     </span>
    </p>
   </div>
   <div class='ocr_carea' id='block_1_77' title="bbox 434 3865 1997 3942">
    <p class='ocr_par' dir='ltr' id='par_1_77' title="bbox 434 3866 1997 3942">
     <span class='ocr_line' id='line_1_77' title="bbox 434 3866 1997 3942; baseline 0.002 -19"><span class='ocrx_word' id='word_1_562' title='bbox 434 3875 504 3923; x_wconf 83' lang='lat' dir='ltr'><strong>ad</strong></span> <span class='ocrx_word' id='word_1_563' title='bbox 545 3868 744 3922; x_wconf 76' lang='lat' dir='ltr'><strong>Isaiam</strong></span> <span class='ocrx_word' id='word_1_564' title='bbox 777 3869 820 3921; x_wconf 87' lang='lat'><strong>&#39;.</strong></span> <span class='ocrx_word' id='word_1_565' title='bbox 857 3866 947 3922; x_wconf 83' lang='lat' dir='ltr'><strong>Sic</strong></span> <span class='ocrx_word' id='word_1_566' title='bbox 975 3869 1041 3922; x_wconf 90' lang='lat' dir='ltr'><strong>ad</strong></span> <span class='ocrx_word' id='word_1_567' title='bbox 1088 3867 1287 3924; x_wconf 80' lang='lat' dir='ltr'><strong>Oscam</strong></span> <span class='ocrx_word' id='word_1_568' title='bbox 1315 3869 1396 3934; x_wconf 83' lang='grc'>¹⁰,</span> <span class='ocrx_word' id='word_1_569' title='bbox 1446 3875 1512 3924; x_wconf 88' lang='lat' dir='ltr'><strong>ad</strong></span> <span class='ocrx_word' id='word_1_570' title='bbox 1548 3869 1662 3924; x_wconf 65' lang='grc' dir='ltr'>,ποθι</span> <span class='ocrx_word' id='word_1_571' title='bbox 1696 3873 1774 3927; x_wconf 83' lang='lat'><strong>“:</strong></span> <span class='ocrx_word' id='word_1_572' title='bbox 1816 3871 1997 3942; x_wconf 34' lang='lat' dir='ltr'><strong>Etzfau</strong></span> 
     </span>
    </p>
   </div>
   <div class='ocr_carea' id='block_1_78' title="bbox 2103 3865 3703 3942">
    <p class='ocr_par' dir='ltr' id='par_1_78' title="bbox 2106 3865 3703 3938">
     <span class='ocr_line' id='line_1_78' title="bbox 2106 3865 3703 3938; baseline 0.002 -20"><span class='ocrx_word' id='word_1_573' title='bbox 2106 3867 2327 3934; x_wconf 81' lang='grc' dir='ltr'>Κυρίου</span> <span class='ocrx_word' id='word_1_574' title='bbox 2372 3867 2442 3918; x_wconf 75' lang='grc' dir='ltr'><em>ἐν</em></span> <span class='ocrx_word' id='word_1_575' title='bbox 2485 3865 2679 3934; x_wconf 79' lang='grc' dir='ltr'>Ὠσηὲ,</span> <span class='ocrx_word' id='word_1_576' title='bbox 2716 3867 2810 3919; x_wconf 74' lang='grc' dir='ltr'><strong>καὶ</strong></span> <span class='ocrx_word' id='word_1_577' title='bbox 2845 3865 3038 3934; x_wconf 78' lang='grc' dir='ltr'>Λόγος</span> <span class='ocrx_word' id='word_1_578' title='bbox 3082 3868 3304 3933; x_wconf 75' lang='grc' dir='ltr'>Κυρίου</span> <span class='ocrx_word' id='word_1_579' title='bbox 3343 3866 3400 3928; x_wconf 83' lang='grc' dir='ltr'>ὃς</span> <span class='ocrx_word' id='word_1_580' title='bbox 3448 3867 3703 3938; x_wconf 65' lang='grc' dir='ltr'>ἐγενήθη</span> 
     </span>
    </p>
   </div>
   <div class='ocr_carea' id='block_1_79' title="bbox 421 3949 2000 4023">
    <p class='ocr_par' dir='ltr' id='par_1_79' title="bbox 421 3949 2000 4023">
     <span class='ocr_line' id='line_1_79' title="bbox 421 3949 2000 4023; baseline 0.004 -17"><span class='ocrx_word' id='word_1_581' title='bbox 421 3962 577 4006; x_wconf 74' lang='lat' dir='ltr'><strong>.ctum</strong></span> <span class='ocrx_word' id='word_1_582' title='bbox 608 3949 948 4005; x_wconf 75' lang='lat' dir='ltr'><strong>estVerbum</strong></span> <span class='ocrx_word' id='word_1_583' title='bbox 995 3951 1201 4006; x_wconf 81' lang='lat' dir='ltr'><strong>Domini</strong></span> <span class='ocrx_word' id='word_1_584' title='bbox 1240 3953 1309 4006; x_wconf 87' lang='lat' dir='ltr'><strong>ad</strong></span> <span class='ocrx_word' id='word_1_585' title='bbox 1336 3953 1531 4023; x_wconf 74' lang='lat' dir='ltr'><strong>Ionam</strong></span> <span class='ocrx_word' id='word_1_586' title='bbox 1561 3955 1626 4018; x_wconf 72' lang='grc'>⁸³,</span> <span class='ocrx_word' id='word_1_587' title='bbox 1677 3957 1747 4010; x_wconf 89' lang='lat' dir='ltr'><strong>ita</strong></span> <span class='ocrx_word' id='word_1_588' title='bbox 1797 3957 1864 4011; x_wconf 88' lang='lat' dir='ltr'><strong>ad</strong></span> <span class='ocrx_word' id='word_1_589' title='bbox 1901 3957 2000 4012; x_wconf 85' lang='lat' dir='ltr'><strong>Mi-</strong></span> 
     </span>
    </p>
   </div>
   <div class='ocr_carea' id='block_1_80' title="bbox 413 4041 1998 4116">
    <p class='ocr_par' dir='ltr' id='par_1_80' title="bbox 413 4041 1998 4116">
     <span class='ocr_line' id='line_1_80' title="bbox 413 4041 1998 4116; baseline 0.003 -18"><span class='ocrx_word' id='word_1_590' title='bbox 413 4044 640 4098; x_wconf 74' lang='lat' dir='ltr'><strong>-cha:am</strong></span> <span class='ocrx_word' id='word_1_591' title='bbox 675 4041 742 4106; x_wconf 84' lang='grc'>¹³,</span> <span class='ocrx_word' id='word_1_592' title='bbox 787 4050 841 4098; x_wconf 92' lang='lat' dir='ltr'><strong>et</strong></span> <span class='ocrx_word' id='word_1_593' title='bbox 887 4043 1132 4098; x_wconf 82' lang='lat' dir='ltr'><strong>similiter</strong></span> <span class='ocrx_word' id='word_1_594' title='bbox 1171 4045 1239 4099; x_wconf 87' lang='lat' dir='ltr'><strong>ad</strong></span> <span class='ocrx_word' id='word_1_595' title='bbox 1267 4049 1574 4116; x_wconf 80' lang='lat' dir='ltr'><strong>prophetas</strong></span> <span class='ocrx_word' id='word_1_596' title='bbox 1609 4047 1743 4104; x_wconf 89' lang='lat' dir='ltr'><strong>alios</strong></span> <span class='ocrx_word' id='word_1_597' title='bbox 1780 4048 1998 4116; x_wconf 85' lang='lat' dir='ltr'><strong>dicitur,</strong></span> 
     </span>
    </p>
   </div>
   <div class='ocr_carea' id='block_1_81' title="bbox 420 4131 1998 4206">
    <p class='ocr_par' dir='ltr' id='par_1_81' title="bbox 420 4131 1998 4206">
     <span class='ocr_line' id='line_1_81' title="bbox 420 4131 1998 4206; baseline 0.01 -26"><span class='ocrx_word' id='word_1_598' title='bbox 420 4134 634 4197; x_wconf 68' lang='lat' dir='ltr'><strong>~factum</strong></span> <span class='ocrx_word' id='word_1_599' title='bbox 682 4131 927 4188; x_wconf 84' lang='lat' dir='ltr'><strong>Verbum.</strong></span> <span class='ocrx_word' id='word_1_600' title='bbox 978 4131 1160 4190; x_wconf 79' lang='lat' dir='ltr'><strong>Voluit</strong></span> <span class='ocrx_word' id='word_1_601' title='bbox 1187 4149 1338 4190; x_wconf 81' lang='lat' dir='ltr'><strong>sacra</strong></span> <span class='ocrx_word' id='word_1_602' title='bbox 1361 4136 1459 4192; x_wconf 85' lang='lat' dir='ltr'><strong>hic</strong></span> <span class='ocrx_word' id='word_1_603' title='bbox 1493 4136 1771 4206; x_wconf 80' lang='lat' dir='ltr'><strong>Scriptura</strong></span> <span class='ocrx_word' id='word_1_604' title='bbox 1797 4155 1998 4196; x_wconf 84' lang='lat' dir='ltr'><strong>neces-</strong></span> 
     </span>
    </p>
   </div>
   <div class='ocr_carea' id='block_1_82' title="bbox 417 4222 2000 4298">
    <p class='ocr_par' dir='ltr' id='par_1_82' title="bbox 417 4222 2000 4298">
     <span class='ocr_line' id='line_1_82' title="bbox 417 4222 2000 4298; baseline 0.005 -20"><span class='ocrx_word' id='word_1_605' title='bbox 417 4223 581 4278; x_wconf 69' lang='lat' dir='ltr'><strong>sario</strong></span> <span class='ocrx_word' id='word_1_606' title='bbox 611 4222 823 4294; x_wconf 87' lang='lat' dir='ltr'><strong>quidem</strong></span> <span class='ocrx_word' id='word_1_607' title='bbox 862 4230 916 4279; x_wconf 90' lang='lat' dir='ltr'><strong>et</strong></span> <span class='ocrx_word' id='word_1_608' title='bbox 958 4233 1144 4280; x_wconf 79' lang='lat' dir='ltr'><strong>exacte</strong></span> <span class='ocrx_word' id='word_1_609' title='bbox 1179 4224 1520 4295; x_wconf 79' lang='lat' dir='ltr'><strong>signiﬁcare,</strong></span> <span class='ocrx_word' id='word_1_610' title='bbox 1564 4229 1704 4298; x_wconf 88' lang='lat' dir='ltr'><strong>quod</strong></span> <span class='ocrx_word' id='word_1_611' title='bbox 1745 4231 1800 4285; x_wconf 94' lang='lat' dir='ltr'><strong>in</strong></span> <span class='ocrx_word' id='word_1_612' title='bbox 1853 4230 2000 4287; x_wconf 89' lang='lat' dir='ltr'><strong>nullo</strong></span> 
     </span>
    </p>
   </div>
   <div class='ocr_carea' id='block_1_83' title="bbox 419 4412 1220 4489">
    <p class='ocr_par' dir='ltr' id='par_1_83' title="bbox 419 4412 1220 4489">
     <span class='ocr_line' id='line_1_83' title="bbox 419 4412 1220 4489; baseline -0.009 -16"><span class='ocrx_word' id='word_1_613' title='bbox 512 4413 690 4489; x_wconf 67' lang='lat' dir='ltr'><strong>Ed.</strong></span> <span class='ocrx_word' id='word_1_614' title='bbox 720 4414 916 4489; x_wconf 87' lang='lat' dir='ltr'><strong>Par_is.,</strong></span> <span class='ocrx_word' id='word_1_615' title='bbox 947 4426 1067 4485; x_wconf 88' lang='lat' dir='ltr'><strong>pag.</strong></span> <span class='ocrx_word' id='word_1_616' title='bbox 1099 4412 1220 4468; x_wconf 66' lang='lat'><strong>429.</strong></span> 
     </span>
    </p>
   </div>
   <div class='ocr_carea' id='block_1_84' title="bbox 437 4480 861 4551">
    <p class='ocr_par' dir='ltr' id='par_1_84' title="bbox 437 4480 861 4551">
     <span class='ocr_line' id='line_1_84' title="bbox 437 4480 861 4551; baseline 0.002 -13"><span class='ocrx_word' id='word_1_617' title='bbox 437 4480 480 4512; x_wconf 82' lang='grc'><strong>⁸³</strong></span> <span class='ocrx_word' id='word_1_618' title='bbox 512 4483 676 4539; x_wconf 81' lang='lat' dir='ltr'><strong>Mich.</strong></span> <span class='ocrx_word' id='word_1_619' title='bbox 707 4500 765 4551; x_wconf 90' lang='grc' dir='ltr'><strong>ι,</strong></span> <span class='ocrx_word' id='word_1_620' title='bbox 808 4484 861 4540; x_wconf 82' lang='grc'><strong>1.</strong></span> 
     </span>
    </p>
   </div>
   <div class='ocr_carea' id='block_1_85' title="bbox 529 4618 922 4691">
    <p class='ocr_par' dir='ltr' id='par_1_85' title="bbox 529 4618 922 4691">
     <span class='ocr_line' id='line_1_85' title="bbox 529 4618 922 4691; baseline -0.008 -17"><span class='ocrx_word' id='word_1_621' title='bbox 529 4619 620 4688; x_wconf 76' lang='grc'>65)</span> <span class='ocrx_word' id='word_1_622' title='bbox 639 4619 819 4691; x_wconf 78' lang='lat' dir='ltr'><strong>‘Vulgo</strong></span> <span class='ocrx_word' id='word_1_623' title='bbox 843 4618 922 4691; x_wconf 68' lang='grc' dir='ltr'>δέ.</span> 
     </span>
    </p>
   </div>
   <div class='ocr_carea' id='block_1_86' title="bbox 528 4685 1683 4761">
    <p class='ocr_par' dir='ltr' id='par_1_86' title="bbox 528 4685 1683 4761">
     <span class='ocr_line' id='line_1_86' title="bbox 528 4685 1683 4761; baseline -0.003 -16"><span class='ocrx_word' id='word_1_624' title='bbox 528 4685 616 4761; x_wconf 72' lang='grc'>64)</span> <span class='ocrx_word' id='word_1_625' title='bbox 650 4685 820 4761; x_wconf 69' lang='lat' dir='ltr'><strong>Vulgo</strong></span> <span class='ocrx_word' id='word_1_626' title='bbox 838 4689 886 4761; x_wconf 84' lang='grc' dir='ltr'>δ’</span> <span class='ocrx_word' id='word_1_627' title='bbox 920 4685 1058 4761; x_wconf 72' lang='grc' dir='ltr'><strong>αὑτά</strong></span> <span class='ocrx_word' id='word_1_628' title='bbox 1083 4687 1140 4761; x_wconf 63' lang='grc' dir='ltr'><strong>δε</strong></span> <span class='ocrx_word' id='word_1_629' title='bbox 1178 4685 1374 4761; x_wconf 77' lang='grc' dir='ltr'>μᾶλλον</span> <span class='ocrx_word' id='word_1_630' title='bbox 1403 4685 1683 4761; x_wconf 68' lang='grc' dir='ltr'>ἐπέκεινα.</span> 
     </span>
    </p>
   </div>
   <div class='ocr_carea' id='block_1_87' title="bbox 525 4756 1988 4883">
    <p class='ocr_par' dir='ltr' id='par_1_87' title="bbox 525 4756 1988 4883">
     <span class='ocr_line' id='line_1_87' title="bbox 525 4756 1988 4883; baseline -0.001 -69"><span class='ocrx_word' id='word_1_631' title='bbox 649 4756 874 4883; x_wconf 50' lang='grc' dir='ltr'>νὶιὲιῖοῧι</span> <span class='ocrx_word' id='word_1_632' title='bbox 902 4775 963 4811; x_wconf 88' lang='grc' dir='ltr'><strong>τε</strong></span> <span class='ocrx_word' id='word_1_633' title='bbox 985 4756 1063 4811; x_wconf 83' lang='grc' dir='ltr'><strong>δέ.</strong></span> <span class='ocrx_word' id='word_1_634' title='bbox 1091 4756 1209 4813; x_wconf 74' lang='grc' dir='ltr'><strong>Μοάι</strong></span> <span class='ocrx_word' id='word_1_635' title='bbox 1243 4756 1400 4825; x_wconf 81' lang='lat' dir='ltr'><strong>vulgo</strong></span> <span class='ocrx_word' id='word_1_636' title='bbox 1427 4757 1678 4830; x_wconf 87' lang='grc' dir='ltr'>πατρικῷ</span> <span class='ocrx_word' id='word_1_637' title='bbox 1693 4757 1988 4829; x_wconf 83' lang='grc' dir='ltr'>πνεύματι,</span> 
     </span>
     <span class='ocr_line' id='line_1_88' title="bbox 525 4844 888 4883; baseline 0 0"><span class='ocrx_word' id='word_1_638' title='bbox 525 4844 546 4883; x_wconf 82' lang='lat' dir='ltr'><strong>c</strong></span> <span class='ocrx_word' id='word_1_639' title='bbox 574 4871 587 4883; x_wconf 92' lang='lat'><strong>.</strong></span> <span class='ocrx_word' id='word_1_640' title='bbox 613 4845 665 4883; x_wconf 76' lang='grc' dir='ltr'><strong>ι).</strong></span> <span class='ocrx_word' id='word_1_641' title='bbox 871 4870 888 4883; x_wconf 90' lang='grc'><strong>.</strong></span> 
     </span>
    </p>
   </div>
   <div class='ocr_carea' id='block_1_88' title="bbox 418 4832 888 4886">
    <p class='ocr_par' dir='ltr' id='par_1_88' title="bbox 418 4832 888 4886">
     <span class='ocr_line' id='line_1_89' title="bbox 418 4832 888 4886; baseline 0 -1"><span class='ocrx_word' id='word_1_642' title='bbox 418 4837 491 4885; x_wconf 84' lang='lat' dir='ltr'><strong>-at</strong></span> <span class='ocrx_word' id='word_1_643' title='bbox 516 4832 587 4886; x_wconf 89' lang='lat' dir='ltr'><strong>cl‘.</strong></span> <span class='ocrx_word' id='word_1_644' title='bbox 613 4845 665 4886; x_wconf 80' lang='grc' dir='ltr'><strong>ι).</strong></span> <span class='ocrx_word' id='word_1_645' title='bbox 689 4832 792 4884; x_wconf 64' lang='grc'><strong>164</strong></span> <span class='ocrx_word' id='word_1_646' title='bbox 823 4832 888 4885; x_wconf 85' lang='grc' dir='ltr'><strong>Ι).</strong></span> 
     </span>
    </p>
   </div>
   <div class='ocr_carea' id='block_1_89' title="bbox 531 4845 1078 4970">
    <p class='ocr_par' dir='ltr' id='par_1_89' title="bbox 531 4845 1078 4970">
     <span class='ocr_line' id='line_1_90' title="bbox 531 4845 888 4898; baseline 0.003 -14"><span class='ocrx_word' id='word_1_647' title='bbox 531 4845 587 4886; x_wconf 84' lang='lat' dir='ltr'><strong>:I.</strong></span> <span class='ocrx_word' id='word_1_648' title='bbox 613 4845 665 4898; x_wconf 90' lang='lat' dir='ltr'><strong>p.</strong></span> <span class='ocrx_word' id='word_1_649' title='bbox 689 4845 792 4884; x_wconf 74' lang='grc' dir='ltr'>ιοιιι</span> <span class='ocrx_word' id='word_1_650' title='bbox 823 4845 888 4885; x_wconf 88' lang='grc' dir='ltr'><strong>υ.</strong></span> 
     </span>
     <span class='ocr_line' id='line_1_91' title="bbox 531 4897 1078 4970; baseline -0.007 -16"><span class='ocrx_word' id='word_1_651' title='bbox 531 4899 623 4970; x_wconf 84' lang='grc'><strong>66)</strong></span> <span class='ocrx_word' id='word_1_652' title='bbox 649 4897 816 4970; x_wconf 81' lang='lat' dir='ltr'><strong>Vulgo</strong></span> <span class='ocrx_word' id='word_1_653' title='bbox 840 4897 1078 4970; x_wconf 65' lang='grc' dir='ltr'>πάντων.</span> 
     </span>
    </p>
   </div>
   <div class='ocr_carea' id='block_1_90' title="bbox 504 4903 1998 5040">
    <p class='ocr_par' dir='ltr' id='par_1_90' title="bbox 504 4903 1998 5040">
     <span class='ocr_line' id='line_1_92' title="bbox 531 4903 1078 4970; baseline -0.004 -18"><span class='ocrx_word' id='word_1_654' title='bbox 531 4903 623 4970; x_wconf 89' lang='grc'><strong>66)</strong></span> <span class='ocrx_word' id='word_1_655' title='bbox 649 4903 816 4970; x_wconf 81' lang='lat' dir='ltr'><strong>Vulgo</strong></span> <span class='ocrx_word' id='word_1_656' title='bbox 840 4903 1078 4952; x_wconf 82' lang='grc' dir='ltr'>πάντων.</span> 
     </span>
     <span class='ocr_line' id='line_1_93' title="bbox 504 4903 1998 5040; baseline 0 -18"><span class='ocrx_word' id='word_1_657' title='bbox 504 4903 616 5040; x_wconf 81' lang='grc'>(67)</span> <span class='ocrx_word' id='word_1_658' title='bbox 645 4970 974 5040; x_wconf 68' lang='grc' dir='ltr'>Παρθυαία.</span> <span class='ocrx_word' id='word_1_659' title='bbox 1031 4966 1122 5022; x_wconf 88' lang='lat' dir='ltr'><strong>Vel</strong></span> <span class='ocrx_word' id='word_1_660' title='bbox 1173 4965 1411 5040; x_wconf 51' lang='lat' dir='ltr'><strong>«perciet</strong></span> <span class='ocrx_word' id='word_1_661' title='bbox 1437 4961 1603 5040; x_wconf 86' lang='lat' dir='ltr'><strong>[quod</strong></span> <span class='ocrx_word' id='word_1_662' title='bbox 1655 4966 1812 5040; x_wconf 85' lang='lat' dir='ltr'><strong>codd.</strong></span> <span class='ocrx_word' id='word_1_663' title='bbox 1866 4967 1998 5040; x_wconf 66' lang='lat' dir='ltr'><strong>dant</strong></span> 
     </span>
    </p>
   </div>
   <div class='ocr_carea' id='block_1_91' title="bbox 421 5037 1998 5110">
    <p class='ocr_par' dir='ltr' id='par_1_91' title="bbox 421 5037 1998 5110">
     <span class='ocr_line' id='line_1_94' title="bbox 421 5037 1998 5110; baseline 0 -16"><span class='ocrx_word' id='word_1_664' title='bbox 421 5037 664 5110; x_wconf 73' lang='lat' dir='ltr'><strong>«ideoque</strong></span> <span class='ocrx_word' id='word_1_665' title='bbox 698 5037 1004 5110; x_wconf 64' lang='lat' dir='ltr'><strong>rescripsi],</strong></span> <span class='ocrx_word' id='word_1_666' title='bbox 1026 5045 1261 5110; x_wconf 68' lang='lat' dir='ltr'><strong>utraque</strong></span> <span class='ocrx_word' id='word_1_667' title='bbox 1282 5037 1452 5110; x_wconf 73' lang='lat' dir='ltr'><strong>lectio</strong></span> <span class='ocrx_word' id='word_1_668' title='bbox 1513 5037 1828 5110; x_wconf 68' lang='lat' dir='ltr'><strong>tolerabilis.</strong></span> <span class='ocrx_word' id='word_1_669' title='bbox 1885 5037 1998 5094; x_wconf 88' lang='lat' dir='ltr'><strong>Sed</strong></span> 
     </span>
    </p>
   </div>
   <div class='ocr_carea' id='block_1_92' title="bbox 423 5103 1642 5177">
    <p class='ocr_par' dir='ltr' id='par_1_92' title="bbox 423 5103 1642 5177">
     <span class='ocr_line' id='line_1_95' title="bbox 423 5103 1642 5177; baseline -0.002 -15"><span class='ocrx_word' id='word_1_670' title='bbox 423 5103 716 5176; x_wconf 61' lang='lat' dir='ltr'><strong>legendum</strong></span> <span class='ocrx_word' id='word_1_671' title='bbox 741 5103 922 5163; x_wconf 73' lang='lat' dir='ltr'><strong>statim</strong></span> <span class='ocrx_word' id='word_1_672' title='bbox 949 5103 1094 5177; x_wconf 84' lang='grc' dir='ltr'>ἆὺτῷ</span> <span class='ocrx_word' id='word_1_673' title='bbox 1121 5104 1538 5177; x_wconf 81' lang='grc' dir='ltr'>συμϐάλλεσθαι.</span> <span class='ocrx_word' id='word_1_674' title='bbox 1568 5103 1642 5160; x_wconf 88' lang='grc' dir='ltr'><strong>Μ.</strong></span> 
     </span>
    </p>
   </div>
   <div class='ocr_carea' id='block_1_93' title="bbox 505 5175 1996 5249">
    <p class='ocr_par' dir='ltr' id='par_1_93' title="bbox 505 5175 1996 5249">
     <span class='ocr_line' id='line_1_96' title="bbox 505 5175 1996 5249; baseline -0.003 -15"><span class='ocrx_word' id='word_1_675' title='bbox 505 5175 620 5249; x_wconf 87' lang='lat'><em>(68)</em></span> <span class='ocrx_word' id='word_1_676' title='bbox 659 5177 764 5232; x_wconf 83' lang='grc' dir='ltr'><strong>Διὰ</strong></span> <span class='ocrx_word' id='word_1_677' title='bbox 809 5177 916 5249; x_wconf 64' lang='grc' dir='ltr'>τᾲς</span> <span class='ocrx_word' id='word_1_678' title='bbox 951 5175 1369 5249; x_wconf 59' lang='grc' dir='ltr'>ἀνῃὸιρρπτους</span> <span class='ocrx_word' id='word_1_679' title='bbox 1405 5175 1593 5249; x_wconf 52' lang='grc' dir='ltr'>πάλαι</span> <span class='ocrx_word' id='word_1_680' title='bbox 1626 5176 1758 5249; x_wconf 72' lang='grc' dir='ltr'>περί</span> <span class='ocrx_word' id='word_1_681' title='bbox 1809 5176 1996 5249; x_wconf 62' lang='grc' dir='ltr'>αὑτοῦ</span> 
     </span>
    </p>
   </div>
   <div class='ocr_carea' id='block_1_94' title="bbox 423 5243 1997 5316">
    <p class='ocr_par' dir='ltr' id='par_1_94' title="bbox 423 5243 1997 5316">
     <span class='ocr_line' id='line_1_97' title="bbox 423 5243 1997 5316; baseline 0.002 -19"><span class='ocrx_word' id='word_1_682' title='bbox 423 5243 819 5316; x_wconf 63' lang='grc' dir='ltr'>..προφὴτειαᾳ</span> <span class='ocrx_word' id='word_1_683' title='bbox 839 5247 949 5301; x_wconf 84' lang='lat' dir='ltr'><strong>Hoc</strong></span> <span class='ocrx_word' id='word_1_684' title='bbox 970 5243 1112 5316; x_wconf 76' lang='lat' dir='ltr'><strong>vult,</strong></span> <span class='ocrx_word' id='word_1_685' title='bbox 1132 5243 1394 5316; x_wconf 76' lang='lat' dir='ltr'><strong>Joannem</strong></span> <span class='ocrx_word' id='word_1_686' title='bbox 1422 5244 1486 5298; x_wconf 72' lang='lat' dir='ltr'><strong>in</strong></span> <span class='ocrx_word' id='word_1_687' title='bbox 1521 5243 1795 5316; x_wconf 86' lang='lat' dir='ltr'><strong>principio</strong></span> <span class='ocrx_word' id='word_1_688' title='bbox 1802 5315 1809 5316; x_wconf 17' lang='grc' dir='ltr'><strong>γ</strong></span> <span class='ocrx_word' id='word_1_689' title='bbox 1827 5247 1997 5301; x_wconf 82' lang='lat' dir='ltr'><strong>Evan-</strong></span> 
     </span>
    </p>
   </div>
   <div class='ocr_carea' id='block_1_95' title="bbox 436 5315 1991 5384">
    <p class='ocr_par' dir='ltr' id='par_1_95' title="bbox 436 5315 1991 5384">
     <span class='ocr_line' id='line_1_98' title="bbox 436 5315 1991 5384; baseline 0 -16"><span class='ocrx_word' id='word_1_690' title='bbox 436 5315 586 5382; x_wconf 84' lang='lat' dir='ltr'><strong>gelii,</strong></span> <span class='ocrx_word' id='word_1_691' title='bbox 626 5315 872 5373; x_wconf 84' lang='lat' dir='ltr'><strong>Verbum</strong></span> <span class='ocrx_word' id='word_1_692' title='bbox 935 5315 1114 5384; x_wconf 85' lang='lat' dir='ltr'><strong>potius</strong></span> <span class='ocrx_word' id='word_1_693' title='bbox 1182 5315 1488 5369; x_wconf 86' lang='lat' dir='ltr'><strong>nominasse</strong></span> <span class='ocrx_word' id='word_1_694' title='bbox 1531 5329 1722 5384; x_wconf 63' lang='lat' dir='ltr'><strong>,quam</strong></span> <span class='ocrx_word' id='word_1_695' title='bbox 1773 5315 1991 5382; x_wconf 88' lang='lat' dir='ltr'><strong>Filium,</strong></span> 
     </span>
    </p>
   </div>
   <div class='ocr_carea' id='block_1_96' title="bbox 426 5383 1992 5454">
    <p class='ocr_par' dir='ltr' id='par_1_96' title="bbox 426 5383 1992 5454">
     <span class='ocr_line' id='line_1_99' title="bbox 426 5383 1992 5454; baseline 0.001 -17"><span class='ocrx_word' id='word_1_696' title='bbox 426 5394 657 5454; x_wconf 43' lang='lat' dir='ltr'><strong>Apr0pter</strong></span> <span class='ocrx_word' id='word_1_697' title='bbox 677 5383 1231 5454; x_wconf 34' lang='lat' dir='ltr'><strong>veterum’vaticinia,</strong></span> <span class='ocrx_word' id='word_1_698' title='bbox 1268 5387 1322 5439; x_wconf 92' lang='lat' dir='ltr'><strong>in</strong></span> <span class='ocrx_word' id='word_1_699' title='bbox 1359 5384 1552 5452; x_wconf 88' lang='lat' dir='ltr'><strong>quibus</strong></span> <span class='ocrx_word' id='word_1_700' title='bbox 1578 5383 1673 5454; x_wconf 82' lang='lat' dir='ltr'><strong>per</strong></span> <span class='ocrx_word' id='word_1_701' title='bbox 1702 5385 1849 5439; x_wconf 91' lang='lat' dir='ltr'><strong>illam</strong></span> <span class='ocrx_word' id='word_1_702' title='bbox 1883 5386 1992 5454; x_wconf 86' lang='lat' dir='ltr'><strong>I‘or-</strong></span> 
     </span>
    </p>
   </div>
   <div class='ocr_carea' id='block_1_97' title="bbox 436 5453 1989 5525">
    <p class='ocr_par' dir='ltr' id='par_1_97' title="bbox 436 5453 1989 5525">
     <span class='ocr_line' id='line_1_100' title="bbox 436 5453 1989 5525; baseline 0.003 -20"><span class='ocrx_word' id='word_1_703' title='bbox 436 5453 637 5525; x_wconf 87' lang='lat' dir='ltr'><strong>mulam</strong></span> <span class='ocrx_word' id='word_1_704' title='bbox 659 5455 891 5525; x_wconf 81' lang='lat' dir='ltr'><strong>Verbum</strong></span> <span class='ocrx_word' id='word_1_705' title='bbox 907 5453 1122 5525; x_wconf 82' lang='lat' dir='ltr'><strong>Domini</strong></span> <span class='ocrx_word' id='word_1_706' title='bbox 1159 5454 1562 5525; x_wconf 77' lang='lat' dir='ltr'><strong>significabatur</strong></span> <span class='ocrx_word' id='word_1_707' title='bbox 1581 5453 1691 5510; x_wconf 87' lang='lat' dir='ltr'><strong>hoc</strong></span> <span class='ocrx_word' id='word_1_708' title='bbox 1719 5455 1910 5525; x_wconf 89' lang='lat' dir='ltr'><strong>ipsum.</strong></span> <span class='ocrx_word' id='word_1_709' title='bbox 1932 5453 1989 5509; x_wconf 88' lang='lat' dir='ltr'><strong>In</strong></span> 
     </span>
    </p>
   </div>
   <div class='ocr_carea' id='block_1_98' title="bbox 435 5522 1992 5594">
    <p class='ocr_par' dir='ltr' id='par_1_98' title="bbox 435 5522 1992 5594">
     <span class='ocr_line' id='line_1_101' title="bbox 435 5522 1992 5594; baseline 0.001 -18"><span class='ocrx_word' id='word_1_710' title='bbox 435 5523 632 5585; x_wconf 84' lang='lat' dir='ltr'><strong>quibus</strong></span> <span class='ocrx_word' id='word_1_711' title='bbox 678 5523 989 5587; x_wconf 87' lang='lat' dir='ltr'><strong>recitandis,</strong></span> <span class='ocrx_word' id='word_1_712' title='bbox 1028 5522 1112 5594; x_wconf 70' lang='lat' dir='ltr'><strong>vel</strong></span> <span class='ocrx_word' id='word_1_713' title='bbox 1171 5522 1340 5594; x_wconf 76' lang='lat' dir='ltr'><strong>eddex</strong></span> <span class='ocrx_word' id='word_1_714' title='bbox 1391 5532 1475 5594; x_wconf 86' lang='lat' dir='ltr'><strong>est</strong></span> <span class='ocrx_word' id='word_1_715' title='bbox 1520 5522 1864 5594; x_wconf 85' lang='lat' dir='ltr'><strong>depravatus,</strong></span> <span class='ocrx_word' id='word_1_716' title='bbox 1906 5525 1992 5579; x_wconf 89' lang='lat' dir='ltr'><strong>vel</strong></span> 
     </span>
    </p>
   </div>
   <div class='ocr_carea' id='block_1_99' title="bbox 441 5591 1998 5663">
    <p class='ocr_par' dir='ltr' id='par_1_99' title="bbox 441 5591 1998 5663">
     <span class='ocr_line' id='line_1_102' title="bbox 441 5591 1998 5663; baseline 0.001 -19"><span class='ocrx_word' id='word_1_717' title='bbox 441 5594 704 5648; x_wconf 89' lang='lat' dir='ltr'><strong>memoria</strong></span> <span class='ocrx_word' id='word_1_718' title='bbox 735 5594 917 5662; x_wconf 78' lang='lat' dir='ltr'><strong>lapsus</strong></span> <span class='ocrx_word' id='word_1_719' title='bbox 941 5603 1025 5647; x_wconf 90' lang='lat' dir='ltr'><strong>est</strong></span> <span class='ocrx_word' id='word_1_720' title='bbox 1056 5591 1339 5656; x_wconf 85' lang='lat' dir='ltr'><strong>Eusebius,</strong></span> <span class='ocrx_word' id='word_1_721' title='bbox 1359 5593 1442 5648; x_wconf 92' lang='lat' dir='ltr'><strong>vel</strong></span> <span class='ocrx_word' id='word_1_722' title='bbox 1469 5591 1780 5662; x_wconf 79' lang='lat' dir='ltr'><strong>utrumque.</strong></span> <span class='ocrx_word' id='word_1_723' title='bbox 1813 5595 1998 5663; x_wconf 82' lang='lat' dir='ltr'><strong>Neque</strong></span> 
     </span>
    </p>
   </div>
   <div class='ocr_carea' id='block_1_100' title="bbox 435 5663 2005 5736">
    <p class='ocr_par' dir='ltr' id='par_1_100' title="bbox 435 5663 2005 5736">
     <span class='ocr_line' id='line_1_103' title="bbox 435 5663 2005 5736; baseline 0.003 -22"><span class='ocrx_word' id='word_1_724' title='bbox 435 5663 580 5718; x_wconf 86' lang='lat' dir='ltr'><strong>enim</strong></span> <span class='ocrx_word' id='word_1_725' title='bbox 616 5664 700 5732; x_wconf 73' lang='grc' dir='ltr'><strong>ἐφ’</strong></span> <span class='ocrx_word' id='word_1_726' title='bbox 726 5663 938 5734; x_wconf 77' lang='grc' dir='ltr'>ἑκάστῳ</span> <span class='ocrx_word' id='word_1_727' title='bbox 973 5663 1226 5736; x_wconf 79' lang='grc' dir='ltr'>προφήτῃ</span> <span class='ocrx_word' id='word_1_728' title='bbox 1293 5665 1493 5720; x_wconf 89' lang='lat' dir='ltr'><strong>dictum</strong></span> <span class='ocrx_word' id='word_1_729' title='bbox 1551 5674 1634 5719; x_wconf 88' lang='lat' dir='ltr'><strong>est</strong></span> <span class='ocrx_word' id='word_1_730' title='bbox 1685 5665 1852 5734; x_wconf 84' lang='grc' dir='ltr'>Λόγος</span> <span class='ocrx_word' id='word_1_731' title='bbox 1892 5667 2005 5718; x_wconf 87' lang='grc' dir='ltr'>Κυ-</span> 
     </span>
    </p>
   </div>
   <div class='ocr_carea' id='block_1_101' title="bbox 1338 4409 1759 4479">
    <p class='ocr_par' dir='ltr' id='par_1_101' title="bbox 1338 4409 1759 4479">
     <span class='ocr_line' id='line_1_104' title="bbox 1338 4409 1759 4479; baseline -0.002 -12"><span class='ocrx_word' id='word_1_732' title='bbox 1338 4412 1361 4444; x_wconf 83' lang='grc'><strong>⁸</strong></span> <span class='ocrx_word' id='word_1_733' title='bbox 1385 4409 1548 4468; x_wconf 76' lang='lat' dir='ltr'><strong>Joan.</strong></span> <span class='ocrx_word' id='word_1_734' title='bbox 1567 4428 1622 4479; x_wconf 68' lang='grc' dir='ltr'>σι,</span> <span class='ocrx_word' id='word_1_735' title='bbox 1673 4412 1759 4468; x_wconf 81' lang='grc'><strong>10.</strong></span> 
     </span>
    </p>
   </div>
   <div class='ocr_carea' id='block_1_102' title="bbox 1869 4414 2200 4480">
    <p class='ocr_par' dir='ltr' id='par_1_102' title="bbox 1869 4414 2200 4480">
     <span class='ocr_line' id='line_1_105' title="bbox 1869 4414 2200 4480; baseline 0.003 -12"><span class='ocrx_word' id='word_1_736' title='bbox 1869 4414 2030 4470; x_wconf 76' lang='lat' dir='ltr'><strong>’—lsa.</strong></span> <span class='ocrx_word' id='word_1_737' title='bbox 2059 4431 2117 4480; x_wconf 81' lang='lat' dir='ltr'><strong>II,</strong></span> <span class='ocrx_word' id='word_1_738' title='bbox 2149 4417 2200 4472; x_wconf 76' lang='grc'><strong>1.</strong></span> 
     </span>
    </p>
   </div>
   <div class='ocr_carea' id='block_1_103' title="bbox 2109 3955 3706 4028">
    <p class='ocr_par' dir='ltr' id='par_1_103' title="bbox 2109 3955 3706 4028">
     <span class='ocr_line' id='line_1_106' title="bbox 2109 3955 3706 4028; baseline 0 -16"><span class='ocrx_word' id='word_1_739' title='bbox 2109 3957 2244 4028; x_wconf 88' lang='grc' dir='ltr'>πρὸς</span> <span class='ocrx_word' id='word_1_740' title='bbox 2293 3957 2465 4028; x_wconf 70' lang='grc' dir='ltr'>Ἰωήλ,</span> <span class='ocrx_word' id='word_1_741' title='bbox 2503 3957 2601 4010; x_wconf 78' lang='grc' dir='ltr'>καὶ</span> <span class='ocrx_word' id='word_1_742' title='bbox 2625 3955 2859 4028; x_wconf 75' lang='grc' dir='ltr'>ἐγένετο</span> <span class='ocrx_word' id='word_1_743' title='bbox 2889 3957 3078 4025; x_wconf 65' lang='grc' dir='ltr'>Λόγος</span> <span class='ocrx_word' id='word_1_744' title='bbox 3105 3957 3328 4025; x_wconf 81' lang='grc' dir='ltr'>Κυρίου</span> <span class='ocrx_word' id='word_1_745' title='bbox 3385 3957 3532 4025; x_wconf 69' lang='grc' dir='ltr'>πρὸς</span> <span class='ocrx_word' id='word_1_746' title='bbox 3588 3959 3706 4012; x_wconf 82' lang='grc' dir='ltr'><strong>Ἰω-</strong></span> 
     </span>
    </p>
   </div>
   <div class='ocr_carea' id='block_1_104' title="bbox 2108 4047 3703 4120">
    <p class='ocr_par' dir='ltr' id='par_1_104' title="bbox 2108 4047 3703 4120">
     <span class='ocr_line' id='line_1_107' title="bbox 2108 4047 3703 4120; baseline 0 -17"><span class='ocrx_word' id='word_1_747' title='bbox 2108 4047 2364 4114; x_wconf 72' lang='grc' dir='ltr'>νᾶν,ικαὶ</span> <span class='ocrx_word' id='word_1_748' title='bbox 2403 4047 2537 4120; x_wconf 83' lang='grc' dir='ltr'>πρὸς</span> <span class='ocrx_word' id='word_1_749' title='bbox 2562 4049 2819 4118; x_wconf 82' lang='grc' dir='ltr'>Μιχαίαν,</span> <span class='ocrx_word' id='word_1_750' title='bbox 2850 4048 3048 4120; x_wconf 86' lang='grc' dir='ltr'>ὁμοίως</span> <span class='ocrx_word' id='word_1_751' title='bbox 3092 4048 3187 4100; x_wconf 78' lang='grc' dir='ltr'><strong>καὶ</strong></span> <span class='ocrx_word' id='word_1_752' title='bbox 3223 4047 3357 4118; x_wconf 82' lang='grc' dir='ltr'>πρὸς</span> <span class='ocrx_word' id='word_1_753' title='bbox 3406 4049 3532 4110; x_wconf 77' lang='grc' dir='ltr'>τοὺς</span> <span class='ocrx_word' id='word_1_754' title='bbox 3579 4049 3703 4103; x_wconf 83' lang='grc' dir='ltr'>λοι-</span> 
     </span>
    </p>
   </div>
   <div class='ocr_carea' id='block_1_105' title="bbox 2108 4139 3703 4213">
    <p class='ocr_par' dir='ltr' id='par_1_105' title="bbox 2108 4139 3703 4213">
     <span class='ocr_line' id='line_1_108' title="bbox 2108 4139 3703 4213; baseline -0.001 -20"><span class='ocrx_word' id='word_1_755' title='bbox 2108 4142 2243 4204; x_wconf 84' lang='grc' dir='ltr'>ποὺς</span> <span class='ocrx_word' id='word_1_756' title='bbox 2284 4141 2565 4212; x_wconf 87' lang='grc' dir='ltr'>προφήτας</span> <span class='ocrx_word' id='word_1_757' title='bbox 2611 4140 3002 4213; x_wconf 82' lang='grc' dir='ltr'>παραπλησίως</span> <span class='ocrx_word' id='word_1_758' title='bbox 3043 4140 3128 4208; x_wconf 75' lang='grc' dir='ltr'><strong>ἐφ’</strong></span> <span class='ocrx_word' id='word_1_759' title='bbox 3175 4139 3389 4209; x_wconf 77' lang='grc' dir='ltr'>ἑκάστῳ</span> <span class='ocrx_word' id='word_1_760' title='bbox 3427 4143 3703 4212; x_wconf 75' lang='grc' dir='ltr'>προφήτῃ</span> 
     </span>
    </p>
   </div>
   <div class='ocr_carea' id='block_1_106' title="bbox 2104 4231 3703 4304">
    <p class='ocr_par' dir='ltr' id='par_1_106' title="bbox 2104 4231 3703 4304">
     <span class='ocr_line' id='line_1_109' title="bbox 2104 4231 3703 4304; baseline -0.001 -18"><span class='ocrx_word' id='word_1_761' title='bbox 2104 4231 2185 4298; x_wconf 78' lang='grc' dir='ltr'><strong>τὸ,</strong></span> <span class='ocrx_word' id='word_1_762' title='bbox 2210 4231 2448 4304; x_wconf 72' lang='grc' dir='ltr'>ἐγένετο</span> <span class='ocrx_word' id='word_1_763' title='bbox 2488 4233 2829 4303; x_wconf 83' lang='grc' dir='ltr'>προσέκειτο,</span> <span class='ocrx_word' id='word_1_764' title='bbox 2860 4231 2959 4302; x_wconf 83' lang='grc' dir='ltr'><strong>τῆς</strong></span> <span class='ocrx_word' id='word_1_765' title='bbox 2988 4231 3138 4296; x_wconf 87' lang='grc' dir='ltr'>θείας</span> <span class='ocrx_word' id='word_1_766' title='bbox 3182 4231 3408 4302; x_wconf 86' lang='grc' dir='ltr'>Γραφῆς</span> <span class='ocrx_word' id='word_1_767' title='bbox 3437 4232 3703 4302; x_wconf 81' lang='grc' dir='ltr'>ἀκριϐῶς</span> 
     </span>
    </p>
   </div>
   <div class='ocr_carea' id='block_1_107' title="bbox 2795 4408 3696 4482">
    <p class='ocr_par' dir='ltr' id='par_1_107' title="bbox 2795 4408 3696 4482">
     <span class='ocr_line' id='line_1_110' title="bbox 2795 4408 3696 4482; baseline 0.002 -14"><span class='ocrx_word' id='word_1_768' title='bbox 2795 4412 2837 4443; x_wconf 86' lang='grc'>¹¹</span> <span class='ocrx_word' id='word_1_769' title='bbox 2867 4411 2984 4468; x_wconf 79' lang='lat' dir='ltr'><strong>Joel</strong></span> <span class='ocrx_word' id='word_1_770' title='bbox 3022 4427 3064 4480; x_wconf 85' lang='grc' dir='ltr'><strong>ι,</strong></span> <span class='ocrx_word' id='word_1_771' title='bbox 3099 4413 3154 4467; x_wconf 81' lang='grc'><strong>1.</strong></span> <span class='ocrx_word' id='word_1_772' title='bbox 3253 4408 3481 4468; x_wconf 81' lang='lat' dir='ltr'><strong>&quot;Jonas</strong></span> <span class='ocrx_word' id='word_1_773' title='bbox 3510 4430 3527 4468; x_wconf 88' lang='grc' dir='ltr'><strong>ι</strong></span> <span class='ocrx_word' id='word_1_774' title='bbox 3557 4455 3575 4482; x_wconf 93' lang='grc'><strong>,</strong></span> <span class='ocrx_word' id='word_1_775' title='bbox 3640 4417 3696 4471; x_wconf 80' lang='grc'><strong>1.</strong></span> 
     </span>
    </p>
   </div>
   <div class='ocr_carea' id='block_1_108' title="bbox 2322 4413 2696 4482">
    <p class='ocr_par' dir='ltr' id='par_1_108' title="bbox 2322 4413 2696 4482">
     <span class='ocr_line' id='line_1_111' title="bbox 2322 4413 2696 4482; baseline -0.016 -10"><span class='ocrx_word' id='word_1_776' title='bbox 2322 4415 2365 4447; x_wconf 86' lang='grc'><strong>¹⁰</strong></span> <span class='ocrx_word' id='word_1_777' title='bbox 2387 4413 2524 4472; x_wconf 83' lang='lat' dir='ltr'><strong>Ose.</strong></span> <span class='ocrx_word' id='word_1_778' title='bbox 2570 4428 2610 4482; x_wconf 82' lang='grc' dir='ltr'><strong>ι,</strong></span> <span class='ocrx_word' id='word_1_779' title='bbox 2638 4413 2696 4468; x_wconf 75' lang='grc'><strong>1.</strong></span> 
     </span>
    </p>
   </div>
   <div class='ocr_carea' id='block_1_109' title="bbox 2027 4619 3697 4691">
    <p class='ocr_par' dir='ltr' id='par_1_109' title="bbox 2027 4619 3697 4691">
     <span class='ocr_line' id='line_1_112' title="bbox 2027 4619 3697 4691; baseline -0.002 -13"><span class='ocrx_word' id='word_1_780' title='bbox 2027 4623 2072 4678; x_wconf 94' lang='lat' dir='ltr'><strong>D</strong></span> <span class='ocrx_word' id='word_1_781' title='bbox 2094 4619 2243 4691; x_wconf 81' lang='grc' dir='ltr'>ρίου,</span> <span class='ocrx_word' id='word_1_782' title='bbox 2277 4635 2378 4677; x_wconf 89' lang='lat' dir='ltr'><strong>nec</strong></span> <span class='ocrx_word' id='word_1_783' title='bbox 2402 4620 2472 4676; x_wconf 86' lang='lat' dir='ltr'><strong>ab</strong></span> <span class='ocrx_word' id='word_1_784' title='bbox 2503 4619 2590 4687; x_wconf 91' lang='lat' dir='ltr'><strong>iis,</strong></span> <span class='ocrx_word' id='word_1_785' title='bbox 2613 4625 3181 4691; x_wconf 80' lang='lat' dir='ltr'><strong>quos-commemorat,</strong></span> <span class='ocrx_word' id='word_1_786' title='bbox 3215 4619 3282 4673; x_wconf 90' lang='lat' dir='ltr'><strong>ad</strong></span> <span class='ocrx_word' id='word_1_787' title='bbox 3303 4630 3427 4691; x_wconf 81' lang='lat' dir='ltr'><strong>eum</strong></span> <span class='ocrx_word' id='word_1_788' title='bbox 3463 4621 3697 4675; x_wconf 82' lang='lat' dir='ltr'><strong>modum</strong></span> 
     </span>
    </p>
   </div>
   <div class='ocr_carea' id='block_1_110' title="bbox 2101 4686 3694 4760">
    <p class='ocr_par' dir='ltr' id='par_1_110' title="bbox 2101 4686 3694 4760">
     <span class='ocr_line' id='line_1_113' title="bbox 2101 4686 3694 4760; baseline -0.001 -16"><span class='ocrx_word' id='word_1_789' title='bbox 2101 4686 2264 4760; x_wconf 83' lang='lat' dir='ltr'><strong>quem</strong></span> <span class='ocrx_word' id='word_1_790' title='bbox 2313 4686 2742 4760; x_wconf 74' lang='lat' dir='ltr'><strong>commemorat;</strong></span> <span class='ocrx_word' id='word_1_791' title='bbox 2803 4689 2944 4758; x_wconf 85' lang='lat' dir='ltr'><strong>apud</strong></span> <span class='ocrx_word' id='word_1_792' title='bbox 2977 4686 3174 4760; x_wconf 75' lang='lat' dir='ltr'><strong>Oscam</strong></span> <span class='ocrx_word' id='word_1_793' title='bbox 3204 4688 3432 4760; x_wconf 76' lang='lat' dir='ltr'><strong>legitur,</strong></span> <span class='ocrx_word' id='word_1_794' title='bbox 3488 4691 3694 4760; x_wconf 74' lang='grc' dir='ltr'>Λόγος</span> 
     </span>
    </p>
   </div>
   <div class='ocr_carea' id='block_1_111' title="bbox 2095 4709 3694 4830">
    <p class='ocr_par' dir='ltr' id='par_1_111' title="bbox 2095 4709 3694 4830">
     <span class='ocr_line' id='line_1_114' title="bbox 2101 4709 3694 4760; baseline -0.001 -16"><span class='ocrx_word' id='word_1_795' title='bbox 2101 4709 2264 4760; x_wconf 88' lang='lat' dir='ltr'><strong>quem</strong></span> <span class='ocrx_word' id='word_1_796' title='bbox 2313 4709 2742 4758; x_wconf 79' lang='lat' dir='ltr'><strong>commemorat;</strong></span> <span class='ocrx_word' id='word_1_797' title='bbox 2803 4709 2944 4758; x_wconf 78' lang='lat' dir='ltr'><strong>apud</strong></span> <span class='ocrx_word' id='word_1_798' title='bbox 2977 4709 3174 4743; x_wconf 86' lang='lat' dir='ltr'><strong>useam</strong></span> <span class='ocrx_word' id='word_1_799' title='bbox 3211 4709 3432 4753; x_wconf 74' lang='lat' dir='ltr'><strong>legitur,</strong></span> <span class='ocrx_word' id='word_1_800' title='bbox 3488 4709 3586 4742; x_wconf 66' lang='lat' dir='ltr'><strong>no</strong></span> <span class='ocrx_word' id='word_1_801' title='bbox 3623 4709 3694 4756; x_wconf 84' lang='grc' dir='ltr'><strong>ος</strong></span> 
     </span>
     <span class='ocr_line' id='line_1_115' title="bbox 2095 4709 3694 4830; baseline -0.001 -17"><span class='ocrx_word' id='word_1_802' title='bbox 2095 4761 2338 4829; x_wconf 82' lang='grc' dir='ltr'>Κυρίου,</span> <span class='ocrx_word' id='word_1_803' title='bbox 2392 4755 2460 4826; x_wconf 79' lang='grc' dir='ltr'>ὃς</span> <span class='ocrx_word' id='word_1_804' title='bbox 2482 4757 2770 4829; x_wconf 75' lang='grc' dir='ltr'>ἐγενήθη,</span> <span class='ocrx_word' id='word_1_805' title='bbox 2806 4773 2923 4830; x_wconf 84' lang='lat' dir='ltr'><strong>non</strong></span> <span class='ocrx_word' id='word_1_806' title='bbox 2954 4758 3048 4830; x_wconf 77' lang='grc' dir='ltr'>καὶ</span> <span class='ocrx_word' id='word_1_807' title='bbox 3090 4757 3232 4830; x_wconf 84' lang='grc' dir='ltr'>ἀρχὴ</span> <span class='ocrx_word' id='word_1_808' title='bbox 3261 4757 3420 4826; x_wconf 89' lang='grc' dir='ltr'>λόγου</span> <span class='ocrx_word' id='word_1_809' title='bbox 3450 4709 3694 4830; x_wconf 68' lang='grc' dir='ltr'>Κυρίου.</span> 
     </span>
    </p>
   </div>
   <div class='ocr_carea' id='block_1_112' title="bbox 2098 4827 3696 4899">
    <p class='ocr_par' dir='ltr' id='par_1_112' title="bbox 2098 4827 3696 4899">
     <span class='ocr_line' id='line_1_116' title="bbox 2098 4827 3696 4899; baseline -0.002 -15"><span class='ocrx_word' id='word_1_810' title='bbox 2098 4827 2244 4884; x_wconf 70' lang='grc' dir='ltr'>Ειῖιι</span> <span class='ocrx_word' id='word_1_811' title='bbox 2273 4830 2404 4884; x_wconf 80' lang='lat' dir='ltr'><strong>Isaia</strong></span> <span class='ocrx_word' id='word_1_812' title='bbox 2445 4827 2562 4899; x_wconf 77' lang='lat' dir='ltr'><strong>cap.</strong></span> <span class='ocrx_word' id='word_1_813' title='bbox 2600 4845 2661 4892; x_wconf 86' lang='grc' dir='ltr'><strong>ιι,</strong></span> <span class='ocrx_word' id='word_1_814' title='bbox 2701 4829 2929 4899; x_wconf 79' lang='lat' dir='ltr'><strong>legitur.</strong></span> <span class='ocrx_word' id='word_1_815' title='bbox 2973 4827 3032 4881; x_wconf 84' lang='lat'>&#39;0</span> <span class='ocrx_word' id='word_1_816' title='bbox 3067 4827 3264 4897; x_wconf 85' lang='grc' dir='ltr'>Λόγος,</span> <span class='ocrx_word' id='word_1_817' title='bbox 3311 4830 3340 4880; x_wconf 86' lang='grc' dir='ltr'><strong>ὁ</strong></span> <span class='ocrx_word' id='word_1_818' title='bbox 3387 4827 3696 4898; x_wconf 73' lang='grc' dir='ltr'>γενόμενος</span> 
     </span>
    </p>
   </div>
   <div class='ocr_carea' id='block_1_113' title="bbox 2097 4897 3694 5037">
    <p class='ocr_par' dir='ltr' id='par_1_113' title="bbox 2097 4897 3694 5037">
     <span class='ocr_line' id='line_1_117' title="bbox 2097 4897 3694 4971; baseline 0 -19"><span class='ocrx_word' id='word_1_819' title='bbox 2097 4901 2235 4971; x_wconf 87' lang='grc' dir='ltr'>πρὸς</span> <span class='ocrx_word' id='word_1_820' title='bbox 2259 4897 2524 4954; x_wconf 53' lang='grc' dir='ltr'>Ἠσαίαν(</span> <span class='ocrx_word' id='word_1_821' title='bbox 2545 4897 2976 4963; x_wconf 52' lang='grc' dir='ltr'><strong>ῡοίηὰθίροάθχ</strong></span> <span class='ocrx_word' id='word_1_822' title='bbox 3010 4909 3199 4952; x_wconf 87' lang='lat' dir='ltr'><strong>noster</strong></span> <span class='ocrx_word' id='word_1_823' title='bbox 3217 4897 3555 4965; x_wconf 85' lang='lat' dir='ltr'><strong>depravatns</strong></span> <span class='ocrx_word' id='word_1_824' title='bbox 3579 4912 3694 4953; x_wconf 39' lang='lat' dir='ltr'><strong>est.</strong></span> 
     </span>
     <span class='ocr_line' id='line_1_118' title="bbox 2098 4967 3694 5037; baseline -0.001 -14"><span class='ocrx_word' id='word_1_825' title='bbox 2098 4969 2231 5023; x_wconf 74' lang='lat' dir='ltr'><strong>Nam</strong></span> <span class='ocrx_word' id='word_1_826' title='bbox 2279 4971 2551 5037; x_wconf 85' lang='lat' dir='ltr'><strong>quomodo</strong></span> <span class='ocrx_word' id='word_1_827' title='bbox 2607 4969 2724 5037; x_wconf 61' lang='lat' dir='ltr'><strong>haec</strong></span> <span class='ocrx_word' id='word_1_828' title='bbox 2769 4969 3089 5037; x_wconf 68' lang='lat' dir='ltr'><strong>cohaerent?</strong></span> <span class='ocrx_word' id='word_1_829' title='bbox 3140 4967 3360 5037; x_wconf 84' lang='grc' dir='ltr'>Ἐπειδὴ</span> <span class='ocrx_word' id='word_1_830' title='bbox 3413 4967 3536 5037; x_wconf 10' lang='grc' dir='ltr'>,γὰρ</span> <span class='ocrx_word' id='word_1_831' title='bbox 3603 4971 3694 5037; x_wconf 79' lang='grc' dir='ltr'>ἐφ’</span> 
     </span>
    </p>
   </div>
   <div class='ocr_carea' id='block_1_114' title="bbox 2099 4985 3692 5122">
    <p class='ocr_par' dir='ltr' id='par_1_114' title="bbox 2099 4985 3692 5122">
     <span class='ocr_line' id='line_1_119' title="bbox 2099 4985 3691 5039; baseline -0.001 -16"><span class='ocrx_word' id='word_1_832' title='bbox 2099 4985 2231 5023; x_wconf 74' lang='lat' dir='ltr'><strong>mm</strong></span> <span class='ocrx_word' id='word_1_833' title='bbox 2279 4985 2551 5039; x_wconf 85' lang='lat' dir='ltr'><strong>quomouo</strong></span> <span class='ocrx_word' id='word_1_834' title='bbox 2607 4985 2724 5022; x_wconf 63' lang='lat' dir='ltr'><strong>haec</strong></span> <span class='ocrx_word' id='word_1_835' title='bbox 2769 4985 3089 5022; x_wconf 67' lang='lat' dir='ltr'><strong>conterent!</strong></span> <span class='ocrx_word' id='word_1_836' title='bbox 3146 4985 3360 5037; x_wconf 66' lang='grc' dir='ltr'>ιπειοη</span> <span class='ocrx_word' id='word_1_837' title='bbox 3421 4985 3536 5038; x_wconf 87' lang='grc' dir='ltr'><strong>γαρ</strong></span> <span class='ocrx_word' id='word_1_838' title='bbox 3603 4985 3691 5038; x_wconf 76' lang='grc' dir='ltr'><strong>εφ</strong></span> 
     </span>
     <span class='ocr_line' id='line_1_120' title="bbox 2099 5035 3692 5122; baseline -0.002 -29"><span class='ocrx_word' id='word_1_839' title='bbox 2099 5040 2334 5122; x_wconf 61' lang='grc' dir='ltr'><strong>ιῐὶκόιστιρ¹</strong></span> <span class='ocrx_word' id='word_1_840' title='bbox 2367 5039 2626 5122; x_wconf 53' lang='grc' dir='ltr'>προφήτῃ</span> <span class='ocrx_word' id='word_1_841' title='bbox 2671 5035 2828 5107; x_wconf 85' lang='grc' dir='ltr'>λόγος</span> <span class='ocrx_word' id='word_1_842' title='bbox 2854 5036 3084 5122; x_wconf 44' lang='grc' dir='ltr'>’κυρίου</span> <span class='ocrx_word' id='word_1_843' title='bbox 3109 5054 3122 5067; x_wconf 76' lang='grc'><strong><em>⁸</em></strong></span> <span class='ocrx_word' id='word_1_844' title='bbox 3151 5037 3210 5102; x_wconf 80' lang='grc' dir='ltr'>ὃς</span> <span class='ocrx_word' id='word_1_845' title='bbox 3229 5036 3494 5122; x_wconf 35' lang='grc' dir='ltr'>εγενήθήὶ,</span> <span class='ocrx_word' id='word_1_846' title='bbox 3526 5039 3692 5122; x_wconf 52' lang='grc' dir='ltr'>φέρε,</span> 
     </span>
    </p>
   </div>
   <div class='ocr_carea' id='block_1_115' title="bbox 2100 5106 3693 5180">
    <p class='ocr_par' dir='ltr' id='par_1_115' title="bbox 2100 5106 3693 5180">
     <span class='ocr_line' id='line_1_121' title="bbox 2100 5106 3693 5180; baseline -0.001 -19"><span class='ocrx_word' id='word_1_847' title='bbox 2100 5111 2239 5180; x_wconf 82' lang='grc' dir='ltr'>πρὸς</span> <span class='ocrx_word' id='word_1_848' title='bbox 2273 5106 3019 5180; x_wconf 34' lang='grc' dir='ltr'>Ἦσαῒανίείρηται,ἴοι-ιε-</span> <span class='ocrx_word' id='word_1_849' title='bbox 3053 5109 3358 5180; x_wconf 79' lang='lat' dir='ltr'><strong>legendum.</strong></span> <span class='ocrx_word' id='word_1_850' title='bbox 3386 5106 3395 5108; x_wconf 13' lang='grc' dir='ltr'>ἡ</span> <span class='ocrx_word' id='word_1_851' title='bbox 3421 5106 3693 5180; x_wconf 15' lang='grc' dir='ltr'>’ῌίπεὶίδὴ</span> 
     </span>
    </p>
   </div>
   <div class='ocr_carea' id='block_1_116' title="bbox 2093 5176 3689 5267">
    <p class='ocr_par' dir='ltr' id='par_1_116' title="bbox 2093 5176 3689 5267">
     <span class='ocr_line' id='line_1_122' title="bbox 2093 5176 3689 5267; baseline 0 0"><span class='ocrx_word' id='word_1_852' title='bbox 2093 5176 2194 5267; x_wconf 64' lang='grc' dir='ltr'><strong>ἐφ’.</strong></span> <span class='ocrx_word' id='word_1_853' title='bbox 2211 5179 2425 5267; x_wconf 54' lang='lat' dir='ltr'><strong>Mm</strong></span> <span class='ocrx_word' id='word_1_854' title='bbox 2453 5176 2638 5267; x_wconf 62' lang='grc' dir='ltr'>σκεδὲῖ</span> <span class='ocrx_word' id='word_1_855' title='bbox 2656 5176 2920 5267; x_wconf 48' lang='lat' dir='ltr'><strong>sessim</strong></span> <span class='ocrx_word' id='word_1_856' title='bbox 2957 5176 3200 5267; x_wconf 47' lang='grc' dir='ltr'><strong>τρέφοιεν</strong></span> <span class='ocrx_word' id='word_1_857' title='bbox 3215 5176 3689 5267; x_wconf 47' lang='grc' dir='ltr'><strong>,ὶέῖεῑέξυείεθξ</strong></span> 
     </span>
    </p>
   </div>
   <div class='ocr_carea' id='block_1_117' title="bbox 2093 5194 3691 5320">
    <p class='ocr_par' dir='ltr' id='par_1_117' title="bbox 2093 5194 3691 5320">
     <span class='ocr_line' id='line_1_123' title="bbox 2093 5194 3689 5299; baseline 0 -69"><span class='ocrx_word' id='word_1_858' title='bbox 2093 5194 2425 5266; x_wconf 28' lang='grc' dir='ltr'>εφζεκαστῳ</span> <span class='ocrx_word' id='word_1_859' title='bbox 2453 5194 2638 5267; x_wconf 67' lang='grc' dir='ltr'>σχεοον</span> <span class='ocrx_word' id='word_1_860' title='bbox 2665 5194 2920 5269; x_wconf 62' lang='grc' dir='ltr'>προφήτῃ</span> <span class='ocrx_word' id='word_1_861' title='bbox 2957 5194 3200 5299; x_wconf 62' lang='grc' dir='ltr'>φερεται,</span> <span class='ocrx_word' id='word_1_862' title='bbox 3245 5194 3402 5244; x_wconf 82' lang='grc' dir='ltr'>Αογος</span> <span class='ocrx_word' id='word_1_863' title='bbox 3448 5194 3689 5248; x_wconf 59' lang='lat' dir='ltr'><strong>nupta-.1,</strong></span> 
     </span>
     <span class='ocr_line' id='line_1_124' title="bbox 2093 5248 3691 5320; baseline -0.003 -18"><span class='ocrx_word' id='word_1_864' title='bbox 2093 5248 2154 5311; x_wconf 80' lang='grc' dir='ltr'>ὃς</span> <span class='ocrx_word' id='word_1_865' title='bbox 2179 5250 2432 5320; x_wconf 87' lang='grc' dir='ltr'>εγενήθη,</span> <span class='ocrx_word' id='word_1_866' title='bbox 2466 5267 2540 5312; x_wconf 94' lang='grc' dir='ltr'><strong>ως</strong></span> <span class='ocrx_word' id='word_1_867' title='bbox 2563 5265 2676 5318; x_wconf 89' lang='grc' dir='ltr'><strong>παρ</strong></span> <span class='ocrx_word' id='word_1_868' title='bbox 2739 5250 2968 5320; x_wconf 51' lang='grc' dir='ltr'><strong>Ησαίᾳ,⁸</strong></span> <span class='ocrx_word' id='word_1_869' title='bbox 3000 5248 3124 5320; x_wconf 83' lang='grc' dir='ltr'>όγος</span> <span class='ocrx_word' id='word_1_870' title='bbox 3154 5248 3510 5320; x_wconf 32' lang='grc' dir='ltr'>ό-γενόμενος</span> <span class='ocrx_word' id='word_1_871' title='bbox 3547 5249 3691 5320; x_wconf 66' lang='grc' dir='ltr'>πρδς</span> 
     </span>
    </p>
   </div>
   <div class='ocr_carea' id='block_1_118' title="bbox 2107 5317 3692 5390">
    <p class='ocr_par' dir='ltr' id='par_1_118' title="bbox 2107 5317 3692 5390">
     <span class='ocr_line' id='line_1_125' title="bbox 2107 5317 3692 5390; baseline -0.002 -18"><span class='ocrx_word' id='word_1_872' title='bbox 2107 5317 2352 5385; x_wconf 80' lang='grc' dir='ltr'>Ἡσαΐαν,</span> <span class='ocrx_word' id='word_1_873' title='bbox 2373 5317 2467 5372; x_wconf 73' lang='grc' dir='ltr'>καὶ</span> <span class='ocrx_word' id='word_1_874' title='bbox 2497 5320 2555 5371; x_wconf 85' lang='grc' dir='ltr'>ὲν</span> <span class='ocrx_word' id='word_1_875' title='bbox 2602 5317 2743 5389; x_wconf 82' lang='grc' dir='ltr'>ἀρχῇ</span> <span class='ocrx_word' id='word_1_876' title='bbox 2785 5317 3116 5390; x_wconf 33' lang='grc' dir='ltr'>τοῦ-Ὠσηὲ,</span> <span class='ocrx_word' id='word_1_877' title='bbox 3144 5317 3314 5390; x_wconf 37' lang='grc' dir='ltr'>-λόγος</span> <span class='ocrx_word' id='word_1_878' title='bbox 3351 5317 3603 5390; x_wconf 81' lang='grc' dir='ltr'>Κυρίου,</span> <span class='ocrx_word' id='word_1_879' title='bbox 3628 5317 3692 5379; x_wconf 81' lang='grc' dir='ltr'>ὃς</span> 
     </span>
    </p>
   </div>
   <div class='ocr_carea' id='block_1_119' title="bbox 2094 5387 3685 5461">
    <p class='ocr_par' dir='ltr' id='par_1_119' title="bbox 2094 5387 3685 5461">
     <span class='ocr_line' id='line_1_126' title="bbox 2094 5387 3685 5461; baseline -0.001 -19"><span class='ocrx_word' id='word_1_880' title='bbox 2094 5387 2659 5461; x_wconf 41' lang='grc' dir='ltr'>ἐγενήθη.-ριιοι1ιιίι,</span> <span class='ocrx_word' id='word_1_881' title='bbox 2691 5387 2770 5461; x_wconf 71' lang='lat' dir='ltr'><strong>de</strong></span> <span class='ocrx_word' id='word_1_882' title='bbox 2817 5387 2961 5441; x_wconf 90' lang='lat' dir='ltr'><strong>nullo</strong></span> <span class='ocrx_word' id='word_1_883' title='bbox 3007 5387 3395 5461; x_wconf 65' lang='lat' dir='ltr'><strong>prophetarum</strong></span> <span class='ocrx_word' id='word_1_884' title='bbox 3448 5387 3685 5461; x_wconf 78' lang='lat' dir='ltr'><strong>dictum,</strong></span> 
     </span>
    </p>
   </div>
   <div class='ocr_carea' id='block_1_120' title="bbox 2149 5456 3684 5527">
    <p class='ocr_par' dir='ltr' id='par_1_120' title="bbox 2149 5456 3684 5527">
     <span class='ocr_line' id='line_1_127' title="bbox 2149 5456 3684 5527; baseline -0.002 -15"><span class='ocrx_word' id='word_1_885' title='bbox 2149 5456 2332 5512; x_wconf 67' lang='lat' dir='ltr'><strong>erbim&#39;t</strong></span> <span class='ocrx_word' id='word_1_886' title='bbox 2353 5459 2563 5512; x_wconf 83' lang='lat' dir='ltr'><strong>Domini</strong></span> <span class='ocrx_word' id='word_1_887' title='bbox 2593 5459 2730 5527; x_wconf 85' lang='lat' dir='ltr'><strong>quod</strong></span> <span class='ocrx_word' id='word_1_888' title='bbox 2749 5457 2806 5527; x_wconf 68' lang='lat' dir='ltr'><strong>in</strong></span> <span class='ocrx_word' id='word_1_889' title='bbox 2828 5473 2929 5522; x_wconf 79' lang='lat' dir='ltr'><strong>nte,</strong></span> <span class='ocrx_word' id='word_1_890' title='bbox 2958 5457 3053 5512; x_wconf 87' lang='lat' dir='ltr'><strong>sed</strong></span> <span class='ocrx_word' id='word_1_891' title='bbox 3080 5457 3228 5527; x_wconf 89' lang='lat' dir='ltr'><strong>quod</strong></span> <span class='ocrx_word' id='word_1_892' title='bbox 3258 5456 3464 5511; x_wconf 73' lang='lat' dir='ltr'><strong>factum</strong></span> <span class='ocrx_word' id='word_1_893' title='bbox 3483 5467 3560 5510; x_wconf 75' lang='lat' dir='ltr'><strong>est</strong></span> <span class='ocrx_word' id='word_1_894' title='bbox 3589 5457 3684 5518; x_wconf 74' lang='lat' dir='ltr'><strong>ad,</strong></span> 
     </span>
    </p>
   </div>
   <div class='ocr_carea' id='block_1_121' title="bbox 2092 5525 2816 5591">
    <p class='ocr_par' dir='ltr' id='par_1_121' title="bbox 2092 5525 2816 5591">
     <span class='ocr_line' id='line_1_128' title="bbox 2092 5525 2816 5591; baseline -0.001 -9"><span class='ocrx_word' id='word_1_895' title='bbox 2092 5538 2221 5591; x_wconf 83' lang='lat' dir='ltr'><strong>etc.,</strong></span> <span class='ocrx_word' id='word_1_896' title='bbox 2257 5528 2448 5582; x_wconf 80' lang='lat' dir='ltr'><strong>falsum</strong></span> <span class='ocrx_word' id='word_1_897' title='bbox 2478 5525 2708 5582; x_wconf 80' lang='lat' dir='ltr'><strong>videtur.</strong></span> <span class='ocrx_word' id='word_1_898' title='bbox 2746 5525 2816 5581; x_wconf 88' lang='lat' dir='ltr'><strong>M.</strong></span> 
     </span>
    </p>
   </div>
   <div class='ocr_carea' id='block_1_122' title="bbox 2149 5594 3686 5682">
    <p class='ocr_par' dir='ltr' id='par_1_122' title="bbox 2149 5594 3686 5682">
     <span class='ocr_line' id='line_1_129' title="bbox 2149 5594 3686 5682; baseline -0.001 -33"><span class='ocrx_word' id='word_1_899' title='bbox 2149 5599 2288 5682; x_wconf 75' lang='grc'><strong>⁹(69)</strong></span> <span class='ocrx_word' id='word_1_900' title='bbox 2321 5599 2485 5669; x_wconf 84' lang='lat' dir='ltr'><strong>Vulgo</strong></span> <span class='ocrx_word' id='word_1_901' title='bbox 2517 5599 2658 5670; x_wconf 79' lang='grc' dir='ltr'>ἀρχῇ</span> <span class='ocrx_word' id='word_1_902' title='bbox 2692 5595 2848 5666; x_wconf 88' lang='grc' dir='ltr'>λόγος</span> <span class='ocrx_word' id='word_1_903' title='bbox 2877 5605 2932 5653; x_wconf 90' lang='lat' dir='ltr'><strong>ct</strong></span> <span class='ocrx_word' id='word_1_904' title='bbox 2961 5595 3103 5656; x_wconf 80' lang='lat' dir='ltr'><strong>infra</strong></span> <span class='ocrx_word' id='word_1_905' title='bbox 3130 5613 3225 5667; x_wconf 89' lang='grc' dir='ltr'>πρ.</span> <span class='ocrx_word' id='word_1_906' title='bbox 3252 5594 3349 5650; x_wconf 74' lang='grc' dir='ltr'><strong>καὶ</strong></span> <span class='ocrx_word' id='word_1_907' title='bbox 3388 5595 3686 5669; x_wconf 77' lang='grc' dir='ltr'>παραπλη-</span> 
     </span>
    </p>
   </div>
   <div class='ocr_carea' id='block_1_123' title="bbox 2109 5684 2256 5731">
    <p class='ocr_par' dir='ltr' id='par_1_123' title="bbox 2109 5684 2256 5731">
     <span class='ocr_line' id='line_1_130' title="bbox 2109 5684 2256 5731; baseline -0.007 -11"><span class='ocrx_word' id='word_1_908' title='bbox 2109 5684 2256 5731; x_wconf 89' lang='grc' dir='ltr'>σιως.</span> 
     </span>
    </p>
   </div>
  </div>
