3838 6222
273 225 374 284 Ml

1191 230 1281 286 BE
1307 231 1850 290 EGCLESIASTlCA
1903 233 2302 293 THEOLOGIA
2349 234 2480 292 LIB.
2520 234 2580 293 ll.

3435 245 3542 303 942

271 345 370 398 καὶ
401 344 715 412 ἀναγκαίως
757 346 1280 421 ὲπισημαινομένης,
1321 349 1486 415 ὡς“ὲν
1530 353 1708 406 οὐδενὶ
1745 352 1823 406 τῶ

1926 406 1928 411 ,
1959 354 2340 423 prophetarum
2396 359 2713 423 exsistebat,
2744 358 2886 428 quod
2931 358 2997 414 ad
3030 361 3320 431 quemlibet
3351 378 3538 422 corum

270 436 569 510 προφητῶν
591 433 690 508 ἦν,
717 437 852 492 ἀλλά
876 441 998 494 καθ’
1025 440 1256 497 ἕκαστον
1279 444 1549 514 ἐγίγνετο
1574 444 1686 517 (70)
1716 446 1853 518 πρὸς

266 527 332 583 ὃν
364 533 398 602 ἡ
436 531 668 584 ἑκάστου
705 531 968 604 δύναμις,
1005 534 1092 588 οἵα
1137 552 1197 588 τε
1235 532 1305 608 ἦν
1361 540 1582 610 χωρεῖν,
1616 539 1854 614 προσιὼν

263 624 407 694 αὐτῇ
448 624 544 677 καὶ
572 626 636 695 τῇ
685 625 916 679 ἑκάστου
954 626 1098 698 ψυχῇ
1137 628 1198 682 τὸ
1229 629 1563 702 κατάλληλον
1594 631 1851 703 παρέχων

261 712 328 776 ἐξ
360 712 523 766 αὐτοῦ
555 710 770 786 πνεῦμα
797 718 892 770 καὶ
919 719 1111 790 νοεράν
1140 720 1362 784 εἰκότως
1390 723 1484 776 ἐπὶ
1518 723 1612 778 τοῦ
1647 726 1851 797 παρόν-

258 819 356 866 τος
385 804 414 856 ὁ
450 803 877 879 εύαγγελιστὴς,
930 809 1024 863 τοῦ
1065 811 1241 881 Λόγου
1305 809 1514 884 μέλλων
1563 810 1849 888 εύαγγελί-

259 893 450 958 ξεσθαι
507 899 838 970 οἰκονομίαν,
892 902 992 955 οὐκ
1047 902 1123 955 ἔθ’
1170 899 1374 976 ὁμοίως
1431 912 1545 974 τοῖς
1599 912 1851 977 παλαιοῖς

256 991 543 1059 γεγονέναι
601 993 764 1048 αὑτὸν
824 995 1011 1067 ἕτερόν
1061 995 1176 1068 (71)
1237 1016 1360 1054 τινα
1415 999 1685 1068 διδάσκει,
1733 1003 1848 1058 ἀλλ’

257 1081 426 1134 αὐτὸν
475 1082 654 1154 σάρκα
693 1084 1040 1156 ἀνειληφέναι
1077 1089 1172 1142 καὶ
1202 1088 1490 1162 ἄνθρωπον
1533 1093 1844 1162 γεγονέναι·

257 1167 364 1224 εἴτ’
387 1173 572 1245 ἐπειδὴ
606 1174 702 1246 τὴν
743 1177 824 1241 είς
864 1177 1184 1250 ἀνθρώπους
1225 1176 1392 1236 αὑτοῦ
1433 1179 1700 1257 σωτήριον
1737 1189 1848 1250 τοῖς

255 1265 427 1318 πᾶσιν
461 1265 694 1336 πάροδον
729 1266 1018 1338 κηρύττειν
1049 1269 1297 1341 ἔμελλεν,
1335 1272 1464 1344 ἑξῆς
1501 1273 1694 1343 λέγων,
1733 1276 1845 1330 Καὶ

257 1355 296 1407 ὁ
335 1356 526 1424 Λόγος
561 1356 717 1425 σὰρξ
746 1357 1002 1428 ἐγένετο,
1031 1361 1128 1415 καὶ
1171 1361 1530 1430 ἐσκήνωσεν
1570 1365 1640 1418 ἐν
1676 1367 1842 1437 ἡμῖν,

253 1445 573 1514 ἀναγκαίως
607 1449 700 1502 ἐπὶ
737 1449 834 1521 τὴν
886 1450 1061 1526 ἀρχὴν
1088 1450 1396 1528 ἀνατρέχει,
1440 1453 1532 1510 τὸν
1569 1458 1697 1529 χθὲς
1747 1461 1841 1513 καὶ

253 1535 450 1608 πρώην
489 1539 842 1610 σαρκωθέντα
893 1544 1066 1613 Λόγον
1108 1546 1195 1609 τίς
1239 1565 1372 1601 ποτε
1415 1544 1484 1622 ἦν
1533 1551 1627 1603 καὶ
1660 1552 1843 1617 ὁποῖος

226 1618 501 1693 ’δεικνύςο
549 1630 787 1701 θεολογεῖ
814 1650 873 1686 τε
912 1632 1097 1701 αὐτὸν,
1134 1637 1269 1711 ὁμοῦ
1305 1639 1404 1712 τὴν
1446 1640 1648 1710 γνῶσιν
1676 1643 1840 1698 αὐτοῦ

253 1723 354 1775 καὶ
384 1721 482 1793 τὴν
516 1725 596 1787 εἰς
623 1720 946 1798 ἀνθρώπους
975 1728 1295 1800 θεοφάνειαν
1333 1734 1836 1808 εὐαγγελιζόμενος,

250 1808 379 1879 εἶθ’,
408 1814 483 1879 ὡς
519 1815 628 1873 τῶν
654 1819 922 1885 παλαιῶν,
960 1821 1024 1874 ὲκ
1061 1821 1170 1877 τῶν
1203 1821 1363 1881 θείων
1394 1827 1837 1898 ἀναγνωσμάτων

250 1906 762 1978 προμεμαθηκότων
787 1909 879 1965 τὸν
906 1913 991 1982 ἐφ’
1015 1913 1230 1988 ἑκάστῳ
1262 1918 1518 1992 προφήτῃ
1544 1916 1836 1992 γενόμενον

247 1995 448 2066 Λόγον,
494 1997 660 2065 αὐτὸς
702 2001 801 2074 τὴν
852 2003 1132 2076 θειοτέραν
1181 2008 1276 2060 καὶ
1335 2007 1610 2082 ἐξαίρετον
1661 2012 1836 2085 ἀρχὴν

246 2087 418 2141 αὐτοῦ
483 2089 778 2161 κηρύττει,
837 2093 904 2165 ἢν
950 2095 1128 2159 οὐδεὶς
1177 2099 1472 2169 προφητῶν
1529 2099 1834 2172 ἀνθρώποις

245 2181 474 2251 γυμνῶς
527 2181 669 2238 οὕτω
745 2187 839 2240 καὶ
898 2188 1380 2261 ἀπαρακαλύπτως
1439 2191 1684 2264 ἐξέφηνε.
1742 2195 1833 2248 Διὸ

247 2276 467 2348 μεγάλῃ
506 2280 657 2349 φωνῇ
688 2281 800 2344 τοῖς
826 2281 960 2334 πᾶσι
987 2281 1048 2334 τὸ
1075 2281 1294 2354 λεληθὸς
1322 2283 1416 2338 καὶ
1447 2285 1676 2357 κρύφιον
1704 2289 1832 2358 περὶ

243 2367 344 2420 τοῦ
383 2369 557 2437 Λόγου
609 2373 907 2444 μυστήριον
955 2373 1282 2446 παραδιδοὺς
1332 2376 1461 2431 ἐϐόα
1503 2377 1696 2448 λέγων’
1736 2381 1832 2434 Ἐν

243 2457 410 2528 ἀρχῇ
465 2455 546 2531 ἦν
589 2464 622 2515 ό
667 2462 888 2532 Λόγος,
940 2465 1038 2520 καὶ
1074 2469 1108 2519 ό
1158 2467 1350 2537 Λόγος
1397 2463 1477 2541 ἦν
1522 2470 1673 2540 πρὸς
1722 2472 1830 2526 τὸν

245 2545 418 2612 Θεὸν,
463 2549 560 2602 καὶ
609 2549 754 2617 Θεὸς
799 2547 880 2622 ἦν
919 2554 952 2605 ό
988 2552 1200 2622 Λόγος.
1259 2553 1462 2608 Πάντα
1523 2555 1600 2610 δι’
1641 2559 1828 2612 αὐτοῦ

240 2636 506 2707 ἐγένετο,
545 2641 644 2696 καὶ
670 2642 867 2713 ’χωρὶς
914 2644 1101 2699 αὐτοῦ
1159 2645 1396 2715 ἐγένετο
1450 2647 1593 2702 οὐδὲ
1632 2649 1720 2704 ἐν.
1764 2651 1826 2703 Ei

239 2727 356 2803 γὰρ
385 2731 537 2803 παρά
561 2732 668 2787 τῶν
696 2733 976 2807 προτέρων
1007 2735 1167 2791 θείων
1201 2738 1430 2810 Γραφῶν
1460 2741 1827 2810 παιδαγωγού-

243 2835 399 2890 μενοι
426 2821 613 2889 πάλαι,
639 2825 905 2896 πρότερον
931 2829 1305 2899 μεμαθήκατε,
1324 2831 1508 2900 φησὶν,
1529 2832 1609 2885 ὃτι
1635 2833 1826 2903 Λόγος

237 2911 468 2979 Κυρίου
495 2913 730 2983 ἐγένετο
773 2916 911 2987 πρὸς
939 2917 1090 2971 τόνδε
1118 2919 1208 2972 τὸν
1250 2921 1533 2992 προφήτην
1581 2921 1694 2994 (72)
1731 2925 1824 2977 καὶ⁹

1956 447 2156 515 factum
2183 457 2280 510 est,
2309 457 2369 502 ut
2391 449 2656 519 cujusque
2692 450 2809 520 ejus
2836 466 3006 522 capax
3033 461 3150 509 erat
3183 465 3446 526 potestas,
3481 471 3531 513 et

1955 535 2236 604 cujuslibet
2278 539 2474 595 animae
2522 540 2862 611 suggerebat,
2912 544 2980 599 de
3027 560 3126 600 suo
3180 547 3370 616 spiritu
3401 565 3530 603 con—

1955 629 2282 685 venienter:
2332 641 2390 686 ut
2443 632 2515 687 ita
2562 648 2667 688 non
2718 635 3018 706 incongrue
3064 638 3154 695 hic
3199 641 3535 712 evangelista

1953 720 2172 785 dixerit,
2196 721 2284 777 ubi
2314 721 2476 777 Verbi
2509 723 2652 780 illius
2677 728 3034 782 oeconomiam
3058 739 3178 787 erat
3213 733 3535 799 traditurus,

1952 825 2059 864 non
2109 815 2334 882 perinde
2381 816 2690 870 ordinatum
2747 816 2896 872 illum
2948 835 3129 887 nunc,
3180 831 3344 892 atque
3399 824 3529 879 olim

1950 903 2090 972 apud
2123 904 2376 975 antiquos
2407 905 2544 971 illos,
2577 907 2671 962 sed
2717 923 2904 964 nosuo
2945 911 3179 980 quodam
3230 923 3285 968 et
3316 913 3532 970 diverso

1950 993 2132 1058 modo,
2155 1010 2348 1064 nempe
2375 1011 2538 1052 carne
2563 1008 2869 1070 assumpta,
2891 999 3110 1056 homine
3135 1000 3309 1071 facto;
3336 1004 3532 1061 deinde

1947 1085 2090 1154 quod
2132 1089 2511 1146 enuntiaturus
2560 1104 2680 1147 erat
2727 1092 2782 1146 in
2830 1095 3189 1164 sequentibus
3232 1095 3526 1152 salutarem

1946 1174 2118 1245 ipsius
2178 1176 2244 1232 ad
2290 1179 2538 1236 homines
2568 1183 2858 1238 adventum
2880 1222 2896 1248 ,
2933 1185 3019 1239 ubi
3056 1185 3163 1253 ait,
3195 1185 3267 1240 Et
3302 1186 3528 1242 Verbum

1945 1281 2070 1320 caro
2108 1267 2306 1334 factum
2357 1280 2454 1334 est,
2490 1283 2537 1325 et
2579 1273 2838 1326 habitavit
2882 1274 2938 1329 in
2980 1276 3128 1330 nobis
3157 1274 3222 1344 “‘,
3265 1277 3387 1334 ideo
3416 1293 3524 1333 non

1945 1357 2239 1432 incongrue
2284 1360 2338 1416 in
2389 1362 2657 1434 principio
2710 1366 2944 1422 recurrit
2988 1367 3054 1423 ad
3105 1366 3364 1437 Verbum,
3396 1378 3526 1425 tunc

1945 1463 2116 1519 nuper
2166 1451 2523 1521 incarnatum,
2567 1457 2712 1525 quod
2760 1465 2816 1512 et
2856 1452 3027 1528 "quale
3078 1457 3258 1516 fuerat
3300 1462 3525 1517 demon-

1944 1541 2210 1598 strando:
2244 1543 2354 1599 Deo
2400 1543 2532 1600 illud
2564 1548 2815 1616 ascribit,
2848 1551 3180 1608 annuntians
3220 1552 3379 1608 simul
3407 1551 3525 1622 ejus

1945 1631 2221 1696 deitatem,
2248 1643 2304 1690 et
2332 1637 2399 1692 ad
2426 1637 2674 1696 homines
2693 1639 2986 1696 adventum
3015 1657 3032 1710 ;
3055 1651 3168 1697 tum
3195 1642 3520 1713 etiamquod

1942 1738 2063 1778 cum
2118 1735 2329 1782 veteres
2359 1727 2652 1786 electione
2691 1731 3098 1802 Scripturarum
3143 1733 3270 1790 olim
3306 1734 3520 1790 didice—

1940 1822 2064 1870 rant
2143 1817 2338 1886 ruique
2387 1821 2664 1890 propheta:
2712 1823 2954 1879 Verbum
3033 1825 3518 1896 superadvenisse,

1937 1905 2054 1976 ipse
2083 1907 2316 1964 divinius
2342 1912 2613 1981 quoddam
2639 1923 2696 1970 et
2739 1915 3098 1972 excellentius
3139 1916 3283 1973 illius
3308 1917 3517 1987 princi-

1936 1997 2083 2066 pium
2113 2009 2329 2056 enarret
2363 2019 2379 2057 :
2423 2003 2569 2072 quod
2618 2003 2800 2060 nullus
2849 2020 3089 2075 unquam
3127 2005 3518 2077 prophetarum

1936 2097 2045 2142 tam
2093 2099 2279 2160 aperte
2329 2101 2386 2148 et
2436 2093 2586 2150 clare
2633 2096 2958 2152 enuntiavit.
3007 2095 3276 2164 Quocirca
3336 2096 3515 2152 latens

1935 2180 2063 2235 illud
2100 2191 2154 2237 et
2214 2184 2485 2240 occultant
2531 2186 2597 2242 de
2619 2186 2798 2244 Verbo
2832 2189 3150 2260 mysterium
3198 2204 3320 2244 cum
3353 2187 3518 2244 vellet

1934 2271 2185 2340 tradere,
2221 2273 2317 2341 ait,
2367 2275 2435 2329 In
2472 2275 2730 2346 principio
2759 2287 2874 2332 erat
2913 2276 3162 2345 Verbum,
3193 2286 3242 2331 et
3284 2273 3513 2330 Verbum

1931 2374 2042 2417 erat
2072 2366 2212 2434 apud
2251 2366 2440 2436 Deum,
2478 2378 2527 2424 et
2574 2369 2712 2424 Deus
2757 2381 2867 2425 erat
2902 2369 3149 2424 Verbum.
3195 2368 3385 2425 Omnia
3419 2384 3514 2437 per

1930 2455 2104 2524 ipsum
2148 2457 2293 2526 facta
2318 2467 2462 2524 sunt,
2495 2469 2542 2514 et
2582 2461 2692 2515 sine
2721 2461 2832 2529 ipso
2863 2460 3064 2531 factum
3091 2470 3164 2514 cst
3191 2459 3343 2513 nihil.
3372 2457 3512 2513 Nam

1931 2547 2000 2614 si,
2032 2547 2228 2618 inquit,
2263 2549 2332 2605 ab
2361 2551 2756 2622 antiquissimis
2806 2552 2934 2606 olim
2988 2550 3286 2622 Scripturis
3345 2549 3509 2604 insti-

1932 2638 2052 2704 tuti,
2083 2639 2212 2694 illud
2247 2640 2537 2711 aliquando
2563 2641 2738 2698 edocti
2766 2639 3238 2712 accepistis,quod
3277 2637 3509 2694 Verbum

1929 2729 2144 2786 Domini
2166 2732 2364 2801 factum
2390 2734 2544 2790 sitad
2570 2734 2716 2790 hunc
2766 2735 3113 2805 prophetam,
3136 2743 3192 2790 et
3219 2732 3285 2788 ad
3316 2731 3506 2796 alium,

1928 2830 2090 2890 atque
2127 2821 2199 2875 ita
2226 2823 2481 2894 deinceps
2512 2824 2580 2878 ad
2611 2823 2774 2878 alium
2803 2841 2818 2889 ;
2869 2834 2925 2879 at
2954 2839 3098 2879 nunc
3129 2824 3368 2890 tandem,
3398 2839 3504 2877 non

1927 2913 2379 2980 quemadmodum
2433 2915 2633 2986 factum
2688 2925 2772 2971 est
2801 2915 3037 2972 Verbum
3091 2915 3348 2980 Domini,
3405 2916 3503 2972 sed

236 3001 383 3072 πρὸς
407 3001 592 3076 ἕτερον
621 3004 785 3059 πάλιν
828 3007 1032 3078 ὁμοίως
1077 3008 1332 3079 ἐγένετο,
1363 3012 1456 3065 καὶ
1493 3007 1648 3076 αὖθις
1686 3012 1822 3085 πρὸς

1926 3005 2378 3074 quemadmodum
2420 3017 2533 3062 erat
2578 3008 2632 3062 in
2684 3007 2994 3078 principio,
3049 3021 3276 3062 necesse
3315 3016 3399 3088 est
3443 3017 3505 3063 ut

235 3090 421 3159 ἄλλον,
451 3094 588 3148 ἀλλά
623 3095 720 3152 νῦν
749 3097 847 3170 οὐχ
873 3099 1022 3164 ὅπως
1045 3100 1304 3171 ἐγένετο,
1337 3101 1452 3156 ἀλλ’
1475 3104 1622 3169 ὅπως
1657 3101 1738 3177 ἦν
1761 3107 1820 3160 ἐν

1926 3096 2361 3165 evangelizetur:
2394 3110 2449 3156 et
2497 3101 2769 3170 quomodo
2817 3099 2956 3154 Deus
3000 3109 3152 3165 erat,
3188 3108 3243 3154 et
3267 3100 3503 3170 qualiter

234 3185 403 3258 ἀρχῇ,
433 3189 548 3253 τοῖς
580 3191 745 3245 πᾶσιν
773 3192 1068 3259 ἀναγκαῖον
1099 3194 1586 3264 εὐαγγελίσασθαιο
1623 3198 1718 3250 καὶ
1744 3198 1819 3261 ὡς

235 3275 386 3343 Θεὸς
423 3273 521 3349 ἦν,
565 3281 661 3334 καὶ
711 3281 788 3347 ὡς
834 3281 1033 3338 πάντα
1081 3284 1158 3339 δι’
1199 3287 1388 3340 αὐτοῦ
1424 3287 1681 3356 ἐγένετο,
1722 3290 1820 3350 καὶ

232 3365 314 3430 ὡς
359 3367 522 3434 αὐτὸς
574 3371 783 3436 ἐκεῖνος
818 3375 846 3426 ὁ
899 3374 1032 3440 Θεὸς
1068 3377 1272 3445 Λόγος,
1319 3377 1386 3430 δι’
1435 3373 1495 3432 οὗ
1533 3379 1601 3433 τά
1639 3381 1817 3436 πάντα

231 3457 613 3532 φιλανθρωπίᾳ
641 3462 734 3516 τοῦ
773 3465 984 3537 Πατρὸς
1047 3466 1205 3536 σὰρξ
1234 3469 1471 3538 ἐγένετο,
1515 3471 1610 3524 καὶ
1647 3472 1815 3544 ἐσκή-

230 3563 405 3603 νωσεν
445 3551 502 3604 ὲν
535 3553 685 3622 ἡμῖν.
726 3554 888 3608 Ταῦτ’
939 3556 1323 3628 εὐηγγελίζετο
1371 3560 1623 3633 Ἰωάννης
1655 3563 1684 3615 ὁ
1714 3562 1814 3634 μέ-

229 3654 338 3707 γας
383 3639 478 3694 τοῦ
523 3644 759 3714 Χριστοῦ
811 3648 1055 3721 μαθητὴς
1094 3652 1186 3705 καὶ
1219 3652 1551 3719 ἀπόστολος,
1600 3654 1671 3708 τὰ
1715 3656 1814 3710 νέα

228 3729 327 3784 καὶ
359 3732 520 3786 καινά
555 3734 650 3788 τοῦ
701 3738 951 3810 Σωτῆρος
991 3742 1260 3796 παιδεύων
1308 3744 1553 3810 ἅπαντας
1601 3746 1813 3818 ἀνθρώ-

230 3837 366 3886 πους
409 3826 710 3897 μυστήρια,
755 3828 850 3899 οὐχ
891 3832 972 3884 ὅτι
1005 3831 1220 3901 λογικὸς
1248 3829 1317 3907 ἦν
1344 3836 1374 3888 ὁ
1411 3835 1566 3900 Θεὸς,
1591 3838 1699 3890 οὐδ’
1727 3839 1809 3892 ὅτι

227 3912 392 3978 αὐτὸς
423 3915 560 3986 πρὸς
582 3917 772 3972 ἑαυτὸν
797 3919 1068 3987 διενοεῖτο,
1097 3926 1191 3978 καὶ
1212 3925 1389 3996 ἑαυτῷ
1414 3927 1804 4000 προδιελέγετο,

223 4003 580 4076 Ποιήσωμεν
641 4009 975 4078 ἄνθρωπον,
1028 4015 1204 4085 λέγων
1227 4034 1242 4048 ·
1301 4018 1411 4072 οὐδ’
1478 4020 1561 4074 ὅτι
1629 4021 1808 4090 λόγοις

221 4099 489 4172 κέχρηται
510 4107 619 4169 τοίς
647 4106 756 4162 τῶν
785 4109 1073 4180 πρακτέων
1118 4111 1594 4182 παραγγελτικοῖς.
1620 4113 1806 4167 Ταῦτα

221 4190 334 4262 γὰρ
364 4192 476 4264 (75)
506 4197 615 4260 πᾶς
635 4199 966 4271 ἀρνούμενος
999 4202 1090 4256 τὸν
1118 4203 1244 4256 Υίὸν
1271 4203 1364 4258 τοῦ
1388 4203 1520 4258 Θεοῦ
1543 4207 1683 4259 εἴποι
1714 4205 1801 4270 ἂν,

217 4281 250 4334 δ
301 4284 366 4356 δὴ
399 4288 494 4340 καὶ¹
551 4291 864 4363 Μάρκελλος
912 4295 1104 4358 ποιῶν,
1150 4295 1227 4359 ὡς
1270 4297 1362 4349 ἐπὶ
1416 4299 1802 4370 κρησφύγητον

1921 3188 2096 3240 omnia
2125 3204 2218 3254 per
2243 3188 2391 3242 illum
2419 3188 2565 3259 facta
2589 3198 2736 3254 sunt,
2781 3200 2835 3246 et
2861 3189 3003 3260 quod
3034 3190 3148 3261 ipse
3177 3190 3339 3253 Deus,
3370 3188 3500 3246 Ver-

1917 3277 2043 3334 bum
2079 3280 2228 3347 illud,
2259 3297 2353 3352 per
2381 3297 2543 3352 quem
2589 3283 2772 3339 omnia
2828 3283 2968 3338 facta
3017 3292 3165 3349 sunt,
3207 3299 3238 3339 e
3271 3293 3496 3352 paterna

1918 3368 2292 3425 misericordia
2329 3388 2452 3426 caro
2488 3371 2630 3428 facta
2663 3373 2763 3442 sit,
2801 3383 2857 3427 et
2900 3373 2952 3427 in
2995 3373 3151 3426 nobis
3202 3371 3494 3427 habitavit.

1920 3466 1979 3524 »Β
2014 3461 2137 3515 llam
2167 3459 2402 3516 Joannes
2447 3462 2538 3516 ille
2577 3478 2805 3532 magnus
2851 3461 3053 3518 Christi
3094 3461 3393 3531 discipulus
3438 3472 3497 3517 et

1915 3550 2193 3618 apostolus
2238 3551 2665 3620 evangelizavit:
2714 3567 2902 3607 omnes
2952 3552 3170 3621 quidem
3245 3551 3495 3608 homines

1913 3641 2147 3697 edocens
2182 3657 2317 3697 nova
2349 3653 2403 3698 et
2447 3659 2648 3714 nupera
2699 3643 3007 3698 Servatoris
3050 3643 3306 3713 mysteria
3327 3682 3345 3708 ,
3379 3658 3486 3698 non

1911 3731 2052 3802 quod
2087 3743 2206 3788 erat
2233 3733 2372 3788 Deus
2421 3736 2634 3789 ratione
2687 3735 2986 3804 praeditus,
3021 3750 3126 3790 non
3177 3734 3320 3804 quod
3365 3734 3483 3806 ipse

1910 3825 2050 3892 apud
2103 3840 2162 3880 se
2202 3827 2460 3897 cogitavit
2509 3835 2564 3882 et
2593 3842 2778 3882 secum
2811 3827 3110 3884 collocutus
3159 3827 3252 3892 sit,
3280 3823 3485 3879 Facia-

1909 3933 2024 3972 mus
2058 3918 2324 3972 hominem
2345 3957 2360 3982 ,
2399 3920 2648 3990 inquiens
2672 3959 2686 3985 ,
2721 3933 2822 3975 nec
2853 3925 2996 3989 quod
3029 3918 3210 3974 verbis
3259 3918 3330 3972 sit
3359 3932 3489 3973 usus

1907 4024 2087 4064 rerum
2117 4011 2478 4080 gerendarum
2513 4011 2909 4070 admonitoriis.
2953 4011 3058 4067 lsta
3099 4011 3242 4066 enim
3285 4010 3485 4080 quivis,

1906 4101 1997 4170 qui
2030 4099 2122 4156 Dei
2157 4101 2348 4156 Filium
2381 4102 2710 4173 abuegaret,
2751 4104 2934 4159 dicere
2977 4111 3157 4173 posset
3180 4141 3196 4168 ,
3223 4102 3482 4171 quemad-

1906 4191 2124 4247 modum
2170 4203 2227 4248 et
2272 4193 2560 4249 Marcellus
2601 4193 3024 4264 deprehenditur
3092 4193 3318 4260 fecisse,
3390 4192 3481 4262 qui

1905 4291 2163 4353 tauquam
2191 4285 2254 4338 ad
2283 4284 2547 4354 refugium
2573 4286 2842 4354 quoddam
2874 4300 2932 4341 se
2960 4285 3028 4338 ad
3061 4292 3302 4338 veterem
3334 4282 3486 4338 Scri-

217 4374 314 4427 ὲπὶ
335 4374 433 4448 τὴν
462 4379 698 4436 παλαιὰν
745 4385 1075 4454 καταφεύγει
1104 4385 1348 4458 Γραφὴν,
1375 4388 1469 4444 καὶ
1504 4387 1574 4442 τὰ
1603 4389 1800 4460 νηπιά-

1926 4385 2114 4430 ituram
2150 4379 2453 4444 convertit,
2487 4393 2716 4448 quaeque
2764 4377 3130 4431 infantissimo
3169 4375 3478 4431 Judteorum

217 4462 364 4528 ζοντι
395 4467 474 4539 τῷ
508 4470 619 4544 (74)
671 4475 936 4530 Ἰουδαίων
979 4477 1093 4548 λαῷ
1125 4478 1254 4549 περὶ
1283 4477 1377 4532 τοῦ
1413 4477 1485 4550 μὴ
1513 4478 1795 4534 εἰδωλολα-

213 4558 386 4625 τρείν,
414 4557 508 4611 ἕνα
535 4559 590 4612 δὲ
615 4563 774 4632 μόνον
821 4565 1017 4619 εἰδέναι
1049 4583 1110 4620 τε
1153 4568 1248 4620 καὶ
1279 4567 1457 4622 σέϐειν
1487 4569 1617 4624 Θεὸν
1651 4589 1794 4644 παρ-

212 4647 527 4735 ηγγελμένα
580 4655 833 4724 συνάγειν
882 4661 1157 4730 πειρᾶται.
1195 4659 1362 4713 Ἔνθα
1395 4660 1490 4714 καὶ
1528 4661 1794 4735 ηὑρόησεν

208 4734 364 4805 αύτῷ
403 4739 435 4808 ή
481 4741 610 4812 περὶ
646 4744 739 4797 τοῦ
781 4746 898 4811 ἐνὸς
940 4748 1074 4802 Θεοῦ
1122 4750 1472 4815 διδασκαλία,
1506 4753 1793 4824 χρησίμως

206 4829 331 4880 τότε
371 4831 467 4883 καὶ
523 4836 666 4888 κατὰ
715 4839 906 4912 καιρὸν
979 4841 1457 4914 είδωλολατροῦσιν
1518 4845 1788 4910 Ἰουδαίοις

205 4921 643 4998 παραδεδομένη.
697 4931 806 4985 Καὶ
859 4931 923 5004 δὴ
973 4932 1206 4987 ἐνταῦθα
1274 4935 1624 5005 καταφυγὼν,
1692 4939 1786 4992 καὶ

202 5009 396 5082 ὥσπερ
435 5017 494 5068 ὲν
525 5017 839 5092 ὀχυρώματι
872 5025 1063 5078 ἑαυτὸν
1093 5027 1160 5096 τῇ
1198 5025 1462 5097 Ἰουδαῖκῇ
1514 5030 1782 5100 περιφρά-

201 5100 304 5165 ξας
364 5107 797 5183 σκληροκαρδίᾳ,
844 5111 945 5184 τὴν
991 5113 1220 5185 ἄρνησιν
1271 5114 1639 5186 προύϐάλλετο
1689 5118 1782 5172 τοῦ

200 5197 334 5254 Υίοῦ
372 5200 466 5255 τοῦ
491 5201 647 5256 Θεοῦ.

277 5409 339 5471 ›Ι‹
372 5405 470 5462 Ed.
506 5406 708 5474 Paris.,
735 5424 857 5481 pag.
886 5410 1012 5466 150.
1078 5411 1290 5468 “Joan.
1337 5427 1376 5483 ι,
1413 5415 1502 5471 le.

272 5561 386 5684 (ἕο)
415 5561 588 5631 Vulgo
618 5565 754 5637 πρὸς
781 5564 823 5625 ὅ.

265 5635 284 5702 (
333 5635 378 5694 Ι)
411 5634 554 5702 Πρὸς
582 5635 767 5702 ἕτερον
810 5637 823 5688 Ι

333 5635 378 5706 l
411 5634 554 5706 ῌρὸς
582 5634 767 5706 ἕτερον
810 5636 874 5688 ﬂ.

264 5703 377 5778 (72)
411 5703 574 5774 vulgo
599 5703 746 5760 τόνδε
783 5707 1086 5778 προφήτην.

1903 4465 2099 4536 p0pulo
2127 4466 2318 4521 tradita
2344 4469 2614 4536 quondam
2659 4467 2908 4529 fuerant,
2947 4468 3013 4521 de
3046 4481 3151 4521 non
3187 4466 3480 4521 aderandis

1902 4556 2079 4621 idolis,
2123 4557 2218 4611 sed
2255 4559 2344 4612 uni
2396 4558 2505 4614 Deo
2551 4559 2950 4630 cognoscendo,
2997 4557 3389 4626 serviendoque
3421 4557 3475 4611 in

1901 4659 2067 4699 unum
2102 4649 2318 4716 coegit:
2352 4647 2442 4701 ubi
2485 4647 2732 4703 doctrina
2777 4649 2843 4704 de
2891 4648 3004 4703 Deo
3051 4647 3164 4703 solo
3195 4655 3250 4702 et
3278 4661 3386 4702 uno
3423 4647 3472 4702 ei

1898 4737 2162 4791 successit
2185 4737 2419 4802 abunde,
2445 4746 2632 4806 utpote
2659 4754 2781 4808 quae
2825 4739 3034 4796 utiliter
3077 4737 3389 4804 admodum,
3418 4749 3474 4793 et

1895 4835 2198 4896 opportune
2214 4827 2508 4883 idololatris
2528 4827 2726 4884 Judaeis
2747 4829 3077 4885 tradebatur.
3097 4829 3213 4895 Quo
3235 4830 3322 4885 ille
3351 4843 3472 4885 sese

1893 4918 2200 4984 conferens,
2235 4929 2290 4974 et
2313 4917 2536 4975 Judaica
2587 4921 2772 4976 cordis
2801 4921 3021 4989 duritia,
3054 4922 3218 4978 veluti
3261 4921 3469 4976 munito

1887 5011 2122 5080 quodam
2169 5013 2572 5082 propugnaculo
2602 5013 2862 5084 vallatus,
2889 5017 2957 5073 ad
2994 5015 3192 5073 Filium
3236 5015 3331 5072 Dei
3367 5030 3468 5068 ne-

1885 5101 2119 5173 gandum
2146 5103 2434 5173 process-it.

1949 5567 2063 5643 (Β)
2085 5567 2266 5643 Falso
2296 5583 2400 5643 qm»
2427 5570 2533 5643 γάρ

1943 5641 2056 5710 (74)
2085 5641 2249 5710 Vulgo
2273 5640 2400 5696 τῶν.
