3828 6222
351 299 454 358 943

989 410 1142 467 CAP.
1180 409 1326 465 XIX.

353 508 506 576 Quod
547 499 829 576 Marcellus
866 502 1136 576 aduocatis
1179 503 1236 576 i_n
1279 501 1634 559 testimonium
1679 517 1708 556 e
1759 499 1932 555 Veteri

425 577 752 633 Testamento
780 572 1067 640 Seripturis
1087 574 1152 626 de
1180 573 1290 628 Deo
1317 589 1445 642 uno,
1467 589 1573 627 non
1593 587 1741 626 secus
1772 586 1933 642 quam

418 647 600 703 εικάωὶ
631 645 820 706 solent,
850 644 1177 713 abnegaverit
1206 643 1305 697 Dei
1330 641 1557 698 Filium.

423 735 725 813 [R.‘L‘VIII,
759 735 980 806 coll.1p.
1031 735 1132 791 158
1180 734 1268 808 B.]
1332 735 1553 790 Audisis
1594 745 1777 790 autem
1812 733 1933 804 qui-

353 837 454 890 bus
501 833 674 887 utitur
714 829 975 894 vocibus,
1022 827 1148 882 dum
1204 827 1277 881 ita
1307 827 1496 882 scribit
1533 845 1547 882 :
1583 845 1604 877 ‹
1630 826 1931 894 Quemnam

356 945 375 980 ι
409 939 538 982 vero
563 938 686 981 eum
715 922 1009 976 arbitratur
1037 921 1285 976 Asterius
1308 960 1324 986 ,
1360 920 1450 991 qui
1481 920 1640 984 dixit,
1674 919 1784 990 Ego
1814 933 1932 972 sum

355 1036 376 1070 ι
411 1017 504 1090 qui
519 1033 635 1072 sum
649 1017 716 1083 ¹⁸,
734 1015 930 1070 Filium
949 1029 1017 1067 an
1033 1013 1281 1068 Patrem?
1299 1015 1434 1068 duas
1450 1012 1645 1068 etenim
1672 1013 1932 1083 hyposta-

355 1123 376 1158 ι
411 1120 499 1162 ses
524 1099 705 1159 Patris
751 1114 806 1158 et
843 1101 964 1158 Filii
1012 1100 1247 1156 alllrmat
1293 1117 1414 1157 esse
1437 1143 1453 1168 ,
1486 1117 1708 1157 carnem
1761 1101 1933 1171 respi-

357 1217 376 1250 ε
418 1197 570 1254 ciens
616 1197 912 1252 humanam
963 1193 1135 1258 illam,
1161 1208 1325 1263 quam
1371 1193 1666 1262 assumpsit
1697 1193 1930 1248 Verbum

351 1309 376 1344 ι
418 1289 623 1357 Βεί,ιει
649 1289 718 1344 ob
745 1286 890 1341 illam
920 1300 1140 1340 carnem
1168 1287 1222 1341 in
1265 1285 1408 1341 hanc
1442 1286 1776 1340 descendens
1807 1285 1930 1355 opi-

349 1384 650 1438 «enionem.
682 1380 860 1452 Atque
887 1379 960 1435 ita
996 1378 1090 1434 Dei
1129 1377 1324 1434 Filium
1363 1378 1636 1448 separavit
1673 1393 1704 1433 a
1750 1378 1930 1446 Patre,

352 1495 380 1529 ι
417 1491 523 1531 non
553 1473 711 1529 aliter
735 1487 899 1543 quam
929 1472 974 1528 si
1005 1471 1125 1541 quis
1168 1469 1341 1525 lilium
1368 1470 1601 1526 hominis
1627 1485 1656 1524 a
1692 1469 1928 1524 naturali

351 1587 379 1621 π
415 1582 512 1624 suo
541 1575 692 1635 patre
715 1571 1015 1634 separaret.
1048 1581 1068 1615 ›
1099 1561 1164 1616 Ει
1217 1569 1328 1616 tum
1361 1560 1604 1632 adiungit
1643 1559 1736 1633 (Β.
1770 1559 1930 1617 LVIII

355 1655 506 1726 coll.,
536 1674 587 1729 p.
617 1655 719 1712 I58
748 1653 812 1728 Β]
845 1673 859 1709 :
898 1672 916 1706 ι
949 1652 1007 1709 Si
1053 1652 1258 1708 idcirco
1282 1651 1498 1707 Patrem
1534 1665 1593 1709 se
1623 1669 1651 1707 a
1683 1651 1820 1708 Filio
1851 1667 1934 1708 se-

1033 291 1302 350 EUSEBII
1341 283 1817 349 CESARIENSIS
1851 285 2002 344 OPP.
2045 285 2228 342 PARS
2268 283 2358 342 IV.
2400 315 2469 326 -—
2509 283 2934 342 οοοιιετιεΑ.

1975 411 2022 466 Δ

3516 282 3628 340 9“

2683 403 2840 457 ΚΕΦ.
2884 403 2987 458 19'.

2041 498 2232 565 ὀπως
2252 497 2607 566 Μάρκελλος
2621 497 2728 563 τὰς
2749 499 2885 567 περὶ
2903 495 3046 563 ἑνὸς
3063 493 3214 550 Θεοῦ
3233 492 3344 563 τῆς
3358 489 3636 567 lla-1959‘

2107 562 2400 637 Δωθήκής
2429 562 2674 637 Γραςρὰς
2703 562 3190 636 μαρτυρόμενος,
3232 562 3447 635 ὁμοίως
3491 562 3637 618 Ἰου-

2108 639 2298 706 δαίοις
2325 641 2434 693 τὸν
2470 639 2610 692 Υὶὸν
2642 637 2750 691 τοῦ
2779 637 2926 692 Θεοῦ
2955 637 3211 706 ἠρνεῖτο.

2121 732 2454 785 Ἐπάκουσον
2510 728 2662 800 γοῦν,
2718 731 2859 794 οἵαις
2930 730 3194 801 κέχρηται
3246 729 3470 798 φωναῖς,
3522 717 3633 780 ὧδε

2038 823 2264 894 γράφων
2303 821 2446 877 κατά
2491 822 2668 888 λέξιν·
2711 841 2730 874 ε
2759 822 2892 875 Τίνα
2933 822 3117 875 τοίνυν
3161 820 3272 885 τὸν,
3317 816 3464 889 Ἐγώ
3511 819 3636 886 ειμι

2043 932 2063 966 ε
2110 917 2144 968 ὁ
2193 913 2297 980 ὢν,
2325 914 2552 984 λέγοντα
2599 914 2875 986 Ἀστέριος
2903 908 3044 967 εἶναι
3100 913 3300 976 οἴεται,
3348 911 3440 963 τὸν
3481 909 3634 974 Υίὸν,

2046 1026 2064 1058 ι
2111 1007 2144 1077 ἥ
2177 1007 2266 1060 τὸν
2291 1006 2548 1079 Πατέρα;
2574 1005 2667 1058 δύο
2694 1005 2803 1077 γάρ
2835 1005 3161 1066 ὑποστάσεις
3189 1003 3270 1066 είς
3293 1000 3390 1072 τὴν
3419 998 3639 1070 ἀνθρω-

2044 1119 2061 1151 ι
2109 1100 2270 1171 πίνην
2296 1101 2362 1170 ἢν
2405 1101 2434 1152 ὁ
2466 1098 2560 1152 τοῦ
2593 1097 2729 1151 Θεοῦ
2761 1098 2934 1167 Λόγος
2973 1095 3229 1165 ἀνείληφε
3281 1093 3463 1166 σάρκα
3497 1091 3641 1160 ἀφο-

2044 1211 2062 1243 ι
2116 1191 2244 1264 ρῶν,
2275 1192 2369 1246 καὶ
2409 1191 2476 1244 δι’
2514 1191 2688 1263 αὐτὴν
2738 1189 2884 1244 οὕτω
2938 1187 3362 1259 φανταζόμενος,
3419 1181 3644 1255 Πατρός

2045 1302 2062 1335 ι
2109 1301 2169 1336 τε
2202 1283 2297 1336 καὶ
2323 1281 2455 1336 Υίοῦ
2487 1277 2689 1352 ἔφήσεν
2721 1277 2879 1335 εἶναι.
2907 1279 3065 1334 Οὕτω
3088 1279 3180 1332 τὸν
3220 1277 3350 1331 Υίὸν
3379 1273 3474 1328 τοῦ
3496 1270 3644 1327 Θεοῦ

2045 1394 2063 1426 ι
2114 1374 2362 1448 χωρίζων
2394 1374 2508 1448 (75)
2537 1372 2632 1427 τοῦ
2674 1372 2913 1445 Πατρὺς,
2954 1370 3032 1436 ὡς
3079 1371 3172 1424 καὶ
3213 1368 3328 1422 υἱὸν
3379 1365 3496 1437 (76)
3537 1365 3645 1418 ἀν-

2044 1489 2062 1518 s
2113 1465 2330 1539 θρώπου
2386 1466 2680 1539 χωρίσειεν
2735 1464 2800 1518 ἀν
2838 1481 2921 1527 τις
2959 1462 3052 1516 τοῦ
3113 1459 3258 1516 κατά
3310 1459 3475 1530 φύσιν
3529 1473 3648 1508 πα-

2047 1576 2064 1608 ι
2109 1557 2290 1629 τρός.»
2340 1557 2452 1610 Καὶ
2499 1555 2740 1624 ἐπιλέγει
2793 1555 2951 1626 ἑξῆς·
2994 1573 3014 1606 ε
3043 1554 3106 1607 El
3150 1553 3330 1608 τοίνυν
3376 1550 3470 1604 τὸν
3518 1550 3648 1602 Πα-

2045 1667 2063 1700 ι
2108 1647 2242 1720 τέρα
2273 1647 2571 1720 χωρίζοντα
2599 1647 2790 1700 ἑαυτὸν
2817 1645 2912 1700 τοῦ
2940 1645 3073 1699 Υἱοῦ
3099 1644 3238 1717 πρὸς
3273 1643 3364 1696 τὸν
3393 1641 3648 1696 Μωῦσέα

349 1773 381 1806 -ι
406 1762 701 1824 parantem
743 1749 860 1804 haec
899 1747 967 1802 ad
1009 1745 1212 1802 Mosent
1280 1742 1510 1801 afﬁrmet
1567 1745 1929 1815 prolocutum,

2114 1739 2261 1794 ταῦτ’
2293 1739 2574 1812 εἰρηκέναι
2607 1740 2804 1811 φήσει,
2851 1739 2952 1793 οὐκ
2997 1734 3152 1792 εἶναι.
3184 1737 3276 1791 τὸν
3325 1735 3455 1790 Υίὸν
3501 1733 3648 1788 Θεὸν

363 1861 384 1895 ε
417 1841 660 1913 proiecto
685 1838 962 1904 fatebitur,
995 1852 1101 1891 non
1140 1849 1263 1892 esse
1293 1834 1460 1890 Deum
1492 1834 1584 1904 qui
1629 1842 1714 1888 est
1743 1832 1934 1912 Filius.

365 1955 385 1988 ε
427 1933 707 2002 Quomodo
752 1931 901 1988 enim
953 1929 1044 2000 qui
1078 1929 1191 1997 ait,
1223 1927 1338 1998 Ego
1373 1944 1490 1983 sunt
1521 1927 1612 1998 qui
1663 1941 1800 1992 sum,
1831 1940 1938 1981 non

365 2045 387 2081 ι
415 2027 548 2082 item
578 2038 938 2080 concessurus
960 2029 1081 2087 est,
1118 2020 1260 2090 quod
1289 2020 1380 2091 qui
1413 2029 1520 2086 est,
1550 2034 1609 2076 se
1635 2019 1772 2074 dixit
1797 2032 1936 2086 esse,

364 2117 499 2190 «ζδοᾶ
573 2114 934 2171 diﬂ'erentiam
999 2111 1339 2168 statuendam
1417 2112 1562 2167 inter
1637 2111 1812 2180 ipsum
1885 2115 1942 2164 et

365 2229 387 2264 ε
423 2223 532 2266 non
574 2207 708 2264 ens?
735 2225 756 2261 ε
792 2206 895 2275 Qui
930 2205 976 2261 si
1024 2205 1169 2260 dicat
1202 2200 1398 2258 Filium
1431 2202 1712 2273 bypostasi
1747 2200 1942 2257 distin-

362 2307 510 2358 ctum
554 2301 657 2356 hoc
720 2299 795 2354 ita
849 2297 1268 2368 pronuntiasse,
1313 2293 1425 2364 Ego
1482 2310 1599 2349 sum
1651 2294 1744 2364 qui
1786 2308 1938 2358 sum,

366 2398 428 2460 ›Ῑ‹
471 2393 614 2448 idem
657 2391 726 2447 de
767 2390 931 2446 Patre
971 2403 1190 2460 quoque
1241 2388 1442 2443 dixisse
1492 2384 1937 2442 existimabitur:

360 2485 630 2543 utrumvis
687 2493 866 2538 autem
926 2479 1279 2549 conjunctum
1331 2487 1414 2534 est
1467 2493 1589 2533 cum
1639 2477 1939 2548 impietate.

354 2578 574 2634 “Rursus
598 2590 748 2643 vero,
771 2575 898 2630 dum
920 2573 1136 2629 Patrem
1171 2587 1293 2628 esse
1323 2570 1518 2626 Filium
1541 2569 1774 2640 probare
1805 2570 1939 2634 vult,

362 2670 472 2724 hoc
507 2667 667 2723 modo
687 2665 912 2722 scribit:
947 2685 966 2718 ι
995 2665 1116 2736 Ipse
1143 2665 1288 2720 enim
1321 2661 1665 2719 conﬁtebitur
1691 2662 1943 2731 inquiens

361 2757 455 2834 (Β.
487 2757 696 2831 LXVI],
730 2757 798 2812 In
825 2773 907 2813 me
953 2766 1031 2812 est
1081 2756 1265 2822 Pater,
1301 2764 1350 2810 et
1381 2770 1472 2825 ego
1507 2755 1562 2808 in
1585 2751 1770 2808 Patre.
1801 2753 1940 2809 Eum

358 2867 498 2908 vero
526 2851 629 2906 hoc
655 2848 857 2906 dixisse
877 2863 986 2904 non
1018 2850 1135 2904 sine
1165 2848 1400 2914 ratione,
1436 2855 1531 2901 aut
1555 2862 1582 2901 a
1605 2861 1767 2917 scopo
1781 2847 1944 2903 aber—

363 2950 764 3012 rantem,patet
785 2955 851 2995 ex
880 2939 1287 3012 Apostolidicto
1303 2938 1675 3010 alibi:nempe
1705 2939 1794 2994 ubi
1819 2940 1895 2994 ait
1923 2957 1939 2996 :

351 3033 516 3090 ﬁnus
541 3034 679 3090 enim
706 3041 781 3088 est
813 3033 1093 3100 Dominus,
1122 3048 1230 3088 una
1268 3030 1422 3101 ﬁdes,
1452 3047 1616 3086 unum
1655 3031 1941 3100 baptisma,

2053 1853 2071 1886 ε
2115 1833 2461 1906 ὁμολογήσει.
2530 1833 2655 1897 Πῶς
2713 1831 2822 1906 γὰρ
2887 1834 3126 1904 ἐγχωρεί
3201 1831 3293 1884 τὸν
3374 1828 3649 1898 λέγοντα,

2051 1946 2070 1980 ι
2130 1925 2276 1997 Ἐγώ
2302 1929 2417 1998 είμι
2448 1929 2481 1982 ό
2508 1926 2614 1992 ὢν,
2647 1926 2722 1999 μὴ
2778 1925 3191 1998 συνομολογεῖν,
3220 1924 3304 1978 ὃτι
3350 1921 3494 1976 κατά
3537 1921 3649 1975 ἀν-

2051 2037 2071 2071 ι
2116 2018 2456 2091 τιδιαστολὴν
2527 2018 2623 2072 τοῦ
2697 2019 2773 2092 μὴ
2843 2017 2997 2083 ὄντος
3047 2020 3076 2071 ὀ
3136 2015 3212 2070 ὢν
3259 2015 3452 2070 ἑαυτὸν
3497 2007 3653 2066 εἷναί

2051 2131 2069 2165 ε
2119 2129 2369 2184 φησιν;»
2429 2113 2494 2167 Ei
2540 2112 2600 2167 δὲ
2657 2111 2749 2166 τὸν
2808 2111 2939 2165 Υίὸν
3013 2109 3310 2164 ὑποστάσει
3367 2106 3647 2181 διῃρημέ-

2046 2220 2135 2257 νον
2183 2203 2340 2258 τοῦτο
2390 2204 2589 2274 φάσκει
2644 2203 2824 2274 λέγειν
2881 2201 2943 2256 τὸ
3013 2200 3162 2272 Ἐγώ
3212 2202 3332 2271 ειμι
3405 2201 3437 2253 ό
3520 2195 3635 2262 ὢν,

2044 2294 2241 2349 ταύτὸν
2285 2290 2442 2360 αὖθις
2472 2295 2602 2369 περὶ
2624 2293 2718 2348 τοῦ
2751 2294 2965 2368 Πατρὸς
3005 2292 3185 2362 λέγειν
3224 2290 3646 2364 νομισθήσεται·

2047 2387 2304 2460 ἑκάτερον
2331 2388 2390 2442 δὲ
2417 2387 2623 2442 τούτων
2649 2385 2866 2451 ἀσεϐές.
2891 2385 3004 2440 Καὶ
3037 2384 3151 2458 (77)
3185 2383 3347 2438 πάλιν
3374 2377 3515 2436 εἶναι
3545 2379 3650 2434 τὸν

2047 2479 2270 2551 Πατέρα
2319 2479 2413 2532 καὶ
2461 2479 2553 2532 τὸν
2597 2478 2728 2532 Υίδν
2767 2476 3038 2544 ἐπιδεῖξαι
3082 2476 3443 2548 πειρώμενος,
3495 2470 3652 2525 οὕτω

2046 2571 2269 2645 γράφει·
2306 2589 2324 2623 ε
2361 2570 2536 2635 Αὐτὸς
2583 2569 2693 2643 γάρ
2749 2568 3003 2640 ὁμολογεί
3039 2567 3236 2636 λέγων,
3288 2567 3393 2620 Ἐν
3423 2563 3554 2634 ἐμοὶ
3615 2565 3655 2616 ό

2046 2663 2269 2732 Πατὴρ,
2299 2662 2461 2734 κάγὼ
2485 2664 2558 2718 ἐν
2577 2661 2658 2728 τῷ
2686 2662 2891 2730 Πατρί.
2913 2661 3036 2714 Ὅτι
3064 2659 3125 2713 δὲ
3147 2658 3303 2712 τοῦτο
3329 2659 3429 2728 οὐχ
3454 2655 3655 2718 ἁπλῶς

2045 2754 2167 2808 οὐδὲ
2220 2755 2480 2817 ἀσκόπως
2527 2753 2741 2826 εἴρηκε,
2793 2753 2950 2826 δῆλον
2997 2751 3109 2824 (78)
3163 2751 3258 2804 καὶ
3298 2752 3392 2820 ἀφ’
3438 2749 3652 2821 ἐτέρας

2044 2847 2412 2928 ἀποστσλικῆς
2467 2849 2698 2920 ρήσεως,
2747 2841 2854 2913 Εἷς
2899 2846 3035 2915 γὰρ,
3095 2847 3124 2898 ὁ
3173 2842 3364 2908 εἰπὼν,
3398 2842 3651 2910 Κύριος,

2041 2942 2152 3012 μία
2177 2943 2402 3006 πίστις,
2427 2939 2499 2994 ἐν
2512 2939 2849 3009 βάπτισμα,
2881 2933 2970 3004 εἵς
3000 2935 3167 3004 Θεὸς,
3212 2935 3339 3006 ἔφη,
3372 2934 3474 2989 καὶ
3522 2936 3653 2987 Πα-

2046 3032 2181 3102 τὴρ,
2229 3036 2262 3087 ό
2288 3032 2388 3086 ἐπὶ
2437 3030 2701 3096 πάντων,
2728 3031 2828 3085 καὶ
2866 3029 2966 3084 διὰ
3001 3027 3260 3094 πάντων,
3296 3026 3397 3081 καὶ
3422 3027 3495 3081 ἐν
3521 3026 3650 3080 πᾶ-

364 3143 502 3181 unus
546 3125 686 3180 Deus
729 3134 777 3179 ει
822 3123 1011 3190 Pater,
1058 3125 1151 3194 qui
1196 3133 1274 3178 est
1319 3139 1474 3192 super
1509 3127 1724 3193 omnia,
1766 3134 1816 3178 ει
1854 3141 1938 3192 per

2114 3141 2170 3179 ν.
2214 3125 2399 3195 Ὁρᾷς,
2428 3123 2511 3177 ὅτι
2543 3122 2650 3176 οὐδ’
2680 3120 2913 3176 ἐνταῦθα
2950 3121 3242 3190 ἀφίσταται
3280 3119 3380 3188 τῆς
3411 3134 3657 3189 συμφω-

359 3216 545 3269 omnia
576 3222 625 3268 et
659 3213 715 3266 in
758 3213 999 3266 omnibus
1024 3211 1091 3267 ¹⁶.
1127 3209 1292 3267 Vides
1341 3219 1400 3266 ut
1435 3225 1536 3266 nec
1575 3212 1680 3268 hoc
1725 3213 1782 3267 in
1829 3212 1946 3277 loco

364 3320 396 3360 ε
430 3302 836 3375 conspiratione
870 3303 1132 3358 recedat:
1162 3302 1258 3358 sed
1303 3302 1494 3358 eodem
1531 3304 1697 3358 etiam
1749 3313 1804 3358 et
1856 3303 1946 3360 hic

350 3394 580 3451 ilaboret
608 3393 766 3451 vitio.
815 3392 952 3449 Nam
990 3409 1113 3449 cum
1147 3392 1405 3460 dixisset,
1458 3391 1610 3450 Unus
1651 3404 1725 3450 est
1761 3393 1946 3449 Domi-

343 3503 465 3542 νειιιε
500 3502 520 3542 :
549 3487 748 3559 adjecit
782 3501 998 3558 quoque
1036 3495 1092 3542 et
1133 3502 1273 3541 unus
1319 3497 1394 3542 est
1437 3487 1578 3543 Deus
1603 3527 1620 3556 ,
1657 3489 1946 3558 utquoties

349 3579 584 3641 «Domini
619 3579 779 3634 unius
825 3579 993 3634 faciat
1043 3581 1398 3646 mentionem,
1444 3577 1665 3636 Patrem
1709 3595 1819 3636 uno
1851 3595 1947 3636 eo-

351 3673 599 3744 demque
633 3671 918 3743 complexu
946 3670 1176 3738 ambiat,
1210 3687 1334 3728 cum
1362 3686 1494 3728 vero
1534 3671 1601 3728 de
1634 3672 1798 3729 Patre
1831 3688 1949 3729 ser-

363 3778 582 3824 monem
638 3763 898 3832 instituit,
943 3761 1103 3817 simul
1153 3770 1383 3818 testetur
1429 3779 1537 3820 non
1570 3763 1782 3819 excludi
1811 3763 1946 3819 Ver-

362 3855 495 3912 bum
526 3854 642 3910 Dei.
677 3872 698 3907 ι
739 3853 863 3910 Haec
908 3853 1194 3911 Marcellus
1249 3871 1373 3912 cum
1450 3856 1758 3921 edisserat,
1827 3856 1947 3926 plu-

364 3946 506 4002 rima
571 3947 816 4017 congerit
865 3947 932 4003 de
970 3949 1155 4004 Veteri
1201 3947 1556 4004 Testamento
1609 3949 1942 4016 testimonia,

362 4049 426 4097 ut
455 4040 670 4097 evincat
701 4055 809 4096 non
834 4056 962 4100 esse
994 4043 1104 4098 Deo
1120 4042 1335 4097 Filium.
1363 4043 1455 4097 Ait
1487 4043 1632 4098 enim
1663 4042 1830 4098 Deum
1863 4043 1948 4098 in-

365 4133 602 4189 divisam
655 4135 930 4189 exstitisse
967 4137 1260 4201 unitatem,
1322 4138 1569 4190 eumdem
1621 4141 1677 4190 et
1726 4134 1944 4190 Patrem

363 4239 492 4282 esse
543 4226 634 4294 qui
681 4236 767 4282 est
823 4225 998 4281 Filius
1033 4227 1295 4282 insinuat.
1351 4227 1444 4283 Sic
1482 4236 1666 4283 autem
1703 4229 1941 4283 scribit:

366 4315 458 4389 [Β.
483 4313 720 4390 LXVIII]
755 4335 775 4369 ι
808 4317 946 4383 Quid
979 4318 1160 4387 ergo?
1205 4333 1387 4374 annon
1430 4318 1624 4388 spiritu
1663 4320 1945 4390 obtempev

369 4426 393 4463 ‹
431 4418 646 4477 rantes,
680 4410 945 4488 unitatem
996 4411 1286 4468 indivisam
1324 4411 1410 4468 vel
1449 4413 1686 4483 potentia
1722 4413 1943 4483 quidem

367 4520 389 4555 ε
429 4515 549 4558 esse
597 4501 961 4558 arbitramur?
1003 4503 1166 4560 Certe
1221 4519 1329 4560 non
1383 4505 1765 4560 erraverimus.
1807 4503 1941 4560 Cum

357 4612 387 4646 4
428 4595 659 4652 exertim
713 4609 815 4652 nos
857 4594 1092 4653 Verbum
1139 4596 1269 4652 illud
1334 4598 1598 4662 docuerit,
1655 4597 1942 4652 Dominum

364 4704 389 4739 ε
428 4686 599 4744 Deum
617 4697 766 4744 luunt
815 4690 1090 4756 adorabis,
1123 4701 1174 4744 et
1205 4689 1284 4744 illi
1319 4689 1420 4744 soli
1459 4691 1652 4745 servies
1684 4691 1750 4744 ‘7.
1782 4690 1943 4756 Quod

366 4795 388 4829 ι
429 4777 572 4833 idem
623 4793 719 4849 per
757 4777 1000 4834 Marcum
1052 4780 1442 4853 evangelistam
1502 4780 1762 4850 praedicat
1782 4798 1800 4834 .:
1833 4782 1942 4834 Ae-

369 4886 388 4920 ι
423 4868 632 4924 cedente
667 4880 842 4924 autem
882 4872 953 4924 ad
981 4888 1100 4926 eum
1125 4872 1297 4928 scriba
1339 4872 1568 4938 quodam
1619 4882 1668 4928 et
1715 4873 1943 4928 interro-

370 4975 389 5008 ι
423 4969 600 5028 gante,
665 4965 805 5031 quod
836 4974 966 5016 esset
1029 4965 1338 5019 mandatum
1393 4964 1629 5019 omnium
1679 4966 1938 5035 primum,

368 5068 389 5103 ε
430 5051 702 5121 respondet
725 5053 796 5119 ei,
823 5058 948 5124 quia
979 5055 1288 5109 mandatum
1316 5055 1548 5110 omnium
1582 5055 1808 5123 primum
1839 5066 1938 5124 εει,

2045 3219 2184 3282 νίας,
2219 3215 2356 3270 ἀλλὰ
2384 3215 2479 3270 κα)⁵
2510 3214 2741 3269 ἐνταῦθα
2769 3212 2832 3267 τὸ
2863 3213 2998 3268 αὐτὸ
3036 3210 3328 3266 άπονθεν.
3365 3205 3473 3276 Εἷς
3505 3209 3650 3281 γὰρ,

2045 3309 2235 3376 εἰπὼν,
2262 3310 2499 3378 Κύριος,
2535 3303 2693 3372 αὖθις
2737 3303 2828 3374 εἷς
2852 3305 3020 3374 Θεὸς,
3063 3305 3191 3376 ἔφη,
3221 3305 3328 3369 ἴνα,
3353 3303 3527 3375 ἡνίκα
3580 3303 3655 3356 ἂν

2044 3401 2138 3455 τοῦ
2170 3401 2290 3466 ἐνὸς
2334 3401 2541 3473 Κυρίου
2599 3398 2942 3472 μνημονεύῃ,
2977 3396 3366 3470 περιλαμϐάνει
3402 3395 3504 3449 καὶ
3553 3395 3654 3450 τὸν

2043 3493 2281 3565 Πατέρα·
2313 3493 2480 3565 ἡνίκα
2505 3492 2549 3547 δ’
2572 3492 2639 3546 ἂν
2673 3491 2806 3564 περὶ
2820 3490 2917 3544 τοῦ
2946 3491 3160 3562 Πατρὸς
3185 3489 3342 3563 λέγῃ,
3376 3487 3455 3560 μὴ
3485 3488 3656 3552 ἐκτὸς

2045 3582 2182 3640 εἶναι
2195 3585 2286 3638 τὸν
2309 3585 2482 3656 Λόγον
2501 3583 2596 3638 τοῦ
2615 3583 2753 3638 Θεοῦ
2765 3585 3040 3656 μαρτυρῇ.
3067 3601 3087 3636 ε
3109 3581 3295 3636 Ταῦτα
3317 3579 3659 3652 Μάρκελλος

2044 3676 2236 3743 εἰπὼν,
2267 3677 2397 3748 ἑξῆς
2447 3676 2666 3740 πλείους
2699 3675 2924 3745 συνάγει
2966 3674 3188 3745 γραφὰς
3225 3673 3334 3728 ἀπὸ
3366 3674 3467 3745 τῆς
3530 3673 3659 3727 Πα-

2045 3770 2203 3834 λαιᾶς
2241 3769 2516 3840 Διαθήκης
2546 3771 2626 3834 είς
2653 3767 2928 3835 ἀπόδειξιν
2964 3767 3060 3822 τοῦ
3109 3767 3183 3839 μὴ
3213 3767 3484 3838 ὑπάρχειν
3513 3765 3656 3820 Υἱὸν

2043 3861 2122 3933 τῷ
2173 3861 2314 3932 Θεῷ.
2372 3860 2592 3916 Μονάδα
2640 3859 2772 3930 γοῦν
2829 3856 2970 3913 εἶναι
3023 3859 3328 3931 ἀδιαίρετον
3359 3859 3456 3911 τὸν
3508 3857 3656 3913 Θεὸν

2045 3954 2292 4023 φάσκων,
2346 3954 2511 4008 αὑτὸν
2559 3949 2699 4008 εἶναι
2745 3953 2967 4026 Πατέρα
3016 3952 3112 4007 καὶ
3161 3953 3255 4006 τὸν
3290 3951 3454 4006 αὐτὸν
3500 3947 3656 4007 εἶναι

2047 4047 2158 4115 (79)
2178 4045 2304 4100 Υίὸν
2322 4045 2565 4118 παρίστη
2582 4046 2810 4118 γράφων
2825 4044 3016 4100 τοῦτον
3029 4045 3120 4098 τὸν
3135 4045 3357 4114 τρόπον·
3386 4064 3404 4096 ι
3431 4043 3500 4096 Τί
3523 4040 3653 4112 οὖν,

2051 4157 2069 4191 ι
2115 4138 2166 4191 εί
2212 4137 2324 4209 (80)
2384 4137 2460 4209 μὴ
2518 4136 2597 4209 τῷ
2649 4135 2928 4208 Πνεύματι
2987 4136 3348 4207 προσέχοντες
3407 4133 3654 4206 δυνάμει

2050 4250 2068 4282 ι
2105 4231 2406 4301 ἀδιαίρετον
2455 4230 2556 4302 τὴν
2597 4229 2798 4302 μονάδα
2849 4225 2990 4283 εἶναι
3015 4225 3349 4300 νομίζοιμεν,
3380 4228 3497 4299 ἄρα
3527 4227 3656 4300 (81)

2050 4340 2069 4372 ε
2103 4321 2200 4392 οὐχ
2233 4320 2687 4393 ἁμαρτησόμεθα,
2724 4319 2911 4388 σαφῶς
2943 4318 3038 4374 τοῦ
3087 4319 3263 4388 Λόγου
3292 4317 3654 4384 διδάσκοντος

2051 4434 2068 4466 ε
2109 4415 2276 4486 ἡμᾶς,
2309 4416 2530 4484 Κύριον
2560 4414 2668 4469 τὸν
2691 4417 2843 4470 Θεόν
2870 4430 2987 4469 σου
3011 4413 3492 4482 προσκυνήσεις,
3541 4414 3652 4469 καὶ

2051 4523 2068 4555 ι
2107 4503 2268 4570 αὑτῷ
2309 4505 2476 4574 μόνῳ
2525 4505 2901 4574 λατρεύσεις.
2934 4505 3006 4559 Τὸ
3047 4505 3181 4558 αὐτὸ
3209 4504 3267 4558 δὲ
3295 4503 3391 4558 καί
3418 4503 3514 4560 διὰ
3545 4504 3652 4560 τοῦ

2049 4613 2068 4645 ι
2099 4595 2240 4649 κατὰ
2256 4596 2481 4666 Μάρκον
2525 4596 2847 4666 εὐαγγελίου
2873 4595 3157 4668 κηρύττει·
3211 4594 3379 4662 Ἐνύς
3404 4593 3524 4665 γάρ
3555 4613 3648 4650 τι·

2048 4705 2067 4738 ι
2102 4703 2210 4753 νος
2241 4687 2623 4758 γραμματέως
2651 4689 3096 4756 προσελθόντος
3135 4683 3317 4750 αὐτῷ,
3339 4689 3444 4740 καὶ
3486 4701 3652 4740 avr-

2045 4795 2066 4829 ι
2101 4777 2451 4848 θεινομένου,
2482 4779 2573 4846 τίς
2622 4779 2715 4848 εἴη
2771 4778 2970 4847 πρώτη
3016 4777 3137 4832 τῶν
3177 4777 3468 4840 ἐντολῶν,
3523 4777 3648 4832 ἀπ-

2056 4889 2075 4922 (
2109 4871 2385 4939 εκρίνατο
2403 4871 2547 4941 πρὸς
2573 4873 2761 4926 αὐτὸν
2783 4871 2973 4937 οὕτως
2994 4868 3193 4925 εἰπών·
3217 4868 3468 4922 Πάντων
3479 4868 3646 4938 πρῶ-

2056 4982 2076 5016 ε
2107 4982 2234 5032 τον,
2265 4966 2490 5031 Ἄκουε,
2528 4965 2789 5034 Ἰσραὴλ,
2821 4966 3032 5034 Κύριος
3068 4966 3102 5018 ὁ
3125 4961 3268 5028 Θεὸς
3302 4959 3498 5031 ἡμῶν,
3521 4963 3648 5016 Κύ-

2055 5076 2074 5108 σ
2094 5074 2228 5126 ριος
2249 5054 2336 5124 εἷς
2367 5057 2518 5112 ἐστι.
2552 5057 2663 5113 Kal
2693 5055 3031 5128 ἀγαπήσεις
3079 5056 3304 5125 Κύριον
3333 5051 3445 5107 τὸν
3487 5055 3646 5108 Seds-

437 5261 498 5320 ᾖ(
527 5255 623 5311 Ed.
649 5254 846 5322 Paris.,
875 5271 995 5328 pag.
1021 5257 1142 5314 I51.
1220 5260 1265 5291 "
1297 5259 1467 5316 Exod.
1498 5275 1582 5326 tu,
1621 5261 1710 5316 I4.
1791 5263 1834 5294 “‘
1866 5264 1938 5335 Ep

2123 5281 2174 5333 ι’,
2205 5264 2260 5328 5,
2287 5261 2344 5319 6.
2423 5263 2465 5295 ’⁷
2499 5263 2690 5320 Matth.
2729 5279 2803 5331 Iv,
2839 5263 2928 5318 10.

436 5456 546 5530 (75)
587 5457 705 5530 Ter,
726 5460 862 5514 Υίὸν
893 5460 1001 5514 τοῦ
1040 5459 1211 5524 Θεοῦ,
1245 5459 1520 5530 χωρίζων,
1541 5461 1676 5518 forte
1701 5463 1791 5518 τὸν
1813 5463 1942 5518 Υἱὸν

364 5526 610 5606 χωρίζων
626 5529 719 5606 τοῦ
739 5530 872 5584 Θεοῦ
901 5530 996 5584 καὶ
1022 5526 1360 5602 Πατρὸς,’ὼ’ς
1389 5534 1483 5588 καὶ
1498 5526 1614 5589 υίὸν
1639 5534 1929 5606 ἀνθρώπου

364 5597 646 5668 χωρίσειεν
667 5599 731 5653 ἀν
760 5616 864 5663 τις.

436 5616 444 5647 ι
486 5613 646 5664 ισειεν
667 5613 731 5653 αν
760 5616 864 5663 τις.

436 5613 547 5806 ᾃϋ)
584 5667 749 5739 Vulgo
769 5669 957 5752 ἀν.τὸν
991 5670 1122 5725 υίὸν.

471 5736 689 5806 r7)_Kal
722 5749 804 5796 est
843 5756 898 5796 tn
932 5743 1086 5797 codd.

461 5735 710 5809 ’Πλιςαῐ
722 5749 804 5796 εει
843 5741 898 5796 in
932 5743 1086 5797 codd.

2122 5466 2234 5539 (78)
2259 5466 2430 5539 Δῆλον
2461 5465 2573 5539 [ἂν]
2608 5464 2702 5539 κριί
2731 5463 2912 5535 vulso.

2121 5537 2233 5606 (79)
2270 5536 2435 5606 vulgo
2455 5536 2545 5590 τὸν
2561 5536 2709 5606 υἱόν.

2103 5599 2226 5678 (8οί
2247 5609 2349 5678 Ἶσ.
2371 5599 2474 5678 μέν
2496 5607 2620 5678 Μι)ζ
2645 5602 2968 5678 Mox__vulgo
2988 5599 3316 5678 νομίζομεν.

2117 5619 2218 5678 ξδυ)
2248 5619 2349 5661 Ἱσ.
2375 5619 2474 5678 μεν
2511 5619 2620 5694 ιιιρὲ
2645 5619 2763 5659 mox
2809 5619 2968 5728 vulgo
2988 5619 3155 5689 νομιςι

2117 5679 2224 5749 (8i)
2255 5677 2426 5749 Vulgo
2456 5677 2560 5732 οὐκ
2588 5693 2716 5747 αρα,
2755 5673 2861 5744 Mp.
2935 5689 3001 5744 ρα
3031 5689 3155 5726 ουκ,
