3828 6222
215 354 329 414 945

1157 356 1246 415 DE
1297 360 1828 420 ECCLESIASTICA
1866 362 2260 424 THEOLOGIA
2293 367 2421 424 LIB.
2460 367 2523 425 ﬂ.

3377 377 3484 439 946

223 493 249 530 s
288 492 429 542 σου,
457 475 526 543 ἐξ
551 475 701 546 ὅλης
718 475 832 546 τῆς
886 475 1097 547 ψυχῆς
1121 475 1235 550 (82)
1264 493 1405 543 σου,
1432 479 1532 534 καὶ
1571 480 1640 544 ἐξ
1663 479 1804 548 ὅλης

1920 499 1938 533 ι
1977 481 2122 537 Audi
2149 482 2343 552 Israel,
2375 484 2636 542 Dominus
2668 485 2809 541 Deus
2839 497 3034 557 noster,
3063 489 3204 547 Deus
3229 509 3361 549 unus
3380 506 3477 558 est.

224 588 246 622 ι
279 569 392 639 τῆς
405 571 620 638 ἰσχύος
639 584 780 625 σου.
793 569 957 637 Αὕτη
977 570 1198 638 πρώτηο
1229 569 1331 622 καὶ
1361 569 1612 640 δευτέρα
1633 573 1807 641 ὁμοία

224 681 245 715 ι
279 662 486 731 ταύτῃ·
506 661 853 733 Ἀγαπήσεις
863 660 969 716 τὸν
987 663 1255 731 πλησίον
1283 679 1400 718 σου
1415 663 1496 729 ὡς
1522 664 1802 718 σεαυτόν.

225 771 248 804 s
286 753 508 817 Μείζων
547 755 776 810 τούτων
805 753 965 822 ἄλλη
993 753 1215 824 ἐντολὴ
1245 755 1358 808 οὐκ
1389 755 1543 809 ἐστι.
1588 755 1700 808 Καὶ
1730 749 1808 808 εἶ-

223 865 247 898 s
276 864 390 908 πεν
415 845 562 918 αὐτῷ
595 850 624 902 6
655 846 1038 920 γραμματεύςο
1077 846 1309 914 Καλῶς,
1332 847 1686 914 διδάσκαλε,
1711 847 1804 902 ἐπ’

228 957 248 990 ι
285 939 569 1008 ἀληθείας
618 936 810 1007 εἶπας,
853 940 944 995 ὅτι
987 935 1076 1007 εἷς
1121 941 1293 996 ἐστιν
1315 944 1348 996 ὀ
1379 940 1525 1009 Θεὸς
1553 940 1654 996 καὶ
1694 944 1806 997 οὐκ

225 1050 252 1082 ι
280 1033 414 1087 ἐστι
441 1032 610 1102 πλὴν
640 1032 847 1089 αὑτοῦ.
888 1032 1028 1086 Ἀλλ’
1073 1034 1103 1086 6
1148 1032 1247 1105 μὲν
1293 1034 1676 1105 γραμματεὺς,
1718 1032 1808 1088 διὰ

231 1139 251 1174 t
283 1121 378 1176 τοῦ
405 1123 574 1194 νόμου
611 1125 711 1196 τὴν
739 1124 850 1196 (85)
879 1123 1186 1178 θεοσέϐειαν
1214 1123 1591 1195 μεμαθηκέναι
1612 1124 1804 1192 δοκῶν,

226 1236 250 1269 s
284 1217 522 1271 ἐπαινῶν
555 1217 616 1271 τὸ
644 1217 739 1272 τοῦ
768 1218 1020 1290 Σωτῆρος
1065 1216 1226 1289 ῥητὸν
1258 1218 1528 1287 φαίνεται,
1575 1219 1805 1284 Ἄκουε,

227 1326 252 1360 s
285 1306 552 1376 Ἰσραὴλ,
581 1307 774 1376 λέγων,
804 1307 1019 1376 Κύριος
1045 1309 1080 1362 ό
1110 1307 1253 1374 Θεὸς
1272 1321 1388 1362 σου
1412 1301 1500 1374 εἷς
1529 1308 1679 1362 ἐστι·
1712 1307 1808 1361 καὶ

229 1416 252 1450 ‹
287 1397 436 1469 ὅρκῳ
495 1396 676 1462 καλῶς
709 1396 957 1469 εἰρῆσθαι
1012 1398 1421 1468 πιστευόμενος
1491 1397 1610 1450 Ἐπ’
1655 1399 1808 1467 ἀλη-

233 1510 254 1543 ι
293 1491 456 1557 θείας
504 1491 633 1562 γὰρ,
689 1491 875 1561 φησὶν,
899 1485 1097 1557 εἶπας,
1126 1489 1215 1544 ὅτι
1241 1485 1330 1557 εἷς
1360 1491 1531 1544 ἐστιν
1561 1493 1595 1544 ὀ
1639 1489 1805 1559 Θεὸς,

231 1602 253 1635 ι
296 1583 393 1636 καὶ
417 1583 527 1637 οὐκ
553 1583 725 1638 ἔστιν
750 1582 940 1649 ἄλλος
972 1581 1140 1652 πλὴν
1163 1583 1371 1638 αὐτοῦ.
1407 1585 1471 1637 Οἱ
1509 1584 1567 1638 δὲ
1608 1583 1677 1637 τὰ
1708 1585 1810 1655 τῆς

233 1695 253 1727 ι
293 1675 438 1738 Νέας
465 1674 736 1746 Διαθήκης
769 1674 1061 1746 αὐχοῦντες
1101 1675 1296 1729 ειδέναι
1343 1678 1638 1748 μυστήρια,
1663 1669 1819 1730 οὗτοι·

1912 594 1931 628 ι
1974 575 2044 632 Et
2077 577 2264 647 diliges
2289 577 2579 632 Dominum
2603 576 2769 632 Deum
2798 588 2945 633 tuum
2971 596 3036 635 ea:
3057 591 3164 636 toto
3190 585 3344 640 corde
3366 594 3480 654 tuo,

1911 687 1929 720 ι
1968 677 2020 722 et
2058 684 2124 724 ea:
2157 677 2269 723 tota
2313 669 2496 724 anima
2537 679 2650 735 tua,
2681 677 2729 723 et
2775 685 2842 725 ea:
2869 680 2978 726 tota
3003 681 3172 727 mente
3195 683 3308 741 tua,
3335 685 3384 732 et
3415 693 3482 733 ea:

1912 777 1930 810 ι
1973 767 2085 812 tota
2139 759 2332 838 uirtute
2382 769 2500 814 tua.
2560 759 2676 814 Hoc
2721 769 2797 815 est
2849 762 3080 827 primum
3136 771 3188 818 et
3233 781 3481 836 magnum
3517 757 3552 826 εξ

1911 866 1930 901 ι
1973 851 2304 905 mandatum.
2359 849 2667 906 Secundum
2705 860 2882 906 autem
2909 853 3080 909 simile
3107 864 3184 910 est
3205 856 3303 922 illi,
3335 857 3480 913 Dili-
3526 840 3544 890 ⁵

1911 959 1940 993 ις
1966 957 2054 1012 ges
2077 943 2372 1011 proximum
2401 952 2550 996 tuum
2602 950 2851 1013 tanquam
2889 945 3132 1013 teipsum.
3164 944 3344 1017 Majas
3381 949 3480 1002 Ito-

1913 1050 1936 1086 ι
1969 1049 2085 1087 rum
2110 1032 2260 1087 aliud
2290 1033 2604 1088 mandatum
2655 1050 2769 1088 non.
2808 1044 2903 1090 est.
2959 1033 3027 1090 Et
3053 1035 3132 1091 ait
3161 1036 3236 1093 illi
3263 1039 3438 1095 scriba
3460 1059 3478 1095 :

1911 1142 1930 1177 ι
1963 1123 2104 1179 Bene
2145 1126 2418 1196 magister,
2463 1125 2520 1178 in
2563 1125 2783 1180 ueritate
2813 1125 3021 1194 dixisti,
3068 1127 3210 1194 Quia
3241 1145 3376 1185 unus
3406 1141 3482 1186 est

1912 1234 1939 1268 ι
1968 1215 2130 1282 Deus,
2159 1225 2211 1273 et
2240 1233 2347 1272 non
2371 1216 2612 1273 estalius
2633 1227 2823 1288 praeter
2842 1235 2962 1274 eum
2983 1219 3048 1274 ⁸⁸.
3077 1218 3269 1278 Scriba
3299 1231 3481 1279 autem

1912 1327 1932 1360 ι
1971 1308 2097 1375 iste,
2131 1317 2187 1364 et
2229 1307 2345 1379 lege
2381 1307 2606 1362 edoctus
2651 1308 2908 1378 pietatem
2937 1318 2994 1366 et
3019 1325 3208 1368 verum
3239 1313 3331 1368 Dei
3364 1313 3482 1368 cul-

1913 1416 1930 1450 ι
1966 1407 2102 1463 tum,
2154 1397 2370 1453 videtur
2419 1395 2757 1454 collaudasse
2819 1397 2950 1454 illud
3001 1400 3203 1456 dictum
3282 1401 3480 1457 Salva-

1913 1506 1940 1539 ι-
1977 1486 2136 1554 toris,
2171 1487 2337 1552 Audi,
2368 1486 2562 1552 Israel,
2584 1487 2842 1543 Dominus
2858 1487 2998 1545 Deus
3023 1498 3170 1557 tuus,
3189 1489 3330 1547 Deus
3347 1507 3483 1548 unus

1913 1598 1932 1632 ι
1970 1587 2048 1634 est
2079 1618 2095 1646 ,
2145 1586 2212 1636 et
2238 1581 2551 1651 iuramento
2593 1580 2916 1650 interposito
2952 1581 3091 1638 bene
3123 1583 3324 1639 dictum
3353 1599 3484 1641 con-

1915 1688 1948 1722 ι.
1974 1671 2240 1738 ﬁrmasse,
2291 1671 2543 1742 inquiens
2573 1687 2589 1728 :
2617 1669 2686 1726 In
2718 1673 2932 1726 veritate
2959 1673 3084 1728 bene
3103 1673 3309 1740 dixisti,
3342 1673 3485 1746 quod

235 1789 254 1822 ι
294 1769 388 1824 καὶ⁸
409 1767 660 1840 δεύτερον
681 1767 1040 1824 ἀναπλάττειν
1055 1768 1186 1824 Θεὸν
1208 1768 1489 1839 βούλονται
1511 1769 1804 1824 ὑποστάσει

1917 1780 1946 1813 ι.
1974 1778 2109 1816 unus
2140 1761 2287 1816 Deus.
2312 1771 2412 1827 est,
2457 1778 2563 1816 non
2610 1771 2686 1816 est
2723 1760 2861 1816 alius
2892 1761 2958 1816 ab
3002 1763 3116 1820 illo.
3162 1766 3237 1820 At
3285 1766 3377 1837 qui
3421 1780 3486 1822 se

233 1878 253 1912 ι
289 1862 381 1915 καὶ
425 1831 649 1932 δυνάμει
704 1857 1070 1932 χωριζόμενον
1129 1831 1224 1914 τού
1265 1860 1499 1933 Πατρός.
1536 1879 1555 1914 ι
1586 1859 1804 1926 Τούτοις

1913 1871 1933 1904 ι
1975 1852 2291 1923 gloriantur.
2329 1851 2464 1909 Νονί
2493 1853 2831 1909 Testamenti
2865 1855 3127 1922 mysteria
3159 1831 3484 1928 intelligere,

226 1949 546 2021 προστίθησι
612 1950 1038 2014 κατασκευάζων
1075 1949 1160 2004 ὅτι
1207 1945 1288 2015 εἷς
1335 1952 1486 2006 ἐστιν
1549 1955 1578 2007 6
1651 1953 1804 2018 Θεὸς,

226 2037 324 2091 καὶ
343 2037 425 2091 ὅτι
454 2037 528 2108 μή
559 2038 705 2091 ἐστιν
737 2037 867 2102 Υἱὸς
896 2037 985 2092 διὰ
1009 2040 1235 2094 τούτων.
1279 2059 1298 2092 ι
1338 2041 1465 2096 Ὅτι
1499 2041 1555 2096 δὲ
1586 2042 1684 2112 τὴν
1713 2061 1808 2114 μο-

230 2146 252 2180 ι
285 2127 417 2182 νάδα
445 2127 647 2199 Κύριον
679 2127 774 2182 καὶ
821 2126 954 2182 Θεὸν
998 2123 1107 2182 οἵδε
1134 2129 1318 2184 καλεῖν
1358 2129 1392 2201 ἠ
1433 2128 1554 2183 θεία
1593 2130 1804 2202 Γραφὴ,

228 2240 251 2272 ε
287 2221 390 2292 ήδη
417 2220 512 2274 καὶ
563 2221 628 2274 ὲκ
657 2221 764 2275 τῶν
795 2220 1212 2293 προειρημένων
1233 2222 1394 2292 δῆλον
1421 2222 1611 2292 γέγονε
1638 2223 1704 2277 δι’
1732 2218 1807 2278 ὧν

231 2331 251 2364 ι
290 2314 426 2384 πρὸς
475 2313 567 2369 τὸν
615 2313 807 2368 ἑαυτοῦ
853 2313 1170 2386 θεράποντα
1202 2315 1406 2369 Μωσέα
1446 2317 1475 2369 6
1523 2315 1652 2380 Θεὸς
1679 2315 1802 2387 ἔφη·

227 2422 251 2456 ι
287 2399 436 2458 Eine
461 2403 530 2457 δὲ
553 2407 584 2457 ό
611 2403 756 2470 Θεὸς
785 2403 974 2458 πάλιν
1002 2403 1152 2472 πρὸς
1183 2402 1418 2458 Μωσέα·
1444 2403 1641 2470 Οὕτως
1655 2403 1808 2472 ἐρεῖς

227 2515 250 2548 ι
286 2495 412 2562 τοῖς
438 2495 591 2562 υἱοῖς
623 2493 860 2564 Ἰσραήλ
885 2494 1016 2568 (84)’
1055 2495 1270 2563 Κύριος
1303 2497 1336 2549 ὀ
1363 2495 1508 2558 Θεὸς
1544 2493 1661 2548 τῶν
1694 2509 1806 2548 πα-

227 2607 250 2640 s
297 2586 481 2656 τέρων
510 2585 696 2656 ὑμῶν,
731 2589 764 2641 ό
785 2583 930 2652 Θεὸς
968 2585 1216 2654 Ἀϐραὰμ
1241 2584 1342 2638 καὶ
1367 2587 1400 2639 ό
1430 2584 1574 2651 Θεὸς
1611 2585 1806 2639 Ἰσαὰκ

226 2697 250 2730 s
290 2678 390 2732 καὶ
427 2681 461 2732 ό
501 2676 644 2744 Θεὸς
685 2675 900 2741 Ἰακὼϐ,
935 2674 1286 2730 ἀπέστανικέ
1303 2675 1550 2745 μεπρὸς
1575 2675 1749 2745 ὑμᾶς.
1783 2694 1801 2728 ι

238 2772 402 2844 Ὁρᾷς
434 2771 599 2834 ὅπως,
632 2770 692 2824 ἓν
729 2770 1036 2833 ἐπιδεικνὺς
1072 2769 1204 2840 ἡμῖν
1234 2767 1466 2822 ἐνταῦθα
1492 2767 1803 2839 πρόσωπον,

221 2863 288 2917 τὸ
329 2863 461 2917 αὐτὸ
515 2863 720 2936 Κύριον
762 2862 858 2916 καὶ
900 2862 1032 2916 Θεὸν
1079 2859 1491 2932 προσαγορεύει.
1537 2857 1705 2924 Αὖθίς
1745 2878 1806 2914 τε

220 2957 424 3029 ὁμοίως
437 2959 470 3030 ὴ
489 2957 680 3029 Γραφὴ
691 2955 858 3025 λέγει·
874 2955 983 3010 Kal
999 2955 1227 3025 ὲλάλησε
1244 2954 1446 3027 Κύριος
1457 2953 1667 3018 πάντας
1680 2955 1808 3019 τοὺς

221 3047 416 3116 λόγους
450 3045 671 3109 τούτους
695 3045 886 3114 λέγων·
936 3043 1078 3114 Ἐγὼ
1099 3045 1317 3113 Κύριος
1345 3046 1378 3098 ὁ
1419 3044 1565 3108 Θεός
1596 3057 1734 3107 σου,
1772 3044 1806 3097 ὁ

1913 1963 1932 1995 ι
1975 1943 2270 1999 secundum
2313 1943 2415 2000 sibi
2459 1945 2772 2019 conﬁngere
2809 1946 2976 2003 Deum
3011 1948 3100 2002 isti
3139 1947 3348 2016 volunt,
3383 1948 3486 2018 hy-

1914 2055 1932 2087 ‹
1970 2036 2173 2107 postasi
2203 2035 2422 2105 quidem
2457 2038 2608 2094 illum
2647 2048 2704 2095 et
2735 2041 2976 2111 potentia
3006 2053 3036 2094 a
3071 2037 3232 2095 Patre
3262 2053 3504 2109 separa-

1914 2147 1932 2181 ι
1971 2137 2105 2185 tum.
2145 2147 2168 2182 ι
2207 2135 2268 2194 ›Ῑ4
2306 2129 2726 2202 Subsequuntur
2758 2132 2957 2204 quibus
2991 2131 3341 2188 eonstabilire
3368 2131 3508 2187 vult‘

1909 2235 2074 2275 unum
2121 2235 2242 2277 esse
2266 2221 2432 2276 Deum
2457 2235 2474 2276 :
2497 2231 2551 2279 et
2581 2223 2724 2294 quod
2764 2240 2871 2280 non
2900 2224 3180 2294 sitFilius,
3199 2225 3299 2283 ista
3326 2242 3484 2282 nem-

1910 2329 1995 2382 pe.
2025 2331 2046 2365 ι
2081 2311 2200 2368 Jam
2217 2317 3033 2374 certeconstatetmanifestein
3058 2318 3511 2387 praecedentibus-

1913 2426 1931 2458 ι
1972 2406 2304 2462 declaratum
2333 2417 2439 2473 est,
2473 2409 2620 2478 quod
2651 2411 2803 2466 novit
2826 2419 3172 2467 sacrosancta
3203 2410 3504 2482 Scriptura-

1914 2519 1932 2551 ι
1967 2500 2233 2556 unitatem
2271 2499 2440 2557 Deum
2495 2512 2662 2574 atque
2696 2503 2983 2559 Dominum
3020 2503 3348 2560 nominare:
3391 2503 3513 2561 ubi”;

1914 2613 1932 2645 ι
1970 2593 2052 2650 sic
2099 2592 2300 2649 aﬂatur
2331 2593 2593 2650 famulum
2625 2611 2782 2651 suum
2828 2594 3030 2652 Mosem
3062 2608 3079 2650 :
3117 2595 3263 2650 Dixit
3309 2604 3496 2650 autem

1913 2705 1933 2739 ι
1971 2686 2114 2742 Deus
2161 2689 2355 2742 iterum
2402 2689 2472 2744 ad
2512 2687 2735 2755 Mosem,
2779 2691 2854 2744 sic
2903 2689 3042 2744 dices
3070 2687 3229 2744 Filiis
3263 2686 3488 2745 Israel:

1914 2795 1932 2828 ι
1969 2776 2227 2832 Dominus
2255 2777 2396 2833 Deus
2438 2789 2650 2850 patrum
2665 2787 2987 2845 vestrorum,
3023 2777 3164 2834 Deus
3190 2777 3484 2846 Abraham,

1911 2888 1931 2920 ι
1966 2866 2107 2923 Deus
2134 2866 2315 2936 Isaac,
2354 2878 2403 2923 et
2450 2867 2592 2924 Deus
2618 2869 2785 2924 Iacob
2816 2869 2962 2925 misit
3003 2885 3086 2924 me
3124 2869 3194 2923 ad
3243 2885 3332 2924 vos
3365 2869 3428 2924 ".
3459 2886 3481 2921 ι

1911 2956 2072 3014 Vides
2099 2959 2180 3012 uti
2223 2973 2346 3013 cum
2376 2959 2466 3015 bic
2503 2959 2721 3015 unicam
2759 2973 3048 3030 personam
3088 2958 3301 3026 doceat,
3334 2973 3493 3014 eam-

1907 3050 2029 3105 dem
2061 3058 2115 3104 et
2142 3049 2428 3106 Dominum
2457 3051 2691 3122 appellet
2710 3059 2765 3107 et
2787 3050 2978 3106 Deum.
3023 3049 3130 3106 Sed
3181 3058 3237 3106 et
3283 3049 3492 3106 iterum.

216 3139 529 3210 ἐξαγαγών
557 3152 630 3192 σε
649 3137 718 3191 ἐκ
741 3137 855 3208 τῆς
869 3136 1189 3206 Αἰγύπτου,
1211 3135 1281 3200 ἐξ
1309 3135 1479 3189 οἴκου
1500 3134 1801 3200 δουλείας-

1910 3141 2189 3212 Scriptura
2245 3143 2322 3198 ita
2383 3141 2668 3214 loquitur:
2725 3141 2795 3198 Et
2838 3143 3054 3198 locutus
3093 3151 3178 3197 est
3224 3143 3496 3198 Dominus.

221 3234 335 3287 οὐκ
381 3230 628 3285 ἔσονταί
662 3243 762 3284 σοι
801 3228 926 3284 θεοὶ
945 3227 1133 3296 ἕτεροι
1167 3225 1335 3296 πλὴν
1355 3226 1523 3297 ἐμοῦ.
1565 3226 1806 3291 Ἀκούεις

218 3324 372 3385 ὅπως
403 3320 492 3375 διὰ
521 3323 621 3392 τῆς
655 3320 1002 3390 ἀντωνυμίας
1026 3318 1123 3372 ἕνα
1155 3312 1296 3370 εἶναι
1318 3316 1450 3372 Θεὸν
1485 3317 1644 3388 μόνον
1672 3317 1808 3370 ἀπο-

223 3410 493 3482 φαίνεται.
558 3410 669 3463 Καὶ
724 3405 880 3473 αὖθις
928 3407 1121 3480 μικρὸν
1173 3406 1418 3478 ὕστερον,
1487 3405 1635 3477 Ἐγώ
1689 3409 1806 3476 εἰμι

221 3505 438 3573 Κύριος
461 3504 496 3556 0'
527 3502 672 3568 Θεός
707 3514 848 3565 σου,
888 3500 1072 3570 φησίν
1105 3497 1295 3554 ἑαυτὸν
1325 3497 1531 3570 Κύριον
1561 3498 1656 3552 καὶ
1673 3497 1806 3552 Θεὸν

221 3593 364 3651 εἶναι
390 3593 584 3665 λέγων.
635 3593 701 3647 Τι
739 3593 796 3647 δὲ
837 3592 932 3646 καὶ
968 3591 1037 3645 διτ
1085 3591 1278 3665 ἐτέρας
1321 3590 1541 3664 γραφῆς
1598 3589 1805 3662 μανθά-

221 3687 550 3760 νομεν;Καὶ
565 3687 771 3756 γνώσῃ
799 3685 1083 3755 σήμερον,
1109 3684 1262 3757 φησὶ,
1291 3683 1392 3738 καὶ
1415 3685 1488 3738 οὐ
1521 3683 1804 3753 διαστρα-

219 3781 393 3853 seriem
425 3778 498 3849 τῇ
543 3779 795 3846 διανοίᾳ,
846 3777 937 3832 ὅτι
981 3777 1198 3846 Κύριος
1231 3779 1264 3832 ό
1287 3777 1434 3842 Θεός
1458 3789 1597 3840 σου,
1626 3771 1806 3842 οὗτος

223 3873 370 3940 Θεὸς
391 3869 556 3938 ὲντῷ
581 3869 814 3939 οὐρανῷ
834 3869 934 3924 καὶ
955 3869 1054 3924 ἐπὶ
1086 3868 1198 3939 τῆς
1222 3868 1336 3941 γῆς
1352 3868 1532 3934 κάτω,
1567 3868 1665 3923 καὶ
1692 3869 1805 3924 οὐκ

217 3965 356 4020 ἐστι
378 3963 547 4032 πλὴν
577 3964 784 4018 αὑτοῦ.
816 3963 927 4016 Kal
955 3958 1112 4027 αὖθις
1140 3964 1199 4016 ὲν
1216 3961 1296 4034 τῷ
1324 3961 1474 4033 αὐτῷ
1494 3963 1806 4034 Δευτερονο-

224 4058 356 4130 μεῳ,
399 4059 638 4121 Ἄκουε,
673 4055 933 4125 Ἰσραὴλ,
971 4056 1125 4127 φησὶ,
1151 4057 1364 4124 Κύριος
1383 4057 1416 4109 ὀ
1447 4054 1590 4121 Θεὸς
1613 4051 1802 4124 ὑμῶν,

220 4152 438 4219 Κύριος
465 4144 553 4216 εἷς
580 4148 730 4202 ἐστι·
764 4147 862 4203 καὶ
901 4147 1235 4219 ἀγαπήσεις
1279 4147 1496 4216 Κύριον
1519 4147 1627 4200 τὸν
1657 4147 1806 4202 Θεόν

219 4257 341 4297 σου
392 4240 462 4306 ἐξ
516 4241 665 4309 ὅλης
707 4240 817 4310 τῆς
846 4239 1092 4310 καρδίας
1117 4256 1254 4304 σου,
1285 4239 1386 4293 καὶ
1417 4238 1487 4304 ἐξ
1512 4239 1662 4308 ὅλης
1683 4241 1800 4309 ψυ-

218 4331 340 4403 χῆς
377 4347 517 4395 σου,
570 4332 669 4386 καὶ
693 4331 763 4397 ἐξ
797 4332 946 4400 ὅλης
965 4331 1252 4396 διανοίας.
1284 4331 1395 4384 Kal
1432 4329 1593 4384 πάλιν
1617 4331 1676 4384 ὲν
1723 4329 1802 4402 τῷ

219 4423 608 4495 αύτῷ·¹Ἰδετε,
640 4425 814 4488 ἴδετε,
832 4422 920 4477 ὅτι
948 4421 1061 4494 ἐγώ
1081 4425 1215 4492 ειμι,
1243 4421 1341 4475 καὶ
1364 4423 1476 4476 οὐκ
1502 4421 1631 4475 ἐστι
1658 4420 1803 4488 Θεὸς

219 4514 392 4582 πλὴν
419 4515 586 4584 ἐμοῦ,
620 4513 736 4584 ἐγὼ
768 4511 1075 4568 ἀποκτενῶ
1111 4512 1210 4567 καὶ
1258 4510 1368 4581 ζῇν
1407 4513 1660 4579 ποιήσω,
1693 4528 1802 4565 πα·
1833 4501 1877 4558 Ι)

218 4605 380 4672 τάξω
420 4606 519 4660 καὶ
563 4605 821 4676 ἰάσομαι.
859 4604 983 4669 Πῶς
1011 4600 1104 4658 οὖν
1137 4603 1430 4676 Ἀστέριος,
1465 4605 1586 4668 ταῖς
1617 4603 1803 4674 ἁγίαις

217 4699 467 4772 Γραφαῖς
515 4697 701 4762 ἁπλῶς
729 4698 824 4752 καὶ
845 4697 1097 4769 ὲμφόόως
1132 4696 1446 4750 ἀκολουθεῖν
1474 4695 1804 4767 προσποιού-

222 4807 405 4862 μενος,
433 4791 533 4843 οὐκ
577 4789 718 4858 ἔγνω
751 4789 814 4842 τὸ
852 4787 1017 4860 μέρος
1042 4787 1201 4840 τοῦτο
1219 4787 1395 4857 λέγον·
1437 4786 1549 4860 (85)
1588 4788 1803 4856 Κύριος

217 4887 254 4938 ὁ
289 4885 432 4949 Θεός
470 4898 606 4945 σου,
643 4875 822 4948 οὗτος
874 4880 1018 4946 Θεὸς
1055 4879 1166 4950 (86)
1192 4879 1262 4933 ἐν
1297 4878 1379 4945 τῷ
1401 4877 1654 4947 οὐρανῷ,
1700 4878 1801 4933 καὶ

214 4972 317 5025 ἐπὶ
347 4971 457 5040 τῆς
482 4970 596 5041 τῆς
615 4970 792 5034 κάτω,
827 4969 925 5024 καὶ
951 4970 1063 5023 οὐκ
1097 4967 1229 5022 ἔστι
1257 4967 1424 5036 πλὴν
1451 4967 1658 5022 αὐτοῦ.
1689 4968 1801 5021 Kal

211 5067 302 5120 ὅτι
343 5061 422 5128 εἷς
467 5065 612 5118 ἔστιν
657 5063 737 5117 ἔτι
769 5063 865 5117 καὶ
889 5060 1029 5134 πλὴν
1070 5060 1236 5116 αὑτοῦ
1282 5061 1382 5114 οὐκ
1415 5060 1561 5115 ἔστιν
1586 5060 1792 5134 ἕτερος.

215 5155 331 5212 Kal
349 5154 466 5226 μεθ’
482 5155 642 5225 ἕτερα
655 5151 866 5217 τούτοις
880 5147 1036 5216 αὖθις
1049 5149 1371 5223 προστίθησι
1393 5148 1587 5219 λέγων·
1611 5167 1631 5202 ι
1670 5149 1796 5215 Πῶς

297 5341 357 5399 ›Ῑ‹
392 5335 492 5390 Ed.
521 5334 719 5402 Paris.,
755 5352 878 5405 pag.
910 5335 1033 5392 152.
1186 5334 1230 5405 ⁸7⁸
1255 5331 1430 5405 Marc.
1463 5349 1562 5401 xu,
1601 5334 1791 5391 28-52.

216 5408 268 5441 "
296 5406 540 5473 Deutav,
573 5405 662 5461 59.
737 5408 785 5440 ³³
809 5404 965 5464 Deut.
995 5423 1049 5461 vr
1104 5408 1161 5473 4,
1198 5404 1251 5460 5.
1329 5404 1377 5437 "
1411 5404 1564 5460 Deut.
1603 5421 1774 5473 xxxii,
1806 5405 1896 5463 39.

296 5632 410 5703 (8‘2)
436 5630 610 5701 Vulgo
626 5629 1018 5703 ,τῆςλκαρδίαᾳ
1050 5627 1168 5685 Mox
1224 5628 1384 5702 vulgo
1433 5635 1550 5700 post
1611 5626 1801 5700 πρώτη

219 5699 346 5759 add.
383 5699 477 5773 καὶ
503 5699 710 5773 μεγάλη
736 5701 782 5773 ἠλ
811 5699 1021 5770 ἐντολή.
1120 5743 1122 5746 ,

291 5771 408 5844 (δε)
434 5771 547 5844 Τήν
572 5771 731 5844 value
755 5771 920 5844 σρροει.

317 5838 409 5913 84)
437 5838 610 5914 vulgo
640 5838 734 5895 τοῦ
768 5841 896 5912 Ἰσρ.

1907 3235 2088 3290 omnia
2128 3235 2244 3288 limo
2295 3236 2482 3301 verba,
2537 3235 2786 3305 inquiens
2827 3248 2845 3288 :
2911 3233 3026 3304 Ego
3053 3233 3312 3290 Dominus
3347 3232 3498 3289 Deus.

1910 3337 2032 3382 tuus
2056 3367 2074 3394 ,
2139 3327 2232 3398 qui
2285 3337 2334 3382 te
2363 3327 2522 3382 eduxi
2551 3327 2616 3382 de
2654 3336 2798 3382 terra
2819 3326 3057 3398 ngypti,
3082 3325 3147 3381 de
3186 3325 3342 3380 domo
3374 3332 3489 3381 ser-'-

1909 3419 2110 3473 uitutis.
2168 3415 2292 3472 Non
2343 3427 2493 3472 erunt
2539 3417 2634 3472 tibi
2691 3418 2769 3472 dii
2837 3417 2932 3472 alii
2956 3417 3346 3486 praterme“.
3393 3413 3487 3472 Vi-

1907 3509 2005 3564 des
2053 3517 2113 3562 ut
2153 3523 2249 3578 per
2287 3522 2584 3578 pronomen
2627 3507 2716 3563 bic
2744 3523 2908 3562 unum
2933 3507 3102 3562 Deum
3134 3506 3309 3563 solum
3341 3506 3485 3562 indi-

1907 3611 2012 3658 cet.
2061 3600 2132 3657 Et
2176 3609 2298 3672 post
2347 3614 2517 3669 pauca
2545 3619 2560 3656 :
2588 3599 2701 3671 Ego
2731 3616 2847 3654 sum
2878 3598 3132 3654 Dominus
3165 3598 3307 3654 Deus
3338 3607 3496 3666 tuus,

1907 3691 2084 3762 inquit
2109 3692 2155 3724 ’ί
2184 3710 2198 3748 :
2235 3705 2295 3747 se
2327 3701 2384 3747 et
2413 3689 2583 3746 Deum
2626 3705 2747 3746 esse
2781 3687 3068 3762 proﬁtetur
3108 3697 3271 3760 atque
3297 3688 3484 3744 Domi-

1906 3798 2060 3839 num.
2091 3782 2246 3851 Quod
2277 3790 2332 3838 et
2357 3781 2425 3838 ab
2461 3781 2564 3837 alia
2596 3782 2873 3850 Scriptura
2909 3781 3224 3847 edocemur,
3253 3797 3372 3853 qua:
3401 3781 3483 3838 sio

1906 3872 2164 3943 loquitur,
2201 3872 2491 3942 Cognosces
2533 3870 2687 3924 hodie
2723 3885 2885 3940 neque
2916 3869 3236 3939 cogitatione
3260 3883 3478 3938 peruer-

1905 3965 2054 4030 teris,
2093 3964 2234 4035 quod
2259 3963 2516 4019 Dominus
2542 3962 2685 4017 Deus
2712 3971 2853 4028 tuus,
2879 3961 3022 4017 Deus
3053 3961 3140 4015 ille
3180 3961 3248 4015 sit
3271 3962 3329 4015 in
3354 3958 3482 4014 callo

1905 4065 1952 4111 et
1982 4071 2138 4125 super
2169 4066 2364 4110 terram
2391 4070 2412 4110 :
2435 4064 2483 4108 et
2513 4070 2618 4108 non
2647 4061 2722 4108 est
2773 4061 2963 4122 praeter
3011 4068 3129 4107 eum
3156 4053 3224 4106 υ.
3273 4051 3486 4106 lterum

1905 4148 2086 4204 denuo
2117 4147 2172 4202 in
2202 4146 2624 4202 Deuteronomio
2669 4144 2766 4210 ait,
2801 4143 2965 4213 Audi,
2994 4143 3192 4211 Israel,
3220 4142 3482 4199 Dominus

1905 4239 2047 4294 Deus
2099 4251 2301 4305 uester,
2352 4238 2493 4293 Deus
2516 4253 2654 4292 unus
2703 4244 2822 4292 est:
2866 4243 2918 4291 et
2963 4235 3149 4306 diliges
3200 4234 3483 4290 Dominum

1907 4330 2077 4386 Deum
2118 4340 2266 4385 tuum
2296 4346 2323 4385 e
2360 4337 2469 4384 toto
2503 4328 2658 4384 corde
2695 4339 2785 4383 tuo
2828 4337 2879 4383 et
2927 4337 3038 4382 tota
3080 4329 3258 4382 anima
3295 4337 3388 4381 tua
3411 4327 3483 4384 ”.

1907 4424 1973 4478 Et
2016 4423 2072 4479 in
2123 4421 2313 4480 eodem
2362 4421 2557 4478 iterum
2587 4439 2601 4474 :
2642 4418 2842 4484 Videte,
2865 4420 3045 4483 uidete,
3077 4419 3217 4489 quod
3244 4433 3338 4488 ego
3365 4431 3484 4471 sunt

1905 4526 1952 4570 et
1991 4531 2094 4568 non
2123 4523 2195 4568 est
2226 4513 2354 4566 deus
2403 4520 2595 4581 praeter
2631 4526 2734 4568 me.
2783 4509 2894 4579 Ego
2934 4509 3192 4575 occidam,
3229 4515 3278 4562 et
3319 4506 3484 4560 uiuere

1906 4607 2127 4676 faciam,
2163 4603 2454 4674 percutiam
2474 4611 2522 4656 et
2548 4604 2747 4655 sanabo
2769 4600 2836 4654 ".
2880 4598 3163 4667 Quomodo
3193 4599 3298 4654 hoc
3323 4599 3484 4653 Aste-

1907 4699 2021 4754 rius
2046 4695 2334 4768 ignorabat
2362 4694 2453 4764 qui
2486 4707 2544 4748 se
2572 4690 2746 4748 videri
2772 4691 2911 4756 vult,
2941 4704 3063 4744 cum
3095 4690 3314 4754 timore,
3347 4688 3483 4743 sim-

1905 4789 2118 4860 pliciter
2137 4795 2436 4845 scrutatum
2469 4799 2654 4840 sacras
2683 4783 2916 4839 Litteras
2947 4799 2961 4836 :
2988 4781 3243 4836 nimirum
3271 4788 3479 4850 partem

1907 4881 2312 4952 Scripturarum
2341 4879 2492 4935 illam
2523 4877 2616 4934 ubi
2647 4877 2866 4943 dicitur,
2885 4875 3142 4930 Dominus
3170 4871 3312 4926 Deus
3335 4881 3498 4946 tuus,‘

1906 4974 2049 5031 Deus
2078 4989 2213 5027 unus
2246 4981 2345 5038 est,
2390 4973 2447 5026 in
2479 4970 2606 5027 ccelo
2628 4986 2856 5035 sursum,
2886 4979 2934 5024 et
2955 4969 3011 5022 in
3036 4977 3176 5022 terra
3202 4966 3480 5028 deorsum,

1903 5071 1952 5117 et
2011 5074 2115 5113 non
2165 5065 2242 5113 est
2269 5067 2464 5126 praeter
2489 5072 2607 5112 eum
2635 5069 2655 5110 :
2684 5055 2826 5126 quod
2860 5067 2999 5108 unus
3030 5051 3139 5119 'sit,
3168 5057 3224 5106 et
3248 5063 3357 5103 non
3396 5057 3482 5102 est

1905 5153 2044 5208 alius
2070 5158 2271 5222 prseter
2300 5148 2476 5205 illum.
2527 5147 2655 5204 Post
2693 5146 2798 5202 alia
2823 5153 2879 5202 et
2906 5144 3058 5203 hisce
3091 5139 3356 5208 annectit,
3397 5137 3479 5193 in-

1905 5337 1948 5370 "
1977 5335 2148 5393 Exod.
2182 5349 2264 5400 ιιι,
2302 5332 2389 5388 l5.
2485 5331 2532 5365 ¹⁰
2553 5331 2724 5388 Exod.
2752 5346 2845 5398 xx,
2893 5329 2951 5395 2,
3008 5329 3044 5384 5
3178 5325 3224 5357 ¹¹
3250 5323 3382 5382 ibid.
3419 5323 3475 5381 5.

1975 5625 2298 5706 (§§).‘.’".‘8°
2319 5626 2519 5706 λέγων·
2638 5705 2641 5706 ,
2866 5697 2878 5706 .
2933 5697 2944 5706 .
3019 5694 3045 5706 -

1901 5685 2087 5840 πλςιενε)
2122 5685 2287 5772 Vulgo
2319 5685 2539 5771 Κύριος,
2597 5705 2649 5756 et
2685 5712 2832 5768 mox,
2863 5697 2955 5750 ἐπὶ
2982 5694 3080 5768 γῆς
3131 5701 3180 5750 et
3224 5688 3338 5748 ἔστι
3381 5685 3480 5748 καὶ
