3828 6222
421 387 524 443 947

1086 385 1362 444 EUSEBll-
1391 385 1872 445 CESARIENSIS‘
1909 384 1991 442 ΟΡ

2101 385 2280 442 ΡΑΒὸ
2315 383 2405 440 IV.
2440 417 2507 426 —
2543 382 2959 441 DOGMATICA.

3567 389 3677 448 968

422 506 614 571 quiens
647 504 734 576 [Β.
771 505 958 576 LXIX]
1005 547 1021 562 .
1070 522 1090 556 ‹
1123 505 1402 571 Quomodo
1431 505 1592 574 igitur
1614 505 1879 560 sacerille
1896 503 1989 559 Je-

2101 524 2114 554 ι
2146 502 2240 557 οὖν
2271 506 2300 556 6
2347 503 2491 574 ἱερὸς
2523 502 2806 573 προφήτης
2867 499 3132 572 Ἱερεμίας
3165 499 3276 572 (87)
3308 501 3367 554 οὐ
3421 502 3675 574 φανερῶς

427 617 447 648 ‹
491 599 684 651 rentias
704 597 971 669 (Baruchl-
992 607 1144 653 vates
1167 615 1273 655 non
1311 609 1497 667 aperte
1521 600 1816 655 convicerit
1838 599 1986 653 illtnn

425 715 442 738 ι
484 691 730 746 docuisse
758 705 1010 759 perversa
1025 692 1056 744 ?-
1081 691 1225 746 Nam
1251 693 1317 746 de
1341 692 1635 748 Servatore
1665 692 1991 747 vaticinatus

425 801 442 829 ι
483 780 569 834 ille
616 781 695 835 ita
729 781 948 851 inquit:
983 783 1090 838 Iste
1141 794 1218 838 est
1261 783 1445 849 Deus,
1499 800 1615 838 nou-
1664 785 1992 853 reputabitur

423 889 441 918 ‹
485 869 623 923 alius
649 870 717 923 ad
739 886 877 934 eum,
915 873 1004 941 qui
1033 873 1227 926 invenit
1254 888 1457 926 omnem
1496 873 1640 927 uiam
1659 873 1990 942 cognitionis,

424 984 443 1010 ι
485 969 536 1013 et
579 961 810 1014 tradidit
841 978 957 1015 eam
983 960 1151 1016 Iacob
1189 979 1349 1032 puero
1375 980 1492 1030 suo,
1529 974 1578 1018 ει
1607 963 1776 1018 Israel
1802 963 1991 1021 dilecto

425 1070 444 1101 ι
488 1068 583 1105 suo
607 1067 634 1106 :»
655 1063 768 1122 post
807 1053 918 1106 hate
948 1070 1111 1122 super
1153 1065 1322 1110 terras
1348 1058 1486 1110 visus
1517 1067 1614 1121 est,
1648 1067 1854 1110 et-cum
1894 1057 1991 1110 ho-

426 1158 445 1190 r
482 1142 708 1196 minibus
729 1155 1060 1199 conversatus
1083 1144 1150 1198 ³⁸.
1183 1163 1203 1196 ι
1234 1143 1431 1199 lterum
1460 1145 1622 1200 infert
1653 1144 1743 1217 [Β.
1783 1145 1846 1212 L,
1865 1147 1988 1201 coll.

422 1249 478 1302 ι).
505 1231 672 1304 lli}:
706 1232 852 1289 «Sed
904 1235 1116 1290 videtur
1145 1235 1198 1289 in
1218 1234 1394 1290 Verbo
1423 1235 1584 1292 Pater
1613 1250 1732 1291 esse
1761 1253 1775 1290 :
1803 1247 1992 1291 utcun-

427 1341 450 1374 ι
486 1339 593 1394 que
639 1325 743 1380 hoc
789 1324 1007 1380 Asterio
1054 1341 1162 1380 non
1207 1327 1288 1381 sic
1343 1327 1575 1396 placeat,
1634 1342 1734 1382 nec
1783 1328 1850 1382 iis
1898 1327 1991 1397 qui

429 1433 452 1465 ι.
481 1414 672 1468 eadem
711 1429 833 1468 cum
863 1414 953 1474 illo
986 1416 1244 1471 sentiunt.
1275 1417 1369 1471 Sic
1397 1417 1542 1471 enim
1572 1417 1755 1471 divino
1782 1417 1855 1471 illi
1885 1417 1991 1471 vati

428 1523 446 1555 ι
493 1505 642 1560 Isaia
709 1505 955 1574 videtur,
1033 1509 1124 1575 qui
1177 1508 1390 1564 locutus
1443 1518 1526 1563 est
1580 1523 1676 1578 per
1733 1507 1990 1577 Spiritum

428 1611 458 1648 ι,
487 1605 752 1658 sanctum,
770 1594 840 1650 Et
859 1597 1148 1652 adorabunt
1166 1598 1283 1665 tibi,
1307 1603 1420 1663 Etet
1443 1598 1499 1652 iu
1520 1608 1568 1652 te
1587 1599 1829 1659 orabunt,
1856 1598 1992 1666 quod

429 1702 460 1737 ι.
485 1687 538 1737 in
564 1697 611 1740 te
639 1687 707 1740 sit
729 1685 869 1740 Deus
892 1695 941 1740 et
966 1703 1068 1740 non
1099 1695 1186 1740 est
1206 1686 1343 1742 alius
1382 1699 1569 1756 prwter
1590 1699 1658 1744 te.
1701 1685 1778 1740 Tu
1805 1687 1993 1742 etenim

427 1795 447 1826 ε
485 1774 622 1830 Deus
647 1791 699 1830 es
724 1776 791 1829 '°.
821 1794 840 1828 ο
876 1775 1040 1832 Vides
1069 1785 1128 1831 ut
1175 1787 1387 1832 evertat
1425 1777 1687 1833 radicitus
1729 1777 1992 1832 artiﬁcio-

2097 614 2113 645 ι
2153 594 2313 648 αὐτὸν
2345 592 2923 665 έτερώιδασκαλοῦντα
2969 590 3208 659 ὲλέγξει;
3265 591 3344 644 Τὰ
3380 593 3492 665 γὰρ
3528 594 3678 648 κατά

2097 705 2114 736 ς
2153 687 2242 740 τὸν
2271 684 2502 755 Σωτῆρα
2531 683 2687 755 ἡμῶν
2715 682 3091 755 προφητεύων,
3127 681 3300 747 οὕτως
3327 684 3448 755 ἔφη’
3481 681 3676 752 θῦτος

2096 797 2113 828 ι
2149 780 2181 830 ό
2215 775 2358 841 Θεὸς
2383 775 2572 844 ἡμῶν·
2601 776 2673 828 σὺ
2699 773 3128 844 λογισθήσεται
3163 773 3362 842 ἔτερος
3393 774 3544 842 πρὸς
3565 776 3678 830 αὐ-

2095 889 2124 919 (ν
2146 868 2270 921 τόν.
2312 866 2544 934 Ἐξεῦρε
2560 863 2767 920 πᾶσαν
2791 863 2936 918 ὁδὸν
2955 863 3313 933 ἐπιστήμης,
3330 864 3427 920 καὶ
3449 864 3682 918 ἔδωκεν

2095 979 2115 1011 ι
2159 956 2457 1023 Ἰακὼϐ·τῷ
2483 955 2645 1010 παιδὶ
2683 955 2891 1019 αὐτοῦ,
2929 954 3027 1008 καὶ
3067 953 3304 1023 Ἰσραὴλ
3331 953 3412 1020 τῷ
3437 955 3678 1024 viras";-

2097 1068 2123 1100 ι
2134 1050 2300 1118 μένῳ
2324 1049 2426 1104 ὑπ’
2459 1048 2668 1103 αὑτοῦ.
2704 1047 2866 1101 Μετὰ
2899 1047 3085 1100 ταῦτα
3141 1044 3251 1117 (88)
3284 1045 3383 1099 ἐπὶ
3426 1044 3539 1115 τῆς
3559 1047 3681 1115 m’c

2099 1155 2120 1186 ι
2145 1136 2331 1205 ὤφθη,
2362 1136 2460 1190 καὶ
2484 1134 2606 1200 τοῖς
2630 1135 2960 1203 ἀνθρώποις
2983 1133 3476 1203 συνανεστράφη.
3512 1154 3532 1186 ι
3560 1135 3681 1189 Καὶ

2092 1229 2252 1283 πάλιν
2280 1228 2596 1301 προστίθησι
2629 1226 2822 1296 λέγων·
2864 1247 2883 1279 ‹
2929 1227 3067 1280 Ἀλλ’
3090 1226 3265 1280 ἔοικεν
3298 1229 3357 1282 ὲν
3395 1227 3474 1299 τῷ
3512 1228 3677 1300 Λόγῳ

2098 1339 2125 1371 ε.
2157 1321 2186 1372 6
2220 1319 2407 1390 Πατὴρ
2435 1314 2595 1383 εἶναι,
2625 1317 2727 1372 κᾶν
2769 1317 3030 1389 Ἀστερίῳ
3061 1318 3135 1390 μὴ
3167 1317 3321 1390 δοκῇ,
3352 1319 3584 1384 καὶτοῖς
3607 1319 3681 1373 τά

2099 1428 2116 1459 ι
2149 1409 2291 1463 αὐτὰ
2311 1408 2506 1477 ἐκείνῳ
2536 1406 2811 1478 φρονοῦσι.
2847 1408 3006 1462 Δοκεῖ
3031 1407 3144 1478 γὰρ
3172 1407 3335 1461 τοῦτο
3369 1407 3448 1478 τῷ
3479 1408 3681 1462 θεσπ-

2097 1519 2114 1550 ‹
2153 1499 2253 1569 σίῳ
2281 1499 2536 1571 προφήτῃ
2561 1498 2779 1569 Ἡσαΐᾳ,
2804 1497 2882 1569 τῷ
2901 1497 2966 1550 δι’
3003 1499 3157 1566 ἁγίου
3183 1498 3391 1566 λέγοντι
3422 1499 3682 1570 Πνεῦμα-

2097 1610 2114 1640 ι
2155 1607 2264 1654 τος,
2316 1589 2428 1642 Καὶ
2459 1588 2962 1658 προσκυνήσουσι
3008 1589 3118 1661 (89)
3164 1606 3284 1656 σοι,
3318 1589 3420 1644 καὶ
3469 1591 3542 1644 ἐν
3572 1592 3679 1645 σοὶ

2098 1701 2115 1732 ι
2151 1680 2610 1750 προσεύξονται,
2650 1681 2740 1734 ὅτι
2768 1681 2838 1734 ἐν
2865 1681 2964 1735 σοὶ
2994 1683 3029 1734 ό
3069 1682 3212 1746 Θεός
3254 1681 3407 1745 ἐστι,
3429 1681 3530 1735 καί
3561 1684 3681 1737 οὐκ

2099 1791 2117 1822 ι
2148 1773 2320 1827 ἐστιν
2341 1771 2530 1838 ἄλλος
2543 1771 2712 1841 πλὴν
2737 1771 2874 1827 σοῦ.
2909 1773 2993 1827 Σὺ
3020 1773 3131 1842 γὰρ
3149 1769 3209 1827 εἷ
3233 1776 3268 1828 ό
3301 1775 3446 1840 Θεός
3478 1773 3614 1845 (90).
3652 1795 3674 1826 ι

422 1881 536 1920 sum
573 1867 894 1935 pravitatem
924 1866 1098 1922 aliena
1125 1870 1428 1924 docentium
1450 1868 1567 1922 'lEt
1591 1868 1854 1924 subinfert
1880 1869 1979 1922 ite-

2101 1863 2256 1934 Ὁρᾷς
2285 1863 2432 1928 ὅπως
2481 1863 2774 1935 πρόρριζον
2815 1863 3107 1936 ἀνατρέπει
3157 1864 3256 1935 τὴν
3305 1864 3413 1918 τῶν
3439 1864 3679 1936 ἑτεροδι-

421 1972 540 2012 rum
569 1957 659 2030 [Β.
691 1958 947 2032 LXVII}:
987 1981 1015 2012 σ-
1058 1961 1211 2026 Quod
1250 1961 1297 2017 si
1335 1961 1502 2026 lubet,
1551 1972 1606 2016 et
1637 1961 1812 2016 adhuc
1852 1960 1987 2015 alias

2101 1953 2496 2011 Βασκαλούντων
2513 1955 2755 2026 ἔντεχνον
2790 1955 3152 2027 κακουργίαν;
3205 1956 3316 2008 Καὶ
3367 1950 3524 2018 αὖθις
3551 1957 3678 2009 ἐπι-

427 2064 448 2098 ι
487 2047 726 2116 ejusdem
775 2050 966 2105 audire
1012 2051 1346 2120 prophetias,
1382 2053 1579 2121 quibus
1619 2067 1782 2106 unum
1834 2051 1989 2106 nobis

428 2156 447 2188 ι
485 2137 766 2195 conﬁrmat
789 2139 980 2206 Deum,
1021 2137 1159 2210 Ego,
1188 2142 1382 2210 inquit,
1420 2142 1556 2197 Deus
1600 2143 1823 2212 primus,
1856 2153 1902 2196 et
1936 2143 1987 2196 iu

429 2247 448 2278 ι
490 2228 670 2296 futura
703 2245 796 2300 ego
827 2245 943 2284 sum
969 2231 1034 2284 ν’.
1083 2231 1234 2296 illud,
1265 2231 1401 2302 Ego,
1434 2248 1593 2286 unam
1620 2232 1770 2287 nobis
1801 2247 1987 2302 perso-

428 2337 450 2370 ι
491 2333 612 2374 nam
640 2319 902 2378 declarat.
948 2321 1076 2376 Duae
1117 2321 1318 2377 etenim
1356 2322 1620 2379 dictiones
1645 2324 1853 2378 unicam
1887 2339 1988 2378 no-

429 2432 448 2465 ι
485 2414 574 2470 bis
599 2415 884 2486 designant
927 2431 1234 2486 personam.
1275 2417 1410 2471 Nam
1455 2432 1575 2472 cum
1609 2417 1819 2473 dixerat
1849 2417 1986 2488 Ego,

429 2523 457 2560 ι
485 2503 648 2561 infert
668 2514 724 2561 et
748 2517 972 2572 sum,ut
999 2507 1198 2576 ita.per
1227 2508 1324 2563 bas
1347 2507 1480 2564 duas
1505 2507 1764 2564 orationis
1784 2520 1986 2579 partes,

429 2617 447 2649 ι
493 2612 786 2668 pronomen
809 2608 986 2668 atque
1007 2600 1249 2665 verbum,
1282 2600 1539 2656 unitatem
1573 2600 1790 2656 deitatis
1817 2611 1990 2657 testa-

429 2707 449 2739 ι
490 2698 599 2743 tam
633 2689 841 2745 reddat.
875 2688 1027 2758 Quod
1051 2690 1095 2745 si
1124 2689 1230 2744 alia
1270 2689 1448 2746 adhuc
1480 2690 1611 2746 velit
1644 2691 1946 2746 testimonia
1968 2733 1995 2762 ,,

429 2796 448 2828 ι
490 2777 738 2833 eumdem
775 2779 1092 2847 prophetam
1151 2779 1254 2848 ipsi
1305 2778 1445 2834 idem
1483 2780 1863 2837 testiﬁcantem
1897 2783 1990 2838 ad-

430 2889 458 2922 ιμ
495 2872 599 2926 huc
652 2871 969 2927 exhibebo:
1005 2870 1116 2942 Ego
1149 2874 1349 2940 primus
1395 2883 1442 2927 et
1487 2889 1578 2943 ego
1625 2874 1890 2944 deinceps,
1940 2883 1997 2929 et.

429 2981 448 3012 ι
487 2973 678 3031 prater.
707 2976 789 3018 me
835 2978 946 3016 non.
989 2973 1063 3017 est
1093 2962 1228 3018 Deus
1251 2963 1318 3017 ³⁸.
1365 2962 1517 3030 Quod
1561 2965 1606 3020 si
1636 2966 1864 3022 divisum
1896 2967 1991 3023 Dei

429 3068 450 3101 ι
489 3049 683 3107 Filium
717 3065 749 3106 a
789 3049 972 3106 Patris
1013 3053 1094 3108 sui
1134 3053 1432 3109 substantia
1470 3054 1599 3110 velit
1620 3057 1897 3122 Asterius,
1934 3067 1993 3114 ut

431 3163 450 3192 ι
494 3142 659 3199 Filius
690 3143 932 3199 ltotninis
952 3145 1209 3200 dividitur.
1242 3159 1272 3200 a
1305 3161 1488 3211 carne,
1537 3160 1698 3216 quam
1758 3149 1993 3218 suscepit

432 3252 452 3286 ι
489 3243 708 3303 propter
758 3249 869 3290 nos.
907 3235 1220 3290 scandalum
1261 3236 1389 3292 hinc
1438 3251 1654 3305 passus,
1709 3240 1993 3295 ostendere

432 3345 449 3376 ο
491 3325 643 3380 nobis
670 3325 828 3381 debet
863 3327 984 3397 quis
1017 3327 1104 3383 ille
1146 3327 1218 3382 sit
1273 3329 1362 3397 qui
1395 3329 1497 3383 hoc
1538 3327 1788 3388 aﬂirmat.
1833 3329 1992 3387 Certe

432 3436 452 3467 ι
492 3417 658 3472 dictio
687 3416 776 3472 illa
805 3419 979 3490 posita
1001 3419 1168 3476 etiam
1193 3420 1281 3476 hic
1306 3421 1462 3476 unius
1487 3436 1729 3490 personae
1751 3432 1835 3480 est
1857 3425 1994 3478 indi-

432 3523 450 3556 ε
493 3504 689 3560 cativa.
741 3503 873 3573 Quis
901 3515 1193 3564 autemest
1239 3509 1328 3565 ille
1371 3525 1554 3578 quaeso
1600 3513 1690 3582 qui
1730 3513 1989 3583 loquitur,

435 3617 454 3650 ‹
499 3596 702 3654 Pra'ler
732 3615 812 3654 me
829 3615 934 3655 non
957 3612 1032 3655 est
1056 3601 1238 3658 Deus?
1263 3603 1462 3659 Audiat
1486 3604 1650 3660 alium
1675 3607 2012 3676 prophetam,

433 3711 453 3742 ι
502 3689 592 3757 qui
638 3690 720 3745 sic
767 3690 1027 3760 loquitur,
1084 3689 1291 3748 Prwter
1325 3711 1406 3748 me
1441 3711 1544 3749 non
1585 3706 1658 3749 est
1691 3695 1894 3764 justus,
1941 3706 1991 3750 et

433 3797 462 3832 ι,
497 3781 747 3838 Senator
772 3782 848 3837 '9.
875 3780 932 3836 Si
959 3782 1094 3838 duos
1125 3784 1254 3839 deos
1286 3785 1580 3841 arbitretur
1603 3801 1742 3852 esse,
1771 3802 1991 3844 necesse

433 3890 462 3924 ι
495 3881 578 3926 cst
599 3871 915 3927 alterutrum
956 3883 1014 3927 ut
1048 3885 1306 3943 agnoscat
1331 3889 1509 3944 neque
1537 3877 1701 3932 Deum
1732 3893 1833 3934 nec
1864 3879 1988 3937 Ser-

433 3982 458 4014 ι,
499 3971 766 4019 vatorem.
807 3963 902 4018 Sin
952 3977 1126 4032 neque
1169 3964 1346 4033 justus
1379 3967 1472 4033 sit,
1505 3982 1680 4037 neque
1713 3967 1988 4036 Servator,

434 4071 453 4103 ι
497 4068 602 4121 quo
629 4055 842 4110 tandem
886 4065 1041 4124 pacto
1083 4067 1262 4126 potest
1313 4071 1434 4114 esse
1485 4057 1627 4114 Deus
1643 4056 1871 4114 ?.Unum
1911 4070 1992 4116 et-

435 4164 453 4192 .
489 4142 634 4197 enim
661 4143 776 4196 vult
798 4141 1000 4210 justum
1027 4158 1146 4199 esse
1171 4154 1225 4198 et
1255 4144 1621 4200 Servatorem.
1663 4144 1730 4199 Et
1759 4145 1948 4200 iterum
1973 4163 1988 4200 :

434 4251 454 4284 ί
497 4233 637 4290 Ante
660 4249 771 4299 me,
793 4233 985 4303 inquit,
1024 4251 1134 4290 non.
1161 4243 1280 4289 erat
1321 4238 1482 4301 alius,
1519 4246 1566 4290 et
1613 4246 1728 4306 post
1767 4252 1848 4292 me
1888 4253 1993 4290 non

434 4342 454 4380 ε
492 4325 610 4378 erit.
651 4322 766 4394 Ego
796 4323 936 4378 Deus
980 4333 1027 4378 et
1052 4325 1184 4379 'non
1227 4335 1304 4382 est.
1351 4325 1494 4380 ultra
1529 4341 1610 4380 me
1649 4325 1897 4380 Servator
1923 4327 1989 4381 ³ο.

435 4436 454 4470 ι
500 4416 652 4483 Quod
680 4416 724 4471 si
757 4416 980 4472 alterius
1006 4417 1339 4486 prophetica:
1370 4416 1624 4474 dictionis
1665 4417 1895 4486 cupidus
1922 4419 1994 4473 sit

434 4527 454 4560 ς
497 4508 801 4572 audienda,
843 4507 988 4562 forte
1015 4511 1080 4563 de
1102 4521 1160 4562 se
1183 4506 1384 4562 dictum
1426 4507 1492 4563 ab
1527 4507 1756 4570 lsaia,ct
1791 4507 1873 4562 sui
1919 4509 1993 4564 si-

433 4620 452 4653 ι
497 4601 742 4656 millimis
784 4602 876 4672 qui
913 4601 1070 4672 paria.
1104 4600 1342 4655 sentiant
1395 4600 1461 4654 de
1499 4599 1718 4663 deitate,
1771 4601 1991 4655 audiat:

433 4707 453 4740 ι
494 4689 798 4759 Resipiscite
833 4690 923 4758 qui
959 4689 1170 4754 erratis,
1203 4687 1563 4745 convertimini
1582 4689 1737 4742 corde
1768 4701 1814 4742 et
1842 4691 1997 4743 remi-

433 4801 450 4833 ι
490 4781 761 4835 niseemini
803 4781 1006 4849 priora,
1037 4781 1101 4834 ab
1132 4781 1272 4834 omni
1318 4778 1536 4846 swculo,
1586 4781 1726 4849 quod
1773 4795 1865 4849 ego
1908 4779 1996 4838 ille

434 4891 451 4923 ι
497 4871 667 4940 Deus,
688 4881 738 4926 et
763 4889 867 4928 non
888 4881 964 4927 est
985 4881 1178 4942 praeter
1204 4889 1284 4926 me
1311 4872 1376 4923 ³¹.
1396 4869 1512 4926 Non
1535 4871 1806 4940 dixit,ego
1829 4873 1993 4939 Deus,

433 4983 450 5015 c
495 4964 588 5018 sed
608 4973 667 5018 ut
699 4963 883 5018 addito
909 4963 1160 5030 articulo,
1209 4962 1319 5028 ille,
1363 4979 1529 5020 unum
1563 4963 1730 5017 Deum
1765 4964 1996 5022 manife-

431 5075 450 5106 ι
492 5064 683 5110 staret.
721 5054 862 5124 Quid
913 5063 1092 5109 autem
1141 5065 1196 5110 et
1223 5055 1360 5111 Osee
1393 5055 1694 5127 propheta?
1734 5070 1913 5111 nonne
1939 5064 1994 5111 et

2089 2046 2258 2114 λέγει’
2298 2063 2320 2098 ι
2357 2046 2428 2101 Εἰ
2474 2045 2531 2098 δὲ
2585 2047 2678 2099 καὶ
2720 2046 2898 2117 βούλει
2941 2046 3036 2099 καὶ
3083 2045 3272 2116 ἑτέρας
3321 2045 3552 2099 ἀκοῦσαι
3578 2045 3677 2099 τοῦ

2098 2155 2116 2186 ι
2144 2135 2317 2190 αὐτοῦ
2349 2137 2682 2210 προφητείας
2707 2137 2806 2193 ’ἐνα
2842 2139 2974 2208 ἡμῖν
3014 2136 3145 2190 Θεὸν
3175 2136 3515 2208 βεϐαιούσης·
3533 2136 3680 2207 Ἐγὼ

2099 2248 2116 2280 ι
2155 2229 2316 2294 Θεὸς,
2352 2229 2507 2301 φησὶ,
2533 2229 2782 2299 πρῶτοςο
2821 2230 2918 2284 καὶ
2950 2231 3038 2296 εὶς
3076 2230 3148 2284 τὰ
3167 2230 3540 2300 ἐπερχόμενα
3559 2226 3678 2299 ἐγώ

2100 2340 2117 2372 σ
2151 2323 2285 2389 εΙμι.
2328 2320 2402 2373 Τὸ
2433 2319 2541 2391 γὰρ
2579 2321 2705 2390 ἐγὼ.
2734 2321 2850 2385 ἐνὸς
2889 2319 3179 2393 προσώπου
3200 2320 3467 2374 δεικτικὸν
3500 2321 3679 2372 ἐστιν’

2099 2430 2116 2460 ι
2159 2408 2339 2479 αἱγὰρ
2363 2409 2458 2464 δύο
2485 2409 2672 2481 ῥήσεις
2717 2409 2777 2463 ἓν
2815 2411 2946 2482 ἡμῖν
2968 2410 3256 2482 πρόσωπον
3295 2410 3676 2482 σημαίνουσιν.

2099 2519 2117 2551 ι
2167 2499 2306 2570 Ἐγὼ
2330 2499 2438 2571 γὰρ
2461 2499 2652 2568 εἰπὼν,
2682 2501 2986 2571 ὲπάγεικαὶ
3005 2503 3087 2567 τὸ,
3113 2503 3254 2573 εἰμὶ,
3285 2502 3426 2556 ὥστε
3452 2503 3545 2557 διὰ
3566 2502 3682 2558 τῶν

2099 2610 2129 2640 ι,
2160 2591 2254 2644 δύο
2287 2589 2568 2660 τοῦ-λόχου
2605 2591 2809 2662 μερῶν,
2832 2594 3176 2665 ἀντωνυμίας
3202 2611 3261 2647 τε
3280 2594 3376 2648 καὶ
3407 2595 3680 2665 ῥήματος,

2099 2702 2118 2734 ι
2155 2681 2253 2754 τὴν
2277 2681 2378 2752 τῆς
2402 2681 2659 2753 θεότητος
2676 2683 3070 2756 μαρτυρεῖσθαι
3091 2685 3311 2756 μονάδα.
3333 2686 3398 2739 El
3425 2685 3484 2738 δὲ
3504 2685 3682 2740 δέοιτο

2099 2793 2130 2826 ι.
2159 2775 2253 2828 καὶ
2286 2774 2478 2847 ἐτέρας
2510 2776 2836 2848 μαρτυρίας,
2871 2772 3026 2840 αὖθις
3055 2777 3146 2831 τὸν
3164 2777 3327 2831 αὐτὸν
3348 2777 3501 2849 αὐτῷ
3529 2796 3678 2850 παρ-

2101 2883 2119 2916 (
2155 2865 2345 2936 έξομαι
2377 2869 2660 2938 προφήτην
2689 2867 2936 2935 λέγοντα,
2981 2869 3123 2938 Ἐγὼ
3144 2867 3396 2937 πρῶτος,
3427 2869 3530 2923 καὶ
3559 2869 3681 2940 ἐγὼ

2101 2975 2119 3008 ι
2148 2959 2299 3026 μετὰ
2329 2958 2536 3022 ταῦτα,
2573 2959 2672 3014 καὶ
2709 2959 2876 3028 πλὴν
2907 2960 3054 3028 ἐμοῦ
3096 2963 3208 3015 οὐκ
3235 2961 3368 3016 ἐστι
3407 2963 3576 3028 Θεός.
3613 2963 3680 3015 Εἰ

2102 3069 2134 3103 ι,
2157 3050 2452 3104 ὑποστάσει
2481 3050 2810 3122 διῃρημένον
2827 3051 2918 3106 τὸν
2950 3052 3076 3105 Υἱδν
3101 3051 3210 3105 τοῦ.
3226 3053 3437 3124 [πατρὸς
3461 3054 3538 3118 ὡς
3561 3054 3683 3107 υἱὸν

2102 3161 2124 3193 ι
2158 3139 2446 3213 ἀνθρώπου
2484 3142 2757 3212 Ἀστέριος
2773 3136 2912 3195 εἶναι
2935 3143 3124 3207 οἴεται,
3155 3141 3376 3213 ἀπὸτῆς
3400 3142 3683 3214 ἀνθρωπί-

2103 3251 2121 3284 t
2161 3250 2260 3305 νης
2293 3233 2513 3305 σαρκὸς,
2534 3231 2601 3302 ἣν
2624 3232 2689 3286 διν
2718 3233 2865 3304 ἡμᾶς
2896 3232 3143 3297 ἀνέλαϐε,
3169 3233 3682 3306 πανδαλιζόμενος,

2103 3342 2135 3375 ι
2157 3322 2433 3378 δεικνύτω.
2460 3325 2594 3393 ἡμῖν
2635 3321 2727 3375 τὸν
2768 3322 2938 3376 ταῦτα
2984 3322 3231 3392 λέγοντα’
3261 3323 3380 3388 ένδς
3403 3325 3513 3397 γάρ
3536 3327 3682 3389 ἐστι,

2103 3433 2122 3466 ι
2161 3413 2458 3476 κάνταῦθα,
2512 3412 2805 3484 προσώπου
2854 3415 2887 3484 ή
2925 3413 3190 3484 λεγομένη
3235 3417 3413 3486 ῥῆσις.
3453 3416 3553 3478 Τίς
3587 3411 3685 3468 οὖν

2103 3525 2120 3554 ε
2163 3506 2310 3558 ἐστιν
2336 3505 2365 3557 6
2392 3504 2588 3574 λέγων,
2610 3507 2731 3559 Οὐκ
2759 3504 2892 3559 ἐστι
2912 3506 3079 3576 πλὴν
3095 3505 3241 3576 ἐμοῦ
3263 3508 3681 3572 Θεός;,Ἀικουέ-

2103 3615 2122 3645 ι
2158 3613 2235 3650 τω
2255 3597 2311 3650 δὲ
2339 3597 2434 3650 καὶ
2460 3597 2656 3667 ἐτέρας
2691 3597 3028 3668 προφητείας
3069 3596 3355 3667 λεγούσης,
3395 3600 3519 3652 Οὐκ
3545 3598 3685 3652 ἐστι

2103 3704 2126 3744 ι,
2160 3684 2326 3753 πλὴν
2351 3684 2499 3755 ἐμοῦ
2524 3685 2753 3750 δίκαιος
2781 3685 2881 3738 καὶ
2906 3684 3126 3755 Σωτήρ.
3152 3687 3214 3738 Εἰ
3233 3686 3326 3739 δύο
3365 3685 3523 3749 θεοὺς
3537 3681 3684 3741 εἶναι

2102 3796 2120 3825 ι
2158 3776 2384 3847 νομίζοι,
2419 3776 2628 3848 ἀνάγκη
2663 3776 2824 3830 αὐτὸν
2854 3775 2949 3829 τὸν
2978 3776 3175 3848 ἕτερον,
3206 3775 3280 3848 μὴ
3308 3777 3517 3830 δίκαιον
3542 3779 3681 3848 ὀμο-

2102 3887 2122 3917 :
2153 3867 2326 3937 λογείν
2358 3863 2496 3924 εἶναι
2527 3868 2660 3940 μηδὲ
2707 3868 2934 3938 Σωτῆρα
2992 3866 3127 3939 (91).
3164 3868 3228 3922 El
3273 3867 3330 3921 δὲ
3356 3869 3417 3920 οὐ
3443 3868 3683 3936 δίκαιος,

2103 3981 2120 4008 ο
2162 3958 2281 4011 οὐδὲ
2305 3957 2527 4030 Σωτὴρ,
2548 3957 2666 4021 πῶς
2716 3957 2796 4011 ἔτι
2831 3957 2942 4029 (92)
2966 3957 3099 4021 Θεὸς
3127 3953 3549 4023 εἷναιδύναταις
3582 3957 3687 4013 ἕνα

2103 4070 2121 4102 ι
2162 4049 2272 4122 γὰρ
2312 4050 2668 4120 ἀποφαίνεται
2712 4050 2922 4104 δίκαιον
2977 4049 3072 4106 καὶ
3106 4050 3336 4120 Σωτῆρα
3368 4047 3530 4102 εἶναι.
3568 4049 3686 4102 Καὶ

2103 4161 2120 4192 ι
2154 4138 2326 4205 αὖθις,
2364 4139 2736 4212 ’Ἐμπροσθέν
2759 4159 2879 4210 μου
2918 4141 3053 4212 (95),
3084 4140 3268 4211 φησὶν,
3299 4141 3410 4194 οὐκ
3440 4140 3686 4209 ἐγένετο

2103 4253 2121 4284 ‹
2162 4231 2486 4298 ἄωρακαὶ
2522 4233 2649 4303 μετ’
2679 4231 2785 4302 ἐμὲ
2815 4235 2927 4286 οὐκ
2969 4231 3160 4286 ἔσται.
3201 4231 3348 4301 Ἐγὼ
3377 4231 3548 4297 Θεὸς,
3585 4230 3687 4284 καὶ

2105 4345 2123 4379 ι
2163 4329 2272 4382 οὐκ
2297 4326 2467 4380 ἔσται
2495 4323 2686 4393 παρὲξ
2710 4323 2854 4393 ἐμοῦ
2884 4321 3102 4383 σώζων.
3130 4324 3192 4376 El
3219 4323 3285 4380 δὲ
3303 4321 3555 4393 βούλεται
3589 4325 3686 4377 καὶ

2104 4435 2121 4466 ε
2156 4417 2343 4485 ἑτέρου
2391 4410 2726 4486 προφητικοῢ
2766 4410 2996 4469 ἀκοῦσαι
3025 4410 3209 4484 ῥητοῦ,
3244 4412 3385 4480 τάχα
3415 4429 3522 4464 που
3547 4412 3684 4482 πρὸς

2104 4527 2122 4558 ε
2154 4507 2314 4560 αὑτὸν
2343 4505 2439 4559 καὶ
2470 4506 2596 4568 τοὺς
2627 4502 2830 4574 ὁμοίως
2857 4503 2985 4574 περὶ
3012 4502 3264 4572 θεότητος
3295 4501 3447 4572 αὑτῷ
3476 4503 3682 4556 διακει-

2110 4618 2127 4649 ι
2172 4599 2364 4668 μένους
2384 4595 2663 4666 λεχθέντος
2699 4594 2830 4665 (94),
2854 4594 3100 4652 ἀκουέτω
3132 4592 3296 4646 αὐτοῦ
3337 4593 3564 4647 Ἡσαΐου
3597 4593 3682 4648 λέ-

2109 4710 2127 4742 ι
2167 4705 2374 4758 γοντος,
2410 4686 2854 4753 Μετανοήσατε,
2881 4688 2934 4738 οἱ
2973 4681 3370 4751 πλανώμενοι,
3406 4683 3682 4752 ἐπιστώ-

2108 4801 2126 4834 ‹
2166 4785 2318 4850 ψατε
2349 4778 2426 4848 τῇ
2456 4777 2687 4848 καρδίᾳ,
2715 4776 2812 4831 καὶ
2824 4775 3138 4847 μνήσθητε
3160 4774 3232 4828 τὰ
3263 4777 3542 4844 πρότερα,
3563 4776 3682 4830 ἀπὸ

2108 4893 2134 4925 ι
2169 4872 2273 4926 τοῦ
2301 4871 2535 4936 αἰῶνος,
2569 4869 2657 4923 ὅτι
2681 4867 2794 4939 ἐγὼ
2817 4870 2850 4921 ὁ
2896 4867 3058 4934 Θεὸς,
3098 4866 3197 4921 καὶ
3214 4870 3325 4920 οὐκ
3357 4867 3493 4920 ἐστι
3515 4866 3680 4933 πλὴν

2107 4983 2124 5014 ε
2155 4962 2321 5032 ἐμοῦ.
2356 4962 2469 5016 Οὐκ
2511 4957 2686 5024 εἶπεν,
2729 4959 2844 5030 ἐγὼ
2882 4958 3044 5024 Θεὸς,
3087 4957 3174 5011 ἵνα
3215 4957 3310 5010 καὶ
3336 4956 3426 5010 διά
3455 4958 3562 5027 τῆς
3585 4957 3679 5009 τοῦ

2106 5075 2124 5105 ι
2168 5054 2371 5126 ἄρθρου
2398 5051 2736 5124 προσθήκης,
2765 5049 2861 5103 ἕνα
2894 5049 3026 5103 Θεὸν
3049 5049 3176 5104 ὄντα
3202 5048 3390 5117 σαφῶς
3411 5049 3678 5120 ἐπιδείξῃ.

507 5177 566 5233 >3
607 5169 704 5223 Ed.
739 5171 942 5234 Paris.,
967 5171 1222 5241 pagJS'5.
1300 5171 1572 5226 "Barnch
1602 5171 1897 5239 ttt,36-58.
1971 5172 1991 5203 ²

507 5281 517 5294 .
592 5241 638 5271 ³ο
677 5239 800 5294 Osc.
833 5257 952 5294 xm.
991 5241 1047 5294 4.
1123 5241 1164 5273 ³¹
1209 5242 1312 5294 Isa.
1354 5258 1478 5294 xu.
1516 5242 1608 5294 22.

2101 5186 2154 5226 a.
2183 5185 2306 5237 XLV,
2349 5168 2435 5223 14.
2513 5169 2558 5200 ³⁷
2592 5167 2723 5224 ibid.
2754 5166 2843 5222 l8.
2922 5166 2969 5199 ³⁸
2997 5166 3128 5222 ibid.
3168 5167 3262 5221 2|.
3335 5165 3382 5198 "
3405 5164 3516 5221 lsa.
3555 5181 3671 5230 xu,

426 5239 517 5298 2i.
592 5241 638 5271 ³⁰
677 5239 800 5296 Osc.
833 5239 1061 5306 χιιι,“4.“
1123 5241 1164 5273 ³¹
1209 5242 1312 5296 lsa.
1354 5258 1478 5308 XLV,
1516 5242 1608 5297 22.

498 5381 612 5452 (87)
650 5382 821 5451 Ἰερὸς
873 5383 1185 5452 προφήτης
1232 5382 1526 5452 Ἱερεμίας.
1581 5383 1756 5440 Locus
1805 5394 1906 5450 est,
1944 5384 1998 5439 in

431 5454 692 5524 propheta
735 5452 970 5524 Barruch,
1004 5469 1125 5524 cap.
1161 5467 1240 5524 nt3
1264 5452 1367 5518 3‘1;
1396 5466 1611 5524 veteres
1630 5455 1776 5510 enim
1809 5453 1998 5510 Patres

431 5522 628 5590 passim
662 5522 870 5576 Barnch
899 5521 1178 5580 ascribunt
1212 5521 1475 5579 Jeremiaa.
1507 5522 1579 5578 M.

503 5589 615 5660 (ss)
647 5590 816 5645 Τοῦτο
834 5592 944 5660 np.

503 5658 617 5733 (£29)
642 5658 1076 5733 Πρρσκυνῖήσῳσι
1099 5664 1280 5733 vulgo.

506 5727 621 5804 (90)
665 5727 1004 5804 fuget
1041 5735 1074 5804 ὸ
1118 5727 1280 5804 Θεός.
1330 5734 1585 5800 Sequitur
1641 5735 1691 5788 in
1735 5734 1992 5804 propheta

506 5747 621 5807 (an)
665 5747 750 5782 av
771 5747 895 5854 ἔαρ
940 5747 993 5784 ει
1041 5747 1073 5784 o
1118 5747 1280 5798 υεος.
1330 5747 1585 5800 sequitur
1641 5750 1691 5788 tn
1735 5747 1990 5804 propheta

433 5801 558 5865 Ibat,
584 5799 762 5868 XLv,l
808 5839 823 5868 ,
858 5801 966 5854 Καὶ
1007 5801 1105 5853 οὑκ
1139 5803 1378 5878 ᾔδειμεν,
1419 5805 1447 5856 6
1484 5804 1613 5868 Θεὸς
1646 5804 1736 5856 τοῦ
1785 5803 1990 5876 Ἰσρσὶλ

2517 5448 2673 5518 μηδὲ
2696 5447 2958 5518 Σωτῆρα.
2996 5446 3222 5500 Videtur
3258 5444 3574 5568 legendum,
3606 5441 3676 5514 μὴ

2107 5521 2395 5568 δοδίκαιον.
2432 5519 2825 5568 αηδὲΣωτῆοα.
2853 5515 3138 5568 MJVultzo
3167 5515 3282 5568 loco
3352 5514 3532 5568 ίκαιον
3573 5514 3673 5568 ια.

2107 5514 2395 5593 δοδίκὰρον,
2431 5514 2564 5590 μηδὲ
2578 5519 2825 5593 Σωτῆρα.
2851 5514 3138 5589 M.[Vulgo
3167 5515 3282 5572 loco
3317 5514 3532 5568 δίκαιον
3573 5514 3673 5585 leg.

2097 5591 2289 5660 δοκεῖν.
2300 5589 2317 5660 ]

2195 5659 2288 5728 92)
2301 5658 2487 5728 Vulgo
2511 5659 2614 5712 ὅτι.

2195 5661 2266 5716 92
2301 5659 2487 5728 ’Vulgo
2511 5659 2614 5712 ὅτι.

2172 5659 2288 5800 (ini
2317 5728 2488 5800 Vulso
2515 5728 2672 5800 ἐμοῦτ

2106 5881 2114 5891 1
2177 5797 2286 5874 (94)
2325 5797 2493 5870 Vulgo
2519 5797 2727 5870 λεχθέν.
