3828 6222
174 331 284 386 949

1097 331 1765 392 DE'ECCEESIA’STICA
1803 331 2211 390 T‘IIEOLOGIA
2249 329 2378 385 LIB.
2420 306 2485 384 lli

3329 325 3435 403 950

182 469 201 501 ι
244 449 308 503 Τί
336 449 394 504 δὲ
427 451 522 504 καὶ
537 450 695 523 Ὠσηὲ
731 450 760 504 ό
799 451 1114 524 προφήτης;
1140 453 1202 507 ού
1230 453 1326 508 καὶ
1349 453 1512 518 αὐτὸς
1531 453 1600 507 τά
1626 453 1764 506 αὐτὰ

1880 469 1890 501 ι
1936 453 2040 506 hoc
2083 449 2258 520 ipsum
2283 446 2373 504 ille
2405 443 2764 500 testiﬁcatur?
2793 443 2906 514 Ego
2937 416 3096 499 eduai
3117 452 3186 513 te,
3223 443 3432 512 dicens,

180 564 200 595 ι
247 545 546 615 μαρτυρεῖς
589 543 732 614 Ἐγὼ
772 545 1080 616 ἀνήταγόν
1113 561 1188 600 σε
1222 545 1292 612 ἐξ
1323 547 1646 618 Αἰγύπτου,
1679 545 1766 599 λέ-

179 657 199 687 σ
238 653 372 705 γων,
407 636 507 690 καὶ
539 636 688 691 Θεὸν
712 637 882 707 πλὴν
911 639 1056 710 ἐμοῦ
1087 640 1158 694 οὐ
1189 641 1416 710 γνώσῃ,
1444 638 1542 694 καὶ
1566 635 1767 700 σώζων

177 744 198 775 ι
236 727 352 778 οὐκ
387 725 521 780 ἐστι
542 726 742 796 παρὲξ
755 726 921 797 ἐμοῦ.
955 725 1122 793 Αὖθίς
1142 731 1245 783 τεὸ
1274 729 1593 801 Μαλαχίας,
1616 730 1765 797 Οὐχὶ

179 840 197 866 ι
246 817 392 885 Θεὸς
417 813 508 885 εἷς
535 820 778 875 ἔκτισεν
805 821 980 892 ὑμᾶς,
1025 821 1192 894 φησίν
1218 838 1231 852 °
1259 822 1408 892 Οὐχὶ
1443 820 1641 891 πατὴρ
1678 817 1767 889 εἷς

183 926 203 957 ε
243 905 486 963 πάντων
515 909 714 979 ὑμῶν;
743 911 918 993 ,Ἀλλὰ
945 913 1037 966 τὸν
1064 912 1229 967 Δαὸίδ
1274 913 1408 985 φησί
1446 931 1550 967 που
1584 911 1768 966 Ἀστέ-

184 1021 220 1051 ί-
253 1018 385 1074 ριος,
422 1002 588 1074 μηδὲν
615 1005 896 1076 εἰρηκέναι
928 1005 1057 1078 περὶ
1081 1004 1294 1071 τούτου,
1323 1004 1502 1058 καίτοι
1530 1003 1768 1077 πρεσϐύ-

185 1113 222 1144 s-
240 1111 402 1148 τατον
419 1096 569 1167 παρά
606 1097 811 1151 Μωσέα
831 1097 939 1151 τῶν
970 1097 1144 1153 ἄλλων
1169 1096 1464 1170 προφητῶν
1491 1097 1642 1163 ὅντα,
1673 1098 1768 1152 καὶ

186 1204 214 1235 ι.
237 1185 325 1238 διὰ
352 1185 509 1240 τοῦτο
535 1187 876 1258 ἀμφιγνοεῖν,
905 1187 1016 1242 εἴτε
1035 1189 1128 1243 δύο
1152 1190 1308 1254 θεοὺς
1334 1189 1628 1244 ὑποστάσει
1653 1190 1768 1262 διῃ-

187 1294 216 1327 ι
247 1276 518 1350 ρημένους
565 1279 805 1351 νομίζειν
861 1277 1001 1334 εἶναι
1046 1281 1336 1354 προσήκει,
1389 1281 1500 1334 εἴτε
1539 1282 1632 1336 καὶ
1668 1284 1764 1354 μή.

187 1385 221 1419 α-
252 1367 459 1423 Οὐκοῦν
493 1369 581 1422 ἵνα
610 1369 686 1441 μὴ
714 1369 872 1424 τοῦτο
898 1369 1054 1444 λέγῃ,
1087 1370 1376 1426 ἀκόλουθον
1404 1372 1645 1443 ἡγοῦμαι
1673 1372 1768 1425 καὶ

185 1475 207 1508 ι
245 1456 408 1512 αὐτὸν
459 1459 724 1526 ἐπιδεῖξαι
755 1460 903 1532 αὐτῷ
931 1459 1000 1514 τά
1028 1460 1168 1515 αύτά
1206 1464 1320 1526 τοῖς
1347 1461 1769 1535 προειρημένοις

186 1549 418 1617 «ἁγίοις
459 1549 704 1620 λέγοντω
755 1554 1072 1620 Ἄκουσον,
1104 1555 1258 1626 φησὶ,
1304 1557 1455 1622 λαός
1477 1573 1616 1627 μου,
1668 1556 1767 1610 καὶ

186 1659 206 1690 ι
251 1640 505 1709 λαλήσω
547 1657 669 1710 σοι,
718 1645 987 1715 Ἰσραὴλ,
1012 1623 1614 1718 καὶδιαμαρτύρομαί
1644 1662 1764 1702 σοι·

186 1749 224 1781 ιτ
245 1733 353 1786 ἐὰν
375 1734 647 1804 ἀκούσῃς
664 1754 806 1805 μου,
830 1739 941 1791 οὐκ
965 1736 1139 1792 ἔστιν
1169 1739 1239 1792 ἐν
1288 1739 1387 1793 σοὶ
1408 1740 1552 1807 Θεὸς
1583 1741 1769 1809 πρόσ-

1872 563 1890 596 ι
1930 559 1995 598 ea:
2021 541 2277 613 ngypto,
2331 547 2380 595 et
2413 537 2580 593 Deum
2629 550 2733 590 non
2784 552 3059 606 cognosces
3103 545 3294 606 prieler
3330 551 3434 591 me.

1873 653 1891 686 ι
1936 633 2063 688 Non
2096 643 2171 687 est
2192 632 2282 702 qui
2323 639 2492 686 servet
2515 640 2708 699 praeter
2729 644 2811 682 me
2833 628 2901 680 ".
2938 627 3145 682 Rursus
3175 635 3355 682 autem
3382 635 3441 681 et

1873 747 1891 777 ι
1929 725 2224 781 Malachias
2275 721 2370 788 ait,
2426 719 2618 777 Nonne
2662 719 2804 774 Deus
2851 734 2990 773 unus
3024 717 3258 772 condidit
3304 717 3439 772 vos?

1873 840 1891 872 ι
1933 834 2102 874 nonne
2130 814 2295 872 Pater
2341 831 2478 869 unus
2522 820 2636 868 erat
2682 812 2912 866 omnium
2937 818 3168 865 vestrum
3193 806 3440 864 "TSed

1874 931 1893 965 ι
1933 912 2012 967 ait
2045 911 2280 982 quodam
2319 906 2521 964 inloco
2554 904 2817 969 Asterius,
2856 900 2993 958 nihil
3015 901 3081 957 de
3116 899 3220 956 hoc
3257 898 3440 969 prolo-

1872 1025 1891 1058 ι
1931 1012 2114 1059 culum
2141 1001 2421 1066 Davidem,
2453 999 2544 1068 qui
2583 1006 2760 1051 tamen
2783 1002 3008 1064 excepto
3035 991 3204 1057 Mese,
3244 990 3318 1046 sit
3345 1006 3441 1045 an-

1873 1113 1892 1146 ι
1933 1091 2271 1163 tiquissimus
2302 1087 2712 1159 prophetarum,
2736 1092 2899 1155 atque
2929 1082 3069 1137 hanc
3106 1081 3175 1135 ob
3218 1095 3440 1135 causam

1874 1202 1893 1234 ι
1932 1181 2150 1239 dubium
2201 1177 2399 1242 fuisse,
2443 1182 2623 1228 utrum
2655 1172 2799 1228 duos
2846 1170 2977 1226 deos
3027 1172 3107 1232 γι(-
3139 1165 3442 1222 substantia

1873 1293 1892 1326 ι
1937 1272 2144 1329 divisos
2181 1266 2428 1340 proﬁteri
2466 1264 2712 1329 deberet,
2759 1276 2827 1316 an
2879 1274 3008 1316 non.
3057 1257 3322 1324 Quocirca
3374 1270 3442 1310 ne

1876 1384 1914 1417 ι.
1937 1364 2039 1419 hoc
2065 1375 2191 1416 vere
2225 1355 2766 1415 dixisse-arbitretur
2789 1367 2869 1421 se,
2909 1363 3248 1420 consequens
3272 1359 3360 1403 est
3381 1354 3442 1402 ut

1874 1476 1892 1509 ι
1933 1455 2214 1513 ostendam
2263 1453 2408 1508 hunc
2460 1463 2674 1521 quoque
2719 1455 2900 1501 vatem
2967 1440 3268 1499 consimilia
3319 1453 3443 1495 cum

1877 1569 1894 1601 ι
1935 1547 2207 1621 praedictis
2256 1542 2617 1600 sanctissimis
2662 1540 2794 1594 viris
2845 1536 3108 1593 sensisse.
3159 1533 3321 1597 Audi,
3355 1532 3444 1587 in—

1877 1663 1894 1695 ‹
1938 1642 2057 1716 quit
2090 1639 2203 1706 ille,
2249 1635 2442 1709 popule
2461 1635 2556 1699 mi,
2590 1641 2637 1686 et
2673 1628 3007 1702 loquar-tibi,
3041 1623 3236 1689 Israel,
3265 1621 3472 1691 testiﬂs,

1875 1755 1893 1787 ι
1934 1714 2094 1789 cabor
2125 1743 2195 1798 te,
2225 1730 2273 1785 si
2293 1745 2372 1784 me
2398 1727 2606 1792 audias,
2629 1740 2732 1779 non
2757 1721 2928 1777 eril‘in
2960 1728 3008 1775 te
3028 1718 3169 1773 Deus
3196 1714 3445 1778 nooitius,

187 1839 450 1891 κέρατος,
480 1801 629 1879 οὐδὲν
659 1801 1112 1895 προσκυνήσεις
1145 1827 1266 1894 Θεῷ
1296 1801 1771 1900 ἀλλοτρίῳ.;Εγὼ

1880 1846 1895 1878 ι
1936 1840 2099 1894 neque
2147 1819 2397 1878 adorabis
2452 1817 2618 1873 Deum
2663 1815 2894 1868 alienum
2936 1827 2957 1867 :
3005 1808 3118 1880 Ego
3154 1809 3290 1864 enim
3331 1819 3448 1860 sum

186 1931 230 1962 σ-
251 1912 361 1981 γάρ
391 1916 508 1984 ειμι
538 1916 758 1986 Κύριος
781 1918 815 1970 ό
838 1919 982 1983 Θεός
1008 1931 1148 1972 σου.
1193 1919 1251 1973 Ὁ
1271 1919 1436 1974 αὐτὸν
1463 1919 1770 1986 ἐπιδεικνὺς

186 2023 205 2053 ι
246 2005 342 2058 καὶ
369 2005 564 2074 λέγων,
596 2007 706 2078 ἐγώ
736 2011 873 2082 εἰμι,
914 2010 975 2064 ού
1016 2010 1174 2082 δῆλός
1214 2013 1362 2067 ἐστιν
1388 2012 1483 2067 ξ-Ξνα
1507 2009 1771 2086 Θεὸνμό-

184 2114 207 2148 σ
242 2115 332 2153 νον
355 2133 357 2136 ι
377 2094 514 2155 εἶναι
533 2100 727 2172 λέγων,
762 2105 903 2159 τοῦτ’
932 2104 1078 2160 ἔστιν
1098 2107 1319 2175 ὲ,αυτόν;
1358 2127 1385 2162 ι

834 2199 991 2252 ΚΕΦ.
1029 2201 1112 2253 K'.

183 2283 735 2380 44.353939???“
752 2293 813 2380 9?,
837 2293 1492 2380 προφῆταιοωςιενῶς
1513 2296 1769 2380 πιξρέδαν

266 2372 386 2410 καν
423 2357 727 2427 Ἰουδαίοις
744 2360 861 2430 τὴν
875 2357 1152 2433 scabiem?
1188 2357 1683 2436 Υίὸῧθεολογίὶιν.

257 2448 443 2503 Ταῦτα
489 2451 668 2504 πάντα
700 2455 1018 2526 Μάρκελλος
1059 2458 1154 2511 καὶ
1203 2457 1284 2511 ἐτι
1314 2457 1518 2512 τούτων
1550 2458 1770 2513 πλείονα

182 2539 282 2594 ἐπὶ
305 2540 531 2613 ἀρνήσει
562 2542 656 2598 τοῦ
684 2544 814 2599 Flor“:
842 2546 936 2600 τοῦ
968 2547 1104 2601 Θεοῦ
1152 2550 1457 2621 συνεφόρει,
1493 2549 1560 2603 δι’
1582 2552 1771 2605 ἀνεπι-

183 2632 552 2706 στημοσύνην
592 2637 652 2688 οὐ
695 2636 1068 2709 λογισάμενος,
1106 2640 1187 2693 ὅτι
1229 2640 1365 2712 πρὸς
1406 2641 1506 2712 τὴν
1536 2640 1770 2712 σκληρο-

182 2723 416 2796 καρδίαν
460 2725 557 2780 τοῦ
591 2727 860 2783 Ἰουδαίων
893 2729 1022 2784 λαοῦ
1053 2733 1086 2802 ἠ
1113 2731 1334 2805 τοιαύτη
1369 2733 1552 2796 αὐτοῖς
1581 2732 1771 2805 παρεί-

180 2833 313 2888 χετο
331 2816 668 2874 διδασκαλία.
719 2820 854 2875 Οὐδὲ
885 2821 995 2896 γὰρ
1025 2818 1137 2878 οἶόν
1161 2842 1221 2878 τε
1252 2821 1321 2897 ἦν
1352 2825 1413 2878 τὸ
1457 2825 1682 2897 Πνεῦμα
1710 2825 1772 2878 τὸ

181 2908 364 2978 ἅγιον,
389 2911 477 2968 διὰ
506 2917 616 2968 τῶν
660 2916 952 2989 προφητῶν
982 2917 1074 2970 τοῦ
1107 2917 1256 2972 -Θεοῦ
1297 2917 1604 2991 ἀνθρώποις
1649 2921 1772 2974 ἁτε-

183 3000 307 3056 )έσι
354 3003 453 3068 τὰς
483 3006 686 3076 φρένας
714 3009 902 3080 ἐντελῆ
942 3010 1280 3082 παραδοῦναι
1330 3011 1421 3064 τὸν
1462 3011 1563 3082 τῆς
1592 3011 1772 3065 θεοσε-

187 3093 344 3160 ϐείας
366 3096 544 3168 λόγον.
577 3099 732 3155 Οὕτω
763 3100 894 3171 γοῦν
928 3103 1111 3167 αὐτοῖς
1154 3103 1249 3157 καὶ
1282 3103 1470 3167 θυσίας
1503 3104 1769 3159 ἐπιτελεῖν

187 3189 519 3260 ἐνομοθέτει,
571 3193 664 3246 καὶ
699 3192 951 3265 σώματος
1003 3195 1302 3267 περιτομὴν
1323 3235 1336 3260 ,
1368 3197 1462 3250 καὶ
1494 3195 1771 3251 Σαϐὁάτου

186 3279 459 3353 φυλακὴν,
487 3282 583 3336 καὶ
612 3283 827 3338 τοιωνδὶ
863 3284 1166 3357 βρωμάτων
1203 3287 1414 3358 ἀποχὴν
1441 3286 1537 3340 καὶ
1567 3286 1774 3360 καθάρ-

187 3387 282 3424 σια
327 3373 617 3443 σωμάτων,
670 3377 986 3448 σωματικάς
1015 3394 1075 3430 τε
1107 3377 1376 3448 εὐλογίας,
1427 3379 1516 3432 ναὶ
1551 3378 1657 3451 μὴν
1681 3381 1776 3433 καὶ

185 3465 296 3536 γῆς
328 3466 558 3538 ῥεούσης
590 3467 731 3537 γάλα
759 3471 850 3523 καὶ
883 3469 1025 3541 μέλι,
1066 3470 1182 3524 ἀλλ’
1213 3469 1273 3524 ού
1310 3469 1588 3542 βασιλείας
1615 3471 1778 3543 οὐρα-

187 3558 296 3613 νῶν
321 3560 672 3629 ἐπαγγελίας.
713 3561 771 3616 Ὀ
807 3563 864 3618 δὲ
883 3563 1071 3636 Σωτὴρ
1094 3565 1188 3618 καὶ
1221 3562 1426 3636 Κύριος
1453 3564 1610 3636 ἡμῶν
1641 3565 1778 3637 ὲρω-

189 3655 398 3727 τηθεὶς,
431 3656 550 3723 πῶς
594 3658 840 3724 Μωσέως
886 3660 1292 3732 προστάξαντος
1323 3659 1523 3716 διδόναι
1571 3658 1776 3730 βιϐλίον

189 3749 525 3804 ἀποστασίου
579 3752 673 3806 καὶ
717 3751 973 3806 ἀπολύειν
1021 3752 1122 3824 τὴν
1163 3749 1358 3805 ἑαυτοῦ
1413 3753 1646 3821 γυναῖκα
1683 3751 1775 3805 τὸν

191 3840 517 3914 βουλόμενον
545 3843 708 3908 αὐτὸς
736 3844 997 3900 τάναντία
1028 3844 1319 3910 διατάττοι,
1361 3843 1454 3898 τὸν
1482 3843 1639 3913 λόγον
1669 3845 1776 3898 ἀπ-

190 3932 362 3988 έδωκε
399 3934 685 3990 καθολικὸν
717 3937 915 4008 φήσας,
955 3935 1179 4006 Μωσῆς
1205 3935 1355 4005 πρὸς
1368 3934 1483 4005 τὴν
1520 3937 1778 4004 σκληρο-

191 4029 447 4099 καρδίαν
459 4029 626 4101 ὑμῶν
641 4028 1055 4103 sapasim-(95y
1076 4029 1177 4086 ἀπ’
1192 4028 1387 4100 ἀρχῆς
1414 4028 1482 4083 δὲ
1509 4029 1580 4082 οὐ
1608 4027 1774 4099 γέγο-

192 4142 301 4178 νεν
349 4124 522 4178 οὔτω.
566 4124 774 4178 Ταύτὺν
804 4119 896 4178 οὖν
929 4118 1084 4176 εἶπεν
1122 4123 1210 4189 ἂν,
1259 4123 1352 4176 καὶ
1383 4121 1438 4174 εί
1463 4138 1548 4185 τις
1588 4122 1771 4194 ἤρετο,

191 4214 306 4285 (96)
361 4213 423 4290 τί.
458 4214 522 4286 δή
558 4231 688 4267 ποτε
731 4212 864 4269 Θεὸν
905 4213 1002 4266 ’ένα
1042 4213 1220 4266 σέϐειν
1269 4209 1770 4283 παρακελευόμενοι

192 4307 400 4378 Μωσῆς
463 4305 557 4360 καὶ
605 4305 656 4360 οἱ
716 4307 833 4378 μετ’
884 4304 1043 4360 αὐτὸν
1105 4304 1379 4376 προφῆται
1443 4303 1544 4356 ούκ
1601 4300 1774 4354 ἐδίδα-

193 4414 324 4452 σκον
381 4399 579 4463 αὐτοὺς
626 4397 725 4470 τὴν
785 4397 916 4468 περὶ
972 4395 1066 4450 τοῦ
1119 4396 1251 4450 Υἱοῦ
1307 4394 1539 4465 γνῶσιν;
1579 4394 1641 4447 οὐ
1666 4393 1774 4466 γὰρ

1879 1939 1896 1970 ι
1938 1916 2192 1972 Dominus
2206 1913 2346 1969 Deus
2364 1909 2562 1965 tuus".
2586 1907 2685 1974 Qui
2709 1906 2859 1968 dicit,
2877 1917 2976 1976 ego
3000 1917 3142 1969 sum,
3161 1901 3322 1970 idque
3335 1904 3446 1954 tam

1878 2030 1896 2061 ι
1934 2010 2230 2073 evidenter,
2297 2019 2476 2060 annon
2519 2003 2717 2056 fatetur
2774 1998 2866 2054 ille
2907 1998 3076 2054 Deum
3118 2005 3286 2050 unum
3329 2002 3452 2046 esse

1877 2123 1893 2154 ι
1933 2101 2128 2168 solum,
2165 2099 2271 2155 hoc
2297 2105 2382 2154 est
2415 2091 2814 2163 semetipsum?
2847 2109 2865 2142 ι

2509 2183 2661 2242 CAP.
2699 2181 2814 2237 XX.

1873 2289 2013 2356 Quid
2041 2301 2233 2356 causa;
2259 2283 2417 2356 fuerit
2460 2280 2602 2356 quod
2666 2274 2933 2356 Bios_es_et
2969 2275 3241 2356 propheta:
3284 2267 3477 2356 expllix

1905 2341 2062 2412 citam
2090 2341 2156 2412 de
2185 2341 2328 2409 Filio
2351 2341 2665 2420 theologiam
2685 2347 2894 2402 Judu'eis
2923 2341 3028 2399 nan
3061 2341 3418 2397 tradiderunt.

1941 2449 2066 2505 llaec
2105 2446 2290 2504 omnia
2323 2441 2612 2499 Marcellus
2656 2450 2711 2494 et
2761 2437 2938 2492 adhuc
2977 2434 3156 2505 plura,
3199 2432 3256 2488 in
3287 2432 3455 2486 abne-

1871 2543 2138 2616 gationem
2169 2538 2296 2594 Filii
2325 2535 2419 2616 Dei
2449 2530 2726 2600 congessit
2751 2549 2767 2584 :
2798 2535 3022 2598 propter
3067 2539 3224 2582 suam
3259 2536 3472 2592 nempe-

1869 2609 2232 2706 ignorantiam
2269 2645 2285 2685 :
2321 2609 2426 2683 non
2465 2624 2612 2681 enim
2648 2619 3058 2684 recordabatur,
3105 2624 3332 2688 propter
3359 2612 3456 2674 Ju-

1869 2705 2110 2782 daeorum
2139 2721 2322 2780 cordis
2353 2717 2633 2783 duritiem,
2659 2713 2803 2769 hanc
2833 2711 2967 2784 ipsis
2997 2709 3302 2766 doctrinam
3323 2705 3455 2760 olim

1871 2825 2338 2890 repraesentatam.
2403 2809 2520 2866 Non
2579 2807 2726 2863 enim
2799 2811 3014 2876 poterat
3065 2800 3303 2872 Spiritus
3367 2795 3490 2851 ille,-

1871 2919 2096 2969 sanctus
2119 2906 2432 2964 hominibus
2459 2903 2595 2959 adeo
2632 2896 2969 2970 imperfectis
3002 2902 3059 2950 et
3089 2901 3273 2948 mente
3305 2891 3457 2945 inca-

1869 2999 2117 3073 pacibus,
2141 3012 2238 3067 per
2259 2993 2553 3066 prophetas
2572 3004 2722 3056 suos,
2748 2986 2864 3043 suis
2885 2984 3130 3042 numeris
3149 2980 3457 3036 absolutam

1877 3067 2090 3149 tradere
2134 3086 2354 3160 pietatis
2385 3085 2440 3139 in
2479 3084 2646 3139 Deum
2688 3079 2978 3135 rationem.
3026 3073 3153 3129 ldeo
3184 3067 3457 3127 sacriﬁcia

1878 3185 2136 3259 praecepit
2173 3183 2398 3238 facere:
2435 3179 2555 3234 ideo
2589 3174 2838 3246 corporis
2875 3167 3370 3229 circumcisionem,
3401 3171 3481 3220 et,

1878 3257 2137 3339 Sabbata,
2161 3282 2216 3328 et
2241 3272 2486 3327 ciborum
2509 3264 2868 3339 quorumdam
2893 3257 3304 3321 abstinentiam,
3326 3269 3457 3310 cor—

1873 3368 2026 3440 poris
2057 3364 2385 3429 ablutiones,
2410 3357 2722 3430 corporales
2748 3351 3179 3417 benedictiones,
3216 3345 3454 3420 promis-

1875 3461 2059 3516 siones
2087 3457 2312 3525 insuper
2337 3468 2446 3508 non
2478 3450 2741 3506 caelorum
2767 3446 2945 3516 regni,
2976 3443 3071 3499 sed
3103 3451 3264 3496 terra;
3297 3437 3484 3494 lactis.

1873 3563 1930 3608 et
1956 3549 2130 3606 mellis
2162 3542 2664 3603 abundantissimus.
2695 3539 2957 3595 Dominus
2981 3543 3160 3589 autem
3184 3541 3242 3587 et
3257 3531 3457 3586 Serva-

1839 3677 1846 3684 -
1876 3653 1962 3700 tor
2003 3643 2390 3709 interrogatus,
2425 3648 2534 3705 quo
2563 3631 2726 3688 modo
2759 3644 2881 3685 cum
2924 3625 3244 3698 preciperet
3279 3621 3458 3677 Moses

1878 3731 2085 3805 repudii
2113 3727 2357 3784 libellum
2394 3727 2546 3791 dare,
2578 3732 2634 3778 et
2663 3720 2952 3777 demittere
2989 3729 3241 3781 uxorem,
3277 3713 3322 3768 si
3367 3710 3457 3766 cui

1875 3829 1950 3884 ita
1995 3819 2397 3884 adlubescebat,
2427 3818 2543 3888 ipse
2570 3813 2826 3871 statuerit
2855 3811 2944 3867 his
2973 3805 3330 3870 contrarium,
3369 3818 3457 3858 ra-

1877 3918 2076 3974 tionem
2104 3913 2281 3969 reddit
2307 3907 2692 3973 universalem,
2725 3903 3001 3976 inquiens,
3029 3899 3206 3956 Moses
3243 3903 3458 3968 propter

1876 4007 2122 4066 duritiem
2144 4003 2380 4059 cordium
2405 4007 2697 4055 vestrorum
2720 3997 2797 4050 ita
2827 3992 3037 4064 scripsit
3068 4006 3088 4045 :
3123 3989 3216 4044 sed
3240 4004 3272 4042 a
3301 3986 3456 4058 prin—

1875 4101 2011 4172 cipio
2046 4113 2153 4156 non
2192 4095 2291 4166 fuit
2331 4095 2404 4148 ita
2431 4091 2499 4145 ³⁸.
2538 4089 2692 4158 Quod
2732 4097 2790 4141 et
2826 4087 3002 4156 ipsum
3031 4082 3199 4139 etiam
3227 4092 3456 4148 respou-

1877 4193 2070 4258 disset,
2100 4191 2144 4244 si
2178 4187 2299 4259 quis
2327 4186 2738 4253 interrogasset,
2777 4179 2890 4235 Cur
2928 4191 3051 4231 cum
3088 4175 3256 4230 Deum
3289 4183 3458 4225 unum

1875 4285 2050 4343 colere
2087 4282 2287 4345 Moses,
2340 4288 2397 4334 et
2443 4285 2568 4348 post
2615 4273 2818 4329 Mosem
2870 4271 3148 4341 prophetae
3195 4263 3457 4336 praecipe-

1873 4388 2017 4445 rent,
2062 4374 2200 4430 nihil
2257 4371 2418 4447 plane
2475 4369 2803 4430 docuerunt,
2857 4377 2960 4418 nec
3012 4361 3299 4416 scientiam
3349 4355 3457 4410 illis

192 4487 297 4546 οἷοί
339 4510 398 4546 τε
441 4449 581 4564 ἦσαν
632 4449 694 4546 οἱ⁸
735 4449 974 4564 συνεχῶς
1020 4449 1358 4560 ἀπαγόμενοι
1407 4491 1474 4560 τῇ
1527 4449 1771 4558 nomen;

1880 4471 2224 4526 insinuarunt
2290 4464 2358 4518 de
2415 4457 2600 4519 Filio?
2655 4455 2842 4525 Neque
2917 4452 3064 4508 enim
3145 4449 3222 4504 illi
3305 4456 3458 4516 pote-

2210 4556 2229 4564 -
2442 4563 2445 4564 ,
2587 4549 2599 4564 .
2639 4551 2652 4564 .
2732 4549 2764 4564 ,.
2805 4546 2861 4564 ,ι
2914 4558 3089 4564 ,μμ-Α
3137 4543 3196 4564 ,_
3233 4537 3452 4564 Lm“,

190 4584 372 4658 πλάνῃ
400 4585 498 4658 τὴν
550 4581 912 4654 εύαγγελικὴν
963 4579 1369 4654 παραδέχεσθαι
1415 4579 1576 4650 χάριν
1633 4577 1769 4649 (97).

191 4677 286 4736 Διὸ
314 4677 452 4749 πρὸς
495 4675 596 4748 τὴν
649 4673 1080 4747 σκληροκαρδίαν
1124 4671 1302 4727 αὐτῶν
1353 4671 1454 4743 τὴν
1495 4671 1623 4743 περὶ
1654 4669 1774 4734 ἑνὸς

191 4769 330 4823 Θεοῦ
372 4765 717 4823 διδασκαλίαν
762 4765 1061 4830 ἐποιοῦντο,
1111 4764 1249 4833 τέως
1297 4760 1775 4831 παιδαγωγοῦντες

193 4860 392 4924 αὐτοὺς
417 4859 504 4913 διὰ
527 4857 618 4912 τοῦ
651 4856 978 4930 ἀποτρέπειν
1010 4855 1109 4926 μὲν
1139 4851 1234 4907 τοῦ
1263 4852 1492 4917 πολλοὺς
1520 4846 1660 4912 εἶναι
1689 4868 1776 4903 νο-

198 4953 377 5025 μίζειν
399 4951 586 5020 Θεοὺς,
615 4951 828 5020 ἐνάγειν
849 4949 907 5003 δὲ
935 4949 1029 5003 ἐπὶ
1053 4946 1149 5019 τὴν
1180 4943 1486 5015 εἰσαγωγὴν
1509 4942 1602 4996 τοῦ
1635 4942 1775 5006 ἑνός.

194 5044 354 5099 Οὕτω
374 5044 431 5097 δὲ
459 5043 664 5114 Μωσῆς
683 5041 847 5112 ἀτελῆ
881 5039 978 5112 τὴν
1007 5036 1354 5094 διδασκαλίαν
1379 5036 1494 5098 τοῖς
1528 5033 1648 5087 κατ’
1679 5033 1778 5092 αὑ-

195 5138 288 5191 τὸν
322 5134 608 5208 παρεδίδου
651 5133 739 5188 διὰ
766 5133 826 5186 τὸ
864 5131 1055 5200 ἀτελὲς
1092 5127 1272 5184 αὐτῶν
1306 5127 1405 5196 τῆς
1440 5125 1777 5198 φρονήσεως,

193 5228 270 5292 ὡς
303 5227 572 5300 μηδεμίαν
592 5226 754 5280 αὐτὸν
783 5225 1002 5296 μνήμην
1032 5219 1360 5293 ποιήσασθαι
1395 5215 1642 5286 ἀγγέλων
1663 5213 1780 5266 κτί-

271 5442 331 5500 is
365 5423 1109 5502 Ed.Paris.,pag.'lSL,l55.
1185 5422 1232 5458 ³¹
1270 5420 1533 5488 Ose._xm,
1567 5419 1620 5472 4.
1699 5416 1744 5449 ³³
1778 5412 2013 5470 Malach.
2056 5424 2116 5476 ιι,
2140 5406 2229 5462 10.
2305 5406 2352 5438 ³⁸
2391 5403 2533 5460 Psal.
2577 5398 2917 5468 Lxxx,9-ll.
2993 5396 3040 5428 ³⁵
3056 5392 3248 5449 Matth.
3273 5390 3439 5456 x1x,8

272 5623 385 5693 (95)
421 5615 911 5693 Σκληροκ-αρδίαν
938 5611 1106 5693 ὑμῶν
1131 5609 1440 5693 ἔγγραψον..
1476 5610 1673 5693 Deest,
1701 5623 1777 5693 ex

201 5680 498 5761 Ev‘anﬁelio
550 5680 931 5761 supplendum,
977 5680 1352 5761 disiuncti}ch
1391 5680 1488 5761 τὴν
1536 5681 1774 5761 ἐντολήν.

202 5749 488 5889 Ιλοοιιὲὀξῖ
527 5749 687 5815 Mare.
739 5772 795 5823 ι,
827 5754 890 5820 5;
928 5749 1199 5824 posterior,
1221 5749 1342 5824 pars
1399 5749 1483 5808 εει
1525 5765 1555 5806 c
1587 5749 1774 5806 Matth.

199 5851 322 5900 xix,
388 5871 404 5889 .
441 5847 509 5885 ι’.

1878 4571 2026 4626 rant,
2066 4571 2173 4615 tam
2206 4556 2519 4627 frequenter
2552 4549 2768 4606 abducti
2799 4546 2868 4600 ab
2907 4558 3094 4600 errore
3131 4543 3199 4598 de
3229 4537 3456 4596 deorum

1880 4654 2248 4715 multitudine,
2289 4642 2825 4718 evangelicamillam
2869 4639 3100 4711 gratiam
3149 4634 3456 4706 percipere.

1886 4753 1945 4817 ἦ
1980 4743 2244 4820 Quocirca
2271 4740 2418 4794 illius
2455 4734 2634 4807 populi
2673 4747 2770 4803 per
2805 4732 2858 4788 id
2901 4728 3160 4800 temporis
3197 4726 3458 4782 informa-

1883 4819 2046 4902 tores,
2072 4843 2292 4907 propter
2317 4831 2572 4887 duritiem
2612 4827 2862 4883 cordium
2899 4823 3116 4878 illorum
3159 4819 3322 4874 unius
3367 4832 3459 4872 so-

1881 4935 1985 4989 lius
2027 4929 2120 4984 Dei
2165 4923 2472 4982 doctrinam
2507 4921 2574 4976 iis
2605 4918 2940 4974 instillarunt
2969 4933 2984 4970 :
3021 4923 3082 4969 ut
3109 4914 3177 4968 ab
3201 4910 3459 4982 opinione

1881 5023 2190 5080 abstractos
2215 5019 2281 5073 de
2319 5017 2425 5070 diis
2453 5011 2660 5077 multis,
2689 5013 2755 5064 ad
2781 5009 2941 5064 unius
3001 5005 3335 5062 deducerent
3364 5015 3480 5056 co-.

1881 5117 2202 5188 guitionem.
2230 5109 2408 5179 Atque
2430 5106 2504 5161 ita
2535 5119 2633 5160 suo
2657 5101 2853 5173 populo
2883 5101 3190 5155 doctrinam
3209 5093 3460 5150 tradebat

1881 5186 2060 5264 Moses
2093 5200 2488 5274 imperfectam,
2517 5205 2740 5268 propter
2761 5202 2976 5266 captum
3007 5191 3251 5261 ipsorum
3279 5195 3335 5242 et
3365 5186 3485 5239 im-.

3424 5390 3438 5410 )

1957 5610 2068 5681 (96)
2099 5608 2485 5681 Vulgoel'pe'to,
2515 5613 2569 5659 et
2593 5593 3366 5681 statim,“adparealsuopevog:
3421 5661 3431 5670 υ

1920 5663 2548 5808 ιηίθέξιῃῗξᾳδῖξεσθαι
2583 5673 2776 5746 χάριν.
2811 5673 2884 5726 De
2909 5663 3107 5725 deitatc
3145 5663 3274 5722 Jésu
3305 5663 3464 5718 Chri-

1890 5771 1978 5821 St,
2031 5768 2131 5809 ⁴ιιι
2215 5767 2286 5808 et.
2373 5787 2390 5806 .
