  <div class='ocr_page' id='page_1' title='image "/cluster/home/n/w/nwhite01/storage/ocr_20150623/24/nnc1.0046978259/575.png"; bbox 0 0 3828 6222; ppageno 0'>
   <div class='ocr_carea' id='block_1_1' title="bbox 1071 243 2935 308">
    <p class='ocr_par' dir='ltr' id='par_1_1' title="bbox 1071 243 2935 308">
     <span class='ocr_line' id='line_1_1' title="bbox 1071 243 2935 308; baseline -0.003 -1"><span class='ocrx_word' id='word_1_1' title='bbox 1071 244 1341 308; x_wconf 78' lang='lat' dir='ltr'><strong>EUSEBII</strong></span> <span class='ocrx_word' id='word_1_2' title='bbox 1372 244 1846 308; x_wconf 65' lang='lat' dir='ltr'><strong>CESARlENSIS</strong></span> <span class='ocrx_word' id='word_1_3' title='bbox 1884 246 2043 306; x_wconf 74' lang='grc' dir='ltr'><strong>ΟΡΡ.Δ</strong></span> <span class='ocrx_word' id='word_1_4' title='bbox 2076 245 2266 305; x_wconf 76' lang='lat' dir='ltr'><strong>PARS</strong></span> <span class='ocrx_word' id='word_1_5' title='bbox 2293 245 2382 301; x_wconf 75' lang='grc' dir='ltr'><strong>Π.</strong></span> <span class='ocrx_word' id='word_1_6' title='bbox 2422 278 2493 288; x_wconf 89' lang='lat'><strong>—-</strong></span> <span class='ocrx_word' id='word_1_7' title='bbox 2525 243 2935 302; x_wconf 61' lang='lat' dir='ltr'><strong>DOGMATICS.</strong></span> 
     </span>
    </p>
   </div>
   <div class='ocr_carea' id='block_1_2' title="bbox 3513 232 3667 303">
    <p class='ocr_par' dir='ltr' id='par_1_2' title="bbox 3513 232 3667 303">
     <span class='ocr_line' id='line_1_2' title="bbox 3513 232 3667 303; baseline -0.045 0"><span class='ocrx_word' id='word_1_8' title='bbox 3513 232 3667 303; x_wconf 65' lang='grc' dir='ltr'><strong>95ίῖ</strong></span> 
     </span>
    </p>
   </div>
   <div class='ocr_carea' id='block_1_3' title="bbox 386 354 1971 442">
    <p class='ocr_par' dir='ltr' id='par_1_3' title="bbox 386 358 1955 442">
     <span class='ocr_line' id='line_1_3' title="bbox 386 358 1955 442; baseline -0.005 -15"><span class='ocrx_word' id='word_1_9' title='bbox 386 364 686 442; x_wconf 75' lang='lat' dir='ltr'><strong>perfectam</strong></span> <span class='ocrx_word' id='word_1_10' title='bbox 739 358 1078 436; x_wconf 75' lang='lat' dir='ltr'><strong>intelligendi</strong></span> <span class='ocrx_word' id='word_1_11' title='bbox 1135 370 1482 434; x_wconf 89' lang='lat' dir='ltr'><strong>potestatem.</strong></span> <span class='ocrx_word' id='word_1_12' title='bbox 1541 364 1802 430; x_wconf 86' lang='lat' dir='ltr'><strong>Quocirca</strong></span> <span class='ocrx_word' id='word_1_13' title='bbox 1856 378 1955 419; x_wconf 89' lang='lat' dir='ltr'><strong>nec</strong></span> 
     </span>
    </p>
   </div>
   <div class='ocr_carea' id='block_1_4' title="bbox 2086 354 3655 442">
    <p class='ocr_par' dir='ltr' id='par_1_4' title="bbox 2086 354 3655 430">
     <span class='ocr_line' id='line_1_4' title="bbox 2086 354 3655 430; baseline -0.003 -16"><span class='ocrx_word' id='word_1_14' title='bbox 2086 378 2216 425; x_wconf 89' lang='grc' dir='ltr'>·εως,</span> <span class='ocrx_word' id='word_1_15' title='bbox 2247 361 2306 414; x_wconf 77' lang='grc' dir='ltr'>ὲν</span> <span class='ocrx_word' id='word_1_16' title='bbox 2335 358 2412 430; x_wconf 84' lang='grc' dir='ltr'>τῷ</span> <span class='ocrx_word' id='word_1_17' title='bbox 2440 359 2539 429; x_wconf 82' lang='grc' dir='ltr'>τῆς</span> <span class='ocrx_word' id='word_1_18' title='bbox 2568 357 2926 429; x_wconf 86' lang='grc' dir='ltr'>κοσμοποιίας</span> <span class='ocrx_word' id='word_1_19' title='bbox 2954 355 3118 427; x_wconf 84' lang='grc' dir='ltr'>λόγῳ,</span> <span class='ocrx_word' id='word_1_20' title='bbox 3147 354 3321 409; x_wconf 87' lang='grc' dir='ltr'>καίτοι</span> <span class='ocrx_word' id='word_1_21' title='bbox 3347 354 3461 409; x_wconf 89' lang='grc' dir='ltr'><strong>τῶν</strong></span> <span class='ocrx_word' id='word_1_22' title='bbox 3487 356 3655 427; x_wconf 76' lang='grc' dir='ltr'>μετᾶ</span> 
     </span>
    </p>
   </div>
   <div class='ocr_carea' id='block_1_5' title="bbox 391 455 1957 528">
    <p class='ocr_par' dir='ltr' id='par_1_5' title="bbox 391 455 1957 528">
     <span class='ocr_line' id='line_1_5' title="bbox 391 455 1957 528; baseline -0.009 -8"><span class='ocrx_word' id='word_1_23' title='bbox 391 464 461 520; x_wconf 92' lang='lat' dir='ltr'><strong>de</strong></span> <span class='ocrx_word' id='word_1_24' title='bbox 484 460 719 519; x_wconf 89' lang='lat' dir='ltr'><strong>conditis</strong></span> <span class='ocrx_word' id='word_1_25' title='bbox 748 457 954 528; x_wconf 86' lang='lat' dir='ltr'><strong>angelis</strong></span> <span class='ocrx_word' id='word_1_26' title='bbox 982 455 1112 511; x_wconf 84' lang='lat' dir='ltr'><strong>facit</strong></span> <span class='ocrx_word' id='word_1_27' title='bbox 1142 455 1494 520; x_wconf 81' lang='lat' dir='ltr'><strong>mentionem,</strong></span> <span class='ocrx_word' id='word_1_28' title='bbox 1530 455 1585 509; x_wconf 91' lang='lat' dir='ltr'><strong>in</strong></span> <span class='ocrx_word' id='word_1_29' title='bbox 1626 455 1712 509; x_wconf 87' lang='lat' dir='ltr'><strong>illa</strong></span> <span class='ocrx_word' id='word_1_30' title='bbox 1743 467 1957 511; x_wconf 85' lang='lat' dir='ltr'><strong>cosmo-</strong></span> 
     </span>
    </p>
   </div>
   <div class='ocr_carea' id='block_1_6' title="bbox 391 545 1958 625">
    <p class='ocr_par' dir='ltr' id='par_1_6' title="bbox 391 545 1958 625">
     <span class='ocr_line' id='line_1_6' title="bbox 391 545 1958 625; baseline -0.006 -16"><span class='ocrx_word' id='word_1_31' title='bbox 391 553 547 625; x_wconf 67' lang='lat' dir='ltr'><strong>paaite</strong></span> <span class='ocrx_word' id='word_1_32' title='bbox 594 550 801 605; x_wconf 80' lang='lat' dir='ltr'><strong>ratione</strong></span> <span class='ocrx_word' id='word_1_33' title='bbox 841 547 1197 603; x_wconf 82' lang='lat' dir='ltr'><strong>describenda</strong></span> <span class='ocrx_word' id='word_1_34' title='bbox 1243 564 1258 600; x_wconf 90' lang='lat'><strong>:</strong></span> <span class='ocrx_word' id='word_1_35' title='bbox 1313 561 1433 602; x_wconf 91' lang='lat' dir='ltr'><strong>cum</strong></span> <span class='ocrx_word' id='word_1_36' title='bbox 1467 554 1646 600; x_wconf 85' lang='lat' dir='ltr'><strong>tamen</strong></span> <span class='ocrx_word' id='word_1_37' title='bbox 1680 545 1958 615; x_wconf 66' lang='lat' dir='ltr'><strong>prophetae</strong></span> 
     </span>
    </p>
   </div>
   <div class='ocr_carea' id='block_1_7' title="bbox 390 637 1955 713">
    <p class='ocr_par' dir='ltr' id='par_1_7' title="bbox 390 637 1955 713">
     <span class='ocr_line' id='line_1_7' title="bbox 390 637 1955 713; baseline -0.007 -13"><span class='ocrx_word' id='word_1_38' title='bbox 390 646 483 701; x_wconf 91' lang='lat' dir='ltr'><strong>illo</strong></span> <span class='ocrx_word' id='word_1_39' title='bbox 508 642 837 713; x_wconf 70' lang='lat' dir='ltr'><strong>posteriores</strong></span> <span class='ocrx_word' id='word_1_40' title='bbox 866 638 1179 708; x_wconf 80' lang='lat' dir='ltr'><strong>angelorum</strong></span> <span class='ocrx_word' id='word_1_41' title='bbox 1220 637 1455 694; x_wconf 79' lang='lat' dir='ltr'><strong>fecerint</strong></span> <span class='ocrx_word' id='word_1_42' title='bbox 1486 637 1833 700; x_wconf 72' lang='lat' dir='ltr'><strong>mentionem,</strong></span> <span class='ocrx_word' id='word_1_43' title='bbox 1872 637 1955 690; x_wconf 50' lang='lat' dir='ltr'><strong>di-</strong></span> 
     </span>
    </p>
   </div>
   <div class='ocr_carea' id='block_1_8' title="bbox 390 730 1963 803">
    <p class='ocr_par' dir='ltr' id='par_1_8' title="bbox 390 730 1963 803">
     <span class='ocr_line' id='line_1_8' title="bbox 390 730 1963 803; baseline -0.004 -15"><span class='ocrx_word' id='word_1_44' title='bbox 390 739 749 798; x_wconf 83' lang='lat' dir='ltr'><strong>vinarumque</strong></span> <span class='ocrx_word' id='word_1_45' title='bbox 775 741 1102 803; x_wconf 89' lang='lat' dir='ltr'><strong>potestatum</strong></span> <span class='ocrx_word' id='word_1_46' title='bbox 1136 741 1189 785; x_wconf 89' lang='lat' dir='ltr'><strong>et</strong></span> <span class='ocrx_word' id='word_1_47' title='bbox 1227 730 1512 800; x_wconf 83' lang='lat' dir='ltr'><strong>spirituum</strong></span> <span class='ocrx_word' id='word_1_48' title='bbox 1540 738 1875 790; x_wconf 89' lang='lat' dir='ltr'><strong>sanctorum,</strong></span> <span class='ocrx_word' id='word_1_49' title='bbox 1905 736 1963 782; x_wconf 86' lang='lat' dir='ltr'><strong>et</strong></span> 
     </span>
    </p>
   </div>
   <div class='ocr_carea' id='block_1_9' title="bbox 388 821 1961 892">
    <p class='ocr_par' dir='ltr' id='par_1_9' title="bbox 388 821 1961 892">
     <span class='ocr_line' id='line_1_9' title="bbox 388 821 1961 892; baseline -0.004 -11"><span class='ocrx_word' id='word_1_50' title='bbox 388 827 485 881; x_wconf 87' lang='lat' dir='ltr'><strong>Dei</strong></span> <span class='ocrx_word' id='word_1_51' title='bbox 537 825 908 881; x_wconf 88' lang='lat' dir='ltr'><strong>ministrorum</strong></span> <span class='ocrx_word' id='word_1_52' title='bbox 940 821 1428 892; x_wconf 76' lang='lat' dir='ltr'><strong>superctelestium,</strong></span> <span class='ocrx_word' id='word_1_53' title='bbox 1475 822 1538 876; x_wconf 85' lang='lat' dir='ltr'><strong>de</strong></span> <span class='ocrx_word' id='word_1_54' title='bbox 1560 821 1757 890; x_wconf 86' lang='lat' dir='ltr'><strong>quibus</strong></span> <span class='ocrx_word' id='word_1_55' title='bbox 1779 821 1961 875; x_wconf 87' lang='lat' dir='ltr'><strong>docuit</strong></span> 
     </span>
    </p>
   </div>
   <div class='ocr_carea' id='block_1_10' title="bbox 389 913 1961 981">
    <p class='ocr_par' dir='ltr' id='par_1_10' title="bbox 389 913 1961 981">
     <span class='ocr_line' id='line_1_10' title="bbox 389 913 1961 981; baseline -0.006 -7"><span class='ocrx_word' id='word_1_56' title='bbox 389 929 445 975; x_wconf 90' lang='lat' dir='ltr'><strong>et</strong></span> <span class='ocrx_word' id='word_1_57' title='bbox 494 919 708 974; x_wconf 88' lang='lat' dir='ltr'><strong>locutus</strong></span> <span class='ocrx_word' id='word_1_58' title='bbox 752 925 839 972; x_wconf 88' lang='lat' dir='ltr'><strong>est</strong></span> <span class='ocrx_word' id='word_1_59' title='bbox 870 914 1079 981; x_wconf 83' lang='lat' dir='ltr'><strong>Daniel,</strong></span> <span class='ocrx_word' id='word_1_60' title='bbox 1114 913 1285 968; x_wconf 77' lang='lat' dir='ltr'><strong>Millia</strong></span> <span class='ocrx_word' id='word_1_61' title='bbox 1330 914 1556 967; x_wconf 81' lang='lat' dir='ltr'><strong>millium</strong></span> <span class='ocrx_word' id='word_1_62' title='bbox 1587 913 1961 967; x_wconf 78' lang='lat' dir='ltr'><strong>ministrabant</strong></span> 
     </span>
    </p>
   </div>
   <div class='ocr_carea' id='block_1_11' title="bbox 388 1003 1960 1071">
    <p class='ocr_par' dir='ltr' id='par_1_11' title="bbox 388 1003 1960 1071">
     <span class='ocr_line' id='line_1_11' title="bbox 388 1003 1960 1071; baseline -0.004 -7"><span class='ocrx_word' id='word_1_63' title='bbox 388 1011 437 1064; x_wconf 84' lang='lat' dir='ltr'><strong>ei</strong></span> <span class='ocrx_word' id='word_1_64' title='bbox 462 1018 509 1063; x_wconf 88' lang='lat' dir='ltr'><strong>et</strong></span> <span class='ocrx_word' id='word_1_65' title='bbox 542 1008 711 1063; x_wconf 84' lang='lat' dir='ltr'><strong>decies</strong></span> <span class='ocrx_word' id='word_1_66' title='bbox 738 1008 935 1061; x_wconf 78' lang='lat' dir='ltr'><strong>centies</strong></span> <span class='ocrx_word' id='word_1_67' title='bbox 955 1014 1165 1059; x_wconf 85' lang='lat' dir='ltr'><strong>centena</strong></span> <span class='ocrx_word' id='word_1_68' title='bbox 1191 1005 1361 1056; x_wconf 79' lang='lat' dir='ltr'><strong>millia</strong></span> <span class='ocrx_word' id='word_1_69' title='bbox 1386 1005 1623 1058; x_wconf 80' lang='lat' dir='ltr'><strong>astabant</strong></span> <span class='ocrx_word' id='word_1_70' title='bbox 1656 1005 1703 1058; x_wconf 88' lang='lat' dir='ltr'><strong>ei</strong></span> <span class='ocrx_word' id='word_1_71' title='bbox 1731 1003 1960 1071; x_wconf 78' lang='lat' dir='ltr'><strong>&quot;.Quo-</strong></span> 
     </span>
    </p>
   </div>
   <div class='ocr_carea' id='block_1_12' title="bbox 393 1096 1962 1167">
    <p class='ocr_par' dir='ltr' id='par_1_12' title="bbox 393 1096 1962 1167">
     <span class='ocr_line' id='line_1_12' title="bbox 393 1096 1962 1167; baseline -0.003 -12"><span class='ocrx_word' id='word_1_72' title='bbox 393 1117 513 1155; x_wconf 91' lang='lat' dir='ltr'><strong>rum</strong></span> <span class='ocrx_word' id='word_1_73' title='bbox 548 1112 730 1157; x_wconf 90' lang='lat' dir='ltr'><strong>tamen</strong></span> <span class='ocrx_word' id='word_1_74' title='bbox 774 1099 1106 1154; x_wconf 84' lang='lat' dir='ltr'><strong>mentionem</strong></span> <span class='ocrx_word' id='word_1_75' title='bbox 1151 1096 1370 1152; x_wconf 90' lang='lat' dir='ltr'><strong>silentio</strong></span> <span class='ocrx_word' id='word_1_76' title='bbox 1407 1111 1629 1167; x_wconf 88' lang='lat' dir='ltr'><strong>prorsus</strong></span> <span class='ocrx_word' id='word_1_77' title='bbox 1659 1097 1835 1152; x_wconf 79' lang='lat' dir='ltr'><strong>Moses</strong></span> <span class='ocrx_word' id='word_1_78' title='bbox 1879 1097 1962 1151; x_wconf 85' lang='lat' dir='ltr'><strong>in-</strong></span> 
     </span>
    </p>
   </div>
   <div class='ocr_carea' id='block_1_13' title="bbox 395 1188 1963 1258">
    <p class='ocr_par' dir='ltr' id='par_1_13' title="bbox 395 1188 1963 1258">
     <span class='ocr_line' id='line_1_13' title="bbox 395 1188 1963 1258; baseline 0 -14"><span class='ocrx_word' id='word_1_79' title='bbox 395 1192 664 1255; x_wconf 87' lang='lat' dir='ltr'><strong>volvebat,</strong></span> <span class='ocrx_word' id='word_1_80' title='bbox 704 1207 826 1246; x_wconf 90' lang='lat' dir='ltr'><strong>cum</strong></span> <span class='ocrx_word' id='word_1_81' title='bbox 858 1200 1039 1246; x_wconf 88' lang='lat' dir='ltr'><strong>tamen</strong></span> <span class='ocrx_word' id='word_1_82' title='bbox 1074 1188 1164 1245; x_wconf 91' lang='lat' dir='ltr'><strong>ille</strong></span> <span class='ocrx_word' id='word_1_83' title='bbox 1196 1204 1287 1244; x_wconf 89' lang='lat' dir='ltr'><strong>eos</strong></span> <span class='ocrx_word' id='word_1_84' title='bbox 1314 1203 1419 1242; x_wconf 88' lang='lat' dir='ltr'><strong>non</strong></span> <span class='ocrx_word' id='word_1_85' title='bbox 1454 1189 1747 1258; x_wconf 78' lang='lat' dir='ltr'><strong>ignoraret,</strong></span> <span class='ocrx_word' id='word_1_86' title='bbox 1776 1198 1963 1254; x_wconf 88' lang='lat' dir='ltr'><strong>utpote</strong></span> 
     </span>
    </p>
   </div>
   <div class='ocr_carea' id='block_1_14' title="bbox 394 1278 1961 1356">
    <p class='ocr_par' dir='ltr' id='par_1_14' title="bbox 394 1278 1961 1356">
     <span class='ocr_line' id='line_1_14' title="bbox 394 1278 1961 1356; baseline -0.002 -20"><span class='ocrx_word' id='word_1_87' title='bbox 394 1285 762 1356; x_wconf 34' lang='lat' dir='ltr'><strong>quilexactam</strong></span> <span class='ocrx_word' id='word_1_88' title='bbox 796 1296 977 1337; x_wconf 88' lang='lat' dir='ltr'><strong>rerum</strong></span> <span class='ocrx_word' id='word_1_89' title='bbox 1009 1281 1246 1336; x_wconf 88' lang='lat' dir='ltr'><strong>omnium</strong></span> <span class='ocrx_word' id='word_1_90' title='bbox 1282 1280 1644 1351; x_wconf 79' lang='lat' dir='ltr'><strong>cognitionem</strong></span> <span class='ocrx_word' id='word_1_91' title='bbox 1683 1282 1750 1336; x_wconf 90' lang='lat' dir='ltr'><strong>ab</strong></span> <span class='ocrx_word' id='word_1_92' title='bbox 1783 1278 1961 1334; x_wconf 76' lang='lat' dir='ltr'><strong>aﬂfatu</strong></span> 
     </span>
    </p>
   </div>
   <div class='ocr_carea' id='block_1_15' title="bbox 397 1371 1964 1445">
    <p class='ocr_par' dir='ltr' id='par_1_15' title="bbox 397 1371 1964 1445">
     <span class='ocr_line' id='line_1_15' title="bbox 397 1371 1964 1445; baseline -0.005 -14"><span class='ocrx_word' id='word_1_93' title='bbox 397 1376 570 1431; x_wconf 88' lang='lat' dir='ltr'><strong>divini</strong></span> <span class='ocrx_word' id='word_1_94' title='bbox 601 1375 837 1445; x_wconf 85' lang='lat' dir='ltr'><strong>Spiritus</strong></span> <span class='ocrx_word' id='word_1_95' title='bbox 865 1381 1172 1442; x_wconf 82' lang='lat' dir='ltr'><strong>acceperat.</strong></span> <span class='ocrx_word' id='word_1_96' title='bbox 1196 1371 1310 1426; x_wconf 79' lang='lat' dir='ltr'><strong>Non</strong></span> <span class='ocrx_word' id='word_1_97' title='bbox 1335 1381 1513 1425; x_wconf 87' lang='lat' dir='ltr'><strong>tamen</strong></span> <span class='ocrx_word' id='word_1_98' title='bbox 1546 1372 1687 1425; x_wconf 86' lang='lat' dir='ltr'><strong>inter</strong></span> <span class='ocrx_word' id='word_1_99' title='bbox 1710 1386 1794 1425; x_wconf 92' lang='lat' dir='ltr'><strong>res</strong></span> <span class='ocrx_word' id='word_1_100' title='bbox 1810 1384 1964 1424; x_wconf 86' lang='lat' dir='ltr'><strong>crea-</strong></span> 
     </span>
    </p>
   </div>
   <div class='ocr_carea' id='block_1_16' title="bbox 396 1460 1963 1520">
    <p class='ocr_par' dir='ltr' id='par_1_16' title="bbox 396 1460 1963 1520">
     <span class='ocr_line' id='line_1_16' title="bbox 396 1460 1963 1520; baseline -0.004 0"><span class='ocrx_word' id='word_1_101' title='bbox 396 1474 483 1520; x_wconf 87' lang='lat' dir='ltr'><strong>tas</strong></span> <span class='ocrx_word' id='word_1_102' title='bbox 530 1463 912 1520; x_wconf 87' lang='lat' dir='ltr'><strong>memorandas</strong></span> <span class='ocrx_word' id='word_1_103' title='bbox 951 1476 1138 1517; x_wconf 90' lang='lat' dir='ltr'><strong>eorum</strong></span> <span class='ocrx_word' id='word_1_104' title='bbox 1174 1461 1425 1515; x_wconf 88' lang='lat' dir='ltr'><strong>meminit</strong></span> <span class='ocrx_word' id='word_1_105' title='bbox 1466 1477 1494 1514; x_wconf 91' lang='lat' dir='ltr'><strong>a</strong></span> <span class='ocrx_word' id='word_1_106' title='bbox 1553 1460 1662 1515; x_wconf 84' lang='lat' dir='ltr'><strong>Deo</strong></span> <span class='ocrx_word' id='word_1_107' title='bbox 1717 1460 1963 1515; x_wconf 89' lang='lat' dir='ltr'><strong>condito-</strong></span> 
     </span>
    </p>
   </div>
   <div class='ocr_carea' id='block_1_17' title="bbox 395 1552 1962 1626">
    <p class='ocr_par' dir='ltr' id='par_1_17' title="bbox 395 1552 1962 1626">
     <span class='ocr_line' id='line_1_17' title="bbox 395 1552 1962 1626; baseline -0.005 -13"><span class='ocrx_word' id='word_1_108' title='bbox 395 1573 541 1614; x_wconf 87' lang='lat' dir='ltr'><strong>rum.</strong></span> <span class='ocrx_word' id='word_1_109' title='bbox 597 1556 763 1626; x_wconf 86' lang='lat' dir='ltr'><strong>Cujus</strong></span> <span class='ocrx_word' id='word_1_110' title='bbox 797 1556 873 1611; x_wconf 88' lang='lat' dir='ltr'><strong>rei</strong></span> <span class='ocrx_word' id='word_1_111' title='bbox 928 1568 1147 1610; x_wconf 85' lang='lat' dir='ltr'><strong>causam</strong></span> <span class='ocrx_word' id='word_1_112' title='bbox 1177 1569 1284 1608; x_wconf 91' lang='lat' dir='ltr'><strong>non</strong></span> <span class='ocrx_word' id='word_1_113' title='bbox 1317 1554 1476 1607; x_wconf 88' lang='lat' dir='ltr'><strong>aliam</strong></span> <span class='ocrx_word' id='word_1_114' title='bbox 1529 1552 1922 1608; x_wconf 86' lang='lat' dir='ltr'><strong>reddiderimus</strong></span> <span class='ocrx_word' id='word_1_115' title='bbox 1946 1590 1962 1613; x_wconf 93' lang='lat'><strong>,</strong></span> 
     </span>
    </p>
   </div>
   <div class='ocr_carea' id='block_1_18' title="bbox 397 1640 1963 1715">
    <p class='ocr_par' dir='ltr' id='par_1_18' title="bbox 397 1640 1963 1715">
     <span class='ocr_line' id='line_1_18' title="bbox 397 1640 1963 1715; baseline -0.004 -15"><span class='ocrx_word' id='word_1_116' title='bbox 397 1660 559 1715; x_wconf 86' lang='lat' dir='ltr'><strong>quam</strong></span> <span class='ocrx_word' id='word_1_117' title='bbox 589 1643 897 1699; x_wconf 69' lang='lat' dir='ltr'><strong>Judmorum</strong></span> <span class='ocrx_word' id='word_1_118' title='bbox 915 1644 1165 1699; x_wconf 90' lang='lat' dir='ltr'><strong>duritiem</strong></span> <span class='ocrx_word' id='word_1_119' title='bbox 1213 1642 1412 1707; x_wconf 88' lang='lat' dir='ltr'><strong>cordis,</strong></span> <span class='ocrx_word' id='word_1_120' title='bbox 1438 1643 1579 1712; x_wconf 89' lang='lat' dir='ltr'><strong>quod</strong></span> <span class='ocrx_word' id='word_1_121' title='bbox 1611 1651 1666 1698; x_wconf 89' lang='lat' dir='ltr'><strong>et</strong></span> <span class='ocrx_word' id='word_1_122' title='bbox 1693 1642 1806 1711; x_wconf 90' lang='lat' dir='ltr'><strong>ipse</strong></span> <span class='ocrx_word' id='word_1_123' title='bbox 1834 1640 1963 1696; x_wconf 90' lang='lat' dir='ltr'><strong>Ser-</strong></span> 
     </span>
    </p>
   </div>
   <div class='ocr_carea' id='block_1_19' title="bbox 398 1730 1965 1787">
    <p class='ocr_par' dir='ltr' id='par_1_19' title="bbox 398 1730 1965 1787">
     <span class='ocr_line' id='line_1_19' title="bbox 398 1730 1965 1787; baseline -0.002 -1"><span class='ocrx_word' id='word_1_124' title='bbox 398 1740 556 1786; x_wconf 88' lang='lat' dir='ltr'><strong>vator</strong></span> <span class='ocrx_word' id='word_1_125' title='bbox 574 1731 775 1787; x_wconf 88' lang='lat' dir='ltr'><strong>docuit.</strong></span> <span class='ocrx_word' id='word_1_126' title='bbox 805 1730 909 1786; x_wconf 92' lang='lat' dir='ltr'><strong>Sed</strong></span> <span class='ocrx_word' id='word_1_127' title='bbox 934 1739 989 1785; x_wconf 90' lang='lat' dir='ltr'><strong>et</strong></span> <span class='ocrx_word' id='word_1_128' title='bbox 1031 1730 1135 1783; x_wconf 89' lang='lat' dir='ltr'><strong>alia</strong></span> <span class='ocrx_word' id='word_1_129' title='bbox 1169 1740 1424 1784; x_wconf 79' lang='lat' dir='ltr'><strong>sexcenta</strong></span> <span class='ocrx_word' id='word_1_130' title='bbox 1460 1730 1512 1783; x_wconf 90' lang='lat' dir='ltr'><strong>in</strong></span> <span class='ocrx_word' id='word_1_131' title='bbox 1544 1744 1726 1783; x_wconf 91' lang='lat' dir='ltr'><strong>rerum</strong></span> <span class='ocrx_word' id='word_1_132' title='bbox 1750 1738 1965 1783; x_wconf 83' lang='lat' dir='ltr'><strong>exstare</strong></span> 
     </span>
    </p>
   </div>
   <div class='ocr_carea' id='block_1_20' title="bbox 399 1820 1963 1892">
    <p class='ocr_par' dir='ltr' id='par_1_20' title="bbox 399 1820 1963 1892">
     <span class='ocr_line' id='line_1_20' title="bbox 399 1820 1963 1892; baseline -0.004 -11"><span class='ocrx_word' id='word_1_133' title='bbox 399 1824 755 1881; x_wconf 81' lang='lat' dir='ltr'><strong>universitate</strong></span> <span class='ocrx_word' id='word_1_134' title='bbox 789 1823 967 1878; x_wconf 89' lang='lat' dir='ltr'><strong>discas</strong></span> <span class='ocrx_word' id='word_1_135' title='bbox 998 1835 1093 1892; x_wconf 89' lang='lat' dir='ltr'><strong>per</strong></span> <span class='ocrx_word' id='word_1_136' title='bbox 1114 1820 1245 1876; x_wconf 81' lang='lat' dir='ltr'><strong>Novi</strong></span> <span class='ocrx_word' id='word_1_137' title='bbox 1285 1821 1623 1876; x_wconf 83' lang='lat' dir='ltr'><strong>Testamenti</strong></span> <span class='ocrx_word' id='word_1_138' title='bbox 1656 1821 1963 1888; x_wconf 87' lang='lat' dir='ltr'><strong>lectionem,</strong></span> 
     </span>
    </p>
   </div>
   <div class='ocr_carea' id='block_1_21' title="bbox 402 1911 1968 1983">
    <p class='ocr_par' dir='ltr' id='par_1_21' title="bbox 402 1911 1968 1983">
     <span class='ocr_line' id='line_1_21' title="bbox 402 1911 1968 1983; baseline -0.001 -15"><span class='ocrx_word' id='word_1_139' title='bbox 402 1927 523 1982; x_wconf 82' lang='lat' dir='ltr'><strong>quae</strong></span> <span class='ocrx_word' id='word_1_140' title='bbox 553 1929 817 1983; x_wconf 81' lang='lat' dir='ltr'><strong>nusquam</strong></span> <span class='ocrx_word' id='word_1_141' title='bbox 840 1914 893 1967; x_wconf 91' lang='lat' dir='ltr'><strong>in</strong></span> <span class='ocrx_word' id='word_1_142' title='bbox 922 1912 1146 1968; x_wconf 90' lang='lat' dir='ltr'><strong>historia</strong></span> <span class='ocrx_word' id='word_1_143' title='bbox 1168 1911 1334 1966; x_wconf 80' lang='lat' dir='ltr'><strong>Mosis</strong></span> <span class='ocrx_word' id='word_1_144' title='bbox 1356 1921 1688 1981; x_wconf 88' lang='lat' dir='ltr'><strong>comparent.</strong></span> <span class='ocrx_word' id='word_1_145' title='bbox 1714 1911 1828 1966; x_wconf 89' lang='lat' dir='ltr'><strong>Non</strong></span> <span class='ocrx_word' id='word_1_146' title='bbox 1856 1926 1968 1967; x_wconf 55' lang='lat' dir='ltr'><strong>mea</strong></span> 
     </span>
    </p>
   </div>
   <div class='ocr_carea' id='block_1_22' title="bbox 403 2002 1964 2073">
    <p class='ocr_par' dir='ltr' id='par_1_22' title="bbox 403 2002 1964 2073">
     <span class='ocr_line' id='line_1_22' title="bbox 403 2002 1964 2073; baseline -0.001 -17"><span class='ocrx_word' id='word_1_147' title='bbox 403 2003 560 2056; x_wconf 89' lang='lat' dir='ltr'><strong>minit</strong></span> <span class='ocrx_word' id='word_1_148' title='bbox 608 2004 1009 2073; x_wconf 85' lang='lat' dir='ltr'><strong>principatuum</strong></span> <span class='ocrx_word' id='word_1_149' title='bbox 1034 2042 1055 2069; x_wconf 93' lang='lat'><strong>,</strong></span> <span class='ocrx_word' id='word_1_150' title='bbox 1092 2018 1196 2056; x_wconf 92' lang='lat' dir='ltr'><strong>non</strong></span> <span class='ocrx_word' id='word_1_151' title='bbox 1230 2010 1559 2072; x_wconf 87' lang='lat' dir='ltr'><strong>potestatum</strong></span> <span class='ocrx_word' id='word_1_152' title='bbox 1588 2041 1603 2065; x_wconf 92' lang='lat'><strong>,</strong></span> <span class='ocrx_word' id='word_1_153' title='bbox 1640 2017 1744 2056; x_wconf 92' lang='lat' dir='ltr'><strong>non</strong></span> <span class='ocrx_word' id='word_1_154' title='bbox 1778 2002 1964 2056; x_wconf 91' lang='lat' dir='ltr'><strong>mundi</strong></span> 
     </span>
    </p>
   </div>
   <div class='ocr_carea' id='block_1_23' title="bbox 403 2094 1968 2163">
    <p class='ocr_par' dir='ltr' id='par_1_23' title="bbox 403 2094 1968 2163">
     <span class='ocr_line' id='line_1_23' title="bbox 403 2094 1968 2163; baseline 0.001 -15"><span class='ocrx_word' id='word_1_155' title='bbox 403 2094 792 2149; x_wconf 86' lang='lat' dir='ltr'><strong>dominantium</strong></span> <span class='ocrx_word' id='word_1_156' title='bbox 819 2133 836 2159; x_wconf 97' lang='lat'><strong>,</strong></span> <span class='ocrx_word' id='word_1_157' title='bbox 886 2108 994 2149; x_wconf 91' lang='lat' dir='ltr'><strong>non</strong></span> <span class='ocrx_word' id='word_1_158' title='bbox 1035 2095 1319 2163; x_wconf 86' lang='lat' dir='ltr'><strong>spirituum</strong></span> <span class='ocrx_word' id='word_1_159' title='bbox 1350 2094 1645 2163; x_wconf 88' lang='lat' dir='ltr'><strong>iniquitatis</strong></span> <span class='ocrx_word' id='word_1_160' title='bbox 1667 2134 1682 2159; x_wconf 94' lang='lat'><strong>,</strong></span> <span class='ocrx_word' id='word_1_161' title='bbox 1707 2094 1968 2149; x_wconf 89' lang='lat' dir='ltr'><strong>adversus</strong></span> 
     </span>
    </p>
   </div>
   <div class='ocr_carea' id='block_1_24' title="bbox 402 2184 1967 2255">
    <p class='ocr_par' dir='ltr' id='par_1_24' title="bbox 402 2184 1967 2255">
     <span class='ocr_line' id='line_1_24' title="bbox 402 2184 1967 2255; baseline 0.002 -16"><span class='ocrx_word' id='word_1_162' title='bbox 402 2200 537 2254; x_wconf 86' lang='lat' dir='ltr'><strong>quos</strong></span> <span class='ocrx_word' id='word_1_163' title='bbox 567 2184 708 2240; x_wconf 88' lang='lat' dir='ltr'><strong>lucta</strong></span> <span class='ocrx_word' id='word_1_164' title='bbox 759 2185 914 2240; x_wconf 87' lang='lat' dir='ltr'><strong>nobis</strong></span> <span class='ocrx_word' id='word_1_165' title='bbox 956 2186 1273 2250; x_wconf 89' lang='lat' dir='ltr'><strong>intercedit,</strong></span> <span class='ocrx_word' id='word_1_166' title='bbox 1318 2194 1378 2239; x_wconf 90' lang='lat' dir='ltr'><strong>ut</strong></span> <span class='ocrx_word' id='word_1_167' title='bbox 1425 2186 1636 2240; x_wconf 89' lang='lat' dir='ltr'><strong>divinus</strong></span> <span class='ocrx_word' id='word_1_168' title='bbox 1676 2185 1967 2255; x_wconf 84' lang='lat' dir='ltr'><strong>Apostolus</strong></span> 
     </span>
    </p>
   </div>
   <div class='ocr_carea' id='block_1_25' title="bbox 402 2272 1966 2345">
    <p class='ocr_par' dir='ltr' id='par_1_25' title="bbox 402 2272 1966 2345">
     <span class='ocr_line' id='line_1_25' title="bbox 402 2272 1966 2345; baseline 0.001 -18"><span class='ocrx_word' id='word_1_169' title='bbox 402 2274 661 2345; x_wconf 79' lang='lat' dir='ltr'><strong>loquitur.</strong></span> <span class='ocrx_word' id='word_1_170' title='bbox 708 2272 846 2341; x_wconf 84' lang='lat' dir='ltr'><strong>Quid</strong></span> <span class='ocrx_word' id='word_1_171' title='bbox 874 2290 1004 2344; x_wconf 87' lang='lat' dir='ltr'><strong>ergo</strong></span> <span class='ocrx_word' id='word_1_172' title='bbox 1032 2274 1199 2330; x_wconf 78' lang='lat' dir='ltr'><strong>refert</strong></span> <span class='ocrx_word' id='word_1_173' title='bbox 1222 2314 1237 2337; x_wconf 86' lang='lat'><strong>,</strong></span> <span class='ocrx_word' id='word_1_174' title='bbox 1272 2275 1316 2329; x_wconf 87' lang='lat' dir='ltr'><strong>si</strong></span> <span class='ocrx_word' id='word_1_175' title='bbox 1361 2288 1537 2343; x_wconf 82' lang='lat' dir='ltr'><strong>neque</strong></span> <span class='ocrx_word' id='word_1_176' title='bbox 1564 2277 1704 2343; x_wconf 81' lang='lat' dir='ltr'><strong>apud</strong></span> <span class='ocrx_word' id='word_1_177' title='bbox 1743 2274 1966 2339; x_wconf 85' lang='lat' dir='ltr'><strong>Mosem,</strong></span> 
     </span>
    </p>
   </div>
   <div class='ocr_carea' id='block_1_26' title="bbox 405 2366 1967 2436">
    <p class='ocr_par' dir='ltr' id='par_1_26' title="bbox 405 2366 1967 2436">
     <span class='ocr_line' id='line_1_26' title="bbox 405 2366 1967 2436; baseline 0.002 -17"><span class='ocrx_word' id='word_1_178' title='bbox 405 2380 505 2421; x_wconf 87' lang='lat' dir='ltr'><strong>nec</strong></span> <span class='ocrx_word' id='word_1_179' title='bbox 540 2366 831 2435; x_wconf 84' lang='lat' dir='ltr'><strong>prophetas</strong></span> <span class='ocrx_word' id='word_1_180' title='bbox 880 2366 1117 2436; x_wconf 86' lang='lat' dir='ltr'><strong>reliquos</strong></span> <span class='ocrx_word' id='word_1_181' title='bbox 1167 2366 1413 2421; x_wconf 88' lang='lat' dir='ltr'><strong>invenire</strong></span> <span class='ocrx_word' id='word_1_182' title='bbox 1452 2380 1733 2435; x_wconf 84' lang='lat' dir='ltr'><strong>possemus</strong></span> <span class='ocrx_word' id='word_1_183' title='bbox 1772 2367 1967 2422; x_wconf 87' lang='lat' dir='ltr'><strong>horum</strong></span> 
     </span>
    </p>
   </div>
   <div class='ocr_carea' id='block_1_27' title="bbox 406 2458 1968 2527">
    <p class='ocr_par' dir='ltr' id='par_1_27' title="bbox 406 2458 1968 2527">
     <span class='ocr_line' id='line_1_27' title="bbox 406 2458 1968 2527; baseline 0.001 -14"><span class='ocrx_word' id='word_1_184' title='bbox 406 2459 666 2524; x_wconf 87' lang='lat' dir='ltr'><strong>rationes,</strong></span> <span class='ocrx_word' id='word_1_185' title='bbox 698 2474 824 2512; x_wconf 91' lang='lat' dir='ltr'><strong>num</strong></span> <span class='ocrx_word' id='word_1_186' title='bbox 878 2458 1015 2514; x_wconf 82' lang='lat' dir='ltr'><strong>ﬁdes</strong></span> <span class='ocrx_word' id='word_1_187' title='bbox 1049 2460 1306 2527; x_wconf 77' lang='lat' dir='ltr'><strong>Apostolo</strong></span> <span class='ocrx_word' id='word_1_188' title='bbox 1337 2459 1711 2514; x_wconf 76' lang='lat' dir='ltr'><strong>detrahenda?</strong></span> <span class='ocrx_word' id='word_1_189' title='bbox 1731 2471 1968 2514; x_wconf 89' lang='lat' dir='ltr'><strong>autcum</strong></span> 
     </span>
    </p>
   </div>
   <div class='ocr_carea' id='block_1_28' title="bbox 406 2547 1973 2617">
    <p class='ocr_par' dir='ltr' id='par_1_28' title="bbox 406 2547 1973 2617">
     <span class='ocr_line' id='line_1_28' title="bbox 406 2547 1973 2617; baseline 0 -14"><span class='ocrx_word' id='word_1_190' title='bbox 406 2547 712 2603; x_wconf 88' lang='lat' dir='ltr'><strong>meminerit</strong></span> <span class='ocrx_word' id='word_1_191' title='bbox 768 2547 857 2601; x_wconf 89' lang='lat' dir='ltr'><strong>ille</strong></span> <span class='ocrx_word' id='word_1_192' title='bbox 909 2548 1101 2601; x_wconf 90' lang='lat' dir='ltr'><strong>horum</strong></span> <span class='ocrx_word' id='word_1_193' title='bbox 1144 2547 1393 2602; x_wconf 90' lang='lat' dir='ltr'><strong>ordinum</strong></span> <span class='ocrx_word' id='word_1_194' title='bbox 1432 2547 1761 2603; x_wconf 81' lang='lat' dir='ltr'><strong>excellenter</strong></span> <span class='ocrx_word' id='word_1_195' title='bbox 1790 2562 1973 2617; x_wconf 85' lang='lat' dir='ltr'><strong>supre-</strong></span> 
     </span>
    </p>
   </div>
   <div class='ocr_carea' id='block_1_29' title="bbox 406 2632 1974 2702">
    <p class='ocr_par' dir='ltr' id='par_1_29' title="bbox 406 2632 1974 2702">
     <span class='ocr_line' id='line_1_29' title="bbox 406 2632 1974 2702; baseline 0 -13"><span class='ocrx_word' id='word_1_196' title='bbox 406 2651 639 2702; x_wconf 77' lang='lat' dir='ltr'><strong>morum,</strong></span> <span class='ocrx_word' id='word_1_197' title='bbox 674 2635 763 2690; x_wconf 89' lang='lat' dir='ltr'><strong>ubi</strong></span> <span class='ocrx_word' id='word_1_198' title='bbox 795 2634 903 2700; x_wconf 90' lang='lat' dir='ltr'><strong>ait,</strong></span> <span class='ocrx_word' id='word_1_199' title='bbox 938 2633 1212 2689; x_wconf 80' lang='lat' dir='ltr'><strong>Christum</strong></span> <span class='ocrx_word' id='word_1_200' title='bbox 1243 2648 1272 2687; x_wconf 90' lang='lat' dir='ltr'><strong>a</strong></span> <span class='ocrx_word' id='word_1_201' title='bbox 1307 2632 1514 2687; x_wconf 81' lang='lat' dir='ltr'><strong>dextris</strong></span> <span class='ocrx_word' id='word_1_202' title='bbox 1542 2632 1645 2686; x_wconf 43' lang='lat' dir='ltr'><strong>Dei-7</strong></span> <span class='ocrx_word' id='word_1_203' title='bbox 1690 2632 1974 2689; x_wconf 88' lang='lat' dir='ltr'><strong>considere</strong></span> 
     </span>
    </p>
   </div>
   <div class='ocr_carea' id='block_1_30' title="bbox 405 2726 1973 2797">
    <p class='ocr_par' dir='ltr' id='par_1_30' title="bbox 405 2726 1973 2797">
     <span class='ocr_line' id='line_1_30' title="bbox 405 2726 1973 2797; baseline -0.003 -14"><span class='ocrx_word' id='word_1_204' title='bbox 405 2743 569 2795; x_wconf 82' lang='lat' dir='ltr'><strong>super</strong></span> <span class='ocrx_word' id='word_1_205' title='bbox 593 2743 810 2782; x_wconf 90' lang='lat' dir='ltr'><strong>omnem</strong></span> <span class='ocrx_word' id='word_1_206' title='bbox 844 2727 1228 2797; x_wconf 85' lang='lat' dir='ltr'><strong>principatum,</strong></span> <span class='ocrx_word' id='word_1_207' title='bbox 1262 2735 1311 2778; x_wconf 91' lang='lat' dir='ltr'><strong>et</strong></span> <span class='ocrx_word' id='word_1_208' title='bbox 1338 2734 1682 2795; x_wconf 80' lang='lat' dir='ltr'><strong>patestatem,</strong></span> <span class='ocrx_word' id='word_1_209' title='bbox 1724 2733 1779 2779; x_wconf 91' lang='lat' dir='ltr'><strong>et</strong></span> <span class='ocrx_word' id='word_1_210' title='bbox 1801 2726 1973 2779; x_wconf 79' lang='lat' dir='ltr'><strong>virtu—</strong></span> 
     </span>
    </p>
   </div>
   <div class='ocr_carea' id='block_1_31' title="bbox 408 2816 1972 2885">
    <p class='ocr_par' dir='ltr' id='par_1_31' title="bbox 408 2816 1972 2885">
     <span class='ocr_line' id='line_1_31' title="bbox 408 2816 1972 2885; baseline 0.001 -15"><span class='ocrx_word' id='word_1_211' title='bbox 408 2830 535 2885; x_wconf 88' lang='lat' dir='ltr'><strong>tem,</strong></span> <span class='ocrx_word' id='word_1_212' title='bbox 560 2829 614 2873; x_wconf 87' lang='lat' dir='ltr'><strong>et</strong></span> <span class='ocrx_word' id='word_1_213' title='bbox 646 2818 1088 2882; x_wconf 85' lang='lat' dir='ltr'><strong>dominationem,</strong></span> <span class='ocrx_word' id='word_1_214' title='bbox 1126 2824 1180 2871; x_wconf 90' lang='lat' dir='ltr'><strong>et</strong></span> <span class='ocrx_word' id='word_1_215' title='bbox 1213 2830 1377 2871; x_wconf 91' lang='lat' dir='ltr'><strong>omne</strong></span> <span class='ocrx_word' id='word_1_216' title='bbox 1404 2831 1599 2869; x_wconf 82' lang='lat' dir='ltr'><strong>nomen</strong></span> <span class='ocrx_word' id='word_1_217' title='bbox 1632 2816 1771 2885; x_wconf 91' lang='lat' dir='ltr'><strong>quod</strong></span> <span class='ocrx_word' id='word_1_218' title='bbox 1797 2817 1972 2871; x_wconf 84' lang='lat' dir='ltr'><strong>nomi—</strong></span> 
     </span>
    </p>
   </div>
   <div class='ocr_carea' id='block_1_32' title="bbox 406 2906 1975 2974">
    <p class='ocr_par' dir='ltr' id='par_1_32' title="bbox 406 2906 1975 2974">
     <span class='ocr_line' id='line_1_32' title="bbox 406 2906 1975 2974; baseline -0.001 -11"><span class='ocrx_word' id='word_1_219' title='bbox 406 2920 588 2974; x_wconf 88' lang='lat' dir='ltr'><strong>natur,</strong></span> <span class='ocrx_word' id='word_1_220' title='bbox 622 2909 738 2963; x_wconf 83' lang='lat' dir='ltr'><strong>sive</strong></span> <span class='ocrx_word' id='word_1_221' title='bbox 768 2909 819 2961; x_wconf 90' lang='lat' dir='ltr'><strong>in</strong></span> <span class='ocrx_word' id='word_1_222' title='bbox 852 2908 953 2963; x_wconf 90' lang='lat' dir='ltr'><strong>hoc</strong></span> <span class='ocrx_word' id='word_1_223' title='bbox 984 2907 1182 2962; x_wconf 66' lang='lat' dir='ltr'><strong>saeculo</strong></span> <span class='ocrx_word' id='word_1_224' title='bbox 1208 2921 1300 2961; x_wconf 91' lang='lat' dir='ltr'><strong>seu</strong></span> <span class='ocrx_word' id='word_1_225' title='bbox 1332 2906 1384 2960; x_wconf 90' lang='lat' dir='ltr'><strong>in</strong></span> <span class='ocrx_word' id='word_1_226' title='bbox 1432 2907 1608 2960; x_wconf 84' lang='lat' dir='ltr'><strong>futuro</strong></span> <span class='ocrx_word' id='word_1_227' title='bbox 1633 2907 1713 2973; x_wconf 69' lang='lat'><strong>&#39;7;</strong></span> <span class='ocrx_word' id='word_1_228' title='bbox 1757 2916 1811 2961; x_wconf 88' lang='lat' dir='ltr'><strong>et</strong></span> <span class='ocrx_word' id='word_1_229' title='bbox 1847 2907 1975 2962; x_wconf 86' lang='lat' dir='ltr'><strong>alibi</strong></span> 
     </span>
    </p>
   </div>
   <div class='ocr_carea' id='block_1_33' title="bbox 2054 448 3644 523">
    <p class='ocr_par' dir='ltr' id='par_1_33' title="bbox 2054 448 3644 523">
     <span class='ocr_line' id='line_1_33' title="bbox 2054 448 3644 523; baseline -0.003 -18"><span class='ocrx_word' id='word_1_230' title='bbox 2054 452 2227 506; x_wconf 89' lang='grc' dir='ltr'>ταῦτα</span> <span class='ocrx_word' id='word_1_231' title='bbox 2269 452 2377 523; x_wconf 90' lang='grc'><strong>(98)</strong></span> <span class='ocrx_word' id='word_1_232' title='bbox 2419 449 2711 522; x_wconf 83' lang='grc' dir='ltr'><strong>προφητῶν</strong></span> <span class='ocrx_word' id='word_1_233' title='bbox 2755 448 2815 503; x_wconf 80' lang='grc' dir='ltr'><strong>οὐ</strong></span> <span class='ocrx_word' id='word_1_234' title='bbox 2850 449 3009 520; x_wconf 83' lang='grc' dir='ltr'>μόνον</span> <span class='ocrx_word' id='word_1_235' title='bbox 3043 448 3289 518; x_wconf 85' lang='grc' dir='ltr'>ἀγγέλων</span> <span class='ocrx_word' id='word_1_236' title='bbox 3319 465 3644 519; x_wconf 77' lang='grc' dir='ltr'>μνημονευ-</span> 
     </span>
    </p>
   </div>
   <div class='ocr_carea' id='block_1_34' title="bbox 2058 538 3648 611">
    <p class='ocr_par' dir='ltr' id='par_1_34' title="bbox 2058 538 3648 611">
     <span class='ocr_line' id='line_1_34' title="bbox 2058 538 3648 611; baseline -0.003 -15"><span class='ocrx_word' id='word_1_237' title='bbox 2058 544 2286 608; x_wconf 82' lang='grc' dir='ltr'><strong>σάντων,</strong></span> <span class='ocrx_word' id='word_1_238' title='bbox 2312 542 2446 596; x_wconf 87' lang='grc' dir='ltr'>άλλά</span> <span class='ocrx_word' id='word_1_239' title='bbox 2495 542 2589 595; x_wconf 82' lang='grc' dir='ltr'>καὶ</span> <span class='ocrx_word' id='word_1_240' title='bbox 2634 541 2792 594; x_wconf 84' lang='grc' dir='ltr'>θείων</span> <span class='ocrx_word' id='word_1_241' title='bbox 2836 540 3139 611; x_wconf 89' lang='grc' dir='ltr'>δυνάμεων,</span> <span class='ocrx_word' id='word_1_242' title='bbox 3181 538 3278 592; x_wconf 74' lang='grc' dir='ltr'>καὶ</span> <span class='ocrx_word' id='word_1_243' title='bbox 3300 538 3648 608; x_wconf 77' lang='grc' dir='ltr'>πνευμάτων</span> 
     </span>
    </p>
   </div>
   <div class='ocr_carea' id='block_1_35' title="bbox 2055 628 3651 705">
    <p class='ocr_par' dir='ltr' id='par_1_35' title="bbox 2055 628 3651 705">
     <span class='ocr_line' id='line_1_35' title="bbox 2055 628 3651 705; baseline -0.005 -17"><span class='ocrx_word' id='word_1_244' title='bbox 2055 635 2245 703; x_wconf 82' lang='grc' dir='ltr'>ἁγίων,</span> <span class='ocrx_word' id='word_1_245' title='bbox 2276 635 2385 688; x_wconf 89' lang='grc' dir='ltr'><strong>τῶν</strong></span> <span class='ocrx_word' id='word_1_246' title='bbox 2421 651 2481 687; x_wconf 86' lang='grc' dir='ltr'><strong>τε</strong></span> <span class='ocrx_word' id='word_1_247' title='bbox 2510 631 2912 705; x_wconf 83' lang='grc' dir='ltr'>ὑπερουρανίων</span> <span class='ocrx_word' id='word_1_248' title='bbox 2942 630 3075 684; x_wconf 84' lang='grc' dir='ltr'><strong>Θεοῦ</strong></span> <span class='ocrx_word' id='word_1_249' title='bbox 3106 629 3465 700; x_wconf 77' lang='grc' dir='ltr'><strong>λειτουργῶν·</strong></span> <span class='ocrx_word' id='word_1_250' title='bbox 3502 628 3651 698; x_wconf 83' lang='grc' dir='ltr'>περὶ</span> 
     </span>
    </p>
   </div>
   <div class='ocr_carea' id='block_1_36' title="bbox 2060 720 3649 799">
    <p class='ocr_par' dir='ltr' id='par_1_36' title="bbox 2060 720 3649 799">
     <span class='ocr_line' id='line_1_36' title="bbox 2060 720 3649 799; baseline -0.007 -18"><span class='ocrx_word' id='word_1_251' title='bbox 2060 722 2135 782; x_wconf 79' lang='grc' dir='ltr'>ὧν</span> <span class='ocrx_word' id='word_1_252' title='bbox 2164 732 2193 783; x_wconf 89' lang='lat'><strong>6</strong></span> <span class='ocrx_word' id='word_1_253' title='bbox 2218 726 2412 799; x_wconf 81' lang='grc' dir='ltr'>Δανιὴλ</span> <span class='ocrx_word' id='word_1_254' title='bbox 2440 727 2706 781; x_wconf 81' lang='grc' dir='ltr'>διδάσκων</span> <span class='ocrx_word' id='word_1_255' title='bbox 2738 724 2911 793; x_wconf 79' lang='grc' dir='ltr'>ἔλεγε,</span> <span class='ocrx_word' id='word_1_256' title='bbox 2938 724 3133 778; x_wconf 77' lang='grc' dir='ltr'>Χίλιαι</span> <span class='ocrx_word' id='word_1_257' title='bbox 3169 720 3436 790; x_wconf 68' lang='grc' dir='ltr'>χιλιάδες</span> <span class='ocrx_word' id='word_1_258' title='bbox 3474 720 3649 772; x_wconf 72' lang='grc' dir='ltr'>ἐλει-</span> 
     </span>
    </p>
   </div>
   <div class='ocr_carea' id='block_1_37' title="bbox 2058 809 3653 890">
    <p class='ocr_par' dir='ltr' id='par_1_37' title="bbox 2058 809 3653 890">
     <span class='ocr_line' id='line_1_37' title="bbox 2058 809 3653 890; baseline -0.008 -15"><span class='ocrx_word' id='word_1_259' title='bbox 2058 821 2350 890; x_wconf 78' lang='grc' dir='ltr'>τούργουν</span> <span class='ocrx_word' id='word_1_260' title='bbox 2367 818 2545 884; x_wconf 84' lang='grc' dir='ltr'>αὐτῷ,</span> <span class='ocrx_word' id='word_1_261' title='bbox 2576 818 2675 872; x_wconf 76' lang='grc' dir='ltr'>καὶ</span> <span class='ocrx_word' id='word_1_262' title='bbox 2697 817 2905 888; x_wconf 81' lang='grc' dir='ltr'>μυρίαι</span> <span class='ocrx_word' id='word_1_263' title='bbox 2918 812 3204 883; x_wconf 80' lang='grc' dir='ltr'><strong>μυριάδες</strong></span> <span class='ocrx_word' id='word_1_264' title='bbox 3219 809 3653 880; x_wconf 78' lang='grc' dir='ltr'>παρειστήκει-</span> 
     </span>
    </p>
   </div>
   <div class='ocr_carea' id='block_1_38' title="bbox 2059 902 3652 980">
    <p class='ocr_par' dir='ltr' id='par_1_38' title="bbox 2059 902 3652 980">
     <span class='ocr_line' id='line_1_38' title="bbox 2059 902 3652 980; baseline -0.008 -15"><span class='ocrx_word' id='word_1_265' title='bbox 2059 925 2179 965; x_wconf 75' lang='grc' dir='ltr'>σαν</span> <span class='ocrx_word' id='word_1_266' title='bbox 2200 912 2538 980; x_wconf 75' lang='grc' dir='ltr'>ἔμπροσθεν</span> <span class='ocrx_word' id='word_1_267' title='bbox 2565 907 2771 963; x_wconf 88' lang='grc' dir='ltr'>αὐτοῦ.</span> <span class='ocrx_word' id='word_1_268' title='bbox 2820 905 2977 959; x_wconf 80' lang='grc' dir='ltr'>Ἀλλὰ</span> <span class='ocrx_word' id='word_1_269' title='bbox 3012 904 3122 975; x_wconf 85' lang='grc' dir='ltr'><strong>γὰρ</strong></span> <span class='ocrx_word' id='word_1_270' title='bbox 3151 903 3356 980; x_wconf 78' lang='grc' dir='ltr'>τούτων</span> <span class='ocrx_word' id='word_1_271' title='bbox 3380 902 3652 955; x_wconf 75' lang='grc' dir='ltr'>ἁπάντων</span> 
     </span>
    </p>
   </div>
   <div class='ocr_carea' id='block_1_39' title="bbox 2062 975 3657 1072">
    <p class='ocr_par' dir='ltr' id='par_1_39' title="bbox 2062 975 3657 1072">
     <span class='ocr_line' id='line_1_39' title="bbox 2062 975 3657 1072; baseline -0.008 -17"><span class='ocrx_word' id='word_1_272' title='bbox 2062 975 2243 1071; x_wconf 72' lang='grc' dir='ltr'>σιωπῇ</span> <span class='ocrx_word' id='word_1_273' title='bbox 2276 975 2559 1072; x_wconf 76' lang='grc' dir='ltr'>παρέδωκε</span> <span class='ocrx_word' id='word_1_274' title='bbox 2583 1000 2709 1063; x_wconf 78' lang='grc' dir='ltr'>τοὺς</span> <span class='ocrx_word' id='word_1_275' title='bbox 2736 998 2925 1067; x_wconf 78' lang='grc' dir='ltr'>λόγους</span> <span class='ocrx_word' id='word_1_276' title='bbox 2951 996 3175 1066; x_wconf 77' lang='grc' dir='ltr'>Μωσῆς,</span> <span class='ocrx_word' id='word_1_277' title='bbox 3205 975 3409 1065; x_wconf 64' lang='grc' dir='ltr'>καίπερ</span> <span class='ocrx_word' id='word_1_278' title='bbox 3434 992 3537 1046; x_wconf 81' lang='grc' dir='ltr'><strong>οὐκ</strong></span> <span class='ocrx_word' id='word_1_279' title='bbox 3565 991 3657 1043; x_wconf 76' lang='grc' dir='ltr'>ὣν</span> 
     </span>
    </p>
   </div>
   <div class='ocr_carea' id='block_1_40' title="bbox 2060 1087 3659 1164">
    <p class='ocr_par' dir='ltr' id='par_1_40' title="bbox 2060 1087 3659 1164">
     <span class='ocr_line' id='line_1_40' title="bbox 2060 1087 3659 1164; baseline -0.007 -18"><span class='ocrx_word' id='word_1_280' title='bbox 2060 1093 2237 1147; x_wconf 82' lang='grc' dir='ltr'>αὐτῶν</span> <span class='ocrx_word' id='word_1_281' title='bbox 2264 1093 2322 1145; x_wconf 81' lang='grc' dir='ltr'>ὲν</span> <span class='ocrx_word' id='word_1_282' title='bbox 2342 1092 2533 1164; x_wconf 77' lang='grc' dir='ltr'>ἀγνοίᾳ</span> <span class='ocrx_word' id='word_1_283' title='bbox 2547 1109 2560 1122; x_wconf 89' lang='grc'><strong>·</strong></span> <span class='ocrx_word' id='word_1_284' title='bbox 2594 1092 2809 1145; x_wconf 86' lang='grc' dir='ltr'>πάντων</span> <span class='ocrx_word' id='word_1_285' title='bbox 2829 1090 2886 1143; x_wconf 75' lang='grc' dir='ltr'>δὲ</span> <span class='ocrx_word' id='word_1_286' title='bbox 2904 1088 3003 1160; x_wconf 78' lang='grc' dir='ltr'>τὴν</span> <span class='ocrx_word' id='word_1_287' title='bbox 3018 1087 3216 1160; x_wconf 77' lang='grc' dir='ltr'>ἀκριϐῆ</span> <span class='ocrx_word' id='word_1_288' title='bbox 3232 1088 3434 1156; x_wconf 85' lang='grc' dir='ltr'>γνῶσιν</span> <span class='ocrx_word' id='word_1_289' title='bbox 3451 1101 3659 1156; x_wconf 80' lang='grc' dir='ltr'>προει-</span> 
     </span>
    </p>
   </div>
   <div class='ocr_carea' id='block_1_41' title="bbox 2061 1175 3665 1254">
    <p class='ocr_par' dir='ltr' id='par_1_41' title="bbox 2061 1175 3665 1254">
     <span class='ocr_line' id='line_1_41' title="bbox 2061 1175 3665 1254; baseline -0.006 -19"><span class='ocrx_word' id='word_1_290' title='bbox 2061 1184 2245 1254; x_wconf 82' lang='grc' dir='ltr'>ληφὼς</span> <span class='ocrx_word' id='word_1_291' title='bbox 2262 1182 2372 1253; x_wconf 86' lang='grc'><strong>(99)</strong></span> <span class='ocrx_word' id='word_1_292' title='bbox 2394 1182 2469 1253; x_wconf 86' lang='grc' dir='ltr'>τῷ</span> <span class='ocrx_word' id='word_1_293' title='bbox 2486 1183 2614 1253; x_wconf 86' lang='grc' dir='ltr'>θείῳ</span> <span class='ocrx_word' id='word_1_294' title='bbox 2631 1180 2928 1252; x_wconf 83' lang='grc' dir='ltr'>Πνεύματι.</span> <span class='ocrx_word' id='word_1_295' title='bbox 2954 1176 3370 1251; x_wconf 78' lang='grc' dir='ltr'>Πλὴνοὺδαμῶς</span> <span class='ocrx_word' id='word_1_296' title='bbox 3386 1175 3570 1230; x_wconf 77' lang='grc' dir='ltr'>αὐτῶν</span> <span class='ocrx_word' id='word_1_297' title='bbox 3588 1177 3665 1227; x_wconf 76' lang='grc' dir='ltr'>ὲν</span> 
     </span>
    </p>
   </div>
   <div class='ocr_carea' id='block_1_42' title="bbox 2060 1269 3660 1349">
    <p class='ocr_par' dir='ltr' id='par_1_42' title="bbox 2060 1269 3660 1349">
     <span class='ocr_line' id='line_1_42' title="bbox 2060 1269 3660 1349; baseline -0.007 -19"><span class='ocrx_word' id='word_1_298' title='bbox 2060 1278 2127 1346; x_wconf 84' lang='grc' dir='ltr'>τῇ</span> <span class='ocrx_word' id='word_1_299' title='bbox 2149 1275 2474 1346; x_wconf 77' lang='grc' dir='ltr'>κοσμοποιίᾳ</span> <span class='ocrx_word' id='word_1_300' title='bbox 2489 1274 2564 1337; x_wconf 88' lang='grc' dir='ltr'>ὡς</span> <span class='ocrx_word' id='word_1_301' title='bbox 2580 1274 2721 1349; x_wconf 77' lang='grc' dir='ltr'>πρὸς</span> <span class='ocrx_word' id='word_1_302' title='bbox 2738 1271 2830 1326; x_wconf 90' lang='grc' dir='ltr'><strong>τοῦ</strong></span> <span class='ocrx_word' id='word_1_303' title='bbox 2853 1271 2988 1326; x_wconf 88' lang='grc' dir='ltr'>Θεοῦ</span> <span class='ocrx_word' id='word_1_304' title='bbox 3016 1270 3324 1342; x_wconf 77' lang='grc' dir='ltr'>γενομένων</span> <span class='ocrx_word' id='word_1_305' title='bbox 3341 1269 3660 1338; x_wconf 66' lang='grc' dir='ltr'>ἐποιήσατο</span> 
     </span>
    </p>
   </div>
   <div class='ocr_carea' id='block_1_43' title="bbox 2066 1362 3667 1438">
    <p class='ocr_par' dir='ltr' id='par_1_43' title="bbox 2066 1362 3667 1438">
     <span class='ocr_line' id='line_1_43' title="bbox 2066 1362 3667 1438; baseline -0.007 -15"><span class='ocrx_word' id='word_1_306' title='bbox 2066 1368 2171 1438; x_wconf 85' lang='grc' dir='ltr'><strong>μνή</strong></span> <span class='ocrx_word' id='word_1_307' title='bbox 2182 1384 2306 1438; x_wconf 92' lang='grc' dir='ltr'>μην.</span> <span class='ocrx_word' id='word_1_308' title='bbox 2326 1367 2437 1420; x_wconf 79' lang='lat' dir='ltr'><strong>Kal.</strong></span> <span class='ocrx_word' id='word_1_309' title='bbox 2452 1366 2640 1420; x_wconf 85' lang='grc' dir='ltr'>τούτου</span> <span class='ocrx_word' id='word_1_310' title='bbox 2655 1366 2754 1437; x_wconf 82' lang='grc' dir='ltr'>τὴν</span> <span class='ocrx_word' id='word_1_311' title='bbox 2769 1365 2946 1420; x_wconf 80' lang='grc' dir='ltr'>αἰτίαν</span> <span class='ocrx_word' id='word_1_312' title='bbox 2966 1365 3073 1419; x_wconf 78' lang='grc' dir='ltr'>οὐδ’</span> <span class='ocrx_word' id='word_1_313' title='bbox 3092 1363 3282 1434; x_wconf 79' lang='grc' dir='ltr'><strong>ἑτέραν</strong></span> <span class='ocrx_word' id='word_1_314' title='bbox 3301 1362 3442 1415; x_wconf 78' lang='grc' dir='ltr'>εἴποι</span> <span class='ocrx_word' id='word_1_315' title='bbox 3456 1362 3525 1415; x_wconf 77' lang='grc' dir='ltr'>ἄν</span> <span class='ocrx_word' id='word_1_316' title='bbox 3538 1375 3667 1421; x_wconf 55' lang='grc' dir='ltr'>τις,</span> 
     </span>
    </p>
   </div>
   <div class='ocr_carea' id='block_1_44' title="bbox 2062 1448 3665 1529">
    <p class='ocr_par' dir='ltr' id='par_1_44' title="bbox 2062 1448 3665 1529">
     <span class='ocr_line' id='line_1_44' title="bbox 2062 1448 3665 1529; baseline -0.003 -21"><span class='ocrx_word' id='word_1_317' title='bbox 2062 1457 2097 1528; x_wconf 75' lang='grc' dir='ltr'>ἦ</span> <span class='ocrx_word' id='word_1_318' title='bbox 2126 1458 2225 1529; x_wconf 85' lang='grc' dir='ltr'>τὴν</span> <span class='ocrx_word' id='word_1_319' title='bbox 2254 1456 2683 1528; x_wconf 86' lang='grc' dir='ltr'>σκληροκαρδίαν</span> <span class='ocrx_word' id='word_1_320' title='bbox 2701 1454 2796 1509; x_wconf 88' lang='grc' dir='ltr'><strong>τοῦ</strong></span> <span class='ocrx_word' id='word_1_321' title='bbox 2821 1454 2950 1509; x_wconf 87' lang='grc' dir='ltr'>λαοῦ</span> <span class='ocrx_word' id='word_1_322' title='bbox 2980 1452 3326 1525; x_wconf 80' lang='grc' dir='ltr'>γεγενῆσθαι.</span> <span class='ocrx_word' id='word_1_323' title='bbox 3347 1452 3538 1523; x_wconf 82' lang='grc' dir='ltr'>ῶσπερ</span> <span class='ocrx_word' id='word_1_324' title='bbox 3554 1448 3665 1504; x_wconf 72' lang='grc' dir='ltr'><strong>οὖν</strong></span> 
     </span>
    </p>
   </div>
   <div class='ocr_carea' id='block_1_45' title="bbox 2064 1538 3661 1616">
    <p class='ocr_par' dir='ltr' id='par_1_45' title="bbox 2064 1538 3661 1616">
     <span class='ocr_line' id='line_1_45' title="bbox 2064 1538 3661 1616; baseline -0.005 -16"><span class='ocrx_word' id='word_1_325' title='bbox 2064 1547 2225 1610; x_wconf 81' lang='grc' dir='ltr'>αὐτὸς</span> <span class='ocrx_word' id='word_1_326' title='bbox 2246 1545 2480 1610; x_wconf 75' lang='grc' dir='ltr'>ἐδίδαξεν</span> <span class='ocrx_word' id='word_1_327' title='bbox 2505 1549 2533 1599; x_wconf 93' lang='lat'><strong>6</strong></span> <span class='ocrx_word' id='word_1_328' title='bbox 2558 1545 2769 1616; x_wconf 88' lang='grc' dir='ltr'>Σωτήρ.</span> <span class='ocrx_word' id='word_1_329' title='bbox 2793 1545 2901 1598; x_wconf 77' lang='grc' dir='ltr'><strong>Καὶ</strong></span> <span class='ocrx_word' id='word_1_330' title='bbox 2921 1544 3054 1598; x_wconf 78' lang='grc' dir='ltr'>ἄλλα</span> <span class='ocrx_word' id='word_1_331' title='bbox 3068 1545 3126 1597; x_wconf 73' lang='grc' dir='ltr'><strong>δὲ</strong></span> <span class='ocrx_word' id='word_1_332' title='bbox 3142 1542 3309 1615; x_wconf 86' lang='grc' dir='ltr'>μυρία</span> <span class='ocrx_word' id='word_1_333' title='bbox 3328 1538 3467 1595; x_wconf 79' lang='grc' dir='ltr'>εἶναι</span> <span class='ocrx_word' id='word_1_334' title='bbox 3496 1544 3556 1594; x_wconf 84' lang='grc' dir='ltr'><strong>ὲν</strong></span> <span class='ocrx_word' id='word_1_335' title='bbox 3584 1543 3661 1611; x_wconf 78' lang='grc' dir='ltr'>τῇ</span> 
     </span>
    </p>
   </div>
   <div class='ocr_carea' id='block_1_46' title="bbox 2065 1634 3663 1710">
    <p class='ocr_par' dir='ltr' id='par_1_46' title="bbox 2065 1634 3663 1710">
     <span class='ocr_line' id='line_1_46' title="bbox 2065 1634 3663 1710; baseline -0.006 -17"><span class='ocrx_word' id='word_1_336' title='bbox 2065 1638 2158 1693; x_wconf 88' lang='grc' dir='ltr'><strong>τοῦ</strong></span> <span class='ocrx_word' id='word_1_337' title='bbox 2188 1640 2388 1703; x_wconf 83' lang='grc' dir='ltr'>παντὸς</span> <span class='ocrx_word' id='word_1_338' title='bbox 2419 1640 2673 1693; x_wconf 81' lang='grc' dir='ltr'>συστάσει</span> <span class='ocrx_word' id='word_1_339' title='bbox 2691 1637 2878 1710; x_wconf 82' lang='grc' dir='ltr'>μάθοις</span> <span class='ocrx_word' id='word_1_340' title='bbox 2893 1637 2958 1690; x_wconf 83' lang='grc' dir='ltr'>ἂν</span> <span class='ocrx_word' id='word_1_341' title='bbox 2973 1638 3038 1690; x_wconf 81' lang='grc' dir='ltr'>ἐκ</span> <span class='ocrx_word' id='word_1_342' title='bbox 3055 1635 3163 1689; x_wconf 88' lang='grc' dir='ltr'><strong>τῶν</strong></span> <span class='ocrx_word' id='word_1_343' title='bbox 3184 1634 3283 1704; x_wconf 77' lang='grc' dir='ltr'>τῆς</span> <span class='ocrx_word' id='word_1_344' title='bbox 3298 1634 3507 1703; x_wconf 84' lang='grc' dir='ltr'>Καινῆς</span> <span class='ocrx_word' id='word_1_345' title='bbox 3521 1634 3663 1684; x_wconf 78' lang='grc' dir='ltr'>Δια-</span> 
     </span>
    </p>
   </div>
   <div class='ocr_carea' id='block_1_47' title="bbox 2072 1725 3669 1802">
    <p class='ocr_par' dir='ltr' id='par_1_47' title="bbox 2072 1725 3669 1802">
     <span class='ocr_line' id='line_1_47' title="bbox 2072 1725 3669 1802; baseline -0.004 -19"><span class='ocrx_word' id='word_1_346' title='bbox 2072 1730 2244 1802; x_wconf 83' lang='grc' dir='ltr'>θήκης</span> <span class='ocrx_word' id='word_1_347' title='bbox 2266 1729 2726 1801; x_wconf 79' lang='grc' dir='ltr'>ἀναγνωσμάτων,</span> <span class='ocrx_word' id='word_1_348' title='bbox 2748 1729 2854 1783; x_wconf 82' lang='grc' dir='ltr'>οὐδ’</span> <span class='ocrx_word' id='word_1_349' title='bbox 2872 1728 3007 1792; x_wconf 80' lang='grc' dir='ltr'>ὅλως</span> <span class='ocrx_word' id='word_1_350' title='bbox 3037 1730 3093 1781; x_wconf 81' lang='grc' dir='ltr'><strong>ὲν</strong></span> <span class='ocrx_word' id='word_1_351' title='bbox 3122 1729 3189 1797; x_wconf 84' lang='grc' dir='ltr'>τῇ</span> <span class='ocrx_word' id='word_1_352' title='bbox 3218 1725 3460 1789; x_wconf 77' lang='grc' dir='ltr'>Μωσέως</span> <span class='ocrx_word' id='word_1_353' title='bbox 3483 1725 3669 1795; x_wconf 63' lang='lat' dir='ltr'><strong>(p596-</strong></span> 
     </span>
    </p>
   </div>
   <div class='ocr_carea' id='block_1_48' title="bbox 2073 1814 3665 1893">
    <p class='ocr_par' dir='ltr' id='par_1_48' title="bbox 2073 1814 3665 1893">
     <span class='ocr_line' id='line_1_48' title="bbox 2073 1814 3665 1893; baseline -0.004 -20"><span class='ocrx_word' id='word_1_354' title='bbox 2073 1837 2206 1890; x_wconf 89' lang='grc' dir='ltr'>μενα</span> <span class='ocrx_word' id='word_1_355' title='bbox 2218 1821 2406 1892; x_wconf 82' lang='grc' dir='ltr'>Γραφῇ</span> <span class='ocrx_word' id='word_1_356' title='bbox 2549 1820 2648 1873; x_wconf 84' lang='grc' dir='ltr'><strong>οὐκ</strong></span> <span class='ocrx_word' id='word_1_357' title='bbox 2668 1814 2761 1873; x_wconf 80' lang='grc' dir='ltr'>οὖν</span> <span class='ocrx_word' id='word_1_358' title='bbox 2784 1818 3185 1890; x_wconf 74' lang='grc' dir='ltr'>ἐμνημόνευσεν</span> <span class='ocrx_word' id='word_1_359' title='bbox 3203 1815 3409 1888; x_wconf 80' lang='grc' dir='ltr'>ἀρχῶν,</span> <span class='ocrx_word' id='word_1_360' title='bbox 3431 1816 3541 1868; x_wconf 79' lang='grc' dir='ltr'>οὐδ’</span> <span class='ocrx_word' id='word_1_361' title='bbox 3564 1817 3665 1881; x_wconf 82' lang='grc' dir='ltr'><strong>ὲξ-</strong></span> 
     </span>
    </p>
   </div>
   <div class='ocr_carea' id='block_1_49' title="bbox 2068 1908 3665 1983">
    <p class='ocr_par' dir='ltr' id='par_1_49' title="bbox 2068 1908 3665 1983">
     <span class='ocr_line' id='line_1_49' title="bbox 2068 1908 3665 1983; baseline -0.003 -18"><span class='ocrx_word' id='word_1_362' title='bbox 2068 1912 2285 1977; x_wconf 91' lang='grc' dir='ltr'>ουσιῶν,</span> <span class='ocrx_word' id='word_1_363' title='bbox 2310 1913 2426 1965; x_wconf 82' lang='grc' dir='ltr'>οὐδὲ</span> <span class='ocrx_word' id='word_1_364' title='bbox 2460 1912 2937 1983; x_wconf 80' lang='grc' dir='ltr'>κοσμοκρατόρων,</span> <span class='ocrx_word' id='word_1_365' title='bbox 2973 1910 3093 1965; x_wconf 73' lang='grc' dir='ltr'>οὐδὲ</span> <span class='ocrx_word' id='word_1_366' title='bbox 3125 1908 3513 1978; x_wconf 85' lang='grc' dir='ltr'>πνευματικῶν</span> <span class='ocrx_word' id='word_1_367' title='bbox 3548 1908 3665 1976; x_wconf 73' lang='grc' dir='ltr'>τῆς</span> 
     </span>
    </p>
   </div>
   <div class='ocr_carea' id='block_1_50' title="bbox 2070 1998 3663 2078">
    <p class='ocr_par' dir='ltr' id='par_1_50' title="bbox 2070 1998 3663 2078">
     <span class='ocr_line' id='line_1_50' title="bbox 2070 1998 3663 2078; baseline -0.003 -21"><span class='ocrx_word' id='word_1_368' title='bbox 2070 2003 2355 2076; x_wconf 86' lang='grc' dir='ltr'>πονηρίας,</span> <span class='ocrx_word' id='word_1_369' title='bbox 2380 2004 2516 2078; x_wconf 89' lang='grc' dir='ltr'>πρὸς</span> <span class='ocrx_word' id='word_1_370' title='bbox 2537 2005 2573 2058; x_wconf 72' lang='grc' dir='ltr'><strong>ἃ</strong></span> <span class='ocrx_word' id='word_1_371' title='bbox 2593 2004 2691 2074; x_wconf 79' lang='grc' dir='ltr'>τὴν</span> <span class='ocrx_word' id='word_1_372' title='bbox 2719 2002 2899 2073; x_wconf 85' lang='grc' dir='ltr'>πάλην</span> <span class='ocrx_word' id='word_1_373' title='bbox 2925 2003 3055 2073; x_wconf 84' lang='grc' dir='ltr'>ἡμῖν</span> <span class='ocrx_word' id='word_1_374' title='bbox 3078 2000 3397 2055; x_wconf 80' lang='grc' dir='ltr'>συνεστάναι</span> <span class='ocrx_word' id='word_1_375' title='bbox 3430 1998 3602 2069; x_wconf 73' lang='grc' dir='ltr'>φησὶν</span> <span class='ocrx_word' id='word_1_376' title='bbox 3631 2002 3663 2052; x_wconf 90' lang='lat'><strong>6</strong></span> 
     </span>
    </p>
   </div>
   <div class='ocr_carea' id='block_1_51' title="bbox 2072 2089 3667 2163">
    <p class='ocr_par' dir='ltr' id='par_1_51' title="bbox 2072 2089 3667 2163">
     <span class='ocr_line' id='line_1_51' title="bbox 2072 2089 3667 2163; baseline -0.003 -17"><span class='ocrx_word' id='word_1_377' title='bbox 2072 2093 2211 2159; x_wconf 85' lang='grc' dir='ltr'>θεῖος</span> <span class='ocrx_word' id='word_1_378' title='bbox 2228 2094 2566 2157; x_wconf 84' lang='grc' dir='ltr'>Ἀπόστολος.</span> <span class='ocrx_word' id='word_1_379' title='bbox 2585 2093 2650 2146; x_wconf 88' lang='grc' dir='ltr'><strong>Τί</strong></span> <span class='ocrx_word' id='word_1_380' title='bbox 2665 2089 2779 2157; x_wconf 80' lang='grc' dir='ltr'>οὖν,</span> <span class='ocrx_word' id='word_1_381' title='bbox 2806 2092 2929 2145; x_wconf 75' lang='grc' dir='ltr'>ἐπεὶ</span> <span class='ocrx_word' id='word_1_382' title='bbox 2956 2092 3090 2163; x_wconf 83' lang='grc' dir='ltr'>μήτε</span> <span class='ocrx_word' id='word_1_383' title='bbox 3113 2089 3261 2162; x_wconf 83' lang='grc' dir='ltr'>παρὰ</span> <span class='ocrx_word' id='word_1_384' title='bbox 3280 2092 3492 2155; x_wconf 85' lang='grc' dir='ltr'>Μωσεί,</span> <span class='ocrx_word' id='word_1_385' title='bbox 3513 2090 3667 2160; x_wconf 81' lang='grc' dir='ltr'>μήτε</span> 
     </span>
    </p>
   </div>
   <div class='ocr_carea' id='block_1_52' title="bbox 2071 2180 3665 2255">
    <p class='ocr_par' dir='ltr' id='par_1_52' title="bbox 2071 2180 3665 2255">
     <span class='ocr_line' id='line_1_52' title="bbox 2071 2180 3665 2255; baseline -0.003 -19"><span class='ocrx_word' id='word_1_386' title='bbox 2071 2183 2223 2255; x_wconf 82' lang='grc' dir='ltr'>παρὰ</span> <span class='ocrx_word' id='word_1_387' title='bbox 2245 2187 2357 2248; x_wconf 83' lang='grc' dir='ltr'>τοῖς</span> <span class='ocrx_word' id='word_1_388' title='bbox 2382 2184 2586 2247; x_wconf 83' lang='grc' dir='ltr'>λοιποῖς</span> <span class='ocrx_word' id='word_1_389' title='bbox 2613 2184 2919 2255; x_wconf 84' lang='grc' dir='ltr'>προφήταις</span> <span class='ocrx_word' id='word_1_390' title='bbox 2945 2180 3128 2250; x_wconf 83' lang='grc' dir='ltr'>σαφῶς</span> <span class='ocrx_word' id='word_1_391' title='bbox 3156 2180 3506 2251; x_wconf 83' lang='grc' dir='ltr'>ὲστινεύρεῖν</span> <span class='ocrx_word' id='word_1_392' title='bbox 3526 2180 3665 2241; x_wconf 76' lang='grc' dir='ltr'>τοὺς</span> 
     </span>
    </p>
   </div>
   <div class='ocr_carea' id='block_1_53' title="bbox 2072 2269 3660 2348">
    <p class='ocr_par' dir='ltr' id='par_1_53' title="bbox 2072 2269 3660 2348">
     <span class='ocr_line' id='line_1_53' title="bbox 2072 2269 3660 2348; baseline -0.001 -21"><span class='ocrx_word' id='word_1_393' title='bbox 2072 2276 2201 2348; x_wconf 77' lang='grc' dir='ltr'>περὶ</span> <span class='ocrx_word' id='word_1_394' title='bbox 2226 2276 2429 2330; x_wconf 84' lang='grc' dir='ltr'>τούτων</span> <span class='ocrx_word' id='word_1_395' title='bbox 2458 2275 2669 2345; x_wconf 80' lang='grc' dir='ltr'>λόγους,</span> <span class='ocrx_word' id='word_1_396' title='bbox 2692 2272 3020 2345; x_wconf 81' lang='grc' dir='ltr'>ἀπιστητέον</span> <span class='ocrx_word' id='word_1_397' title='bbox 3046 2273 3122 2343; x_wconf 75' lang='grc'><strong>(2)</strong></span> <span class='ocrx_word' id='word_1_398' title='bbox 3148 2272 3227 2343; x_wconf 83' lang='grc' dir='ltr'>τῷ</span> <span class='ocrx_word' id='word_1_399' title='bbox 3241 2271 3545 2341; x_wconf 82' lang='grc' dir='ltr'>Ἀποστόλῳ</span> <span class='ocrx_word' id='word_1_400' title='bbox 3568 2288 3585 2336; x_wconf 86' lang='lat'><strong>;</strong></span> <span class='ocrx_word' id='word_1_401' title='bbox 3622 2269 3660 2341; x_wconf 82' lang='grc' dir='ltr'><strong>ἢ</strong></span> 
     </span>
    </p>
   </div>
   <div class='ocr_carea' id='block_1_54' title="bbox 2072 2360 3665 2435">
    <p class='ocr_par' dir='ltr' id='par_1_54' title="bbox 2072 2360 3665 2435">
     <span class='ocr_line' id='line_1_54' title="bbox 2072 2360 3665 2435; baseline -0.005 -16"><span class='ocrx_word' id='word_1_402' title='bbox 2072 2364 2291 2419; x_wconf 78' lang='grc' dir='ltr'>ἐπειδὰν</span> <span class='ocrx_word' id='word_1_403' title='bbox 2324 2364 2418 2417; x_wconf 87' lang='grc' dir='ltr'><strong>τοῦ</strong></span> <span class='ocrx_word' id='word_1_404' title='bbox 2452 2364 2561 2418; x_wconf 86' lang='grc' dir='ltr'><strong>τῶν</strong></span> <span class='ocrx_word' id='word_1_405' title='bbox 2583 2364 2907 2435; x_wconf 85' lang='grc' dir='ltr'>κρειττόνων</span> <span class='ocrx_word' id='word_1_406' title='bbox 2932 2364 3209 2433; x_wconf 87' lang='grc' dir='ltr'>τάγματος</span> <span class='ocrx_word' id='word_1_407' title='bbox 3247 2363 3276 2414; x_wconf 97' lang='lat'><strong>6</strong></span> <span class='ocrx_word' id='word_1_408' title='bbox 3302 2360 3465 2424; x_wconf 74' lang='grc' dir='ltr'>αὐτὸς</span> <span class='ocrx_word' id='word_1_409' title='bbox 3492 2360 3665 2412; x_wconf 77' lang='grc' dir='ltr'>πάλιν</span> 
     </span>
    </p>
   </div>
   <div class='ocr_carea' id='block_1_55' title="bbox 2076 2451 3665 2529">
    <p class='ocr_par' dir='ltr' id='par_1_55' title="bbox 2076 2451 3665 2529">
     <span class='ocr_line' id='line_1_55' title="bbox 2076 2451 3665 2529; baseline -0.003 -19"><span class='ocrx_word' id='word_1_410' title='bbox 2076 2456 2390 2529; x_wconf 79' lang='grc' dir='ltr'>μνημονεῦῃ</span> <span class='ocrx_word' id='word_1_411' title='bbox 2442 2456 2614 2525; x_wconf 81' lang='grc' dir='ltr'>λέγων</span> <span class='ocrx_word' id='word_1_412' title='bbox 2666 2456 2757 2509; x_wconf 83' lang='grc' dir='ltr'><strong>τὸν</strong></span> <span class='ocrx_word' id='word_1_413' title='bbox 2806 2455 3039 2527; x_wconf 74' lang='grc' dir='ltr'>Χριστὸν</span> <span class='ocrx_word' id='word_1_414' title='bbox 3090 2456 3147 2509; x_wconf 81' lang='grc' dir='ltr'><strong>ἐν</strong></span> <span class='ocrx_word' id='word_1_415' title='bbox 3188 2453 3338 2524; x_wconf 81' lang='grc' dir='ltr'>δεξιᾷ</span> <span class='ocrx_word' id='word_1_416' title='bbox 3376 2452 3473 2507; x_wconf 88' lang='grc' dir='ltr'><strong>τοῦ</strong></span> <span class='ocrx_word' id='word_1_417' title='bbox 3516 2451 3665 2506; x_wconf 86' lang='grc' dir='ltr'>Θεοῦ</span> 
     </span>
    </p>
   </div>
   <div class='ocr_carea' id='block_1_56' title="bbox 2074 2543 3673 2619">
    <p class='ocr_par' dir='ltr' id='par_1_56' title="bbox 2074 2543 3673 2619">
     <span class='ocr_line' id='line_1_56' title="bbox 2074 2543 3673 2619; baseline -0.004 -16"><span class='ocrx_word' id='word_1_418' title='bbox 2074 2548 2418 2613; x_wconf 79' lang='grc' dir='ltr'>καθέζεσθαι,</span> <span class='ocrx_word' id='word_1_419' title='bbox 2446 2548 2701 2619; x_wconf 80' lang='grc' dir='ltr'>ὑπεράνω</span> <span class='ocrx_word' id='word_1_420' title='bbox 2725 2548 2904 2618; x_wconf 87' lang='grc' dir='ltr'>πάσης</span> <span class='ocrx_word' id='word_1_421' title='bbox 2931 2548 3124 2617; x_wconf 80' lang='grc' dir='ltr'>ἀρχῆς,</span> <span class='ocrx_word' id='word_1_422' title='bbox 3151 2545 3245 2598; x_wconf 78' lang='grc' dir='ltr'><strong>καὶ</strong></span> <span class='ocrx_word' id='word_1_423' title='bbox 3268 2543 3536 2610; x_wconf 74' lang='grc' dir='ltr'>ἐξουσίας,</span> <span class='ocrx_word' id='word_1_424' title='bbox 3563 2543 3673 2597; x_wconf 57' lang='grc' dir='ltr'>καὶλ</span> 
     </span>
    </p>
   </div>
   <div class='ocr_carea' id='block_1_57' title="bbox 2073 2632 3667 2708">
    <p class='ocr_par' dir='ltr' id='par_1_57' title="bbox 2073 2632 3667 2708">
     <span class='ocr_line' id='line_1_57' title="bbox 2073 2632 3667 2708; baseline -0.004 -17"><span class='ocrx_word' id='word_1_425' title='bbox 2073 2637 2375 2708; x_wconf 87' lang='grc' dir='ltr'>δυνάμεως,</span> <span class='ocrx_word' id='word_1_426' title='bbox 2406 2638 2499 2689; x_wconf 74' lang='grc' dir='ltr'>καὶ</span> <span class='ocrx_word' id='word_1_427' title='bbox 2527 2637 2866 2708; x_wconf 83' lang='grc' dir='ltr'>κυριότητος,</span> <span class='ocrx_word' id='word_1_428' title='bbox 2900 2636 2994 2689; x_wconf 77' lang='grc' dir='ltr'><strong>καὶ</strong></span> <span class='ocrx_word' id='word_1_429' title='bbox 3023 2634 3222 2698; x_wconf 82' lang='grc' dir='ltr'>παντὸς</span> <span class='ocrx_word' id='word_1_430' title='bbox 3249 2635 3511 2705; x_wconf 84' lang='grc' dir='ltr'>ὀνόματος</span> <span class='ocrx_word' id='word_1_431' title='bbox 3537 2632 3667 2685; x_wconf 73' lang='grc' dir='ltr'>ὀνο-</span> 
     </span>
    </p>
   </div>
   <div class='ocr_carea' id='block_1_58' title="bbox 2079 2722 3667 2803">
    <p class='ocr_par' dir='ltr' id='par_1_58' title="bbox 2079 2722 3667 2803">
     <span class='ocr_line' id='line_1_58' title="bbox 2079 2722 3667 2803; baseline -0.004 -21"><span class='ocrx_word' id='word_1_432' title='bbox 2079 2728 2407 2803; x_wconf 82' lang='grc' dir='ltr'>μαζομένου,</span> <span class='ocrx_word' id='word_1_433' title='bbox 2438 2729 2498 2780; x_wconf 82' lang='grc' dir='ltr'><strong>οὐ</strong></span> <span class='ocrx_word' id='word_1_434' title='bbox 2526 2727 2685 2798; x_wconf 88' lang='grc' dir='ltr'>μόνον</span> <span class='ocrx_word' id='word_1_435' title='bbox 2705 2728 2762 2780; x_wconf 82' lang='grc' dir='ltr'>ὲν</span> <span class='ocrx_word' id='word_1_436' title='bbox 2787 2726 2865 2797; x_wconf 84' lang='grc' dir='ltr'>τῷ</span> <span class='ocrx_word' id='word_1_437' title='bbox 2895 2725 3052 2779; x_wconf 80' lang='grc' dir='ltr'>αἰῶνι</span> <span class='ocrx_word' id='word_1_438' title='bbox 3093 2725 3283 2796; x_wconf 82' lang='grc' dir='ltr'>τούτῳ,</span> <span class='ocrx_word' id='word_1_439' title='bbox 3306 2722 3446 2778; x_wconf 81' lang='grc' dir='ltr'>ἀλλὰ</span> <span class='ocrx_word' id='word_1_440' title='bbox 3480 2724 3581 2776; x_wconf 74' lang='grc' dir='ltr'><strong>καὶ</strong></span> <span class='ocrx_word' id='word_1_441' title='bbox 3604 2723 3667 2774; x_wconf 80' lang='grc' dir='ltr'>ἐν</span> 
     </span>
    </p>
   </div>
   <div class='ocr_carea' id='block_1_59' title="bbox 2075 2812 3677 2893">
    <p class='ocr_par' dir='ltr' id='par_1_59' title="bbox 2075 2812 3677 2893">
     <span class='ocr_line' id='line_1_59' title="bbox 2075 2812 3677 2893; baseline -0.012 -17"><span class='ocrx_word' id='word_1_442' title='bbox 2075 2821 2153 2893; x_wconf 82' lang='grc' dir='ltr'>τῷ</span> <span class='ocrx_word' id='word_1_443' title='bbox 2196 2819 2470 2890; x_wconf 81' lang='grc' dir='ltr'>μέλλοντι·</span> <span class='ocrx_word' id='word_1_444' title='bbox 2517 2818 2611 2872; x_wconf 55' lang='grc' dir='ltr'><strong>καί⁷</strong></span> <span class='ocrx_word' id='word_1_445' title='bbox 2654 2814 2829 2881; x_wconf 76' lang='grc' dir='ltr'>αὖθις,</span> <span class='ocrx_word' id='word_1_446' title='bbox 2882 2818 3102 2870; x_wconf 73' lang='grc' dir='ltr'>ἐπειδὰν</span> <span class='ocrx_word' id='word_1_447' title='bbox 3130 2812 3374 2886; x_wconf 77' lang='grc' dir='ltr'>ὀνομάζῃ</span> <span class='ocrx_word' id='word_1_448' title='bbox 3410 2813 3677 2884; x_wconf 62' lang='grc' dir='ltr'>θρόνους,</span> 
     </span>
    </p>
   </div>
   <div class='ocr_carea' id='block_1_60' title="bbox 2078 2904 3664 2982">
    <p class='ocr_par' dir='ltr' id='par_1_60' title="bbox 2078 2904 3664 2982">
     <span class='ocr_line' id='line_1_60' title="bbox 2078 2904 3664 2982; baseline -0.006 -17"><span class='ocrx_word' id='word_1_449' title='bbox 2078 2912 2175 2967; x_wconf 77' lang='grc' dir='ltr'>καὶ</span> <span class='ocrx_word' id='word_1_450' title='bbox 2209 2910 2559 2982; x_wconf 78' lang='grc' dir='ltr'>κυριότητας,</span> <span class='ocrx_word' id='word_1_451' title='bbox 2609 2910 2703 2963; x_wconf 75' lang='grc' dir='ltr'><strong>καὶ</strong></span> <span class='ocrx_word' id='word_1_452' title='bbox 2750 2907 2945 2980; x_wconf 82' lang='grc' dir='ltr'>ἀρχὰς,</span> <span class='ocrx_word' id='word_1_453' title='bbox 3004 2907 3101 2961; x_wconf 73' lang='grc' dir='ltr'>καὶ</span> <span class='ocrx_word' id='word_1_454' title='bbox 3130 2904 3401 2971; x_wconf 78' lang='grc' dir='ltr'>ἐξουσίας,</span> <span class='ocrx_word' id='word_1_455' title='bbox 3449 2904 3664 2971; x_wconf 79' lang='grc' dir='ltr'>λέγων’</span> 
     </span>
    </p>
   </div>
   <div class='ocr_carea' id='block_1_61' title="bbox 407 2994 1971 3075">
    <p class='ocr_par' dir='ltr' id='par_1_61' title="bbox 407 2994 1971 3062">
     <span class='ocr_line' id='line_1_61' title="bbox 407 2994 1971 3062; baseline -0.004 -8"><span class='ocrx_word' id='word_1_456' title='bbox 407 3014 530 3054; x_wconf 88' lang='lat' dir='ltr'><strong>cum</strong></span> <span class='ocrx_word' id='word_1_457' title='bbox 555 2997 796 3053; x_wconf 87' lang='lat' dir='ltr'><strong>nominet</strong></span> <span class='ocrx_word' id='word_1_458' title='bbox 836 2998 979 3052; x_wconf 88' lang='lat' dir='ltr'><strong>idem</strong></span> <span class='ocrx_word' id='word_1_459' title='bbox 1026 2997 1274 3058; x_wconf 88' lang='lat' dir='ltr'><strong>thronos,</strong></span> <span class='ocrx_word' id='word_1_460' title='bbox 1293 2994 1715 3060; x_wconf 83' lang='lat' dir='ltr'><strong>dominationes,</strong></span> <span class='ocrx_word' id='word_1_461' title='bbox 1745 3004 1799 3049; x_wconf 91' lang='lat' dir='ltr'><strong>et</strong></span> <span class='ocrx_word' id='word_1_462' title='bbox 1829 2994 1971 3062; x_wconf 91' lang='lat' dir='ltr'><strong>prin-</strong></span> 
     </span>
    </p>
   </div>
   <div class='ocr_carea' id='block_1_62' title="bbox 2086 2994 3670 3075">
    <p class='ocr_par' dir='ltr' id='par_1_62' title="bbox 2091 2994 3670 3070">
     <span class='ocr_line' id='line_1_62' title="bbox 2091 2994 3670 3070; baseline -0.006 -15"><span class='ocrx_word' id='word_1_463' title='bbox 2091 3003 2186 3055; x_wconf 82' lang='grc' dir='ltr'><strong>Ἐν</strong></span> <span class='ocrx_word' id='word_1_464' title='bbox 2210 3000 2369 3066; x_wconf 83' lang='grc' dir='ltr'>αὐτῷ</span> <span class='ocrx_word' id='word_1_465' title='bbox 2403 3000 2512 3070; x_wconf 80' lang='grc' dir='ltr'>γὰρ</span> <span class='ocrx_word' id='word_1_466' title='bbox 2550 2999 2797 3067; x_wconf 75' lang='grc' dir='ltr'>ἐκτίσθη</span> <span class='ocrx_word' id='word_1_467' title='bbox 2833 2999 2905 3052; x_wconf 90' lang='grc' dir='ltr'>τὰ</span> <span class='ocrx_word' id='word_1_468' title='bbox 2950 2996 3168 3062; x_wconf 73' lang='grc' dir='ltr'>πάντα,</span> <span class='ocrx_word' id='word_1_469' title='bbox 3194 2996 3267 3049; x_wconf 85' lang='grc' dir='ltr'>τὰ</span> <span class='ocrx_word' id='word_1_470' title='bbox 3292 2995 3363 3049; x_wconf 75' lang='grc' dir='ltr'><strong>ἐν</strong></span> <span class='ocrx_word' id='word_1_471' title='bbox 3399 2994 3525 3060; x_wconf 84' lang='grc' dir='ltr'>τοῖς</span> <span class='ocrx_word' id='word_1_472' title='bbox 3560 2994 3670 3046; x_wconf 78' lang='grc' dir='ltr'><strong>οὑο</strong></span> 
     </span>
    </p>
   </div>
   <div class='ocr_carea' id='block_1_63' title="bbox 406 3081 1971 3162">
    <p class='ocr_par' dir='ltr' id='par_1_63' title="bbox 406 3081 1971 3157">
     <span class='ocr_line' id='line_1_63' title="bbox 406 3081 1971 3157; baseline -0.002 -17"><span class='ocrx_word' id='word_1_473' title='bbox 406 3088 638 3157; x_wconf 84' lang='lat' dir='ltr'><strong>cipatus,</strong></span> <span class='ocrx_word' id='word_1_474' title='bbox 659 3095 714 3141; x_wconf 91' lang='lat' dir='ltr'><strong>et</strong></span> <span class='ocrx_word' id='word_1_475' title='bbox 743 3094 1064 3155; x_wconf 86' lang='lat' dir='ltr'><strong>potestates,</strong></span> <span class='ocrx_word' id='word_1_476' title='bbox 1089 3085 1177 3139; x_wconf 93' lang='lat' dir='ltr'><strong>ubi</strong></span> <span class='ocrx_word' id='word_1_477' title='bbox 1217 3084 1293 3138; x_wconf 89' lang='lat' dir='ltr'><strong>ait</strong></span> <span class='ocrx_word' id='word_1_478' title='bbox 1324 3102 1337 3137; x_wconf 92' lang='lat'>:</span> <span class='ocrx_word' id='word_1_479' title='bbox 1376 3081 1444 3136; x_wconf 80' lang='lat' dir='ltr'><strong>In</strong></span> <span class='ocrx_word' id='word_1_480' title='bbox 1471 3084 1584 3152; x_wconf 86' lang='lat' dir='ltr'><strong>ipso</strong></span> <span class='ocrx_word' id='word_1_481' title='bbox 1608 3085 1743 3135; x_wconf 88' lang='lat' dir='ltr'><strong>enim</strong></span> <span class='ocrx_word' id='word_1_482' title='bbox 1768 3084 1971 3137; x_wconf 82' lang='lat' dir='ltr'><strong>condita</strong></span> 
     </span>
    </p>
   </div>
   <div class='ocr_carea' id='block_1_64' title="bbox 2086 3081 3675 3162">
    <p class='ocr_par' dir='ltr' id='par_1_64' title="bbox 2086 3086 3675 3162">
     <span class='ocr_line' id='line_1_64' title="bbox 2086 3086 3675 3162; baseline -0.005 -15"><span class='ocrx_word' id='word_1_483' title='bbox 2086 3093 2281 3159; x_wconf 76' lang='grc' dir='ltr'>ρανοῖς</span> <span class='ocrx_word' id='word_1_484' title='bbox 2300 3092 2397 3147; x_wconf 79' lang='grc' dir='ltr'>καὶ</span> <span class='ocrx_word' id='word_1_485' title='bbox 2422 3093 2496 3146; x_wconf 88' lang='grc' dir='ltr'>τὰ</span> <span class='ocrx_word' id='word_1_486' title='bbox 2524 3092 2623 3146; x_wconf 81' lang='grc' dir='ltr'><strong>ἐπὶ</strong></span> <span class='ocrx_word' id='word_1_487' title='bbox 2654 3088 2762 3161; x_wconf 84' lang='grc' dir='ltr'>τῆς</span> <span class='ocrx_word' id='word_1_488' title='bbox 2786 3090 2920 3162; x_wconf 71' lang='grc' dir='ltr'>γῆς,</span> <span class='ocrx_word' id='word_1_489' title='bbox 2949 3090 3024 3144; x_wconf 92' lang='grc' dir='ltr'>τὰ</span> <span class='ocrx_word' id='word_1_490' title='bbox 3044 3089 3227 3159; x_wconf 78' lang='grc' dir='ltr'>δρατὰ</span> <span class='ocrx_word' id='word_1_491' title='bbox 3255 3087 3355 3141; x_wconf 74' lang='grc' dir='ltr'><strong>καί</strong></span> <span class='ocrx_word' id='word_1_492' title='bbox 3387 3087 3459 3140; x_wconf 86' lang='grc' dir='ltr'>τὰ</span> <span class='ocrx_word' id='word_1_493' title='bbox 3487 3086 3675 3154; x_wconf 69' lang='lat' dir='ltr'><strong>adpa-</strong></span> 
     </span>
    </p>
   </div>
   <div class='ocr_carea' id='block_1_65' title="bbox 406 3174 1980 3245">
    <p class='ocr_par' dir='ltr' id='par_1_65' title="bbox 406 3174 1980 3245">
     <span class='ocr_line' id='line_1_65' title="bbox 406 3174 1980 3245; baseline -0.004 -13"><span class='ocrx_word' id='word_1_494' title='bbox 406 3186 528 3233; x_wconf 83' lang='lat' dir='ltr'><strong>sunt</strong></span> <span class='ocrx_word' id='word_1_495' title='bbox 557 3177 820 3241; x_wconf 82' lang='lat' dir='ltr'><strong>universa,</strong></span> <span class='ocrx_word' id='word_1_496' title='bbox 861 3184 967 3228; x_wconf 85' lang='lat' dir='ltr'><strong>tam</strong></span> <span class='ocrx_word' id='word_1_497' title='bbox 999 3191 1115 3245; x_wconf 71' lang='lat' dir='ltr'><strong>quae</strong></span> <span class='ocrx_word' id='word_1_498' title='bbox 1140 3178 1195 3229; x_wconf 91' lang='lat' dir='ltr'><strong>in</strong></span> <span class='ocrx_word' id='word_1_499' title='bbox 1221 3174 1361 3228; x_wconf 74' lang='lat' dir='ltr'><strong>caelis</strong></span> <span class='ocrx_word' id='word_1_500' title='bbox 1391 3183 1711 3243; x_wconf 83' lang='lat' dir='ltr'><strong>sunt,quam</strong></span> <span class='ocrx_word' id='word_1_501' title='bbox 1742 3190 1859 3242; x_wconf 77' lang='lat' dir='ltr'><strong>qua:</strong></span> <span class='ocrx_word' id='word_1_502' title='bbox 1888 3191 1980 3226; x_wconf 87' lang='lat' dir='ltr'><strong>su-</strong></span> 
     </span>
    </p>
   </div>
   <div class='ocr_carea' id='block_1_66' title="bbox 408 3265 1981 3335">
    <p class='ocr_par' dir='ltr' id='par_1_66' title="bbox 408 3265 1981 3335">
     <span class='ocr_line' id='line_1_66' title="bbox 408 3265 1981 3335; baseline -0.003 -12"><span class='ocrx_word' id='word_1_503' title='bbox 408 3284 502 3335; x_wconf 84' lang='lat' dir='ltr'><strong>per</strong></span> <span class='ocrx_word' id='word_1_504' title='bbox 548 3277 766 3333; x_wconf 85' lang='lat' dir='ltr'><strong>terram,</strong></span> <span class='ocrx_word' id='word_1_505' title='bbox 798 3268 1023 3322; x_wconf 76' lang='lat' dir='ltr'><strong>visibilia</strong></span> <span class='ocrx_word' id='word_1_506' title='bbox 1058 3277 1105 3321; x_wconf 87' lang='lat' dir='ltr'><strong>et</strong></span> <span class='ocrx_word' id='word_1_507' title='bbox 1144 3265 1457 3332; x_wconf 68' lang='lat' dir='ltr'><strong>invisibilia,</strong></span> <span class='ocrx_word' id='word_1_508' title='bbox 1488 3267 1592 3321; x_wconf 87' lang='lat' dir='ltr'><strong>sive</strong></span> <span class='ocrx_word' id='word_1_509' title='bbox 1625 3269 1838 3328; x_wconf 84' lang='lat' dir='ltr'><strong>throni,</strong></span> <span class='ocrx_word' id='word_1_510' title='bbox 1876 3269 1981 3319; x_wconf 82' lang='lat' dir='ltr'><strong>sive</strong></span> 
     </span>
    </p>
   </div>
   <div class='ocr_carea' id='block_1_67' title="bbox 408 3354 1978 3426">
    <p class='ocr_par' dir='ltr' id='par_1_67' title="bbox 408 3354 1978 3426">
     <span class='ocr_line' id='line_1_67' title="bbox 408 3354 1978 3426; baseline -0.003 -16"><span class='ocrx_word' id='word_1_511' title='bbox 408 3356 814 3422; x_wconf 65' lang='lat' dir='ltr'><strong>dominationes,</strong></span> <span class='ocrx_word' id='word_1_512' title='bbox 846 3372 936 3410; x_wconf 82' lang='lat' dir='ltr'><strong>seu</strong></span> <span class='ocrx_word' id='word_1_513' title='bbox 957 3356 1305 3426; x_wconf 75' lang='lat' dir='ltr'><strong>principatus,</strong></span> <span class='ocrx_word' id='word_1_514' title='bbox 1330 3372 1421 3410; x_wconf 78' lang='lat' dir='ltr'><strong>seu</strong></span> <span class='ocrx_word' id='word_1_515' title='bbox 1445 3366 1727 3426; x_wconf 78' lang='lat' dir='ltr'><strong>potestates</strong></span> <span class='ocrx_word' id='word_1_516' title='bbox 1760 3356 1824 3410; x_wconf 83' lang='grc'><strong>³⁸.</strong></span> <span class='ocrx_word' id='word_1_517' title='bbox 1844 3354 1978 3408; x_wconf 82' lang='lat' dir='ltr'><strong>Num</strong></span> 
     </span>
    </p>
   </div>
   <div class='ocr_carea' id='block_1_68' title="bbox 411 3449 1980 3520">
    <p class='ocr_par' dir='ltr' id='par_1_68' title="bbox 411 3449 1980 3520">
     <span class='ocr_line' id='line_1_68' title="bbox 411 3449 1980 3520; baseline -0.001 -17"><span class='ocrx_word' id='word_1_518' title='bbox 411 3464 515 3504; x_wconf 90' lang='lat' dir='ltr'><strong>non</strong></span> <span class='ocrx_word' id='word_1_519' title='bbox 550 3465 651 3520; x_wconf 87' lang='lat' dir='ltr'><strong>par</strong></span> <span class='ocrx_word' id='word_1_520' title='bbox 682 3459 767 3505; x_wconf 88' lang='lat' dir='ltr'><strong>est</strong></span> <span class='ocrx_word' id='word_1_521' title='bbox 790 3459 846 3503; x_wconf 90' lang='lat' dir='ltr'><strong>ut</strong></span> <span class='ocrx_word' id='word_1_522' title='bbox 878 3449 1226 3503; x_wconf 86' lang='lat' dir='ltr'><strong>admittamus</strong></span> <span class='ocrx_word' id='word_1_523' title='bbox 1257 3450 1384 3512; x_wconf 91' lang='lat' dir='ltr'><strong>ista,</strong></span> <span class='ocrx_word' id='word_1_524' title='bbox 1428 3450 1640 3504; x_wconf 90' lang='lat' dir='ltr'><strong>etiamsi</strong></span> <span class='ocrx_word' id='word_1_525' title='bbox 1670 3449 1848 3505; x_wconf 88' lang='lat' dir='ltr'><strong>Moses</strong></span> <span class='ocrx_word' id='word_1_526' title='bbox 1874 3464 1980 3503; x_wconf 89' lang='lat' dir='ltr'><strong>non</strong></span> 
     </span>
    </p>
   </div>
   <div class='ocr_carea' id='block_1_69' title="bbox 410 3538 1984 3611">
    <p class='ocr_par' dir='ltr' id='par_1_69' title="bbox 410 3538 1984 3611">
     <span class='ocr_line' id='line_1_69' title="bbox 410 3538 1984 3611; baseline 0.002 -17"><span class='ocrx_word' id='word_1_527' title='bbox 410 3539 617 3603; x_wconf 75' lang='lat' dir='ltr'><strong>iecerit,</strong></span> <span class='ocrx_word' id='word_1_528' title='bbox 650 3555 749 3595; x_wconf 88' lang='lat' dir='ltr'><strong>nec</strong></span> <span class='ocrx_word' id='word_1_529' title='bbox 779 3540 1163 3611; x_wconf 87' lang='lat' dir='ltr'><strong>prophetarum</strong></span> <span class='ocrx_word' id='word_1_530' title='bbox 1199 3538 1347 3596; x_wconf 80' lang='lat' dir='ltr'><strong>&#39;ullus</strong></span> <span class='ocrx_word' id='word_1_531' title='bbox 1382 3541 1544 3595; x_wconf 91' lang='lat' dir='ltr'><strong>ullam</strong></span> <span class='ocrx_word' id='word_1_532' title='bbox 1578 3542 1644 3595; x_wconf 91' lang='lat' dir='ltr'><strong>de</strong></span> <span class='ocrx_word' id='word_1_533' title='bbox 1687 3542 1806 3598; x_wconf 89' lang='lat' dir='ltr'><strong>istis</strong></span> <span class='ocrx_word' id='word_1_534' title='bbox 1835 3558 1984 3598; x_wconf 85' lang='lat' dir='ltr'><strong>men-</strong></span> 
     </span>
    </p>
   </div>
   <div class='ocr_carea' id='block_1_70' title="bbox 413 3631 1980 3700">
    <p class='ocr_par' dir='ltr' id='par_1_70' title="bbox 413 3631 1980 3700">
     <span class='ocr_line' id='line_1_70' title="bbox 413 3631 1980 3700; baseline 0 -11"><span class='ocrx_word' id='word_1_535' title='bbox 413 3631 657 3689; x_wconf 88' lang='lat' dir='ltr'><strong>tionem?</strong></span> <span class='ocrx_word' id='word_1_536' title='bbox 702 3632 861 3688; x_wconf 87' lang='lat' dir='ltr'><strong>Certe</strong></span> <span class='ocrx_word' id='word_1_537' title='bbox 902 3632 1041 3686; x_wconf 88' lang='lat' dir='ltr'><strong>idem</strong></span> <span class='ocrx_word' id='word_1_538' title='bbox 1091 3631 1181 3686; x_wconf 90' lang='lat' dir='ltr'><strong>hic</strong></span> <span class='ocrx_word' id='word_1_539' title='bbox 1231 3632 1599 3699; x_wconf 90' lang='lat' dir='ltr'><strong>usurpandum</strong></span> <span class='ocrx_word' id='word_1_540' title='bbox 1655 3633 1811 3688; x_wconf 90' lang='lat' dir='ltr'><strong>nobis</strong></span> <span class='ocrx_word' id='word_1_541' title='bbox 1858 3644 1980 3700; x_wconf 88' lang='lat' dir='ltr'><strong>est,</strong></span> 
     </span>
    </p>
   </div>
   <div class='ocr_carea' id='block_1_71' title="bbox 410 3719 1983 3791">
    <p class='ocr_par' dir='ltr' id='par_1_71' title="bbox 410 3719 1983 3791">
     <span class='ocr_line' id='line_1_71' title="bbox 410 3719 1983 3791; baseline 0.004 -19"><span class='ocrx_word' id='word_1_542' title='bbox 410 3719 553 3789; x_wconf 93' lang='lat' dir='ltr'><strong>quod</strong></span> <span class='ocrx_word' id='word_1_543' title='bbox 586 3719 709 3775; x_wconf 89' lang='lat' dir='ltr'><strong>duri</strong></span> <span class='ocrx_word' id='word_1_544' title='bbox 754 3721 966 3775; x_wconf 85' lang='lat' dir='ltr'><strong>cervice</strong></span> <span class='ocrx_word' id='word_1_545' title='bbox 1009 3730 1064 3775; x_wconf 91' lang='lat' dir='ltr'><strong>et</strong></span> <span class='ocrx_word' id='word_1_546' title='bbox 1118 3721 1283 3777; x_wconf 90' lang='lat' dir='ltr'><strong>corde</strong></span> <span class='ocrx_word' id='word_1_547' title='bbox 1337 3720 1702 3775; x_wconf 88' lang='lat' dir='ltr'><strong>iucircumcisi</strong></span> <span class='ocrx_word' id='word_1_548' title='bbox 1736 3732 1897 3791; x_wconf 88' lang='lat' dir='ltr'><strong>atque</strong></span> <span class='ocrx_word' id='word_1_549' title='bbox 1938 3724 1983 3778; x_wconf 89' lang='lat' dir='ltr'><strong>si</strong></span> 
     </span>
    </p>
   </div>
   <div class='ocr_carea' id='block_1_72' title="bbox 408 3811 1985 3882">
    <p class='ocr_par' dir='ltr' id='par_1_72' title="bbox 408 3811 1985 3882">
     <span class='ocr_line' id='line_1_72' title="bbox 408 3811 1985 3882; baseline 0.003 -17"><span class='ocrx_word' id='word_1_550' title='bbox 408 3812 635 3866; x_wconf 80' lang='lat' dir='ltr'><strong>auribus</strong></span> <span class='ocrx_word' id='word_1_551' title='bbox 676 3813 987 3882; x_wconf 87' lang='lat' dir='ltr'><strong>neutiquam</strong></span> <span class='ocrx_word' id='word_1_552' title='bbox 1028 3814 1145 3868; x_wconf 88' lang='lat' dir='ltr'><strong>istis</strong></span> <span class='ocrx_word' id='word_1_553' title='bbox 1176 3812 1337 3867; x_wconf 86' lang='lat' dir='ltr'><strong>ﬁdem</strong></span> <span class='ocrx_word' id='word_1_554' title='bbox 1373 3811 1985 3882; x_wconf 73' lang='lat' dir='ltr'><strong>adhibuissent,quibus</strong></span> 
     </span>
    </p>
   </div>
   <div class='ocr_carea' id='block_1_73' title="bbox 410 3901 1984 3973">
    <p class='ocr_par' dir='ltr' id='par_1_73' title="bbox 410 3901 1984 3973">
     <span class='ocr_line' id='line_1_73' title="bbox 410 3901 1984 3973; baseline 0.001 -17"><span class='ocrx_word' id='word_1_555' title='bbox 410 3903 534 3957; x_wconf 90' lang='lat' dir='ltr'><strong>ideo</strong></span> <span class='ocrx_word' id='word_1_556' title='bbox 568 3902 702 3956; x_wconf 85' lang='lat' dir='ltr'><strong>nihil</strong></span> <span class='ocrx_word' id='word_1_557' title='bbox 726 3903 792 3957; x_wconf 86' lang='lat' dir='ltr'><strong>de</strong></span> <span class='ocrx_word' id='word_1_558' title='bbox 834 3918 1065 3971; x_wconf 90' lang='lat' dir='ltr'><strong>superna</strong></span> <span class='ocrx_word' id='word_1_559' title='bbox 1090 3903 1191 3957; x_wconf 45' lang='lat' dir='ltr'><strong>illa.</strong></span> <span class='ocrx_word' id='word_1_560' title='bbox 1216 3901 1525 3958; x_wconf 86' lang='lat' dir='ltr'><strong>Jerusalem</strong></span> <span class='ocrx_word' id='word_1_561' title='bbox 1565 3908 1624 3966; x_wconf 56' lang='grc' dir='ltr'><strong>ἦ(</strong></span> <span class='ocrx_word' id='word_1_562' title='bbox 1662 3904 1826 3957; x_wconf 85' lang='lat' dir='ltr'><strong>divini</strong></span> <span class='ocrx_word' id='word_1_563' title='bbox 1854 3919 1984 3973; x_wconf 87' lang='lat' dir='ltr'><strong>pro—</strong></span> 
     </span>
    </p>
   </div>
   <div class='ocr_carea' id='block_1_74' title="bbox 412 3992 1986 4064">
    <p class='ocr_par' dir='ltr' id='par_1_74' title="bbox 412 3992 1986 4064">
     <span class='ocr_line' id='line_1_74' title="bbox 412 3992 1986 4064; baseline 0.001 -17"><span class='ocrx_word' id='word_1_564' title='bbox 412 3994 590 4064; x_wconf 59' lang='lat' dir='ltr'><strong>pheta!</strong></span> <span class='ocrx_word' id='word_1_565' title='bbox 627 3992 935 4048; x_wconf 87' lang='lat' dir='ltr'><strong>revelarunt</strong></span> <span class='ocrx_word' id='word_1_566' title='bbox 966 4009 1124 4048; x_wconf 90' lang='lat' dir='ltr'><strong>:cum</strong></span> <span class='ocrx_word' id='word_1_567' title='bbox 1150 3994 1202 4047; x_wconf 92' lang='lat' dir='ltr'><strong>in</strong></span> <span class='ocrx_word' id='word_1_568' title='bbox 1236 3993 1474 4048; x_wconf 87' lang='lat' dir='ltr'><strong>Ecclesia</strong></span> <span class='ocrx_word' id='word_1_569' title='bbox 1505 3992 1730 4060; x_wconf 88' lang='lat' dir='ltr'><strong>Christi,</strong></span> <span class='ocrx_word' id='word_1_570' title='bbox 1758 3992 1986 4049; x_wconf 81' lang='lat' dir='ltr'><strong>manife-</strong></span> 
     </span>
    </p>
   </div>
   <div class='ocr_carea' id='block_1_75' title="bbox 414 4080 1986 4153">
    <p class='ocr_par' dir='ltr' id='par_1_75' title="bbox 414 4080 1986 4153">
     <span class='ocr_line' id='line_1_75' title="bbox 414 4080 1986 4153; baseline 0.001 -17"><span class='ocrx_word' id='word_1_571' title='bbox 414 4092 498 4136; x_wconf 90' lang='lat' dir='ltr'><strong>ste</strong></span> <span class='ocrx_word' id='word_1_572' title='bbox 542 4083 857 4150; x_wconf 82' lang='lat' dir='ltr'><strong>pronuntiat</strong></span> <span class='ocrx_word' id='word_1_573' title='bbox 886 4080 953 4136; x_wconf 86' lang='lat' dir='ltr'><strong>de</strong></span> <span class='ocrx_word' id='word_1_574' title='bbox 983 4082 1072 4135; x_wconf 86' lang='lat' dir='ltr'><strong>illa</strong></span> <span class='ocrx_word' id='word_1_575' title='bbox 1121 4081 1341 4146; x_wconf 90' lang='lat' dir='ltr'><strong>Paulus,</strong></span> <span class='ocrx_word' id='word_1_576' title='bbox 1379 4081 1678 4136; x_wconf 82' lang='lat' dir='ltr'><strong>Jerusalem</strong></span> <span class='ocrx_word' id='word_1_577' title='bbox 1726 4097 1844 4136; x_wconf 83' lang='lat' dir='ltr'><strong>vero</strong></span> <span class='ocrx_word' id='word_1_578' title='bbox 1871 4098 1986 4153; x_wconf 70' lang='lat' dir='ltr'><strong>qua:</strong></span> 
     </span>
    </p>
   </div>
   <div class='ocr_carea' id='block_1_76' title="bbox 415 4172 1987 4243">
    <p class='ocr_par' dir='ltr' id='par_1_76' title="bbox 415 4172 1987 4243">
     <span class='ocr_line' id='line_1_76' title="bbox 415 4172 1987 4243; baseline 0.001 -17"><span class='ocrx_word' id='word_1_579' title='bbox 415 4189 623 4227; x_wconf 76' lang='lat' dir='ltr'><strong>.ursum</strong></span> <span class='ocrx_word' id='word_1_580' title='bbox 652 4185 729 4228; x_wconf 85' lang='lat' dir='ltr'><strong>est</strong></span> <span class='ocrx_word' id='word_1_581' title='bbox 773 4175 961 4238; x_wconf 87' lang='lat' dir='ltr'><strong>libera,</strong></span> <span class='ocrx_word' id='word_1_582' title='bbox 997 4184 1071 4228; x_wconf 81' lang='lat' dir='ltr'><strong>est</strong></span> <span class='ocrx_word' id='word_1_583' title='bbox 1108 4183 1275 4227; x_wconf 86' lang='lat' dir='ltr'><strong>mater</strong></span> <span class='ocrx_word' id='word_1_584' title='bbox 1314 4186 1494 4228; x_wconf 87' lang='lat' dir='ltr'><strong>nostra</strong></span> <span class='ocrx_word' id='word_1_585' title='bbox 1527 4174 1571 4206; x_wconf 76' lang='grc'><em>³³</em></span> <span class='ocrx_word' id='word_1_586' title='bbox 1595 4191 1623 4239; x_wconf 69' lang='lat'><strong>;,</strong></span> <span class='ocrx_word' id='word_1_587' title='bbox 1646 4183 1699 4228; x_wconf 90' lang='lat' dir='ltr'><strong>et</strong></span> <span class='ocrx_word' id='word_1_588' title='bbox 1737 4192 1750 4227; x_wconf 90' lang='lat'><strong>:</strong></span> <span class='ocrx_word' id='word_1_589' title='bbox 1785 4172 1987 4243; x_wconf 80' lang='lat' dir='ltr'><strong>Appro-</strong></span> 
     </span>
    </p>
   </div>
   <div class='ocr_carea' id='block_1_77' title="bbox 412 4263 1987 4335">
    <p class='ocr_par' dir='ltr' id='par_1_77' title="bbox 412 4263 1987 4335">
     <span class='ocr_line' id='line_1_77' title="bbox 412 4263 1987 4335; baseline 0.001 -17"><span class='ocrx_word' id='word_1_590' title='bbox 412 4265 703 4335; x_wconf 81' lang='lat' dir='ltr'><strong>pinquastis</strong></span> <span class='ocrx_word' id='word_1_591' title='bbox 729 4266 797 4318; x_wconf 83' lang='lat' dir='ltr'><strong>ad</strong></span> <span class='ocrx_word' id='word_1_592' title='bbox 826 4264 956 4320; x_wconf 85' lang='lat' dir='ltr'><strong>Sion</strong></span> <span class='ocrx_word' id='word_1_593' title='bbox 982 4276 1228 4329; x_wconf 87' lang='lat' dir='ltr'><strong>montem,</strong></span> <span class='ocrx_word' id='word_1_594' title='bbox 1260 4277 1307 4319; x_wconf 87' lang='lat' dir='ltr'><strong>et</strong></span> <span class='ocrx_word' id='word_1_595' title='bbox 1339 4267 1601 4318; x_wconf 84' lang='lat' dir='ltr'><strong>civitatem</strong></span> <span class='ocrx_word' id='word_1_596' title='bbox 1628 4264 1723 4318; x_wconf 90' lang='lat' dir='ltr'><strong>Dei</strong></span> <span class='ocrx_word' id='word_1_597' title='bbox 1752 4266 1852 4319; x_wconf 86' lang='lat' dir='ltr'><strong>vivi</strong></span> <span class='ocrx_word' id='word_1_598' title='bbox 1891 4263 1987 4319; x_wconf 83' lang='lat' dir='ltr'><strong>Je-</strong></span> 
     </span>
    </p>
   </div>
   <div class='ocr_carea' id='block_1_78' title="bbox 2077 3177 3673 3253">
    <p class='ocr_par' dir='ltr' id='par_1_78' title="bbox 2077 3177 3673 3253">
     <span class='ocr_line' id='line_1_78' title="bbox 2077 3177 3673 3253; baseline -0.006 -15"><span class='ocrx_word' id='word_1_599' title='bbox 2077 3202 2170 3249; x_wconf 81' lang='grc' dir='ltr'><strong>τα,</strong></span> <span class='ocrx_word' id='word_1_600' title='bbox 2198 3186 2318 3239; x_wconf 79' lang='grc' dir='ltr'>εἴτε</span> <span class='ocrx_word' id='word_1_601' title='bbox 2342 3185 2563 3253; x_wconf 69' lang='grc' dir='ltr'>θρόνοι,</span> <span class='ocrx_word' id='word_1_602' title='bbox 2597 3183 2718 3237; x_wconf 75' lang='grc' dir='ltr'>εἴτε</span> <span class='ocrx_word' id='word_1_603' title='bbox 2755 3183 3122 3251; x_wconf 82' lang='grc' dir='ltr'>κυριότητες,</span> <span class='ocrx_word' id='word_1_604' title='bbox 3155 3180 3275 3234; x_wconf 79' lang='grc' dir='ltr'>εἴτε</span> <span class='ocrx_word' id='word_1_605' title='bbox 3310 3177 3512 3248; x_wconf 79' lang='grc' dir='ltr'>ἀρχαί,</span> <span class='ocrx_word' id='word_1_606' title='bbox 3543 3178 3673 3231; x_wconf 73' lang='grc' dir='ltr'>εἶτε</span> 
     </span>
    </p>
   </div>
   <div class='ocr_carea' id='block_1_79' title="bbox 2077 3267 3673 3348">
    <p class='ocr_par' dir='ltr' id='par_1_79' title="bbox 2077 3267 3673 3348">
     <span class='ocr_line' id='line_1_79' title="bbox 2077 3267 3673 3348; baseline -0.005 -17"><span class='ocrx_word' id='word_1_607' title='bbox 2077 3277 2373 3342; x_wconf 79' lang='grc' dir='ltr'>ἐξουσίαι,</span> <span class='ocrx_word' id='word_1_608' title='bbox 2408 3272 2496 3348; x_wconf 80' lang='grc' dir='ltr'><strong>ἄρ’</strong></span> <span class='ocrx_word' id='word_1_609' title='bbox 2522 3276 2583 3330; x_wconf 83' lang='grc' dir='ltr'>οὒ</span> <span class='ocrx_word' id='word_1_610' title='bbox 2622 3276 2885 3348; x_wconf 88' lang='grc' dir='ltr'>προσήκει</span> <span class='ocrx_word' id='word_1_611' title='bbox 2927 3275 3103 3339; x_wconf 85' lang='grc' dir='ltr'>ταῦτα</span> <span class='ocrx_word' id='word_1_612' title='bbox 3138 3270 3544 3344; x_wconf 79' lang='grc' dir='ltr'>παραδέχεσθαι</span> <span class='ocrx_word' id='word_1_613' title='bbox 3578 3267 3673 3323; x_wconf 72' lang='grc' dir='ltr'>διὰ</span> 
     </span>
    </p>
   </div>
   <div class='ocr_carea' id='block_1_80' title="bbox 2078 3361 3671 3439">
    <p class='ocr_par' dir='ltr' id='par_1_80' title="bbox 2078 3361 3671 3439">
     <span class='ocr_line' id='line_1_80' title="bbox 2078 3361 3671 3439; baseline -0.006 -17"><span class='ocrx_word' id='word_1_614' title='bbox 2078 3368 2139 3422; x_wconf 85' lang='grc' dir='ltr'><strong>τὸ</strong></span> <span class='ocrx_word' id='word_1_615' title='bbox 2183 3369 2319 3439; x_wconf 91' lang='grc' dir='ltr'>μήτε</span> <span class='ocrx_word' id='word_1_616' title='bbox 2349 3367 2573 3433; x_wconf 82' lang='grc' dir='ltr'>Μωσέα,</span> <span class='ocrx_word' id='word_1_617' title='bbox 2612 3369 2749 3439; x_wconf 89' lang='grc' dir='ltr'>μήτε</span> <span class='ocrx_word' id='word_1_618' title='bbox 2776 3367 2903 3429; x_wconf 80' lang='grc' dir='ltr'>τοὺς</span> <span class='ocrx_word' id='word_1_619' title='bbox 2942 3365 3165 3429; x_wconf 84' lang='grc' dir='ltr'>λοιποὺς</span> <span class='ocrx_word' id='word_1_620' title='bbox 3195 3364 3502 3434; x_wconf 82' lang='grc' dir='ltr'>προφήτας,</span> <span class='ocrx_word' id='word_1_621' title='bbox 3537 3361 3671 3432; x_wconf 73' lang='grc' dir='ltr'>περὶ</span> 
     </span>
    </p>
   </div>
   <div class='ocr_carea' id='block_1_81' title="bbox 2078 3453 3672 3530">
    <p class='ocr_par' dir='ltr' id='par_1_81' title="bbox 2078 3453 3672 3530">
     <span class='ocr_line' id='line_1_81' title="bbox 2078 3453 3672 3530; baseline -0.004 -18"><span class='ocrx_word' id='word_1_622' title='bbox 2078 3458 2282 3512; x_wconf 82' lang='grc' dir='ltr'>τούτων</span> <span class='ocrx_word' id='word_1_623' title='bbox 2316 3457 2743 3530; x_wconf 73' lang='grc' dir='ltr'>προειληφέναις</span> <span class='ocrx_word' id='word_1_624' title='bbox 2784 3457 2818 3530; x_wconf 80' lang='grc' dir='ltr'>ἢ</span> <span class='ocrx_word' id='word_1_625' title='bbox 2854 3457 3048 3511; x_wconf 81' lang='grc' dir='ltr'>ταῦτὺν</span> <span class='ocrx_word' id='word_1_626' title='bbox 3071 3456 3170 3509; x_wconf 70' lang='grc' dir='ltr'>καὶ</span> <span class='ocrx_word' id='word_1_627' title='bbox 3192 3456 3323 3526; x_wconf 70' lang='grc' dir='ltr'>περὶ</span> <span class='ocrx_word' id='word_1_628' title='bbox 3353 3455 3430 3523; x_wconf 82' lang='grc'><strong>(5)</strong></span> <span class='ocrx_word' id='word_1_629' title='bbox 3460 3453 3672 3507; x_wconf 77' lang='grc' dir='ltr'>τούτων</span> 
     </span>
    </p>
   </div>
   <div class='ocr_carea' id='block_1_82' title="bbox 2081 3540 3675 3619">
    <p class='ocr_par' dir='ltr' id='par_1_82' title="bbox 2081 3540 3675 3619">
     <span class='ocr_line' id='line_1_82' title="bbox 2081 3540 3675 3619; baseline -0.003 -20"><span class='ocrx_word' id='word_1_630' title='bbox 2081 3546 2335 3619; x_wconf 75' lang='grc' dir='ltr'>ἐροῦμεν,</span> <span class='ocrx_word' id='word_1_631' title='bbox 2382 3546 2457 3610; x_wconf 86' lang='grc' dir='ltr'><strong>ὡς</strong></span> <span class='ocrx_word' id='word_1_632' title='bbox 2500 3546 2600 3616; x_wconf 73' lang='grc' dir='ltr'><strong>οὐχ</strong></span> <span class='ocrx_word' id='word_1_633' title='bbox 2635 3540 2737 3599; x_wconf 74' lang='grc' dir='ltr'>οἷοί</span> <span class='ocrx_word' id='word_1_634' title='bbox 2768 3563 2829 3598; x_wconf 88' lang='grc' dir='ltr'><strong>τε</strong></span> <span class='ocrx_word' id='word_1_635' title='bbox 2855 3542 2995 3617; x_wconf 81' lang='grc' dir='ltr'>ἦσαν</span> <span class='ocrx_word' id='word_1_636' title='bbox 3022 3546 3148 3608; x_wconf 81' lang='grc' dir='ltr'>τοὺς</span> <span class='ocrx_word' id='word_1_637' title='bbox 3174 3544 3304 3615; x_wconf 72' lang='grc' dir='ltr'>περὶ</span> <span class='ocrx_word' id='word_1_638' title='bbox 3331 3543 3541 3597; x_wconf 75' lang='grc' dir='ltr'>τούτων</span> <span class='ocrx_word' id='word_1_639' title='bbox 3577 3560 3675 3596; x_wconf 77' lang='grc' dir='ltr'>πι·</span> 
     </span>
    </p>
   </div>
   <div class='ocr_carea' id='block_1_83' title="bbox 2084 3634 3677 3707">
    <p class='ocr_par' dir='ltr' id='par_1_83' title="bbox 2084 3634 3677 3707">
     <span class='ocr_line' id='line_1_83' title="bbox 2084 3634 3677 3707; baseline -0.003 -17"><span class='ocrx_word' id='word_1_640' title='bbox 2084 3636 2372 3690; x_wconf 75' lang='grc' dir='ltr'>στειῖεσθαι</span> <span class='ocrx_word' id='word_1_641' title='bbox 2412 3636 2605 3705; x_wconf 84' lang='grc' dir='ltr'>λόγους</span> <span class='ocrx_word' id='word_1_642' title='bbox 2634 3638 2682 3688; x_wconf 88' lang='grc' dir='ltr'>οἱ</span> <span class='ocrx_word' id='word_1_643' title='bbox 2717 3635 3180 3707; x_wconf 89' lang='grc' dir='ltr'>σκληροτράχηλοι</span> <span class='ocrx_word' id='word_1_644' title='bbox 3228 3634 3322 3689; x_wconf 73' lang='grc' dir='ltr'><strong>καὶ</strong></span> <span class='ocrx_word' id='word_1_645' title='bbox 3350 3634 3677 3705; x_wconf 78' lang='grc' dir='ltr'>ἀπερίτμη-</span> 
     </span>
    </p>
   </div>
   <div class='ocr_carea' id='block_1_84' title="bbox 2081 3717 3674 3797">
    <p class='ocr_par' dir='ltr' id='par_1_84' title="bbox 2081 3717 3674 3797">
     <span class='ocr_line' id='line_1_84' title="bbox 2081 3717 3674 3797; baseline -0.004 -18"><span class='ocrx_word' id='word_1_646' title='bbox 2081 3743 2163 3779; x_wconf 88' lang='grc' dir='ltr'><strong>τοι</strong></span> <span class='ocrx_word' id='word_1_647' title='bbox 2189 3728 2254 3796; x_wconf 85' lang='grc' dir='ltr'>τῇ</span> <span class='ocrx_word' id='word_1_648' title='bbox 2283 3725 2479 3797; x_wconf 77' lang='grc' dir='ltr'>καρδίᾳ</span> <span class='ocrx_word' id='word_1_649' title='bbox 2505 3724 2732 3787; x_wconf 75' lang='grc' dir='ltr'>καὶτοῖς</span> <span class='ocrx_word' id='word_1_650' title='bbox 2756 3722 2910 3790; x_wconf 72' lang='grc' dir='ltr'>ὠσὶν,</span> <span class='ocrx_word' id='word_1_651' title='bbox 2943 3743 2961 3774; x_wconf 75' lang='grc' dir='ltr'><strong>ι</strong></span> <span class='ocrx_word' id='word_1_652' title='bbox 2999 3717 3080 3787; x_wconf 76' lang='grc' dir='ltr'>οἷς</span> <span class='ocrx_word' id='word_1_653' title='bbox 3112 3721 3232 3775; x_wconf 85' lang='grc' dir='ltr'>οὐδὲ</span> <span class='ocrx_word' id='word_1_654' title='bbox 3263 3722 3392 3794; x_wconf 74' lang='grc' dir='ltr'>περὶ</span> <span class='ocrx_word' id='word_1_655' title='bbox 3431 3722 3532 3790; x_wconf 82' lang='grc' dir='ltr'>τῆς</span> <span class='ocrx_word' id='word_1_656' title='bbox 3559 3720 3674 3773; x_wconf 78' lang='grc' dir='ltr'>ἄνω</span> 
     </span>
    </p>
   </div>
   <div class='ocr_carea' id='block_1_85' title="bbox 2094 3812 3670 3890">
    <p class='ocr_par' dir='ltr' id='par_1_85' title="bbox 2094 3812 3670 3890">
     <span class='ocr_line' id='line_1_85' title="bbox 2094 3812 3670 3890; baseline -0.004 -19"><span class='ocrx_word' id='word_1_657' title='bbox 2094 3817 2445 3890; x_wconf 85' lang='grc' dir='ltr'>Ἰερουσαλὴμ</span> <span class='ocrx_word' id='word_1_658' title='bbox 2476 3837 2494 3869; x_wconf 84' lang='grc'><strong>›</strong></span> <span class='ocrx_word' id='word_1_659' title='bbox 2532 3816 2910 3872; x_wconf 82' lang='grc' dir='ltr'>ἀνεκάλυπτον</span> <span class='ocrx_word' id='word_1_660' title='bbox 2952 3817 2999 3868; x_wconf 84' lang='grc' dir='ltr'><strong>οἱ</strong></span> <span class='ocrx_word' id='word_1_661' title='bbox 3038 3814 3133 3867; x_wconf 87' lang='grc' dir='ltr'><strong>τοῦ</strong></span> <span class='ocrx_word' id='word_1_662' title='bbox 3170 3812 3305 3867; x_wconf 88' lang='grc' dir='ltr'>Θεοῦ</span> <span class='ocrx_word' id='word_1_663' title='bbox 3363 3813 3670 3884; x_wconf 79' lang='grc' dir='ltr'>προφῆται,</span> 
     </span>
    </p>
   </div>
   <div class='ocr_carea' id='block_1_86' title="bbox 2089 3903 3674 3980">
    <p class='ocr_par' dir='ltr' id='par_1_86' title="bbox 2089 3903 3674 3980">
     <span class='ocr_line' id='line_1_86' title="bbox 2089 3903 3674 3980; baseline -0.003 -19"><span class='ocrx_word' id='word_1_664' title='bbox 2089 3907 2276 3980; x_wconf 83' lang='grc' dir='ltr'>ὥσπερ</span> <span class='ocrx_word' id='word_1_665' title='bbox 2297 3903 2387 3961; x_wconf 82' lang='grc' dir='ltr'><strong>οὖν</strong></span> <span class='ocrx_word' id='word_1_666' title='bbox 2419 3909 2484 3979; x_wconf 68' lang='grc' dir='ltr'>τῇ</span> <span class='ocrx_word' id='word_1_667' title='bbox 2520 3906 2815 3977; x_wconf 76' lang='grc' dir='ltr'>Ἐκκλησία</span> <span class='ocrx_word' id='word_1_668' title='bbox 2843 3904 3080 3977; x_wconf 85' lang='grc' dir='ltr'>Χριστοό</span> <span class='ocrx_word' id='word_1_669' title='bbox 3113 3905 3390 3974; x_wconf 87' lang='grc' dir='ltr'>διασαφῶν</span> <span class='ocrx_word' id='word_1_670' title='bbox 3417 3905 3514 3957; x_wconf 74' lang='grc' dir='ltr'><strong>καὶ</strong></span> <span class='ocrx_word' id='word_1_671' title='bbox 3544 3906 3674 3967; x_wconf 76' lang='grc' dir='ltr'>τοὺς</span> 
     </span>
    </p>
   </div>
   <div class='ocr_carea' id='block_1_87' title="bbox 2084 3997 3681 4073">
    <p class='ocr_par' dir='ltr' id='par_1_87' title="bbox 2084 3997 3681 4073">
     <span class='ocr_line' id='line_1_87' title="bbox 2084 3997 3681 4073; baseline -0.003 -20"><span class='ocrx_word' id='word_1_672' title='bbox 2084 4000 2220 4073; x_wconf 71' lang='grc' dir='ltr'>περὶ·</span> <span class='ocrx_word' id='word_1_673' title='bbox 2238 3999 2441 4071; x_wconf 83' lang='grc' dir='ltr'>ταύτης</span> <span class='ocrx_word' id='word_1_674' title='bbox 2460 4000 2649 4069; x_wconf 87' lang='grc' dir='ltr'>λόγους</span> <span class='ocrx_word' id='word_1_675' title='bbox 2672 4002 2701 4052; x_wconf 91' lang='lat'><strong>6</strong></span> <span class='ocrx_word' id='word_1_676' title='bbox 2722 3998 2932 4062; x_wconf 80' lang='grc' dir='ltr'>Παῦλος</span> <span class='ocrx_word' id='word_1_677' title='bbox 2959 3998 3108 4063; x_wconf 74' lang='grc' dir='ltr'>ἐϐόα,</span> <span class='ocrx_word' id='word_1_678' title='bbox 3128 3997 3323 4066; x_wconf 73' lang='grc' dir='ltr'>λέγων,</span> <span class='ocrx_word' id='word_1_679' title='bbox 3364 3997 3438 4051; x_wconf 88' lang='grc' dir='ltr'><em>Ἦ</em></span> <span class='ocrx_word' id='word_1_680' title='bbox 3456 3997 3527 4051; x_wconf 81' lang='grc' dir='ltr'>δὲ</span> <span class='ocrx_word' id='word_1_681' title='bbox 3549 3997 3681 4050; x_wconf 73' lang='grc' dir='ltr'><strong>ἀνω</strong></span> 
     </span>
    </p>
   </div>
   <div class='ocr_carea' id='block_1_88' title="bbox 2096 4090 3673 4162">
    <p class='ocr_par' dir='ltr' id='par_1_88' title="bbox 2096 4090 3673 4162">
     <span class='ocr_line' id='line_1_88' title="bbox 2096 4090 3673 4162; baseline -0.001 -15"><span class='ocrx_word' id='word_1_682' title='bbox 2096 4092 2491 4162; x_wconf 73' lang='grc' dir='ltr'>Ἰερουσαλὴμ</span> <span class='ocrx_word' id='word_1_683' title='bbox 2539 4091 2825 4160; x_wconf 63' lang='grc' dir='ltr'>ἐλευθέρα</span> <span class='ocrx_word' id='word_1_684' title='bbox 2874 4091 3063 4157; x_wconf 72' lang='grc' dir='ltr'>ἐστίν,</span> <span class='ocrx_word' id='word_1_685' title='bbox 3115 4091 3247 4159; x_wconf 80' lang='grc' dir='ltr'>ἥτις</span> <span class='ocrx_word' id='word_1_686' title='bbox 3294 4090 3428 4144; x_wconf 75' lang='grc' dir='ltr'>ἐστι</span> <span class='ocrx_word' id='word_1_687' title='bbox 3468 4091 3673 4160; x_wconf 80' lang='grc' dir='ltr'>μήτηρ</span> 
     </span>
    </p>
   </div>
   <div class='ocr_carea' id='block_1_89' title="bbox 2083 4180 3673 4251">
    <p class='ocr_par' dir='ltr' id='par_1_89' title="bbox 2083 4180 3673 4251">
     <span class='ocr_line' id='line_1_89' title="bbox 2083 4180 3673 4251; baseline -0.003 -16"><span class='ocrx_word' id='word_1_688' title='bbox 2083 4181 2278 4251; x_wconf 72' lang='grc' dir='ltr'>ἡμῶν·</span> <span class='ocrx_word' id='word_1_689' title='bbox 2328 4181 2439 4245; x_wconf 74' lang='grc' dir='ltr'>καὶ,</span> <span class='ocrx_word' id='word_1_690' title='bbox 2464 4182 2962 4249; x_wconf 76' lang='grc' dir='ltr'>Προσεληλύθατε</span> <span class='ocrx_word' id='word_1_691' title='bbox 3000 4182 3153 4234; x_wconf 88' lang='grc' dir='ltr'>Σιὼν</span> <span class='ocrx_word' id='word_1_692' title='bbox 3192 4180 3332 4250; x_wconf 79' lang='grc' dir='ltr'>ὄρει,</span> <span class='ocrx_word' id='word_1_693' title='bbox 3364 4180 3465 4233; x_wconf 76' lang='grc' dir='ltr'>καὶ</span> <span class='ocrx_word' id='word_1_694' title='bbox 3495 4183 3673 4232; x_wconf 66' lang='grc' dir='ltr'>πόλει</span> 
     </span>
    </p>
   </div>
   <div class='ocr_carea' id='block_1_90' title="bbox 2087 4271 3675 4342">
    <p class='ocr_par' dir='ltr' id='par_1_90' title="bbox 2087 4271 3675 4342">
     <span class='ocr_line' id='line_1_90' title="bbox 2087 4271 3675 4342; baseline -0.002 -13"><span class='ocrx_word' id='word_1_695' title='bbox 2087 4274 2234 4329; x_wconf 87' lang='grc' dir='ltr'>Θεοῦ</span> <span class='ocrx_word' id='word_1_696' title='bbox 2251 4272 2458 4339; x_wconf 75' lang='grc' dir='ltr'>ζῶντος</span> <span class='ocrx_word' id='word_1_697' title='bbox 2485 4271 2871 4342; x_wconf 66' lang='grc' dir='ltr'>Ἰερουσαλὴμ</span> <span class='ocrx_word' id='word_1_698' title='bbox 2886 4273 3249 4340; x_wconf 77' lang='grc' dir='ltr'>ἐπουρανίῳ,</span> <span class='ocrx_word' id='word_1_699' title='bbox 3265 4272 3366 4326; x_wconf 76' lang='grc' dir='ltr'>καὶ</span> <span class='ocrx_word' id='word_1_700' title='bbox 3379 4274 3675 4342; x_wconf 55' lang='lat' dir='ltr'><strong>trepidam</strong></span> 
     </span>
    </p>
   </div>
   <div class='ocr_carea' id='block_1_91' title="bbox 415 4354 1971 4448">
    <p class='ocr_par' dir='ltr' id='par_1_91' title="bbox 415 4354 1971 4426">
     <span class='ocr_line' id='line_1_91' title="bbox 415 4354 1971 4426; baseline 0.001 -18"><span class='ocrx_word' id='word_1_701' title='bbox 415 4356 643 4410; x_wconf 84' lang='lat' dir='ltr'><strong>rusalem</strong></span> <span class='ocrx_word' id='word_1_702' title='bbox 674 4356 948 4423; x_wconf 67' lang='lat' dir='ltr'><strong>caelestem,</strong></span> <span class='ocrx_word' id='word_1_703' title='bbox 984 4366 1031 4410; x_wconf 91' lang='lat' dir='ltr'><strong>et</strong></span> <span class='ocrx_word' id='word_1_704' title='bbox 1062 4354 1447 4410; x_wconf 82' lang='lat' dir='ltr'><strong>multitudinem</strong></span> <span class='ocrx_word' id='word_1_705' title='bbox 1475 4356 1801 4426; x_wconf 87' lang='lat' dir='ltr'><strong>angelorum,</strong></span> <span class='ocrx_word' id='word_1_706' title='bbox 1824 4364 1879 4409; x_wconf 78' lang='lat' dir='ltr'><strong>et</strong></span> <span class='ocrx_word' id='word_1_707' title='bbox 1898 4373 1971 4426; x_wconf 88' lang='lat' dir='ltr'><strong>pa-</strong></span> 
     </span>
    </p>
   </div>
   <div class='ocr_carea' id='block_1_92' title="bbox 2086 4354 3675 4448">
    <p class='ocr_par' dir='ltr' id='par_1_92' title="bbox 2086 4362 3675 4436">
     <span class='ocr_line' id='line_1_92' title="bbox 2086 4362 3675 4436; baseline -0.001 -16"><span class='ocrx_word' id='word_1_708' title='bbox 2086 4364 2356 4436; x_wconf 76' lang='grc' dir='ltr'>ἀγγέλων</span> <span class='ocrx_word' id='word_1_709' title='bbox 2418 4365 2775 4433; x_wconf 76' lang='grc' dir='ltr'>πανηγύρει,</span> <span class='ocrx_word' id='word_1_710' title='bbox 2814 4362 2917 4417; x_wconf 75' lang='grc' dir='ltr'>καὶ</span> <span class='ocrx_word' id='word_1_711' title='bbox 2973 4364 3301 4432; x_wconf 74' lang='grc' dir='ltr'>Ἑκκλησίᾳ</span> <span class='ocrx_word' id='word_1_712' title='bbox 3326 4363 3402 4435; x_wconf 69' lang='grc'><strong>(4)</strong></span> <span class='ocrx_word' id='word_1_713' title='bbox 3444 4380 3675 4433; x_wconf 61' lang='lat' dir='ltr'><strong>aputa-</strong></span> 
     </span>
    </p>
   </div>
   <div class='ocr_carea' id='block_1_93' title="bbox 415 4444 1971 4525">
    <p class='ocr_par' dir='ltr' id='par_1_93' title="bbox 415 4444 1971 4516">
     <span class='ocr_line' id='line_1_93' title="bbox 415 4444 1971 4516; baseline 0.002 -19"><span class='ocrx_word' id='word_1_714' title='bbox 415 4447 649 4515; x_wconf 76' lang='lat' dir='ltr'><strong>negyrim</strong></span> <span class='ocrx_word' id='word_1_715' title='bbox 685 4457 731 4500; x_wconf 85' lang='lat' dir='ltr'><strong>et</strong></span> <span class='ocrx_word' id='word_1_716' title='bbox 773 4446 1065 4499; x_wconf 82' lang='lat' dir='ltr'><strong>Ecclesium</strong></span> <span class='ocrx_word' id='word_1_717' title='bbox 1111 4444 1578 4516; x_wconf 84' lang='lat' dir='ltr'><strong>primogenitorum</strong></span> <span class='ocrx_word' id='word_1_718' title='bbox 1615 4447 1705 4516; x_wconf 83' lang='lat' dir='ltr'><strong>qui</strong></span> <span class='ocrx_word' id='word_1_719' title='bbox 1740 4447 1971 4516; x_wconf 76' lang='lat' dir='ltr'><strong>descript:</strong></span> 
     </span>
    </p>
   </div>
   <div class='ocr_carea' id='block_1_94' title="bbox 2086 4444 3677 4525">
    <p class='ocr_par' dir='ltr' id='par_1_94' title="bbox 2086 4452 3677 4525">
     <span class='ocr_line' id='line_1_94' title="bbox 2086 4452 3677 4525; baseline -0.001 -15"><span class='ocrx_word' id='word_1_720' title='bbox 2086 4459 2277 4511; x_wconf 81' lang='grc' dir='ltr'>τόκων</span> <span class='ocrx_word' id='word_1_721' title='bbox 2299 4452 2839 4524; x_wconf 65' lang='grc' dir='ltr'>ἀπογεγραμμένων</span> <span class='ocrx_word' id='word_1_722' title='bbox 2862 4453 2932 4507; x_wconf 80' lang='grc' dir='ltr'><strong>ἐν</strong></span> <span class='ocrx_word' id='word_1_723' title='bbox 2954 4454 3248 4521; x_wconf 70' lang='grc' dir='ltr'>οὐρανοῖς.</span> <span class='ocrx_word' id='word_1_724' title='bbox 3273 4454 3499 4523; x_wconf 79' lang='grc' dir='ltr'>Λεγέτω</span> <span class='ocrx_word' id='word_1_725' title='bbox 3533 4453 3677 4525; x_wconf 72' lang='grc' dir='ltr'>πρὸς</span> 
     </span>
    </p>
   </div>
   <div class='ocr_carea' id='block_1_95' title="bbox 419 4536 1987 4592">
    <p class='ocr_par' dir='ltr' id='par_1_95' title="bbox 419 4536 1987 4592">
     <span class='ocr_line' id='line_1_95' title="bbox 419 4536 1987 4592; baseline 0.002 -3"><span class='ocrx_word' id='word_1_726' title='bbox 419 4548 543 4591; x_wconf 85' lang='lat' dir='ltr'><strong>sunt</strong></span> <span class='ocrx_word' id='word_1_727' title='bbox 586 4538 640 4591; x_wconf 93' lang='lat' dir='ltr'><strong>in</strong></span> <span class='ocrx_word' id='word_1_728' title='bbox 671 4538 893 4592; x_wconf 66' lang='lat' dir='ltr'><strong>caelis”.</strong></span> <span class='ocrx_word' id='word_1_729' title='bbox 925 4537 1022 4592; x_wconf 82' lang='lat' dir='ltr'><strong>llic</strong></span> <span class='ocrx_word' id='word_1_730' title='bbox 1051 4552 1179 4592; x_wconf 89' lang='lat' dir='ltr'><strong>vero</strong></span> <span class='ocrx_word' id='word_1_731' title='bbox 1212 4537 1367 4591; x_wconf 87' lang='lat' dir='ltr'><strong>nobis</strong></span> <span class='ocrx_word' id='word_1_732' title='bbox 1401 4536 1545 4591; x_wconf 88' lang='lat' dir='ltr'><strong>dicat</strong></span> <span class='ocrx_word' id='word_1_733' title='bbox 1567 4537 1724 4591; x_wconf 88' lang='lat' dir='ltr'><strong>velim</strong></span> <span class='ocrx_word' id='word_1_734' title='bbox 1760 4537 1987 4592; x_wconf 83' lang='lat' dir='ltr'><strong>Marcel-</strong></span> 
     </span>
    </p>
   </div>
   <div class='ocr_carea' id='block_1_96' title="bbox 2087 4539 3673 4617">
    <p class='ocr_par' dir='ltr' id='par_1_96' title="bbox 2087 4539 3673 4617">
     <span class='ocr_line' id='line_1_96' title="bbox 2087 4539 3673 4617; baseline -0.004 -16"><span class='ocrx_word' id='word_1_735' title='bbox 2087 4547 2260 4602; x_wconf 86' lang='grc' dir='ltr'>ταῦτα</span> <span class='ocrx_word' id='word_1_736' title='bbox 2286 4545 2625 4617; x_wconf 86' lang='grc' dir='ltr'>Μάρκελλος,</span> <span class='ocrx_word' id='word_1_737' title='bbox 2668 4545 2716 4596; x_wconf 81' lang='grc' dir='ltr'>εἰ</span> <span class='ocrx_word' id='word_1_738' title='bbox 2750 4539 2862 4608; x_wconf 77' lang='grc' dir='ltr'>οἷός</span> <span class='ocrx_word' id='word_1_739' title='bbox 2894 4561 2955 4597; x_wconf 89' lang='grc' dir='ltr'><strong>τε</strong></span> <span class='ocrx_word' id='word_1_740' title='bbox 2993 4544 3146 4597; x_wconf 79' lang='grc' dir='ltr'>ἐστὶν</span> <span class='ocrx_word' id='word_1_741' title='bbox 3193 4547 3257 4596; x_wconf 81' lang='grc' dir='ltr'>ὲκ</span> <span class='ocrx_word' id='word_1_742' title='bbox 3283 4543 3395 4596; x_wconf 87' lang='grc' dir='ltr'><strong>τῶν</strong></span> <span class='ocrx_word' id='word_1_743' title='bbox 3424 4544 3673 4596; x_wconf 74' lang='grc' dir='ltr'>παλαιῶν</span> 
     </span>
    </p>
   </div>
   <div class='ocr_carea' id='block_1_97' title="bbox 426 4627 1971 4710">
    <p class='ocr_par' dir='ltr' id='par_1_97' title="bbox 426 4627 1964 4699">
     <span class='ocr_line' id='line_1_97' title="bbox 426 4627 1964 4699; baseline 0.001 -19"><span class='ocrx_word' id='word_1_744' title='bbox 426 4628 541 4695; x_wconf 84' lang='lat' dir='ltr'><strong>lus,</strong></span> <span class='ocrx_word' id='word_1_745' title='bbox 574 4630 617 4683; x_wconf 92' lang='lat' dir='ltr'><strong>si</strong></span> <span class='ocrx_word' id='word_1_746' title='bbox 654 4630 720 4684; x_wconf 91' lang='lat' dir='ltr'><strong>de</strong></span> <span class='ocrx_word' id='word_1_747' title='bbox 756 4630 982 4684; x_wconf 78' lang='lat' dir='ltr'><strong>vetustis</strong></span> <span class='ocrx_word' id='word_1_748' title='bbox 1016 4627 1313 4698; x_wconf 86' lang='lat' dir='ltr'><strong>Scripturis</strong></span> <span class='ocrx_word' id='word_1_749' title='bbox 1350 4627 1596 4695; x_wconf 87' lang='lat' dir='ltr'><strong>proferre</strong></span> <span class='ocrx_word' id='word_1_750' title='bbox 1639 4629 1793 4683; x_wconf 91' lang='lat' dir='ltr'><strong>nobis</strong></span> <span class='ocrx_word' id='word_1_751' title='bbox 1820 4630 1964 4699; x_wconf 84' lang='lat' dir='ltr'><strong>possi</strong></span> 
     </span>
    </p>
   </div>
   <div class='ocr_carea' id='block_1_98' title="bbox 2086 4627 3669 4710">
    <p class='ocr_par' dir='ltr' id='par_1_98' title="bbox 2091 4634 3669 4710">
     <span class='ocr_line' id='line_1_98' title="bbox 2091 4634 3669 4710; baseline -0.002 -20"><span class='ocrx_word' id='word_1_752' title='bbox 2091 4636 2437 4710; x_wconf 82' lang='grc' dir='ltr'>γραμμάτων</span> <span class='ocrx_word' id='word_1_753' title='bbox 2487 4636 2585 4706; x_wconf 84' lang='grc' dir='ltr'>τὴν</span> <span class='ocrx_word' id='word_1_754' title='bbox 2627 4634 2831 4687; x_wconf 79' lang='grc' dir='ltr'>τούτων</span> <span class='ocrx_word' id='word_1_755' title='bbox 2872 4635 3166 4706; x_wconf 80' lang='grc' dir='ltr'>προφέρειν</span> <span class='ocrx_word' id='word_1_756' title='bbox 3205 4635 3573 4688; x_wconf 86' lang='grc' dir='ltr'>διδασκαλίαν.</span> <span class='ocrx_word' id='word_1_757' title='bbox 3611 4636 3669 4688; x_wconf 84' lang='grc' dir='ltr'>Εἰ</span> 
     </span>
    </p>
   </div>
   <div class='ocr_carea' id='block_1_99' title="bbox 426 4719 1986 4788">
    <p class='ocr_par' dir='ltr' id='par_1_99' title="bbox 426 4719 1986 4788">
     <span class='ocr_line' id='line_1_99' title="bbox 426 4719 1986 4788; baseline 0 -13"><span class='ocrx_word' id='word_1_758' title='bbox 426 4720 728 4776; x_wconf 89' lang='lat' dir='ltr'><strong>doctrinam</strong></span> <span class='ocrx_word' id='word_1_759' title='bbox 775 4722 842 4777; x_wconf 90' lang='lat' dir='ltr'><strong>de</strong></span> <span class='ocrx_word' id='word_1_760' title='bbox 874 4722 992 4777; x_wconf 91' lang='lat' dir='ltr'><strong>istis</strong></span> <span class='ocrx_word' id='word_1_761' title='bbox 1022 4740 1034 4775; x_wconf 90' lang='lat'>:</span> <span class='ocrx_word' id='word_1_762' title='bbox 1073 4722 1155 4776; x_wconf 91' lang='lat' dir='ltr'><strong>sin</strong></span> <span class='ocrx_word' id='word_1_763' title='bbox 1182 4719 1385 4774; x_wconf 85' lang='lat' dir='ltr'><strong>nullam</strong></span> <span class='ocrx_word' id='word_1_764' title='bbox 1414 4720 1653 4775; x_wconf 87' lang='lat' dir='ltr'><strong>inveniat</strong></span> <span class='ocrx_word' id='word_1_765' title='bbox 1700 4722 1986 4788; x_wconf 74' lang='lat' dir='ltr'><strong>rationem,</strong></span> 
     </span>
    </p>
   </div>
   <div class='ocr_carea' id='block_1_100' title="bbox 426 4811 1988 4883">
    <p class='ocr_par' dir='ltr' id='par_1_100' title="bbox 426 4811 1988 4883">
     <span class='ocr_line' id='line_1_100' title="bbox 426 4811 1988 4883; baseline -0.001 -15"><span class='ocrx_word' id='word_1_766' title='bbox 426 4822 544 4869; x_wconf 86' lang='lat' dir='ltr'><strong>tum</strong></span> <span class='ocrx_word' id='word_1_767' title='bbox 588 4824 873 4883; x_wconf 81' lang='lat' dir='ltr'><strong>expromat</strong></span> <span class='ocrx_word' id='word_1_768' title='bbox 902 4828 1005 4867; x_wconf 81' lang='lat' dir='ltr'><strong>cur.</strong></span> <span class='ocrx_word' id='word_1_769' title='bbox 1050 4822 1104 4867; x_wconf 90' lang='lat' dir='ltr'><strong>et</strong></span> <span class='ocrx_word' id='word_1_770' title='bbox 1132 4813 1233 4867; x_wconf 88' lang='lat' dir='ltr'><strong>ista</strong></span> <span class='ocrx_word' id='word_1_771' title='bbox 1261 4853 1276 4879; x_wconf 91' lang='lat'><strong>,</strong></span> <span class='ocrx_word' id='word_1_772' title='bbox 1306 4822 1360 4868; x_wconf 84' lang='lat' dir='ltr'><strong>et</strong></span> <span class='ocrx_word' id='word_1_773' title='bbox 1388 4811 1496 4866; x_wconf 89' lang='lat' dir='ltr'><strong>alia</strong></span> <span class='ocrx_word' id='word_1_774' title='bbox 1550 4826 1711 4880; x_wconf 91' lang='lat' dir='ltr'><strong>quam</strong></span> <span class='ocrx_word' id='word_1_775' title='bbox 1761 4812 1988 4881; x_wconf 89' lang='lat' dir='ltr'><strong>plurima</strong></span> 
     </span>
    </p>
   </div>
   <div class='ocr_carea' id='block_1_101' title="bbox 422 4903 1989 4977">
    <p class='ocr_par' dir='ltr' id='par_1_101' title="bbox 422 4903 1989 4977">
     <span class='ocr_line' id='line_1_101' title="bbox 422 4903 1989 4977; baseline -0.005 -12"><span class='ocrx_word' id='word_1_776' title='bbox 422 4908 512 4966; x_wconf 88' lang='lat' dir='ltr'><strong>his</strong></span> <span class='ocrx_word' id='word_1_777' title='bbox 562 4907 844 4977; x_wconf 80' lang='lat' dir='ltr'><strong>congenita</strong></span> <span class='ocrx_word' id='word_1_778' title='bbox 883 4907 1352 4961; x_wconf 86' lang='lat' dir='ltr'><strong>abscondebantur</strong></span> <span class='ocrx_word' id='word_1_779' title='bbox 1372 4920 1402 4958; x_wconf 90' lang='lat' dir='ltr'><strong>a</strong></span> <span class='ocrx_word' id='word_1_780' title='bbox 1429 4903 1702 4974; x_wconf 90' lang='lat' dir='ltr'><strong>prophetis</strong></span> <span class='ocrx_word' id='word_1_781' title='bbox 1724 4942 1740 4969; x_wconf 94' lang='lat'><strong>,</strong></span> <span class='ocrx_word' id='word_1_782' title='bbox 1774 4904 1838 4959; x_wconf 90' lang='lat' dir='ltr'><strong>de</strong></span> <span class='ocrx_word' id='word_1_783' title='bbox 1871 4905 1989 4972; x_wconf 88' lang='lat' dir='ltr'><strong>qui-</strong></span> 
     </span>
    </p>
   </div>
   <div class='ocr_carea' id='block_1_102' title="bbox 418 4997 1989 5066">
    <p class='ocr_par' dir='ltr' id='par_1_102' title="bbox 418 4997 1989 5066">
     <span class='ocr_line' id='line_1_102' title="bbox 418 4997 1989 5066; baseline -0.004 -8"><span class='ocrx_word' id='word_1_784' title='bbox 418 5004 522 5058; x_wconf 84' lang='lat' dir='ltr'><strong>bus</strong></span> <span class='ocrx_word' id='word_1_785' title='bbox 557 5010 737 5054; x_wconf 88' lang='lat' dir='ltr'><strong>nostra</strong></span> <span class='ocrx_word' id='word_1_786' title='bbox 794 4999 916 5053; x_wconf 88' lang='lat' dir='ltr'><strong>vice</strong></span> <span class='ocrx_word' id='word_1_787' title='bbox 960 4999 1126 5053; x_wconf 91' lang='lat' dir='ltr'><strong>Deum</strong></span> <span class='ocrx_word' id='word_1_788' title='bbox 1178 4997 1568 5066; x_wconf 88' lang='lat' dir='ltr'><strong>deprecabatur</strong></span> <span class='ocrx_word' id='word_1_789' title='bbox 1608 4997 1989 5051; x_wconf 87' lang='lat' dir='ltr'><strong>sanctissimus</strong></span> 
     </span>
    </p>
   </div>
   <div class='ocr_carea' id='block_1_103' title="bbox 417 5088 1986 5165">
    <p class='ocr_par' dir='ltr' id='par_1_103' title="bbox 417 5088 1986 5165">
     <span class='ocr_line' id='line_1_103' title="bbox 417 5088 1986 5165; baseline -0.004 -16"><span class='ocrx_word' id='word_1_790' title='bbox 417 5092 727 5165; x_wconf 81' lang='lat' dir='ltr'><strong>Apostolus,</strong></span> <span class='ocrx_word' id='word_1_791' title='bbox 753 5098 811 5143; x_wconf 90' lang='lat' dir='ltr'><strong>ut</strong></span> <span class='ocrx_word' id='word_1_792' title='bbox 834 5088 1103 5159; x_wconf 87' lang='lat' dir='ltr'><strong>possimus</strong></span> <span class='ocrx_word' id='word_1_793' title='bbox 1129 5088 1560 5159; x_wconf 83' lang='lat' dir='ltr'><strong>comprehendere</strong></span> <span class='ocrx_word' id='word_1_794' title='bbox 1590 5104 1708 5140; x_wconf 87' lang='lat' dir='ltr'><strong>cum</strong></span> <span class='ocrx_word' id='word_1_795' title='bbox 1745 5089 1986 5143; x_wconf 83' lang='lat' dir='ltr'><strong>omnibus</strong></span> 
     </span>
    </p>
   </div>
   <div class='ocr_carea' id='block_1_104' title="bbox 2090 4725 3681 4801">
    <p class='ocr_par' dir='ltr' id='par_1_104' title="bbox 2090 4725 3681 4801">
     <span class='ocr_line' id='line_1_104' title="bbox 2090 4725 3681 4801; baseline -0.004 -18"><span class='ocrx_word' id='word_1_796' title='bbox 2090 4730 2147 4783; x_wconf 75' lang='grc' dir='ltr'>δὲ</span> <span class='ocrx_word' id='word_1_797' title='bbox 2180 4730 2257 4800; x_wconf 84' lang='grc'><strong>(5)</strong></span> <span class='ocrx_word' id='word_1_798' title='bbox 2289 4728 2364 4800; x_wconf 79' lang='grc' dir='ltr'>μὴ</span> <span class='ocrx_word' id='word_1_799' title='bbox 2394 4726 2659 4801; x_wconf 84' lang='grc' dir='ltr'>εὑρίσκοι,</span> <span class='ocrx_word' id='word_1_800' title='bbox 2711 4725 2808 4797; x_wconf 86' lang='grc' dir='ltr'><strong>τὴν</strong></span> <span class='ocrx_word' id='word_1_801' title='bbox 2844 4725 3022 4779; x_wconf 87' lang='grc' dir='ltr'>αἰτίαν</span> <span class='ocrx_word' id='word_1_802' title='bbox 3065 4725 3380 4789; x_wconf 82' lang='grc' dir='ltr'>ἀποδιδότω,</span> <span class='ocrx_word' id='word_1_803' title='bbox 3402 4725 3470 4778; x_wconf 87' lang='grc' dir='ltr'>δι’</span> <span class='ocrx_word' id='word_1_804' title='bbox 3497 4727 3566 4798; x_wconf 77' lang='grc' dir='ltr'><strong>ήν</strong></span> <span class='ocrx_word' id='word_1_805' title='bbox 3596 4742 3681 4778; x_wconf 63' lang='grc' dir='ltr'>σει</span> 
     </span>
    </p>
   </div>
   <div class='ocr_carea' id='block_1_105' title="bbox 2090 4816 3672 4892">
    <p class='ocr_par' dir='ltr' id='par_1_105' title="bbox 2090 4816 3672 4892">
     <span class='ocr_line' id='line_1_105' title="bbox 2090 4816 3672 4892; baseline -0.004 -18"><span class='ocrx_word' id='word_1_806' title='bbox 2090 4821 2331 4892; x_wconf 82' lang='grc' dir='ltr'>σιώπητο</span> <span class='ocrx_word' id='word_1_807' title='bbox 2354 4823 2465 4883; x_wconf 86' lang='grc' dir='ltr'>τοῖς</span> <span class='ocrx_word' id='word_1_808' title='bbox 2488 4819 2582 4872; x_wconf 90' lang='grc' dir='ltr'><strong>τοῦ</strong></span> <span class='ocrx_word' id='word_1_809' title='bbox 2607 4819 2740 4873; x_wconf 84' lang='grc' dir='ltr'>Θεοῦ</span> <span class='ocrx_word' id='word_1_810' title='bbox 2774 4820 3078 4889; x_wconf 86' lang='grc' dir='ltr'>προφήταις</span> <span class='ocrx_word' id='word_1_811' title='bbox 3096 4816 3268 4870; x_wconf 85' lang='grc' dir='ltr'>ταῦτά</span> <span class='ocrx_word' id='word_1_812' title='bbox 3289 4834 3351 4869; x_wconf 88' lang='grc' dir='ltr'><strong>τε</strong></span> <span class='ocrx_word' id='word_1_813' title='bbox 3372 4817 3555 4869; x_wconf 81' lang='grc' dir='ltr'>πάντα</span> <span class='ocrx_word' id='word_1_814' title='bbox 3581 4817 3672 4869; x_wconf 71' lang='grc' dir='ltr'>καὶ</span> 
     </span>
    </p>
   </div>
   <div class='ocr_carea' id='block_1_106' title="bbox 2086 4901 3665 4979">
    <p class='ocr_par' dir='ltr' id='par_1_106' title="bbox 2086 4901 3665 4979">
     <span class='ocr_line' id='line_1_106' title="bbox 2086 4901 3665 4979; baseline -0.002 -16"><span class='ocrx_word' id='word_1_815' title='bbox 2086 4908 2221 4963; x_wconf 78' lang='grc' dir='ltr'>ἄλλα</span> <span class='ocrx_word' id='word_1_816' title='bbox 2236 4908 2443 4971; x_wconf 80' lang='grc' dir='ltr'>τούτοις</span> <span class='ocrx_word' id='word_1_817' title='bbox 2458 4907 2659 4975; x_wconf 83' lang='grc' dir='ltr'>ἀδελφὰ</span> <span class='ocrx_word' id='word_1_818' title='bbox 2678 4926 2748 4978; x_wconf 91' lang='grc' dir='ltr'><strong>μυ</strong></span> <span class='ocrx_word' id='word_1_819' title='bbox 2758 4907 2865 4979; x_wconf 87' lang='grc' dir='ltr'>ρία,</span> <span class='ocrx_word' id='word_1_820' title='bbox 2882 4907 3007 4977; x_wconf 74' lang='grc' dir='ltr'>περὶ</span> <span class='ocrx_word' id='word_1_821' title='bbox 3022 4901 3095 4959; x_wconf 83' lang='grc' dir='ltr'>ὧν</span> <span class='ocrx_word' id='word_1_822' title='bbox 3109 4907 3137 4958; x_wconf 88' lang='lat'><strong>6</strong></span> <span class='ocrx_word' id='word_1_823' title='bbox 3151 4905 3313 4968; x_wconf 81' lang='grc' dir='ltr'>αὐτὸς</span> <span class='ocrx_word' id='word_1_824' title='bbox 3328 4905 3665 4969; x_wconf 78' lang='grc' dir='ltr'>’Δπόστολος,</span> 
     </span>
    </p>
   </div>
   <div class='ocr_carea' id='block_1_107' title="bbox 2090 4997 3665 5073">
    <p class='ocr_par' dir='ltr' id='par_1_107' title="bbox 2090 4997 3665 5073">
     <span class='ocr_line' id='line_1_107' title="bbox 2090 4997 3665 5073; baseline -0.001 -21"><span class='ocrx_word' id='word_1_825' title='bbox 2090 5000 2228 5072; x_wconf 83' lang='grc' dir='ltr'>ὑπὲρ</span> <span class='ocrx_word' id='word_1_826' title='bbox 2245 5000 2402 5073; x_wconf 75' lang='grc' dir='ltr'>ἡμῶν</span> <span class='ocrx_word' id='word_1_827' title='bbox 2417 5000 2585 5053; x_wconf 81' lang='grc' dir='ltr'>ἐδεῖτο</span> <span class='ocrx_word' id='word_1_828' title='bbox 2599 5000 2694 5053; x_wconf 88' lang='grc' dir='ltr'><strong>τοῦ</strong></span> <span class='ocrx_word' id='word_1_829' title='bbox 2732 4997 2889 5065; x_wconf 84' lang='grc' dir='ltr'>Θεοῦ,</span> <span class='ocrx_word' id='word_1_830' title='bbox 2914 5000 3013 5053; x_wconf 76' lang='grc' dir='ltr'><strong>ἵνα</strong></span> <span class='ocrx_word' id='word_1_831' title='bbox 3040 4999 3461 5067; x_wconf 77' lang='grc' dir='ltr'>ἐξισχύσωμεν</span> <span class='ocrx_word' id='word_1_832' title='bbox 3488 5015 3665 5052; x_wconf 71' lang='lat' dir='ltr'><strong>arara-</strong></span> 
     </span>
    </p>
   </div>
   <div class='ocr_carea' id='block_1_108' title="bbox 2086 5090 3665 5163">
    <p class='ocr_par' dir='ltr' id='par_1_108' title="bbox 2086 5090 3665 5163">
     <span class='ocr_line' id='line_1_108' title="bbox 2086 5090 3665 5163; baseline 0 -17"><span class='ocrx_word' id='word_1_833' title='bbox 2086 5093 2376 5149; x_wconf 72' lang='grc' dir='ltr'>λαϐέσθαι</span> <span class='ocrx_word' id='word_1_834' title='bbox 2392 5093 2514 5147; x_wconf 83' lang='grc' dir='ltr'><strong>σὺν</strong></span> <span class='ocrx_word' id='word_1_835' title='bbox 2527 5092 2677 5147; x_wconf 82' lang='grc' dir='ltr'>πᾶσι</span> <span class='ocrx_word' id='word_1_836' title='bbox 2694 5093 2814 5159; x_wconf 84' lang='grc' dir='ltr'>τοῖς</span> <span class='ocrx_word' id='word_1_837' title='bbox 2829 5093 3038 5162; x_wconf 75' lang='grc' dir='ltr'>ἁγίοις,</span> <span class='ocrx_word' id='word_1_838' title='bbox 3055 5094 3112 5146; x_wconf 91' lang='grc' dir='ltr'><strong>τί</strong></span> <span class='ocrx_word' id='word_1_839' title='bbox 3126 5092 3193 5145; x_wconf 87' lang='grc' dir='ltr'>τὸ</span> <span class='ocrx_word' id='word_1_840' title='bbox 3207 5090 3441 5155; x_wconf 78' lang='grc' dir='ltr'>πλάτος</span> <span class='ocrx_word' id='word_1_841' title='bbox 3455 5095 3553 5147; x_wconf 70' lang='grc' dir='ltr'>καὶ</span> <span class='ocrx_word' id='word_1_842' title='bbox 3565 5092 3665 5163; x_wconf 79' lang='grc' dir='ltr'><strong>μῆ-</strong></span> 
     </span>
    </p>
   </div>
   <div class='ocr_carea' id='block_1_109' title="bbox 499 5239 1971 5331">
    <p class='ocr_par' dir='ltr' id='par_1_109' title="bbox 499 5239 1971 5331">
     <span class='ocr_line' id='line_1_109' title="bbox 499 5239 1971 5331; baseline 0.016 -44"><span class='ocrx_word' id='word_1_843' title='bbox 499 5242 563 5302; x_wconf 58' lang='grc' dir='ltr'>ει</span> <span class='ocrx_word' id='word_1_844' title='bbox 593 5239 912 5331; x_wconf 40' lang='grc' dir='ltr'><strong>Εάἒρεξὶεη</strong></span> <span class='ocrx_word' id='word_1_845' title='bbox 940 5239 1187 5300; x_wconf 70' lang='lat' dir='ltr'><strong>pag.l36.</strong></span> <span class='ocrx_word' id='word_1_846' title='bbox 1265 5240 1311 5273; x_wconf 78' lang='lat'><strong>&quot;</strong></span> <span class='ocrx_word' id='word_1_847' title='bbox 1338 5242 1567 5312; x_wconf 86' lang='lat' dir='ltr'><strong>Dan.vtt,</strong></span> <span class='ocrx_word' id='word_1_848' title='bbox 1588 5247 1673 5303; x_wconf 75' lang='grc'><strong>10.</strong></span> <span class='ocrx_word' id='word_1_849' title='bbox 1706 5288 1721 5300; x_wconf 90' lang='lat'><strong>.</strong></span> <span class='ocrx_word' id='word_1_850' title='bbox 1753 5250 1801 5283; x_wconf 79' lang='grc'><strong>³⁷</strong></span> <span class='ocrx_word' id='word_1_851' title='bbox 1827 5251 1971 5325; x_wconf 71' lang='grc' dir='ltr'>Εριιό</span> 
     </span>
    </p>
   </div>
   <div class='ocr_carea' id='block_1_110' title="bbox 2086 5239 3665 5331">
    <p class='ocr_par' dir='ltr' id='par_1_110' title="bbox 2086 5249 3665 5331">
     <span class='ocr_line' id='line_1_110' title="bbox 2086 5249 3665 5331; baseline -0.001 -20"><span class='ocrx_word' id='word_1_852' title='bbox 2086 5295 2100 5317; x_wconf 91' lang='grc'><strong>.</strong></span> <span class='ocrx_word' id='word_1_853' title='bbox 2128 5256 2218 5319; x_wconf 69' lang='lat'><strong>20‘,</strong></span> <span class='ocrx_word' id='word_1_854' title='bbox 2252 5256 2343 5309; x_wconf 73' lang='lat' dir='ltr'><strong>2t.</strong></span> <span class='ocrx_word' id='word_1_855' title='bbox 2418 5252 2464 5284; x_wconf 81' lang='grc'><strong>³⁸</strong></span> <span class='ocrx_word' id='word_1_856' title='bbox 2484 5251 2695 5308; x_wconf 86' lang='lat' dir='ltr'><strong>Coloss.</strong></span> <span class='ocrx_word' id='word_1_857' title='bbox 2721 5266 2760 5319; x_wconf 84' lang='grc' dir='ltr'><strong>ι,</strong></span> <span class='ocrx_word' id='word_1_858' title='bbox 2781 5249 2869 5307; x_wconf 72' lang='lat' dir='ltr'><strong>i6;</strong></span> <span class='ocrx_word' id='word_1_859' title='bbox 2942 5251 2986 5285; x_wconf 77' lang='grc'><strong>³⁹</strong></span> <span class='ocrx_word' id='word_1_860' title='bbox 3018 5249 3136 5331; x_wconf 87' lang='lat' dir='ltr'><strong>Gal.</strong></span> <span class='ocrx_word' id='word_1_861' title='bbox 3167 5266 3242 5319; x_wconf 87' lang='lat' dir='ltr'><strong>tv,</strong></span> <span class='ocrx_word' id='word_1_862' title='bbox 3272 5250 3367 5308; x_wconf 75' lang='lat'><strong>26.</strong></span> <span class='ocrx_word' id='word_1_863' title='bbox 3445 5249 3492 5282; x_wconf 80' lang='lat'>“</span> <span class='ocrx_word' id='word_1_864' title='bbox 3510 5249 3665 5311; x_wconf 80' lang='lat' dir='ltr'><strong>Hebr.</strong></span> 
     </span>
    </p>
   </div>
   <div class='ocr_carea' id='block_1_111' title="bbox 503 5322 871 5393">
    <p class='ocr_par' dir='ltr' id='par_1_111' title="bbox 503 5322 871 5393">
     <span class='ocr_line' id='line_1_111' title="bbox 503 5322 871 5393; baseline -0.003 -15"><span class='ocrx_word' id='word_1_865' title='bbox 503 5338 608 5393; x_wconf 69' lang='lat' dir='ltr'><strong>xu,</strong></span> <span class='ocrx_word' id='word_1_866' title='bbox 640 5324 736 5392; x_wconf 69' lang='grc'><strong>22,</strong></span> <span class='ocrx_word' id='word_1_867' title='bbox 780 5322 871 5379; x_wconf 76' lang='grc'><strong>25.</strong></span> 
     </span>
    </p>
   </div>
   <div class='ocr_carea' id='block_1_112' title="bbox 504 5468 965 5540">
    <p class='ocr_par' dir='ltr' id='par_1_112' title="bbox 504 5468 965 5540">
     <span class='ocr_line' id='line_1_112' title="bbox 504 5468 965 5540; baseline 0.009 -16"><span class='ocrx_word' id='word_1_868' title='bbox 504 5468 593 5537; x_wconf 82' lang='lat'><strong>98)</strong></span> <span class='ocrx_word' id='word_1_869' title='bbox 614 5470 722 5540; x_wconf 81' lang='lat' dir='ltr'><strong>Mp.</strong></span> <span class='ocrx_word' id='word_1_870' title='bbox 754 5471 965 5528; x_wconf 88' lang='grc' dir='ltr'>τοῦτον.</span> 
     </span>
    </p>
   </div>
   <div class='ocr_carea' id='block_1_113' title="bbox 505 5540 1767 5615">
    <p class='ocr_par' dir='ltr' id='par_1_113' title="bbox 505 5540 1767 5615">
     <span class='ocr_line' id='line_1_113' title="bbox 505 5540 1767 5615; baseline 0.006 -21"><span class='ocrx_word' id='word_1_871' title='bbox 505 5540 1184 5615; x_wconf 18' lang='grc' dir='ltr'>Θρλνυιεοᾷπαρειληφῶς,</span> <span class='ocrx_word' id='word_1_872' title='bbox 1212 5552 1266 5598; x_wconf 88' lang='lat' dir='ltr'><strong>at</strong></span> <span class='ocrx_word' id='word_1_873' title='bbox 1288 5543 1359 5599; x_wconf 78' lang='lat' dir='ltr'><strong>cf.</strong></span> <span class='ocrx_word' id='word_1_874' title='bbox 1389 5544 1525 5615; x_wconf 70' lang='lat' dir='ltr'><strong>intra</strong></span> <span class='ocrx_word' id='word_1_875' title='bbox 1550 5545 1593 5601; x_wconf 73' lang='grc' dir='ltr'>Ο</span> <span class='ocrx_word' id='word_1_876' title='bbox 1617 5546 1767 5615; x_wconf 72' lang='lat' dir='ltr'><strong>med.</strong></span> 
     </span>
    </p>
   </div>
   <div class='ocr_carea' id='block_1_114' title="bbox 508 5609 1974 5688">
    <p class='ocr_par' dir='ltr' id='par_1_114' title="bbox 508 5609 1974 5688">
     <span class='ocr_line' id='line_1_114' title="bbox 508 5609 1974 5688; baseline 0.003 -25"><span class='ocrx_word' id='word_1_877' title='bbox 508 5609 558 5681; x_wconf 83' lang='grc'><strong>1)</strong></span> <span class='ocrx_word' id='word_1_878' title='bbox 577 5609 880 5688; x_wconf 59' lang='grc' dir='ltr'><strong>’Φερομένῃ</strong></span> <span class='ocrx_word' id='word_1_879' title='bbox 895 5609 1132 5688; x_wconf 62' lang='grc' dir='ltr'><strong>Γραέῥῇ.</strong></span> <span class='ocrx_word' id='word_1_880' title='bbox 1162 5615 1313 5670; x_wconf 82' lang='lat' dir='ltr'><strong>Esset</strong></span> <span class='ocrx_word' id='word_1_881' title='bbox 1336 5614 1611 5688; x_wconf 81' lang='grc' dir='ltr'>φερόμενα</span> <span class='ocrx_word' id='word_1_882' title='bbox 1643 5614 1745 5688; x_wconf 78' lang='lat' dir='ltr'><strong>[sic</strong></span> <span class='ocrx_word' id='word_1_883' title='bbox 1768 5612 1974 5688; x_wconf 87' lang='lat' dir='ltr'><strong>cod_d_.],</strong></span> 
     </span>
    </p>
   </div>
   <div class='ocr_carea' id='block_1_115' title="bbox 393 5682 1931 5756">
    <p class='ocr_par' dir='ltr' id='par_1_115' title="bbox 393 5682 1931 5756">
     <span class='ocr_line' id='line_1_115' title="bbox 393 5682 1931 5756; baseline 0.001 -21"><span class='ocrx_word' id='word_1_884' title='bbox 393 5691 498 5736; x_wconf 70' lang='lat' dir='ltr'><strong>aut</strong></span> <span class='ocrx_word' id='word_1_885' title='bbox 529 5682 862 5752; x_wconf 81' lang='grc' dir='ltr'>φερομένων,</span> <span class='ocrx_word' id='word_1_886' title='bbox 890 5693 947 5737; x_wconf 89' lang='lat' dir='ltr'><strong>ut</strong></span> <span class='ocrx_word' id='word_1_887' title='bbox 988 5686 1249 5740; x_wconf 76' lang='lat' dir='ltr'><strong>referatur</strong></span> <span class='ocrx_word' id='word_1_888' title='bbox 1280 5682 1360 5741; x_wconf 11' lang='lat' dir='ltr'><strong>ad?</strong></span> <span class='ocrx_word' id='word_1_889' title='bbox 1380 5682 1835 5756; x_wconf 67' lang='grc' dir='ltr'>ἀναγνωσμάτων.</span> <span class='ocrx_word' id='word_1_890' title='bbox 1859 5682 1931 5738; x_wconf 75' lang='grc' dir='ltr'><strong>Μ.</strong></span> 
     </span>
    </p>
   </div>
   <div class='ocr_carea' id='block_1_116' title="bbox 2175 5475 3392 5549">
    <p class='ocr_par' dir='ltr' id='par_1_116' title="bbox 2175 5475 3392 5549">
     <span class='ocr_line' id='line_1_116' title="bbox 2175 5475 3392 5549; baseline 0.002 -18"><span class='ocrx_word' id='word_1_891' title='bbox 2175 5476 2230 5549; x_wconf 74' lang='grc'><strong>2)</strong></span> <span class='ocrx_word' id='word_1_892' title='bbox 2260 5475 2432 5549; x_wconf 56' lang='lat' dir='ltr'><strong>Vulgo</strong></span> <span class='ocrx_word' id='word_1_893' title='bbox 2458 5476 2833 5549; x_wconf 78' lang='grc' dir='ltr'>άπιστευτὲον,</span> <span class='ocrx_word' id='word_1_894' title='bbox 2855 5486 2911 5549; x_wconf 82' lang='lat' dir='ltr'><strong>et</strong></span> <span class='ocrx_word' id='word_1_895' title='bbox 2938 5476 3077 5549; x_wconf 72' lang='lat' dir='ltr'><strong>intra</strong></span> <span class='ocrx_word' id='word_1_896' title='bbox 3111 5476 3392 5547; x_wconf 72' lang='grc' dir='ltr'>ὀνομάζει.</span> 
     </span>
    </p>
   </div>
   <div class='ocr_carea' id='block_1_117' title="bbox 2173 5546 3091 5619">
    <p class='ocr_par' dir='ltr' id='par_1_117' title="bbox 2173 5546 3091 5619">
     <span class='ocr_line' id='line_1_117' title="bbox 2173 5546 3091 5619; baseline 0 -18"><span class='ocrx_word' id='word_1_897' title='bbox 2173 5546 2226 5619; x_wconf 69' lang='grc' dir='ltr'>δ)</span> <span class='ocrx_word' id='word_1_898' title='bbox 2257 5546 2431 5619; x_wconf 60' lang='lat' dir='ltr'><strong>yulgo</strong></span> <span class='ocrx_word' id='word_1_899' title='bbox 2464 5548 2653 5619; x_wconf 18' lang='grc' dir='ltr'>ἢνπερί</span> <span class='ocrx_word' id='word_1_900' title='bbox 2684 5562 2826 5603; x_wconf 89' lang='lat' dir='ltr'><strong>corr.</strong></span> <span class='ocrx_word' id='word_1_901' title='bbox 2848 5546 2957 5616; x_wconf 87' lang='lat' dir='ltr'><strong>jam</strong></span> <span class='ocrx_word' id='word_1_902' title='bbox 2987 5547 3091 5617; x_wconf 82' lang='lat' dir='ltr'><strong>Mp.</strong></span> 
     </span>
    </p>
   </div>
   <div class='ocr_carea' id='block_1_118' title="bbox 2159 5616 2696 5687">
    <p class='ocr_par' dir='ltr' id='par_1_118' title="bbox 2159 5616 2696 5687">
     <span class='ocr_line' id='line_1_118' title="bbox 2159 5616 2696 5687; baseline 0 -16"><span class='ocrx_word' id='word_1_903' title='bbox 2159 5616 2236 5685; x_wconf 73' lang='grc'><strong>(4)</strong></span> <span class='ocrx_word' id='word_1_904' title='bbox 2257 5616 2428 5687; x_wconf 80' lang='lat' dir='ltr'><strong>Vulgo</strong></span> <span class='ocrx_word' id='word_1_905' title='bbox 2460 5616 2567 5670; x_wconf 79' lang='grc' dir='ltr'><strong>τῶν</strong></span> <span class='ocrx_word' id='word_1_906' title='bbox 2601 5616 2696 5687; x_wconf 74' lang='grc' dir='ltr'>πρ.</span> 
     </span>
    </p>
   </div>
   <div class='ocr_carea' id='block_1_119' title="bbox 2155 5686 3012 5764">
    <p class='ocr_par' dir='ltr' id='par_1_119' title="bbox 2155 5686 3012 5764">
     <span class='ocr_line' id='line_1_119' title="bbox 2155 5686 3012 5764; baseline -0.002 -23"><span class='ocrx_word' id='word_1_907' title='bbox 2155 5688 2231 5757; x_wconf 81' lang='grc'><strong>(5)</strong></span> <span class='ocrx_word' id='word_1_908' title='bbox 2253 5686 2421 5759; x_wconf 79' lang='lat' dir='ltr'><strong>Vulgo</strong></span> <span class='ocrx_word' id='word_1_909' title='bbox 2441 5688 2523 5758; x_wconf 80' lang='grc' dir='ltr'><strong>δή,</strong></span> <span class='ocrx_word' id='word_1_910' title='bbox 2556 5696 2606 5742; x_wconf 91' lang='lat' dir='ltr'><strong>ct</strong></span> <span class='ocrx_word' id='word_1_911' title='bbox 2631 5686 2789 5753; x_wconf 80' lang='lat' dir='ltr'><strong>infra,</strong></span> <span class='ocrx_word' id='word_1_912' title='bbox 2826 5686 3012 5764; x_wconf 70' lang='grc' dir='ltr'>μύρια.</span> 
     </span>
    </p>
   </div>
  </div>
