  <div class='ocr_page' id='page_1' title='image "/cluster/home/n/w/nwhite01/storage/ocr_20150623/24/nnc1.0046978259/576.png"; bbox 0 0 3828 6222; ppageno 0'>
   <div class='ocr_carea' id='block_1_1' title="bbox 172 308 279 367">
    <p class='ocr_par' dir='ltr' id='par_1_1' title="bbox 172 308 279 367">
     <span class='ocr_line' id='line_1_1' title="bbox 172 308 279 367; baseline 0 0"><span class='ocrx_word' id='word_1_1' title='bbox 172 308 279 367; x_wconf 75' lang='lat'><strong><em>953</em></strong></span> 
     </span>
    </p>
   </div>
   <div class='ocr_carea' id='block_1_2' title="bbox 1096 309 2475 381">
    <p class='ocr_par' dir='ltr' id='par_1_2' title="bbox 1096 309 2475 381">
     <span class='ocr_line' id='line_1_2' title="bbox 1096 309 2475 381; baseline 0.004 -17"><span class='ocrx_word' id='word_1_2' title='bbox 1096 310 1185 367; x_wconf 84' lang='lat' dir='ltr'><strong><em>DE</em></strong></span> <span class='ocrx_word' id='word_1_3' title='bbox 1221 309 1763 381; x_wconf 79' lang='lat' dir='ltr'><strong><em>ECCLESIASTICA</em></strong></span> <span class='ocrx_word' id='word_1_4' title='bbox 1810 312 2203 371; x_wconf 70' lang='lat' dir='ltr'><strong><em>THEOLOGIA</em></strong></span> <span class='ocrx_word' id='word_1_5' title='bbox 2243 314 2375 372; x_wconf 82' lang='lat' dir='ltr'><strong>LIB.</strong></span> <span class='ocrx_word' id='word_1_6' title='bbox 2410 315 2475 370; x_wconf 92' lang='lat' dir='ltr'><strong><em>ll.</em></strong></span> 
     </span>
    </p>
   </div>
   <div class='ocr_carea' id='block_1_3' title="bbox 3327 315 3434 374">
    <p class='ocr_par' dir='ltr' id='par_1_3' title="bbox 3327 315 3434 374">
     <span class='ocr_line' id='line_1_3' title="bbox 3327 315 3434 374; baseline -0.019 0"><span class='ocrx_word' id='word_1_7' title='bbox 3327 315 3434 374; x_wconf 71' lang='grc'><strong><em>954</em></strong></span> 
     </span>
    </p>
   </div>
   <div class='ocr_carea' id='block_1_4' title="bbox 172 427 1749 506">
    <p class='ocr_par' dir='ltr' id='par_1_4' title="bbox 172 427 1749 501">
     <span class='ocr_line' id='line_1_4' title="bbox 172 427 1749 501; baseline 0 -15"><span class='ocrx_word' id='word_1_8' title='bbox 172 447 279 496; x_wconf 64' lang='lat' dir='ltr'><strong><em>xor;</em></strong></span> <span class='ocrx_word' id='word_1_9' title='bbox 294 429 391 484; x_wconf 76' lang='grc' dir='ltr'>καὶ</span> <span class='ocrx_word' id='word_1_10' title='bbox 402 428 594 495; x_wconf 81' lang='grc' dir='ltr'><strong><em>βάθος</em></strong></span> <span class='ocrx_word' id='word_1_11' title='bbox 609 427 706 484; x_wconf 76' lang='grc' dir='ltr'>καὶ</span> <span class='ocrx_word' id='word_1_12' title='bbox 721 429 895 499; x_wconf 74' lang='grc' dir='ltr'>ὕψος,</span> <span class='ocrx_word' id='word_1_13' title='bbox 915 428 1137 499; x_wconf 73' lang='grc' dir='ltr'>γνῶναί</span> <span class='ocrx_word' id='word_1_14' title='bbox 1150 447 1214 484; x_wconf 81' lang='grc' dir='ltr'><strong><em>τε</em></strong></span> <span class='ocrx_word' id='word_1_15' title='bbox 1228 430 1340 499; x_wconf 83' lang='grc' dir='ltr'>τὴν</span> <span class='ocrx_word' id='word_1_16' title='bbox 1353 431 1749 501; x_wconf 71' lang='grc' dir='ltr'>ὑπερϐάλλου-</span> 
     </span>
    </p>
   </div>
   <div class='ocr_carea' id='block_1_5' title="bbox 1853 427 3434 506">
    <p class='ocr_par' dir='ltr' id='par_1_5' title="bbox 1863 431 3434 506">
     <span class='ocr_line' id='line_1_5' title="bbox 1863 431 3434 506; baseline -0.001 -17"><span class='ocrx_word' id='word_1_17' title='bbox 1863 433 2083 500; x_wconf 72' lang='lat' dir='ltr'><strong><em>sanctis,</em></strong></span> <span class='ocrx_word' id='word_1_18' title='bbox 2105 450 2224 505; x_wconf 66' lang='lat' dir='ltr'><strong><em>qua!</em></strong></span> <span class='ocrx_word' id='word_1_19' title='bbox 2244 442 2376 489; x_wconf 75' lang='lat' dir='ltr'><strong><em>esset</em></strong></span> <span class='ocrx_word' id='word_1_20' title='bbox 2404 432 2648 498; x_wconf 83' lang='lat' dir='ltr'><strong><em>latitudo,</em></strong></span> <span class='ocrx_word' id='word_1_21' title='bbox 2687 431 2980 503; x_wconf 73' lang='lat' dir='ltr'><strong><em>longitudo,</em></strong></span> <span class='ocrx_word' id='word_1_22' title='bbox 3017 436 3352 506; x_wconf 70' lang='lat' dir='ltr'><strong><em>profunditas</em></strong></span> <span class='ocrx_word' id='word_1_23' title='bbox 3380 442 3434 490; x_wconf 83' lang='lat' dir='ltr'><strong><em>et</em></strong></span> 
     </span>
    </p>
   </div>
   <div class='ocr_carea' id='block_1_6' title="bbox 172 519 1753 591">
    <p class='ocr_par' dir='ltr' id='par_1_6' title="bbox 172 519 1753 591">
     <span class='ocr_line' id='line_1_6' title="bbox 172 519 1753 591; baseline -0.001 -13"><span class='ocrx_word' id='word_1_24' title='bbox 172 538 296 578; x_wconf 74' lang='grc' dir='ltr'><strong><em>σαν</em></strong></span> <span class='ocrx_word' id='word_1_25' title='bbox 321 519 431 590; x_wconf 82' lang='grc' dir='ltr'>τῆς</span> <span class='ocrx_word' id='word_1_26' title='bbox 458 522 734 591; x_wconf 74' lang='grc' dir='ltr'>γνώσεως</span> <span class='ocrx_word' id='word_1_27' title='bbox 766 521 1006 591; x_wconf 79' lang='grc' dir='ltr'><strong><em>ἀγάπην</em></strong></span> <span class='ocrx_word' id='word_1_28' title='bbox 1037 523 1144 576; x_wconf 87' lang='grc' dir='ltr'>τοῦ</span> <span class='ocrx_word' id='word_1_29' title='bbox 1167 525 1335 579; x_wconf 83' lang='grc' dir='ltr'>Θεοῦ.</span> <span class='ocrx_word' id='word_1_30' title='bbox 1369 524 1480 578; x_wconf 79' lang='grc' dir='ltr'><strong><em>Καὶ</em></strong></span> <span class='ocrx_word' id='word_1_31' title='bbox 1514 524 1675 588; x_wconf 82' lang='grc' dir='ltr'>αὐτὸς</span> <span class='ocrx_word' id='word_1_32' title='bbox 1695 524 1753 577; x_wconf 82' lang='grc' dir='ltr'>δὲ</span> 
     </span>
    </p>
   </div>
   <div class='ocr_carea' id='block_1_7' title="bbox 171 614 1755 688">
    <p class='ocr_par' dir='ltr' id='par_1_7' title="bbox 171 614 1755 688">
     <span class='ocr_line' id='line_1_7' title="bbox 171 614 1755 688; baseline 0 -19"><span class='ocrx_word' id='word_1_33' title='bbox 171 616 367 687; x_wconf 81' lang='grc' dir='ltr'>Σωτὴρ</span> <span class='ocrx_word' id='word_1_34' title='bbox 391 614 548 686; x_wconf 77' lang='grc' dir='ltr'>ἡμῶν</span> <span class='ocrx_word' id='word_1_35' title='bbox 590 614 814 668; x_wconf 86' lang='grc' dir='ltr'>πλεῖστα</span> <span class='ocrx_word' id='word_1_36' title='bbox 855 615 955 667; x_wconf 88' lang='grc' dir='ltr'><strong><em>ὃσα</em></strong></span> <span class='ocrx_word' id='word_1_37' title='bbox 992 615 1267 687; x_wconf 77' lang='grc' dir='ltr'><strong><em>μυστήρια</em></strong></span> <span class='ocrx_word' id='word_1_38' title='bbox 1299 618 1427 688; x_wconf 76' lang='grc' dir='ltr'>περὶ</span> <span class='ocrx_word' id='word_1_39' title='bbox 1463 616 1563 686; x_wconf 80' lang='grc' dir='ltr'>τῆς</span> <span class='ocrx_word' id='word_1_40' title='bbox 1595 616 1755 686; x_wconf 87' lang='grc' dir='ltr'>βασι-</span> 
     </span>
    </p>
   </div>
   <div class='ocr_carea' id='block_1_8' title="bbox 168 705 1756 779">
    <p class='ocr_par' dir='ltr' id='par_1_8' title="bbox 168 705 1756 779">
     <span class='ocr_line' id='line_1_8' title="bbox 168 705 1756 779; baseline 0 -18"><span class='ocrx_word' id='word_1_41' title='bbox 168 705 323 771; x_wconf 80' lang='grc' dir='ltr'>λείας</span> <span class='ocrx_word' id='word_1_42' title='bbox 342 709 449 761; x_wconf 83' lang='grc' dir='ltr'>τῶν</span> <span class='ocrx_word' id='word_1_43' title='bbox 476 706 750 779; x_wconf 81' lang='grc' dir='ltr'><strong><em>οὐρανῶν,</em></strong></span> <span class='ocrx_word' id='word_1_44' title='bbox 790 707 918 779; x_wconf 86' lang='grc' dir='ltr'>περί</span> <span class='ocrx_word' id='word_1_45' title='bbox 955 724 1015 761; x_wconf 86' lang='grc' dir='ltr'><strong><em>τε</em></strong></span> <span class='ocrx_word' id='word_1_46' title='bbox 1038 708 1138 778; x_wconf 78' lang='grc' dir='ltr'>τῆς</span> <span class='ocrx_word' id='word_1_47' title='bbox 1172 709 1481 773; x_wconf 75' lang='grc' dir='ltr'><strong><em>συντελείας</em></strong></span> <span class='ocrx_word' id='word_1_48' title='bbox 1501 709 1593 763; x_wconf 82' lang='grc' dir='ltr'>τοῦ</span> <span class='ocrx_word' id='word_1_49' title='bbox 1621 727 1756 764; x_wconf 89' lang='grc' dir='ltr'>παν-</span> 
     </span>
    </p>
   </div>
   <div class='ocr_carea' id='block_1_9' title="bbox 168 798 1755 872">
    <p class='ocr_par' dir='ltr' id='par_1_9' title="bbox 168 798 1755 872">
     <span class='ocr_line' id='line_1_9' title="bbox 168 798 1755 872; baseline 0.001 -20"><span class='ocrx_word' id='word_1_50' title='bbox 168 799 287 864; x_wconf 74' lang='grc' dir='ltr'>τδς,</span> <span class='ocrx_word' id='word_1_51' title='bbox 320 799 447 871; x_wconf 87' lang='grc' dir='ltr'><strong><em>περὶ</em></strong></span> <span class='ocrx_word' id='word_1_52' title='bbox 476 816 537 852; x_wconf 89' lang='grc' dir='ltr'><strong><em>τε</em></strong></span> <span class='ocrx_word' id='word_1_53' title='bbox 564 799 671 852; x_wconf 83' lang='grc' dir='ltr'><strong><em>τῶν</em></strong></span> <span class='ocrx_word' id='word_1_54' title='bbox 704 798 1066 868; x_wconf 80' lang='grc' dir='ltr'><strong><em>ἐπαγγελιῶν,</em></strong></span> <span class='ocrx_word' id='word_1_55' title='bbox 1108 800 1243 853; x_wconf 73' lang='grc' dir='ltr'>ποτὲ</span> <span class='ocrx_word' id='word_1_56' title='bbox 1273 800 1371 871; x_wconf 81' lang='grc' dir='ltr'>μὲν</span> <span class='ocrx_word' id='word_1_57' title='bbox 1396 800 1480 854; x_wconf 79' lang='grc' dir='ltr'><strong><em>διὰ</em></strong></span> <span class='ocrx_word' id='word_1_58' title='bbox 1510 799 1755 872; x_wconf 82' lang='grc' dir='ltr'>παραϐο-</span> 
     </span>
    </p>
   </div>
   <div class='ocr_carea' id='block_1_10' title="bbox 169 890 1751 963">
    <p class='ocr_par' dir='ltr' id='par_1_10' title="bbox 169 890 1751 963">
     <span class='ocr_line' id='line_1_10' title="bbox 169 890 1751 963; baseline 0.002 -20"><span class='ocrx_word' id='word_1_59' title='bbox 169 890 307 955; x_wconf 77' lang='grc' dir='ltr'>λῶν,</span> <span class='ocrx_word' id='word_1_60' title='bbox 343 890 475 943; x_wconf 81' lang='grc' dir='ltr'>ποτὲ</span> <span class='ocrx_word' id='word_1_61' title='bbox 504 890 562 944; x_wconf 86' lang='grc' dir='ltr'>δὲ</span> <span class='ocrx_word' id='word_1_62' title='bbox 592 890 686 945; x_wconf 73' lang='grc' dir='ltr'><strong><em>καὶ</em></strong></span> <span class='ocrx_word' id='word_1_63' title='bbox 722 892 780 943; x_wconf 82' lang='grc' dir='ltr'>ἐν</span> <span class='ocrx_word' id='word_1_64' title='bbox 814 892 1143 963; x_wconf 72' lang='grc' dir='ltr'>ἀπορρήτοις</span> <span class='ocrx_word' id='word_1_65' title='bbox 1170 891 1415 961; x_wconf 75' lang='grc' dir='ltr'><strong><em>ἐξέφαινε</em></strong></span> <span class='ocrx_word' id='word_1_66' title='bbox 1445 895 1555 956; x_wconf 70' lang='grc' dir='ltr'>τοῖς</span> <span class='ocrx_word' id='word_1_67' title='bbox 1586 891 1751 947; x_wconf 78' lang='grc' dir='ltr'>αὑτοῦ</span> 
     </span>
    </p>
   </div>
   <div class='ocr_carea' id='block_1_11' title="bbox 174 981 1754 1054">
    <p class='ocr_par' dir='ltr' id='par_1_11' title="bbox 174 981 1754 1054">
     <span class='ocr_line' id='line_1_11' title="bbox 174 981 1754 1054; baseline 0.001 -18"><span class='ocrx_word' id='word_1_68' title='bbox 174 981 469 1054; x_wconf 72' lang='grc' dir='ltr'><strong><em>μαθηταῖς,</em></strong></span> <span class='ocrx_word' id='word_1_69' title='bbox 506 982 644 1054; x_wconf 82' lang='grc' dir='ltr'>πρὸς</span> <span class='ocrx_word' id='word_1_70' title='bbox 681 981 775 1046; x_wconf 75' lang='grc' dir='ltr'>οὓς</span> <span class='ocrx_word' id='word_1_71' title='bbox 802 982 1004 1051; x_wconf 75' lang='grc' dir='ltr'>ἔλεγεν,</span> <span class='ocrx_word' id='word_1_72' title='bbox 1048 983 1217 1053; x_wconf 78' lang='grc' dir='ltr'>Ὑμῖν·</span> <span class='ocrx_word' id='word_1_73' title='bbox 1263 983 1498 1038; x_wconf 84' lang='grc' dir='ltr'>δέδοται</span> <span class='ocrx_word' id='word_1_74' title='bbox 1534 983 1754 1053; x_wconf 71' lang='grc' dir='ltr'>γνῶναι</span> 
     </span>
    </p>
   </div>
   <div class='ocr_carea' id='block_1_12' title="bbox 169 1068 1755 1150">
    <p class='ocr_par' dir='ltr' id='par_1_12' title="bbox 169 1068 1755 1150">
     <span class='ocr_line' id='line_1_12' title="bbox 169 1068 1755 1150; baseline 0.003 -25"><span class='ocrx_word' id='word_1_75' title='bbox 169 1071 250 1125; x_wconf 73' lang='grc' dir='ltr'>τὰ</span> <span class='ocrx_word' id='word_1_76' title='bbox 268 1073 573 1142; x_wconf 81' lang='grc' dir='ltr'><strong><em>μυστήρια</em></strong></span> <span class='ocrx_word' id='word_1_77' title='bbox 602 1074 709 1129; x_wconf 83' lang='grc' dir='ltr'>τοῦ</span> <span class='ocrx_word' id='word_1_78' title='bbox 745 1073 915 1141; x_wconf 84' lang='grc' dir='ltr'><strong><em>Θεοῦ,</em></strong></span> <span class='ocrx_word' id='word_1_79' title='bbox 950 1068 1024 1130; x_wconf 82' lang='grc' dir='ltr'>ὧν</span> <span class='ocrx_word' id='word_1_80' title='bbox 1050 1076 1151 1130; x_wconf 84' lang='grc' dir='ltr'>οὐκ</span> <span class='ocrx_word' id='word_1_81' title='bbox 1178 1076 1245 1132; x_wconf 71' lang='grc' dir='ltr'>ἄν</span> <span class='ocrx_word' id='word_1_82' title='bbox 1278 1075 1427 1150; x_wconf 78' lang='grc' dir='ltr'>εὖροι</span> <span class='ocrx_word' id='word_1_83' title='bbox 1449 1093 1533 1140; x_wconf 87' lang='grc' dir='ltr'><strong><em>τις</em></strong></span> <span class='ocrx_word' id='word_1_84' title='bbox 1566 1075 1637 1129; x_wconf 82' lang='grc' dir='ltr'>τὰ</span> <span class='ocrx_word' id='word_1_85' title='bbox 1658 1071 1755 1129; x_wconf 74' lang='grc' dir='ltr'>ἶσα</span> 
     </span>
    </p>
   </div>
   <div class='ocr_carea' id='block_1_13' title="bbox 170 1165 1762 1242">
    <p class='ocr_par' dir='ltr' id='par_1_13' title="bbox 170 1165 1762 1242">
     <span class='ocr_line' id='line_1_13' title="bbox 170 1165 1762 1242; baseline 0.003 -23"><span class='ocrx_word' id='word_1_86' title='bbox 170 1166 330 1238; x_wconf 85' lang='grc' dir='ltr'><strong><em>παρά</em></strong></span> <span class='ocrx_word' id='word_1_87' title='bbox 347 1167 553 1233; x_wconf 66' lang='lat' dir='ltr'><strong><em>Musei,</em></strong></span> <span class='ocrx_word' id='word_1_88' title='bbox 578 1167 612 1239; x_wconf 77' lang='grc' dir='ltr'><strong>ἢ</strong></span> <span class='ocrx_word' id='word_1_89' title='bbox 636 1168 787 1240; x_wconf 81' lang='grc' dir='ltr'>παρὰ</span> <span class='ocrx_word' id='word_1_90' title='bbox 805 1170 917 1231; x_wconf 82' lang='grc' dir='ltr'>τοῖς</span> <span class='ocrx_word' id='word_1_91' title='bbox 944 1168 1148 1233; x_wconf 84' lang='grc' dir='ltr'>λοιποῖς</span> <span class='ocrx_word' id='word_1_92' title='bbox 1182 1171 1505 1242; x_wconf 83' lang='grc' dir='ltr'><strong>προφήταις.</strong></span> <span class='ocrx_word' id='word_1_93' title='bbox 1542 1170 1607 1223; x_wconf 86' lang='grc' dir='ltr'>Τί</span> <span class='ocrx_word' id='word_1_94' title='bbox 1623 1165 1716 1224; x_wconf 82' lang='grc' dir='ltr'><strong><em>οὗν</em></strong></span> <span class='ocrx_word' id='word_1_95' title='bbox 1736 1185 1762 1235; x_wconf 66' lang='lat'><strong><em>;.</em></strong></span> 
     </span>
    </p>
   </div>
   <div class='ocr_carea' id='block_1_14' title="bbox 172 1258 1754 1332">
    <p class='ocr_par' dir='ltr' id='par_1_14' title="bbox 172 1258 1754 1332">
     <span class='ocr_line' id='line_1_14' title="bbox 172 1258 1754 1332; baseline 0.001 -20"><span class='ocrx_word' id='word_1_96' title='bbox 172 1259 299 1312; x_wconf 66' lang='grc' dir='ltr'>ἐπεὶ</span> <span class='ocrx_word' id='word_1_97' title='bbox 333 1259 406 1331; x_wconf 79' lang='grc' dir='ltr'>μὴ</span> <span class='ocrx_word' id='word_1_98' title='bbox 442 1259 521 1330; x_wconf 86' lang='grc' dir='ltr'><strong><em>τῷ</em></strong></span> <span class='ocrx_word' id='word_1_99' title='bbox 558 1258 823 1313; x_wconf 76' lang='grc' dir='ltr'><strong><em>Ἰουδαίων</em></strong></span> <span class='ocrx_word' id='word_1_100' title='bbox 852 1259 965 1331; x_wconf 87' lang='grc' dir='ltr'><strong><em>λαῷ</em></strong></span> <span class='ocrx_word' id='word_1_101' title='bbox 993 1260 1265 1332; x_wconf 83' lang='grc' dir='ltr'><strong><em>παρεδόθη</em></strong></span> <span class='ocrx_word' id='word_1_102' title='bbox 1291 1260 1485 1325; x_wconf 78' lang='grc' dir='ltr'>ταῦτα,</span> <span class='ocrx_word' id='word_1_103' title='bbox 1521 1263 1601 1325; x_wconf 79' lang='grc' dir='ltr'><strong><em>εἰς</em></strong></span> <span class='ocrx_word' id='word_1_104' title='bbox 1629 1263 1754 1314; x_wconf 77' lang='grc' dir='ltr'>ἐπι-</span> 
     </span>
    </p>
   </div>
   <div class='ocr_carea' id='block_1_15' title="bbox 168 1351 1751 1425">
    <p class='ocr_par' dir='ltr' id='par_1_15' title="bbox 168 1351 1751 1425">
     <span class='ocr_line' id='line_1_15' title="bbox 168 1351 1751 1425; baseline 0.003 -24"><span class='ocrx_word' id='word_1_105' title='bbox 168 1351 384 1420; x_wconf 84' lang='grc' dir='ltr'>τήδειον</span> <span class='ocrx_word' id='word_1_106' title='bbox 425 1351 619 1424; x_wconf 85' lang='grc' dir='ltr'>καιρὸν</span> <span class='ocrx_word' id='word_1_107' title='bbox 642 1351 1017 1423; x_wconf 81' lang='grc' dir='ltr'><strong><em>φυλαττόμενα</em></strong></span> <span class='ocrx_word' id='word_1_108' title='bbox 1048 1355 1114 1424; x_wconf 78' lang='grc' dir='ltr'>τῇ</span> <span class='ocrx_word' id='word_1_109' title='bbox 1162 1351 1458 1425; x_wconf 75' lang='grc' dir='ltr'>Ἐκκλησία</span> <span class='ocrx_word' id='word_1_110' title='bbox 1488 1351 1751 1425; x_wconf 75' lang='grc' dir='ltr'><strong><em>Χριστοῦ,</em></strong></span> 
     </span>
    </p>
   </div>
   <div class='ocr_carea' id='block_1_16' title="bbox 171 1441 1766 1516">
    <p class='ocr_par' dir='ltr' id='par_1_16' title="bbox 171 1441 1766 1516">
     <span class='ocr_line' id='line_1_16' title="bbox 171 1441 1766 1516; baseline 0.001 -20"><span class='ocrx_word' id='word_1_111' title='bbox 171 1441 329 1512; x_wconf 83' lang='grc' dir='ltr'><strong><em>παρά</em></strong></span> <span class='ocrx_word' id='word_1_112' title='bbox 361 1442 522 1496; x_wconf 79' lang='grc' dir='ltr'>τοῦτο</span> <span class='ocrx_word' id='word_1_113' title='bbox 573 1444 709 1515; x_wconf 84' lang='grc' dir='ltr'>χρῆν</span> <span class='ocrx_word' id='word_1_114' title='bbox 745 1443 889 1514; x_wconf 76' lang='grc' dir='ltr'>ὑμᾶς</span> <span class='ocrx_word' id='word_1_115' title='bbox 922 1444 1020 1515; x_wconf 85' lang='grc' dir='ltr'><strong><em>τὴν</em></strong></span> <span class='ocrx_word' id='word_1_116' title='bbox 1057 1444 1398 1516; x_wconf 86' lang='grc' dir='ltr'>δωρηθείσαν</span> <span class='ocrx_word' id='word_1_117' title='bbox 1431 1445 1560 1516; x_wconf 83' lang='grc' dir='ltr'>ἡμῖν</span> <span class='ocrx_word' id='word_1_118' title='bbox 1595 1443 1766 1516; x_wconf 83' lang='grc' dir='ltr'><strong><em>χάριν·</em></strong></span> 
     </span>
    </p>
   </div>
   <div class='ocr_carea' id='block_1_17' title="bbox 168 1532 1761 1606">
    <p class='ocr_par' dir='ltr' id='par_1_17' title="bbox 168 1532 1761 1606">
     <span class='ocr_line' id='line_1_17' title="bbox 168 1532 1761 1606; baseline 0.002 -21"><span class='ocrx_word' id='word_1_119' title='bbox 168 1533 413 1599; x_wconf 79' lang='grc' dir='ltr'>ἀθετείν;</span> <span class='ocrx_word' id='word_1_120' title='bbox 462 1532 501 1604; x_wconf 76' lang='grc' dir='ltr'>ἢ</span> <span class='ocrx_word' id='word_1_121' title='bbox 540 1532 799 1602; x_wconf 78' lang='grc' dir='ltr'><strong><em>μειζόνως</em></strong></span> <span class='ocrx_word' id='word_1_122' title='bbox 835 1534 1175 1606; x_wconf 73' lang='grc' dir='ltr'><strong><em>εὐχαριστεῖν</em></strong></span> <span class='ocrx_word' id='word_1_123' title='bbox 1229 1533 1308 1604; x_wconf 87' lang='grc' dir='ltr'><strong><em>τῷ</em></strong></span> <span class='ocrx_word' id='word_1_124' title='bbox 1340 1534 1443 1605; x_wconf 82' lang='grc' dir='ltr'>τῆς</span> <span class='ocrx_word' id='word_1_125' title='bbox 1486 1534 1761 1605; x_wconf 83' lang='grc' dir='ltr'><strong><em>τοσαύτης</em></strong></span> 
     </span>
    </p>
   </div>
   <div class='ocr_carea' id='block_1_18' title="bbox 1853 522 3429 593">
    <p class='ocr_par' dir='ltr' id='par_1_18' title="bbox 1853 522 3429 593">
     <span class='ocr_line' id='line_1_18' title="bbox 1853 522 3429 593; baseline 0.003 -16"><span class='ocrx_word' id='word_1_126' title='bbox 1853 523 2085 577; x_wconf 78' lang='lat' dir='ltr'><strong><em>altitudo</em></strong></span> <span class='ocrx_word' id='word_1_127' title='bbox 2106 562 2122 588; x_wconf 94' lang='lat'><strong><em>,</em></strong></span> <span class='ocrx_word' id='word_1_128' title='bbox 2153 533 2201 577; x_wconf 89' lang='lat' dir='ltr'><strong><em>et</em></strong></span> <span class='ocrx_word' id='word_1_129' title='bbox 2225 538 2537 593; x_wconf 83' lang='lat' dir='ltr'><strong><em>cognoscere</em></strong></span> <span class='ocrx_word' id='word_1_130' title='bbox 2560 522 2890 577; x_wconf 71' lang='lat' dir='ltr'><strong><em>excedentem</em></strong></span> <span class='ocrx_word' id='word_1_131' title='bbox 2918 525 3068 579; x_wconf 81' lang='lat' dir='ltr'><strong><em>illam</em></strong></span> <span class='ocrx_word' id='word_1_132' title='bbox 3098 527 3429 582; x_wconf 80' lang='lat' dir='ltr'><strong><em>dilectionem</em></strong></span> 
     </span>
    </p>
   </div>
   <div class='ocr_carea' id='block_1_19' title="bbox 1855 612 3433 683">
    <p class='ocr_par' dir='ltr' id='par_1_19' title="bbox 1855 612 3433 683">
     <span class='ocr_line' id='line_1_19' title="bbox 1855 612 3433 683; baseline 0.004 -18"><span class='ocrx_word' id='word_1_133' title='bbox 1855 613 2164 683; x_wconf 75' lang='lat' dir='ltr'><strong><em>cognitionis</em></strong></span> <span class='ocrx_word' id='word_1_134' title='bbox 2192 612 2290 666; x_wconf 85' lang='lat' dir='ltr'><strong><em>Dei</em></strong></span> <span class='ocrx_word' id='word_1_135' title='bbox 2316 613 2383 664; x_wconf 67' lang='grc' dir='ltr'>δι.</span> <span class='ocrx_word' id='word_1_136' title='bbox 2413 612 2521 667; x_wconf 88' lang='lat' dir='ltr'><strong><em>Sed</em></strong></span> <span class='ocrx_word' id='word_1_137' title='bbox 2573 621 2628 668; x_wconf 87' lang='lat' dir='ltr'><strong><em>et</em></strong></span> <span class='ocrx_word' id='word_1_138' title='bbox 2680 612 2908 681; x_wconf 89' lang='lat' dir='ltr'><strong><em>ipsemet</em></strong></span> <span class='ocrx_word' id='word_1_139' title='bbox 2951 613 3215 670; x_wconf 86' lang='lat' dir='ltr'><strong><em>Servator</em></strong></span> <span class='ocrx_word' id='word_1_140' title='bbox 3248 626 3433 673; x_wconf 78' lang='lat' dir='ltr'><strong><em>noster</em></strong></span> 
     </span>
    </p>
   </div>
   <div class='ocr_carea' id='block_1_20' title="bbox 1852 703 3440 778">
    <p class='ocr_par' dir='ltr' id='par_1_20' title="bbox 1852 703 3440 778">
     <span class='ocr_line' id='line_1_20' title="bbox 1852 703 3440 778; baseline 0.004 -21"><span class='ocrx_word' id='word_1_141' title='bbox 1852 704 2006 774; x_wconf 89' lang='lat' dir='ltr'><strong><em>plura</em></strong></span> <span class='ocrx_word' id='word_1_142' title='bbox 2054 703 2309 774; x_wconf 81' lang='lat' dir='ltr'><strong><em>mysteria</em></strong></span> <span class='ocrx_word' id='word_1_143' title='bbox 2342 703 2411 759; x_wconf 89' lang='lat' dir='ltr'><strong><em>de</em></strong></span> <span class='ocrx_word' id='word_1_144' title='bbox 2440 720 2607 778; x_wconf 86' lang='lat' dir='ltr'><strong><em>regno</em></strong></span> <span class='ocrx_word' id='word_1_145' title='bbox 2649 708 2909 764; x_wconf 63' lang='lat' dir='ltr'><strong><em>caelorum</em></strong></span> <span class='ocrx_word' id='word_1_146' title='bbox 2940 752 2957 777; x_wconf 88' lang='lat'><strong><em>,</em></strong></span> <span class='ocrx_word' id='word_1_147' title='bbox 2988 710 3056 766; x_wconf 88' lang='lat' dir='ltr'><strong><em>de</em></strong></span> <span class='ocrx_word' id='word_1_148' title='bbox 3086 723 3440 764; x_wconf 76' lang='lat' dir='ltr'><strong><em>consumma-</em></strong></span> 
     </span>
    </p>
   </div>
   <div class='ocr_carea' id='block_1_21' title="bbox 1856 795 3433 874">
    <p class='ocr_par' dir='ltr' id='par_1_21' title="bbox 1856 795 3433 874">
     <span class='ocr_line' id='line_1_21' title="bbox 1856 795 3433 874; baseline 0.006 -23"><span class='ocrx_word' id='word_1_149' title='bbox 1856 797 2003 852; x_wconf 91' lang='lat' dir='ltr'><strong><em>tione</em></strong></span> <span class='ocrx_word' id='word_1_150' title='bbox 2030 795 2250 864; x_wconf 89' lang='lat' dir='ltr'><strong><em>mundi,</em></strong></span> <span class='ocrx_word' id='word_1_151' title='bbox 2282 800 2348 855; x_wconf 88' lang='lat' dir='ltr'><strong><em>de</em></strong></span> <span class='ocrx_word' id='word_1_152' title='bbox 2374 800 2829 870; x_wconf 86' lang='lat' dir='ltr'><strong><em>promissionibus</em></strong></span> <span class='ocrx_word' id='word_1_153' title='bbox 2854 843 2874 869; x_wconf 84' lang='lat'><strong><em>,</em></strong></span> <span class='ocrx_word' id='word_1_154' title='bbox 2898 819 3042 859; x_wconf 91' lang='lat' dir='ltr'><strong><em>nunc</em></strong></span> <span class='ocrx_word' id='word_1_155' title='bbox 3075 818 3173 874; x_wconf 86' lang='lat' dir='ltr'><strong><em>per</em></strong></span> <span class='ocrx_word' id='word_1_156' title='bbox 3198 803 3433 874; x_wconf 87' lang='lat' dir='ltr'><strong><em>parabo-</em></strong></span> 
     </span>
    </p>
   </div>
   <div class='ocr_carea' id='block_1_22' title="bbox 1855 889 3430 965">
    <p class='ocr_par' dir='ltr' id='par_1_22' title="bbox 1855 889 3430 965">
     <span class='ocr_line' id='line_1_22' title="bbox 1855 889 3430 965; baseline 0.004 -23"><span class='ocrx_word' id='word_1_157' title='bbox 1855 889 1955 952; x_wconf 85' lang='lat' dir='ltr'><strong><em>las,</em></strong></span> <span class='ocrx_word' id='word_1_158' title='bbox 1987 904 2129 945; x_wconf 90' lang='lat' dir='ltr'><strong><em>nunc</em></strong></span> <span class='ocrx_word' id='word_1_159' title='bbox 2156 890 2390 947; x_wconf 86' lang='lat' dir='ltr'><strong><em>latenter</em></strong></span> <span class='ocrx_word' id='word_1_160' title='bbox 2429 901 2486 947; x_wconf 92' lang='lat' dir='ltr'><strong><em>et</em></strong></span> <span class='ocrx_word' id='word_1_161' title='bbox 2525 895 2739 950; x_wconf 86' lang='lat' dir='ltr'><strong><em>occulte</em></strong></span> <span class='ocrx_word' id='word_1_162' title='bbox 2778 897 2993 963; x_wconf 78' lang='lat' dir='ltr'><strong><em>extulit,</em></strong></span> <span class='ocrx_word' id='word_1_163' title='bbox 3055 904 3111 952; x_wconf 93' lang='lat' dir='ltr'><strong><em>et</em></strong></span> <span class='ocrx_word' id='word_1_164' title='bbox 3148 895 3430 965; x_wconf 83' lang='lat' dir='ltr'><strong><em>discipulis</em></strong></span> 
     </span>
    </p>
   </div>
   <div class='ocr_carea' id='block_1_23' title="bbox 1855 981 3431 1057">
    <p class='ocr_par' dir='ltr' id='par_1_23' title="bbox 1855 981 3431 1057">
     <span class='ocr_line' id='line_1_23' title="bbox 1855 981 3431 1057; baseline 0.001 -21"><span class='ocrx_word' id='word_1_165' title='bbox 1855 981 2142 1049; x_wconf 85' lang='lat' dir='ltr'><strong><em>intimavit,</em></strong></span> <span class='ocrx_word' id='word_1_166' title='bbox 2175 982 2426 1053; x_wconf 77' lang='lat' dir='ltr'><strong><em>inquiens</em></strong></span> <span class='ocrx_word' id='word_1_167' title='bbox 2452 1002 2468 1039; x_wconf 86' lang='lat'><strong>:</strong></span> <span class='ocrx_word' id='word_1_168' title='bbox 2505 984 2658 1039; x_wconf 77' lang='lat' dir='ltr'><strong><em>Vobis</em></strong></span> <span class='ocrx_word' id='word_1_169' title='bbox 2690 987 2869 1043; x_wconf 77' lang='lat' dir='ltr'><strong><em>datum</em></strong></span> <span class='ocrx_word' id='word_1_170' title='bbox 2898 998 2971 1043; x_wconf 74' lang='lat' dir='ltr'><strong><em>est</em></strong></span> <span class='ocrx_word' id='word_1_171' title='bbox 3007 1003 3157 1042; x_wconf 77' lang='lat' dir='ltr'><strong><em>nosse</em></strong></span> <span class='ocrx_word' id='word_1_172' title='bbox 3186 988 3431 1057; x_wconf 78' lang='lat' dir='ltr'><strong><em>mysteria</em></strong></span> 
     </span>
    </p>
   </div>
   <div class='ocr_carea' id='block_1_24' title="bbox 1855 1073 3432 1151">
    <p class='ocr_par' dir='ltr' id='par_1_24' title="bbox 1855 1073 3432 1151">
     <span class='ocr_line' id='line_1_24' title="bbox 1855 1073 3432 1151; baseline 0.004 -23"><span class='ocrx_word' id='word_1_173' title='bbox 1855 1073 1955 1128; x_wconf 90' lang='lat' dir='ltr'><strong><em>Dei</em></strong></span> <span class='ocrx_word' id='word_1_174' title='bbox 1995 1073 2079 1141; x_wconf 63' lang='grc' dir='ltr'>δ”,</span> <span class='ocrx_word' id='word_1_175' title='bbox 2114 1075 2312 1147; x_wconf 87' lang='lat' dir='ltr'><strong><em>quibus</em></strong></span> <span class='ocrx_word' id='word_1_176' title='bbox 2362 1079 2614 1148; x_wconf 86' lang='lat' dir='ltr'><strong><em>supparia</em></strong></span> <span class='ocrx_word' id='word_1_177' title='bbox 2663 1096 2770 1135; x_wconf 88' lang='lat' dir='ltr'><strong><em>non</em></strong></span> <span class='ocrx_word' id='word_1_178' title='bbox 2832 1080 3071 1135; x_wconf 81' lang='lat' dir='ltr'><strong><em>inveniet</em></strong></span> <span class='ocrx_word' id='word_1_179' title='bbox 3118 1081 3239 1151; x_wconf 83' lang='lat' dir='ltr'><strong><em>quis</em></strong></span> <span class='ocrx_word' id='word_1_180' title='bbox 3289 1080 3432 1148; x_wconf 82' lang='lat' dir='ltr'><strong><em>apud</em></strong></span> 
     </span>
    </p>
   </div>
   <div class='ocr_carea' id='block_1_25' title="bbox 1856 1164 3431 1242">
    <p class='ocr_par' dir='ltr' id='par_1_25' title="bbox 1856 1164 3431 1242">
     <span class='ocr_line' id='line_1_25' title="bbox 1856 1164 3431 1242; baseline 0.001 -22"><span class='ocrx_word' id='word_1_181' title='bbox 1856 1164 2060 1222; x_wconf 79' lang='lat' dir='ltr'><strong><em>Mosem</em></strong></span> <span class='ocrx_word' id='word_1_182' title='bbox 2087 1206 2102 1233; x_wconf 94' lang='lat'><strong><em>,</em></strong></span> <span class='ocrx_word' id='word_1_183' title='bbox 2144 1174 2238 1222; x_wconf 86' lang='lat' dir='ltr'><strong><em>aut</em></strong></span> <span class='ocrx_word' id='word_1_184' title='bbox 2270 1168 2509 1239; x_wconf 88' lang='lat' dir='ltr'><strong><em>reliquos</em></strong></span> <span class='ocrx_word' id='word_1_185' title='bbox 2557 1173 2871 1242; x_wconf 81' lang='lat' dir='ltr'><strong><em>prophetas.</em></strong></span> <span class='ocrx_word' id='word_1_186' title='bbox 2902 1172 3045 1239; x_wconf 84' lang='lat' dir='ltr'><strong><em>Quid</em></strong></span> <span class='ocrx_word' id='word_1_187' title='bbox 3075 1171 3251 1242; x_wconf 82' lang='lat' dir='ltr'><strong><em>ergo?</em></strong></span> <span class='ocrx_word' id='word_1_188' title='bbox 3295 1170 3431 1226; x_wconf 85' lang='lat' dir='ltr'><strong><em>Cum</em></strong></span> 
     </span>
    </p>
   </div>
   <div class='ocr_carea' id='block_1_26' title="bbox 1855 1261 3434 1334">
    <p class='ocr_par' dir='ltr' id='par_1_26' title="bbox 1855 1261 3434 1334">
     <span class='ocr_line' id='line_1_26' title="bbox 1855 1261 3434 1334; baseline 0.001 -21"><span class='ocrx_word' id='word_1_189' title='bbox 1855 1273 1962 1314; x_wconf 91' lang='lat' dir='ltr'><strong><em>uon</em></strong></span> <span class='ocrx_word' id='word_1_190' title='bbox 1991 1273 2317 1317; x_wconf 87' lang='lat' dir='ltr'><strong><em>concessum</em></strong></span> <span class='ocrx_word' id='word_1_191' title='bbox 2354 1261 2516 1318; x_wconf 81' lang='lat' dir='ltr'><strong><em>fuerit</em></strong></span> <span class='ocrx_word' id='word_1_192' title='bbox 2542 1261 2855 1318; x_wconf 62' lang='lat' dir='ltr'><strong><em>Iudaeorum</em></strong></span> <span class='ocrx_word' id='word_1_193' title='bbox 2897 1263 3096 1334; x_wconf 89' lang='lat' dir='ltr'><strong><em>populo</em></strong></span> <span class='ocrx_word' id='word_1_194' title='bbox 3126 1263 3229 1318; x_wconf 81' lang='lat' dir='ltr'><strong><em>ista</em></strong></span> <span class='ocrx_word' id='word_1_195' title='bbox 3253 1262 3434 1332; x_wconf 83' lang='lat' dir='ltr'><strong><em>perci-</em></strong></span> 
     </span>
    </p>
   </div>
   <div class='ocr_carea' id='block_1_27' title="bbox 1853 1351 3431 1426">
    <p class='ocr_par' dir='ltr' id='par_1_27' title="bbox 1853 1351 3431 1426">
     <span class='ocr_line' id='line_1_27' title="bbox 1853 1351 3431 1426; baseline 0.003 -22"><span class='ocrx_word' id='word_1_196' title='bbox 1853 1364 2027 1420; x_wconf 81' lang='lat' dir='ltr'><strong><em>pere,</em></strong></span> <span class='ocrx_word' id='word_1_197' title='bbox 2079 1351 2173 1405; x_wconf 83' lang='lat' dir='ltr'><strong><em>sed</em></strong></span> <span class='ocrx_word' id='word_1_198' title='bbox 2223 1352 2278 1406; x_wconf 92' lang='lat' dir='ltr'><strong><em>in</em></strong></span> <span class='ocrx_word' id='word_1_199' title='bbox 2330 1362 2540 1423; x_wconf 81' lang='lat' dir='ltr'><strong><em>tempus</em></strong></span> <span class='ocrx_word' id='word_1_200' title='bbox 2589 1366 2954 1426; x_wconf 85' lang='lat' dir='ltr'><strong><em>opportunum</em></strong></span> <span class='ocrx_word' id='word_1_201' title='bbox 3009 1354 3431 1411; x_wconf 80' lang='lat' dir='ltr'><strong><em>reservabantur</em></strong></span> 
     </span>
    </p>
   </div>
   <div class='ocr_carea' id='block_1_28' title="bbox 1854 1441 3433 1517">
    <p class='ocr_par' dir='ltr' id='par_1_28' title="bbox 1854 1441 3433 1517">
     <span class='ocr_line' id='line_1_28' title="bbox 1854 1441 3433 1517; baseline 0.001 -20"><span class='ocrx_word' id='word_1_202' title='bbox 1854 1441 2057 1497; x_wconf 82' lang='lat' dir='ltr'><strong><em>Christi</em></strong></span> <span class='ocrx_word' id='word_1_203' title='bbox 2102 1442 2361 1499; x_wconf 67' lang='lat' dir='ltr'><strong><em>Ecclesiae</em></strong></span> <span class='ocrx_word' id='word_1_204' title='bbox 2405 1446 2776 1516; x_wconf 80' lang='lat' dir='ltr'><strong><em>patefacienda</em></strong></span> <span class='ocrx_word' id='word_1_205' title='bbox 2815 1464 2830 1514; x_wconf 91' lang='lat'><strong>;</strong></span> <span class='ocrx_word' id='word_1_206' title='bbox 2886 1447 3010 1502; x_wconf 90' lang='lat' dir='ltr'><strong><em>ideo</em></strong></span> <span class='ocrx_word' id='word_1_207' title='bbox 3059 1460 3162 1503; x_wconf 90' lang='lat' dir='ltr'><strong><em>nos</em></strong></span> <span class='ocrx_word' id='word_1_208' title='bbox 3214 1453 3433 1517; x_wconf 85' lang='lat' dir='ltr'><strong><em>oportet</em></strong></span> 
     </span>
    </p>
   </div>
   <div class='ocr_carea' id='block_1_29' title="bbox 1855 1536 3433 1610">
    <p class='ocr_par' dir='ltr' id='par_1_29' title="bbox 1855 1536 3433 1610">
     <span class='ocr_line' id='line_1_29' title="bbox 1855 1536 3433 1610; baseline 0.001 -23"><span class='ocrx_word' id='word_1_209' title='bbox 1855 1547 2171 1589; x_wconf 88' lang='lat' dir='ltr'><strong><em>concessam</em></strong></span> <span class='ocrx_word' id='word_1_210' title='bbox 2204 1536 2360 1591; x_wconf 86' lang='lat' dir='ltr'><strong><em>nobis</em></strong></span> <span class='ocrx_word' id='word_1_211' title='bbox 2395 1537 2624 1606; x_wconf 79' lang='lat' dir='ltr'><strong><em>gratiam</em></strong></span> <span class='ocrx_word' id='word_1_212' title='bbox 2665 1538 2978 1610; x_wconf 78' lang='lat' dir='ltr'><strong><em>negligere?</em></strong></span> <span class='ocrx_word' id='word_1_213' title='bbox 3009 1536 3123 1592; x_wconf 90' lang='lat' dir='ltr'><strong><em>lmo</em></strong></span> <span class='ocrx_word' id='word_1_214' title='bbox 3150 1552 3281 1592; x_wconf 89' lang='lat' dir='ltr'><strong><em>vero</em></strong></span> <span class='ocrx_word' id='word_1_215' title='bbox 3317 1552 3433 1590; x_wconf 84' lang='lat' dir='ltr'><strong><em>ma-</em></strong></span> 
     </span>
    </p>
   </div>
   <div class='ocr_carea' id='block_1_30' title="bbox 170 1622 1749 1700">
    <p class='ocr_par' dir='ltr' id='par_1_30' title="bbox 170 1624 1749 1700">
     <span class='ocr_line' id='line_1_30' title="bbox 170 1624 1749 1700; baseline -0.001 -17"><span class='ocrx_word' id='word_1_216' title='bbox 170 1630 325 1700; x_wconf 78' lang='grc' dir='ltr'>ἡμᾶς</span> <span class='ocrx_word' id='word_1_217' title='bbox 340 1626 738 1690; x_wconf 80' lang='grc' dir='ltr'>καταξιώσαντι</span> <span class='ocrx_word' id='word_1_218' title='bbox 764 1624 1016 1695; x_wconf 82' lang='grc' dir='ltr'>γνώσεως</span> <span class='ocrx_word' id='word_1_219' title='bbox 1042 1626 1148 1698; x_wconf 86' lang='grc'><strong><em>(6);</em></strong></span> <span class='ocrx_word' id='word_1_220' title='bbox 1180 1626 1337 1681; x_wconf 87' lang='grc' dir='ltr'><strong>Κατὰ</strong></span> <span class='ocrx_word' id='word_1_221' title='bbox 1366 1624 1457 1680; x_wconf 72' lang='grc' dir='ltr'>τὸν</span> <span class='ocrx_word' id='word_1_222' title='bbox 1481 1627 1642 1681; x_wconf 80' lang='grc' dir='ltr'>αὐτὸν</span> <span class='ocrx_word' id='word_1_223' title='bbox 1662 1624 1749 1681; x_wconf 81' lang='grc' dir='ltr'>οὖν</span> 
     </span>
    </p>
   </div>
   <div class='ocr_carea' id='block_1_31' title="bbox 1853 1622 3431 1700">
    <p class='ocr_par' dir='ltr' id='par_1_31' title="bbox 1853 1622 3431 1700">
     <span class='ocr_line' id='line_1_31' title="bbox 1853 1622 3431 1700; baseline 0.003 -22"><span class='ocrx_word' id='word_1_224' title='bbox 1853 1622 2022 1692; x_wconf 83' lang='lat' dir='ltr'><strong><em>iorem</em></strong></span> <span class='ocrx_word' id='word_1_225' title='bbox 2057 1625 2109 1679; x_wconf 88' lang='lat' dir='ltr'><strong><em>in</em></strong></span> <span class='ocrx_word' id='word_1_226' title='bbox 2141 1626 2357 1680; x_wconf 91' lang='lat' dir='ltr'><strong><em>modum</em></strong></span> <span class='ocrx_word' id='word_1_227' title='bbox 2389 1628 2594 1696; x_wconf 75' lang='lat' dir='ltr'><strong><em>gratias</em></strong></span> <span class='ocrx_word' id='word_1_228' title='bbox 2623 1627 2697 1683; x_wconf 79' lang='lat' dir='ltr'><strong><em>illi</em></strong></span> <span class='ocrx_word' id='word_1_229' title='bbox 2747 1629 3056 1685; x_wconf 86' lang='lat' dir='ltr'><strong><em>retribuere</em></strong></span> <span class='ocrx_word' id='word_1_230' title='bbox 3080 1669 3096 1694; x_wconf 92' lang='lat'><strong><em>,</em></strong></span> <span class='ocrx_word' id='word_1_231' title='bbox 3146 1629 3239 1700; x_wconf 86' lang='lat' dir='ltr'><strong><em>qui</em></strong></span> <span class='ocrx_word' id='word_1_232' title='bbox 3275 1627 3431 1684; x_wconf 88' lang='lat' dir='ltr'><strong><em>nobis</em></strong></span> 
     </span>
    </p>
   </div>
   <div class='ocr_carea' id='block_1_32' title="bbox 168 1717 1758 1792">
    <p class='ocr_par' dir='ltr' id='par_1_32' title="bbox 168 1717 1758 1792">
     <span class='ocr_line' id='line_1_32' title="bbox 168 1717 1758 1792; baseline 0.004 -24"><span class='ocrx_word' id='word_1_233' title='bbox 168 1722 373 1792; x_wconf 74' lang='grc' dir='ltr'>τρόπον</span> <span class='ocrx_word' id='word_1_234' title='bbox 412 1719 508 1773; x_wconf 77' lang='grc' dir='ltr'><strong><em>καὶ</em></strong></span> <span class='ocrx_word' id='word_1_235' title='bbox 556 1717 654 1782; x_wconf 79' lang='grc' dir='ltr'><strong><em>τὰς</em></strong></span> <span class='ocrx_word' id='word_1_236' title='bbox 696 1718 826 1790; x_wconf 75' lang='grc' dir='ltr'>περὶ</span> <span class='ocrx_word' id='word_1_237' title='bbox 870 1717 967 1773; x_wconf 80' lang='grc' dir='ltr'><strong><em>τοῦ</em></strong></span> <span class='ocrx_word' id='word_1_238' title='bbox 1002 1720 1133 1773; x_wconf 84' lang='grc' dir='ltr'>Υἱοῦ</span> <span class='ocrx_word' id='word_1_239' title='bbox 1160 1719 1526 1788; x_wconf 80' lang='grc' dir='ltr'><strong><em>διδασκαλίας,</em></strong></span> <span class='ocrx_word' id='word_1_240' title='bbox 1558 1721 1623 1774; x_wconf 80' lang='grc' dir='ltr'>ὲκ</span> <span class='ocrx_word' id='word_1_241' title='bbox 1655 1720 1758 1791; x_wconf 82' lang='grc' dir='ltr'>τῆς</span> 
     </span>
    </p>
   </div>
   <div class='ocr_carea' id='block_1_33' title="bbox 1855 1714 3442 1787">
    <p class='ocr_par' dir='ltr' id='par_1_33' title="bbox 1855 1714 3442 1787">
     <span class='ocr_line' id='line_1_33' title="bbox 1855 1714 3442 1787; baseline 0.002 -17"><span class='ocrx_word' id='word_1_242' title='bbox 1855 1714 1997 1771; x_wconf 77' lang='lat' dir='ltr'><strong><em>hanc</em></strong></span> <span class='ocrx_word' id='word_1_243' title='bbox 2044 1725 2248 1771; x_wconf 84' lang='lat' dir='ltr'><strong><em>tantam</em></strong></span> <span class='ocrx_word' id='word_1_244' title='bbox 2300 1717 2586 1774; x_wconf 88' lang='lat' dir='ltr'><strong><em>scientiam</em></strong></span> <span class='ocrx_word' id='word_1_245' title='bbox 2621 1719 2939 1785; x_wconf 83' lang='lat' dir='ltr'><strong><em>impertivit.</em></strong></span> <span class='ocrx_word' id='word_1_246' title='bbox 2974 1720 3056 1775; x_wconf 86' lang='lat' dir='ltr'><strong><em>Ad</em></strong></span> <span class='ocrx_word' id='word_1_247' title='bbox 3107 1721 3266 1775; x_wconf 90' lang='lat' dir='ltr'><strong><em>istum</em></strong></span> <span class='ocrx_word' id='word_1_248' title='bbox 3299 1734 3442 1787; x_wconf 80' lang='lat' dir='ltr'><strong><em>ergo</em></strong></span> 
     </span>
    </p>
   </div>
   <div class='ocr_carea' id='block_1_34' title="bbox 170 1808 1749 1884">
    <p class='ocr_par' dir='ltr' id='par_1_34' title="bbox 170 1811 1747 1884">
     <span class='ocr_line' id='line_1_34' title="bbox 170 1811 1747 1884; baseline -0.001 -17"><span class='ocrx_word' id='word_1_249' title='bbox 170 1813 341 1869; x_wconf 76' lang='grc' dir='ltr'>αὐτοῦ</span> <span class='ocrx_word' id='word_1_250' title='bbox 373 1812 583 1884; x_wconf 83' lang='grc' dir='ltr'><strong><em>Καινῆς</em></strong></span> <span class='ocrx_word' id='word_1_251' title='bbox 607 1811 883 1883; x_wconf 86' lang='grc' dir='ltr'>Διαθήκης</span> <span class='ocrx_word' id='word_1_252' title='bbox 913 1813 1181 1883; x_wconf 84' lang='grc' dir='ltr'>προσήκοι</span> <span class='ocrx_word' id='word_1_253' title='bbox 1210 1811 1275 1867; x_wconf 81' lang='grc' dir='ltr'>ἂν</span> <span class='ocrx_word' id='word_1_254' title='bbox 1320 1811 1747 1883; x_wconf 77' lang='grc' dir='ltr'>ἀπολαμϐάνειν,</span> 
     </span>
    </p>
   </div>
   <div class='ocr_carea' id='block_1_35' title="bbox 1853 1808 3439 1884">
    <p class='ocr_par' dir='ltr' id='par_1_35' title="bbox 1853 1808 3439 1879">
     <span class='ocr_line' id='line_1_35' title="bbox 1853 1808 3439 1879; baseline 0.002 -18"><span class='ocrx_word' id='word_1_255' title='bbox 1853 1808 2097 1876; x_wconf 89' lang='lat' dir='ltr'><strong><em>modum,</em></strong></span> <span class='ocrx_word' id='word_1_256' title='bbox 2133 1824 2253 1879; x_wconf 58' lang='lat' dir='ltr'><strong><em>qua;</em></strong></span> <span class='ocrx_word' id='word_1_257' title='bbox 2272 1818 2398 1865; x_wconf 88' lang='lat' dir='ltr'><strong><em>sunt</em></strong></span> <span class='ocrx_word' id='word_1_258' title='bbox 2421 1809 2489 1866; x_wconf 89' lang='lat' dir='ltr'><strong><em>de</em></strong></span> <span class='ocrx_word' id='word_1_259' title='bbox 2525 1811 2617 1866; x_wconf 85' lang='lat' dir='ltr'><strong><em>Dei</em></strong></span> <span class='ocrx_word' id='word_1_260' title='bbox 2653 1811 2766 1866; x_wconf 73' lang='lat' dir='ltr'><strong><em>ﬁlio</em></strong></span> <span class='ocrx_word' id='word_1_261' title='bbox 2798 1812 2852 1866; x_wconf 89' lang='lat' dir='ltr'><strong><em>in</em></strong></span> <span class='ocrx_word' id='word_1_262' title='bbox 2886 1811 3042 1867; x_wconf 85' lang='lat' dir='ltr'><strong><em>Novo</em></strong></span> <span class='ocrx_word' id='word_1_263' title='bbox 3080 1810 3439 1866; x_wconf 83' lang='lat' dir='ltr'><strong><em>Testamento</em></strong></span> 
     </span>
    </p>
   </div>
   <div class='ocr_carea' id='block_1_36' title="bbox 168 1902 1757 1975">
    <p class='ocr_par' dir='ltr' id='par_1_36' title="bbox 168 1902 1757 1975">
     <span class='ocr_line' id='line_1_36' title="bbox 168 1902 1757 1975; baseline -0.002 -16"><span class='ocrx_word' id='word_1_264' title='bbox 168 1906 326 1959; x_wconf 79' lang='grc' dir='ltr'>οὐδὲν</span> <span class='ocrx_word' id='word_1_265' title='bbox 362 1904 752 1975; x_wconf 79' lang='grc' dir='ltr'>ξενιζόμενους,</span> <span class='ocrx_word' id='word_1_266' title='bbox 781 1904 829 1955; x_wconf 86' lang='grc' dir='ltr'><strong><em>εἱ</em></strong></span> <span class='ocrx_word' id='word_1_267' title='bbox 856 1904 929 1974; x_wconf 83' lang='grc' dir='ltr'>μὴ</span> <span class='ocrx_word' id='word_1_268' title='bbox 958 1902 1036 1974; x_wconf 88' lang='grc' dir='ltr'><strong><em>τῷ</em></strong></span> <span class='ocrx_word' id='word_1_269' title='bbox 1071 1904 1481 1975; x_wconf 84' lang='grc' dir='ltr'>σκληροκαρδίῳ</span> <span class='ocrx_word' id='word_1_270' title='bbox 1521 1903 1632 1974; x_wconf 87' lang='grc' dir='ltr'><strong><em>λαῷ</em></strong></span> <span class='ocrx_word' id='word_1_271' title='bbox 1654 1904 1757 1975; x_wconf 80' lang='grc' dir='ltr'>τὴν</span> 
     </span>
    </p>
   </div>
   <div class='ocr_carea' id='block_1_37' title="bbox 170 1994 1757 2069">
    <p class='ocr_par' dir='ltr' id='par_1_37' title="bbox 170 1994 1757 2069">
     <span class='ocr_line' id='line_1_37' title="bbox 170 1994 1757 2069; baseline -0.003 -18"><span class='ocrx_word' id='word_1_272' title='bbox 170 1998 303 2069; x_wconf 79' lang='grc' dir='ltr'>περὶ</span> <span class='ocrx_word' id='word_1_273' title='bbox 334 1996 497 2051; x_wconf 76' lang='grc' dir='ltr'>αὐτοῦ</span> <span class='ocrx_word' id='word_1_274' title='bbox 527 1995 727 2065; x_wconf 86' lang='grc' dir='ltr'>γνῶσιν</span> <span class='ocrx_word' id='word_1_275' title='bbox 758 1995 1131 2050; x_wconf 79' lang='grc' dir='ltr'><strong><em>ἀνεκάλυπτον</em></strong></span> <span class='ocrx_word' id='word_1_276' title='bbox 1164 1997 1211 2048; x_wconf 77' lang='grc' dir='ltr'>οἱ</span> <span class='ocrx_word' id='word_1_277' title='bbox 1249 1995 1344 2049; x_wconf 76' lang='grc' dir='ltr'>τοῦ</span> <span class='ocrx_word' id='word_1_278' title='bbox 1374 1995 1508 2049; x_wconf 81' lang='grc' dir='ltr'>Θεοῦ</span> <span class='ocrx_word' id='word_1_279' title='bbox 1541 1994 1757 2066; x_wconf 80' lang='grc' dir='ltr'>ἀνθρω-</span> 
     </span>
    </p>
   </div>
   <div class='ocr_carea' id='block_1_38' title="bbox 168 2087 1753 2161">
    <p class='ocr_par' dir='ltr' id='par_1_38' title="bbox 168 2087 1753 2161">
     <span class='ocr_line' id='line_1_38' title="bbox 168 2087 1753 2161; baseline -0.003 -18"><span class='ocrx_word' id='word_1_280' title='bbox 168 2106 287 2153; x_wconf 87' lang='grc' dir='ltr'>ποι,</span> <span class='ocrx_word' id='word_1_281' title='bbox 316 2092 395 2153; x_wconf 85' lang='grc' dir='ltr'><strong><em>εἰς</em></strong></span> <span class='ocrx_word' id='word_1_282' title='bbox 425 2088 613 2161; x_wconf 79' lang='grc' dir='ltr'>καιρδν</span> <span class='ocrx_word' id='word_1_283' title='bbox 643 2087 921 2160; x_wconf 77' lang='grc' dir='ltr'>εὔκαιρον,</span> <span class='ocrx_word' id='word_1_284' title='bbox 948 2087 1039 2142; x_wconf 83' lang='grc' dir='ltr'><strong><em>τὸν</em></strong></span> <span class='ocrx_word' id='word_1_285' title='bbox 1074 2089 1203 2160; x_wconf 80' lang='grc' dir='ltr'>περὶ</span> <span class='ocrx_word' id='word_1_286' title='bbox 1228 2088 1393 2143; x_wconf 80' lang='grc' dir='ltr'>αὐτοῦ</span> <span class='ocrx_word' id='word_1_287' title='bbox 1424 2087 1753 2158; x_wconf 82' lang='grc' dir='ltr'>ταμιευόμε-</span> 
     </span>
    </p>
   </div>
   <div class='ocr_carea' id='block_1_39' title="bbox 164 2177 1754 2254">
    <p class='ocr_par' dir='ltr' id='par_1_39' title="bbox 164 2177 1754 2254">
     <span class='ocr_line' id='line_1_39' title="bbox 164 2177 1754 2254; baseline -0.003 -19"><span class='ocrx_word' id='word_1_288' title='bbox 164 2199 251 2235; x_wconf 78' lang='grc' dir='ltr'><strong><em>νοι</em></strong></span> <span class='ocrx_word' id='word_1_289' title='bbox 284 2182 461 2251; x_wconf 89' lang='grc' dir='ltr'>λόγον.</span> <span class='ocrx_word' id='word_1_290' title='bbox 502 2182 579 2236; x_wconf 73' lang='grc' dir='ltr'><strong><em>Οὔ</em></strong></span> <span class='ocrx_word' id='word_1_291' title='bbox 618 2182 726 2254; x_wconf 90' lang='grc' dir='ltr'><strong><em>γάρ</em></strong></span> <span class='ocrx_word' id='word_1_292' title='bbox 765 2182 937 2235; x_wconf 80' lang='grc' dir='ltr'>ἐδόκει</span> <span class='ocrx_word' id='word_1_293' title='bbox 968 2179 1275 2252; x_wconf 76' lang='grc' dir='ltr'>ἐπιτήδειον</span> <span class='ocrx_word' id='word_1_294' title='bbox 1314 2177 1451 2233; x_wconf 80' lang='grc' dir='ltr'>εἶναι</span> <span class='ocrx_word' id='word_1_295' title='bbox 1492 2179 1574 2245; x_wconf 82' lang='grc' dir='ltr'>τὸ,</span> <span class='ocrx_word' id='word_1_296' title='bbox 1602 2196 1754 2251; x_wconf 87' lang='grc' dir='ltr'>τηνι-</span> 
     </span>
    </p>
   </div>
   <div class='ocr_carea' id='block_1_40' title="bbox 164 2269 1758 2345">
    <p class='ocr_par' dir='ltr' id='par_1_40' title="bbox 164 2269 1758 2345">
     <span class='ocr_line' id='line_1_40' title="bbox 164 2269 1758 2345; baseline -0.001 -18"><span class='ocrx_word' id='word_1_297' title='bbox 164 2273 349 2327; x_wconf 81' lang='grc' dir='ltr'>καῦτα</span> <span class='ocrx_word' id='word_1_298' title='bbox 385 2274 812 2345; x_wconf 81' lang='grc' dir='ltr'>ὑποσυρομένοις</span> <span class='ocrx_word' id='word_1_299' title='bbox 840 2270 1065 2343; x_wconf 82' lang='grc' dir='ltr'>ἀνδράσι</span> <span class='ocrx_word' id='word_1_300' title='bbox 1091 2272 1183 2324; x_wconf 73' lang='grc' dir='ltr'><strong><em>ἐπὶ</em></strong></span> <span class='ocrx_word' id='word_1_301' title='bbox 1213 2269 1309 2341; x_wconf 83' lang='grc' dir='ltr'><strong><em>τὴν</em></strong></span> <span class='ocrx_word' id='word_1_302' title='bbox 1333 2270 1588 2325; x_wconf 84' lang='grc' dir='ltr'>πολύθεον</span> <span class='ocrx_word' id='word_1_303' title='bbox 1617 2270 1758 2325; x_wconf 88' lang='grc' dir='ltr'>πλά-</span> 
     </span>
    </p>
   </div>
   <div class='ocr_carea' id='block_1_41' title="bbox 164 2361 1751 2437">
    <p class='ocr_par' dir='ltr' id='par_1_41' title="bbox 164 2361 1751 2437">
     <span class='ocr_line' id='line_1_41' title="bbox 164 2361 1751 2437; baseline 0 -20"><span class='ocrx_word' id='word_1_304' title='bbox 164 2382 269 2436; x_wconf 85' lang='grc' dir='ltr'>νην</span> <span class='ocrx_word' id='word_1_305' title='bbox 295 2364 655 2437; x_wconf 78' lang='grc' dir='ltr'>παραδιδόναι</span> <span class='ocrx_word' id='word_1_306' title='bbox 666 2364 726 2418; x_wconf 79' lang='grc' dir='ltr'>τὸ</span> <span class='ocrx_word' id='word_1_307' title='bbox 752 2364 830 2435; x_wconf 84' lang='grc'><strong><em>(7)</em></strong></span> <span class='ocrx_word' id='word_1_308' title='bbox 858 2364 987 2436; x_wconf 78' lang='grc' dir='ltr'>περὶ</span> <span class='ocrx_word' id='word_1_309' title='bbox 1015 2362 1228 2433; x_wconf 79' lang='grc' dir='ltr'>Πατρὸς</span> <span class='ocrx_word' id='word_1_310' title='bbox 1250 2361 1343 2416; x_wconf 78' lang='grc' dir='ltr'><strong><em>καὶ</em></strong></span> <span class='ocrx_word' id='word_1_311' title='bbox 1373 2363 1505 2417; x_wconf 82' lang='grc' dir='ltr'>Υἱοῦ</span> <span class='ocrx_word' id='word_1_312' title='bbox 1538 2364 1751 2435; x_wconf 81' lang='grc' dir='ltr'>μυστή-</span> 
     </span>
    </p>
   </div>
   <div class='ocr_carea' id='block_1_42' title="bbox 172 2451 1750 2528">
    <p class='ocr_par' dir='ltr' id='par_1_42' title="bbox 172 2451 1750 2528">
     <span class='ocr_line' id='line_1_42' title="bbox 172 2451 1750 2528; baseline 0 -20"><span class='ocrx_word' id='word_1_313' title='bbox 172 2473 307 2526; x_wconf 86' lang='grc' dir='ltr'>ριον,</span> <span class='ocrx_word' id='word_1_314' title='bbox 339 2451 566 2520; x_wconf 75' lang='grc' dir='ltr'>οἷςούδὲ</span> <span class='ocrx_word' id='word_1_315' title='bbox 592 2457 717 2520; x_wconf 83' lang='grc' dir='ltr'>τοὺς</span> <span class='ocrx_word' id='word_1_316' title='bbox 741 2454 869 2528; x_wconf 75' lang='grc' dir='ltr'>περὶ</span> <span class='ocrx_word' id='word_1_317' title='bbox 891 2455 999 2508; x_wconf 86' lang='grc' dir='ltr'>τῶν</span> <span class='ocrx_word' id='word_1_318' title='bbox 1024 2454 1750 2526; x_wconf 57' lang='grc' dir='ltr'>ὑποὸεόηκότωνηδυνάμεων</span> 
     </span>
    </p>
   </div>
   <div class='ocr_carea' id='block_1_43' title="bbox 167 2544 1749 2618">
    <p class='ocr_par' dir='ltr' id='par_1_43' title="bbox 167 2544 1749 2618">
     <span class='ocr_line' id='line_1_43' title="bbox 167 2544 1749 2618; baseline -0.001 -19"><span class='ocrx_word' id='word_1_319' title='bbox 167 2546 533 2613; x_wconf 80' lang='grc' dir='ltr'>ὲξεκάλυπτον</span> <span class='ocrx_word' id='word_1_320' title='bbox 557 2547 777 2616; x_wconf 85' lang='grc' dir='ltr'>λόγους·</span> <span class='ocrx_word' id='word_1_321' title='bbox 830 2544 907 2611; x_wconf 84' lang='grc' dir='ltr'>ὡς</span> <span class='ocrx_word' id='word_1_322' title='bbox 944 2546 1011 2599; x_wconf 82' lang='grc' dir='ltr'>ἂν</span> <span class='ocrx_word' id='word_1_323' title='bbox 1045 2544 1120 2617; x_wconf 83' lang='grc' dir='ltr'>μὴ</span> <span class='ocrx_word' id='word_1_324' title='bbox 1150 2544 1423 2618; x_wconf 82' lang='grc' dir='ltr'>προφάσει</span> <span class='ocrx_word' id='word_1_325' title='bbox 1454 2544 1626 2618; x_wconf 82' lang='grc' dir='ltr'>ταύτῃ</span> <span class='ocrx_word' id='word_1_326' title='bbox 1656 2545 1749 2598; x_wconf 77' lang='grc' dir='ltr'><strong><em>ἐπὶ</em></strong></span> 
     </span>
    </p>
   </div>
   <div class='ocr_carea' id='block_1_44' title="bbox 166 2634 1749 2708">
    <p class='ocr_par' dir='ltr' id='par_1_44' title="bbox 166 2634 1749 2708">
     <span class='ocr_line' id='line_1_44' title="bbox 166 2634 1749 2708; baseline -0.001 -20"><span class='ocrx_word' id='word_1_327' title='bbox 166 2637 269 2708; x_wconf 75' lang='grc' dir='ltr'>τὴν</span> <span class='ocrx_word' id='word_1_328' title='bbox 315 2635 628 2708; x_wconf 82' lang='grc' dir='ltr'>Ἑλληνικὴν</span> <span class='ocrx_word' id='word_1_329' title='bbox 679 2636 1040 2690; x_wconf 86' lang='grc' dir='ltr'>καταπέσοιεν</span> <span class='ocrx_word' id='word_1_330' title='bbox 1093 2635 1402 2700; x_wconf 76' lang='grc' dir='ltr'>πολυθεῖαν,</span> <span class='ocrx_word' id='word_1_331' title='bbox 1448 2637 1496 2689; x_wconf 78' lang='grc' dir='ltr'>οἱ</span> <span class='ocrx_word' id='word_1_332' title='bbox 1538 2634 1749 2706; x_wconf 78' lang='grc' dir='ltr'>πατέρα</span> 
     </span>
    </p>
   </div>
   <div class='ocr_carea' id='block_1_45' title="bbox 166 2727 1759 2801">
    <p class='ocr_par' dir='ltr' id='par_1_45' title="bbox 166 2727 1759 2801">
     <span class='ocr_line' id='line_1_45' title="bbox 166 2727 1759 2801; baseline -0.001 -19"><span class='ocrx_word' id='word_1_333' title='bbox 166 2727 379 2800; x_wconf 83' lang='grc' dir='ltr'>ἀνδρῶν</span> <span class='ocrx_word' id='word_1_334' title='bbox 428 2745 490 2782; x_wconf 87' lang='grc' dir='ltr'><strong><em>τε</em></strong></span> <span class='ocrx_word' id='word_1_335' title='bbox 541 2727 678 2782; x_wconf 85' lang='grc' dir='ltr'>θεῶν</span> <span class='ocrx_word' id='word_1_336' title='bbox 718 2746 777 2782; x_wconf 89' lang='grc' dir='ltr'><strong><em>τε</em></strong></span> <span class='ocrx_word' id='word_1_337' title='bbox 821 2728 915 2783; x_wconf 84' lang='grc' dir='ltr'><strong><em>τὸν</em></strong></span> <span class='ocrx_word' id='word_1_338' title='bbox 972 2730 1100 2801; x_wconf 86' lang='grc' dir='ltr'>παρ’</span> <span class='ocrx_word' id='word_1_339' title='bbox 1142 2729 1325 2795; x_wconf 83' lang='grc' dir='ltr'>αὐτοῖς</span> <span class='ocrx_word' id='word_1_340' title='bbox 1379 2728 1759 2783; x_wconf 84' lang='grc' dir='ltr'>άνεπλάσαντο.</span> 
     </span>
    </p>
   </div>
   <div class='ocr_carea' id='block_1_46' title="bbox 167 2819 1759 2893">
    <p class='ocr_par' dir='ltr' id='par_1_46' title="bbox 167 2819 1759 2893">
     <span class='ocr_line' id='line_1_46' title="bbox 167 2819 1759 2893; baseline 0.001 -21"><span class='ocrx_word' id='word_1_341' title='bbox 167 2820 325 2873; x_wconf 76' lang='grc' dir='ltr'>Θεόν.</span> <span class='ocrx_word' id='word_1_342' title='bbox 346 2820 543 2893; x_wconf 80' lang='grc' dir='ltr'>Διόπερ</span> <span class='ocrx_word' id='word_1_343' title='bbox 564 2821 663 2892; x_wconf 79' lang='grc' dir='ltr'>τῆς</span> <span class='ocrx_word' id='word_1_344' title='bbox 684 2819 939 2891; x_wconf 81' lang='grc' dir='ltr'>τοιαύτης</span> <span class='ocrx_word' id='word_1_345' title='bbox 962 2822 1160 2885; x_wconf 79' lang='grc' dir='ltr'>αὐτοὺς</span> <span class='ocrx_word' id='word_1_346' title='bbox 1182 2819 1522 2874; x_wconf 81' lang='grc' dir='ltr'>ἀναστέλλων</span> <span class='ocrx_word' id='word_1_347' title='bbox 1542 2820 1759 2890; x_wconf 79' lang='grc' dir='ltr'>πλάνης</span> 
     </span>
    </p>
   </div>
   <div class='ocr_carea' id='block_1_47' title="bbox 166 2909 1748 2986">
    <p class='ocr_par' dir='ltr' id='par_1_47' title="bbox 166 2909 1748 2986">
     <span class='ocr_line' id='line_1_47' title="bbox 166 2909 1748 2986; baseline -0.001 -21"><span class='ocrx_word' id='word_1_348' title='bbox 166 2913 199 2965; x_wconf 83' lang='grc' dir='ltr'><strong>ὁ</strong></span> <span class='ocrx_word' id='word_1_349' title='bbox 224 2912 383 2982; x_wconf 88' lang='grc' dir='ltr'>λόγος</span> <span class='ocrx_word' id='word_1_350' title='bbox 408 2914 501 2967; x_wconf 85' lang='grc' dir='ltr'>τὸν</span> <span class='ocrx_word' id='word_1_351' title='bbox 522 2914 616 2967; x_wconf 78' lang='grc' dir='ltr'>ἕνα</span> <span class='ocrx_word' id='word_1_352' title='bbox 648 2913 781 2966; x_wconf 83' lang='grc' dir='ltr'><strong><em>Θεὸν</em></strong></span> <span class='ocrx_word' id='word_1_353' title='bbox 809 2914 907 2985; x_wconf 81' lang='grc' dir='ltr'>έκή</span> <span class='ocrx_word' id='word_1_354' title='bbox 917 2930 1128 2986; x_wconf 90' lang='grc' dir='ltr'>ρυττεν,</span> <span class='ocrx_word' id='word_1_355' title='bbox 1151 2913 1212 2965; x_wconf 83' lang='grc' dir='ltr'>οὐ</span> <span class='ocrx_word' id='word_1_356' title='bbox 1239 2912 1345 2984; x_wconf 85' lang='grc' dir='ltr'><strong><em>μὴν</em></strong></span> <span class='ocrx_word' id='word_1_357' title='bbox 1369 2912 1578 2983; x_wconf 82' lang='grc' dir='ltr'>πατέρα</span> <span class='ocrx_word' id='word_1_358' title='bbox 1607 2909 1748 2966; x_wconf 79' lang='grc' dir='ltr'>εἶναι</span> 
     </span>
    </p>
   </div>
   <div class='ocr_carea' id='block_1_48' title="bbox 166 3000 1759 3075">
    <p class='ocr_par' dir='ltr' id='par_1_48' title="bbox 166 3000 1759 3075">
     <span class='ocr_line' id='line_1_48' title="bbox 166 3000 1759 3075; baseline 0.002 -23"><span class='ocrx_word' id='word_1_359' title='bbox 166 3000 263 3052; x_wconf 76' lang='grc' dir='ltr'><strong><em>τὸν</em></strong></span> <span class='ocrx_word' id='word_1_360' title='bbox 290 3000 452 3054; x_wconf 79' lang='grc' dir='ltr'>αὐτὸν</span> <span class='ocrx_word' id='word_1_361' title='bbox 482 3003 698 3073; x_wconf 80' lang='grc' dir='ltr'>ἠρνεῖτο</span> <span class='ocrx_word' id='word_1_362' title='bbox 718 3019 740 3032; x_wconf 66' lang='grc' dir='ltr'><strong><em>τ</em></strong></span> <span class='ocrx_word' id='word_1_363' title='bbox 763 3002 858 3055; x_wconf 82' lang='grc' dir='ltr'>καὶ</span> <span class='ocrx_word' id='word_1_364' title='bbox 882 3002 973 3056; x_wconf 75' lang='grc' dir='ltr'><strong><em>τόν</em></strong></span> <span class='ocrx_word' id='word_1_365' title='bbox 998 3002 1170 3075; x_wconf 84' lang='grc' dir='ltr'>ἀληθῆ</span> <span class='ocrx_word' id='word_1_366' title='bbox 1191 3003 1247 3056; x_wconf 85' lang='grc' dir='ltr'>δὲ</span> <span class='ocrx_word' id='word_1_367' title='bbox 1276 3002 1454 3055; x_wconf 76' lang='grc' dir='ltr'>σέϐειν</span> <span class='ocrx_word' id='word_1_368' title='bbox 1483 3002 1759 3065; x_wconf 63' lang='grc' dir='ltr'>ἐδίδασκεν</span> 
     </span>
    </p>
   </div>
   <div class='ocr_carea' id='block_1_49' title="bbox 166 3091 1759 3166">
    <p class='ocr_par' dir='ltr' id='par_1_49' title="bbox 166 3091 1759 3166">
     <span class='ocr_line' id='line_1_49' title="bbox 166 3091 1759 3166; baseline 0.002 -22"><span class='ocrx_word' id='word_1_369' title='bbox 166 3091 264 3144; x_wconf 74' lang='grc' dir='ltr'><strong><em>καὶ</em></strong></span> <span class='ocrx_word' id='word_1_370' title='bbox 292 3091 442 3163; x_wconf 62' lang='grc' dir='ltr'>πλὴν</span> <span class='ocrx_word' id='word_1_371' title='bbox 465 3093 629 3146; x_wconf 73' lang='grc' dir='ltr'>αὑτοῦ</span> <span class='ocrx_word' id='word_1_372' title='bbox 671 3093 877 3164; x_wconf 74' lang='grc' dir='ltr'>μηδένα</span> <span class='ocrx_word' id='word_1_373' title='bbox 912 3093 1110 3146; x_wconf 84' lang='grc' dir='ltr'>εἰδέναι</span> <span class='ocrx_word' id='word_1_374' title='bbox 1149 3092 1402 3166; x_wconf 79' lang='grc' dir='ltr'>παρῄνει,</span> <span class='ocrx_word' id='word_1_375' title='bbox 1429 3094 1490 3147; x_wconf 83' lang='grc' dir='ltr'>οὐ</span> <span class='ocrx_word' id='word_1_376' title='bbox 1526 3093 1632 3163; x_wconf 79' lang='grc' dir='ltr'><strong><em>μὴν</em></strong></span> <span class='ocrx_word' id='word_1_377' title='bbox 1656 3094 1759 3165; x_wconf 76' lang='grc' dir='ltr'><strong><em>ἠρ-</em></strong></span> 
     </span>
    </p>
   </div>
   <div class='ocr_carea' id='block_1_50' title="bbox 168 3182 1747 3258">
    <p class='ocr_par' dir='ltr' id='par_1_50' title="bbox 168 3182 1747 3258">
     <span class='ocr_line' id='line_1_50' title="bbox 168 3182 1747 3258; baseline -0.001 -22"><span class='ocrx_word' id='word_1_378' title='bbox 168 3187 315 3238; x_wconf 76' lang='grc' dir='ltr'>νεῖτο</span> <span class='ocrx_word' id='word_1_379' title='bbox 343 3182 482 3239; x_wconf 82' lang='grc' dir='ltr'>εἶναι</span> <span class='ocrx_word' id='word_1_380' title='bbox 526 3186 689 3239; x_wconf 79' lang='grc' dir='ltr'>αὐτὸν</span> <span class='ocrx_word' id='word_1_381' title='bbox 715 3185 958 3257; x_wconf 87' lang='grc' dir='ltr'>Πατέρα.</span> <span class='ocrx_word' id='word_1_382' title='bbox 987 3186 1051 3239; x_wconf 83' lang='lat' dir='ltr'><strong><em>El</em></strong></span> <span class='ocrx_word' id='word_1_383' title='bbox 1086 3185 1145 3239; x_wconf 87' lang='grc' dir='ltr'>δὲ</span> <span class='ocrx_word' id='word_1_384' title='bbox 1185 3185 1260 3258; x_wconf 89' lang='grc'><strong><em>(8)</em></strong></span> <span class='ocrx_word' id='word_1_385' title='bbox 1285 3186 1379 3238; x_wconf 74' lang='grc' dir='ltr'>καὶ</span> <span class='ocrx_word' id='word_1_386' title='bbox 1401 3185 1625 3256; x_wconf 79' lang='grc' dir='ltr'>Κύριον,</span> <span class='ocrx_word' id='word_1_387' title='bbox 1652 3183 1747 3236; x_wconf 79' lang='grc' dir='ltr'><strong><em>καὶ</em></strong></span> 
     </span>
    </p>
   </div>
   <div class='ocr_carea' id='block_1_51' title="bbox 163 3274 1748 3349">
    <p class='ocr_par' dir='ltr' id='par_1_51' title="bbox 163 3274 1748 3349">
     <span class='ocr_line' id='line_1_51' title="bbox 163 3274 1748 3349; baseline -0.003 -18"><span class='ocrx_word' id='word_1_388' title='bbox 163 3277 302 3331; x_wconf 80' lang='grc' dir='ltr'>Θεὸν</span> <span class='ocrx_word' id='word_1_389' title='bbox 322 3278 501 3343; x_wconf 72' lang='grc' dir='ltr'>αὐτδν;</span> <span class='ocrx_word' id='word_1_390' title='bbox 540 3278 634 3332; x_wconf 71' lang='grc' dir='ltr'>καὶ</span> <span class='ocrx_word' id='word_1_391' title='bbox 656 3278 882 3342; x_wconf 82' lang='grc' dir='ltr'>δίκαιον,</span> <span class='ocrx_word' id='word_1_392' title='bbox 915 3278 1011 3331; x_wconf 71' lang='grc' dir='ltr'><strong><em>καὶ</em></strong></span> <span class='ocrx_word' id='word_1_393' title='bbox 1045 3278 1276 3349; x_wconf 86' lang='grc' dir='ltr'><strong><em>Σωτῆρα</em></strong></span> <span class='ocrx_word' id='word_1_394' title='bbox 1314 3276 1600 3340; x_wconf 84' lang='grc' dir='ltr'>ἀπεκάλει,</span> <span class='ocrx_word' id='word_1_395' title='bbox 1633 3274 1748 3329; x_wconf 88' lang='grc' dir='ltr'>ἀλλ’</span> 
     </span>
    </p>
   </div>
   <div class='ocr_carea' id='block_1_52' title="bbox 161 3364 1754 3441">
    <p class='ocr_par' dir='ltr' id='par_1_52' title="bbox 161 3364 1754 3441">
     <span class='ocr_line' id='line_1_52' title="bbox 161 3364 1754 3441; baseline -0.002 -18"><span class='ocrx_word' id='word_1_396' title='bbox 161 3369 271 3423; x_wconf 79' lang='grc' dir='ltr'>οὐκ</span> <span class='ocrx_word' id='word_1_397' title='bbox 301 3369 558 3424; x_wconf 88' lang='grc' dir='ltr'>ἀπέκλειε</span> <span class='ocrx_word' id='word_1_398' title='bbox 585 3369 680 3423; x_wconf 78' lang='grc' dir='ltr'><strong><em>τοῦ</em></strong></span> <span class='ocrx_word' id='word_1_399' title='bbox 722 3371 815 3424; x_wconf 71' lang='grc' dir='ltr'>καὶ</span> <span class='ocrx_word' id='word_1_400' title='bbox 857 3369 1076 3441; x_wconf 89' lang='grc' dir='ltr'>Πατέρα</span> <span class='ocrx_word' id='word_1_401' title='bbox 1110 3364 1249 3424; x_wconf 75' lang='grc' dir='ltr'>εἶναι</span> <span class='ocrx_word' id='word_1_402' title='bbox 1294 3369 1455 3423; x_wconf 85' lang='grc' dir='ltr'>αὐτὸν</span> <span class='ocrx_word' id='word_1_403' title='bbox 1496 3368 1754 3438; x_wconf 80' lang='grc' dir='ltr'>ἡγεῖσθαι</span> 
     </span>
    </p>
   </div>
   <div class='ocr_carea' id='block_1_53' title="bbox 163 3454 1748 3533">
    <p class='ocr_par' dir='ltr' id='par_1_53' title="bbox 163 3454 1748 3533">
     <span class='ocr_line' id='line_1_53' title="bbox 163 3454 1748 3533; baseline -0.001 -20"><span class='ocrx_word' id='word_1_404' title='bbox 163 3458 264 3514; x_wconf 78' lang='grc' dir='ltr'><strong><em>τοῦ</em></strong></span> <span class='ocrx_word' id='word_1_405' title='bbox 293 3461 616 3532; x_wconf 81' lang='grc' dir='ltr'>μονογενοῦς</span> <span class='ocrx_word' id='word_1_406' title='bbox 642 3462 805 3515; x_wconf 68' lang='grc' dir='ltr'>αὗτοῢ</span> <span class='ocrx_word' id='word_1_407' title='bbox 841 3461 937 3516; x_wconf 72' lang='grc' dir='ltr'><strong><em>καὶ</em></strong></span> <span class='ocrx_word' id='word_1_408' title='bbox 967 3460 1253 3533; x_wconf 85' lang='grc' dir='ltr'>ἀγαπητοῦ</span> <span class='ocrx_word' id='word_1_409' title='bbox 1282 3459 1437 3513; x_wconf 77' lang='grc' dir='ltr'>Υἱοῢ.</span> <span class='ocrx_word' id='word_1_410' title='bbox 1464 3460 1577 3513; x_wconf 78' lang='grc' dir='ltr'>Εἶτ’</span> <span class='ocrx_word' id='word_1_411' title='bbox 1610 3454 1701 3512; x_wconf 80' lang='grc' dir='ltr'>οὖν</span> <span class='ocrx_word' id='word_1_412' title='bbox 1720 3460 1748 3512; x_wconf 87' lang='grc' dir='ltr'><strong><em>ό</em></strong></span> 
     </span>
    </p>
   </div>
   <div class='ocr_carea' id='block_1_54' title="bbox 164 3549 1747 3622">
    <p class='ocr_par' dir='ltr' id='par_1_54' title="bbox 164 3549 1747 3622">
     <span class='ocr_line' id='line_1_54' title="bbox 164 3549 1747 3622; baseline -0.001 -17"><span class='ocrx_word' id='word_1_413' title='bbox 164 3551 359 3622; x_wconf 81' lang='grc' dir='ltr'>Πατὴρ</span> <span class='ocrx_word' id='word_1_414' title='bbox 383 3551 555 3620; x_wconf 90' lang='grc' dir='ltr'>λέγων</span> <span class='ocrx_word' id='word_1_415' title='bbox 583 3552 681 3605; x_wconf 80' lang='grc' dir='ltr'><strong><em>εἴθ’</em></strong></span> <span class='ocrx_word' id='word_1_416' title='bbox 708 3554 736 3605; x_wconf 90' lang='grc' dir='ltr'><strong>ὀ</strong></span> <span class='ocrx_word' id='word_1_417' title='bbox 760 3552 886 3616; x_wconf 81' lang='grc' dir='ltr'><strong><em>Υἱὸς</em></strong></span> <span class='ocrx_word' id='word_1_418' title='bbox 908 3552 968 3605; x_wconf 84' lang='grc' dir='ltr'>τὸ</span> <span class='ocrx_word' id='word_1_419' title='bbox 1003 3551 1141 3622; x_wconf 78' lang='grc' dir='ltr'>Ἐγώ</span> <span class='ocrx_word' id='word_1_420' title='bbox 1161 3554 1277 3621; x_wconf 82' lang='grc' dir='ltr'>εἰμι</span> <span class='ocrx_word' id='word_1_421' title='bbox 1301 3554 1334 3606; x_wconf 84' lang='grc' dir='ltr'><em>ὁ</em></span> <span class='ocrx_word' id='word_1_422' title='bbox 1363 3550 1466 3615; x_wconf 79' lang='grc' dir='ltr'>ὢν,</span> <span class='ocrx_word' id='word_1_423' title='bbox 1495 3549 1747 3622; x_wconf 83' lang='grc' dir='ltr'>ἀληθεύοι</span> 
     </span>
    </p>
   </div>
   <div class='ocr_carea' id='block_1_55' title="bbox 162 3640 1745 3716">
    <p class='ocr_par' dir='ltr' id='par_1_55' title="bbox 162 3640 1745 3716">
     <span class='ocr_line' id='line_1_55' title="bbox 162 3640 1745 3716; baseline 0 -21"><span class='ocrx_word' id='word_1_424' title='bbox 162 3642 234 3695; x_wconf 83' lang='grc' dir='ltr'>ἂν</span> <span class='ocrx_word' id='word_1_425' title='bbox 266 3642 542 3714; x_wconf 79' lang='grc' dir='ltr'>ἑκατέρως</span> <span class='ocrx_word' id='word_1_426' title='bbox 564 3643 592 3696; x_wconf 85' lang='grc' dir='ltr'><strong>ὁ</strong></span> <span class='ocrx_word' id='word_1_427' title='bbox 620 3644 796 3713; x_wconf 86' lang='grc' dir='ltr'>λόγος.</span> <span class='ocrx_word' id='word_1_428' title='bbox 830 3645 897 3697; x_wconf 88' lang='grc' dir='ltr'><em>Ὅ</em></span> <span class='ocrx_word' id='word_1_429' title='bbox 927 3661 987 3697; x_wconf 90' lang='grc' dir='ltr'><strong><em>τε</em></strong></span> <span class='ocrx_word' id='word_1_430' title='bbox 1010 3644 1120 3716; x_wconf 83' lang='grc' dir='ltr'><strong><em>γάρ</em></strong></span> <span class='ocrx_word' id='word_1_431' title='bbox 1145 3643 1334 3714; x_wconf 87' lang='grc' dir='ltr'>Πατὴρ</span> <span class='ocrx_word' id='word_1_432' title='bbox 1367 3646 1399 3697; x_wconf 86' lang='grc' dir='ltr'><em>ὁ</em></span> <span class='ocrx_word' id='word_1_433' title='bbox 1426 3640 1511 3695; x_wconf 83' lang='grc' dir='ltr'>ὢν</span> <span class='ocrx_word' id='word_1_434' title='bbox 1541 3643 1627 3715; x_wconf 84' lang='grc' dir='ltr'>εἴη</span> <span class='ocrx_word' id='word_1_435' title='bbox 1658 3642 1745 3707; x_wconf 85' lang='grc' dir='ltr'>ἂν,</span> 
     </span>
    </p>
   </div>
   <div class='ocr_carea' id='block_1_56' title="bbox 168 3735 1747 3804">
    <p class='ocr_par' dir='ltr' id='par_1_56' title="bbox 168 3735 1747 3804">
     <span class='ocr_line' id='line_1_56' title="bbox 168 3735 1747 3804; baseline 0.001 -16"><span class='ocrx_word' id='word_1_436' title='bbox 168 3735 332 3804; x_wconf 80' lang='grc' dir='ltr'>μόνος</span> <span class='ocrx_word' id='word_1_437' title='bbox 360 3736 524 3800; x_wconf 82' lang='grc' dir='ltr'>αὐτὸς</span> <span class='ocrx_word' id='word_1_438' title='bbox 558 3735 632 3788; x_wconf 88' lang='grc' dir='ltr'><strong><em>ὣν</em></strong></span> <span class='ocrx_word' id='word_1_439' title='bbox 677 3736 770 3790; x_wconf 80' lang='grc' dir='ltr'><strong><em>ἐπὶ</em></strong></span> <span class='ocrx_word' id='word_1_440' title='bbox 800 3737 1038 3803; x_wconf 88' lang='grc' dir='ltr'>πάντων,</span> <span class='ocrx_word' id='word_1_441' title='bbox 1076 3737 1168 3790; x_wconf 76' lang='grc' dir='ltr'>καὶ</span> <span class='ocrx_word' id='word_1_442' title='bbox 1196 3736 1283 3790; x_wconf 87' lang='grc' dir='ltr'><strong><em>διά</em></strong></span> <span class='ocrx_word' id='word_1_443' title='bbox 1315 3736 1530 3790; x_wconf 85' lang='grc' dir='ltr'>πάντων</span> <span class='ocrx_word' id='word_1_444' title='bbox 1566 3736 1659 3790; x_wconf 78' lang='grc' dir='ltr'>καὶ</span> <span class='ocrx_word' id='word_1_445' title='bbox 1688 3737 1747 3789; x_wconf 79' lang='grc' dir='ltr'>έν</span> 
     </span>
    </p>
   </div>
   <div class='ocr_carea' id='block_1_57' title="bbox 166 3828 1742 3895">
    <p class='ocr_par' dir='ltr' id='par_1_57' title="bbox 166 3828 1742 3895">
     <span class='ocr_line' id='line_1_57' title="bbox 166 3828 1742 3895; baseline 0.001 -16"><span class='ocrx_word' id='word_1_446' title='bbox 166 3829 307 3883; x_wconf 73' lang='grc' dir='ltr'>πᾶσι</span> <span class='ocrx_word' id='word_1_447' title='bbox 339 3828 490 3892; x_wconf 85' lang='grc' dir='ltr'>Θεὸς,</span> <span class='ocrx_word' id='word_1_448' title='bbox 523 3828 597 3892; x_wconf 84' lang='grc' dir='ltr'>ὡς</span> <span class='ocrx_word' id='word_1_449' title='bbox 618 3831 645 3883; x_wconf 85' lang='grc' dir='ltr'>ὁ</span> <span class='ocrx_word' id='word_1_450' title='bbox 666 3828 805 3893; x_wconf 82' lang='grc' dir='ltr'>θεῖος</span> <span class='ocrx_word' id='word_1_451' title='bbox 829 3830 1039 3895; x_wconf 80' lang='grc' dir='ltr'>ἐδίδαξε</span> <span class='ocrx_word' id='word_1_452' title='bbox 1076 3828 1419 3892; x_wconf 79' lang='grc' dir='ltr'>Ἀπόστολος,</span> <span class='ocrx_word' id='word_1_453' title='bbox 1453 3829 1562 3882; x_wconf 87' lang='grc' dir='ltr'>ὅτε</span> <span class='ocrx_word' id='word_1_454' title='bbox 1593 3828 1742 3893; x_wconf 69' lang='grc' dir='ltr'>Υἱὸς,</span> 
     </span>
    </p>
   </div>
   <div class='ocr_carea' id='block_1_58' title="bbox 165 3917 1745 3992">
    <p class='ocr_par' dir='ltr' id='par_1_58' title="bbox 165 3917 1745 3992">
     <span class='ocr_line' id='line_1_58' title="bbox 165 3917 1745 3992; baseline 0 -21"><span class='ocrx_word' id='word_1_455' title='bbox 165 3920 262 3972; x_wconf 74' lang='grc' dir='ltr'><strong><em>καί</em></strong></span> <span class='ocrx_word' id='word_1_456' title='bbox 299 3918 460 3983; x_wconf 76' lang='grc' dir='ltr'>αὐτὸς</span> <span class='ocrx_word' id='word_1_457' title='bbox 490 3920 842 3992; x_wconf 79' lang='grc' dir='ltr'>χρηματίζων</span> <span class='ocrx_word' id='word_1_458' title='bbox 881 3923 913 3975; x_wconf 86' lang='grc' dir='ltr'><em>ὀ</em></span> <span class='ocrx_word' id='word_1_459' title='bbox 934 3918 1037 3984; x_wconf 81' lang='grc' dir='ltr'>ὢν,</span> <span class='ocrx_word' id='word_1_460' title='bbox 1066 3920 1316 3990; x_wconf 78' lang='grc' dir='ltr'>ἀληθεύοι</span> <span class='ocrx_word' id='word_1_461' title='bbox 1347 3920 1433 3973; x_wconf 81' lang='grc' dir='ltr'><strong><em>ἄν·</em></strong></span> <span class='ocrx_word' id='word_1_462' title='bbox 1481 3919 1643 3990; x_wconf 81' lang='grc' dir='ltr'>μόνος</span> <span class='ocrx_word' id='word_1_463' title='bbox 1671 3917 1745 3972; x_wconf 84' lang='grc' dir='ltr'>ὣν</span> 
     </span>
    </p>
   </div>
   <div class='ocr_carea' id='block_1_59' title="bbox 165 4008 1745 4081">
    <p class='ocr_par' dir='ltr' id='par_1_59' title="bbox 165 4008 1745 4081">
     <span class='ocr_line' id='line_1_59' title="bbox 165 4008 1745 4081; baseline 0.001 -20"><span class='ocrx_word' id='word_1_464' title='bbox 165 4008 321 4072; x_wconf 76' lang='grc' dir='ltr'>Υίὺς,</span> <span class='ocrx_word' id='word_1_465' title='bbox 352 4010 643 4081; x_wconf 85' lang='grc' dir='ltr'>μονογενὴς</span> <span class='ocrx_word' id='word_1_466' title='bbox 665 4009 757 4063; x_wconf 79' lang='grc' dir='ltr'><strong><em>τοῦ</em></strong></span> <span class='ocrx_word' id='word_1_467' title='bbox 787 4011 958 4074; x_wconf 76' lang='grc' dir='ltr'>ὄντος,</span> <span class='ocrx_word' id='word_1_468' title='bbox 987 4009 1123 4064; x_wconf 89' lang='grc' dir='ltr'><strong><em>ἀλλά</em></strong></span> <span class='ocrx_word' id='word_1_469' title='bbox 1150 4011 1243 4064; x_wconf 74' lang='grc' dir='ltr'>καὶ</span> <span class='ocrx_word' id='word_1_470' title='bbox 1272 4009 1434 4063; x_wconf 86' lang='grc' dir='ltr'>εἰκὼν</span> <span class='ocrx_word' id='word_1_471' title='bbox 1453 4008 1544 4063; x_wconf 77' lang='grc' dir='ltr'><strong><em>τοῦ</em></strong></span> <span class='ocrx_word' id='word_1_472' title='bbox 1576 4010 1745 4081; x_wconf 86' lang='grc' dir='ltr'>ἀορά-</span> 
     </span>
    </p>
   </div>
   <div class='ocr_carea' id='block_1_60' title="bbox 163 4100 1750 4173">
    <p class='ocr_par' dir='ltr' id='par_1_60' title="bbox 163 4100 1750 4173">
     <span class='ocr_line' id='line_1_60' title="bbox 163 4100 1750 4173; baseline -0.001 -20"><span class='ocrx_word' id='word_1_473' title='bbox 163 4115 262 4153; x_wconf 85' lang='grc' dir='ltr'><strong><em>του</em></strong></span> <span class='ocrx_word' id='word_1_474' title='bbox 310 4100 445 4153; x_wconf 85' lang='grc' dir='ltr'>Θεοῦ</span> <span class='ocrx_word' id='word_1_475' title='bbox 488 4102 776 4173; x_wconf 73' lang='grc' dir='ltr'>ὑπάρχων.</span> <span class='ocrx_word' id='word_1_476' title='bbox 797 4102 908 4156; x_wconf 71' lang='grc' dir='ltr'><strong><em>Καὶ</em></strong></span> <span class='ocrx_word' id='word_1_477' title='bbox 938 4101 1096 4155; x_wconf 82' lang='grc' dir='ltr'>τοῦτο</span> <span class='ocrx_word' id='word_1_478' title='bbox 1135 4103 1218 4173; x_wconf 81' lang='grc' dir='ltr'>εἴη</span> <span class='ocrx_word' id='word_1_479' title='bbox 1263 4100 1327 4155; x_wconf 84' lang='grc' dir='ltr'>ἂν</span> <span class='ocrx_word' id='word_1_480' title='bbox 1365 4100 1438 4171; x_wconf 89' lang='grc'><strong><em>(9)</em></strong></span> <span class='ocrx_word' id='word_1_481' title='bbox 1474 4100 1638 4155; x_wconf 79' lang='grc' dir='ltr'>αὐτοῦ</span> <span class='ocrx_word' id='word_1_482' title='bbox 1674 4100 1750 4152; x_wconf 75' lang='grc' dir='ltr'><strong><em>εἰ-</em></strong></span> 
     </span>
    </p>
   </div>
   <div class='ocr_carea' id='block_1_61' title="bbox 164 4189 1745 4265">
    <p class='ocr_par' dir='ltr' id='par_1_61' title="bbox 164 4189 1745 4265">
     <span class='ocr_line' id='line_1_61' title="bbox 164 4189 1745 4265; baseline 0 -20"><span class='ocrx_word' id='word_1_483' title='bbox 164 4190 303 4256; x_wconf 78' lang='grc' dir='ltr'>κὼν,</span> <span class='ocrx_word' id='word_1_484' title='bbox 346 4192 468 4245; x_wconf 84' lang='grc' dir='ltr'>καθ’</span> <span class='ocrx_word' id='word_1_485' title='bbox 519 4192 547 4245; x_wconf 87' lang='grc' dir='ltr'><strong>ὃ</strong></span> <span class='ocrx_word' id='word_1_486' title='bbox 592 4194 750 4265; x_wconf 82' lang='grc' dir='ltr'>μόνος</span> <span class='ocrx_word' id='word_1_487' title='bbox 790 4189 859 4265; x_wconf 82' lang='grc' dir='ltr'><strong><em>ἦν</em></strong></span> <span class='ocrx_word' id='word_1_488' title='bbox 911 4194 1072 4258; x_wconf 75' lang='grc' dir='ltr'>αὐτὸς</span> <span class='ocrx_word' id='word_1_489' title='bbox 1115 4197 1148 4249; x_wconf 84' lang='grc' dir='ltr'><strong><em>ό</em></strong></span> <span class='ocrx_word' id='word_1_490' title='bbox 1194 4194 1309 4247; x_wconf 58' lang='lat' dir='ltr'><strong><em>(Iw-</em></strong></span> <span class='ocrx_word' id='word_1_491' title='bbox 1327 4194 1418 4246; x_wconf 85' lang='grc' dir='ltr'><strong><em>Διὸ</em></strong></span> <span class='ocrx_word' id='word_1_492' title='bbox 1452 4194 1545 4246; x_wconf 77' lang='grc' dir='ltr'><strong><em>καὶ</em></strong></span> <span class='ocrx_word' id='word_1_493' title='bbox 1583 4191 1745 4257; x_wconf 80' lang='grc' dir='ltr'>αὐτὸς</span> 
     </span>
    </p>
   </div>
   <div class='ocr_carea' id='block_1_62' title="bbox 164 4284 1749 4358">
    <p class='ocr_par' dir='ltr' id='par_1_62' title="bbox 164 4284 1749 4358">
     <span class='ocr_line' id='line_1_62' title="bbox 164 4284 1749 4358; baseline 0.003 -24"><span class='ocrx_word' id='word_1_494' title='bbox 164 4284 498 4354; x_wconf 74' lang='grc' dir='ltr'>χρηματίζοι</span> <span class='ocrx_word' id='word_1_495' title='bbox 526 4285 592 4339; x_wconf 87' lang='grc' dir='ltr'>ἂν</span> <span class='ocrx_word' id='word_1_496' title='bbox 617 4288 650 4340; x_wconf 84' lang='grc' dir='ltr'><em>ὁ</em></span> <span class='ocrx_word' id='word_1_497' title='bbox 676 4285 773 4348; x_wconf 88' lang='grc' dir='ltr'><strong><em>ὢν,</em></strong></span> <span class='ocrx_word' id='word_1_498' title='bbox 796 4286 916 4339; x_wconf 76' lang='grc' dir='ltr'>ἐπεὶ</span> <span class='ocrx_word' id='word_1_499' title='bbox 944 4287 1039 4340; x_wconf 77' lang='grc' dir='ltr'><strong><em>καὶ</em></strong></span> <span class='ocrx_word' id='word_1_500' title='bbox 1055 4286 1187 4350; x_wconf 81' lang='grc' dir='ltr'>Θεδς</span> <span class='ocrx_word' id='word_1_501' title='bbox 1210 4288 1303 4340; x_wconf 76' lang='grc' dir='ltr'>καὶ</span> <span class='ocrx_word' id='word_1_502' title='bbox 1319 4286 1523 4358; x_wconf 80' lang='grc' dir='ltr'>Κύριος</span> <span class='ocrx_word' id='word_1_503' title='bbox 1548 4286 1749 4357; x_wconf 76' lang='grc' dir='ltr'>ὁμοίως</span> 
     </span>
    </p>
   </div>
   <div class='ocr_carea' id='block_1_63' title="bbox 150 4374 1755 4449">
    <p class='ocr_par' dir='ltr' id='par_1_63' title="bbox 150 4374 1755 4449">
     <span class='ocr_line' id='line_1_63' title="bbox 150 4374 1755 4449; baseline 0 -20"><span class='ocrx_word' id='word_1_504' title='bbox 150 4374 249 4447; x_wconf 72' lang='grc' dir='ltr'>’τῷ</span> <span class='ocrx_word' id='word_1_505' title='bbox 281 4377 457 4449; x_wconf 73' lang='grc' dir='ltr'>Πατρὶ</span> <span class='ocrx_word' id='word_1_506' title='bbox 486 4378 579 4431; x_wconf 76' lang='grc' dir='ltr'>καὶ</span> <span class='ocrx_word' id='word_1_507' title='bbox 607 4377 768 4441; x_wconf 83' lang='grc' dir='ltr'>αὐτὸς</span> <span class='ocrx_word' id='word_1_508' title='bbox 794 4376 883 4431; x_wconf 83' lang='grc' dir='ltr'><strong><em>διὰ</em></strong></span> <span class='ocrx_word' id='word_1_509' title='bbox 914 4377 1094 4449; x_wconf 83' lang='grc' dir='ltr'>πάσης</span> <span class='ocrx_word' id='word_1_510' title='bbox 1110 4377 1483 4449; x_wconf 75' lang='grc' dir='ltr'>ἀνηγόρευται-</span> <span class='ocrx_word' id='word_1_511' title='bbox 1500 4377 1603 4448; x_wconf 77' lang='grc' dir='ltr'>τῆς</span> <span class='ocrx_word' id='word_1_512' title='bbox 1627 4377 1755 4430; x_wconf 63' lang='grc' dir='ltr'>θεον</span> 
     </span>
    </p>
   </div>
   <div class='ocr_carea' id='block_1_64' title="bbox 168 4467 716 4540">
    <p class='ocr_par' dir='ltr' id='par_1_64' title="bbox 168 4467 716 4540">
     <span class='ocr_line' id='line_1_64' title="bbox 168 4467 716 4540; baseline 0.002 -20"><span class='ocrx_word' id='word_1_513' title='bbox 168 4467 437 4520; x_wconf 80' lang='grc' dir='ltr'>πνεύστου</span> <span class='ocrx_word' id='word_1_514' title='bbox 470 4469 716 4540; x_wconf 85' lang='grc' dir='ltr'>Γραφῆς.</span> 
     </span>
    </p>
   </div>
   <div class='ocr_carea' id='block_1_65' title="bbox 1852 1899 3431 1971">
    <p class='ocr_par' dir='ltr' id='par_1_65' title="bbox 1852 1899 3431 1971">
     <span class='ocr_line' id='line_1_65' title="bbox 1852 1899 3431 1971; baseline 0 -19"><span class='ocrx_word' id='word_1_515' title='bbox 1852 1899 2143 1967; x_wconf 80' lang='lat' dir='ltr'><strong><em>praedicata</em></strong></span> <span class='ocrx_word' id='word_1_516' title='bbox 2172 1900 2487 1971; x_wconf 87' lang='lat' dir='ltr'><strong><em>accipienda</em></strong></span> <span class='ocrx_word' id='word_1_517' title='bbox 2513 1908 2675 1966; x_wconf 85' lang='lat' dir='ltr'><strong><em>sunt,</em></strong></span> <span class='ocrx_word' id='word_1_518' title='bbox 2700 1916 2804 1955; x_wconf 89' lang='lat' dir='ltr'><strong><em>nec</em></strong></span> <span class='ocrx_word' id='word_1_519' title='bbox 2828 1909 2887 1956; x_wconf 90' lang='lat' dir='ltr'><strong><em>ut</em></strong></span> <span class='ocrx_word' id='word_1_520' title='bbox 2912 1900 3146 1955; x_wconf 87' lang='lat' dir='ltr'><strong><em>alienum</em></strong></span> <span class='ocrx_word' id='word_1_521' title='bbox 3175 1900 3303 1970; x_wconf 89' lang='lat' dir='ltr'><strong><em>quid</em></strong></span> <span class='ocrx_word' id='word_1_522' title='bbox 3329 1899 3431 1953; x_wconf 84' lang='lat' dir='ltr'><strong><em>mi-</em></strong></span> 
     </span>
    </p>
   </div>
   <div class='ocr_carea' id='block_1_66' title="bbox 1854 1993 3437 2064">
    <p class='ocr_par' dir='ltr' id='par_1_66' title="bbox 1854 1993 3437 2064">
     <span class='ocr_line' id='line_1_66' title="bbox 1854 1993 3437 2064; baseline 0.001 -20"><span class='ocrx_word' id='word_1_523' title='bbox 1854 2004 1955 2045; x_wconf 89' lang='lat' dir='ltr'><strong><em>nus</em></strong></span> <span class='ocrx_word' id='word_1_524' title='bbox 1980 2000 2291 2061; x_wconf 86' lang='lat' dir='ltr'><strong><em>acceptare,</em></strong></span> <span class='ocrx_word' id='word_1_525' title='bbox 2305 1993 2349 2047; x_wconf 89' lang='lat' dir='ltr'><strong><em>si</em></strong></span> <span class='ocrx_word' id='word_1_526' title='bbox 2384 1993 2600 2062; x_wconf 89' lang='lat' dir='ltr'><strong><em>quidem</em></strong></span> <span class='ocrx_word' id='word_1_527' title='bbox 2637 1994 2716 2049; x_wconf 84' lang='lat' dir='ltr'><strong><em>illi</em></strong></span> <span class='ocrx_word' id='word_1_528' title='bbox 2738 1994 2934 2064; x_wconf 89' lang='lat' dir='ltr'><strong><em>populo</em></strong></span> <span class='ocrx_word' id='word_1_529' title='bbox 2956 1993 3091 2048; x_wconf 88' lang='lat' dir='ltr'><strong><em>duro</em></strong></span> <span class='ocrx_word' id='word_1_530' title='bbox 3119 1993 3280 2048; x_wconf 90' lang='lat' dir='ltr'><strong><em>corde</em></strong></span> <span class='ocrx_word' id='word_1_531' title='bbox 3300 2007 3437 2062; x_wconf 71' lang='lat' dir='ltr'><strong><em>pra:-</em></strong></span> 
     </span>
    </p>
   </div>
   <div class='ocr_carea' id='block_1_67' title="bbox 1854 2081 3431 2154">
    <p class='ocr_par' dir='ltr' id='par_1_67' title="bbox 1854 2081 3431 2154">
     <span class='ocr_line' id='line_1_67' title="bbox 1854 2081 3431 2154; baseline 0 -19"><span class='ocrx_word' id='word_1_532' title='bbox 1854 2081 1967 2138; x_wconf 89' lang='lat' dir='ltr'><strong><em>dito</em></strong></span> <span class='ocrx_word' id='word_1_533' title='bbox 2014 2083 2263 2139; x_wconf 88' lang='lat' dir='ltr'><strong><em>homines</em></strong></span> <span class='ocrx_word' id='word_1_534' title='bbox 2318 2082 2394 2139; x_wconf 87' lang='lat' dir='ltr'><strong><em>illi</em></strong></span> <span class='ocrx_word' id='word_1_535' title='bbox 2431 2083 2523 2140; x_wconf 90' lang='lat' dir='ltr'><strong><em>Dei</em></strong></span> <span class='ocrx_word' id='word_1_536' title='bbox 2558 2085 2924 2154; x_wconf 79' lang='lat' dir='ltr'><strong><em>cognitionem</em></strong></span> <span class='ocrx_word' id='word_1_537' title='bbox 2965 2086 3029 2139; x_wconf 90' lang='lat' dir='ltr'><strong><em>de</em></strong></span> <span class='ocrx_word' id='word_1_538' title='bbox 3058 2083 3150 2138; x_wconf 90' lang='lat' dir='ltr'><strong><em>illo</em></strong></span> <span class='ocrx_word' id='word_1_539' title='bbox 3177 2098 3283 2138; x_wconf 92' lang='lat' dir='ltr'><strong><em>non</em></strong></span> <span class='ocrx_word' id='word_1_540' title='bbox 3320 2092 3431 2137; x_wconf 86' lang='lat' dir='ltr'><strong><em>tra-</em></strong></span> 
     </span>
    </p>
   </div>
   <div class='ocr_carea' id='block_1_68' title="bbox 1852 2173 3437 2246">
    <p class='ocr_par' dir='ltr' id='par_1_68' title="bbox 1852 2173 3437 2246">
     <span class='ocr_line' id='line_1_68' title="bbox 1852 2173 3437 2246; baseline 0.001 -18"><span class='ocrx_word' id='word_1_541' title='bbox 1852 2174 2102 2229; x_wconf 82' lang='lat' dir='ltr'><strong><em>diderunt</em></strong></span> <span class='ocrx_word' id='word_1_542' title='bbox 2124 2214 2139 2240; x_wconf 95' lang='lat'><strong><em>,</em></strong></span> <span class='ocrx_word' id='word_1_543' title='bbox 2190 2184 2472 2231; x_wconf 88' lang='lat' dir='ltr'><strong><em>reservato</em></strong></span> <span class='ocrx_word' id='word_1_544' title='bbox 2503 2176 2557 2230; x_wconf 91' lang='lat' dir='ltr'><strong><em>in</em></strong></span> <span class='ocrx_word' id='word_1_545' title='bbox 2601 2186 2816 2245; x_wconf 90' lang='lat' dir='ltr'><strong><em>tempus</em></strong></span> <span class='ocrx_word' id='word_1_546' title='bbox 2854 2184 3211 2246; x_wconf 87' lang='lat' dir='ltr'><strong><em>opportunum</em></strong></span> <span class='ocrx_word' id='word_1_547' title='bbox 3244 2174 3310 2229; x_wconf 88' lang='lat' dir='ltr'><strong><em>de</em></strong></span> <span class='ocrx_word' id='word_1_548' title='bbox 3339 2173 3437 2229; x_wconf 78' lang='lat' dir='ltr'><strong><em>illo</em></strong></span> 
     </span>
    </p>
   </div>
   <div class='ocr_carea' id='block_1_69' title="bbox 1852 2263 3430 2333">
    <p class='ocr_par' dir='ltr' id='par_1_69' title="bbox 1852 2263 3430 2333">
     <span class='ocr_line' id='line_1_69' title="bbox 1852 2263 3430 2333; baseline 0.001 -17"><span class='ocrx_word' id='word_1_549' title='bbox 1852 2263 2257 2333; x_wconf 80' lang='lat' dir='ltr'><strong><em>dispensatorio</em></strong></span> <span class='ocrx_word' id='word_1_550' title='bbox 2283 2279 2557 2320; x_wconf 89' lang='lat' dir='ltr'><strong><em>sermone.</em></strong></span> <span class='ocrx_word' id='word_1_551' title='bbox 2596 2264 2714 2320; x_wconf 87' lang='lat' dir='ltr'><strong><em>Non</em></strong></span> <span class='ocrx_word' id='word_1_552' title='bbox 2777 2264 3065 2319; x_wconf 85' lang='lat' dir='ltr'><strong><em>videbatur</em></strong></span> <span class='ocrx_word' id='word_1_553' title='bbox 3118 2272 3247 2319; x_wconf 87' lang='lat' dir='ltr'><strong><em>tunc</em></strong></span> <span class='ocrx_word' id='word_1_554' title='bbox 3291 2269 3430 2318; x_wconf 86' lang='lat' dir='ltr'><strong><em>tem-</em></strong></span> 
     </span>
    </p>
   </div>
   <div class='ocr_carea' id='block_1_70' title="bbox 1851 2353 3435 2425">
    <p class='ocr_par' dir='ltr' id='par_1_70' title="bbox 1851 2353 3435 2425">
     <span class='ocr_line' id='line_1_70' title="bbox 1851 2353 3435 2425; baseline -0.001 -17"><span class='ocrx_word' id='word_1_555' title='bbox 1851 2355 1999 2425; x_wconf 86' lang='lat' dir='ltr'><strong><em>poris</em></strong></span> <span class='ocrx_word' id='word_1_556' title='bbox 2024 2370 2236 2424; x_wconf 69' lang='lat' dir='ltr'><strong><em>aequum</em></strong></span> <span class='ocrx_word' id='word_1_557' title='bbox 2263 2369 2408 2420; x_wconf 88' lang='lat' dir='ltr'><strong><em>esse,</em></strong></span> <span class='ocrx_word' id='word_1_558' title='bbox 2440 2364 2502 2409; x_wconf 91' lang='lat' dir='ltr'><strong><em>ut</em></strong></span> <span class='ocrx_word' id='word_1_559' title='bbox 2538 2354 2854 2411; x_wconf 83' lang='lat' dir='ltr'><strong><em>hominibus</em></strong></span> <span class='ocrx_word' id='word_1_560' title='bbox 2876 2354 2943 2409; x_wconf 88' lang='lat' dir='ltr'><strong><em>ad</em></strong></span> <span class='ocrx_word' id='word_1_561' title='bbox 2970 2369 3212 2410; x_wconf 85' lang='lat' dir='ltr'><strong><em>errorem</em></strong></span> <span class='ocrx_word' id='word_1_562' title='bbox 3231 2353 3299 2409; x_wconf 87' lang='lat' dir='ltr'><strong><em>de</em></strong></span> <span class='ocrx_word' id='word_1_563' title='bbox 3323 2354 3435 2407; x_wconf 87' lang='lat' dir='ltr'><strong><em>diis-</em></strong></span> 
     </span>
    </p>
   </div>
   <div class='ocr_carea' id='block_1_71' title="bbox 1853 2444 3430 2517">
    <p class='ocr_par' dir='ltr' id='par_1_71' title="bbox 1853 2444 3430 2517">
     <span class='ocr_line' id='line_1_71' title="bbox 1853 2444 3430 2517; baseline 0.001 -19"><span class='ocrx_word' id='word_1_564' title='bbox 1853 2445 2038 2501; x_wconf 87' lang='lat' dir='ltr'><strong><em>multis</em></strong></span> <span class='ocrx_word' id='word_1_565' title='bbox 2066 2445 2222 2501; x_wconf 78' lang='lat' dir='ltr'><strong><em>facile</em></strong></span> <span class='ocrx_word' id='word_1_566' title='bbox 2265 2445 2646 2515; x_wconf 88' lang='lat' dir='ltr'><strong><em>arrepentibus</em></strong></span> <span class='ocrx_word' id='word_1_567' title='bbox 2669 2485 2686 2513; x_wconf 91' lang='lat'><strong><em>,</em></strong></span> <span class='ocrx_word' id='word_1_568' title='bbox 2729 2445 3045 2517; x_wconf 79' lang='lat' dir='ltr'><strong><em>mysterium</em></strong></span> <span class='ocrx_word' id='word_1_569' title='bbox 3075 2444 3142 2500; x_wconf 90' lang='lat' dir='ltr'><strong><em>de</em></strong></span> <span class='ocrx_word' id='word_1_570' title='bbox 3167 2444 3330 2500; x_wconf 88' lang='lat' dir='ltr'><strong><em>Patre</em></strong></span> <span class='ocrx_word' id='word_1_571' title='bbox 3374 2454 3430 2500; x_wconf 87' lang='lat' dir='ltr'><strong><em>et</em></strong></span> 
     </span>
    </p>
   </div>
   <div class='ocr_carea' id='block_1_72' title="bbox 1852 2536 3431 2607">
    <p class='ocr_par' dir='ltr' id='par_1_72' title="bbox 1852 2536 3431 2607">
     <span class='ocr_line' id='line_1_72' title="bbox 1852 2536 3431 2607; baseline 0 -16"><span class='ocrx_word' id='word_1_572' title='bbox 1852 2536 1989 2593; x_wconf 79' lang='lat' dir='ltr'><strong><em>Filio</em></strong></span> <span class='ocrx_word' id='word_1_573' title='bbox 2019 2537 2371 2602; x_wconf 87' lang='lat' dir='ltr'><strong><em>revelaretur,</em></strong></span> <span class='ocrx_word' id='word_1_574' title='bbox 2430 2552 2554 2592; x_wconf 90' lang='lat' dir='ltr'><strong><em>cum</em></strong></span> <span class='ocrx_word' id='word_1_575' title='bbox 2590 2536 2724 2591; x_wconf 89' lang='lat' dir='ltr'><strong><em>nihil</em></strong></span> <span class='ocrx_word' id='word_1_576' title='bbox 2759 2540 2826 2591; x_wconf 90' lang='lat' dir='ltr'><strong><em>de</em></strong></span> <span class='ocrx_word' id='word_1_577' title='bbox 2861 2537 3124 2607; x_wconf 88' lang='lat' dir='ltr'><strong><em>subjectis</em></strong></span> <span class='ocrx_word' id='word_1_578' title='bbox 3156 2537 3305 2592; x_wconf 89' lang='lat' dir='ltr'><strong><em>hisce</em></strong></span> <span class='ocrx_word' id='word_1_579' title='bbox 3332 2551 3431 2606; x_wconf 85' lang='lat' dir='ltr'><strong><em>po-</em></strong></span> 
     </span>
    </p>
   </div>
   <div class='ocr_carea' id='block_1_73' title="bbox 1852 2627 3428 2698">
    <p class='ocr_par' dir='ltr' id='par_1_73' title="bbox 1852 2627 3428 2698">
     <span class='ocr_line' id='line_1_73' title="bbox 1852 2627 3428 2698; baseline -0.001 -16"><span class='ocrx_word' id='word_1_580' title='bbox 1852 2628 2136 2685; x_wconf 86' lang='lat' dir='ltr'><strong><em>testatibus</em></strong></span> <span class='ocrx_word' id='word_1_581' title='bbox 2184 2627 2514 2698; x_wconf 80' lang='lat' dir='ltr'><strong><em>patefactum</em></strong></span> <span class='ocrx_word' id='word_1_582' title='bbox 2545 2627 2731 2693; x_wconf 81' lang='lat' dir='ltr'><strong><em>fuerit,</em></strong></span> <span class='ocrx_word' id='word_1_583' title='bbox 2772 2642 2845 2682; x_wconf 88' lang='lat' dir='ltr'><strong><em>ne</em></strong></span> <span class='ocrx_word' id='word_1_584' title='bbox 2876 2642 2973 2696; x_wconf 87' lang='lat' dir='ltr'><strong><em>per</em></strong></span> <span class='ocrx_word' id='word_1_585' title='bbox 3016 2628 3161 2682; x_wconf 88' lang='lat' dir='ltr'><strong><em>hunc</em></strong></span> <span class='ocrx_word' id='word_1_586' title='bbox 3192 2637 3428 2696; x_wconf 65' lang='lat' dir='ltr'><strong><em>praetex-</em></strong></span> 
     </span>
    </p>
   </div>
   <div class='ocr_carea' id='block_1_74' title="bbox 1851 2719 3422 2792">
    <p class='ocr_par' dir='ltr' id='par_1_74' title="bbox 1851 2719 3422 2792">
     <span class='ocr_line' id='line_1_74' title="bbox 1851 2719 3422 2792; baseline -0.001 -17"><span class='ocrx_word' id='word_1_587' title='bbox 1851 2728 1963 2776; x_wconf 90' lang='lat' dir='ltr'><strong><em>tum</em></strong></span> <span class='ocrx_word' id='word_1_588' title='bbox 1991 2720 2066 2775; x_wconf 89' lang='lat' dir='ltr'><strong><em>illi</em></strong></span> <span class='ocrx_word' id='word_1_589' title='bbox 2132 2721 2200 2776; x_wconf 85' lang='lat' dir='ltr'><strong><em>ad</em></strong></span> <span class='ocrx_word' id='word_1_590' title='bbox 2255 2734 2590 2792; x_wconf 79' lang='lat' dir='ltr'><strong><em>paganorum</em></strong></span> <span class='ocrx_word' id='word_1_591' title='bbox 2632 2719 2969 2790; x_wconf 79' lang='lat' dir='ltr'><strong><em>polytheiam</em></strong></span> <span class='ocrx_word' id='word_1_592' title='bbox 3019 2719 3422 2781; x_wconf 88' lang='lat' dir='ltr'><strong><em>dilaberentur.</em></strong></span> 
     </span>
    </p>
   </div>
   <div class='ocr_carea' id='block_1_75' title="bbox 1851 2811 3432 2883">
    <p class='ocr_par' dir='ltr' id='par_1_75' title="bbox 1851 2811 3432 2883">
     <span class='ocr_line' id='line_1_75' title="bbox 1851 2811 3432 2883; baseline -0.001 -18"><span class='ocrx_word' id='word_1_593' title='bbox 1851 2813 1943 2883; x_wconf 89' lang='lat' dir='ltr'><strong><em>qui</em></strong></span> <span class='ocrx_word' id='word_1_594' title='bbox 1974 2812 2163 2868; x_wconf 81' lang='lat' dir='ltr'><strong><em>Jovem</em></strong></span> <span class='ocrx_word' id='word_1_595' title='bbox 2203 2827 2360 2867; x_wconf 81' lang='lat' dir='ltr'><strong><em>suum</em></strong></span> <span class='ocrx_word' id='word_1_596' title='bbox 2400 2822 2608 2879; x_wconf 89' lang='lat' dir='ltr'><strong><em>patrem</em></strong></span> <span class='ocrx_word' id='word_1_597' title='bbox 2653 2811 3042 2880; x_wconf 88' lang='lat' dir='ltr'><strong><em>hominumque</em></strong></span> <span class='ocrx_word' id='word_1_598' title='bbox 3094 2811 3432 2879; x_wconf 81' lang='lat' dir='ltr'><strong><em>deorumque</em></strong></span> 
     </span>
    </p>
   </div>
   <div class='ocr_carea' id='block_1_76' title="bbox 1849 2902 3429 2971">
    <p class='ocr_par' dir='ltr' id='par_1_76' title="bbox 1849 2902 3429 2971">
     <span class='ocr_line' id='line_1_76' title="bbox 1849 2902 3429 2971; baseline -0.001 -13"><span class='ocrx_word' id='word_1_599' title='bbox 1849 2918 2049 2959; x_wconf 83' lang='lat' dir='ltr'><strong><em>vocare</em></strong></span> <span class='ocrx_word' id='word_1_600' title='bbox 2070 2903 2274 2959; x_wconf 87' lang='lat' dir='ltr'><strong><em>solent.</em></strong></span> <span class='ocrx_word' id='word_1_601' title='bbox 2310 2904 2578 2971; x_wconf 81' lang='lat' dir='ltr'><strong><em>Quocirca</em></strong></span> <span class='ocrx_word' id='word_1_602' title='bbox 2616 2914 2680 2958; x_wconf 90' lang='lat' dir='ltr'><strong><em>ut</em></strong></span> <span class='ocrx_word' id='word_1_603' title='bbox 2725 2918 2973 2959; x_wconf 87' lang='lat' dir='ltr'><strong><em>errorem</em></strong></span> <span class='ocrx_word' id='word_1_604' title='bbox 3007 2903 3153 2959; x_wconf 84' lang='lat' dir='ltr'><strong><em>hunc</em></strong></span> <span class='ocrx_word' id='word_1_605' title='bbox 3180 2902 3429 2958; x_wconf 86' lang='lat' dir='ltr'><strong><em>elimina-</em></strong></span> 
     </span>
    </p>
   </div>
   <div class='ocr_carea' id='block_1_77' title="bbox 1850 2994 3433 3066">
    <p class='ocr_par' dir='ltr' id='par_1_77' title="bbox 1850 2994 3433 3066">
     <span class='ocr_line' id='line_1_77' title="bbox 1850 2994 3433 3066; baseline -0.002 -16"><span class='ocrx_word' id='word_1_606' title='bbox 1850 3007 1935 3051; x_wconf 92' lang='lat' dir='ltr'><strong><em>ret</em></strong></span> <span class='ocrx_word' id='word_1_607' title='bbox 1957 2994 2198 3052; x_wconf 80' lang='lat' dir='ltr'><strong><em>Verbum</em></strong></span> <span class='ocrx_word' id='word_1_608' title='bbox 2229 2996 2359 3051; x_wconf 83' lang='lat' dir='ltr'><strong><em>illud</em></strong></span> <span class='ocrx_word' id='word_1_609' title='bbox 2388 2996 2506 3061; x_wconf 87' lang='lat' dir='ltr'><strong><em>Dei,</em></strong></span> <span class='ocrx_word' id='word_1_610' title='bbox 2547 3012 2710 3050; x_wconf 81' lang='lat' dir='ltr'><strong><em>unum</em></strong></span> <span class='ocrx_word' id='word_1_611' title='bbox 2742 2997 2908 3050; x_wconf 82' lang='lat' dir='ltr'><strong><em>Deum</em></strong></span> <span class='ocrx_word' id='word_1_612' title='bbox 2936 2994 3296 3066; x_wconf 66' lang='lat' dir='ltr'><strong><em>praedicabat:</em></strong></span> <span class='ocrx_word' id='word_1_613' title='bbox 3318 3009 3433 3048; x_wconf 88' lang='lat' dir='ltr'><strong><em>non</em></strong></span> 
     </span>
    </p>
   </div>
   <div class='ocr_carea' id='block_1_78' title="bbox 1851 3089 3435 3159">
    <p class='ocr_par' dir='ltr' id='par_1_78' title="bbox 1851 3089 3435 3159">
     <span class='ocr_line' id='line_1_78' title="bbox 1851 3089 3435 3159; baseline -0.003 -16"><span class='ocrx_word' id='word_1_614' title='bbox 1851 3097 2032 3143; x_wconf 82' lang='lat' dir='ltr'><strong><em>tamen</em></strong></span> <span class='ocrx_word' id='word_1_615' title='bbox 2070 3089 2290 3159; x_wconf 86' lang='lat' dir='ltr'><strong><em>negavit</em></strong></span> <span class='ocrx_word' id='word_1_616' title='bbox 2312 3091 2560 3144; x_wconf 77' lang='lat' dir='ltr'><strong><em>eumdem</em></strong></span> <span class='ocrx_word' id='word_1_617' title='bbox 2612 3103 2735 3144; x_wconf 86' lang='lat' dir='ltr'><strong><em>esse</em></strong></span> <span class='ocrx_word' id='word_1_618' title='bbox 2776 3089 2992 3144; x_wconf 88' lang='lat' dir='ltr'><strong><em>Patrem</em></strong></span> <span class='ocrx_word' id='word_1_619' title='bbox 3028 3102 3257 3142; x_wconf 88' lang='lat' dir='ltr'><strong><em>:verum</em></strong></span> <span class='ocrx_word' id='word_1_620' title='bbox 3298 3099 3435 3140; x_wconf 84' lang='lat' dir='ltr'><strong><em>vero</em></strong></span> 
     </span>
    </p>
   </div>
   <div class='ocr_carea' id='block_1_79' title="bbox 1775 3163 3437 3251">
    <p class='ocr_par' dir='ltr' id='par_1_79' title="bbox 1775 3163 3437 3251">
     <span class='ocr_line' id='line_1_79' title="bbox 1775 3163 3437 3251; baseline -0.003 -16"><span class='ocrx_word' id='word_1_621' title='bbox 1775 3163 1818 3222; x_wconf 71' lang='grc' dir='ltr'>ο</span> <span class='ocrx_word' id='word_1_622' title='bbox 1852 3181 2019 3235; x_wconf 85' lang='lat' dir='ltr'><strong><em>Deum</em></strong></span> <span class='ocrx_word' id='word_1_623' title='bbox 2051 3181 2203 3235; x_wconf 91' lang='lat' dir='ltr'><strong><em>illum</em></strong></span> <span class='ocrx_word' id='word_1_624' title='bbox 2239 3183 2472 3237; x_wconf 87' lang='lat' dir='ltr'><strong><em>adorare</em></strong></span> <span class='ocrx_word' id='word_1_625' title='bbox 2506 3182 2735 3247; x_wconf 88' lang='lat' dir='ltr'><strong><em>docuit,</em></strong></span> <span class='ocrx_word' id='word_1_626' title='bbox 2798 3193 2853 3235; x_wconf 91' lang='lat' dir='ltr'><strong><em>et</em></strong></span> <span class='ocrx_word' id='word_1_627' title='bbox 2881 3188 3077 3251; x_wconf 62' lang='lat' dir='ltr'><strong><em>praeter</em></strong></span> <span class='ocrx_word' id='word_1_628' title='bbox 3108 3178 3256 3233; x_wconf 92' lang='lat' dir='ltr'><strong><em>illum</em></strong></span> <span class='ocrx_word' id='word_1_629' title='bbox 3305 3178 3437 3231; x_wconf 69' lang='lat' dir='ltr'><strong><em>nul-</em></strong></span> 
     </span>
    </p>
   </div>
   <div class='ocr_carea' id='block_1_80' title="bbox 1850 3268 3431 3328">
    <p class='ocr_par' dir='ltr' id='par_1_80' title="bbox 1850 3268 3431 3328">
     <span class='ocr_line' id='line_1_80' title="bbox 1850 3268 3431 3328; baseline -0.003 -2"><span class='ocrx_word' id='word_1_630' title='bbox 1850 3272 1958 3326; x_wconf 82' lang='lat' dir='ltr'><strong><em>lum</em></strong></span> <span class='ocrx_word' id='word_1_631' title='bbox 2006 3273 2174 3327; x_wconf 88' lang='lat' dir='ltr'><strong><em>alium</em></strong></span> <span class='ocrx_word' id='word_1_632' title='bbox 2226 3273 2479 3328; x_wconf 84' lang='lat' dir='ltr'><strong><em>arbitrari</em></strong></span> <span class='ocrx_word' id='word_1_633' title='bbox 2534 3274 2700 3327; x_wconf 88' lang='lat' dir='ltr'><strong><em>Deum</em></strong></span> <span class='ocrx_word' id='word_1_634' title='bbox 2749 3271 2986 3327; x_wconf 80' lang='lat' dir='ltr'><strong><em>erudivit</em></strong></span> <span class='ocrx_word' id='word_1_635' title='bbox 3019 3287 3034 3325; x_wconf 92' lang='lat'><strong>:</strong></span> <span class='ocrx_word' id='word_1_636' title='bbox 3066 3271 3161 3326; x_wconf 89' lang='lat' dir='ltr'><strong><em>sed</em></strong></span> <span class='ocrx_word' id='word_1_637' title='bbox 3207 3268 3431 3323; x_wconf 86' lang='lat' dir='ltr'><strong><em>minime</em></strong></span> 
     </span>
    </p>
   </div>
   <div class='ocr_carea' id='block_1_81' title="bbox 1849 3363 3431 3431">
    <p class='ocr_par' dir='ltr' id='par_1_81' title="bbox 1849 3363 3431 3431">
     <span class='ocr_line' id='line_1_81' title="bbox 1849 3363 3431 3431; baseline -0.003 -11"><span class='ocrx_word' id='word_1_638' title='bbox 1849 3366 2122 3421; x_wconf 78' lang='lat' dir='ltr'><strong><em>inliciatur</em></strong></span> <span class='ocrx_word' id='word_1_639' title='bbox 2170 3365 2318 3420; x_wconf 89' lang='lat' dir='ltr'><strong><em>illum</em></strong></span> <span class='ocrx_word' id='word_1_640' title='bbox 2365 3380 2490 3422; x_wconf 90' lang='lat' dir='ltr'><strong><em>esse</em></strong></span> <span class='ocrx_word' id='word_1_641' title='bbox 2532 3364 2772 3431; x_wconf 86' lang='lat' dir='ltr'><strong><em>Patrem,</em></strong></span> <span class='ocrx_word' id='word_1_642' title='bbox 2821 3370 2880 3428; x_wconf 50' lang='grc' dir='ltr'>ὦ</span> <span class='ocrx_word' id='word_1_643' title='bbox 2934 3364 2981 3419; x_wconf 89' lang='lat' dir='ltr'><strong><em>si</em></strong></span> <span class='ocrx_word' id='word_1_644' title='bbox 3028 3363 3312 3418; x_wconf 89' lang='lat' dir='ltr'><strong><em>Dominum</em></strong></span> <span class='ocrx_word' id='word_1_645' title='bbox 3372 3368 3431 3415; x_wconf 74' lang='lat' dir='ltr'><strong><em>et</em></strong></span> 
     </span>
    </p>
   </div>
   <div class='ocr_carea' id='block_1_82' title="bbox 1848 3455 3435 3525">
    <p class='ocr_par' dir='ltr' id='par_1_82' title="bbox 1848 3455 3435 3525">
     <span class='ocr_line' id='line_1_82' title="bbox 1848 3455 3435 3525; baseline -0.004 -12"><span class='ocrx_word' id='word_1_646' title='bbox 1848 3460 2016 3515; x_wconf 87' lang='lat' dir='ltr'><strong><em>Deum</em></strong></span> <span class='ocrx_word' id='word_1_647' title='bbox 2053 3458 2201 3512; x_wconf 91' lang='lat' dir='ltr'><strong><em>illum</em></strong></span> <span class='ocrx_word' id='word_1_648' title='bbox 2226 3498 2242 3523; x_wconf 91' lang='lat'><strong><em>,</em></strong></span> <span class='ocrx_word' id='word_1_649' title='bbox 2274 3468 2330 3511; x_wconf 89' lang='lat' dir='ltr'><strong><em>et</em></strong></span> <span class='ocrx_word' id='word_1_650' title='bbox 2382 3458 2591 3525; x_wconf 80' lang='lat' dir='ltr'><strong><em>justum</em></strong></span> <span class='ocrx_word' id='word_1_651' title='bbox 2636 3456 2935 3511; x_wconf 87' lang='lat' dir='ltr'><strong><em>nominavit</em></strong></span> <span class='ocrx_word' id='word_1_652' title='bbox 2960 3464 3015 3511; x_wconf 88' lang='lat' dir='ltr'><strong><em>et</em></strong></span> <span class='ocrx_word' id='word_1_653' title='bbox 3054 3455 3435 3518; x_wconf 67' lang='lat' dir='ltr'><strong><em>Servatorem,</em></strong></span> 
     </span>
    </p>
   </div>
   <div class='ocr_carea' id='block_1_83' title="bbox 1848 3547 3430 3610">
    <p class='ocr_par' dir='ltr' id='par_1_83' title="bbox 1848 3547 3430 3610">
     <span class='ocr_line' id='line_1_83' title="bbox 1848 3547 3430 3610; baseline -0.003 -7"><span class='ocrx_word' id='word_1_654' title='bbox 1848 3565 1953 3603; x_wconf 86' lang='lat' dir='ltr'><strong><em>non</em></strong></span> <span class='ocrx_word' id='word_1_655' title='bbox 1983 3548 2218 3605; x_wconf 84' lang='lat' dir='ltr'><strong><em>exclusit</em></strong></span> <span class='ocrx_word' id='word_1_656' title='bbox 2242 3563 2411 3603; x_wconf 88' lang='lat' dir='ltr'><strong><em>euma</em></strong></span> <span class='ocrx_word' id='word_1_657' title='bbox 2439 3548 2597 3603; x_wconf 92' lang='lat' dir='ltr'><strong><em>titulo</em></strong></span> <span class='ocrx_word' id='word_1_658' title='bbox 2627 3547 2828 3610; x_wconf 87' lang='lat' dir='ltr'><strong><em>Patris.</em></strong></span> <span class='ocrx_word' id='word_1_659' title='bbox 2853 3557 3037 3602; x_wconf 88' lang='lat' dir='ltr'><strong><em>tamen</em></strong></span> <span class='ocrx_word' id='word_1_660' title='bbox 3070 3554 3129 3599; x_wconf 90' lang='lat' dir='ltr'><strong><em>ut</em></strong></span> <span class='ocrx_word' id='word_1_661' title='bbox 3158 3561 3263 3600; x_wconf 87' lang='lat' dir='ltr'><strong><em>non</em></strong></span> <span class='ocrx_word' id='word_1_662' title='bbox 3285 3554 3430 3600; x_wconf 83' lang='lat' dir='ltr'><strong><em>esset</em></strong></span> 
     </span>
    </p>
   </div>
   <div class='ocr_carea' id='block_1_84' title="bbox 1849 3638 3423 3714">
    <p class='ocr_par' dir='ltr' id='par_1_84' title="bbox 1849 3638 3423 3714">
     <span class='ocr_line' id='line_1_84' title="bbox 1849 3638 3423 3714; baseline -0.004 -17"><span class='ocrx_word' id='word_1_663' title='bbox 1849 3643 2009 3697; x_wconf 86' lang='lat' dir='ltr'><strong><em>Pater</em></strong></span> <span class='ocrx_word' id='word_1_664' title='bbox 2042 3643 2305 3714; x_wconf 87' lang='lat' dir='ltr'><strong><em>unigeniti</em></strong></span> <span class='ocrx_word' id='word_1_665' title='bbox 2344 3651 2399 3697; x_wconf 85' lang='lat' dir='ltr'><strong><em>et</em></strong></span> <span class='ocrx_word' id='word_1_666' title='bbox 2424 3642 2604 3697; x_wconf 86' lang='lat' dir='ltr'><strong><em>dilecti</em></strong></span> <span class='ocrx_word' id='word_1_667' title='bbox 2632 3642 2713 3695; x_wconf 89' lang='lat' dir='ltr'><strong><em>sui</em></strong></span> <span class='ocrx_word' id='word_1_668' title='bbox 2745 3640 2865 3695; x_wconf 87' lang='lat' dir='ltr'><strong><em>Filii</em></strong></span> <span class='ocrx_word' id='word_1_669' title='bbox 2901 3659 2915 3695; x_wconf 88' lang='lat'><strong>:</strong></span> <span class='ocrx_word' id='word_1_670' title='bbox 2947 3641 3066 3695; x_wconf 89' lang='lat' dir='ltr'><strong><em>sive</em></strong></span> <span class='ocrx_word' id='word_1_671' title='bbox 3094 3654 3222 3711; x_wconf 89' lang='lat' dir='ltr'><strong><em>ergo</em></strong></span> <span class='ocrx_word' id='word_1_672' title='bbox 3240 3638 3423 3704; x_wconf 85' lang='lat' dir='ltr'><strong><em>Pater,</em></strong></span> 
     </span>
    </p>
   </div>
   <div class='ocr_carea' id='block_1_85' title="bbox 1847 3729 3431 3803">
    <p class='ocr_par' dir='ltr' id='par_1_85' title="bbox 1847 3729 3431 3803">
     <span class='ocr_line' id='line_1_85' title="bbox 1847 3729 3431 3803; baseline -0.004 -14"><span class='ocrx_word' id='word_1_673' title='bbox 1847 3748 1942 3789; x_wconf 87' lang='lat' dir='ltr'><strong><em>seu</em></strong></span> <span class='ocrx_word' id='word_1_674' title='bbox 1993 3733 2163 3790; x_wconf 88' lang='lat' dir='ltr'><strong><em>Filius</em></strong></span> <span class='ocrx_word' id='word_1_675' title='bbox 2191 3733 2323 3789; x_wconf 88' lang='lat' dir='ltr'><strong><em>illud</em></strong></span> <span class='ocrx_word' id='word_1_676' title='bbox 2354 3735 2469 3799; x_wconf 89' lang='lat' dir='ltr'><strong><em>ait,</em></strong></span> <span class='ocrx_word' id='word_1_677' title='bbox 2503 3732 2619 3802; x_wconf 88' lang='lat' dir='ltr'><strong><em>Ego</em></strong></span> <span class='ocrx_word' id='word_1_678' title='bbox 2653 3748 2768 3787; x_wconf 76' lang='lat' dir='ltr'><strong><em>sum</em></strong></span> <span class='ocrx_word' id='word_1_679' title='bbox 2798 3732 2890 3803; x_wconf 86' lang='lat' dir='ltr'><strong><em>qui</em></strong></span> <span class='ocrx_word' id='word_1_680' title='bbox 2932 3746 3049 3785; x_wconf 81' lang='lat' dir='ltr'><strong><em>sum</em></strong></span> <span class='ocrx_word' id='word_1_681' title='bbox 3091 3730 3157 3795; x_wconf 60' lang='lat'><strong><em>*3,</em></strong></span> <span class='ocrx_word' id='word_1_682' title='bbox 3202 3729 3431 3797; x_wconf 83' lang='lat' dir='ltr'><strong><em>omnino</em></strong></span> 
     </span>
    </p>
   </div>
   <div class='ocr_carea' id='block_1_86' title="bbox 1847 3818 3426 3894">
    <p class='ocr_par' dir='ltr' id='par_1_86' title="bbox 1847 3818 3426 3894">
     <span class='ocr_line' id='line_1_86' title="bbox 1847 3818 3426 3894; baseline -0.003 -16"><span class='ocrx_word' id='word_1_683' title='bbox 1847 3825 2188 3878; x_wconf 88' lang='lat' dir='ltr'><strong><em>verissimum</em></strong></span> <span class='ocrx_word' id='word_1_684' title='bbox 2219 3833 2322 3888; x_wconf 86' lang='lat' dir='ltr'><strong><em>est,</em></strong></span> <span class='ocrx_word' id='word_1_685' title='bbox 2350 3824 2495 3894; x_wconf 88' lang='lat' dir='ltr'><strong><em>quod</em></strong></span> <span class='ocrx_word' id='word_1_686' title='bbox 2540 3824 2634 3878; x_wconf 88' lang='lat' dir='ltr'><strong><em>abs</em></strong></span> <span class='ocrx_word' id='word_1_687' title='bbox 2681 3823 2889 3877; x_wconf 72' lang='lat' dir='ltr'><strong><em>utroVis</em></strong></span> <span class='ocrx_word' id='word_1_688' title='bbox 2937 3822 3161 3877; x_wconf 89' lang='lat' dir='ltr'><strong><em>dicitur.</em></strong></span> <span class='ocrx_word' id='word_1_689' title='bbox 3190 3818 3426 3874; x_wconf 79' lang='lat' dir='ltr'><strong><em>Namet</em></strong></span> 
     </span>
    </p>
   </div>
   <div class='ocr_carea' id='block_1_87' title="bbox 1848 3911 3422 3988">
    <p class='ocr_par' dir='ltr' id='par_1_87' title="bbox 1848 3911 3422 3988">
     <span class='ocr_line' id='line_1_87' title="bbox 1848 3911 3422 3988; baseline -0.003 -18"><span class='ocrx_word' id='word_1_690' title='bbox 1848 3915 2012 3971; x_wconf 87' lang='lat' dir='ltr'><strong><em>Pater</em></strong></span> <span class='ocrx_word' id='word_1_691' title='bbox 2045 3925 2129 3971; x_wconf 88' lang='lat' dir='ltr'><strong><em>est</em></strong></span> <span class='ocrx_word' id='word_1_692' title='bbox 2154 3956 2171 3981; x_wconf 89' lang='lat'><strong><em>,</em></strong></span> <span class='ocrx_word' id='word_1_693' title='bbox 2205 3916 2298 3988; x_wconf 79' lang='lat' dir='ltr'><strong><em>qui</em></strong></span> <span class='ocrx_word' id='word_1_694' title='bbox 2340 3932 2460 3971; x_wconf 80' lang='lat' dir='ltr'><strong><em>sum</em></strong></span> <span class='ocrx_word' id='word_1_695' title='bbox 2484 3956 2501 3983; x_wconf 92' lang='lat'><strong><em>,</em></strong></span> <span class='ocrx_word' id='word_1_696' title='bbox 2535 3929 2658 3970; x_wconf 86' lang='lat' dir='ltr'><strong><em>cum</em></strong></span> <span class='ocrx_word' id='word_1_697' title='bbox 2700 3915 2771 3970; x_wconf 89' lang='lat' dir='ltr'><strong><em>sit</em></strong></span> <span class='ocrx_word' id='word_1_698' title='bbox 2815 3912 2963 3969; x_wconf 85' lang='lat' dir='ltr'><strong><em>solus</em></strong></span> <span class='ocrx_word' id='word_1_699' title='bbox 3000 3928 3163 3983; x_wconf 82' lang='lat' dir='ltr'><strong><em>super</em></strong></span> <span class='ocrx_word' id='word_1_700' title='bbox 3205 3911 3422 3977; x_wconf 85' lang='lat' dir='ltr'><strong><em>omnia,</em></strong></span> 
     </span>
    </p>
   </div>
   <div class='ocr_carea' id='block_1_88' title="bbox 1847 4002 3437 4078">
    <p class='ocr_par' dir='ltr' id='par_1_88' title="bbox 1847 4002 3437 4078">
     <span class='ocr_line' id='line_1_88' title="bbox 1847 4002 3437 4078; baseline -0.002 -17"><span class='ocrx_word' id='word_1_701' title='bbox 1847 4022 1945 4078; x_wconf 86' lang='lat' dir='ltr'><strong><em>per</em></strong></span> <span class='ocrx_word' id='word_1_702' title='bbox 1987 4008 2168 4062; x_wconf 90' lang='lat' dir='ltr'><strong><em>omnia</em></strong></span> <span class='ocrx_word' id='word_1_703' title='bbox 2197 4016 2253 4063; x_wconf 91' lang='lat' dir='ltr'><strong><em>et</em></strong></span> <span class='ocrx_word' id='word_1_704' title='bbox 2278 4007 2333 4062; x_wconf 91' lang='lat' dir='ltr'><strong><em>in</em></strong></span> <span class='ocrx_word' id='word_1_705' title='bbox 2373 4006 2629 4062; x_wconf 85' lang='lat' dir='ltr'><strong><em>omnibus</em></strong></span> <span class='ocrx_word' id='word_1_706' title='bbox 2678 4006 2855 4070; x_wconf 87' lang='lat' dir='ltr'><strong><em>Deus,</em></strong></span> <span class='ocrx_word' id='word_1_707' title='bbox 2897 4004 3039 4075; x_wconf 90' lang='lat' dir='ltr'><strong><em>quod</em></strong></span> <span class='ocrx_word' id='word_1_708' title='bbox 3087 4019 3187 4058; x_wconf 92' lang='lat' dir='ltr'><strong><em>nos</em></strong></span> <span class='ocrx_word' id='word_1_709' title='bbox 3213 4002 3437 4058; x_wconf 75' lang='lat' dir='ltr'><strong><em>divinus</em></strong></span> 
     </span>
    </p>
   </div>
   <div class='ocr_carea' id='block_1_89' title="bbox 1848 4098 3433 4171">
    <p class='ocr_par' dir='ltr' id='par_1_89' title="bbox 1848 4098 3433 4171">
     <span class='ocr_line' id='line_1_89' title="bbox 1848 4098 3433 4171; baseline -0.004 -16"><span class='ocrx_word' id='word_1_710' title='bbox 1848 4101 2030 4155; x_wconf 86' lang='lat' dir='ltr'><strong><em>docuit</em></strong></span> <span class='ocrx_word' id='word_1_711' title='bbox 2058 4099 2366 4171; x_wconf 75' lang='lat' dir='ltr'><strong><em>Apostolus.</em></strong></span> <span class='ocrx_word' id='word_1_712' title='bbox 2407 4098 2513 4154; x_wconf 92' lang='lat' dir='ltr'><strong><em>Sed</em></strong></span> <span class='ocrx_word' id='word_1_713' title='bbox 2541 4107 2595 4153; x_wconf 92' lang='lat' dir='ltr'><strong><em>et</em></strong></span> <span class='ocrx_word' id='word_1_714' title='bbox 2628 4098 2803 4153; x_wconf 85' lang='lat' dir='ltr'><strong><em>Filius</em></strong></span> <span class='ocrx_word' id='word_1_715' title='bbox 2831 4100 2877 4153; x_wconf 85' lang='lat' dir='ltr'><strong><em>si</em></strong></span> <span class='ocrx_word' id='word_1_716' title='bbox 2915 4098 3129 4153; x_wconf 91' lang='lat' dir='ltr'><strong><em>dicatur</em></strong></span> <span class='ocrx_word' id='word_1_717' title='bbox 3153 4098 3244 4167; x_wconf 87' lang='lat' dir='ltr'><strong><em>qui</em></strong></span> <span class='ocrx_word' id='word_1_718' title='bbox 3268 4112 3385 4150; x_wconf 73' lang='lat' dir='ltr'><strong><em>sum</em></strong></span> <span class='ocrx_word' id='word_1_719' title='bbox 3406 4134 3433 4160; x_wconf 84' lang='lat'><strong><em>,</em></strong></span> 
     </span>
    </p>
   </div>
   <div class='ocr_carea' id='block_1_90' title="bbox 1846 4184 3428 4255">
    <p class='ocr_par' dir='ltr' id='par_1_90' title="bbox 1846 4184 3428 4255">
     <span class='ocr_line' id='line_1_90' title="bbox 1846 4184 3428 4255; baseline -0.003 -12"><span class='ocrx_word' id='word_1_720' title='bbox 1846 4204 1977 4246; x_wconf 85' lang='lat' dir='ltr'><strong><em>vere</em></strong></span> <span class='ocrx_word' id='word_1_721' title='bbox 2022 4189 2100 4245; x_wconf 87' lang='lat' dir='ltr'><strong><em>sic</em></strong></span> <span class='ocrx_word' id='word_1_722' title='bbox 2133 4191 2372 4245; x_wconf 84' lang='lat' dir='ltr'><strong><em>dicitur:</em></strong></span> <span class='ocrx_word' id='word_1_723' title='bbox 2403 4202 2530 4243; x_wconf 90' lang='lat' dir='ltr'><strong><em>cum</em></strong></span> <span class='ocrx_word' id='word_1_724' title='bbox 2559 4187 2710 4243; x_wconf 90' lang='lat' dir='ltr'><strong><em>solus</em></strong></span> <span class='ocrx_word' id='word_1_725' title='bbox 2744 4188 2819 4242; x_wconf 90' lang='lat' dir='ltr'><strong><em>sit</em></strong></span> <span class='ocrx_word' id='word_1_726' title='bbox 2843 4185 3019 4240; x_wconf 85' lang='lat' dir='ltr'><strong><em>Filius</em></strong></span> <span class='ocrx_word' id='word_1_727' title='bbox 3052 4186 3145 4241; x_wconf 92' lang='lat' dir='ltr'><strong><em>Dei</em></strong></span> <span class='ocrx_word' id='word_1_728' title='bbox 3179 4184 3428 4255; x_wconf 82' lang='lat' dir='ltr'><strong><em>unigeni-</em></strong></span> 
     </span>
    </p>
   </div>
   <div class='ocr_carea' id='block_1_91' title="bbox 1850 4274 3441 4354">
    <p class='ocr_par' dir='ltr' id='par_1_91' title="bbox 1850 4274 3441 4354">
     <span class='ocr_line' id='line_1_91' title="bbox 1850 4274 3441 4354; baseline -0.003 -19"><span class='ocrx_word' id='word_1_729' title='bbox 1850 4291 1936 4337; x_wconf 88' lang='lat' dir='ltr'><strong><em>tus</em></strong></span> <span class='ocrx_word' id='word_1_730' title='bbox 1975 4280 2093 4354; x_wconf 71' lang='lat' dir='ltr'><strong><em>eius</em></strong></span> <span class='ocrx_word' id='word_1_731' title='bbox 2117 4321 2132 4345; x_wconf 89' lang='lat'><strong><em>,</em></strong></span> <span class='ocrx_word' id='word_1_732' title='bbox 2163 4280 2254 4350; x_wconf 87' lang='lat' dir='ltr'><strong><em>qui</em></strong></span> <span class='ocrx_word' id='word_1_733' title='bbox 2297 4290 2395 4346; x_wconf 75' lang='lat' dir='ltr'><strong><em>est,</em></strong></span> <span class='ocrx_word' id='word_1_734' title='bbox 2442 4294 2564 4334; x_wconf 87' lang='lat' dir='ltr'><strong><em>cum</em></strong></span> <span class='ocrx_word' id='word_1_735' title='bbox 2593 4279 2665 4335; x_wconf 87' lang='lat' dir='ltr'><strong><em>sit</em></strong></span> <span class='ocrx_word' id='word_1_736' title='bbox 2707 4279 2884 4350; x_wconf 84' lang='lat' dir='ltr'><strong><em>imago</em></strong></span> <span class='ocrx_word' id='word_1_737' title='bbox 2920 4277 3019 4332; x_wconf 88' lang='lat' dir='ltr'><strong><em>Dei</em></strong></span> <span class='ocrx_word' id='word_1_738' title='bbox 3048 4278 3325 4331; x_wconf 79' lang='lat' dir='ltr'><strong><em>invisibilis</em></strong></span> <span class='ocrx_word' id='word_1_739' title='bbox 3354 4274 3441 4341; x_wconf 46' lang='grc' dir='ltr'>δὴ.</span> 
     </span>
    </p>
   </div>
   <div class='ocr_carea' id='block_1_92' title="bbox 1848 4369 3441 4443">
    <p class='ocr_par' dir='ltr' id='par_1_92' title="bbox 1848 4369 3441 4443">
     <span class='ocr_line' id='line_1_92' title="bbox 1848 4369 3441 4443; baseline -0.006 -13"><span class='ocrx_word' id='word_1_740' title='bbox 1848 4386 1905 4431; x_wconf 87' lang='lat' dir='ltr'><strong><em>et</em></strong></span> <span class='ocrx_word' id='word_1_741' title='bbox 1944 4388 2013 4429; x_wconf 89' lang='lat' dir='ltr'><strong><em>eo</em></strong></span> <span class='ocrx_word' id='word_1_742' title='bbox 2042 4374 2160 4442; x_wconf 90' lang='lat' dir='ltr'><strong><em>ipso</em></strong></span> <span class='ocrx_word' id='word_1_743' title='bbox 2203 4372 2275 4427; x_wconf 87' lang='lat' dir='ltr'><strong><em>sit</em></strong></span> <span class='ocrx_word' id='word_1_744' title='bbox 2306 4372 2488 4443; x_wconf 81' lang='lat' dir='ltr'><strong><em>imago</em></strong></span> <span class='ocrx_word' id='word_1_745' title='bbox 2510 4369 2663 4438; x_wconf 81' lang='lat' dir='ltr'><strong><em>eius.</em></strong></span> <span class='ocrx_word' id='word_1_746' title='bbox 2703 4371 2845 4440; x_wconf 89' lang='lat' dir='ltr'><strong><em>quod</em></strong></span> <span class='ocrx_word' id='word_1_747' title='bbox 2876 4373 3027 4425; x_wconf 82' lang='lat' dir='ltr'><strong><em>solus</em></strong></span> <span class='ocrx_word' id='word_1_748' title='bbox 3053 4369 3169 4440; x_wconf 89' lang='lat' dir='ltr'><strong><em>ipse</em></strong></span> <span class='ocrx_word' id='word_1_749' title='bbox 3202 4370 3273 4424; x_wconf 88' lang='lat' dir='ltr'><strong><em>sit</em></strong></span> <span class='ocrx_word' id='word_1_750' title='bbox 3336 4369 3441 4436; x_wconf 69' lang='lat' dir='ltr'><strong><em>qui</em></strong></span> 
     </span>
    </p>
   </div>
   <div class='ocr_carea' id='block_1_93' title="bbox 1849 4459 3444 4533">
    <p class='ocr_par' dir='ltr' id='par_1_93' title="bbox 1849 4459 3444 4533">
     <span class='ocr_line' id='line_1_93' title="bbox 1849 4459 3444 4533; baseline -0.004 -13"><span class='ocrx_word' id='word_1_751' title='bbox 1849 4464 2229 4533; x_wconf 71' lang='lat' dir='ltr'><strong><em>est.Adeoque</em></strong></span> <span class='ocrx_word' id='word_1_752' title='bbox 2259 4472 2484 4518; x_wconf 86' lang='lat' dir='ltr'><strong><em>vocetur</em></strong></span> <span class='ocrx_word' id='word_1_753' title='bbox 2518 4471 2573 4518; x_wconf 89' lang='lat' dir='ltr'><strong><em>et</em></strong></span> <span class='ocrx_word' id='word_1_754' title='bbox 2632 4462 2720 4516; x_wconf 91' lang='lat' dir='ltr'><strong><em>ille</em></strong></span> <span class='ocrx_word' id='word_1_755' title='bbox 2764 4462 2991 4532; x_wconf 74' lang='lat' dir='ltr'><strong><em>quiest,</em></strong></span> <span class='ocrx_word' id='word_1_756' title='bbox 3021 4477 3144 4516; x_wconf 90' lang='lat' dir='ltr'><strong><em>cum</em></strong></span> <span class='ocrx_word' id='word_1_757' title='bbox 3192 4469 3247 4515; x_wconf 89' lang='lat' dir='ltr'><strong><em>et</em></strong></span> <span class='ocrx_word' id='word_1_758' title='bbox 3285 4459 3444 4514; x_wconf 82' lang='lat' dir='ltr'><strong><em>Deus-</em></strong></span> 
     </span>
    </p>
   </div>
   <div class='ocr_carea' id='block_1_94' title="bbox 168 4556 3441 4635">
    <p class='ocr_par' dir='ltr' id='par_1_94' title="bbox 168 4556 3441 4635">
     <span class='ocr_line' id='line_1_94' title="bbox 168 4556 3441 4635; baseline -0.002 -20"><span class='ocrx_word' id='word_1_759' title='bbox 168 4561 244 4615; x_wconf 88' lang='lat' dir='ltr'><strong><em>sit</em></strong></span> <span class='ocrx_word' id='word_1_760' title='bbox 268 4571 323 4614; x_wconf 91' lang='lat' dir='ltr'><strong><em>et</em></strong></span> <span class='ocrx_word' id='word_1_761' title='bbox 353 4560 608 4618; x_wconf 86' lang='lat' dir='ltr'><strong><em>Dominus</em></strong></span> <span class='ocrx_word' id='word_1_762' title='bbox 631 4563 881 4620; x_wconf 88' lang='lat' dir='ltr'><strong><em>similiter</em></strong></span> <span class='ocrx_word' id='word_1_763' title='bbox 909 4572 1080 4635; x_wconf 85' lang='lat' dir='ltr'><strong><em>atque</em></strong></span> <span class='ocrx_word' id='word_1_764' title='bbox 1105 4563 1267 4619; x_wconf 84' lang='lat' dir='ltr'><strong><em>Pater</em></strong></span> <span class='ocrx_word' id='word_1_765' title='bbox 1292 4572 1374 4620; x_wconf 89' lang='lat' dir='ltr'><strong><em>est</em></strong></span> <span class='ocrx_word' id='word_1_766' title='bbox 1394 4572 1449 4620; x_wconf 90' lang='lat' dir='ltr'><strong><em>et</em></strong></span> <span class='ocrx_word' id='word_1_767' title='bbox 1480 4562 1741 4619; x_wconf 85' lang='lat' dir='ltr'><strong><em>Dominus</em></strong></span> <span class='ocrx_word' id='word_1_768' title='bbox 1780 4575 1846 4617; x_wconf 87' lang='lat' dir='ltr'><strong><em>ac</em></strong></span> <span class='ocrx_word' id='word_1_769' title='bbox 1906 4560 2049 4617; x_wconf 91' lang='lat' dir='ltr'><strong><em>Deus</em></strong></span> <span class='ocrx_word' id='word_1_770' title='bbox 2077 4579 2105 4615; x_wconf 73' lang='grc' dir='ltr'><strong><em>ε·</em></strong></span> <span class='ocrx_word' id='word_1_771' title='bbox 2125 4559 2395 4630; x_wconf 86' lang='lat' dir='ltr'><strong><em>quomodo</em></strong></span> <span class='ocrx_word' id='word_1_772' title='bbox 2419 4574 2518 4630; x_wconf 86' lang='lat' dir='ltr'><strong><em>per</em></strong></span> <span class='ocrx_word' id='word_1_773' title='bbox 2576 4557 2892 4628; x_wconf 85' lang='lat' dir='ltr'><strong><em>Seripturas</em></strong></span> <span class='ocrx_word' id='word_1_774' title='bbox 2919 4556 3201 4612; x_wconf 88' lang='lat' dir='ltr'><strong><em>universas</em></strong></span> <span class='ocrx_word' id='word_1_775' title='bbox 3218 4571 3441 4610; x_wconf 49' lang='lat' dir='ltr'><strong><em>annunw</em></strong></span> 
     </span>
    </p>
   </div>
   <div class='ocr_carea' id='block_1_95' title="bbox 166 4656 357 4710">
    <p class='ocr_par' dir='ltr' id='par_1_95' title="bbox 166 4656 357 4710">
     <span class='ocr_line' id='line_1_95' title="bbox 166 4656 357 4710; baseline -0.005 0"><span class='ocrx_word' id='word_1_776' title='bbox 166 4656 357 4710; x_wconf 69' lang='lat' dir='ltr'><strong><em>tiatur.</em></strong></span> 
     </span>
    </p>
   </div>
   <div class='ocr_carea' id='block_1_96' title="bbox 790 4752 1112 4806">
    <p class='ocr_par' dir='ltr' id='par_1_96' title="bbox 790 4752 1112 4806">
     <span class='ocr_line' id='line_1_96' title="bbox 790 4752 1112 4806; baseline 0.003 -1"><span class='ocrx_word' id='word_1_777' title='bbox 790 4752 946 4806; x_wconf 84' lang='grc' dir='ltr'>ΚΕΦ.</span> <span class='ocrx_word' id='word_1_778' title='bbox 979 4753 1112 4806; x_wconf 84' lang='lat' dir='ltr'><strong><em>KA&#39;.</em></strong></span> 
     </span>
    </p>
   </div>
   <div class='ocr_carea' id='block_1_97' title="bbox 170 4836 1749 4914">
    <p class='ocr_par' dir='ltr' id='par_1_97' title="bbox 170 4836 1749 4914">
     <span class='ocr_line' id='line_1_97' title="bbox 170 4836 1749 4914; baseline 0.004 -23"><span class='ocrx_word' id='word_1_779' title='bbox 170 4837 296 4891; x_wconf 84' lang='grc' dir='ltr'>ὀτι</span> <span class='ocrx_word' id='word_1_780' title='bbox 320 4840 353 4893; x_wconf 82' lang='grc' dir='ltr'><em>ὁ</em></span> <span class='ocrx_word' id='word_1_781' title='bbox 386 4838 517 4914; x_wconf 57' lang='lat' dir='ltr'><strong><em>mp</em></strong></span> <span class='ocrx_word' id='word_1_782' title='bbox 536 4836 615 4904; x_wconf 76' lang='grc' dir='ltr'><strong><em>ἦν</em></strong></span> <span class='ocrx_word' id='word_1_783' title='bbox 635 4841 739 4896; x_wconf 87' lang='grc' dir='ltr'>τοῦ</span> <span class='ocrx_word' id='word_1_784' title='bbox 770 4843 935 4907; x_wconf 86' lang='grc' dir='ltr'>Θεοῦ,</span> <span class='ocrx_word' id='word_1_785' title='bbox 970 4845 1002 4896; x_wconf 87' lang='grc' dir='ltr'><em>ὀ</em></span> <span class='ocrx_word' id='word_1_786' title='bbox 1034 4841 1238 4897; x_wconf 86' lang='grc' dir='ltr'>Μωσεῐ</span> <span class='ocrx_word' id='word_1_787' title='bbox 1255 4841 1354 4896; x_wconf 73' lang='grc' dir='ltr'><strong><em>καὶ</em></strong></span> <span class='ocrx_word' id='word_1_788' title='bbox 1383 4841 1465 4909; x_wconf 80' lang='grc' dir='ltr'><strong><em>τῷ</em></strong></span> <span class='ocrx_word' id='word_1_789' title='bbox 1504 4841 1749 4912; x_wconf 74' lang='grc' dir='ltr'>Ἀϐραὰμ</span> 
     </span>
    </p>
   </div>
   <div class='ocr_carea' id='block_1_98' title="bbox 765 4914 1155 4983">
    <p class='ocr_par' dir='ltr' id='par_1_98' title="bbox 765 4914 1155 4983">
     <span class='ocr_line' id='line_1_98' title="bbox 765 4914 1155 4983; baseline 0.005 -18"><span class='ocrx_word' id='word_1_790' title='bbox 765 4914 1155 4983; x_wconf 78' lang='grc' dir='ltr'>χρηματίσας.</span> 
     </span>
    </p>
   </div>
   <div class='ocr_carea' id='block_1_99' title="bbox 242 5000 1746 5077">
    <p class='ocr_par' dir='ltr' id='par_1_99' title="bbox 242 5000 1746 5077">
     <span class='ocr_line' id='line_1_99' title="bbox 242 5000 1746 5077; baseline 0.002 -24"><span class='ocrx_word' id='word_1_791' title='bbox 242 5000 413 5055; x_wconf 76' lang='grc' dir='ltr'>Τοῦτο</span> <span class='ocrx_word' id='word_1_792' title='bbox 430 5002 484 5055; x_wconf 82' lang='grc' dir='ltr'><strong><em>δέ</em></strong></span> <span class='ocrx_word' id='word_1_793' title='bbox 506 5003 620 5057; x_wconf 74' lang='grc' dir='ltr'>ἐστι</span> <span class='ocrx_word' id='word_1_794' title='bbox 648 5004 742 5057; x_wconf 75' lang='grc' dir='ltr'><strong><em>καὶ</em></strong></span> <span class='ocrx_word' id='word_1_795' title='bbox 770 5008 833 5058; x_wconf 82' lang='grc' dir='ltr'>ἐκ</span> <span class='ocrx_word' id='word_1_796' title='bbox 868 5003 961 5059; x_wconf 79' lang='grc' dir='ltr'>τοῦ</span> <span class='ocrx_word' id='word_1_797' title='bbox 997 5006 1130 5076; x_wconf 84' lang='grc' dir='ltr'>πρὸς</span> <span class='ocrx_word' id='word_1_798' title='bbox 1163 5004 1254 5060; x_wconf 82' lang='grc' dir='ltr'>τὸν</span> <span class='ocrx_word' id='word_1_799' title='bbox 1290 5005 1495 5060; x_wconf 89' lang='grc' dir='ltr'>Μωσέα</span> <span class='ocrx_word' id='word_1_800' title='bbox 1525 5020 1746 5077; x_wconf 82' lang='grc' dir='ltr'>χρημα-</span> 
     </span>
    </p>
   </div>
   <div class='ocr_carea' id='block_1_100' title="bbox 164 5091 1747 5169">
    <p class='ocr_par' dir='ltr' id='par_1_100' title="bbox 164 5091 1747 5169">
     <span class='ocr_line' id='line_1_100' title="bbox 164 5091 1747 5169; baseline 0.001 -23"><span class='ocrx_word' id='word_1_801' title='bbox 164 5093 366 5162; x_wconf 79' lang='grc' dir='ltr'>τισμοῦ</span> <span class='ocrx_word' id='word_1_802' title='bbox 395 5093 595 5161; x_wconf 83' lang='grc' dir='ltr'>γνῶναι</span> <span class='ocrx_word' id='word_1_803' title='bbox 620 5112 634 5126; x_wconf 79' lang='lat'><strong>&#39;</strong></span> <span class='ocrx_word' id='word_1_804' title='bbox 666 5096 813 5164; x_wconf 85' lang='grc' dir='ltr'>λέγει</span> <span class='ocrx_word' id='word_1_805' title='bbox 847 5096 889 5149; x_wconf 85' lang='grc' dir='ltr'>δ’</span> <span class='ocrx_word' id='word_1_806' title='bbox 911 5091 1005 5150; x_wconf 81' lang='grc' dir='ltr'>οὖν</span> <span class='ocrx_word' id='word_1_807' title='bbox 1037 5099 1071 5169; x_wconf 78' lang='grc' dir='ltr'><strong>ἡ</strong></span> <span class='ocrx_word' id='word_1_808' title='bbox 1109 5097 1321 5169; x_wconf 75' lang='grc' dir='ltr'>Γραφήο</span> <span class='ocrx_word' id='word_1_809' title='bbox 1357 5095 1653 5164; x_wconf 70' lang='grc' dir='ltr'>Ἐλάλησε</span> <span class='ocrx_word' id='word_1_810' title='bbox 1678 5094 1747 5147; x_wconf 81' lang='grc' dir='ltr'>δὲ</span> 
     </span>
    </p>
   </div>
   <div class='ocr_carea' id='block_1_101' title="bbox 166 5183 1751 5259">
    <p class='ocr_par' dir='ltr' id='par_1_101' title="bbox 166 5183 1751 5259">
     <span class='ocr_line' id='line_1_101' title="bbox 166 5183 1751 5259; baseline 0.009 -19"><span class='ocrx_word' id='word_1_811' title='bbox 166 5189 205 5240; x_wconf 83' lang='grc' dir='ltr'><strong><em>ό</em></strong></span> <span class='ocrx_word' id='word_1_812' title='bbox 235 5183 379 5249; x_wconf 83' lang='grc' dir='ltr'>Θεὸς</span> <span class='ocrx_word' id='word_1_813' title='bbox 409 5185 558 5255; x_wconf 82' lang='grc' dir='ltr'>πρὸς</span> <span class='ocrx_word' id='word_1_814' title='bbox 595 5187 842 5255; x_wconf 76' lang='grc' dir='ltr'>Μωσῆν,</span> <span class='ocrx_word' id='word_1_815' title='bbox 903 5188 1001 5243; x_wconf 76' lang='grc' dir='ltr'>καὶ</span> <span class='ocrx_word' id='word_1_816' title='bbox 1034 5185 1167 5243; x_wconf 81' lang='grc' dir='ltr'>εἷπε</span> <span class='ocrx_word' id='word_1_817' title='bbox 1192 5189 1342 5259; x_wconf 80' lang='grc' dir='ltr'>πρὸς</span> <span class='ocrx_word' id='word_1_818' title='bbox 1376 5189 1564 5244; x_wconf 68' lang='grc' dir='ltr'>αὐτόν</span> <span class='ocrx_word' id='word_1_819' title='bbox 1610 5186 1751 5255; x_wconf 72' lang='lat' dir='ltr'><strong><em>liO)’</em></strong></span> 
     </span>
    </p>
   </div>
   <div class='ocr_carea' id='block_1_102' title="bbox 2469 4736 2807 4793">
    <p class='ocr_par' dir='ltr' id='par_1_102' title="bbox 2469 4736 2807 4793">
     <span class='ocr_line' id='line_1_102' title="bbox 2469 4736 2807 4793; baseline -0.006 -1"><span class='ocrx_word' id='word_1_820' title='bbox 2469 4737 2624 4793; x_wconf 87' lang='lat' dir='ltr'><strong><em>CAP.</em></strong></span> <span class='ocrx_word' id='word_1_821' title='bbox 2661 4736 2807 4792; x_wconf 63' lang='lat' dir='ltr'><strong><em>XXI.</em></strong></span> 
     </span>
    </p>
   </div>
   <div class='ocr_carea' id='block_1_103' title="bbox 1941 4825 3347 4901">
    <p class='ocr_par' dir='ltr' id='par_1_103' title="bbox 1941 4825 3347 4901">
     <span class='ocr_line' id='line_1_103' title="bbox 1941 4825 3347 4901; baseline -0.006 -13"><span class='ocrx_word' id='word_1_822' title='bbox 1941 4832 2096 4901; x_wconf 78' lang='lat' dir='ltr'><strong><em>Quod</em></strong></span> <span class='ocrx_word' id='word_1_823' title='bbox 2127 4829 2303 4885; x_wconf 72' lang='lat' dir='ltr'><strong><em>Filius</em></strong></span> <span class='ocrx_word' id='word_1_824' title='bbox 2339 4830 2382 4883; x_wconf 79' lang='lat' dir='ltr'><strong><em>is</em></strong></span> <span class='ocrx_word' id='word_1_825' title='bbox 2408 4828 2500 4901; x_wconf 84' lang='lat' dir='ltr'><strong><em>Dei</em></strong></span> <span class='ocrx_word' id='word_1_826' title='bbox 2522 4830 2721 4901; x_wconf 73' lang='lat' dir='ltr'><strong><em>fuerat,</em></strong></span> <span class='ocrx_word' id='word_1_827' title='bbox 2748 4829 2837 4901; x_wconf 88' lang='lat' dir='ltr'><strong><em>qui</em></strong></span> <span class='ocrx_word' id='word_1_828' title='bbox 2864 4843 2983 4881; x_wconf 88' lang='lat' dir='ltr'><strong><em>cum</em></strong></span> <span class='ocrx_word' id='word_1_829' title='bbox 3005 4825 3153 4881; x_wconf 70' lang='lat' dir='ltr'><strong><em>More</em></strong></span> <span class='ocrx_word' id='word_1_830' title='bbox 3180 4834 3347 4896; x_wconf 70' lang='lat' dir='ltr'><strong><em>atque</em></strong></span> 
     </span>
    </p>
   </div>
   <div class='ocr_carea' id='block_1_104' title="bbox 2312 4899 2969 4968">
    <p class='ocr_par' dir='ltr' id='par_1_104' title="bbox 2312 4899 2969 4968">
     <span class='ocr_line' id='line_1_104' title="bbox 2312 4899 2969 4968; baseline -0.006 -15"><span class='ocrx_word' id='word_1_831' title='bbox 2312 4899 2609 4953; x_wconf 80' lang='lat' dir='ltr'><strong><em>Abrahamo</em></strong></span> <span class='ocrx_word' id='word_1_832' title='bbox 2638 4899 2969 4968; x_wconf 80' lang='lat' dir='ltr'><strong><em>loquebatur.</em></strong></span> 
     </span>
    </p>
   </div>
   <div class='ocr_carea' id='block_1_105' title="bbox 1921 4985 3439 5066">
    <p class='ocr_par' dir='ltr' id='par_1_105' title="bbox 1921 4985 3439 5066">
     <span class='ocr_line' id='line_1_105' title="bbox 1921 4985 3439 5066; baseline -0.011 -15"><span class='ocrx_word' id='word_1_833' title='bbox 1921 4992 2187 5066; x_wconf 88' lang='lat' dir='ltr'><strong><em>Cognosci</em></strong></span> <span class='ocrx_word' id='word_1_834' title='bbox 2216 4999 2396 5061; x_wconf 89' lang='lat' dir='ltr'><strong><em>potest</em></strong></span> <span class='ocrx_word' id='word_1_835' title='bbox 2434 4991 2565 5044; x_wconf 90' lang='lat' dir='ltr'><strong><em>illud</em></strong></span> <span class='ocrx_word' id='word_1_836' title='bbox 2611 5005 2677 5044; x_wconf 77' lang='lat' dir='ltr'><strong><em>ex</em></strong></span> <span class='ocrx_word' id='word_1_837' title='bbox 2746 4989 2836 5043; x_wconf 89' lang='lat' dir='ltr'><strong><em>illa</em></strong></span> <span class='ocrx_word' id='word_1_838' title='bbox 2871 5005 2992 5043; x_wconf 89' lang='lat' dir='ltr'><strong><em>cum</em></strong></span> <span class='ocrx_word' id='word_1_839' title='bbox 3024 4987 3172 5043; x_wconf 79' lang='lat' dir='ltr'><strong><em>Mose</em></strong></span> <span class='ocrx_word' id='word_1_840' title='bbox 3191 4985 3439 5041; x_wconf 72' lang='lat' dir='ltr'><strong><em>cbllbcn-</em></strong></span> 
     </span>
    </p>
   </div>
   <div class='ocr_carea' id='block_1_106' title="bbox 1853 5076 3437 5152">
    <p class='ocr_par' dir='ltr' id='par_1_106' title="bbox 1853 5076 3437 5152">
     <span class='ocr_line' id='line_1_106' title="bbox 1853 5076 3437 5152; baseline -0.009 -8"><span class='ocrx_word' id='word_1_841' title='bbox 1853 5090 2020 5145; x_wconf 88' lang='lat' dir='ltr'><strong><em>tione.</em></strong></span> <span class='ocrx_word' id='word_1_842' title='bbox 2055 5086 2147 5141; x_wconf 86' lang='lat' dir='ltr'><strong><em>Ait</em></strong></span> <span class='ocrx_word' id='word_1_843' title='bbox 2190 5085 2335 5140; x_wconf 89' lang='lat' dir='ltr'><strong><em>enim</em></strong></span> <span class='ocrx_word' id='word_1_844' title='bbox 2372 5082 2653 5152; x_wconf 89' lang='lat' dir='ltr'><strong><em>Scriptura</em></strong></span> <span class='ocrx_word' id='word_1_845' title='bbox 2684 5100 2707 5136; x_wconf 68' lang='grc' dir='ltr'>ε,</span> <span class='ocrx_word' id='word_1_846' title='bbox 2737 5081 2805 5135; x_wconf 85' lang='lat' dir='ltr'><strong><em>Et</em></strong></span> <span class='ocrx_word' id='word_1_847' title='bbox 2848 5081 3057 5135; x_wconf 78' lang='lat' dir='ltr'><strong><em>locutus</em></strong></span> <span class='ocrx_word' id='word_1_848' title='bbox 3084 5087 3160 5134; x_wconf 82' lang='lat' dir='ltr'><strong><em>est</em></strong></span> <span class='ocrx_word' id='word_1_849' title='bbox 3193 5077 3329 5131; x_wconf 76' lang='lat' dir='ltr'><strong><em>Deus</em></strong></span> <span class='ocrx_word' id='word_1_850' title='bbox 3359 5076 3437 5128; x_wconf 69' lang='lat' dir='ltr'><strong><em>ad</em></strong></span> 
     </span>
    </p>
   </div>
   <div class='ocr_carea' id='block_1_107' title="bbox 1854 5172 3439 5245">
    <p class='ocr_par' dir='ltr' id='par_1_107' title="bbox 1854 5172 3439 5245">
     <span class='ocr_line' id='line_1_107' title="bbox 1854 5172 3439 5245; baseline -0.01 -9"><span class='ocrx_word' id='word_1_851' title='bbox 1854 5180 2077 5245; x_wconf 74' lang='lat' dir='ltr'><strong><em>Mosem,</em></strong></span> <span class='ocrx_word' id='word_1_852' title='bbox 2109 5187 2159 5233; x_wconf 86' lang='lat' dir='ltr'><strong><em>et</em></strong></span> <span class='ocrx_word' id='word_1_853' title='bbox 2195 5178 2327 5231; x_wconf 76' lang='lat' dir='ltr'><strong><em>dixit</em></strong></span> <span class='ocrx_word' id='word_1_854' title='bbox 2363 5175 2445 5229; x_wconf 87' lang='lat' dir='ltr'><strong><em>illi</em></strong></span> <span class='ocrx_word' id='word_1_855' title='bbox 2498 5191 2515 5229; x_wconf 88' lang='lat'><strong><em>:</em></strong></span> <span class='ocrx_word' id='word_1_856' title='bbox 2558 5173 2670 5245; x_wconf 85' lang='lat' dir='ltr'><strong><em>Ego</em></strong></span> <span class='ocrx_word' id='word_1_857' title='bbox 2708 5173 3002 5240; x_wconf 76' lang='lat' dir='ltr'><strong><em>Dominus,</em></strong></span> <span class='ocrx_word' id='word_1_858' title='bbox 3033 5181 3083 5227; x_wconf 85' lang='lat' dir='ltr'><strong><em>et</em></strong></span> <span class='ocrx_word' id='word_1_859' title='bbox 3111 5172 3252 5226; x_wconf 70' lang='lat' dir='ltr'><strong><em>visus</em></strong></span> <span class='ocrx_word' id='word_1_860' title='bbox 3289 5185 3439 5235; x_wconf 77' lang='lat' dir='ltr'><strong><em>sum,</em></strong></span> 
     </span>
    </p>
   </div>
   <div class='ocr_carea' id='block_1_108' title="bbox 248 5347 3368 5442">
    <p class='ocr_par' dir='ltr' id='par_1_108' title="bbox 248 5347 3368 5442">
     <span class='ocr_line' id='line_1_108' title="bbox 248 5347 3368 5442; baseline -0.01 -9"><span class='ocrx_word' id='word_1_861' title='bbox 248 5373 308 5433; x_wconf 56' lang='lat' dir='ltr'><strong><em>Et</em></strong></span> <span class='ocrx_word' id='word_1_862' title='bbox 341 5366 440 5423; x_wconf 81' lang='lat' dir='ltr'><strong><em>Ed.</em></strong></span> <span class='ocrx_word' id='word_1_863' title='bbox 472 5368 678 5437; x_wconf 81' lang='lat' dir='ltr'><strong><em>Paris..,</em></strong></span> <span class='ocrx_word' id='word_1_864' title='bbox 708 5385 831 5442; x_wconf 86' lang='lat' dir='ltr'><strong><em>pag.</em></strong></span> <span class='ocrx_word' id='word_1_865' title='bbox 861 5371 985 5428; x_wconf 66' lang='lat'><strong><em>1&#39;57.</em></strong></span> <span class='ocrx_word' id='word_1_866' title='bbox 1060 5368 1113 5402; x_wconf 76' lang='lat'><strong><em>&quot;‘</em></strong></span> <span class='ocrx_word' id='word_1_867' title='bbox 1132 5368 1328 5439; x_wconf 87' lang='lat' dir='ltr'><strong><em>Ephes.</em></strong></span> <span class='ocrx_word' id='word_1_868' title='bbox 1354 5382 1437 5434; x_wconf 79' lang='grc' dir='ltr'>ιιι,</span> <span class='ocrx_word' id='word_1_869' title='bbox 1474 5364 1672 5433; x_wconf 67' lang='lat'><strong><em>18,19.</em></strong></span> <span class='ocrx_word' id='word_1_870' title='bbox 1747 5363 1792 5396; x_wconf 68' lang='grc' dir='ltr'>δ’</span> <span class='ocrx_word' id='word_1_871' title='bbox 1828 5361 1961 5418; x_wconf 87' lang='lat' dir='ltr'><strong><em>Luc.</em></strong></span> <span class='ocrx_word' id='word_1_872' title='bbox 1989 5374 2108 5426; x_wconf 82' lang='lat' dir='ltr'><strong><em>vtu,</em></strong></span> <span class='ocrx_word' id='word_1_873' title='bbox 2148 5356 2236 5413; x_wconf 84' lang='lat' dir='ltr'><strong><em>l0.</em></strong></span> <span class='ocrx_word' id='word_1_874' title='bbox 2312 5354 2359 5389; x_wconf 71' lang='grc'><strong><em>⁸³</em></strong></span> <span class='ocrx_word' id='word_1_875' title='bbox 2383 5353 2561 5410; x_wconf 83' lang='lat' dir='ltr'><strong><em>Exod.</em></strong></span> <span class='ocrx_word' id='word_1_876' title='bbox 2590 5370 2672 5421; x_wconf 83' lang='lat' dir='ltr'><strong><em>Ill,</em></strong></span> <span class='ocrx_word' id='word_1_877' title='bbox 2705 5353 2793 5409; x_wconf 72' lang='grc'><strong><em>14.</em></strong></span> <span class='ocrx_word' id='word_1_878' title='bbox 2871 5351 2920 5385; x_wconf 69' lang='grc'><strong><em>⁸⁵</em></strong></span> <span class='ocrx_word' id='word_1_879' title='bbox 2947 5348 3155 5407; x_wconf 90' lang='lat' dir='ltr'><strong><em>Coloss.</em></strong></span> <span class='ocrx_word' id='word_1_880' title='bbox 3187 5363 3226 5405; x_wconf 84' lang='lat'><strong><em>1.</em></strong></span> <span class='ocrx_word' id='word_1_881' title='bbox 3264 5347 3368 5403; x_wconf 69' lang='lat'><strong><em>15..</em></strong></span> 
     </span>
    </p>
   </div>
   <div class='ocr_carea' id='block_1_109' title="bbox 248 5658 1519 5731">
    <p class='ocr_par' dir='ltr' id='par_1_109' title="bbox 248 5658 1519 5731">
     <span class='ocr_line' id='line_1_109' title="bbox 248 5658 1519 5731; baseline -0.018 1"><span class='ocrx_word' id='word_1_882' title='bbox 368 5662 535 5731; x_wconf 72' lang='grc' dir='ltr'>νιιιεο</span> <span class='ocrx_word' id='word_1_883' title='bbox 561 5658 651 5727; x_wconf 15' lang='grc' dir='ltr'><strong><em>τίίὶ</em></strong></span> <span class='ocrx_word' id='word_1_884' title='bbox 684 5677 805 5719; x_wconf 71' lang='grc' dir='ltr'>ῐῐιοκ</span> <span class='ocrx_word' id='word_1_885' title='bbox 851 5658 1011 5731; x_wconf 67' lang='grc' dir='ltr'>νιιιίζο</span> <span class='ocrx_word' id='word_1_886' title='bbox 1041 5658 1461 5716; x_wconf 83' lang='grc' dir='ltr'>ἀνεπλάσσοντο.</span> <span class='ocrx_word' id='word_1_887' title='bbox 1518 5696 1519 5699; x_wconf 59' lang='grc' dir='ltr'><strong><em>η</em></strong></span> 
     </span>
    </p>
   </div>
   <div class='ocr_carea' id='block_1_110' title="bbox 247 5548 1516 5665">
    <p class='ocr_par' dir='ltr' id='par_1_110' title="bbox 247 5548 1516 5665">
     <span class='ocr_line' id='line_1_110' title="bbox 247 5548 1516 5665; baseline -0.002 -18"><span class='ocrx_word' id='word_1_888' title='bbox 247 5591 328 5665; x_wconf 72' lang='lat' dir='ltr'><strong><em>(ii)</em></strong></span> <span class='ocrx_word' id='word_1_889' title='bbox 364 5591 673 5665; x_wconf 62' lang='grc' dir='ltr'>ζνῴσεῳς.</span> <span class='ocrx_word' id='word_1_890' title='bbox 704 5591 865 5647; x_wconf 85' lang='lat' dir='ltr'><strong><em>Deest</em></strong></span> <span class='ocrx_word' id='word_1_891' title='bbox 896 5585 1116 5665; x_wconf 69' lang='grc' dir='ltr'>Χριστῷ</span> <span class='ocrx_word' id='word_1_892' title='bbox 1146 5596 1241 5665; x_wconf 70' lang='lat' dir='ltr'><strong><em>aut</em></strong></span> <span class='ocrx_word' id='word_1_893' title='bbox 1268 5587 1406 5659; x_wconf 83' lang='grc' dir='ltr'>Θεῷ.</span> <span class='ocrx_word' id='word_1_894' title='bbox 1446 5587 1516 5645; x_wconf 86' lang='grc' dir='ltr'>Μ.</span> 
     </span>
    </p>
   </div>
   <div class='ocr_carea' id='block_1_111' title="bbox 248 5591 635 5805">
    <p class='ocr_par' dir='ltr' id='par_1_111' title="bbox 248 5591 635 5805">
     <span class='ocr_line' id='line_1_111' title="bbox 248 5591 635 5805; baseline -0.003 -159"><span class='ocrx_word' id='word_1_895' title='bbox 248 5591 328 5805; x_wconf 46' lang='lat'><strong><em>((75%</em></strong></span> <span class='ocrx_word' id='word_1_896' title='bbox 364 5591 635 5659; x_wconf 76' lang='grc' dir='ltr'>Γνώσεως</span> 
     </span>
     <span class='ocr_line' id='line_1_112' title="bbox 248 5662 616 5731; baseline 0 -16"><span class='ocrx_word' id='word_1_897' title='bbox 248 5672 265 5731; x_wconf 92' lang='grc'><strong>(</strong></span> <span class='ocrx_word' id='word_1_898' title='bbox 368 5662 535 5731; x_wconf 81' lang='lat' dir='ltr'><strong><em>Vulgo</em></strong></span> <span class='ocrx_word' id='word_1_899' title='bbox 561 5663 616 5715; x_wconf 85' lang='grc' dir='ltr'><strong><em>τί</em></strong></span> 
     </span>
     <span class='ocr_line' id='line_1_113' title="bbox 248 5733 635 5805; baseline -0.003 -19"><span class='ocrx_word' id='word_1_900' title='bbox 248 5734 305 5802; x_wconf 80' lang='lat'><strong><em>(8</em></strong></span> <span class='ocrx_word' id='word_1_901' title='bbox 359 5733 526 5803; x_wconf 76' lang='lat' dir='ltr'><strong><em>Vulgo</em></strong></span> <span class='ocrx_word' id='word_1_902' title='bbox 548 5733 635 5805; x_wconf 80' lang='grc' dir='ltr'>δή.</span> 
     </span>
    </p>
   </div>
   <div class='ocr_carea' id='block_1_112' title="bbox 1923 5568 3239 5655">
    <p class='ocr_par' dir='ltr' id='par_1_112' title="bbox 1923 5568 3239 5655">
     <span class='ocr_line' id='line_1_114' title="bbox 1923 5568 3239 5655; baseline -0.01 -15"><span class='ocrx_word' id='word_1_903' title='bbox 1923 5583 1999 5655; x_wconf 88' lang='lat'><strong><em>(9)</em></strong></span> <span class='ocrx_word' id='word_1_904' title='bbox 2019 5582 2129 5655; x_wconf 62' lang='lat' dir='ltr'><strong><em>Kal</em></strong></span> <span class='ocrx_word' id='word_1_905' title='bbox 2159 5574 2761 5655; x_wconf 60' lang='lat' dir='ltr'><strong><em>roﬁ§o_eln_d_r._Lege</em></strong></span> <span class='ocrx_word' id='word_1_906' title='bbox 2792 5575 2887 5630; x_wconf 75' lang='grc' dir='ltr'><strong><em>καὶ</em></strong></span> <span class='ocrx_word' id='word_1_907' title='bbox 2916 5572 3111 5645; x_wconf 75' lang='grc' dir='ltr'>τούτῳ.</span> <span class='ocrx_word' id='word_1_908' title='bbox 3152 5568 3239 5627; x_wconf 76' lang='grc' dir='ltr'><strong><em>Μ.-</em></strong></span> 
     </span>
    </p>
   </div>
   <div class='ocr_carea' id='block_1_113' title="bbox 1925 5645 2654 5728">
    <p class='ocr_par' dir='ltr' id='par_1_113' title="bbox 1925 5645 2654 5728">
     <span class='ocr_line' id='line_1_115' title="bbox 1925 5645 2654 5728; baseline -0.015 -18"><span class='ocrx_word' id='word_1_909' title='bbox 1925 5645 2038 5728; x_wconf 71' lang='grc' dir='ltr'><strong><em>(1ὒ)</em></strong></span> <span class='ocrx_word' id='word_1_910' title='bbox 2075 5653 2241 5723; x_wconf 76' lang='lat' dir='ltr'><strong><em>Vulgo</em></strong></span> <span class='ocrx_word' id='word_1_911' title='bbox 2272 5645 2491 5723; x_wconf 67' lang='grc' dir='ltr'>ἱλέγων]</span> <span class='ocrx_word' id='word_1_912' title='bbox 2523 5646 2654 5718; x_wconf 83' lang='grc' dir='ltr'>ἐγώ.</span> 
     </span>
    </p>
   </div>
  </div>
