3828 6222
454 366 569 426 955

1127 356 1396 415 EUSEBII
1434 349 1912 411 CESABIENSIS
1947 344 2019 402 01

2140 343 2320 401 mus
2359 343 2451 400 IV‘.
2492 373 2561 383 —
2598 305 3041 398 υουιιΑτιοΑ..

457 486 745 542 Abraham.
771 488 822 535 et
846 478 1027 543 Isaac,
1050 486 1099 533 et
1125 477 1290 532 Jacob
1313 477 1380 528 ⁸⁸.
1425 472 1583 528 Vides
1608 481 1667 525 ut
1693 485 1753 526 se
1787 466 2019 522 allii-mat

2133 458 2274 528 Ἐγὼ
2299 459 2531 528 Κύριος,
2546 455 2644 511 καὶ
2665 453 2871 543 ὤφθηνς
2883 449 2999 543 (1-1)-
3014 444 3163 543 πρὸς
3176 441 3690 543 ξαῖἔρσξς

453 577 702 649 patribus
768 571 1107 643 apparuisse.
1175 568 1402 636 Quando
1465 576 1642 619 autem
1713 559 2025 632 apparuerit

453 668 741 737 Scriptura
784 664 973 728 docet,
1004 661 1289 730 inquiens,
1325 654 1584 725 Apparuit
1615 653 1758 706 Deus
1796 649 2025 704 Abrahae

446 759 523 815 ad
551 772 803 828 quercum
832 752 1070 809 Mambre
1092 791 1109 818 ,
1136 752 1259 805 dum
1301 751 1503 803 sederet
1531 747 1601 800 ad
1634 746 1827 799 ostium
1853 742 2026 799 taber-

455 849 633 904 naculi
659 848 744 903 sui
774 845 845 901 “.
876 845 993 913 Qua
1024 855 1203 899 autem
1244 842 1441 910 ﬁgura,
1468 841 1572 893 nisi
1607 840 1841 896 humana
1868 851 2028 906 appa-

452 941 604 996 ruit?
643 938 777 1006 Quis
808 947 989 993 autem
1028 935 1121 991 ille
1153 945 1336 999 esset,
1384 934 1488 987 nisi
1518 932 1685 987 Filius
1714 931 1846 995 Dei,
1875 941 1933 984 ut
1964 930 2021 983 in

453 1031 749 1103 Evangelia
774 1031 892 1102 ipse
918 1029 1079 1085 docet
1127 1026 1343 1082 Judzeos
1394 1026 1705 1094 alloquens,
1757 1024 2022 1077 Abraham

456 1123 621 1179 Pater
649 1132 815 1179 vester
841 1120 1125 1176 exsultavit
1157 1130 1215 1173 ut
1257 1117 1454 1173 videret
1493 1120 1632 1171 diem
1654 1132 1821 1170 meum
1842 1130 1862 1168 :
1895 1117 2024 1170 vidit

452 1226 655 1280 autem,
688 1224 736 1270 et
760 1214 974 1284 gavisus
1001 1222 1077 1268 est
1104 1211 1149 1242 ⁸⁷
1182 1229 1197 1265 :
1232 1211 1478 1264 attonitis
1503 1220 1685 1263 autem
1714 1210 1781 1262 ad
1819 1222 2025 1263 sermo-

456 1323 582 1363 nem
633 1305 743 1361 illis
790 1303 990 1373 adjecit
1017 1342 1044 1369 ,_
1069 1300 1388 1373 Priusquam
1433 1301 1701 1354 Abraham
1740 1308 1894 1367 esset,
1935 1315 2026 1370 ego

451 1390 577 1456 s'um
594 1399 662 1454 ⁸⁸.
713 1397 815 1455 Ubi
843 1413 997 1452 suam
1045 1395 1405 1465 liquidissimo
1432 1395 1887 1464 praeexistentiam
1931 1392 2028 1448 do-

455 1503 563 1550 cet.
591 1491 733 1558 Quid
790 1491 933 1546 enim
968 1488 1116 1542 aliud
1165 1487 1438 1543 intimavit
1485 1486 1575 1540 illa
1603 1486 1769 1541 dictio
1795 1525 1811 1551 ,
1865 1500 2025 1555 quam

458 1585 603 1654 quod
639 1583 870 1652 ipsemet
894 1581 1067 1637 Filius
1086 1582 1175 1635 Dei
1202 1582 1400 1643 fuerat,
1421 1585 1653 1650 quicum
1684 1579 1831 1635 Mose
1850 1579 2029 1649 loque-

454 1678 613 1730 batur
632 1683 689 1729 et
716 1674 949 1737 dicebat,
986 1670 1099 1741 Ego
1122 1688 1261 1735 sum,
1289 1671 1385 1740 qui
1413 1688 1528 1724 sum
1554 1672 1580 1726 ?
1606 1670 1739 1726 Nam
1786 1684 1847 1725 se
1899 1669 2025 1738 qui-

453 1770 576 1824 dem
603 1770 912 1824 Abrabamo
942 1768 1112 1822 visum
1172 1765 1423 1822 afﬁrmat.
1455 1764 1575 1821 Jam
1626 1767 1859 1836 qualiter
1903 1776 2025 1822 erat
2052 1807 2097 1863 Β

455 1862 560 1928 Qui
585 1873 682 1928 est,
711 1870 993 1917 ostensum
1021 1869 1123 1914 est.
1153 1858 1258 1914 Sed
1287 1868 1339 1913 et
1373 1873 1600 1927 magnus
1628 1858 1718 1913 ille
1747 1856 2023 1928 apostolus

453 1953 694 2014 Paulus,
738 1953 983 2023 agnoscit
1036 1951 1231 2006 Filium
1288 1951 1380 2005 Dei
1435 1950 1634 2004 factum
1668 1950 2022 2005 mediatorem

450 2046 587 2117 legis
615 2062 712 2116 per
739 2045 938 2101 Mosem
966 2045 1124 2107 datm,
1162 2044 1215 2098 in
1249 2042 1444 2113 quibus
1479 2042 1739 2112 loquitur,
1767 2041 1878 2097 Lex
1912 2053 2026 2096 tra-

451 2139 564 2192 dita
588 2155 680 2207 per
701 2138 912 2209 angelos
942 2139 1000 2191 iu
1052 2154 1213 2190 manu
1246 2137 1575 2190 mediatoris.
1610 2136 1735 2191 1am
1766 2138 2025 2191 mediator

450 2230 610 2287 unius
642 2247 744 2284 non
766 2240 865 2295 est,
893 2229 1031 2282 Deus
1057 2238 1233 2281 autem
1256 2245 1392 2282 unus
1419 2240 1494 2283 est
1521 2230 1589 2284 δ’.
1626 2235 1684 2293 >14
1711 2227 1788 2284 Ita
1816 2229 2022 2284 media-

450 2336 538 2381 tor
561 2334 699 2394 erat,
717 2326 809 2397 qui
838 2326 1247 2396 colloquebatur
1270 2324 1424 2389 Mosi,
1450 2325 1613 2378 etiam
1646 2333 1773 2377 ante
1804 2336 2020 2378 carnem

448 2427 807 2487 assumptam,
840 2405 1107 2472 mediator
1129 2417 1382 2472 humanae
1404 2416 1614 2471 salutis.
1665 2414 1819 2470 Hunc
1855 2416 2022 2471 fuisse

449 2526 615 2580 porro
661 2509 846 2567 Jesum
881 2510 1155 2567 Christum
1193 2511 1702 2582 statuitApostolus
1729 2509 2019 2578 inquiens,

452 2598 603 2655 Unus
636 2600 817 2669 Deus,
867 2618 1003 2656 unus
1053 2603 1317 2656 mediator
1362 2601 1458 2657 Dei
1505 2611 1661 2668 atque
1708 2600 2018 2663 hominum,

449 2693 604 2746 homo
629 2692 786 2749 Iesus
817 2692 1060 2748 Christus
1089 2694 1158 2748 ⁸ο.
1188 2692 1326 2748 Hinc
1360 2693 1526 2764 igitur
1562 2691 1924 2763 personaliter
1952 2691 2020 2745 de

458 2785 760 2842 se-locutus
802 2799 887 2843 est
924 2789 1065 2857 apud
1101 2788 1325 2853 Mosen),
1362 2787 1474 2858 Ego
1496 2804 1612 2841 sum
1643 2787 1711 2854 '“,
1751 2789 1867 2843 sive
1918 2786 2020 2841 fuit

446 2874 634 2942 Pater,
666 2878 758 2948 qui
813 2894 910 2949 per
945 2895 1068 2935 eum
1116 2882 1258 2936 hanc
1285 2880 1685 2935 emisitvocem
1739 2897 1753 2934 :
1812 2880 2018 2935 utrovis

449 2967 611 3023 modo
662 2983 748 3024 res
784 2978 867 3024 est
907 2984 1029 3023 cum
1059 2970 1290 3025 veritate
1343 2971 1654 3041 conjuncta.
1710 2968 1789 3025 Ne
1815 2970 2019 3027 haereat

449 3058 581 3126 ergo
618 3057 795 3112 adhuc
817 3056 1102 3113 Marcellus
1130 3097 1147 3122 ,
1191 3057 1549 3114 inextricabili
1578 3073 1728 3126 usus,
1758 3059 2018 3128 quemad-

2139 549 2338 604 Ἰσαὰκ
2361 544 2460 600 καὶ
2476 544 2626 614 πρὸς
2663 540 2890 604 Ἰακὼϐ,
2912 536 3043 599 Θεὸς
3070 533 3144 587 ὣν
3166 531 3342 587 αὐτῶν
3366 528 3500 601 (12).
3541 529 3689 600 Ὁρᾷς

2126 639 2275 701 ὅπως
2301 631 2481 706 ὦφθαι
2503 633 2693 689 ἑαυτὸν
2711 633 2822 695 τοῖς
2844 627 3109 701 πατράσιν
3132 624 3262 699 ἔφη.
3282 621 3418 675 Πότε
3439 620 3498 674 δὲ
3522 618 3690 690 ὤφθη,

2127 726 2287 782 πάλιν
2307 729 2341 799 ή
2360 726 2549 800 Γραφὴ
2571 724 2838 796 μαρτυρεῖ
2862 720 3092 789 λέγουσα
3113 733 3128 747 ο
3159 716 3345 783 Ὠφθη
3373 711 3430 764 δὲ
3450 709 3566 781 (15)
3587 710 3691 800 K1?-

2119 835 2253 888 ριος
2275 822 2307 873 ὀ
2330 798 2474 883 Θεός
2502 814 2581 883 τῷ
2616 812 2882 883 Ἀϐραὰμ,
2905 809 3055 879 πρὸς
3078 807 3154 877 τῇ
3173 803 3315 874 ’δρυῒ
3328 802 3404 872 τῆ
3428 798 3694 870 Μαμϐρῆ.

2128 909 2473 979 καθημένου
2517 905 2708 961 αὐτοῦ
2731 903 2881 974 πρὸς
2907 900 2982 970 τῇ
3004 900 3171 967 θύρᾳ.
3198 894 3323 958 Πῶς
3345 893 3404 946 δὲ
3429 892 3590 963 ὤφθη
3610 891 3694 944 ἀλ-

2125 1000 2284 1071 λωςῆ
2316 998 2426 1071 (14)
2461 1002 2518 1054 ὲν
2541 1001 2780 1070 σχήματι
2814 991 3169 1066 ἀνθρωπίνῳς
3212 986 3333 1041 τίνα
3354 985 3413 1040 δὲ
3434 983 3552 1056 (15)
3600 980 3697 1052 χρὴ

2127 1090 2399 1145 πιστεύειν
2423 1087 2562 1144 εἶναι
2587 1087 2795 1152 τοῦτον,
2821 1084 2967 1156 ἣτὸν
2998 1080 3124 1134 Υἳδν
3142 1077 3234 1133 τοῦ
3259 1076 3417 1140 Θεοῦ,
3444 1074 3476 1128 6
3510 1075 3577 1143 δὴ
3609 1072 3696 1126 καὶ

2128 1183 2288 1249 αὐτὸς
2309 1184 2366 1237 ὲν
2388 1178 2753 1249 Εὐαγγελίοιςο
2769 1175 3007 1248 παρίστη
3041 1170 3212 1239 λέγων
3241 1167 3379 1238 πρὸς
3403 1167 3532 1229 τοὺς
3572 1164 3699 1217 Ἴου-

2124 1276 2310 1338 δαίους
2328 1292 2342 1305 ’
2384 1272 2633 1343 Ἀϐραὰμ
2667 1275 2699 1325 ὀ
2729 1267 2924 1337 πατὴρ
2951 1262 3118 1335 ὑμῶν
3143 1257 3582 1331 rimata,
3604 1256 3705 1309 ἵνα

2129 1365 2225 1433 ῑδῃ
2247 1363 2362 1432 τὴν
2386 1361 2615 1433 ἡμέραν
2634 1359 2746 1432 (16)
2772 1358 2888 1426 τὴν
2914 1354 3088 1426 ἐμὴν,
3107 1352 3205 1407 καὶ
3223 1347 3472 1405 side-real
3494 1345 3700 1417 ἐχάρη.

2129 1454 2254 1508 Ὅτι
2281 1454 2378 1511 καὶ
2401 1453 2800 1524 θαυμασάντων
2845 1449 2937 1502 ἐπὶ
2979 1443 3246 1516 τῷλόγῳ,
3283 1438 3593 1512 προσέθηκε
3624 1436 3703 1500 τὸ,

2126 1543 2279 1612 Πρὶν
2323 1545 2581 1614 Ἀϐραὰμ
2610 1540 2887 1614 γενέσθαι
2940 1532 3057 1607 ἐγώ
3104 1535 3246 1603 ειμι,
3279 1533 3380 1602 τὴν
3411 1530 3704 1602 προϋπαρ-

2130 1633 2210 1701 ξιν
2243 1634 2441 1689 ἑαυτοῦ
2477 1632 2749 1706 παριστὰς
2778 1629 3096 1684 λευκότατα.
3145 1623 3211 1677 Τί
3240 1623 3305 1694 δὴ
3328 1616 3422 1676 οὖν
3449 1620 3705 1691 συνίστη-

2130 1739 2214 1781 σιν
2248 1729 2277 1781 ὁ
2309 1727 2465 1796 λόγος
2488 1724 2624 1796 (17),
2658 1723 2693 1795 ἢ
2738 1721 2899 1776 αὐτὸν
2948 1714 3211 1773 εἷναι-τὸν
3244 1713 3374 1769 Υίὺν
3410 1712 3508 1768 τοῦ
3544 1710 3705 1777 Θεοῦ,

2122 1818 2215 1872 τὸν
2247 1817 2660 1890 χρηματίσαντα
2687 1813 2766 1885 τῷ
2787 1814 2993 1877 Μωσεί,
3024 1808 3129 1864 xui;
3148 1806 3425 1879 εἰρηκότα,
3459 1802 3603 1875 Ὲαρώ
3629 1805 3709 1857 εί-

2118 1928 2185 1980 μι
2220 1914 2253 1964 ό
2283 1909 2403 1975 dir;
2433 1909 2595 1971 αὐτὸς
2624 1906 2734 1978 γὰρ
2760 1904 2838 1977 τῷ
2876 1901 3125 1975 Ἀϐραὰμ
3165 1892 3349 1967 ὦφθαι
3372 1896 3566 1951 ἑαυτὸν
3598 1894 3707 1949 ἐδί-

2121 2002 2295 2068 δαξεν,
2352 2001 2542 2064 Ὅπως
2599 1998 2657 2052 δὲ
2708 1993 2777 2070 ἦν
2831 1996 2993 2061 αὐτὸς
3033 1999 3066 2051 ό
3102 1995 3188 2050 ὢν
3231 1994 3466 2066 εἴρηται.
3523 1989 3636 2042 Καὶ
3678 1988 3708 2039 6

2125 2093 2298 2165 μέγας
2343 2092 2401 2146 δὲ
2455 2088 2755 2154 ἀπόστολος
2804 2087 3017 2153 Παῦλος
3037 2082 3146 2141 οἶδε
3181 2088 3272 2141 τὸν
3288 2084 3416 2139 Tib»
3443 2081 3541 2136 τοῦ
3569 2078 3704 2135 Θεοῦ

2126 2185 2351 2258 μεσίτην
2375 2183 2666 2253 γενόμενον
2685 2181 2785 2251 τῆς
2806 2179 2895 2234 διὰ
2919 2179 3163 2243 Μωσέως
3181 2175 3524 2250 νομοθεσίας,
3547 2175 3607 2227 ὲν
3627 2167 3709 2236 οἷς

2120 2276 2362 2331 διδάσκει
2381 2271 2574 2342 λέγων,
2610 2270 2673 2323 '0
2705 2270 2889 2340 νόμος
2914 2268 3212 2339 διαταγεὶς
3239 2266 3313 2322 δι’
3338 2266 3613 2337 ἀγγέλων
3640 2263 3711 2317 ἐν

2121 2366 2272 2438 χειρὶ
2316 2363 2567 2434 μεσίτου
2584 2378 2598 2392 ·
2626 2363 2660 2415 ό
2688 2359 2758 2415 δὲ
2778 2360 3033 2431 μεσίτης
3061 2358 3201 2426 ἐνὸς
3221 2360 3334 2413 οὐκ
3373 2357 3548 2412 ἐστιν
3568 2353 3731 2427 (18)..

2121 2454 2329 2511 Οὐκοῦν
2358 2454 2387 2507 6
2429 2451 2777 2526 χρηματίσας
2821 2449 2902 2522 τῷ
2941 2450 3130 2504 Μωσεῖ
3172 2449 3202 2502 6
3249 2446 3482 2518 μεσίτης
3511 2439 3605 2517 ἦν,
3649 2443 3712 2506 ἐξ

2121 2547 2329 2601 ἐκείνου
2350 2543 2650 2617 μεσιτεύων
2677 2544 2744 2614 τῇ
2766 2541 2875 2595 τῶν
2901 2539 3203 2613 ἀνθρώπων
3231 2536 3499 2610 σωτηρίᾳ,
3523 2535 3658 2608 πμν
3674 2535 3709 2606 ἢ

2118 2638 2216 2710 τὴν
2246 2638 2423 2709 σάρκα
2452 2635 2763 2690 ἀναλαϐεῖν.
2789 2632 2991 2687 Τοῦτον
3009 2631 3067 2685 δὲ
3083 2626 3222 2685 εἶναι
3248 2623 3458 2700 Ἰησοῦν
3473 2624 3712 2698 Χριστὸν

2117 2732 2146 2784 ὁ
2174 2730 2336 2794 αὐτὸς
2374 2727 2694 2790 Ἀπόστολος
2723 2726 3034 2798 παρέστησε
3050 2723 3248 2794 φήσας,
3290 2715 3398 2787 Εἷς
3429 2718 3601 2785 Θεὸς,
3623 2712 3713 2783 εἷς

2118 2822 2217 2877 καὶ
2232 2821 2486 2892 μεσίτης
2507 2819 2655 2876 Θεοῦ
2680 2819 2777 2874 καὶ
2791 2815 3135 2885 ἀνθρώπων,
3148 2815 3461 2883 ἅνθρωπος
3473 2809 3714 2879 Ἰησοῦς

2117 2912 2386 2981 Χριστός.
2414 2910 2527 2963 Εἶτ’
2577 2904 2672 2963 οὗν
2726 2910 2784 2976 ἐξ
2831 2906 2994 2963 αὐτοῦ
3025 2903 3316 2979 προσώπου
3353 2901 3574 2971 λέγοιτο
3609 2918 3716 2955 πα-

2119 3004 2189 3075 ρὰ
2209 3004 2413 3067 Muret-:2,
2436 3000 2498 3055 τδ
2536 2999 2683 3070 Ἐγώ
2716 3003 2833 3070 ειμι
2868 3002 2902 3054 ὁ
2936 2998 3044 3067 ὢν,
3071 2997 3171 3052 εἴθ’
3199 2997 3228 3049 6
3256 2991 3444 3065 Πατὴρ
3466 2987 3563 3065 ἦν,
3593 2995 3627 3047 6
3648 2992 3714 3048 δι’

2116 3092 2280 3147 αὐτοῦ
2308 3092 2511 3165 ταύτην
2539 3090 2861 3163 προϊέμενος
2891 3090 2993 3161 τὴν
3025 3088 3230 3159 φωνὴν,
3266 3089 3549 3159 ἑκατέρως
3581 3086 3716 3157 ἀλη-

449 3147 671 3202 modum
701 3147 818 3217 ipse
841 3158 1010 3215 retur,
1047 3149 1359 3220 syllogismo
1398 3151 1488 3204 ubi
1519 3150 1710 3206 scribit
1742 3149 1833 3221 [Β.
1858 3148 2015 3206 LVIII

2128 3183 2272 3238 θεύοι
2322 3183 2395 3238 ἂν
2422 3147 2663 3251 ι’λόγὸς.
2701 3147 2810 3253 ’Μὴ
2840 3147 2916 3251 ’δὴ
2947 3147 3050 3234 ait?
3082 3147 3358 3248 ἀπορείτω
3387 3147 3717 3252 uspiam}

450 3237 577 3293 coll.
607 3255 659 3309 p.
694 3240 799 3295 150
823 3238 889 3311 D]
920 3258 933 3293 :
968 3239 1295 3307 «Quemnam
1316 3240 1428 3308 jam
1443 3241 1720 3296 existimat
1747 3256 1867 3298 esse
1896 3259 2020 3299 eum

455 3347 476 3382 s
514 3319 780 3394 Asterius,
809 3331 900 3401 qui
922 3331 1077 3396 dixit,
1105 3331 1217 3401 Ego
1247 3349 1363 3386 sum
1390 3333 1417 3387 ?
1459 3332 1731 3391 Filiumne
1753 3376 1770 3402 ,
1820 3351 1888 3391 an
1918 3334 2021 3390 Pa-

453 3440 474 3474 ‹
514 3423 703 3478 trem?
753 3423 996 3479 inferens
1030 3423 1223 3479 deinde
1269 3441 1284 3479 :
1341 3425 1401 3481 Si
1441 3425 1658 3496 quidem
1702 3425 1866 3483 Pater
1902 3438 2022 3483 erat

453 3532 474 3566 ι
511 3513 600 3582 qui
630 3514 711 3569 sic
738 3513 1036 3584 inquiebat,
1069 3517 1182 3584 Ego
1211 3531 1364 3580 sum,
1418 3526 1529 3570 tum
1581 3533 1685 3573 non
1722 3528 1808 3574 est
1851 3518 2022 3575 Filius

451 3625 473 3658 ι
519 3607 679 3670 Deus,
715 3605 859 3676 quod
890 3620 957 3660 ex
985 3607 1232 3676 ορμοεὶιο
1256 3645 1272 3672 ,
1301 3605 1424 3662 Νοη
1452 3610 1749 3663 εωεὶειεηιὶε
1774 3648 1790 3674 ,
1850 3612 1918 3667 de
1961 3625 2022 3666 se

453 3716 474 3749 ι
515 3697 670 3764 dixit,
709 3696 820 3767 Ego
846 3714 987 3752 sum.
1038 3697 1094 3751 Si
1144 3697 1341 3753 Filium
1373 3699 1651 3770 bypostasi
1682 3701 2019 3758 dilferentem

452 3809 474 3842 ι
512 3794 616 3849 hoc
638 3794 812 3862 ipsum
833 3793 1122 3863 protulisse
1150 3793 1317 3858 dicat,
1350 3791 1465 3863 Ego
1495 3809 1637 3859 sum,
1669 3795 1810 3849 idem
1832 3809 2022 3850 rursus

452 3907 472 3940 ι
514 3886 585 3944 de
643 3888 807 3948 Patre
873 3905 1169 3959 usurpasse
1244 3890 1670 3945 existimabitur.
1732 3909 1752 3942 ι
1814 3890 2019 3947 Horum

447 3979 767 4047 utrumlibet
797 3980 946 4035 dicat
967 3981 1192 4052 impium
1219 3989 1305 4035 est
1339 3999 1353 4035 :
1388 3992 1439 4036 et
1478 3990 1658 4036 tamen
1691 3982 1807 4037 haec
1836 3983 1909 4038 ita
1929 3983 2020 4039 ubi

447 4078 755 4135 statuerat,
804 4071 1124 4126 alterutrum
1175 4073 1292 4142 ipse
1353 4074 1405 4127 in
1459 4075 1750 4129 absurdum
1805 4076 2018 4146 incidit,

446 4168 619 4215 unum
663 4161 789 4217 dum
812 4164 1003 4217 statuit
1034 4177 1155 4220 esse
1183 4179 1307 4219 eum
1364 4165 1471 4232 Qui
1497 4176 1600 4234 est,
1637 4166 1867 4222 alterum
1905 4183 2023 4238 per-

447 4267 675 4323 negans.
703 4253 871 4321 Quem
914 4270 1044 4311 vero
1089 4257 1352 4311 tandem?
1406 4257 1548 4314 forte
1587 4260 1702 4330 ipse
1750 4261 1919 4315 novit.
1959 4260 2019 4317 Si

445 4344 664 4402 Patrem
711 4347 985 4412 admittat,
1044 4348 1263 4418 negabit
1293 4347 1490 4404 Filium
1551 4368 1567 4405 :
1631 4362 1726 4406 aut
1760 4351 1896 4407 Filio
1924 4352 2021 4407 ad.

444 4438 612 4493 misso
636 4478 653 4506 ,
693 4438 1019 4494 annibilabit
1066 4438 1307 4503 Patrem.
1346 4440 1443 4496 Vel
1484 4442 1663 4512 potius
1702 4458 1879 4513 neque
1911 4443 2017 4500 Pa-

447 4543 583 4587 trem
620 4532 863 4602 posuisse
895 4547 1070 4602 neque
1094 4531 1292 4587 Filium
1317 4533 1684 4600 convincatur,
1707 4551 1829 4590 cum
1847 4551 2015 4592 unum

443 4623 618 4679 solum
640 4624 910 4691 admittat,
945 4623 1177 4679 alterum
1206 4633 1478 4681 amoveal.
1523 4624 1814 4697 Utcunque
1846 4629 2014 4684 Deum

442 4717 626 4771 audiat
647 4716 939 4779 dicentem,
962 4715 1075 4785 Ego
1097 4714 1354 4771 Dominus
1392 4717 1530 4771 Deus
1565 4728 1708 4786 tuus,
1734 4721 1828 4790 qui
1854 4723 2014 4776 eduxi

440 4818 493 4864 te
527 4809 593 4862 de
639 4820 780 4863 terra
810 4806 1061 4879 zEgypti,
1092 4809 1158 4864 de
1192 4810 1346 4865 domo
1386 4813 1692 4878 servitutis,
1721 4830 1824 4867 non
1861 4822 2015 4869 erunt

439 4902 535 4958 tibi
566 4903 642 4956 dii
659 4902 757 4956 alii
784 4917 966 4957 coram
996 4919 1078 4958 me
1097 4903 1144 4935 ³²
1176 4921 1189 4957 :
1216 4916 1285 4958 ne
1306 4903 1686 4973 conturbatur,
1704 4922 1803 4964 nec
1830 4918 2013 4966 mente

1110 5099 1233 5155 l58.
1308 5100 1355 5133 ⁴⁵
1380 5100 1549 5155 Exod.
1586 5116 1661 5167 v1,
1683 5101 1738 5165 2,
1765 5104 1821 5159 '5.

507 5099 566 5158 »Β
599 5093 695 5149 Ed.
732 5094 927 5156 Paris..
954 5112 1077 5222 ραις.
1110 5099 1233 5155 158.
1308 5100 1355 5133 ⁸⁵
1380 5100 1549 5155 Exod.
1586 5116 1661 5167 vn,
1683 5101 1738 5165 2,
1765 5104 1821 5159 '5.
1895 5103 1944 5137 “
1974 5113 1981 5153 ι

507 5203 523 5228 ,
572 5165 658 5229 19,
692 5165 787 5221 20.
880 5166 971 5221 “1
1004 5169 1016 5184 '
1051 5170 1240 5224 imoth.
1272 5184 1333 5233 xl,
1359 5171 1414 5227 5.
1488 5170 1534 5203 ’ί
1578 5170 1751 5229 Exod.
1784 5173 1981 5241 111,14.

439 5177 523 5228 ιιι,
572 5165 658 5229 19,
692 5165 787 5221 20.
880 5166 1016 5221 “1'.

510 5319 558 5398 (1
647 5318 818 5398 Vitligo
840 5320 1028 5398 ῴφθην
1051 5322 1140 5398 τίρ
1156 5323 1307 5398 Ἀόρ.
1324 5324 1418 5398 καὶ
1437 5324 1517 5398 τῷ
1549 5327 1645 5398 ‘Ie.

511 5391 624 5464 (12)
663 5392 808 5457 Θεὸς
840 5392 944 5448 ὧν.
988 5391 1055 5464 In
1101 5391 1285 5464 Exodo
1314 5391 1529 5464 additur
1561 5396 1762 5464 αὐτῶν,
1796 5409 1942 5456 recte
1996 5418 2011 5454 :

440 5460 865 5539 legendumergu
886 5461 1251 5539 Iiir._6_sbg_d)y
1280 5463 1681 5539 abyt'iivJUpéjg,
1709 5460 1836 5539 non,
1870 5481 1928 5527 ut
1958 5472 2013 5527 iu

438 5530 626 5606 collige
654 5532 779 5606 fuit,
812 5532 908 5587 ὥν.
939 5534 1116 5606 Afir?»
1140 5535 1294 5606 ὁρᾷς.
1317 5534 1387 5588 Μ.

514 5598 626 5667 (15)
654 5600 823 5665 Vulgo
849 5620 936 5655 om
997 5603 1075 5658 δέ.

516 5669 631 5743 (li)
663 5670 801 5743 ᾍλῖ
829 5674 888 5725 ἐν
917 5673 1021 5743 MP-

517 5736 833 5812 (15))Ῑιιιςο
858 5743 945 5812 δή.

513 5810 625 5881 (ίδ)
654 5810 777 5865 Ἵνα
832 5810 930 5881 mil
962 5814 1074 5885 τὴν
1121 5817 1368 5887 ἡμέραν.
1399 5817 1515 5873 Non
1562 5823 1779 5876 memmi
1829 5821 2015 5874 Ιριιὲαεσ·

2125 3273 2468 3346 συλλογισμῷ
2510 3271 2813 3345 χρώμενος,
2868 3272 2945 3334 ὡς
3000 3270 3193 3336 οἴεται,
3245 3270 3498 3342 ἀφύκτῳ,
3554 3269 3626 3322 δι’
3656 3260 3716 3321 οὗ

2122 3384 2277 3438 φησι,
2300 3385 2319 3417 ι
2343 3365 2477 3420 Τίνα
2492 3365 2670 3418 τοίνυν
2688 3362 2780 3416 τὸν
2807 3361 2948 3431 Ἐγώ
2967 3364 3085 3432 είμι
3110 3365 3144 3416 ὁ
3165 3361 3251 3415 ὢν
3267 3362 3495 3433 λέγοντα
3523 3359 3717 3414 Ἀστέ-

2127 3477 2146 3509 ι
2186 3473 2297 3528 ριος
2322 3451 2461 3509 εἶναι
2485 3454 2655 3509 οἴεται
2679 3470 2694 3519 ;
2719 3452 2810 3505 τὸν
2835 3450 2966 3505 Υἱδν
2995 3451 3029 3523 ἢ
3056 3451 3150 3506 τὸν
3178 3452 3430 3524 Πατέρα;
3457 3445 3565 3504 εἶθ’
3586 3448 3718 3520 ἑξῆς

2127 3564 2146 3597 ι
2185 3544 2452 3614 συνάγων,
2504 3540 2581 3606 ὼς
2621 3544 2670 3595 εἰ
2707 3542 2805 3613 μὲν
2857 3542 2886 3593 ὁ
2924 3540 3115 3613 Πατὴρ
3152 3542 3238 3615 εἴη
3285 3543 3315 3595 6
3348 3540 3446 3607 ὢν,
3485 3542 3599 3596 οὐκ
3640 3531 3719 3594 ἔτ’

2127 3656 2146 3689 ι
2188 3636 2335 3689 ἐσται
2361 3638 2389 3689 6
2406 3635 2532 3698 Υἱὸς
2556 3634 2710 3699 Θεὸς,
2742 3635 2825 3688 ὅτι
2842 3635 2961 3689 κατ’
2979 3635 3385 3707 ἀντιδιαστολὴν
3408 3634 3505 3691 τοῦ
3526 3634 3609 3707 μὴ
3626 3635 3718 3688 δν·-

2128 3748 2147 3781 ‹
2186 3746 2296 3793 τος,
2332 3729 2362 3781 ό
2399 3726 2474 3782 ὢν
2499 3725 2691 3780 ἑαυτὸν
2732 3721 2874 3780 εἶναι
2912 3743 3096 3796 φησιν.
3128 3727 3193 3781 Εἰ
3228 3726 3287 3780 δὲ
3317 3727 3429 3799 (19)
3454 3726 3554 3780 τὸν
3589 3727 3723 3781 Υἰὸν

2127 3838 2146 3872 ε
2187 3819 2483 3873 ὑποστάσει
2507 3817 2835 3890 διῃρημένον
2863 3816 3020 3871 τοῦτο
3042 3818 3242 3888 φάσκοι
3268 3817 3447 3887 λέγειν
3472 3818 3539 3871 τὸ
3575 3817 3721 3889 Ἐγώ

2127 3929 2147 3962 ι
2183 3913 2299 3981 ειμι
2319 3913 2352 3965 ό
2375 3908 2481 3972 ὢν,
2512 3908 2706 3962 ταύτὸν
2728 3904 2883 3974 αὖθις
2905 3909 3033 3980 περὶ
3050 3908 3147 3962 τοῦ
3173 3908 3386 3980 Πατρὸς
3410 3907 3601 3979 λέγειν
3628 3928 3720 3963 νο-

2126 4021 2147 4054 (
2191 4001 2535 4074 μισθήσεται.
2572 4020 2590 4053 ι
2645 4000 2937 4073 Ἑκάτερον
2967 4001 3027 4056 δὲ
3049 4000 3253 4056 τούτων
3275 4002 3490 4065 ἀσεϐές.
3521 4002 3721 4057 Ταῦτα

2119 4093 2177 4147 δὲ
2219 4092 2391 4161 λέγων
2435 4093 2464 4145 6
2499 4091 2681 4156 αὐτὸς,
2721 4093 2964 4165 ἐκατέρῳ
3009 4093 3429 4164 περιπέπτωκεν
3478 4094 3715 4166 ἀτόπῳ’

2119 4184 2218 4238 ἕνα
2245 4184 2344 4255 μὲν
2371 4182 2686 4256 ὁριζόμενος
2719 4179 2856 4238 εἶναι
2885 4183 2976 4237 τὸν
2994 4184 3145 4250 ὅντα,
3169 4183 3395 4257 θάτερον
3425 4185 3485 4239 δὲ
3512 4186 3721 4258 ἀρνού-

2124 4294 2303 4349 μενος.
2339 4277 2447 4330 Καὶ
2478 4275 2598 4330 τίνα
2628 4274 2817 4330 τοῦτον
2839 4275 3002 4342 αὐτὸς
3040 4277 3107 4333 ἂν
3139 4278 3344 4348 είδείη;
3370 4277 3436 4330 Ei
3471 4278 3591 4352 γὰρ
3623 4280 3716 4334 τὸν

2121 4369 2340 4441 Πατέρα
2381 4367 2528 4433 δοὺς,
2562 4366 2655 4421 τὸν
2683 4367 2812 4421 Υἱὸν
2840 4369 3171 4441 ἀρνήσεται·
3201 4369 3237 4441 ἢ
3257 4369 3350 4423 τὸν
3378 4369 3514 4425 Υἱὸν
3547 4372 3716 4442 μόνον

2043 4490 2096 4551 D
2122 4458 2585 4551 παραδεξάμενος,
2609 4458 2866 4551 ἀθετήσει
2892 4459 2984 4551 τὸν
3008 4460 3248 4532 Πατέρα’
3279 4460 3480 4531 μᾶλλον
3500 4461 3565 4515 δὲ
3586 4460 3715 4516 οὔτε

2123 4551 2363 4623 Πατέρα,
2393 4549 2517 4605 οὔτε
2541 4550 2670 4606 Υίὸν
2690 4549 2845 4614 εἰδὼς
2870 4550 3276 4623 ἐλεγχθήσεται,
3308 4552 3407 4607 ἕνα
3431 4552 3601 4624 μόνον
3630 4554 3716 4608 δι-

2121 4642 2266 4707 δοὺς,
2303 4643 2392 4698 τὸν
2418 4644 2477 4698 δὲ
2514 4643 2699 4716 ἕτερον
2722 4641 2962 4697 ἐκποδὼν
2996 4643 3254 4716 μεθιστὰς
3271 4661 3286 4675 ’
3317 4645 3423 4699 κᾶν
3445 4645 3632 4719 ἀκούῃ
3654 4645 3714 4700 δὲ

2121 4734 2370 4803 λέγοντος
2399 4735 2493 4790 τοῦ
2524 4734 2682 4803 Θεοῦ,
2719 4734 2862 4807 Ἐγὼ
2893 4737 3108 4804 Κύριος
3128 4740 3162 4791 ὀ
3178 4739 3325 4805 Θεός
3360 4751 3504 4803 σου,
3540 4743 3577 4794 ό
3593 4738 3713 4811 (ω)

2118 4825 2423 4896 ἐξαγαγών
2441 4842 2516 4880 σε
2533 4827 2603 4881 ἐκ
2628 4825 2743 4897 γῆς
2757 4828 3077 4896 Αίγύπτου,
3105 4828 3176 4895 ἐξ
3195 4829 3368 4884 οἵκου
3394 4828 3710 4896 δουλείας,

2120 4920 2232 4973 οὐκ
2251 4918 2498 4974 ἔσονταί
2527 4933 2627 4973 σοι
2646 4918 2769 4976 θεοὶ
2789 4919 2977 4990 ἕτεροι
2995 4919 3164 4990 πλὴν
3182 4920 3350 4990 ἐμοῦ.
3379 4921 3558 4979 Πάλιν
3583 4924 3714 4979 κάν-

1895 5103 1944 5137 “
1974 5106 2110 5162 (seu.
2144 5121 2300 5169 xvul,
2342 5108 2394 5162 I.
2469 5108 2514 5139 ‘7
2546 5105 2703 5161 Joan.
2733 5121 2852 5171 vui,
2874 5104 2964 5161 56.
3039 5105 3088 5139 ⁸⁸
3119 5107 3248 5164 ibid.
3274 5107 3367 5165 48.
3448 5110 3495 5144 δ’
3523 5110 3706 5167 Galat.

2081 5176 2127 5208 ⁸³
2150 5177 2325 5236 Exod.
2364 5193 2460 5242 xx,
2487 5177 2545 5245 2,
2575 5176 2645 5244 5;
2676 5175 2853 5231 Levit.
2881 5191 2991 5242 xu,
3014 5177 3104 5233 36.

2122 5331 2248 5386 alibi
2277 5332 2416 5387 hanc
2459 5330 3000 5401 interpretationem;
3037 5348 3142 5388 nou
3172 5334 3408 5390 habetur
3432 5335 3577 5390 inter
3609 5353 3709 5394 eas

2118 5417 2254 5527 siuas
2284 5402 2779 5526 multagésoggessit
2799 5402 3203 5459 eruditissimus
3228 5404 3595 5472 Maldonatus,
3630 5415 3705 5464 ad

2151 5488 2274 5525 03‘".
2311 5487 2432 5527 VIII.
2533 5512 2544 5522 .
2621 5510 2635 5524 .

2151 5488 2274 5525 oau.
2311 5487 2432 5533 vut,
2458 5487 2544 5526 oo.
2565 5487 2635 5524 tu.

2189 5541 2694 5615 (inrui-{amour
2744 5544 3031 5615 d__rdroc.
3074 5540 3278 5613 Nempe
3304 5547 3457 5615 quod
3491 5546 3705 5607 locutas

2118 5620 2198 5667 est
2230 5611 2390 5669 Deus,
2428 5610 2569 5679 Ἐγώ
2601 5612 2737 5679 εἰμι.
2765 5612 2837 5679 MA.
2863 5657 2870 5664 .

2193 5680 2304 5749 (18)
2338 5679 2461 5734 Mss.
2498 5677 2527 5733 ό
2555 5681 2612 5734 δὲ
2632 5677 2764 5745 Θεὸς
2784 5677 2865 5746 εἷς
2888 5681 3055 5735 ἔστιν.

2338 5749 2504 5826 Υιιίςο
2528 5751 2625 5822 δή,
2664 5769 2784 5826 mox
2817 5753 2973 5824 vulgo
3000 5752 3322 5826 ἀρνήσηται.

2197 5820 2308 5871 (⁸21))
2339 5818 2503 5876 Vulgo
2537 5818 2643 5877 out.
2672 5822 2718 5874 ὁ.

3592 328 3703 387 956
3785 368 3787 388 ι
