3828 6222
146 379 261 437 οδτ

148 587 513 658 συνημμένων
540 585 814 639 ἀκουέτωο
841 582 1010 637 εἰπὼν
1040 583 1170 654 γὰρ,
1210 584 1332 637 Οὺκ
1359 580 1606 636 ἔσονται
1634 594 1735 634 σοι

148 679 273 734 θεοὶ
332 677 519 755 ἕτεροι
563 676 730 744 πλὴν
761 675 928 746 ἐμοῦ,
985 674 1263 744 ἐπήγαγεν
1280 689 1294 703 ·
1338 673 1421 727 Οὐ
1460 669 1735 739 ποιήσεις

146 769 387 835 σεαυτῷ
399 768 511 839 (21)
524 767 795 832 εῑδωλον,
821 766 964 820 οὐδὲ
985 764 1212 832 παντὸς
1226 765 1508 834 ὁμοίωμα,
1531 763 1648 818 ὅσα
1667 763 1737 817 ἐν

147 859 234 926 τῷ
258 857 489 927 οὐρανῷ
509 858 652 924 ἅνω,
670 858 769 912 καὶ
782 856 900 912 ὅσα
921 857 991 911 ἐν
1013 857 1088 926 τῇ
1104 856 1182 927 τῇ
1210 856 1386 921 κάτω,
1410 856 1508 910 καὶ
1533 855 1652 910 ὅσα
1665 854 1735 909 ἐν

147 954 277 1020 τοῖς
302 952 523 1008 ὕδασιν
546 948 824 1007 ὑποκάτω
849 948 963 1020 τῆς
981 948 1114 1019 γῆς.
1154 949 1237 1003 Οὐ
1283 947 1736 1016 προσκυνήσας

146 1045 380 1113 αὐτοῖς,
394 1044 536 1100 οὐδὲ
541 1044 628 1116 μὴ
639 1043 990 1113 λατρεύσεις
1004 1039 1227 1106 αὐτοῖς,
1239 1037 1354 1108 ἐγὼ
1367 1038 1479 1109 γάρ
1493 1041 1610 1109 εἰμι
1622 1040 1738 1094 Κύ-

142 1157 281 1213 ριος
307 1138 339 1192 ὂ
366 1138 510 1203 Θεόζ·
535 1150 675 1201 σου,
728 1136 946 1204 Κύριος
966 1131 1251 1202 ζηλωτής.
1287 1132 1449 1204 Ὁρᾷς
1474 1132 1623 1196 ὅπως
1654 1131 1733 1185 δι-

150 1231 433 1285 εστέλλετο
449 1229 581 1302 (22),
590 1227 664 1302 μὴ
679 1230 747 1301 τῇ
766 1226 874 1281 τῶν
890 1225 1058 1282 ἐθνῶν
1072 1224 1321 1296 πολυθέῳ
1339 1224 1518 1299 πλάνῃ
1531 1241 1737 1279 συναπ-

151 1322 405 1392 ἀγεσθαι,
430 1322 589 1392 μϐνον
616 1319 675 1374 δὲ
702 1319 864 1374 αὐτὸν
888 1318 1085 1373 εἰδέναι
1111 1318 1243 1372 Θεὸν
1265 1318 1360 1372 καὶ
1387 1316 1612 1389 Κύριον.
1641 1317 1736 1380 Τίς

151 1415 201 1470 δ’
231 1409 325 1469 οὖν
366 1405 556 1480 οῦτος;
595 1413 654 1467 '0
675 1411 802 1476 Υἱὸς
818 1411 916 1483 τὴν
940 1410 1124 1465 εἰκόνα
1152 1410 1246 1465 τοῦ
1267 1410 1494 1481 κΠατρὸς
1513 1408 1653 1480 ἔχων
1676 1409 1735 1462 ὲν

152 1506 353 1579 ἑαυτῷ,
390 1505 447 1573 ἐξ
480 1502 791 1567 αὐθεντεῑας
828 1520 888 1556 τε
922 1501 1090 1557 αὐτοῦ
1131 1503 1246 1564 τοῖς
1294 1499 1736 1572 εἰδωλολατρεᾱω

152 1598 372 1652 νοσοῦσι
404 1594 576 1651 ταῦτα
603 1594 1036 1664 διαταττόμενος.
1079 1592 1167 1656 Ὧς
1193 1592 1301 1666 γὰρ
1334 1592 1511 1645 πάντα
1538 1590 1605 1645 δι’
1640 1590 1738 1644 αὐ-

153 1688 252 1744 τοῦ
276 1687 513 1758 ἐγένετο,
544 1685 637 1740 τοῦ
657 1684 871 1757 Πατρὸς
895 1684 982 1738 διὰ
1006 1683 1101 1737 τοῦ
1123 1684 1376 1757 Σωτῆρος
1393 1682 1491 1755 τὴν
1508 1682 1617 1736 τῶν
1639 1698 1737 1751 γε-

154 1779 335 1850 νητῶν
377 1778 635 1833 ἁπάντων
682 1777 873 1831 οὐσίαν
907 1773 1018 1848 (25)
1062 1773 1532 1846 ὑποστησαμένου,
1563 1771 1737 1836 οὕτως

1079 374 1178 432 DE
1211 370 1755 432 ECCLESIASTICA
1785 368 2179 427 THEOLOGIA
2202 366 2332 425 LIB.
2372 364 2427 424 ιι

145 494 325 552 ταῦθα
358 492 434 571 μῆ
459 492 810 566 ταραττέσθω
828 472 926 563 τὴν
951 490 1152 563 ψυχὴν,
1180 489 1319 546 ἀλλὰ
1336 490 1432 544 καὶ
1464 489 1574 543 τῶν
1606 486 1734 559 ἑξῆς
1762 493 1807 551 Α

3303 359 3410 417 958

1839 485 2095 556 trepidet,
2126 483 2221 540 sed
2260 481 2511 539 attendat
2538 494 2662 551 qua:
2695 485 2999 550 sequuntur
3025 477 3229 534 statim.
3272 476 3409 533 Cum

1836 577 1985 633 enim
2020 576 2233 633 dixerat
2261 614 2279 639 ,
2335 572 2465 629 Non
2508 580 2660 628 erunt
2708 572 2804 625 tibi
2845 570 2924 624 dii
2949 569 3045 624 alii
3084 580 3278 640 praeter
3306 587 3410 635 me,

1837 667 2143 733 subintulit,
2181 664 2308 720 Non
2337 665 2498 734 {acies
2529 663 2624 716 tibi
2654 661 2854 716 idolum
2879 700 2896 728 ,
2922 676 3086 731 neque
3115 677 3317 716 omnem
3338 665 3413 715 si-

1838 759 2192 815 militudinem
2222 773 2401 812 eorum
2429 770 2547 826 qua:
2575 761 2702 809 sunt
2730 754 2786 807 in
2810 752 2940 808 cmlo
2979 768 3209 819 sursum,
3242 762 3334 805 aut
3355 753 3413 806 in

1836 864 1980 909 terra
2011 853 2281 918 deorsum,
2314 857 2407 903 aut
2428 864 2546 919 gnte
2581 858 2704 902 sunt
2723 847 2779 901 in
2812 846 2963 911 aquis
2992 846 3411 909 subter-terram;

1837 960 1942 999 non
1972 942 2220 997 adorabis
2249 940 2367 1006 illa,
2407 954 2512 994 non
2537 938 2787 994 inservias
2818 936 2949 1001 illis,
2983 935 3096 1007 Ego
3128 935 3270 991 enim
3293 951 3414 989 sum

1835 1037 2100 1091 Dominus
2137 1032 2280 1088 Deus
2325 1043 2480 1098 tuus,
2512 1030 2653 1086 Deus
2684 1028 2876 1084 zelotes
2902 1029 2970 1086 ⁵³.
3003 1027 3165 1084 Vides
3186 1035 3246 1082 ut
3272 1040 3411 1098 prae-

1836 1122 2044 1195 ceperit
2069 1122 2121 1179 id
2145 1122 2342 1187 solum,
2373 1137 2444 1182 ne
2469 1121 2539 1176 ab
2564 1135 2753 1176 errore
2785 1118 3072 1189 gentilitio,
3094 1119 3162 1175 de
3182 1118 3411 1174 deorum

1837 1216 2205 1282 multitudine,
2263 1214 2664 1270 abducerentur
2691 1251 2708 1278 ,
2742 1211 2842 1267 sed
2875 1210 3048 1267 solum
3100 1209 3276 1281 ipsum
3306 1209 3413 1264 Do-

1838 1309 2044 1364 minum
2079 1317 2240 1377 atque
2274 1306 2439 1361 Deum
2499 1309 2878 1374 agnoscerent.
2930 1299 3063 1370 Quis
3109 1308 3228 1356 erat
3260 1298 3412 1355 iste?

1838 1416 2032 1471 nempe
2057 1399 2228 1455 Filius
2264 1396 2438 1453 Patris
2489 1396 2778 1466 imaginem
2827 1394 2882 1448 in
2926 1408 2985 1449 se
3032 1392 3238 1448 habens
3269 1410 3287 1446 :
3318 1391 3412 1462 qui

1837 1507 1937 1563 pro
1988 1505 2084 1547 sua
2136 1505 2296 1561 quam
2355 1487 2542 1544 habuit
2574 1486 2915 1559 _auctoritate
2965 1485 3271 1541 idololat-ris
3306 1485 3412 1540 ista

1838 1581 1894 1637 in
1947 1581 2217 1636 mandatis
2266 1579 2436 1634 dedit.
2492 1578 2627 1632 Nam
2696 1585 2757 1630 ut
2807 1575 2991 1631 omnia
3038 1574 3199 1630 Pater
3247 1571 3412 1629 fecis—

1838 1688 1900 1729 se
1954 1672 2152 1728 dicitur
2214 1685 2310 1741 per
2378 1667 2722 1726 Senatorem
2755 1707 2771 1732 ,
2828 1665 2922 1734 qui
2986 1664 3225 1741 suscepit
3279 1677 3411 1718 om—

1839 1766 1988 1819 nium
2043 1740 2399 1819 substantiam
2458 1774 2581 1829 qua:
2645 1765 3028 1826 generantur;
3090 1740 3168 1807 ita
3223 1762 3279 1808 et
3346 1757 3408 1817 >14

154 1835 321 1933 αῦτὺς
345 1864 414 1940 ἦν
440 1871 469 1923 6
501 1867 690 1940 Πατὴρ
717 1867 817 1938 τὴν
845 1835 926 1930 εἰς
944 1835 1107 1920 αῦτὸν
1137 1835 1425 1936 γνῶσίν-τε
1456 1835 1550 1919 καὶ
1576 1835 1734 1919 εὐσέέ

1848 1858 1953 1927 ipse
1992 1855 2152 1909 Pater
2179 1851 2282 1907 fuit
2327 1851 2417 1922 qui
2465 1864 2562 1921 per
2621 1847 2817 1903 Filium
2858 1845 3254 1911 mediatorem,
3285 1843 3403 1914 pie-

155 1959 312 2014 δειαν
346 1958 436 2014 διὰ
482 1957 701 2029 μεσίτου
748 1955 842 2009 τοῦ
878 1955 1009 2010 Υἱοῦ
1041 1955 1368 2028 παραδιδοὺς
1407 1953 1733 2026 ἀνθρώποις.

157 2051 343 2106 Τοῦτο
373 2050 433 2106 δὲ
462 2051 557 2105 καὶ
584 2052 614 2104 6
655 2048 980 2113 Ἀπόστολος
1013 2049 1197 2112 αὐτοῖς
1227 2048 1435 2120 ῥήμασι
1470 2045 1738 2111 Γαλάταις

155 2142 388 2215 γράφων
411 2141 676 2207 ὲδῖδασκε,
699 2140 766 2195 δι’
792 2135 867 2196 ὧν
894 2140 999 2212 ἔφη
1014 2156 1030 2172 ο
1066 2140 1120 2193 Ὀ
1145 2139 1330 2209 νόμος
1345 2136 1641 2207 διαταγεὶς
1661 2136 1736 2191 δι’

155 2236 434 2308 ἀγγέλων
459 2235 529 2288 ἐν
565 2232 714 2303 χειρὶ
736 2233 989 2302 μεσίτου
1007 2249 1026 2265 ι
1046 2235 1079 2287 ό
1101 2230 1171 2285 δὲ
1186 2231 1438 2302 μεσίτης
1464 2229 1603 2295 ἐνὸς
1624 2230 1738 2283 οὐκ

156 2327 335 2382 ἔστιν
350 2343 367 2358 ο
396 2326 429 2380 ὸ
454 2325 523 2380 δὲ
544 2322 689 2389 Θεὸς
714 2318 804 2391 εἷς
828 2324 1004 2379 ἐστιν
1023 2322 1159 2395 (24).
1186 2322 1310 2377 Κᾶν
1332 2321 1466 2394 λέγῃ
1483 2338 1499 2353 ⁸
1528 2320 1736 2386 Ἴδετε,

156 2418 254 2475 ὅτι
289 2416 402 2489 ἐγώ
431 2419 567 2488 εἰμι,
604 2419 701 2473 καὶ
733 2418 844 2472 οὐκ
864 2416 997 2472 ἐστι
1025 2414 1171 2481 Θεὸς
1217 2413 1387 2484 πλὴν
1431 2413 1599 2484 ἐμοῦ,
1634 2413 1741 2467 πά-

155 2510 248 2565 λιν
276 2510 305 2562 6
338 2508 527 2580 Πατὴρ
552 2502 643 2580 ἦν,
672 2507 748 2572 ὡς
775 2505 864 2560 διὰ
891 2506 1098 2569 εἰκόνος
1123 2505 1218 2559 καὶ
1250 2504 1491 2576 μεσίτου,
1524 2503 1615 2559 διὰ
1642 2503 1738 2559 τοῦ

156 2601 298 2656 Υἱοῦ
315 2601 472 2655 τοῦτο
486 2599 712 2670 φάσκων
731 2614 747 2630 ⁶
762 2598 822 2654 οὐ
835 2596 1015 2671 γὰρδὴ
1028 2596 1276 2666 λέγοντος
1293 2596 1391 2668 μὲν
1404 2595 1625 2650 Ἡσαΐου
1645 2594 1739 2650 τοῦ

157 2692 467 2765 προφήτου,
504 2691 679 2759 Υἱοὺς
723 2691 1025 2763 ἐγέννησα
1048 2690 1146 2744 καὶ
1175 2689 1413 2759 ῦψωσα,
1438 2689 1533 2743 καὶ
1558 2688 1738 2755 πάλιν,

174 2784 415 2855 Ἰσραὴλ
431 2784 498 2839 δέ
520 2800 598 2855 με
622 2786 735 2839 οὐκ
766 2785 938 2854 ἔγνω,
965 2782 1062 2838 καὶ
1100 2784 1135 2837 ό
1168 2782 1319 2849 λαός
1341 2800 1418 2854 με
1449 2784 1521 2838 οὐ
1548 2780 1743 2852 συνῆ-

165 2895 258 2945 κε,
298 2878 393 2932 καὶ
423 2872 596 2943 αὖθις,
653 2875 793 2948 Ἐγὼ
822 2873 971 2932 πᾶσι
1008 2875 1134 2943 τοῖς
1171 2876 1415 2946 ἄστροις
1447 2874 1743 2931 ἐνετειλά-

161 2985 309 3041 μην,
337 2968 448 3034 καὶ,
470 2965 551 3037 Τῇ
596 2967 749 3037 χειρί
786 2984 907 3038 μου
939 2967 1277 3036 ἐστερέωσα
1316 2966 1425 3021 τὸν
1456 2965 1739 3036 οὐρανὸν,

166 3059 263 3112 καὶ
293 3058 393 3113 ὅσα
428 3058 561 3114 ἄλλα
586 3058 829 3127 τοιαῦτα,
863 3058 924 3111 οὐ
960 3057 1054 3113 τὸν
1096 3058 1324 3113 Ἡσαΐαν
1362 3058 1533 3113 ταῦτα
1564 3058 1744 3128 λέγειν

168 3153 436 3243 φήσομεν,
467 3150 537 3243 δι’,
556 3149 816 3243 αῦτοῦμδὲ
859 3151 950 3205 τὸν
994 3152 1070 3243 sv“
1096 3149 1245 3222 αὑτῷ
1279 3149 1545 3206 λαλοῦντα
1580 3150 1742 3206 Θεόνο
1770 3183 1814 3243 c

166 3242 292 3313 οὐχὶ
318 3241 375 3295 δὲ
402 3241 496 3296 καὶ
526 3242 617 3295 ἐπὶ
648 3240 741 3296 τοῦ
783 3239 1104 3313 μονογενοῦς
1123 3239 1257 3295 Υἱοῦ
1287 3238 1380 3295 τοῦ
1418 3239 1554 3295 Θεοῦ
1572 3281 1586 3306 ,
1612 3240 1747 3313 πρέ-

168 3349 263 3387 ποι
291 3332 357 3387 ἂν
382 3333 474 3386 τὸν
510 3332 727 3403 Πατέρα
745 3332 812 3386 δι’
839 3329 1004 3387 αὐτοῦ
1029 3331 1226 3403 χρῆναι
1256 3328 1430 3385 ταῦτα
1456 3330 1748 3403 διαμαρτύο

170 3422 369 3496 ρασθαι
399 3424 511 3486 τοῖς
534 3421 642 3475 τῶν
678 3419 898 3474 τοιῶνδε
928 3418 1403 3492 παραγγελμάτων
1439 3418 1744 3489 δεομένοις;

167 3509 551 3582 εἰδωλολάτραι
579 3510 625 3564 δ’
650 3504 790 3582 ἦσαν
808 3503 973 3576 οὗτοι,
1007 3508 1083 3573 ὡς
1107 3510 1141 3581 ἡ
1171 3509 1310 3580 αὑτὴ
1337 3507 1578 3562 διδάσκει
1605 3507 1747 3580 Γρα-

168 3603 249 3675 φὴ
278 3602 530 3672 λέγουσα·
563 3603 674 3656 Καὶ
707 3596 828 3657 εῐπε
869 3600 1095 3673 Κύριος
1151 3619 1171 3652 ι
1199 3599 1311 3653 Ποῦ
1345 3599 1487 3653 εἰσιν
1539 3600 1588 3652 οἱ
1635 3597 1750 3652 Θεοὶ

175 3714 199 3749 e
242 3694 453 3762 αὐτῶν;
509 3696 594 3765 ἐφ’
640 3689 721 3759 οἷς
764 3692 1148 3747 ἐπεποίθεισαν
1198 3692 1284 3744 ἐπ’
1329 3691 1532 3754 αὐτοῖς,
1582 3682 1657 3744 ὧν
1688 3690 1751 3743 τὸ

177 3806 198 3839 e
242 3787 407 3859 στέαρ
429 3785 538 3841 τῶν
572 3786 773 3841 θυσιῶν
802 3784 980 3839 αὐτῶν
1018 3783 1257 3854 ἠσθίετε,
1283 3783 1376 3838 καὶ
1408 3782 1622 3835 ὲπίνετε
1656 3781 1750 3835 τὸν

177 3897 199 3930 ι
240 3873 383 3932 οἶνον
433 3876 542 3931 τῶν
598 3875 840 3931 σπονδῶν
890 3874 1089 3931 αὐτῶν.
1161 3875 1596 3945 Ἀναστήτωσαν,
1655 3872 1753 3928 καὶ

178 3989 200 4022 ι
254 3968 676 4041 βοηθησάτωσαν
719 3968 868 4038 ὑμῖν,
910 3967 1004 4021 καὶ
1036 3965 1422 4038 γενηθήτωσαν
1446 3962 1596 4036 ὑμῶν
1623 3979 1752 4017 σκε-

178 4080 202 4115 e
244 4060 468 4117 πασταί.
526 4080 545 4115 ι
601 4061 824 4126 Τούτοις
878 4059 988 4132 γὰρ
1047 4059 1316 4131 συνῆπται
1368 4055 1464 4124 τὸ,
1494 4073 1515 4108 ι
1560 4056 1752 4121 Ἴδετε,

179 4172 200 4205 ι
239 4152 379 4206 ἴδετε
437 4153 522 4207 ὅτι
574 4152 686 4224 ἐγώ
747 4155 887 4225 εἰμι,
955 4150 1050 4206 καὶ
1119 4150 1221 4204 οὐκ
1276 4147 1391 4203 ἐστι
1441 4147 1573 4213 Θεὸς
1615 4145 1754 4219 πλὴν

180 4264 200 4297 e
245 4242 405 4317 ἐμοῦ.
454 4263 476 4298 s

806 4337 964 4392 ΚΕΦ.
994 4336 1125 4393 KB’.

175 4434 311 4489 Ὀτι
334 4432 434 4487 καὶ
464 4432 535 4487 ἐν
561 4430 684 4498 τοῖς
710 4428 1165 4557 πιὶέφήὲαιςηδιὰ
1192 4428 1298 4484 τοῦ
1327 4427 1466 4484 Υἱοῦ
1495 4431 1528 4483 ό
1552 4424 1758 4496 Πατὴρ

838 4518 903 4556 εο
945 4518 1156 4557 οτειτο.
1512 4540 1523 4555 .

838 4518 1156 4572 εουιοτειτο.
1512 4540 1523 4555 .

241 4593 368 4649 Κᾶν
385 4593 645 4667 μυριάκις
656 4591 835 4646 τοίνυν
856 4590 945 4644 διὰ
961 4589 1058 4643 τοῦ
1079 4591 1358 4663 προφήτου
1382 4587 1519 4659 βοῶν
1548 4588 1753 4659 φάσκῃ,

177 4686 357 4756 Πλὴν
381 4685 528 4756 ἐμοῦ
557 4687 669 4740 οὐκ
692 4685 825 4739 ἐστι
845 4683 1009 4750 Θεὸς,
1039 4683 1134 4737 καὶ
1159 4682 1327 4750 πλὴν
1340 4681 1486 4751 ἐμοῦ
1503 4683 1614 4735 οὐκ
1628 4681 1762 4735 ἐστι

174 4778 413 4845 δίκαιος
426 4776 526 4832 καὶ
544 4776 771 4846 Σωτὴρ,
815 4778 909 4830 καὶ
930 4775 1079 4830 Θεὸν
1109 4774 1276 4842 πλὴν
1288 4773 1433 4844 ἐμοῦ
1448 4776 1521 4829 οὐ
1536 4773 1761 4843 γνώσῃ,

177 4871 277 4925 καὶ
294 4869 500 4931 σώζων
526 4871 640 4925 οὐκ
670 4870 805 4924 ἐστι
829 4867 1022 4937 παρὲξ
1054 4866 1168 4939 (25)
1189 4867 1357 4938 ἐμοῦ,
1380 4867 1475 4920 καὶ
1506 4868 1607 4920 ὅσα
1628 4864 1764 4920 ἄλλα

173 4962 391 5026 τούτοις
431 4960 635 5031 ἀδελφὰ
673 4963 730 5016 ὲν
775 4962 886 5025 τοῖς
917 4958 1124 5024 λοιποῖς
1165 4959 1389 5030 φέρεται
1426 4958 1757 5030 προφήταις,

179 5054 333 5122 Θεὸς
347 5051 445 5126 ἦν,
468 5054 565 5108 καὶ
583 5053 653 5118 ἐξ
672 5038 907 5108 ἐκείνου
939 5052 1011 5107 ἐν
1034 5048 1264 5120 Χριστῷ
1288 5050 1521 5119 κόσμον
1534 5051 1759 5103 καταλ-

179 5147 441 5205 λάσσων
459 5146 676 5213 ἐαυτῷ,
694 5147 790 5201 καὶ
810 5145 973 5208 αὐτὸς
991 5140 1059 5215 ἦν
1090 5143 1121 5196 6
1148 5141 1340 5215 Πατὴρ
1358 5141 1533 5196 ταῦτα
1548 5140 1639 5194 διὰ
1658 5137 1754 5194 τοῦ

182 5238 509 5313 μονογενοῦς
541 5238 696 5305 Υἱοῦ,
747 5233 836 5292 οἷα
867 5237 935 5292 δι’
959 5235 1261 5309 ἑρμηνέως,
1293 5232 1603 5305 ἀνθρώποις,
1622 5232 1756 5285 ὐπο-

1839 1957 1998 2002 tatem
2027 1955 2080 2000 et
2105 1946 2186 2001 sui
2222 1942 2586 2015 cognitionem
2619 1937 2933 1994 hominibus
2958 1932 3404 1991 communicavit.

1837 2039 1950 2095 Iloc
1980 2037 2201 2092 totidem
2234 2034 2431 2097 verbis,
2472 2032 2541 2088 ad
2570 2030 2799 2087 Galatas
2843 2028 3089 2084 scribens
3116 2023 3407 2095 Apostolus

1837 2130 2085 2192 docebat,
2117 2125 2226 2181 Lee:
2258 2125 2504 2180 ordinata
2555 2139 2649 2194 per
2689 2119 2899 2192 angelos
2938 2120 2992 2173 in
3023 2132 3183 2171 manu
3210 2116 3414 2170 media-

1838 2220 1991 2274 toris.
2033 2216 2301 2271 Mediator
2334 2224 2510 2269 autem
2547 2212 2707 2266 unius
2742 2225 2846 2264 non
2879 2217 2956 2263 est
2996 2220 3015 2261 :
3063 2205 3206 2260 Deus
3240 2213 3415 2258 autem

1837 2327 1972 2365 unus
2019 2318 2093 2364 est
2136 2307 2204 2362 ⁵⁸.
2265 2306 2333 2361 Ει
2371 2305 2499 2360 alibi
2522 2303 2617 2370 ait,
2695 2300 2870 2355 Videte
2935 2297 3074 2370 quod
3136 2311 3229 2366 ego
3273 2308 3414 2358 sum,

1837 2413 1887 2459 et
1917 2411 2107 2472 prater
2144 2416 2225 2453 me
2263 2414 2367 2451 non
2395 2407 2474 2453 est
2511 2395 2651 2449 alius
2692 2392 2834 2448 Deus
2858 2391 2928 2445 ⁵⁸.
2970 2389 3130 2444 Pater
3169 2387 3259 2442 hic
3295 2392 3417 2441 erat

1840 2495 1932 2567 qui
1966 2509 2061 2564 per
2099 2492 2320 2556 Filium,
2350 2499 2607 2559 tanquam
2637 2484 2929 2556 imaginem
2961 2490 3018 2536 et
3053 2477 3411 2567 mediatorem

1841 2566 1948 2644 ista
1982 2585 2160 2641 dixit:
2199 2597 2306 2637 non
2343 2579 2488 2635 enim
2532 2591 2655 2632 cum
2690 2573 2881 2629 Isaiam
2907 2569 3157 2626 audimus
3186 2566 3417 2639 prophe-

1844 2688 1949 2736 tam
1978 2678 2269 2739 dicentem,
2294 2669 2467 2725 Filios
2495 2668 2649 2739 genui
2682 2674 2731 2721 et
2760 2662 2986 2720 exaltavi
3004 2660 3089 2726 ⁸⁶;
3119 2667 3173 2715 et
3195 2660 3417 2723 iterum,

1842 2768 2014 2825 Israel
2054 2769 2230 2822 autem
2257 2779 2338 2817 me
2368 2778 2472 2814 non
2503 2756 2765 2829 cognovit,
2791 2766 2841 2809 et
2870 2751 3093 2825 populus
3123 2764 3270 2804 meus
3312 2763 3419 2802 non

1844 2858 2096 2917 intellexit
2118 2858 2204 2926 '7;
2235 2862 2291 2912 et
2337 2866 2545 2916 rursus,
2590 2848 2845 2904 Omnibus
2888 2843 3150 2900 sideribus
3186 2856 3279 2912 ego
3319 2840 3421 2893 imo

1844 2953 2063 3026 peravi;
2095 2959 2170 3017 et,
2193 2965 2355 3003 manu
2379 2962 2494 3000 mea
2523 2942 2729 3014 ﬁrmavi
2762 2938 2949 2994 coelum
2968 2937 3038 3004 ⁸⁸,
3069 2945 3121 2991 et
3147 2949 3267 3005 qua:
3295 2941 3422 2988 sunt

1843 3045 2077 3111 similia;
2101 3057 2207 3098 non
2241 3040 2309 3095 ab
2327 3037 2460 3094 Isaia
2490 3036 2616 3102 ista,
2645 3034 2888 3102 inquam,
2921 3028 3132 3100 prolata
3151 3028 3418 3091 dicemus,

1846 3140 1942 3195 sed
1967 3153 1999 3192 a
2029 3138 2139 3193 Deo
2167 3152 2220 3190 In
2250 3134 2366 3204 ipso
2409 3132 2684 3200 loquente.
2714 3126 2980 3194 Quocirca
3010 3123 3187 3179 eritne
3231 3121 3420 3176 incon-

1846 3244 2041 3302 gruum
2082 3226 2310 3287 dixisse,
2341 3223 2558 3278 Patrem
2602 3232 2700 3289 per
2736 3215 2931 3271 Filiqu
2979 3229 3137 3270 suum
3173 3210 3423 3282 unigeni-

1847 3333 1959 3379 tum
1986 3322 2104 3377 haec
2135 3317 2488 3391 praelocutum
2521 3311 2795 3367 aﬂismare
2848 3307 2988 3379 apud
3045 3320 3141 3360 eos
3176 3304 3268 3373 qui
3304 3303 3424 3358 istis

1845 3414 2157 3486 indigebant
2187 3408 2455 3466 mandatis
2496 3414 2553 3462 et
2602 3400 3097 3459 admonitionibus?
3127 3398 3296 3486 Erant
3325 3410 3423 3486 au-

1846 3484 2145 3573 tem—quod
2185 3507 2413 3556 testatur
2462 3494 2766 3563 Scriptura,
2803 3492 2856 3546 bi
2904 3488 3226 3545 idololatria.
3276 3484 3427 3539 Dixit

1846 3595 1989 3653 enim
2008 3591 2264 3648 Dominus
2296 3608 2313 3644 :
2352 3586 2453 3642 Ubi
2476 3594 2601 3642 sunt
2628 3584 2707 3638 dii
2732 3581 2944 3637 illorum
2970 3583 2995 3636 ?
3019 3580 3074 3634 in
3090 3579 3276 3650 quibus
3301 3592 3429 3630 con-

1845 3684 2075 3756 ﬁdebant
2103 3720 2121 3750 ,
2163 3696 2386 3753 quorum
2441 3679 2506 3733 de
2565 3674 2841 3743 sacriﬁciis
2875 3672 3079 3741 adipem
3107 3666 3424 3734 comedistis,

1846 3787 1894 3834 et
1932 3777 2134 3830 bibistis
2170 3773 2346 3828 uinum
2378 3770 2443 3824 de
2470 3768 2637 3838 epulis
2697 3781 2878 3820 eorum
2904 3780 2922 3817 :
2953 3769 3173 3831 surgant
3197 3768 3244 3813 et
3269 3758 3428 3827 adju-

1849 3881 1966 3928 vent
1996 3887 2105 3935 vos,
2156 3876 2205 3922 et
2235 3866 2366 3936 fiant
2401 3859 2781 3918 obumbracula
2833 3857 2973 3912 vobis
2999 3857 3064 3909 ⁸³.
3098 3851 3253 3910 Nunc
3275 3851 3427 3906 hisce

1851 3961 2033 4018 verbis
2064 3958 2286 4015 adunita
2338 3964 2500 4021 sunt,
2540 3951 2750 4018 Videte,
2795 3950 2959 4006 videte
2989 3946 3128 4018 quod
3147 3960 3240 4016 ego
3274 3957 3424 4010 sum,

1851 4065 1899 4111 et
1935 4069 2039 4110 non
2068 4061 2146 4108 est
2181 4050 2318 4106 alius
2346 4057 2535 4119 praeter
2567 4059 2647 4099 me
2668 4043 2737 4099 °°.

2449 4315 2603 4374 CAP.
2644 4311 2814 4371 XXII.

1859 4416 2011 4485 Quod
2039 4414 2196 4471 etiam
2227 4413 2282 4467 in
2307 4408 2578 4533 prophetas.
2609 4407 2768 4532 εἶπεν
2793 4417 2885 4474 per
2900 4398 3100 4454 Filium
3124 4395 3265 4451 Deus
3291 4407 3430 4464 pra:-

2562 4494 2608 4533 tc
2668 4492 2752 4530 ur.

2562 4492 2752 4533 tentur.

1928 4579 2079 4635 Licet
2107 4591 2236 4646 ergo
2275 4571 2470 4627 millies
2507 4585 2603 4640 per
2631 4566 2947 4638 prophetam
2979 4559 3204 4622 clamet,
3234 4553 3436 4608 Prwter

1860 4688 1941 4728 me
1978 4686 2082 4726 non
2123 4677 2200 4724 est
2237 4667 2410 4731 Deus,
2455 4672 2512 4720 et
2556 4671 2749 4732 prwter
2789 4672 2870 4710 nte
2910 4670 3015 4709 non
3059 4660 3134 4706 est
3161 4649 3340 4720 justus
3383 4653 3434 4697 et

1863 4766 2129 4831 Servator,
2152 4773 2226 4829 et,
2255 4760 2422 4814 Deum
2450 4773 2552 4810 non
2580 4765 2857 4822 cognosces
2883 4755 3075 4818 prater
3098 4759 3201 4810 me,
3229 4750 3282 4796 et
3310 4736 3435 4831 Non

1862 4867 1940 4914 est
1968 4857 2061 4925 qui
2103 4828 2488 4923 seruetmraeter
2520 4861 2620 4912 me,
2645 4853 2700 4899 et
2727 4856 2846 4912 quae
2882 4839 2966 4894 his
3005 4833 3324 4906 congemina
3358 4828 3436 4883 Iu-

1864 4922 2058 5007 runtur
2083 4951 2136 5004 in
2169 4922 2451 5017 prophetis
2478 4937 2710 5002 ueteris,
2737 4934 2878 4989 Deus
2916 4939 3029 4986 erat
3055 4938 3103 4983 et
3140 4927 3196 4980 in
3225 4922 3434 5017 Christo

1863 5042 2117 5097 mundum
2155 5012 2255 5093 sibi
2273 5012 2625 5091 reconcilians
2652 5030 2717 5091 ⁸⁸,
2743 5036 2799 5082 et
2828 5026 2943 5094 ipse
2982 5029 3104 5077 erat
3133 5017 3295 5072 Pater
3335 5012 3437 5066 ista

1862 5150 1959 5205 per
2013 5131 2208 5187 Filium
2274 5128 2648 5200 unigenitum,
2701 5119 2865 5175 veluti
2933 5128 3029 5185 per
3086 5106 3434 5205 interptftem

1863 5193 2152 5297 auemdam
2212 5193 2520 5277 hominibus
2557 5213 2941 5272 subiusinuaus
2986 5225 3000 5262 :
3036 5201 3131 5260 sed
3177 5210 3232 5254 et
3270 5193 3441 5250 Filius

261 5402 323 5462 ὦ
358 5395 453 5450 Erl.
485 5394 685 5465 Paris.,
715 5393 967 5465 pag-Iw.
1041 5391 1273 5465 “Exod.
1302 5406 1395 5465 ιχ,
1418 5389 1471 5465 ξ,
1505 5388 1576 5455 5;
1605 5383 2076 5465 ngit.x§_w,l,2.
2126 5384 2174 5415 ⁸⁵
2209 5379 2391 5465 δοκι-ε,
2415 5370 3004 5465 ιιιᾼιθᾘὲρέηἶυςιὲ.
3030 5381 3106 5432 v1,
3134 5363 3186 5419 4.
3249 5361 3296 5393 ⁸⁸
3336 5360 3440 5416 lse.

182 5483 226 5537 ι,
358 5438 453 5498 ’Ἠ
478 5438 996 5525 ν”ἳέ’ἶέ;ὶ.
1035 5438 1273 5531 uili”):-
1302 5438 1395 5494 ’δῖ
1421 5438 1534 5516 Ξὲτῖ
1558 5438 1738 5526 {1:28.

1848 5457 1878 5489 *°
1921 5438 2074 5511 Deut.
2103 5467 2275 5518 χχιιι,
2322 5450 2413 5506 '59.
2486 5438 2543 5480 V“
2585 5444 2627 5499 II
2663 5444 2789 5500 Cor.
2816 5455 2872 5507 ν,
2907 5438 2995 5493 I9.

251 5641 369 5714 οι)
403 5638 577 5714 Υιιιεο

255 5710 373 5780 ('2'!)
404 5710 574 5780 Vulgo
596 5710 912 5764 διετέλλετο.

260 5773 373 5848 ἵνὶό)
423 5773 952 5850 Ὺθῖοστησαμένου
1009 5777 1152 5844 Quid
1183 5773 1507 5850 vultgnescio
1565 5789 1578 5825 :
1632 5774 1756 5850 nisi,

183 5856 279 5926 qui
328 5846 736 5911 subsiste-mium
774 5846 943 5912 dedit.
978 5857 1029 5906 et
1063 5864 1184 5908 esse
1228 5848 1602 5906 universorum
1630 5846 1756 5901 sub—

1864 5627 2100 5688 stantiae,
2126 5626 2228 5685 hoc
2245 5632 2353 5686 est,
2384 5622 2438 5676 in
2468 5635 2590 5688 esse
2617 5615 2890 5688 produxit.
2922 5611 2998 5688 Ii.
3084 5598 3089 5607 ’

1937 5679 2260 5769 (ἐθέλω-180
2283 5679 2439 5769 ⁸ἐστιν
2473 5685 2574 5755 εἷς.
2609 5679 2720 5742 Καὶ
2743 5686 2913 5769 λέγει,
2952 5682 3092 5735 ἴδετε
3116 5679 3218 5769 ὅτι.Ϊ

1937 5699 2029 5769 (24
2086 5697 2260 5764 Vulgo
2290 5697 2439 5746 ἐστιν
2473 5697 2574 5755 εἰς.
2610 5697 2720 5742 Καὶ
2746 5697 2913 5754 λέγει,
2952 5697 3092 5735 ιοετε
3116 5697 3218 5732 οτι.

1937 5697 2052 5840 (τὶὸζ
2077 5762 2518 5840 ῩυΙςζο-ὲκεινου,
2552 5769 2610 5840 et
2648 5773 2793 5826 mox,
2844 5755 3044 5825 κόσμον
3072 5750 3226 5821 vulgo
3252 5758 3437 5805 errore

1866 5831 2000 5908 oui.;
2032 5831 2156 5896 dein
2181 5831 2340 5906 iulgo
2368 5836 2481 5898 τοῖς
2515 5831 2707 5900 εὐαγγ.
