3828 6222
451 299 560 361 959

1127 293 1401 350 EUSEBII
1441 293 1923 351 CAESARIENSIS
1961 293 2115 350 OPP.
2155 291 2340 350 PARS
2381 291 2474 350 IV.
2509 290 3009 350 —DOGMATICA.

3630 291 3735 347 960

453 433 668 492 quoque
697 418 752 474 in
789 414 1103 488 Evangelio,
1134 416 1246 488 ipse
1284 432 1452 472 unum
1491 418 1666 473 solum
1704 418 1872 477 Deum
1905 419 2024 473 inti-

2133 415 2524 488 φθεγγόμενος.
2570 413 2630 468 '0
2657 411 2716 464 δὲ
2745 411 2840 465 καὶ
2864 409 3027 473 αὐτὸς
3052 409 3081 462 6
3105 407 3237 470 Υἱὸς
3278 407 3335 461 ὲν
3367 403 3735 474 Εὐαγγελίοις

453 525 604 566 mare
664 509 879 566 videtur
931 509 1225 581 inquiens:
1273 512 1403 566 Haec
1459 519 1535 563 est
1595 520 1769 565 autem
1820 515 1880 574 νΙ(
1931 511 2036 566 vita

453 613 674 670 (eterna,
701 611 757 658 ut
784 611 1103 674 cognoscant
1126 613 1174 658 te
1203 620 1365 658 unum
1393 603 1560 660 solum
1589 603 1772 666 Deum,
1799 613 1849 659 et
1884 620 2036 674 quem

449 695 644 750 misisti
671 694 852 750 Iesum
876 693 1142 750 Christum
1163 695 1229 748 θ’.
1271 694 1362 750 Ille
1390 705 1508 749 erat
1529 710 1659 765 ergo
1679 709 1840 750 verus
1871 693 2031 749 Deus:

451 787 546 858 qui
578 802 717 843 unus
755 785 902 842 solus
937 793 1041 853 est,
1077 793 1133 841 et
1163 801 1272 841 non
1307 797 1393 841 est
1429 786 1569 840 alius
1599 796 1797 854 praeter
1836 787 2030 857 ipsum.

453 878 554 946 Qui
594 893 703 934 non
741 878 918 934 solum
969 893 1068 948 per
1110 877 1421 946 prophetas,
1469 881 1564 934 sed
1604 887 1660 934 et
1708 893 1802 948 per
1839 877 2032 934 Filium

451 984 609 1026 suum
657 970 759 1025 iSta
817 968 1046 1038 tempori
1100 969 1512 1033 convenientia,
1553 968 1887 1024 idololatrico
1937 969 2034 1024 Ju-

453 1062 695 1117 daeorum
743 1060 940 1132 popqu
974 1061 1341 1131 praecipiebat.
1392 1059 1656 1128 Quocirca
1697 1058 1882 1128 Isaias,
1940 1071 2034 1117 aut

454 1153 598 1208 Deus
632 1153 812 1222 potius
861 1167 959 1222 per
1001 1153 1192 1208 Isaiam
1234 1153 1312 1208 ait
1350 1170 1368 1208 :
1412 1154 1617 1208 Prwter
1660 1170 1742 1208 me
1803 1169 1909 1208 non
1957 1165 2032 1208 est

452 1243 643 1298 Deus:
673 1241 805 1308 Quis
847 1253 902 1297 ut
939 1259 1053 1314 ego,
1089 1251 1199 1301 etc.
1235 1243 1341 1298 Vos
1373 1244 1495 1298 estis
1539 1252 1693 1298 testes
1723 1243 1772 1298 si
1814 1245 1930 1314 quis
1963 1245 2030 1298 sit

453 1335 596 1388 Deus
649 1343 842 1402 praeter
891 1349 972 1386 me
1007 1334 1072 1388 ⁸³.
1125 1332 1476 1388 Subintulit:
1525 1331 1678 1399 Quod
1724 1349 1827 1388 non
1876 1342 2028 1388 erant

452 1437 578 1480 tunc
618 1428 712 1496 qui
759 1425 1023 1497 ﬁngebant
1069 1435 1120 1481 et
1167 1425 1508 1494 sculpebant,
1554 1441 1730 1479 omnes
1775 1425 1896 1480 vani
1943 1425 2029 1496 [a-

452 1516 643 1571 cientes
691 1533 810 1586 qua:
855 1516 1130 1586 placebant
1177 1516 1287 1571 illis
1325 1517 1392 1571 “.
1449 1516 1660 1586 Ubique
1704 1523 1884 1573 autem
1935 1533 2032 1588 per

451 1606 595 1662 illius
652 1608 991 1678 prophetiam
1053 1608 1177 1663 licet
1229 1608 1659 1673 animadvertas,
1705 1609 2030 1666 inanimatae

451 1698 572 1754 illas
617 1709 825 1757 statuas
861 1699 1158 1771 ﬂagellatas
1193 1720 1207 1756 :
1243 1710 1301 1758 et
1333 1700 1581 1758 similiter
1613 1703 1754 1773 apud
1792 1703 2030 1773 singulos

450 1792 836 1861 prophetarum
895 1809 1062 1848 unum
1101 1794 1268 1849 Deum
1308 1794 1549 1850 invenies
1582 1795 1933 1861 celebratum,
1971 1807 2031 1851 ut
2060 1778 2103 1833 Β

452 1892 768 1938 avertantur
797 1884 1042 1940 homines
1067 1900 1098 1940 a
1129 1884 1351 1938 deorum
1383 1883 1745 1940 multitudine.
1773 1885 1854 1940 Ad
1883 1901 2032 1941 eum-

451 1970 574 2028 dem
608 1974 822 2029 modum
858 1990 956 2030 nos
988 1976 1042 2030 in
1081 1991 1372 2046 congressu
1406 1991 1728 2047 quocunque
1765 1993 1886 2032 cum
1931 1993 2031 2048 pa-

451 2065 607 2134 ganis
639 2065 873 2122 solemus
911 2068 1216 2124 doctrinam
1244 2068 1310 2123 de
1336 2067 1556 2124 Christo
1597 2069 1651 2124 in
1683 2080 1894 2141 tempus
1931 2087 2030 2141 op-

447 2165 738 2226 portuuum
772 2174 1061 2228 reponere,
1096 2170 1152 2217 et
1177 2161 1228 2216 in
1266 2163 1515 2232 praesenti
1559 2164 1760 2218 erroris
1803 2163 2032 2219 idolola-

450 2248 575 2304 trici
631 2251 1067 2321 redargutionem
1125 2265 1463 2322 proponere,
1515 2261 1570 2309 et
1623 2254 1715 2310 Dei
1769 2257 2029 2312 unitatem

449 2339 895 2398 demonstrativis
957 2343 1262 2400 rationibus
1325 2344 1587 2402 stabilire.
1666 2347 1848 2403 Discat
1907 2349 2030 2404 ideo

448 2428 755 2498 Marcellus,
798 2434 844 2491 si
878 2443 1054 2491 tamen
1086 2437 1179 2504 qui
1221 2437 1620 2494 obveteraverit
1664 2455 1788 2495 cum
1819 2441 2034 2511 episeo-

444 2533 579 2594 patu
633 2525 687 2580 in
726 2525 967 2582 Ecclesia
1023 2528 1226 2585 Christi
1270 2530 1506 2584 nondum
1557 2530 1836 2598 didicerit,
1884 2533 2028 2601 quod

446 2615 691 2684 mysterii
744 2616 888 2672 illius
925 2618 1224 2674 absconditi
1265 2619 1657 2690 intelligentia,
1701 2631 1914 2678 vetusto
1947 2622 2026 2676 illi

445 2704 646 2773 populo
690 2720 797 2761 non
858 2709 1358 2765 communicabatur
1412 2712 1479 2766 de
1527 2711 1667 2767 Filio
1713 2711 1843 2778 Deo,
1891 2727 2024 2782 pro-

445 2803 632 2862 pterea
673 2797 815 2866 quod
865 2799 932 2853 ab
974 2799 1278 2855 idololatria
1319 2801 1661 2871 impendebat
1708 2803 1776 2859 iis
1809 2803 2026 2872 pericu-

446 2885 557 2942 lum
582 2927 598 2952 ,
621 2897 676 2944 et
701 2889 842 2960 quod
872 2889 1126 2947 Ecclesiae
1158 2893 1526 2949 tantummodo
1553 2896 1869 2966 mysterium
1898 2897 2027 2952 illud

445 2992 476 3031 a
511 2978 727 3046 saeculo,
766 2989 820 3035 et
865 2983 1302 3051 generationibus
1353 2985 1725 3039 absconditum
1774 3001 2026 3041 reserva-

445 3067 608 3124 batur
634 3068 983 3136 aperiendum
1012 3070 1081 3125 ab
1133 3070 1300 3138 ipsius
1333 3073 1526 3142 gratia.
1554 3071 1612 3126 In
1639 3089 1744 3142 quo
1768 3077 2026 3146 mysterio

447 3157 516 3211 de
552 3169 735 3213 sancta
770 3159 1035 3215 Trinitate
1063 3161 1224 3228 ratio,
1265 3162 1333 3217 de
1375 3161 1556 3229 Patre,
1590 3162 1750 3228 Filio,
1795 3175 1852 3220 et
1899 3165 2022 3234 Spi-

445 3247 554 3302 ritu
580 3257 791 3316 sancto,
822 3250 1076 3306 nimirum
1107 3252 1687 3324 comprehendebatur.
1716 3256 1878 3326 Atqui
1911 3265 2021 3310 tam

445 3337 617 3394 multa
664 3340 882 3413 collegit
930 3343 985 3397 in
1034 3359 1235 3408 unum,
1281 3354 1414 3415 quot
1464 3345 1549 3402 vel
1597 3346 1664 3402 de
1714 3346 2020 3402 Iudaeorum

445 3441 608 3499 gente
671 3432 988 3489 circumcisa
1039 3435 1299 3506 magister
1353 3435 1406 3490 in
1458 3434 1685 3505 Judaica
1737 3437 2022 3508 Syuagoga

442 3523 922 3580 concionabun‘dus
957 3537 1354 3595 coacervasset,
1397 3536 1454 3583 et
1495 3528 1757 3598 gloriatur
1797 3545 1858 3586 se
1905 3531 2022 3585 haec

445 3612 651 3669 Christi
703 3616 982 3685 discipulis
1035 3618 1332 3686 exhibere,
1412 3621 1540 3676 dum
1595 3622 1807 3694 ignorat
1877 3624 2022 3693 quod

446 3703 618 3759 multa
657 3705 831 3762 adhuc
867 3707 1018 3776 plura
1048 3706 1265 3764 Judaaus
1307 3711 1603 3767 secundum
1635 3726 1856 3767 carnem
1891 3728 2022 3783 pro-

451 3794 680 3851 tulisset.
722 3797 924 3854 Horum
974 3801 1148 3871 gratia
1188 3803 1277 3859 hic
1325 3803 1590 3859 insultat:
1625 3819 1730 3860 non
1759 3820 2022 3862 verecun-

443 3885 604 3941 datur
656 3899 836 3944 autem
863 3893 1005 3960 quod
1040 3893 1390 3964 theologicam
1427 3896 1767 3952 verissimam
1797 3897 1865 3953 de
1894 3897 2022 3955 Ser-

443 3986 844 4037 vatore-nostro
873 3987 1136 4039 rationem
1167 3987 1450 4055 pervertit.

989 4080 1048 4138 >Ι<
1079 4075 1231 4131 CAP.
1277 4077 1466 4132 XXIII.

641 4163 797 4229 Quod
831 4163 1073 4220 Ecclesia
1101 4183 1204 4222 non
1237 4170 1489 4237 prmdicat
1517 4171 1642 4226 deos
1671 4171 1826 4227 duos.

513 4254 762 4324 .nprimis
807 4272 913 4311 non
971 4257 1228 4329 intelligit
1275 4259 1478 4314 dictum
1531 4262 1694 4317 divini
1741 4262 2015 4332 Apostoli,

440 4343 534 4412 qui
576 4343 936 4402 diversimode
977 4346 1133 4402 docet
1180 4362 1305 4404 esse
1343 4350 1490 4405 illum
1546 4350 1639 4407 Dei
1689 4352 2016 4422 imaginem,

442 4436 623 4492 verbis
655 4453 685 4492 a
715 4453 801 4493 me
841 4441 1131 4510 propositis
1157 4459 1174 4497 :
1203 4442 1345 4497 unde
1375 4459 1472 4513 par
1505 4444 1608 4500 luit
1644 4456 1704 4501 ut
1749 4448 2019 4519 intellige-

441 4534 547 4596 ret,
596 4529 738 4596 quod
783 4530 1022 4587 Ecclesia
1069 4533 1165 4588 Dei
1211 4548 1317 4589 non
1367 4536 1625 4606 praedicat
1673 4538 1810 4595 duos
1861 4538 2014 4596 deos.

439 4616 574 4672 Nam
623 4635 722 4676 nec
751 4621 886 4678 duos
921 4624 1186 4694 ingenitos
1215 4627 1388 4683 credit
1416 4636 1510 4682 aut
1554 4629 2015 4701 imprincipiatos,

439 4718 502 4763 ut
532 4725 639 4764 non
667 4713 834 4768 semel
868 4715 1124 4782 diximus,
1156 4718 1250 4773 sed
1283 4733 1385 4775 nec
1416 4719 1553 4778 duas
1583 4723 1920 4779 substantias
1947 4739 2015 4780 ex

438 4799 666 4856 adverso
703 4803 1041 4860 introductas
1086 4807 1292 4862 honore
1331 4823 1488 4878 pares
1531 4811 1728 4866 asserit
1770 4827 1785 4866 :
1833 4812 2017 4882 itaque

436 4907 614 4962 neque
643 4895 777 4952 duos
804 4895 954 4963 deos,
1004 4898 1098 4954 sed
1129 4901 1348 4954 unicum
1391 4901 1717 4972 principium
1750 4910 1806 4956 et
1843 4902 2010 4957 Deum

437 4984 697 5050 praedicat
737 5002 857 5041 esse
889 4987 1104 5043 Patrem
1149 4990 1358 5046 scilicet
1400 4992 1662 5062 unigeniti
1718 5002 1774 5049 et
1829 4993 2015 5051 dilecti

435 5073 592 5141 Filii,
621 5090 783 5130 unam
821 5093 1036 5148 quoque
1073 5080 1364 5151 imaginem
1407 5081 1697 5140 invisibilis
1729 5082 1848 5151 Dei,
1895 5101 2015 5155 qua

499 5265 558 5326 ᾖ(
596 5261 692 5316 Ed.
721 5261 923 5330 Paris.,
959 5278 1084 5337 pag.
1119 5265 1244 5334 140,
1284 5267 1406 5322 Ml.
1522 5270 1567 5302 “
1607 5270 1772 5330 Joan.
1801 5275 1946 5342 xvii,
1987 5275 2046 5333 5.

506 5443 620 5518 es)
651 5445 821 5518 Ῡυιιιο
853 5445 900 5499 εί
921 5447 1016 5518 μή.

654 5513 822 5595 ξιιιῖιο
847 5513 940 5595 καὶ
969 5513 1240 5595 μάρτ.,“ει
1269 5534 1416 5595 mox,
1439 5521 1730 5595 ἐπήγαγεν
1749 5523 1797 5579 6.

509 5584 622 5669 (28)
658 5587 798 5669 Περι
823 5588 934 5656 τῆς
971 5584 1251 5669 ἐπιτομῆς.
1283 5584 1411 5669 Non
1443 5584 2011 5669 est"de'_ci_rcumcisa

441 5664 600 5722 gente
656 5661 938 5733 magister,
985 5667 1045 5733 ut
1090 5662 1150 5733 _i_u
1191 5661 1466 5733 versione,
1517 5663 1674 5732 quasi
1729 5663 2009 5733 legendum

441 5733 587 5784 esset
622 5725 770 5795 παρὰ
801 5737 894 5783 aut
917 5728 1024 5782 ἀπὸ
1054 5729 1152 5803 τῆς
1183 5732 1505 5803 περιτομῆς.
1536 5725 1641 5791 Sed
1675 5725 1824 5791 recta
1855 5735 2013 5790 lectio

2137 508 2445 581 παρεδίδου,
2476 507 2573 560 Eva
2611 504 2770 576 μόνον
2803 501 3002 556 εἰδέναι
3042 498 3308 554 διδάσκων
3355 497 3514 562 Θεὸν,
3555 499 3621 550 ὲν
3658 494 3735 561 οἷς

2134 602 2339 672 ἔλεγεν,
2354 601 2516 669 Αὕτη
2534 599 2602 653 δέ
2613 599 2790 652 ἐστιν
2804 597 2842 664 ἠ
2860 593 3093 659 αἰώνιος
3113 590 3246 660 ζωὴ,
3265 592 3366 644 ἵνα
3379 588 3736 660 γινώσκωσι

2133 715 2209 754 σε
2237 697 2346 752 τὸν
2367 697 2557 766 μόνον
2597 691 2894 762 ἀληθινὸν
2927 687 3096 753 Θεὸν,
3126 686 3224 741 καὶ
3255 685 3328 740 ὃν
3354 684 3734 749 ἀπέστειλας

2147 788 2384 857 Ἰησοῦν
2414 785 2699 855 Χριστόν.
2734 775 2903 846 Οὗτος
2933 774 3028 834 οῦν
3075 779 3105 832 6
3142 775 3391 847 ἀληθινὸς
3417 771 3490 846 ἦν
3519 773 3685 840 Θεὸς,
3708 773 3734 826 ό

2133 874 2216 943 εἷς
2248 878 2427 949 μόνος,
2465 877 2561 930 καὶ
2589 874 2777 946 ἔτερος
2819 872 2919 925 οὐκ
2953 869 3069 924 ἔστι
3098 867 3236 939 πλὴν
3265 864 3455 928 αὐτοῦ,
3505 862 3630 934 (26)
3663 863 3734 934 μὴ

2137 970 2295 1042 μόνον
2310 969 2399 1023 διὰ
2413 967 2522 1022 τῶν
2539 965 2855 1039 προφητῶν,
2877 963 3014 1017 ἀλλὰ
3027 961 3116 1015 διὰ
3129 958 3223 1014 τοῦ
3244 957 3375 1012 ἰδίου
3393 955 3530 1010 Υἰοῦ
3557 953 3736 1008 ταῦτα

2133 1063 2254 1117 κατ’
2305 1063 2483 1116 ἐκεῖνο
2536 1057 2730 1130 καιροῦ
2770 1051 3275 1126 εἰδωλολατρεύοντι
3321 1048 3398 1120 τῷ
3457 1047 3738 1102 Ἰουδαίων

2132 1153 2554 1224 ἐγκελευόμενος
2582 1150 2746 1204 ἔθνει.
2770 1146 2979 1202 Αὐτίκα
2994 1146 3041 1199 δ’
3064 1141 3158 1200 οὖν
3177 1145 3205 1197 6
3235 1143 3486 1207 Ἡσαΐας,
3525 1140 3736 1212 μᾶλλον

2130 1248 2188 1300 δὲ
2219 1249 2246 1300 6
2279 1245 2410 1309 Θεὸς
2459 1245 2524 1298 δι’
2552 1240 2740 1303 αὑτοῦ,
2783 1238 2954 1293 εἰπών
2977 1255 2991 1269 ο
3029 1236 3205 1304 Πλὴν
3247 1234 3393 1304 ἐμοῦ
3434 1236 3551 1287 οὐκ
3599 1231 3739 1286 ἐστι

2135 1339 2298 1404 Θεός.
2315 1337 2418 1403 Τίς
2429 1333 2631 1404 ὥσπερ
2650 1331 2788 1403 ard);
2812 1332 2904 1385 καὶ
2927 1329 3073 1401 ἑξῆς·
3099 1328 3405 1398 Μάρτυρες
3418 1326 3533 1398 (27)
3557 1325 3742 1397 ὑμεῖς

2129 1429 2290 1494 ἐστε,
2325 1430 2376 1483 εἰ
2421 1428 2555 1483 ἐστι
2607 1425 2752 1491 Θεὸς
2789 1421 2958 1491 πλὴν
2993 1422 3162 1493 ἐμοῦ,
3203 1421 3452 1493 ἐπήγαγε
3489 1419 3579 1472 τόο
3623 1418 3738 1472 Καὶ

2130 1523 2242 1576 οὐκ
2268 1517 2433 1592 ἦσαν
2477 1518 2609 1572 τότε
2651 1520 2705 1572 οὶ
2737 1515 3124 1580 πλάσσοντες
3155 1511 3255 1566 καὶ
3297 1513 3353 1565 οἰ
3384 1512 3736 1582 ridges-tsi;

2130 1610 2354 1678 πάντες
2378 1609 2637 1680 μάταιοι,
2674 1605 2992 1672 ποιοῦντες
3017 1605 3092 1659 τὰ
3122 1603 3457 1672 καταθύμια
3498 1599 3739 1658 αὐτῶν.

2131 1700 2243 1754 Καὶ
2272 1700 2338 1753 δι’
2367 1699 2496 1771 ὅλης
2527 1697 2584 1752 δὲ
2615 1699 2714 1771 τῆς
2747 1694 2911 1751 αὑτοῦ
2945 1693 3282 1768 προφητείας
3308 1692 3492 1764 εὕροις
3532 1692 3607 1747 ἂν
3640 1708 3740 1746 κο-

2131 1791 2374 1862 πτόμενα
2405 1789 2473 1843 τὰ
2499 1787 2682 1860 ἄψυχα
2727 1786 2912 1852 ξόανα,
2943 1787 3039 1840 καὶ
3077 1783 3209 1856 παρ’
3241 1783 3458 1852 ἑκάστῳ
3485 1781 3545 1834 δὲ
3595 1797 3738 1852 προ-

2133 1883 2277 1955 φήτῃ
2324 1881 2526 1953 ὁμοίως
2570 1881 2652 1944 εἰς
2691 1877 3012 1952 ἀποτροπὴν
3052 1877 3152 1948 τῆς
3197 1874 3460 1930 πολυθέου
3512 1874 3738 1944 πλάνης

2130 1974 2222 2028 τὸν
2249 1974 2346 2028 ἕνα
2376 1973 2507 2027 Θεὸν
2531 1973 2937 2045 κηρυττόμενον
2963 1969 3235 2041 εὑρήσεις.
3265 1966 3424 2021 Οὕτω
3443 1966 3541 2020 καὶ
3563 1967 3736 2037 ἡμεῖς

2130 2067 2402 2140 εἰώθαμεν
2441 2067 2709 2140 Ἐλλήνων
2737 2069 2850 2130 τοῖς
2895 2064 3301 2135 δεισιδαίμοσιν,
3333 2063 3393 2115 ὲν
3436 2064 3552 2125 τοῖς
3590 2061 3735 2134 πρὸς

2130 2161 2327 2225 αὐτοὺς
2347 2160 2634 2230 διαλόγοις,
2667 2159 2768 2231 τὴν
2792 2157 2892 2229 μὲν
2915 2157 3044 2228 περὶ
3072 2155 3165 2208 τοῦ
3193 2153 3435 2226 Χριστοῦ
3466 2153 3732 2206 διδασκα-

2133 2253 2274 2318 λίαν,
2300 2255 2379 2317 εἰς
2418 2252 2677 2325 εὔκαιρον
2717 2247 3096 2322 ταμιεύεσθαι,
3131 2247 3268 2310 τέως
3304 2246 3363 2300 δὲ
3405 2247 3596 2308 αὐτοῖς
3626 2244 3730 2314 τῆς

2127 2341 2512 2414 εἰδωλολάτρου
2562 2341 2772 2411 πλάνης
2815 2338 3073 2408 ἐλέγχους
3120 2337 3454 2408 προσφέρειν
3491 2334 3595 2388 καὶ
3636 2333 3732 2387 τὸν

2127 2434 2223 2487 ἕνα
2269 2428 2407 2486 εἶναι
2449 2431 2583 2485 Θεὸν
2617 2430 3018 2490 ἀποδεικτικοῖς
3053 2425 3489 2490 κατασκευάζειν
3517 2423 3726 2492 λόγοις.

2127 2525 2461 2581 Μανθανέτω
2501 2524 2680 2577 τοίνυν
2729 2520 3070 2594 Μάρκελλος,
3120 2520 3169 2573 εί
3217 2517 3621 2590 καταγηράσας
3670 2517 3726 2568 ὲν

2127 2617 2400 2686 ἐπισκοπῇ
2439 2615 2540 2686 τῆς
2592 2611 2832 2687 Χριστοῦ
2889 2609 3236 2681 Ἐκκλησίας,
3283 2607 3440 2662 οὔπω
3492 2607 3596 2661 καὶ
3630 2605 3725 2658 νῦν

2129 2705 2473 2777 μεμάθηκεν,
2501 2705 2583 2756 ὄτι
2611 2702 2690 2772 τῷ
2718 2701 2932 2772 παλαιῷ
2959 2701 3073 2772 λαῷ
3102 2703 3136 2772 ή
3165 2700 3260 2754 τοῦ
3287 2696 3726 2770 ἀποκεκρυμμέ-

2126 2808 2220 2845 νου
2251 2791 2552 2864 μυστηρίου
2579 2794 2707 2864 περὶ
2733 2792 2828 2845 τοῦ
2858 2790 2990 2844 Υίοῦ
3020 2789 3114 2844 τοῦ
3135 2789 3270 2843 Θεοῦ
3293 2790 3498 2858 γνῶσις
3526 2787 3726 2841 κατάλ-

2126 2881 2286 2954 ληλος
2315 2882 2563 2953 οὐδαμῶς
2596 2879 2684 2954 ἧν,
2725 2882 3030 2954 ὀλισθηρῶς
3061 2881 3237 2954 ἔχοντι
3265 2882 3401 2954 πρὸς
3430 2880 3724 2935 εἰδωλολα-

2126 2976 2334 3048 τρείαν,
2362 2976 2456 3029 καὶ
2475 2975 2551 3039 ὡς
2574 2975 2714 3049 μόνῃ
2733 2978 2799 3048 τῇ
2819 2975 2984 3029 αὐτοῦ
3019 2975 3317 3047 Ἐκκλησία
3337 2975 3398 3028 τὸ
3417 2974 3723 3046 μυστήριον

2127 3067 2188 3120 τὸ
2217 3068 2706 3140 ἀποκεκρυμμένον
2754 3068 2863 3121 ἀπὸ
2895 3068 3002 3121 τῶν
3041 3067 3275 3132 αἰώνων,
3313 3067 3410 3121 καὶ
3457 3067 3577 3121 ἀπὸ
3616 3065 3724 3120 τῶν

2129 3158 2350 3228 γενεῶν,
2375 3157 2463 3212 διὰ
2489 3161 2590 3230 τῆς
2621 3157 2786 3212 αὐτοῦ
2809 3158 3031 3230 χάριτος
3058 3157 3396 3230 ὲταμιεύετο.
3415 3157 3509 3211 Ἐν
3545 3151 3595 3226 ᾧ
3627 3175 3722 3226 μυ-

2131 3250 2337 3322 στηρίῳ
2371 3253 2402 3304 6
2430 3251 2559 3322 περὶ
2593 3251 2692 3322 τῆς
2718 3250 2877 3320 ἁγίας
2905 3250 3135 3324 Τριάδος
3165 3250 3378 3325 Πατρὸς
3418 3251 3519 3303 καὶ
3565 3250 3721 3312 Υἰοῦ,

2129 3342 2224 3396 καὶ
2246 3342 2400 3412 ἁγίου
2427 3342 2741 3414 Πνεύματος
2771 3343 3075 3414 περιείχετο
3098 3343 3275 3412 λόγος.
3309 3343 3369 3396 '0
3395 3343 3456 3396 δὲ
3476 3341 3722 3395 τοσαῦτα

2131 3432 2472 3503 συναγαγὼν,
2526 3434 2626 3487 ὅσα
2672 3433 2739 3488 ἂν
2788 3434 2932 3488 εἴποι
2985 3433 3080 3488 καὶ⁹
3142 3433 3416 3487 Ἰουδαίων
3458 3432 3720 3487 διδάσκα-

2128 3521 2220 3587 λος
2235 3525 2365 3595 περὶ
2395 3523 2495 3596 τῆς
2532 3525 2770 3596 ὲκτομῆς
2809 3525 2921 3596 (28)
2952 3523 3156 3596 ὁμιλῶν
3183 3525 3244 3577 ὲν
3295 3523 3577 3577 Ἰουδαίων
3603 3541 3721 3576 συν-

2129 3617 2344 3686 αγωγῇ,
2397 3614 2723 3686 σεμνύνεται
2763 3618 2876 3679 τοῖς
2925 3615 3166 3687 Χριστοῦ
3219 3613 3491 3686 μαθηταῖς
3546 3614 3722 3669 ταῦτα

2129 3707 2582 3779 προϐαλλόμενος
2629 3708 2733 3763 οὐκ
2769 3707 2924 3772 εἰδὼς
2940 3710 3024 3763 ὄτι
3057 3709 3280 3763 πλείονα
3295 3706 3461 3762 αὑτοῦ
3477 3709 3632 3762 simi
3657 3707 3722 3762 ἂν

2127 3802 2157 3854 6
2189 3801 2499 3873 σωματικὸς
2537 3802 2811 3867 Ἰουδαῖος.
2830 3803 2953 3856 Ἑπί
2984 3803 3196 3866 τούτοις
3231 3801 3331 3873 μὲν
3380 3797 3478 3855 οῦν
3537 3804 3716 3873 αὐχεῖ,

2129 3894 2241 3966 (29)
2275 3895 2372 3960 τὰς
2400 3895 2446 3949 δ’
2485 3894 2704 3967 ἀληθεῖς
2749 3897 2879 3967 περί
2913 3894 3009 3950 τοῦ
3055 3895 3307 3966 Σωτῆρος
3340 3895 3500 3966 ἡμῶν
3540 3895 3718 3949 θεολο-

2126 3990 2253 4060 γίας
2279 3991 2620 4062 διαστρέφων
2650 3991 2751 4044 οὐκ
2782 3990 3201 4059 ἐγκαλύπτεται.

2761 4080 2920 4135 ΚΕΦ.
2953 4081 3081 4135 Kl".

2234 4173 2357 4228 Ὅτι
2381 4172 2468 4243 μὴ
2498 4173 2607 4228 δύο
2639 4173 2819 4240 θεοὺς
2847 4175 2886 4243 ἡ
2933 4173 3275 4242 Ἐκκλησία
3304 4172 3615 4240 κηρύττει.

2197 4262 2406 4316 Αὐτίκα
2421 4263 2466 4316 δ’
2493 4258 2588 4316 οὖν
2608 4263 2668 4316 οὐ
2692 4262 2906 4334 συνίησι
2935 4261 3038 4325 τὰς
3057 4260 3242 4331 φωνὰς
3262 4259 3358 4314 τοῦ
3376 4259 3526 4314 θείου
3570 4261 3714 4312 Ἀπο-

2127 4355 2334 4419 στόλου,
2368 4354 2642 4428 διαφόρως
2671 4353 3000 4420 διδάξαντος,
3039 4353 3202 4408 αὐτὸν
3234 4348 3374 4407 εῖναι
3405 4353 3602 4407 εἰκόνα
3627 4351 3712 4406 τοῦ

2125 4446 2284 4512 Θεοῦ,
2321 4448 2388 4502 δι’
2421 4441 2497 4501 ὧν
2536 4445 2802 4518 ὲξεθέμην
2835 4445 3002 4502 αὑτοῦ
3036 4445 3236 4510 λέξεων
3257 4462 3272 4475 ·
3303 4442 3424 4499 δέον
3463 4443 3712 4498 ἐντεῦθεν

2127 4541 2386 4604 συνεῖναι,
2414 4537 2491 4603 ὡς
2521 4538 2584 4591 οὐ
2610 4537 2704 4592 δύο
2740 4537 2896 4602 θεοὺς
2926 4539 2961 4610 ἡ
2998 4537 3296 4609 Ἐκκλησία
3323 4535 3418 4589 τοῦ
3452 4534 3600 4590 Θεοῦ
3621 4551 3712 4604 κη-

2127 4628 2332 4702 ρύττεν
2367 4630 2430 4683 οὐ
2457 4629 2566 4702 γὰρ
2608 4629 2701 4682 δύο
2741 4629 3033 4701 ἀγέννητα,
3078 4629 3200 4682 οὐδὲ
3237 4627 3332 4682 δύο
3352 4629 3597 4699 ἄναρχα,
3642 4627 3712 4689 ὡς

2123 4722 2385 4787 πολλάκις
2413 4725 2547 4795 ἡμῖν
2576 4723 2813 4795 εἴρηται,
2839 4721 2962 4776 οὐδὲ
2991 4721 3086 4776 δύο
3128 4720 3315 4784 οὐσίας
3345 4719 3405 4787 ἐξ
3443 4720 3708 4791 ἰσοτιμίας

2121 4813 2697 4887 ἀντιπαρεξαγομένας
2742 4813 3003 4886 ἀλλήλαις
3036 4812 3149 4885 (50)
3188 4811 3421 4881 εἰσάγει⁶
3463 4809 3550 4864 διὸ
3598 4809 3706 4865 οὐδὲ

2117 4905 2212 4960 δύο
2241 4905 2428 4972 θεοὺς,
2455 4906 2593 4960 ἀλλὰ
2622 4907 2751 4978 μίαν
2772 4906 2949 4979 ἀρχὴν
2967 4906 3062 4960 καὶ
3082 4903 3216 4958 Θεὸν
3241 4901 3405 4969 εἰναι,
3436 4903 3533 4956 τὸν
3556 4903 3706 4956 αὐτὸν

2119 4997 2338 5071 Πατέρα
2366 4999 2691 5054 διδάσκουσα
2723 4996 2862 5055 εἶναι
2883 4998 2978 5052 τοῦ
3019 4996 3340 5068 μονογενοῦς
3366 4997 3465 5050 καὶ
3492 4997 3704 5065 ἀγαπη-

2119 5089 2214 5143 τοῦ
2247 5089 2400 5157 Υἰοῦ,
2431 5089 2694 5155 ὡσαύτως
2723 5091 2780 5145 δὲ
2813 5090 2910 5144 καὶ
2957 5089 3087 5162 μίαν
3115 5088 3301 5142 εἰκόνα
3323 5085 3422 5141 τοῦ
3455 5085 3595 5141 Θεοῦ
3621 5082 3702 5138 τοῦ

2120 5277 2165 5309 ⁸³
2205 5276 2305 5334 lsa.
2334 5295 2459 5346 XLV,
2489 5279 2578 5349 Η,
2607 5280 2693 5346 18,
2726 5279 2814 5346 I9,
2843 5278 2938 5334 21.
3015 5276 3062 5309 ⁶¹⁵
3101 5275 3234 5334 ibid.
3257 5273 3354 5332 20.

2118 5467 2204 5530 est
2242 5457 2502 5530 ἑκτομῆς,
2533 5457 2602 5513 de
2649 5454 2952 5530 excisione,
2995 5462 3052 5510 et
3102 5451 3482 5530 eradicatione
3533 5448 3695 5522 gentis

2119 5528 2188 5584 ab
2218 5522 2566 5593 idololatria;
2609 5527 2818 5598 statim,
2842 5526 2938 5582 καὶ
2971 5523 3315 5598 σεμνύνεται.
3357 5522 3433 5580 M.

2187 5599 2304 5668 (29)
2334 5599 2506 5668 Vulgo
2537 5597 2637 5668 μὲν
2669 5597 2849 5668 αὐχεῖ.

2191 5602 2282 5662 (29
2334 5602 2506 5668 Vulgo
2531 5602 2637 5723 μὲν
2669 5602 2802 5666 αὐχε

2191 5602 2305 5743 (50)
2338 5668 2509 5741 Vulgo
2568 5667 2802 5740 λλήλοις.
