3828 6222
69 341 171 399 εδι

1018 334 1106 391 DE
1145 334 1682 393 EGCLESIASTICA
1720 334 2119 394 THEOLOGIA
2170 336 2301 395 LIB.
2338 335 2397 397 ΙΙ.

3232 336 3340 396 96Ξ

59 460 329 534 ἀοράτου,
370 458 474 531 τὴν
514 456 689 530 αὐτὴν
738 447 906 510 οὖσαν
946 454 1024 527 τῷ
1067 457 1346 527 μονογενεῖ
1390 455 1485 509 καὶ
1531 455 1663 524 ἀγα-

1769 458 1958 513 eadem
2000 458 2072 513 sit
2115 473 2236 514 cum
2273 455 2554 529 unigenito
2594 465 2652 512 et
2682 456 2880 513 dilecto
2918 454 3096 512 Filio:
3127 455 3342 515 etiamsi

60 552 233 624 ειτητῴ
248 550 363 621 Υἰῷ
385 548 571 617 αὐτοῦ,
595 547 702 602 κᾶν
717 547 852 621 λέγῃ
871 546 927 599 δὲ
954 549 983 601 6
1017 546 1360 612 Ἀπόστολος,
1395 545 1660 615 θεολογῶν

62 645 163 697 τὸν
189 642 430 713 Πατέρα·
467 641 530 695 '0
555 639 848 711 μακάριος
872 638 970 692 καί
999 639 1189 709 μόνος
1210 637 1539 706 δυνάστης,
1567 638 1661 692 καὶ

64 735 257 788 πάλιν·
278 734 331 787 Ὀ
336 734 529 803 μόνος
544 733 701 802 ἔχων
714 730 1073 796 ἀθανασίαν,
1090 729 1215 798 φῶς
1237 728 1416 784 οἰκῶν
1442 729 1664 798 ἀπρόσ-

68 842 236 888 ιτον,
294 824 388 876 καὶ
435 817 612 885 αὖθις·
669 820 753 887 Τῷ
805 819 875 874 δὲ
932 820 1188 885 ,βασιλεῖ
1238 818 1359 874 τῶν
1408 820 1658 885 αἰώνων,

56 918 371 987 ἀφθάρτῳ,
413 914 662 985 ἀοράτῳ,
704 916 873 985 μόνῳ
927 912 1068 979 Θεῷ,
1120 914 1212 967 καὶ
1255 912 1436 969 πάλιν·
1484 917 1663 981 Mane

58 1008 246 1076 σορῷ
289 1006 411 1074 Θεῷ
453 1007 552 1062 διὰ
594 1004 791 1075 Ἰησοῦ
834 1003 1095 1073 Χριστοῦ
1130 1005 1169 1074 ἡ
1203 1004 1354 1070 δόξα
1392 1008 1480 1073 εἰς
1519 1005 1663 1072 τοὺς

56 1099 312 1165 αἰῶνας,
347 1098 530 1169 ἀμήν.
560 1097 680 1151 Κᾶν
705 1096 906 1149 τούτων
948 1095 1026 1149 ἔτι
1060 1096 1279 1150 πλείονα
1322 1096 1532 1166 λέγοιτο
1581 1098 1662 1160 εἰς

62 1191 382 1260 δοξολογίαν
413 1189 509 1244 τοῦ
534 1189 655 1253 ἑνὸς
684 1190 779 1243 καὶ
804 1188 899 1240 ἐπὶ
928 1187 1142 1242 πάντων
1168 1188 1302 1243 Θεοῦ
1334 1189 1427 1244 καὶ
1455 1188 1662 1243 τούτων

65 1285 329 1338 ἀπάντων
351 1281 466 1355 ,χρὴ
498 1284 637 1338 νοεῖν
669 1280 856 1335 εἰκόνα
902 1278 1042 1337 εἶναι
1081 1281 1174 1335 τὸν
1226 1283 1489 1354 μονογενῆ
1532 1280 1661 1337 Υἰὸν

60 1377 167 1432 1ιοῦ
214 1375 349 1431 Θεοῦ
381 1377 479 1446 οὐχ
511 1374 587 1439 ὡς
620 1374 816 1446 ἀψύχῳ
852 1374 974 1449 ὕλῃ,
1005 1374 1120 1429 ἀλλ’
1154 1375 1231 1439 ὡς
1261 1378 1320 1428 ὲν
1354 1373 1469 1445 Υἰῷ
1498 1372 1662 1437 ζῶντι

66 1464 539 1537 μεμορφωμένην·
572 1463 676 1516 κάν
709 1464 872 1528 αὐτὸς
900 1466 929 1518 ό
978 1463 1170 1535 Σωτὴρ
1212 1463 1374 1536 μόνον
1403 1464 1661 1534 ἀληθινὸν

64 1557 209 1611 Θεὸν
254 1557 484 1631 διδάσκῃ
526 1552 667 1611 εἶναι
713 1557 806 1611 τὸν
832 1556 1054 1629 Πατέρα
1087 1556 1285 1625 λέγων,
1322 1557 1450 1611 Ἵνα
1490 1557 1662 1628 γινώ-

59 1651 272 1706 σκωσι
316 1664 391 1705 σε
432 1651 541 1705 τὸν
595 1652 791 1720 μόνον
839 1649 1133 1720 ἀληθινὸν
1180 1649 1349 1714 Θεὸν,
1397 1650 1511 1705 ἀλλ’
1559 1652 1662 1707 οὐκ

68 1743 415 1815 ἀποκνητέον
442 1744 537 1798 καὶ
573 1743 734 1797 αὑτὸν
780 1742 912 1796 Θεὸν
954 1741 1205 1814 ἀληθινὸν
1247 1742 1550 1814 ὁμολογεῖν,
1583 1743 1661 1808 ὡς

66 1838 130 1890 ἐν
161 1835 355 1903 εἰκόνι,
398 1835 496 1890 καὶ
540 1835 697 1889 τοῦτο
740 1834 1098 1907 κεκτημένον·
1146 1834 1233 1888 ἵνα
1274 1836 1309 1907 ἡ
1354 1833 1450 1888 τοῦ
1497 1834 1661 1906 μόνου

68 1928 362 2001 προσθήκη
395 1927 541 1999 μόνῳ
572 1926 650 1999 τῷ
673 1927 869 1999 Πατρὶ,
896 1926 973 1991 ὡς
1002 1926 1068 1982 ἂν
1099 1924 1211 1997 (51)
1244 1926 1536 1998 ἀρχετύπῳ
1564 1927 1664 1999 τῆς

67 2019 302 2085 εἰκόνος,
349 2018 584 2090 ἀρμόζῃ.
624 2017 949 2087 Σαφέστατα
982 2016 1113 2086 γοῦν
1141 2016 1328 2070 εἰκόνα
1368 2017 1462 2070 καὶ
1487 2018 1665 2071 ἀπαύ-

65 2127 265 2182 γασμα
289 2109 384 2163 τοῦ
408 2110 619 2179 [ἰατρὸς
644 2110 703 2161 ὲν
733 2111 915 2180 μορφῇ
938 2125 1000 2161 τε
1029 2107 1124 2162 τοῦ
1151 2106 1288 2161 Θεοῦ
1321 2103 1467 2162 εἶναι
1498 2109 1664 2163 αὐτὸν

67 2204 100 2255 6
145 2200 431 2265 Θεσπέσιος
466 2198 672 2264 ἐδίδαξε
704 2200 939 2266 Παῦλος,
977 2198 1054 2264 ὡς
1083 2199 1172 2254 διὰ
1214 2198 1323 2253 τῶν
1353 2199 1664 2271 ἔμπροσθεν

67 2290 450 2343 ἀποδέδεικται
484 2305 496 2318 ·
570 2287 761 2361 ὥσπερ
823 2284 917 2342 οῦν
993 2288 1115 2353 ἑνὸς
1176 2287 1489 2359 ὑφεστῶτος
1552 2290 1666 2343 Πα-

66 2380 223 2451 τρὸς,
274 2379 367 2433 καὶ
426 2379 550 2444 ’ἐνὸς
613 2378 744 2433 Υἱοῦ
802 2377 999 2449 φύντος
1032 2380 1099 2432 ὲκ
1147 2378 1243 2433 τοῦ
1290 2378 1503 2451 Πατρὸς
1564 2379 1665 2433 οὐκ

66 2474 141 2526 ἄν
186 2489 273 2535 τις
313 2469 589 2544 εὐφρονῶν
632 2470 777 2524 εἴποι
806 2472 901 2525 δύο
941 2471 1186 2544 πατέρας
1228 2471 1515 2544 ὑπάρχειν,
1542 2472 1665 2527 οὐδὲ

58 2550 227 2627 ὐίοὺς
269 2563 383 2619 δύο.
427 2564 539 2617 Καὶ
584 2562 775 2635 ὥσπερ
834 2563 1100 2635 βασιλέως
1149 2564 1481 2635 κρατοῦντος
1525 2565 1663 2632 ἑνὸς,

64 2654 287 2718 εἰκόνος
317 2654 375 2708 δὲ
402 2655 567 2710 αὐτοῦ
617 2654 897 2725 πανταχοῦ
931 2655 1036 2726 γῆς
1080 2656 1497 2727 προφερομένης
1527 2657 1664 2728 (52),

66 2746 179 2797 οὐκ
228 2745 293 2800 ἂν
337 2763 423 2810 τις
468 2745 760 2818 σωφρονῶν
808 2746 901 2799 δύο
945 2748 1087 2799 εῐποι
1133 2746 1261 2811 τοὺς
1308 2746 1663 2818 κρατοῦντας,

65 2836 193 2889 ἀλλ’
220 2836 317 2891 ἕνα
344 2837 434 2890 τὸν
458 2836 659 2891 καὶδιὰ
680 2840 780 2909 τῆς
810 2836 1019 2903 εἰκόνος
1045 2836 1375 2909 τιμώμενον·
1401 2837 1543 2891 κατά
1574 2836 1667 2892 τὸν

69 2928 246 2982 αὑτὸν
259 2929 480 3001 τρόπον,
494 2928 569 2993 ὡς
585 2929 679 2983 καὶ
698 2928 959 2993 πολλάκις
984 2931 1117 3000 ἡμῖν
1132 2928 1368 3001 εἴρηται,
1385 2929 1480 2983 καὶ
1496 2932 1529 3001 ὴ
1546 2929 1668 2982 Ἐκ-

69 3019 280 3091 κλησία
314 3018 407 3073 τοῦ
451 3018 586 3073 Θεοῦ
620 3020 716 3074 ἕνα
750 3019 1142 3092 παραλαϐοῦσα
1181 3020 1315 3074 Θεὸν
1361 3019 1540 3075 σέϐειν
1574 3020 1666 3074 τὸν

1764 550 1908 605 dicat
1949 549 2271 621 Apostolus.
2313 551 2575 606 deiﬁcans
2623 550 2874 618 Patrem,
2922 550 3029 617 Qui
3069 550 3253 605 beatus
3292 562 3343 607 et

1762 645 1907 701 solus
1945 656 2126 716 potens
2160 658 2234 702 est
2259 648 2326 700 ⁸⁵.
2358 646 2428 702 Ει
2474 661 2689 713 rursus,
2732 645 2835 712 Qui
2867 646 3012 701 solus
3042 646 3191 701 habet
3240 648 3346 701 im»

1761 737 2158 805 mortalitatem,
2189 738 2357 794 lucem
2396 738 2639 793 habitans
2687 742 3010 794 inaccessam
3033 739 3099 793 ⁸⁸.
3133 739 3202 795 Et
3244 742 3347 796 ite-

1765 845 1907 895 rum,
1950 828 2080 900 Regi
2109 839 2285 885 autem
2317 831 2657 896 saeculorum,
2696 830 3119 899 incorruptibili,
3156 831 3344 887 invisi-

1764 919 1875 984 bili,
1919 919 2021 974 soli
2058 918 2162 973 Deo
2190 920 2257 974 ν’.
2288 918 2353 974 Ει
2390 921 2609 984 iterum,
2654 918 2772 975 Soli
2816 921 3043 989 sapienti
3078 920 3207 985 Deo,
3247 936 3343 990 per

1761 1010 1943 1068 Iesum
1993 1010 2261 1066 Christum
2303 1013 2372 1067 sit
2419 1013 2589 1083 gloria
2637 1013 2696 1067 in
2743 1012 2940 1067 swcula
2990 1012 3341 1079 steculorum,

1762 1103 1927 1157 Amen
1962 1104 2027 1158 ⁸⁸.
2082 1102 2245 1158 Plura
2304 1103 2483 1158 adhuc
2535 1117 2659 1158 cum
2717 1112 2967 1174 poterant
3019 1102 3239 1173 allegari
3287 1102 3343 1157 in

1761 1195 1941 1251 Patris
1981 1195 2323 1267 dosologiam
2347 1237 2365 1263 ,
2406 1196 2499 1266 qui
2534 1211 2672 1253 unus
2703 1204 2818 1262 est,
2864 1205 2921 1251 et
2967 1211 3129 1267 super
3159 1198 3342 1252 omnia

1764 1286 1938 1351 Deus,
1969 1302 2200 1358 quorum
2245 1290 2487 1343 omnium
2531 1301 2684 1343 mens
2724 1296 2841 1353 est,
2884 1296 2943 1341 ut
2978 1286 3343 1358 intelligamus

1761 1377 1958 1447 Filium
2011 1380 2348 1450 unigenitum
2398 1380 2490 1435 Dei
2541 1394 2665 1435 esse
2711 1378 2999 1450 imaginem
3049 1393 3155 1433 non
3196 1379 3344 1435 utin

1762 1469 1985 1524 materia
2021 1468 2268 1536 inanimi,
2308 1469 2403 1525 sed
2433 1478 2490 1525 ut
2523 1471 2577 1525 in
2616 1467 2754 1524 Filio
2784 1468 2907 1523 vivo
2950 1468 3340 1534 assimilatam;

1762 1562 1892 1633 quin
1933 1570 1988 1617 et
2027 1560 2143 1631 ipse
2174 1560 2433 1617 Servator
2470 1576 2592 1617 cum
2624 1562 2793 1617 Deum
2834 1576 2999 1615 unum
3040 1561 3213 1617 solum
3254 1575 3346 1616 ve-

1762 1664 1881 1705 rum
1912 1663 2033 1706 esse
2067 1651 2280 1716 doceat,
2326 1650 2598 1720 inquiens,
2638 1648 2709 1703 Ut
2750 1659 3061 1718 cognoscant
3096 1660 3145 1703 te
3182 1664 3344 1704 unum

1762 1742 1929 1798 solum
1956 1759 2133 1799 verum
2168 1746 2336 1798 Deum
2358 1742 2403 1775 ⁸⁸
2429 1761 2444 1811 ;
2480 1743 2576 1799 sed
2604 1758 2710 1798 non
2744 1753 2922 1799 tamen
2949 1757 3258 1813 gravemur,
3288 1752 3345 1798 et

1766 1851 1948 1891 verum
1980 1836 2144 1890 Deum
2173 1834 2445 1901 conﬁteri,
2474 1844 2531 1891 et
2558 1833 2757 1890 Filium
2801 1833 2965 1888 veluti
3008 1832 3061 1887 in
3108 1833 3346 1903 imagine

1765 1928 2139 1995 resultantem,
2188 1938 2253 1983 ut
2315 1927 2521 1982 additio
2568 1925 2661 1982 illa
2708 1925 2878 1992 solus,
2921 1924 3022 1981 soli
3062 1923 3209 1979 Patri
3247 1925 3345 1978 ad-

1765 2025 1996 2087 aptetur,
2017 2025 2205 2087 utpote
2217 2016 2308 2086 qui
2334 2014 2587 2086 imaginis
2611 2014 2683 2070 sit
2702 2014 3057 2084 archetypon.
3077 2009 3344 2078 Quocirca

1764 2108 2065 2164 clarissime
2089 2108 2325 2163 ostendit
2357 2107 2574 2162 divinus
2603 2104 2826 2171 Paulus,
2856 2104 3030 2175 ipsum
3058 2117 3177 2159 esse
3206 2102 3346 2156 ima-

1763 2203 1941 2273 ginem
1979 2199 2304 2266 ellluentem,
2353 2200 2526 2255 lucem
2571 2198 2782 2265 Patris,
2826 2206 2882 2253 et
2926 2198 2977 2251 in
3019 2196 3191 2251 forma
3247 2194 3344 2250 ἰ)ιὶ

1763 2293 2072 2360 exstitisse;
2105 2292 2247 2364 quod
2285 2292 2341 2347 in
2371 2291 2741 2363 superioribus
2768 2288 3006 2360 positum
3051 2297 3136 2343 est
3173 2302 3202 2341 a
3245 2302 3347 2341 no-

1763 2387 1849 2442 bis
1886 2403 1903 2443 :
1946 2385 2115 2441 veluti
2158 2385 2326 2455 igitur
2368 2399 2493 2442 cum
2544 2397 2684 2439 unus
2754 2382 3018 2439 subsistat
3063 2378 3245 2448 Pater,
3289 2387 3345 2434 et

1763 2499 1905 2539 unus
1931 2483 1997 2537 de
2025 2480 2185 2536 Patre
2213 2479 2283 2535 sit
2311 2488 2464 2534 ortus
2489 2476 2683 2542 Filius,
2720 2489 2880 2530 nemo
2926 2473 3168 2545 prudens
3196 2469 3344 2525 δωτ-

1765 2575 1993 2631 maverit
2020 2572 2156 2628 duos
2189 2578 2395 2642 patres,
2433 2577 2529 2624 aut
2568 2567 2709 2624 ﬁlios
2750 2566 2917 2633 duos;
2943 2573 3000 2621 et
3036 2563 3201 2620 veluti
3250 2561 3345 2618 ubi

1765 2679 1864 2723 rex
1889 2680 2026 2720 unus
2060 2673 2145 2719 est
2179 2678 2301 2718 cum
2333 2660 2580 2732 imperio,
2609 2659 2768 2730 cujus
2806 2659 2981 2728 imago
3010 2657 3209 2727 ubique
3236 2664 3348 2710 ter-

1765 2775 1951 2815 rarum
1993 2758 2288 2822 deferatur,
2334 2768 2493 2810 nemo
2533 2753 2773 2823 prudens
2802 2750 2938 2806 duos
2984 2746 3182 2804 dixerit
3224 2759 3348 2802 esse

1767 2866 1960 2922 reges:
1989 2848 2083 2905 sed
2114 2863 2278 2903 unum
2322 2845 2414 2915 qui
2453 2859 2551 2915 per
2580 2853 2635 2900 et
2677 2843 2731 2897 iu
2764 2841 3001 2912 imagine
3038 2854 3135 2895 sua
3174 2838 3347 2893 bono-

1766 2954 1938 2999 ratur.
1964 2940 2169 2997 Eodem
2200 2940 2360 2993 modo
2388 2947 2447 2991 ut
2482 2936 2597 3008 jam
2640 2932 2848 3006 pluries
2880 2933 3084 2987 dictum
3112 2940 3215 2995 est,
3245 2929 3349 2984 Ec-

1767 3032 1931 3089 clesia
1954 3031 2071 3097 Dei,
2096 3046 2217 3099 quae
2244 3028 2455 3098 accepit
2488 3026 2646 3081 unius
2662 3030 2722 3089 ᾖ(
2738 3024 3077 3092 Deicultum,
3098 3021 3345 3077 eumdem

70 3113 265 3178 αὐτὸν,
302 3113 396 3167 καὶ
432 3112 519 3167 διὰ
552 3111 646 3166 τοῦ
678 3111 832 3178 Υἰοῦ,
890 3112 965 3177 ὡς
1019 3111 1109 3165 διὰ
1153 3110 1294 3185 [τοῦ]
1327 3112 1434 3182 (55)
1459 3111 1663 3175 εἰκόνος

1769 3124 1937 3179 Deum
1981 3138 2079 3194 per
2110 3121 2306 3177 Filium
2352 3119 2640 3191 imaginem
2680 3131 2835 3173 suam
2875 3114 3084 3171 scilicet
3118 3113 3349 3169 adorare

73 3204 235 3275 μένει
265 3203 669 3274 προσκυνοῦσα.
706 3206 773 3257 Ἃ
799 3202 864 3275 δὴ
891 3203 986 3257 καὶ
1012 3203 1088 3276 μὴ
1115 3204 1295 3268 συνεὶς
1321 3202 1659 3275 Μάρκελλος,

69 3298 181 3370 τὴν
224 3296 410 3350 εἰκόνα
450 3294 544 3349 τοῦ
583 3294 720 3349 Θεοῦ
767 3295 864 3349 τοῦ
892 3295 1122 3367 ἀοράτου
1156 3294 1254 3368 τὴν
1293 3294 1494 3364 σάρκα
1524 3290 1663 3350 εἶναι

70 3389 177 3443 τοῦ
224 3389 475 3461 Σωτῆρος
514 3389 855 3461 ἀπεφήνατο,
887 3390 953 3460 ἢν
996 3390 1025 3443 6
1076 3388 1398 3453 ’Λπόστολος
1420 3386 1665 3459 μορφὴν

74 3480 242 3555 [τοῦ]
289 3481 514 3536 δούλου
568 3481 856 3552 κέκληκεν·
910 3482 971 3534 οὐ
1017 3482 1393 3553 λογισάμενος,
1437 3481 1519 3535 ὅτι
1570 3477 1667 3534 καὶ

74 3575 286 3638 πάντες
310 3573 605 3646 ἄνθρωποι,
636 3574 775 3627 κατὰ
797 3573 892 3645 τὴν
917 3573 1116 3645 σάρκα,
1138 3573 1232 3626 τοῦ
1260 3572 1512 3642 Σωτῆρος
1538 3586 1669 3639 τυγ-

76 3667 306 3738 χάνουσι
335 3665 778 3737 μεμορφωμένοι.
813 3665 925 3719 Καὶ
959 3664 1022 3717 τὸ
1057 3664 1154 3735 μὲν
1184 3663 1346 3734 σῶμα
1387 3662 1416 3716 6
1451 3660 1667 3732 ἀνείλη-

79 3772 186 3826 φεν
216 3757 243 3809 ό
268 3755 479 3828 Σωτὴρ,
509 3754 609 3826 τῆς
639 3756 935 3826 ἀγεννήτου
959 3753 1054 3807 καὶ
1084 3754 1326 3826 ἀρρήτου
1353 3753 1447 3805 καὶ
1474 3768 1669 3823 πατρι-

80 3847 190 3918 κῆς
222 3846 472 3917 θεότητος
506 3846 689 3901 εἰκόνα
722 3844 860 3900 εἶναι
892 3845 1302 3918 διῖσχυρίζεται·
1338 3845 1430 3898 τὸν
1457 3843 1513 3897 δὲ
1540 3842 1667 3897 Υἰὸν

77 3940 181 3995 τοῦ
238 3940 372 3994 Θεοῦ
413 3940 503 3994 τὸν
554 3940 837 4011 μονογενῆ,
889 3938 955 3992 δι’
1000 3932 1061 3992 οὗ
1102 3936 1173 3991 τὰ
1218 3936 1398 3993 πάντα
1435 3935 1666 4007 συνέστη

82 4035 327 4104 (Harsa
355 4030 466 4102 γὰρ
504 4032 579 4085 δι’
618 4030 804 4086 αὑτοῦ
837 4028 1096 4099 ἐγένετο,
1128 4028 1227 4083 καί
1267 4028 1450 4099 χωρὶς
1482 4026 1668 4082 αὐτοῦ

77 4125 315 4196 ἐγένετο
346 4123 489 4179 οὐδὲ
510 4123 617 4195 ἓν),
642 4124 885 4195 ἀρνεῖται
911 4117 1048 4175 εἷναι
1071 4121 1255 4175 εἰκόνα
1284 4120 1379 4175 τοῦ
1405 4119 1540 4175 Θεοῦ
1574 4121 1672 4175 αὐ-

77 4203 205 4282 ἶταῖς
240 4216 531 4281 συλλαϐαῖς
567 4214 762 4285 λέγων,
811 4233 831 4269 ι
879 4214 1090 4269 Οὐκοῦν
1123 4213 1409 4286 πρόδηλον,
1451 4214 1533 4267 ὅτι
1564 4212 1672 4286 πρὸ

86 4331 109 4365 s
147 4312 251 4383 τῆς
296 4308 391 4363 τοῦ
442 4308 709 4381 ἡμετέρου
756 4307 1007 4379 σώματος
1052 4306 1397 4379 ἀναλήψεως,
1444 4307 1474 4360 6
1497 4306 1673 4376 Λόγος

84 4424 108 4458 ί
150 4403 279 4460 καθ’
333 4401 523 4456 ἑαυτὸν
573 4402 672 4453 οὐκ
718 4396 786 4472 ἦν
831 4398 994 4453 εἰκὼν
1029 4398 1123 4453 τοῦ
1164 4400 1393 4470 ἀοράτου
1437 4397 1594 4454 Θεοῦ.
1646 4415 1665 4450 ι

1765 3221 2094 3288 perseverat.
2137 3210 2291 3278 Quod
2320 3224 2444 3266 cum
2487 3205 2771 3263 Marcellus
2802 3205 3108 3275 ignoraret,
3150 3201 3345 3271 imagi-

1765 3320 1891 3362 nem
1925 3304 2071 3361 illam
2103 3301 2194 3358 Dei
2228 3300 2514 3356 invisibilis
2541 3298 2677 3354 dixit
2719 3311 2843 3353 esse
2882 3309 3096 3349 carnem
3138 3290 3341 3347 Serva-

1768 3397 1922 3463 toris,
1949 3410 2111 3466 quam
2142 3391 2433 3464 Apostolus
2470 3391 2604 3446 servi
2652 3389 2882 3459 formam
2904 3386 2948 3417 ⁷⁸
2997 3383 3297 3439 nominavit
3325 3400 3341 3438 :

1766 3489 1991 3545 minime
2026 3484 2335 3554 recogitans
2380 3482 2523 3553 quod
2562 3477 2858 3534 secundum
2892 3490 3111 3531 carnem
3151 3476 3351 3529 Serva-

1769 3579 1902 3636 toris
1926 3577 2172 3632 homines
2198 3572 2395 3644 singuli
2432 3570 2724 3640 imaginem
2756 3567 3181 3635 circumgestent
3208 3563 3345 3633 ejus.

1768 3672 1973 3740 Corpus
2018 3669 2199 3737 itaque
2250 3665 2392 3736 quod
2442 3661 2733 3731 assumpsit
2776 3658 3054 3722 Servator,
3105 3653 3198 3710 ille
3227 3669 3349 3711 esse

1769 3764 2054 3835 ingenitae,
2102 3757 2427 3823 inell'abilis,
2476 3763 2716 3826 paterna:
2781 3750 3006 3808 deitatis
3054 3747 3347 3819 imaginem

1769 3862 2044 3911 asseverat
2084 3869 2098 3907 :
2145 3850 2342 3905 Filium
2388 3859 2571 3904 autem
2620 3845 2993 3916 unigenitum,
3040 3855 3138 3911 per
3186 3854 3349 3911 quem

1770 3945 1950 4002 omnia
1980 3944 2301 4006 subsistunt,
2330 3939 2471 3995 Nam
2496 3938 2675 3993 omnia
2701 3952 2794 4007 per
2822 3935 2971 3989 illum
3003 3932 3149 4003 facta
3177 3938 3301 3985 sunt
3327 3967 3348 3995 ,

1769 4047 1817 4091 et
1843 4036 1952 4092 sine
1978 4034 2071 4089 illo
2104 4036 2304 4103 factum
2332 4038 2409 4085 est
2440 4027 2574 4083 nihil
2598 4027 2642 4059 τί
2665 4066 2682 4093 ,
2715 4031 2877 4098 negat
2906 4022 3197 4093 imaginem
3227 4034 3350 4077 esse

1770 4128 1905 4195 Dei,
1950 4127 2171 4184 totidem
2228 4124 2410 4179 verbis
2465 4121 2751 4178 scribens:
2792 4136 2811 4171 ι
2840 4116 3105 4186 Quocirca
3161 4122 3348 4184 patet,

1777 4241 1796 4275 ι
1841 4222 1983 4291 quod
2029 4228 2155 4275 ante
2196 4226 2533 4287 assumptum
2563 4228 2760 4283 corpus
2792 4220 3070 4274 nostrum,
3112 4207 3350 4262 Verbum

1779 4332 1799 4367 ι
1844 4329 1940 4384 per
1975 4327 2035 4368 se
2077 4326 2185 4367 non
2234 4319 2353 4365 erat
2402 4309 2579 4379 imago
2626 4305 2872 4362 Patris.»
2932 4299 3141 4358 Videsis
3185 4313 3349 4368 quam

1771 4413 2047 4480 pervertat
2120 4401 2526 4472 interpretando
2581 4396 2826 4468 Apostoli
2902 4402 3174 4456 mentem,
3222 4405 3347 4446 cum

92 4497 264 4569 Ὁρᾷς
298 4495 398 4567 ὃσῃ
430 4494 725 4564 διαστροφῇ
757 4492 1018 4564 κέχρηται
1047 4492 1145 4563 τῆς
1173 4491 1533 4564 ἀποστολικῆς
1576 4492 1663 4566 ἐρ-

1776 4498 2013 4555 Joannes
2039 4494 2366 4566 evangelista
2392 4491 2707 4564 mysterium
2738 4486 2889 4551 illud,
2918 4484 3059 4555 quod
3092 4480 3261 4575 bloysi
3294 4488 3353 4536 et

76 4588 341 4661 μηνείας.
365 4586 521 4641 Οὕτω
539 4586 596 4640 δὲ
617 4584 709 4638 τοῦ
729 4584 1114 4654 εὐαγγελιστοῦ
1155 4584 1425 4649 Ἰωάννου,
1445 4584 1506 4637 τὸ
1527 4586 1663 4657 παρᾶ

1772 4588 2050 4662 prophetis
2077 4584 2381 4643 abstrusius
2408 4590 2565 4649 erat,
2594 4579 2872 4650 cognitum
2908 4572 3257 4628 annuntiaret
3290 4578 3348 4624 et

80 4685 285 4739 Μωσεῖ
340 4682 434 4735 καὶ
484 4683 599 4744 τοῖς
650 4680 855 4743 λοιποῖς
914 4680 1222 4751 προφήταις
1278 4680 1677 4751 κεκρυμμένως

81 4772 437 4847 ἐγνωσμένον
471 4773 787 4844 μυστήριον,
831 4771 1315 4843 εὐαγγελιζομένου
1348 4772 1443 4825 καὶ
1474 4773 1676 4826 ἀνακα-

75 4850 407 4931 λύπτοντος,
439 4863 649 4937 μεγάλῃ
671 4881 731 4917 τε
762 4864 873 4935 (54)
911 4864 1275 4937 κηρύττοντος
1315 4861 1411 4933 βοῇ
1451 4862 1532 4915 τό·
1574 4863 1675 4916 Ἐν

86 4959 254 5033 ἀρχῇ
272 4956 351 5030 ἦν
387 4963 420 5013 o'
447 4959 656 5028 Λόγος,
680 4957 779 5011 καί
802 4960 834 5011 ὁ
854 4959 1045 5026 Λόγος
1073 4952 1151 5026 ἦν
1186 4955 1337 5025 πρὸς
1363 4954 1471 5008 τὸν
1504 4955 1672 5021 Θεὸν,

87 5054 192 5109 καὶ
216 5051 362 5117 Θεὸς
378 5048 456 5121 ἦν
476 5054 508 5105 ὁ
526 5052 734 5119 Λόγος·
766 5047 965 5101 πάντα
982 5047 1056 5101 δι’
1075 5047 1261 5102 αὑτοῦ
1282 5046 1518 5118 ἐγένετο
1535 5046 1672 5120 [(55)

87 5146 194 5201 καί
216 5145 398 5214 χωρὶς
425 5143 610 5198 αὐτοῦ
631 5140 868 5211 ἐγένετο
893 5138 1037 5194 οὐδὲ
1062 5138 1177 5211 Er],
1208 5140 1300 5193 καὶ
1329 5139 1678 5211 μαρτυρομέ-

86 5257 211 5305 νου,
241 5238 326 5292 ὄτι
350 5232 418 5309 ῆν
446 5236 507 5289 τὸ
537 5234 651 5306 φῶς
681 5232 912 5304 φωτίζον
941 5232 1115 5286 πάντὰ
1138 5230 1423 5304 ἄνθρωπον
1450 5231 1678 5303 ἐρχόμε-

162 5448 229 5507 >14
265 5441 364 5497 Ed.
396 5439 598 5504 Paris.,
627 5452 749 5509 pag.
782 5436 907 5509 [42.
997 5436 1041 5509 ⁸⁵
1080 5434 1097 5488 Ι
1130 5432 1479 5509 Ἡραία-βξ.

1592 5431 1639 5464 ⁸⁸
1677 5430 1805 5487 ibid.
1835 5430 1923 5486 i6.
1999 5429 2041 5462 "
2072 5428 2091 5483 l
2121 5426 2262 5482 Tim.
2291 5440 2332 5494 ι,
2353 5425 2441 5481 17.
2518 5424 2564 5457 ⁸⁸
2600 5422 2891 5487 Rom.xv1,
2915 5417 3008 5473 27.

1771 4680 1989 4738 efferret
2016 4692 2208 4747 magna
2240 4674 2583 4746 praedicantis
2616 4685 2750 4725 voce
2784 4685 2799 4722 :
2833 4666 2901 4720 In
2932 4665 3193 4734 principio
3236 4670 3350 4717 erat

1783 4771 2030 4836 Verbum,
2060 4781 2106 4824 et
2148 4767 2370 4822 Verbum
2412 4772 2525 4818 erat
2565 4760 2705 4832 apud
2754 4758 2942 4822 Deum,
2973 4766 3020 4809 et
3057 4754 3194 4808 Deus
3234 4761 3348 4806 erat

1780 4864 2007 4921 Verbum
2033 4878 2053 4919 :
2085 4862 2263 4917 omnia
2304 4874 2397 4929 per
2432 4858 2605 4927 ipsum
2638 4854 2783 4925 facta
2822 4858 2975 4914 sunt,
3007 4859 3054 4902 et
3095 4848 3205 4901 sine
3236 4846 3349 4914 ipso

1779 4956 1982 5024 factum
2011 4962 2087 5009 est
2121 4950 2254 5006 nihil
2272 4951 2348 5017 ³⁸,
2378 4960 2609 5017 cumque
2634 4951 2861 5000 testatur
2892 4955 3014 4997 eum
3045 4939 3220 4994 lucem
3250 4951 3352 4989 ex.

1780 5048 1987 5104 stitisse
2031 5044 2424 5101 illuminantem
2463 5052 2682 5095 omnem
2727 5034 2999 5090 hominem
3044 5030 3349 5084 venientem

1782 5137 1835 5191 in
1872 5137 2015 5191 hunc
2044 5133 2345 5188 mundum:
2390 5128 2458 5183 In
2498 5126 2693 5181 mundo
2734 5132 2881 5189 erat,
2912 5132 2957 5177 et
2988 5119 3217 5174 mundus
3258 5133 3353 5186 per

1780 5228 1949 5298 ipsum
1995 5227 2167 5296 factus
2205 5232 2314 5289 est,
2356 5231 2405 5278 et
2440 5219 2664 5274 mundus
2707 5231 2826 5271 eum
2868 5230 2972 5269 non
3016 5210 3252 5283 cognovit
3282 5209 3350 5267 ⁷³.

3108 5417 3154 5451 ⁸⁸
3188 5415 3357 5475 Joan.

82 5498 326 5580 xvii-,5.
402 5498 855 5581 "Philippfnﬂ.
927 5504 1192 5571 "JoanJ,
1223 5506 1277 5559 5.
1354 5504 1398 5534 ⁷⁸
1437 5501 1661 5569 Joan.i,

1772 5503 1827 5557 5.
1901 5499 1948 5531 ⁷³
1988 5500 2118 5555 ibid.
2147 5498 2236 5554 10.

169 5688 289 5825 $31)
322 5684 494 5755 Vulgo
520 5685 671 5740 deest
699 5684 781 5740 ἄν.

201 5758 295 5825 32)
322 5754 432 5825 Mp7.
464 5771 720 5825 περιφερ.

201 5758 295 5828 ,3?)
322 5754 447 5828 M93
464 5771 720 5828 περιφξρ·

180 5762 270 5825 (32
322 5762 432 5824 Mp.
464 5771 591 5825 περι
637 5773 720 5828 ερ.

180 5762 296 5900 (libi
327 5824 434 5880 Τοῦ
462 5771 695 5919 ραιῗιὶο
723 5832 775 5883 et
799 5838 922 5882 mox
951 5822 1129 5889 codd.;
1155 5836 1280 5878 mox
1308 5818 1468 5893 Vulgo
1500 5816 1534 5875 ἃ
1556 5818 1635 5873 δέ.

1852 5681 1965 5749 (δι)
1992 5678 2164 5750 Vulso
2198 5678 2408 5750 μεγάλῃ
2433 5680 2523 5749 τῇο

1850 5736 1963 5823 (ὄῦᾗ
1999 5736 2128 5809 ΟιιιΪ
2153 5736 2311 5839 codd.
2337 5736 2455 5806 Μὸκ
2473 5736 2648 5804 "vulso
2674 5743 2790 5815 φῶς
2813 5736 2881 5816 ἦν
2912 5740 2993 5797 τὸ.
