  <div class='ocr_page' id='page_1' title='image "/cluster/home/n/w/nwhite01/storage/ocr_20150623/24/nnc1.0046978259/581.png"; bbox 0 0 3828 6222; ppageno 0'>
   <div class='ocr_carea' id='block_1_1' title="bbox 475 233 582 288">
    <p class='ocr_par' dir='ltr' id='par_1_1' title="bbox 475 233 582 288">
     <span class='ocr_line' id='line_1_1' title="bbox 475 233 582 288; baseline -0.019 0"><span class='ocrx_word' id='word_1_1' title='bbox 475 233 582 288; x_wconf 70' lang='grc'><strong>965</strong></span> 
     </span>
    </p>
   </div>
   <div class='ocr_carea' id='block_1_2' title="bbox 1143 225 3036 290">
    <p class='ocr_par' dir='ltr' id='par_1_2' title="bbox 1143 225 3036 290">
     <span class='ocr_line' id='line_1_2' title="bbox 1143 225 3036 290; baseline -0.002 -2"><span class='ocrx_word' id='word_1_2' title='bbox 1143 231 1416 290; x_wconf 87' lang='lat' dir='ltr'><strong>EUSEBII</strong></span> <span class='ocrx_word' id='word_1_3' title='bbox 1455 226 1933 286; x_wconf 64' lang='lat' dir='ltr'><strong>CESARIENSIS</strong></span> <span class='ocrx_word' id='word_1_4' title='bbox 1970 225 2120 285; x_wconf 87' lang='lat' dir='ltr'><strong>OPP.</strong></span> <span class='ocrx_word' id='word_1_5' title='bbox 2162 227 2340 283; x_wconf 81' lang='lat' dir='ltr'><strong>PARS</strong></span> <span class='ocrx_word' id='word_1_6' title='bbox 2377 227 2466 284; x_wconf 87' lang='lat' dir='ltr'><strong>IV.</strong></span> <span class='ocrx_word' id='word_1_7' title='bbox 2505 257 2575 268; x_wconf 90' lang='lat'><strong>—</strong></span> <span class='ocrx_word' id='word_1_8' title='bbox 2613 225 3036 285; x_wconf 73' lang='lat' dir='ltr'><strong>DOGMATILA.</strong></span> 
     </span>
    </p>
   </div>
   <div class='ocr_carea' id='block_1_3' title="bbox 3621 227 3716 283">
    <p class='ocr_par' dir='ltr' id='par_1_3' title="bbox 3621 227 3716 283">
     <span class='ocr_line' id='line_1_3' title="bbox 3621 227 3716 283; baseline 0 0"><span class='ocrx_word' id='word_1_9' title='bbox 3621 227 3716 283; x_wconf 68' lang='grc' dir='ltr'>θοι</span> 
     </span>
    </p>
   </div>
   <div class='ocr_carea' id='block_1_4' title="bbox 473 335 2050 420">
    <p class='ocr_par' dir='ltr' id='par_1_4' title="bbox 473 346 2040 420">
     <span class='ocr_line' id='line_1_4' title="bbox 473 346 2040 420; baseline -0.006 -14"><span class='ocrx_word' id='word_1_10' title='bbox 473 353 679 420; x_wconf 83' lang='lat' dir='ltr'><strong>Quibus</strong></span> <span class='ocrx_word' id='word_1_11' title='bbox 697 351 920 406; x_wconf 78' lang='lat' dir='ltr'><strong>vocibus</strong></span> <span class='ocrx_word' id='word_1_12' title='bbox 942 349 1246 406; x_wconf 81' lang='lat' dir='ltr'><strong>clarissime</strong></span> <span class='ocrx_word' id='word_1_13' title='bbox 1269 349 1538 420; x_wconf 81' lang='lat' dir='ltr'><strong>signiﬁcat</strong></span> <span class='ocrx_word' id='word_1_14' title='bbox 1559 346 1898 411; x_wconf 84' lang='lat' dir='ltr'><strong>ﬁlialitatem,</strong></span> <span class='ocrx_word' id='word_1_15' title='bbox 1919 358 2040 400; x_wconf 85' lang='lat' dir='ltr'><strong>cum</strong></span> 
     </span>
    </p>
   </div>
   <div class='ocr_carea' id='block_1_5' title="bbox 2161 335 3718 420">
    <p class='ocr_par' dir='ltr' id='par_1_5' title="bbox 2161 335 3718 412">
     <span class='ocr_line' id='line_1_5' title="bbox 2161 335 3718 412; baseline -0.001 -17"><span class='ocrx_word' id='word_1_16' title='bbox 2161 359 2307 396; x_wconf 74' lang='lat' dir='ltr'><strong>tsvov</strong></span> <span class='ocrx_word' id='word_1_17' title='bbox 2334 344 2415 406; x_wconf 87' lang='grc' dir='ltr'><strong>είς</strong></span> <span class='ocrx_word' id='word_1_18' title='bbox 2441 341 2532 396; x_wconf 81' lang='grc' dir='ltr'><strong>τὸν</strong></span> <span class='ocrx_word' id='word_1_19' title='bbox 2563 341 2786 412; x_wconf 80' lang='grc' dir='ltr'><strong>κόσμον·</strong></span> <span class='ocrx_word' id='word_1_20' title='bbox 2837 341 2940 395; x_wconf 83' lang='grc' dir='ltr'><strong>Ἐν</strong></span> <span class='ocrx_word' id='word_1_21' title='bbox 2964 339 3047 406; x_wconf 86' lang='grc' dir='ltr'>τῷ</span> <span class='ocrx_word' id='word_1_22' title='bbox 3067 339 3282 410; x_wconf 78' lang='grc' dir='ltr'><strong>-κόσμῳ</strong></span> <span class='ocrx_word' id='word_1_23' title='bbox 3306 335 3404 412; x_wconf 77' lang='grc' dir='ltr'>ἦν,</span> <span class='ocrx_word' id='word_1_24' title='bbox 3432 338 3534 394; x_wconf 74' lang='grc' dir='ltr'>καὶ</span> <span class='ocrx_word' id='word_1_25' title='bbox 3560 342 3594 395; x_wconf 88' lang='grc' dir='ltr'><strong>ό</strong></span> <span class='ocrx_word' id='word_1_26' title='bbox 3630 343 3718 394; x_wconf 79' lang='grc' dir='ltr'>κό-</span> 
     </span>
    </p>
   </div>
   <div class='ocr_carea' id='block_1_6' title="bbox 473 430 2050 507">
    <p class='ocr_par' dir='ltr' id='par_1_6' title="bbox 473 436 2041 507">
     <span class='ocr_line' id='line_1_6' title="bbox 473 436 2041 507; baseline -0.006 -10"><span class='ocrx_word' id='word_1_27' title='bbox 473 446 541 499; x_wconf 87' lang='lat' dir='ltr'><strong>de</strong></span> <span class='ocrx_word' id='word_1_28' title='bbox 569 443 729 498; x_wconf 88' lang='lat' dir='ltr'><strong>Patre</strong></span> <span class='ocrx_word' id='word_1_29' title='bbox 778 443 963 498; x_wconf 90' lang='lat' dir='ltr'><strong>dicat:</strong></span> <span class='ocrx_word' id='word_1_30' title='bbox 1007 441 1173 496; x_wconf 86' lang='lat' dir='ltr'><strong>Deum</strong></span> <span class='ocrx_word' id='word_1_31' title='bbox 1211 456 1370 496; x_wconf 83' lang='lat' dir='ltr'><strong>nemo</strong></span> <span class='ocrx_word' id='word_1_32' title='bbox 1415 440 1542 495; x_wconf 77' lang='lat' dir='ltr'><strong>vidit</strong></span> <span class='ocrx_word' id='word_1_33' title='bbox 1589 453 1822 507; x_wconf 82' lang='lat' dir='ltr'><strong>unquam</strong></span> <span class='ocrx_word' id='word_1_34' title='bbox 1846 436 1935 490; x_wconf 60' lang='grc' dir='ltr'><strong>τις</strong></span> <span class='ocrx_word' id='word_1_35' title='bbox 1972 437 2041 490; x_wconf 92' lang='lat' dir='ltr'><strong>de</strong></span> 
     </span>
    </p>
   </div>
   <div class='ocr_carea' id='block_1_7' title="bbox 2161 430 3719 507">
    <p class='ocr_par' dir='ltr' id='par_1_7' title="bbox 2161 430 3719 505">
     <span class='ocr_line' id='line_1_7' title="bbox 2161 430 3719 505; baseline -0.002 -18"><span class='ocrx_word' id='word_1_36' title='bbox 2161 448 2302 505; x_wconf 77' lang='grc' dir='ltr'>γμος</span> <span class='ocrx_word' id='word_1_37' title='bbox 2338 433 2413 488; x_wconf 86' lang='grc' dir='ltr'><strong>δι’</strong></span> <span class='ocrx_word' id='word_1_38' title='bbox 2443 433 2631 487; x_wconf 79' lang='grc' dir='ltr'>αὐτοῦ</span> <span class='ocrx_word' id='word_1_39' title='bbox 2655 431 2913 502; x_wconf 76' lang='grc' dir='ltr'>ἐγένετο,</span> <span class='ocrx_word' id='word_1_40' title='bbox 2941 431 3043 485; x_wconf 77' lang='grc' dir='ltr'><strong>καί</strong></span> <span class='ocrx_word' id='word_1_41' title='bbox 3068 434 3102 486; x_wconf 79' lang='grc' dir='ltr'><em>ὁ</em></span> <span class='ocrx_word' id='word_1_42' title='bbox 3131 432 3363 502; x_wconf 79' lang='grc' dir='ltr'>κόσμος</span> <span class='ocrx_word' id='word_1_43' title='bbox 3399 430 3592 485; x_wconf 82' lang='grc' dir='ltr'>αὐτὸν</span> <span class='ocrx_word' id='word_1_44' title='bbox 3621 434 3719 486; x_wconf 76' lang='grc' dir='ltr'>οὐκ</span> 
     </span>
    </p>
   </div>
   <div class='ocr_carea' id='block_1_8' title="bbox 471 521 2050 604">
    <p class='ocr_par' dir='ltr' id='par_1_8' title="bbox 471 526 2042 604">
     <span class='ocr_line' id='line_1_8' title="bbox 471 526 2042 604; baseline -0.008 -13"><span class='ocrx_word' id='word_1_45' title='bbox 471 535 635 591; x_wconf 85' lang='lat' dir='ltr'><strong>Filio:</strong></span> <span class='ocrx_word' id='word_1_46' title='bbox 673 534 989 604; x_wconf 81' lang='lat' dir='ltr'><strong>Unigenitus</strong></span> <span class='ocrx_word' id='word_1_47' title='bbox 1019 532 1193 589; x_wconf 83' lang='lat' dir='ltr'><strong>Filius</strong></span> <span class='ocrx_word' id='word_1_48' title='bbox 1227 531 1317 602; x_wconf 89' lang='lat' dir='ltr'><strong>qui</strong></span> <span class='ocrx_word' id='word_1_49' title='bbox 1348 539 1466 587; x_wconf 89' lang='lat' dir='ltr'><strong>erat</strong></span> <span class='ocrx_word' id='word_1_50' title='bbox 1506 531 1559 584; x_wconf 91' lang='lat' dir='ltr'><strong>in</strong></span> <span class='ocrx_word' id='word_1_51' title='bbox 1590 530 1712 585; x_wconf 85' lang='lat' dir='ltr'><strong>sinu</strong></span> <span class='ocrx_word' id='word_1_52' title='bbox 1757 527 1955 592; x_wconf 86' lang='lat' dir='ltr'><strong>Patris,</strong></span> <span class='ocrx_word' id='word_1_53' title='bbox 1997 526 2042 580; x_wconf 94' lang='lat' dir='ltr'><strong>is</strong></span> 
     </span>
    </p>
   </div>
   <div class='ocr_carea' id='block_1_9' title="bbox 2161 521 3722 604">
    <p class='ocr_par' dir='ltr' id='par_1_9' title="bbox 2161 521 3722 595">
     <span class='ocr_line' id='line_1_9' title="bbox 2161 521 3722 595; baseline -0.004 -17"><span class='ocrx_word' id='word_1_54' title='bbox 2161 525 2318 595; x_wconf 65' lang='grc' dir='ltr'>ἔγνω,</span> <span class='ocrx_word' id='word_1_55' title='bbox 2348 525 2444 595; x_wconf 88' lang='grc' dir='ltr'><strong>τήν</strong></span> <span class='ocrx_word' id='word_1_56' title='bbox 2469 540 2528 577; x_wconf 89' lang='grc' dir='ltr'><strong>τε</strong></span> <span class='ocrx_word' id='word_1_57' title='bbox 2561 523 2781 592; x_wconf 88' lang='grc' dir='ltr'>υἱότητα</span> <span class='ocrx_word' id='word_1_58' title='bbox 2803 522 2986 591; x_wconf 83' lang='grc' dir='ltr'>σαφῶς</span> <span class='ocrx_word' id='word_1_59' title='bbox 3011 523 3384 593; x_wconf 80' lang='grc' dir='ltr'>παριστῶντος</span> <span class='ocrx_word' id='word_1_60' title='bbox 3411 524 3470 576; x_wconf 81' lang='grc' dir='ltr'>ὲν</span> <span class='ocrx_word' id='word_1_61' title='bbox 3498 521 3578 592; x_wconf 84' lang='grc' dir='ltr'>τῷ</span> <span class='ocrx_word' id='word_1_62' title='bbox 3607 521 3722 590; x_wconf 54' lang='grc' dir='ltr'>περὶ</span> 
     </span>
    </p>
   </div>
   <div class='ocr_carea' id='block_1_10' title="bbox 473 628 908 686">
    <p class='ocr_par' dir='ltr' id='par_1_10' title="bbox 473 628 908 686">
     <span class='ocr_line' id='line_1_10' title="bbox 473 628 908 686; baseline -0.002 -3"><span class='ocrx_word' id='word_1_63' title='bbox 473 645 594 683; x_wconf 89' lang='lat' dir='ltr'><strong>eum</strong></span> <span class='ocrx_word' id='word_1_64' title='bbox 627 628 908 686; x_wconf 88' lang='lat' dir='ltr'><strong>revelavit.</strong></span> 
     </span>
    </p>
   </div>
   <div class='ocr_carea' id='block_1_11' title="bbox 2151 611 3721 686">
    <p class='ocr_par' dir='ltr' id='par_1_11' title="bbox 2151 611 3721 686">
     <span class='ocr_line' id='line_1_11' title="bbox 2151 611 3721 686; baseline -0.003 -18"><span class='ocrx_word' id='word_1_65' title='bbox 2151 615 2250 686; x_wconf 81' lang='grc' dir='ltr'>μὲν</span> <span class='ocrx_word' id='word_1_66' title='bbox 2269 614 2361 668; x_wconf 87' lang='grc' dir='ltr'><strong>τοῦ</strong></span> <span class='ocrx_word' id='word_1_67' title='bbox 2382 613 2594 684; x_wconf 82' lang='grc' dir='ltr'>Πατρὸς</span> <span class='ocrx_word' id='word_1_68' title='bbox 2609 612 2806 681; x_wconf 81' lang='grc' dir='ltr'>λέγειν·</span> <span class='ocrx_word' id='word_1_69' title='bbox 2830 613 2977 666; x_wconf 80' lang='grc' dir='ltr'>Θεὸν</span> <span class='ocrx_word' id='word_1_70' title='bbox 2997 611 3199 680; x_wconf 80' lang='grc' dir='ltr'>οὐδεὶς</span> <span class='ocrx_word' id='word_1_71' title='bbox 3218 611 3438 682; x_wconf 61' lang='lat' dir='ltr'><strong>stipans</strong></span> <span class='ocrx_word' id='word_1_72' title='bbox 3471 613 3721 674; x_wconf 74' lang='grc' dir='ltr'>πώποτε,</span> 
     </span>
    </p>
   </div>
   <div class='ocr_carea' id='block_1_12' title="bbox 472 701 3165 794">
    <p class='ocr_par' dir='ltr' id='par_1_12' title="bbox 472 701 3165 794">
     <span class='ocr_line' id='line_1_12' title="bbox 472 701 3165 794; baseline -0.006 -20"><span class='ocrx_word' id='word_1_73' title='bbox 472 719 602 794; x_wconf 76' lang='grc' dir='ltr'>περὶ</span> <span class='ocrx_word' id='word_1_74' title='bbox 633 721 692 776; x_wconf 87' lang='grc' dir='ltr'><strong>δὲ</strong></span> <span class='ocrx_word' id='word_1_75' title='bbox 719 721 814 775; x_wconf 89' lang='grc' dir='ltr'><strong>τοῦ</strong></span> <span class='ocrx_word' id='word_1_76' title='bbox 838 720 992 775; x_wconf 77' lang='grc' dir='ltr'>Υίοῦο</span> <span class='ocrx_word' id='word_1_77' title='bbox 1036 721 1094 775; x_wconf 79' lang='grc' dir='ltr'>ὐ</span> <span class='ocrx_word' id='word_1_78' title='bbox 1126 717 1418 792; x_wconf 79' lang='grc' dir='ltr'>μονογενὴς</span> <span class='ocrx_word' id='word_1_79' title='bbox 1443 718 1572 784; x_wconf 81' lang='grc' dir='ltr'>Υίὸς</span> <span class='ocrx_word' id='word_1_80' title='bbox 1597 719 1627 772; x_wconf 92' lang='grc' dir='ltr'><strong>ὁ</strong></span> <span class='ocrx_word' id='word_1_81' title='bbox 1652 717 1728 772; x_wconf 81' lang='grc' dir='ltr'><strong>ὢν</strong></span> <span class='ocrx_word' id='word_1_82' title='bbox 1749 719 1828 782; x_wconf 88' lang='grc' dir='ltr'><strong>είς</strong></span> <span class='ocrx_word' id='word_1_83' title='bbox 1852 715 1945 771; x_wconf 82' lang='grc' dir='ltr'><strong>τὸν</strong></span> <span class='ocrx_word' id='word_1_84' title='bbox 1974 713 2175 768; x_wconf 85' lang='grc' dir='ltr'>κόλπον</span> <span class='ocrx_word' id='word_1_85' title='bbox 2206 706 2302 763; x_wconf 86' lang='grc' dir='ltr'><strong>τοῦ</strong></span> <span class='ocrx_word' id='word_1_86' title='bbox 2336 705 2573 778; x_wconf 72' lang='grc' dir='ltr'>Πατρός,</span> <span class='ocrx_word' id='word_1_87' title='bbox 2604 706 2809 768; x_wconf 75' lang='grc' dir='ltr'>ἐκεῖνος</span> <span class='ocrx_word' id='word_1_88' title='bbox 2841 701 3165 775; x_wconf 74' lang='grc' dir='ltr'>ἐξηγήσατο.</span> 
     </span>
    </p>
   </div>
   <div class='ocr_carea' id='block_1_13' title="bbox 1063 815 1440 872">
    <p class='ocr_par' dir='ltr' id='par_1_13' title="bbox 1063 815 1440 872">
     <span class='ocr_line' id='line_1_13' title="bbox 1063 815 1440 872; baseline -0.003 0"><span class='ocrx_word' id='word_1_89' title='bbox 1063 815 1214 872; x_wconf 88' lang='lat' dir='ltr'><strong>CAP.</strong></span> <span class='ocrx_word' id='word_1_90' title='bbox 1248 815 1440 871; x_wconf 79' lang='lat' dir='ltr'><strong>XXIV.</strong></span> 
     </span>
    </p>
   </div>
   <div class='ocr_carea' id='block_1_14' title="bbox 469 927 2043 1000">
    <p class='ocr_par' dir='ltr' id='par_1_14' title="bbox 469 927 2043 1000">
     <span class='ocr_line' id='line_1_14' title="bbox 469 927 2043 1000; baseline -0.001 -14"><span class='ocrx_word' id='word_1_91' title='bbox 469 930 626 997; x_wconf 78' lang='lat' dir='ltr'><strong>Quod</strong></span> <span class='ocrx_word' id='word_1_92' title='bbox 664 929 951 986; x_wconf 75' lang='lat' dir='ltr'><strong>Marcellus</strong></span> <span class='ocrx_word' id='word_1_93' title='bbox 979 930 1305 1000; x_wconf 77' lang='lat' dir='ltr'><strong>unigenitum</strong></span> <span class='ocrx_word' id='word_1_94' title='bbox 1340 927 1544 982; x_wconf 81' lang='lat' dir='ltr'><strong>Filium</strong></span> <span class='ocrx_word' id='word_1_95' title='bbox 1588 927 1840 1000; x_wconf 8' lang='lat' dir='ltr'><strong>Verbum).</strong></span> <span class='ocrx_word' id='word_1_96' title='bbox 1873 929 2043 984; x_wconf 79' lang='lat' dir='ltr'><strong>verbis</strong></span> 
     </span>
    </p>
   </div>
   <div class='ocr_carea' id='block_1_15' title="bbox 693 999 1818 1071">
    <p class='ocr_par' dir='ltr' id='par_1_15' title="bbox 693 999 1818 1071">
     <span class='ocr_line' id='line_1_15' title="bbox 693 999 1818 1071; baseline -0.003 -16"><span class='ocrx_word' id='word_1_97' title='bbox 693 1001 793 1055; x_wconf 86' lang='lat' dir='ltr'><strong>Dei</strong></span> <span class='ocrx_word' id='word_1_98' title='bbox 834 999 1152 1071; x_wconf 80' lang='lat' dir='ltr'><strong>agendorum</strong></span> <span class='ocrx_word' id='word_1_99' title='bbox 1182 1001 1507 1054; x_wconf 79' lang='lat' dir='ltr'><strong>instructivis</strong></span> <span class='ocrx_word' id='word_1_100' title='bbox 1541 999 1818 1053; x_wconf 69' lang='lat' dir='ltr'><strong>assimiiet.</strong></span> 
     </span>
    </p>
   </div>
   <div class='ocr_carea' id='block_1_16' title="bbox 537 1127 2044 1202">
    <p class='ocr_par' dir='ltr' id='par_1_16' title="bbox 537 1127 2044 1202">
     <span class='ocr_line' id='line_1_16' title="bbox 537 1127 2044 1202; baseline -0.001 -16"><span class='ocrx_word' id='word_1_101' title='bbox 537 1132 900 1186; x_wconf 83' lang='lat' dir='ltr'><strong>Admirandus</strong></span> <span class='ocrx_word' id='word_1_102' title='bbox 945 1133 1045 1187; x_wconf 87' lang='lat' dir='ltr'><strong>iste</strong></span> <span class='ocrx_word' id='word_1_103' title='bbox 1092 1132 1380 1187; x_wconf 74' lang='lat' dir='ltr'><strong>verborum</strong></span> <span class='ocrx_word' id='word_1_104' title='bbox 1401 1127 1612 1186; x_wconf 77' lang='lat' dir='ltr'><strong>Christi</strong></span> <span class='ocrx_word' id='word_1_105' title='bbox 1657 1132 1868 1196; x_wconf 81' lang='lat' dir='ltr'><strong>doctor,</strong></span> <span class='ocrx_word' id='word_1_106' title='bbox 1903 1145 2044 1202; x_wconf 76' lang='lat' dir='ltr'><strong>pra:-</strong></span> 
     </span>
    </p>
   </div>
   <div class='ocr_carea' id='block_1_17' title="bbox 469 1221 2043 1295">
    <p class='ocr_par' dir='ltr' id='par_1_17' title="bbox 469 1221 2043 1295">
     <span class='ocr_line' id='line_1_17' title="bbox 469 1221 2043 1295; baseline -0.002 -16"><span class='ocrx_word' id='word_1_107' title='bbox 469 1234 625 1295; x_wconf 86' lang='lat' dir='ltr'><strong>cepta</strong></span> <span class='ocrx_word' id='word_1_108' title='bbox 675 1223 770 1278; x_wconf 87' lang='lat' dir='ltr'><strong>Dei</strong></span> <span class='ocrx_word' id='word_1_109' title='bbox 815 1233 870 1278; x_wconf 90' lang='lat' dir='ltr'><strong>et</strong></span> <span class='ocrx_word' id='word_1_110' title='bbox 922 1222 1248 1292; x_wconf 87' lang='lat' dir='ltr'><strong>agendorum</strong></span> <span class='ocrx_word' id='word_1_111' title='bbox 1303 1221 1818 1277; x_wconf 78' lang='lat' dir='ltr'><strong>commonefaetoria</strong></span> <span class='ocrx_word' id='word_1_112' title='bbox 1859 1224 2043 1288; x_wconf 91' lang='lat' dir='ltr'><strong>verba,</strong></span> 
     </span>
    </p>
   </div>
   <div class='ocr_carea' id='block_1_18' title="bbox 467 1313 2046 1385">
    <p class='ocr_par' dir='ltr' id='par_1_18' title="bbox 467 1313 2046 1385">
     <span class='ocr_line' id='line_1_18' title="bbox 467 1313 2046 1385; baseline -0.001 -15"><span class='ocrx_word' id='word_1_113' title='bbox 467 1317 829 1384; x_wconf 83' lang='lat' dir='ltr'><strong>undecunque</strong></span> <span class='ocrx_word' id='word_1_114' title='bbox 865 1315 932 1369; x_wconf 92' lang='lat' dir='ltr'><strong>de</strong></span> <span class='ocrx_word' id='word_1_115' title='bbox 973 1313 1271 1384; x_wconf 86' lang='lat' dir='ltr'><strong>Scripturis</strong></span> <span class='ocrx_word' id='word_1_116' title='bbox 1311 1313 1568 1385; x_wconf 74' lang='lat' dir='ltr'><strong>colligens</strong></span> <span class='ocrx_word' id='word_1_117' title='bbox 1599 1313 1922 1382; x_wconf 84' lang='lat' dir='ltr'><strong>ejuscemodi</strong></span> <span class='ocrx_word' id='word_1_118' title='bbox 1957 1316 2046 1369; x_wconf 81' lang='lat' dir='ltr'><strong>de—</strong></span> 
     </span>
    </p>
   </div>
   <div class='ocr_carea' id='block_1_19' title="bbox 2778 803 3093 856">
    <p class='ocr_par' dir='ltr' id='par_1_19' title="bbox 2778 803 3093 856">
     <span class='ocr_line' id='line_1_19' title="bbox 2778 803 3093 856; baseline 0.006 -2"><span class='ocrx_word' id='word_1_119' title='bbox 2778 803 2936 854; x_wconf 80' lang='grc' dir='ltr'>ΚΕΦ.</span> <span class='ocrx_word' id='word_1_120' title='bbox 2969 803 3093 856; x_wconf 78' lang='lat' dir='ltr'><strong>KA&#39;.</strong></span> 
     </span>
    </p>
   </div>
   <div class='ocr_carea' id='block_1_20' title="bbox 2147 886 3725 961">
    <p class='ocr_par' dir='ltr' id='par_1_20' title="bbox 2147 886 3725 961">
     <span class='ocr_line' id='line_1_20' title="bbox 2147 886 3725 961; baseline -0.002 -13"><span class='ocrx_word' id='word_1_121' title='bbox 2147 895 2349 960; x_wconf 82' lang='grc' dir='ltr'>Ὅπως</span> <span class='ocrx_word' id='word_1_122' title='bbox 2376 891 2731 961; x_wconf 79' lang='grc' dir='ltr'>Μάρκελλος</span> <span class='ocrx_word' id='word_1_123' title='bbox 2756 890 2883 956; x_wconf 82' lang='grc' dir='ltr'>τοῖς</span> <span class='ocrx_word' id='word_1_124' title='bbox 2901 893 3107 959; x_wconf 69' lang='grc' dir='ltr'>λόγοις</span> <span class='ocrx_word' id='word_1_125' title='bbox 3129 890 3239 961; x_wconf 71' lang='grc' dir='ltr'><strong>τοῦ</strong></span> <span class='ocrx_word' id='word_1_126' title='bbox 3267 890 3436 954; x_wconf 82' lang='grc' dir='ltr'><strong>Θεοῦ,</strong></span> <span class='ocrx_word' id='word_1_127' title='bbox 3461 886 3597 958; x_wconf 73' lang='grc' dir='ltr'>τοῖς</span> <span class='ocrx_word' id='word_1_128' title='bbox 3617 892 3725 945; x_wconf 76' lang='grc' dir='ltr'><strong>τῶν</strong></span> 
     </span>
    </p>
   </div>
   <div class='ocr_carea' id='block_1_21' title="bbox 2217 959 3725 1089">
    <p class='ocr_par' dir='ltr' id='par_1_21' title="bbox 2217 959 3725 1089">
     <span class='ocr_line' id='line_1_21' title="bbox 2217 959 3725 1089; baseline -0.001 -71"><span class='ocrx_word' id='word_1_129' title='bbox 2217 959 2527 1089; x_wconf 57' lang='grc' dir='ltr'>ἔρακτιῗων</span> <span class='ocrx_word' id='word_1_130' title='bbox 2558 961 3054 1031; x_wconf 78' lang='grc' dir='ltr'>παραγγελτικοῐς</span> <span class='ocrx_word' id='word_1_131' title='bbox 3078 959 3187 1014; x_wconf 85' lang='grc' dir='ltr'>τὸν</span> <span class='ocrx_word' id='word_1_132' title='bbox 3207 961 3515 1032; x_wconf 75' lang='grc' dir='ltr'>μονογενῆ</span> <span class='ocrx_word' id='word_1_133' title='bbox 3538 963 3725 1032; x_wconf 70' lang='grc' dir='ltr'>Λόγον</span> 
     </span>
     <span class='ocr_line' id='line_1_22' title="bbox 2262 1051 2542 1089; baseline -0.011 0"><span class='ocrx_word' id='word_1_134' title='bbox 2262 1051 2423 1089; x_wconf 70' lang='lat' dir='ltr'><strong>cequ</strong></span> <span class='ocrx_word' id='word_1_135' title='bbox 2451 1051 2542 1087; x_wconf 91' lang='grc' dir='ltr'><strong>ου.</strong></span> 
     </span>
    </p>
   </div>
   <div class='ocr_carea' id='block_1_22' title="bbox 2218 1051 3728 1197">
    <p class='ocr_par' dir='ltr' id='par_1_22' title="bbox 2218 1051 3728 1197">
     <span class='ocr_line' id='line_1_23' title="bbox 2218 1051 2542 1104; baseline -0.009 -15"><span class='ocrx_word' id='word_1_136' title='bbox 2218 1051 2542 1104; x_wconf 72' lang='grc' dir='ltr'>αφωμοιου.</span> 
     </span>
     <span class='ocr_line' id='line_1_24' title="bbox 2218 1114 3728 1197; baseline -0.003 -17"><span class='ocrx_word' id='word_1_137' title='bbox 2218 1125 2329 1197; x_wconf 86' lang='grc'>(56)</span> <span class='ocrx_word' id='word_1_138' title='bbox 2372 1123 2438 1178; x_wconf 83' lang='grc' dir='ltr'><strong>’Ὁ</strong></span> <span class='ocrx_word' id='word_1_139' title='bbox 2467 1123 2778 1196; x_wconf 79' lang='grc' dir='ltr'><strong>Θαυμαστὸς</strong></span> <span class='ocrx_word' id='word_1_140' title='bbox 2801 1114 2957 1188; x_wconf 75' lang='grc' dir='ltr'>οὗτος</span> <span class='ocrx_word' id='word_1_141' title='bbox 2979 1122 3090 1177; x_wconf 90' lang='grc' dir='ltr'><strong>τῶν</strong></span> <span class='ocrx_word' id='word_1_142' title='bbox 3119 1121 3354 1194; x_wconf 80' lang='grc' dir='ltr'>Χριστοῦ</span> <span class='ocrx_word' id='word_1_143' title='bbox 3376 1123 3558 1193; x_wconf 81' lang='grc' dir='ltr'>λόγων</span> <span class='ocrx_word' id='word_1_144' title='bbox 3589 1124 3728 1178; x_wconf 72' lang='grc' dir='ltr'><strong>διδά-</strong></span> 
     </span>
    </p>
   </div>
   <div class='ocr_carea' id='block_1_23' title="bbox 2149 1213 3731 1286">
    <p class='ocr_par' dir='ltr' id='par_1_23' title="bbox 2149 1213 3731 1286">
     <span class='ocr_line' id='line_1_25' title="bbox 2149 1213 3731 1286; baseline -0.004 -15"><span class='ocrx_word' id='word_1_145' title='bbox 2149 1217 2370 1282; x_wconf 88' lang='grc' dir='ltr'>σκαλος,</span> <span class='ocrx_word' id='word_1_146' title='bbox 2395 1216 2497 1280; x_wconf 86' lang='grc' dir='ltr'>τὰς</span> <span class='ocrx_word' id='word_1_147' title='bbox 2533 1214 2754 1279; x_wconf 78' lang='grc' dir='ltr'>ἐντολὰς</span> <span class='ocrx_word' id='word_1_148' title='bbox 2791 1214 2883 1269; x_wconf 87' lang='grc' dir='ltr'><strong>τοῦ</strong></span> <span class='ocrx_word' id='word_1_149' title='bbox 2911 1213 3066 1279; x_wconf 85' lang='grc' dir='ltr'>Θεοῦ,</span> <span class='ocrx_word' id='word_1_150' title='bbox 3093 1215 3186 1268; x_wconf 72' lang='grc' dir='ltr'><strong>καὶ</strong></span> <span class='ocrx_word' id='word_1_151' title='bbox 3214 1215 3340 1279; x_wconf 82' lang='grc' dir='ltr'>τοὺς</span> <span class='ocrx_word' id='word_1_152' title='bbox 3365 1215 3731 1286; x_wconf 83' lang='grc' dir='ltr'>παραγγελτι-</span> 
     </span>
    </p>
   </div>
   <div class='ocr_carea' id='block_1_24' title="bbox 2146 1302 3734 1380">
    <p class='ocr_par' dir='ltr' id='par_1_24' title="bbox 2146 1302 3734 1380">
     <span class='ocr_line' id='line_1_26' title="bbox 2146 1302 3734 1380; baseline -0.004 -16"><span class='ocrx_word' id='word_1_153' title='bbox 2146 1310 2280 1373; x_wconf 81' lang='grc' dir='ltr'>κοὺς</span> <span class='ocrx_word' id='word_1_154' title='bbox 2318 1310 2426 1362; x_wconf 85' lang='grc' dir='ltr'><strong>τῶν</strong></span> <span class='ocrx_word' id='word_1_155' title='bbox 2451 1307 2738 1380; x_wconf 82' lang='grc' dir='ltr'><strong>πρακτέων</strong></span> <span class='ocrx_word' id='word_1_156' title='bbox 2761 1306 2972 1377; x_wconf 83' lang='grc' dir='ltr'><strong>λόγους,</strong></span> <span class='ocrx_word' id='word_1_157' title='bbox 2997 1307 3104 1361; x_wconf 80' lang='grc' dir='ltr'>ἀπὸ</span> <span class='ocrx_word' id='word_1_158' title='bbox 3124 1307 3222 1377; x_wconf 81' lang='grc' dir='ltr'>τῆς</span> <span class='ocrx_word' id='word_1_159' title='bbox 3247 1302 3396 1368; x_wconf 85' lang='grc' dir='ltr'>θείας</span> <span class='ocrx_word' id='word_1_160' title='bbox 3414 1305 3734 1375; x_wconf 80' lang='grc' dir='ltr'>συναγαγὼν</span> 
     </span>
    </p>
   </div>
   <div class='ocr_carea' id='block_1_25' title="bbox 469 1397 2050 1475">
    <p class='ocr_par' dir='ltr' id='par_1_25' title="bbox 469 1403 2046 1475">
     <span class='ocr_line' id='line_1_27' title="bbox 469 1403 2046 1475; baseline -0.003 -13"><span class='ocrx_word' id='word_1_161' title='bbox 469 1408 695 1474; x_wconf 90' lang='lat' dir='ltr'><strong>scribit,</strong></span> <span class='ocrx_word' id='word_1_162' title='bbox 741 1405 894 1473; x_wconf 86' lang='lat' dir='ltr'><strong>Quod</strong></span> <span class='ocrx_word' id='word_1_163' title='bbox 940 1406 996 1460; x_wconf 87' lang='lat' dir='ltr'><strong>in</strong></span> <span class='ocrx_word' id='word_1_164' title='bbox 1033 1406 1295 1475; x_wconf 82' lang='lat' dir='ltr'><strong>principio</strong></span> <span class='ocrx_word' id='word_1_165' title='bbox 1344 1415 1455 1459; x_wconf 85' lang='lat' dir='ltr'><strong>erat</strong></span> <span class='ocrx_word' id='word_1_166' title='bbox 1513 1403 1766 1459; x_wconf 82' lang='lat' dir='ltr'><strong>Verbum.</strong></span> <span class='ocrx_word' id='word_1_167' title='bbox 1813 1406 2046 1459; x_wconf 84' lang='lat' dir='ltr'><strong>Attende</strong></span> 
     </span>
    </p>
   </div>
   <div class='ocr_carea' id='block_1_26' title="bbox 2161 1397 3729 1475">
    <p class='ocr_par' dir='ltr' id='par_1_26' title="bbox 2161 1397 3729 1473">
     <span class='ocr_line' id='line_1_28' title="bbox 2161 1397 3729 1473; baseline -0.003 -19"><span class='ocrx_word' id='word_1_168' title='bbox 2161 1400 2392 1473; x_wconf 79' lang='grc' dir='ltr'>Γραφῆς,</span> <span class='ocrx_word' id='word_1_169' title='bbox 2419 1400 2659 1453; x_wconf 87' lang='grc' dir='ltr'>τοιοῦτόν</span> <span class='ocrx_word' id='word_1_170' title='bbox 2682 1416 2804 1453; x_wconf 86' lang='grc' dir='ltr'>τινα</span> <span class='ocrx_word' id='word_1_171' title='bbox 2829 1398 3080 1471; x_wconf 85' lang='grc' dir='ltr'>ὁρίζεται</span> <span class='ocrx_word' id='word_1_172' title='bbox 3111 1399 3202 1452; x_wconf 85' lang='grc' dir='ltr'><strong>τὸν</strong></span> <span class='ocrx_word' id='word_1_173' title='bbox 3229 1398 3300 1452; x_wconf 80' lang='grc' dir='ltr'>ἐν</span> <span class='ocrx_word' id='word_1_174' title='bbox 3329 1397 3489 1468; x_wconf 71' lang='grc' dir='ltr'><strong>ἀρχῇ</strong></span> <span class='ocrx_word' id='word_1_175' title='bbox 3516 1399 3729 1467; x_wconf 70' lang='grc' dir='ltr'>Λόγον.</span> 
     </span>
    </p>
   </div>
   <div class='ocr_carea' id='block_1_27' title="bbox 469 1495 2044 1566">
    <p class='ocr_par' dir='ltr' id='par_1_27' title="bbox 469 1495 2044 1566">
     <span class='ocr_line' id='line_1_29' title="bbox 469 1495 2044 1566; baseline -0.001 -15"><span class='ocrx_word' id='word_1_176' title='bbox 469 1505 674 1561; x_wconf 90' lang='lat' dir='ltr'><strong>autem,</strong></span> <span class='ocrx_word' id='word_1_177' title='bbox 713 1496 985 1566; x_wconf 88' lang='lat' dir='ltr'><strong>quomodo</strong></span> <span class='ocrx_word' id='word_1_178' title='bbox 1018 1496 1119 1552; x_wconf 93' lang='lat' dir='ltr'><strong>boc</strong></span> <span class='ocrx_word' id='word_1_179' title='bbox 1157 1496 1274 1551; x_wconf 86' lang='lat' dir='ltr'><strong>vult</strong></span> <span class='ocrx_word' id='word_1_180' title='bbox 1310 1496 1580 1564; x_wconf 89' lang='lat' dir='ltr'><strong>probare:</strong></span> <span class='ocrx_word' id='word_1_181' title='bbox 1633 1495 1823 1550; x_wconf 85' lang='lat' dir='ltr'><strong>scribit</strong></span> <span class='ocrx_word' id='word_1_182' title='bbox 1858 1504 2044 1549; x_wconf 87' lang='lat' dir='ltr'><strong>autem</strong></span> 
     </span>
    </p>
   </div>
   <div class='ocr_carea' id='block_1_28' title="bbox 473 1588 2048 1662">
    <p class='ocr_par' dir='ltr' id='par_1_28' title="bbox 473 1588 2048 1662">
     <span class='ocr_line' id='line_1_30' title="bbox 473 1588 2048 1662; baseline -0.001 -18"><span class='ocrx_word' id='word_1_183' title='bbox 473 1589 566 1662; x_wconf 68' lang='grc' dir='ltr'>[Ρι.</span> <span class='ocrx_word' id='word_1_184' title='bbox 597 1588 733 1660; x_wconf 76' lang='lat' dir='ltr'><strong>XLI]</strong></span> <span class='ocrx_word' id='word_1_185' title='bbox 759 1610 774 1645; x_wconf 89' lang='lat'><strong>:</strong></span> <span class='ocrx_word' id='word_1_186' title='bbox 799 1589 998 1644; x_wconf 83' lang='lat' dir='ltr'><strong>Eorum</strong></span> <span class='ocrx_word' id='word_1_187' title='bbox 1026 1593 1084 1652; x_wconf 59' lang='grc'><strong>»14</strong></span> <span class='ocrx_word' id='word_1_188' title='bbox 1107 1589 1357 1644; x_wconf 89' lang='lat' dir='ltr'><strong>doctores</strong></span> <span class='ocrx_word' id='word_1_189' title='bbox 1387 1602 1508 1643; x_wconf 91' lang='lat' dir='ltr'><strong>cum</strong></span> <span class='ocrx_word' id='word_1_190' title='bbox 1528 1597 1734 1642; x_wconf 88' lang='lat' dir='ltr'><strong>tantum</strong></span> <span class='ocrx_word' id='word_1_191' title='bbox 1761 1602 1866 1642; x_wconf 91' lang='lat' dir='ltr'><strong>non</strong></span> <span class='ocrx_word' id='word_1_192' title='bbox 1894 1600 2048 1642; x_wconf 86' lang='lat' dir='ltr'><strong>vere-</strong></span> 
     </span>
    </p>
   </div>
   <div class='ocr_carea' id='block_1_29' title="bbox 471 1677 2044 1747">
    <p class='ocr_par' dir='ltr' id='par_1_29' title="bbox 471 1677 2044 1747">
     <span class='ocr_line' id='line_1_31' title="bbox 471 1677 2044 1747; baseline -0.002 -12"><span class='ocrx_word' id='word_1_193' title='bbox 471 1689 662 1735; x_wconf 83' lang='lat' dir='ltr'><strong>rentur</strong></span> <span class='ocrx_word' id='word_1_194' title='bbox 691 1678 1020 1734; x_wconf 89' lang='lat' dir='ltr'><strong>menlionem</strong></span> <span class='ocrx_word' id='word_1_195' title='bbox 1062 1677 1222 1733; x_wconf 82' lang='lat' dir='ltr'><strong>Verbi</strong></span> <span class='ocrx_word' id='word_1_196' title='bbox 1253 1678 1434 1732; x_wconf 78' lang='lat' dir='ltr'><strong>facere</strong></span> <span class='ocrx_word' id='word_1_197' title='bbox 1453 1718 1468 1744; x_wconf 91' lang='lat'><strong>,</strong></span> <span class='ocrx_word' id='word_1_198' title='bbox 1499 1677 1640 1747; x_wconf 90' lang='lat' dir='ltr'><strong>quod</strong></span> <span class='ocrx_word' id='word_1_199' title='bbox 1656 1677 1730 1730; x_wconf 64' lang='lat' dir='ltr'><strong>‘ad</strong></span> <span class='ocrx_word' id='word_1_200' title='bbox 1758 1678 1897 1732; x_wconf 92' lang='lat' dir='ltr'><strong>hunc</strong></span> <span class='ocrx_word' id='word_1_201' title='bbox 1927 1691 2044 1732; x_wconf 91' lang='lat' dir='ltr'><strong>mo-</strong></span> 
     </span>
    </p>
   </div>
   <div class='ocr_carea' id='block_1_30' title="bbox 2158 1490 3735 1561">
    <p class='ocr_par' dir='ltr' id='par_1_30' title="bbox 2158 1490 3735 1561">
     <span class='ocr_line' id='line_1_32' title="bbox 2158 1490 3735 1561; baseline -0.002 -15"><span class='ocrx_word' id='word_1_202' title='bbox 2158 1493 2490 1547; x_wconf 84' lang='grc' dir='ltr'>Ἐπάκουσον</span> <span class='ocrx_word' id='word_1_203' title='bbox 2521 1491 2600 1556; x_wconf 80' lang='grc' dir='ltr'><strong>δὲ,</strong></span> <span class='ocrx_word' id='word_1_204' title='bbox 2632 1493 2780 1555; x_wconf 83' lang='grc' dir='ltr'>ὅπως</span> <span class='ocrx_word' id='word_1_205' title='bbox 2805 1490 2980 1544; x_wconf 88' lang='grc' dir='ltr'>ταῦτα</span> <span class='ocrx_word' id='word_1_206' title='bbox 3010 1491 3263 1561; x_wconf 76' lang='grc' dir='ltr'>συνιστᾷν</span> <span class='ocrx_word' id='word_1_207' title='bbox 3298 1491 3584 1560; x_wconf 79' lang='grc' dir='ltr'>πειρᾶται,</span> <span class='ocrx_word' id='word_1_208' title='bbox 3615 1490 3735 1544; x_wconf 80' lang='grc' dir='ltr'>τοῦ-</span> 
     </span>
    </p>
   </div>
   <div class='ocr_carea' id='block_1_31' title="bbox 2146 1581 3736 1656">
    <p class='ocr_par' dir='ltr' id='par_1_31' title="bbox 2146 1581 3736 1656">
     <span class='ocr_line' id='line_1_33' title="bbox 2146 1581 3736 1656; baseline -0.001 -19"><span class='ocrx_word' id='word_1_209' title='bbox 2146 1602 2239 1638; x_wconf 91' lang='grc' dir='ltr'><strong>τον</strong></span> <span class='ocrx_word' id='word_1_210' title='bbox 2261 1583 2490 1656; x_wconf 86' lang='grc' dir='ltr'>γράφων</span> <span class='ocrx_word' id='word_1_211' title='bbox 2514 1582 2606 1637; x_wconf 82' lang='grc' dir='ltr'><strong>τὸν</strong></span> <span class='ocrx_word' id='word_1_212' title='bbox 2633 1582 2854 1654; x_wconf 84' lang='grc' dir='ltr'>τρόπον·</span> <span class='ocrx_word' id='word_1_213' title='bbox 2897 1581 3018 1635; x_wconf 84' lang='grc' dir='ltr'><strong>Τῶν</strong></span> <span class='ocrx_word' id='word_1_214' title='bbox 3046 1582 3104 1635; x_wconf 83' lang='grc' dir='ltr'><strong>δὲ</strong></span> <span class='ocrx_word' id='word_1_215' title='bbox 3138 1582 3501 1636; x_wconf 75' lang='grc' dir='ltr'>διδασκόντων</span> <span class='ocrx_word' id='word_1_216' title='bbox 3532 1583 3736 1648; x_wconf 80' lang='grc' dir='ltr'>αὐτοὺς</span> 
     </span>
    </p>
   </div>
   <div class='ocr_carea' id='block_1_32' title="bbox 2149 1673 3737 1747">
    <p class='ocr_par' dir='ltr' id='par_1_32' title="bbox 2149 1673 3737 1747">
     <span class='ocr_line' id='line_1_34' title="bbox 2149 1673 3737 1747; baseline -0.001 -18"><span class='ocrx_word' id='word_1_217' title='bbox 2149 1675 2339 1747; x_wconf 79' lang='grc' dir='ltr'>ὥσπερ</span> <span class='ocrx_word' id='word_1_218' title='bbox 2375 1673 2711 1746; x_wconf 80' lang='grc' dir='ltr'>αἰδουμένων</span> <span class='ocrx_word' id='word_1_219' title='bbox 2749 1675 2861 1746; x_wconf 81' lang='grc'>(57)</span> <span class='ocrx_word' id='word_1_220' title='bbox 2916 1675 3226 1746; x_wconf 84' lang='grc' dir='ltr'>μεμνῆσθαι</span> <span class='ocrx_word' id='word_1_221' title='bbox 3280 1674 3376 1728; x_wconf 85' lang='grc' dir='ltr'><strong>τοῦ</strong></span> <span class='ocrx_word' id='word_1_222' title='bbox 3425 1675 3626 1744; x_wconf 80' lang='grc' dir='ltr'>Λόγου,</span> <span class='ocrx_word' id='word_1_223' title='bbox 3678 1676 3737 1728; x_wconf 78' lang='grc' dir='ltr'>ὃν</span> 
     </span>
    </p>
   </div>
   <div class='ocr_carea' id='block_1_33' title="bbox 471 1767 2050 1841">
    <p class='ocr_par' dir='ltr' id='par_1_33' title="bbox 471 1767 2047 1839">
     <span class='ocr_line' id='line_1_35' title="bbox 471 1767 2047 1839; baseline -0.002 -14"><span class='ocrx_word' id='word_1_224' title='bbox 471 1771 598 1825; x_wconf 89' lang='lat' dir='ltr'><strong>dum</strong></span> <span class='ocrx_word' id='word_1_225' title='bbox 623 1783 809 1825; x_wconf 89' lang='lat' dir='ltr'><strong>omnes</strong></span> <span class='ocrx_word' id='word_1_226' title='bbox 849 1769 1042 1824; x_wconf 67' lang='lat' dir='ltr'><strong>divinas</strong></span> <span class='ocrx_word' id='word_1_227' title='bbox 1073 1768 1367 1839; x_wconf 73' lang='lat' dir='ltr'><strong>Scriptum</strong></span> <span class='ocrx_word' id='word_1_228' title='bbox 1391 1769 1707 1830; x_wconf 62' lang='lat' dir='ltr'><strong>praedicant.</strong></span> <span class='ocrx_word' id='word_1_229' title='bbox 1729 1767 1879 1823; x_wconf 85' lang='lat' dir='ltr'><strong>Unus</strong></span> <span class='ocrx_word' id='word_1_230' title='bbox 1903 1768 2047 1822; x_wconf 90' lang='lat' dir='ltr'><strong>enim</strong></span> 
     </span>
    </p>
   </div>
   <div class='ocr_carea' id='block_1_34' title="bbox 2161 1767 3736 1841">
    <p class='ocr_par' dir='ltr' id='par_1_34' title="bbox 2161 1767 3736 1841">
     <span class='ocr_line' id='line_1_36' title="bbox 2161 1767 3736 1841; baseline 0 -19"><span class='ocrx_word' id='word_1_231' title='bbox 2161 1767 2294 1822; x_wconf 72' lang='grc' dir='ltr'>οὕτω</span> <span class='ocrx_word' id='word_1_232' title='bbox 2327 1770 2496 1823; x_wconf 85' lang='grc' dir='ltr'>πᾶσαι</span> <span class='ocrx_word' id='word_1_233' title='bbox 2525 1769 2582 1821; x_wconf 89' lang='grc' dir='ltr'>αἱ</span> <span class='ocrx_word' id='word_1_234' title='bbox 2605 1767 2746 1822; x_wconf 83' lang='grc' dir='ltr'>θεῖαι</span> <span class='ocrx_word' id='word_1_235' title='bbox 2784 1768 3112 1839; x_wconf 84' lang='grc' dir='ltr'>κηρύττουσι</span> <span class='ocrx_word' id='word_1_236' title='bbox 3144 1768 3390 1840; x_wconf 85' lang='grc' dir='ltr'>Γραφαί·</span> <span class='ocrx_word' id='word_1_237' title='bbox 3428 1771 3458 1822; x_wconf 88' lang='grc' dir='ltr'><strong>ὁ</strong></span> <span class='ocrx_word' id='word_1_238' title='bbox 3489 1768 3593 1840; x_wconf 82' lang='grc' dir='ltr'><strong>μὲν</strong></span> <span class='ocrx_word' id='word_1_239' title='bbox 3625 1769 3736 1841; x_wconf 80' lang='grc' dir='ltr'>γὰρ</span> 
     </span>
    </p>
   </div>
   <div class='ocr_carea' id='block_1_35' title="bbox 471 1859 2048 1927">
    <p class='ocr_par' dir='ltr' id='par_1_35' title="bbox 471 1859 2048 1927">
     <span class='ocr_line' id='line_1_37' title="bbox 471 1859 2048 1927; baseline -0.003 -11"><span class='ocrx_word' id='word_1_240' title='bbox 471 1861 626 1926; x_wconf 88' lang='lat' dir='ltr'><strong>dicit,</strong></span> <span class='ocrx_word' id='word_1_241' title='bbox 663 1859 829 1915; x_wconf 83' lang='lat' dir='ltr'><strong>Verbo</strong></span> <span class='ocrx_word' id='word_1_242' title='bbox 856 1861 1069 1915; x_wconf 87' lang='lat' dir='ltr'><strong>Domini</strong></span> <span class='ocrx_word' id='word_1_243' title='bbox 1108 1861 1309 1927; x_wconf 83' lang='lat' dir='ltr'><strong>ﬁrmati</strong></span> <span class='ocrx_word' id='word_1_244' title='bbox 1334 1869 1454 1914; x_wconf 79' lang='lat' dir='ltr'><strong>sunt</strong></span> <span class='ocrx_word' id='word_1_245' title='bbox 1483 1859 1684 1914; x_wconf 66' lang='lat' dir='ltr'><strong>caeli”.</strong></span> <span class='ocrx_word' id='word_1_246' title='bbox 1717 1860 1782 1914; x_wconf 87' lang='lat' dir='ltr'><strong>Et</strong></span> <span class='ocrx_word' id='word_1_247' title='bbox 1831 1859 2048 1925; x_wconf 87' lang='lat' dir='ltr'><strong>iterum,</strong></span> 
     </span>
    </p>
   </div>
   <div class='ocr_carea' id='block_1_36' title="bbox 2151 1857 3737 1932">
    <p class='ocr_par' dir='ltr' id='par_1_36' title="bbox 2151 1857 3737 1932">
     <span class='ocr_line' id='line_1_38' title="bbox 2151 1857 3737 1932; baseline -0.001 -18"><span class='ocrx_word' id='word_1_248' title='bbox 2151 1860 2280 1932; x_wconf 77' lang='grc' dir='ltr'>περὶ</span> <span class='ocrx_word' id='word_1_249' title='bbox 2305 1859 2471 1914; x_wconf 80' lang='grc' dir='ltr'>αὐτοῦ</span> <span class='ocrx_word' id='word_1_250' title='bbox 2494 1859 2663 1928; x_wconf 81' lang='grc' dir='ltr'>λέγει·</span> <span class='ocrx_word' id='word_1_251' title='bbox 2694 1858 2786 1925; x_wconf 80' lang='grc' dir='ltr'><strong><em>Τῷ</em></strong></span> <span class='ocrx_word' id='word_1_252' title='bbox 2808 1859 2970 1928; x_wconf 75' lang='grc' dir='ltr'>λόγῳ</span> <span class='ocrx_word' id='word_1_253' title='bbox 2991 1857 3212 1927; x_wconf 82' lang='grc' dir='ltr'>Κυρίου</span> <span class='ocrx_word' id='word_1_254' title='bbox 3233 1863 3287 1913; x_wconf 84' lang='grc' dir='ltr'>οἱ</span> <span class='ocrx_word' id='word_1_255' title='bbox 3303 1861 3546 1928; x_wconf 71' lang='grc' dir='ltr'>οὐρανοὶ</span> <span class='ocrx_word' id='word_1_256' title='bbox 3570 1861 3737 1914; x_wconf 83' lang='grc' dir='ltr'>ἐστε-</span> 
     </span>
    </p>
   </div>
   <div class='ocr_carea' id='block_1_37' title="bbox 473 1945 2050 2020">
    <p class='ocr_par' dir='ltr' id='par_1_37' title="bbox 473 1950 2049 2019">
     <span class='ocr_line' id='line_1_39' title="bbox 473 1950 2049 2019; baseline -0.001 -11"><span class='ocrx_word' id='word_1_257' title='bbox 473 1950 666 2008; x_wconf 78' lang='lat' dir='ltr'><strong>Emisit</strong></span> <span class='ocrx_word' id='word_1_258' title='bbox 683 1952 917 2010; x_wconf 80' lang='lat' dir='ltr'><strong>Verbum</strong></span> <span class='ocrx_word' id='word_1_259' title='bbox 941 1971 1096 2009; x_wconf 79' lang='lat' dir='ltr'><strong>suum</strong></span> <span class='ocrx_word' id='word_1_260' title='bbox 1117 1963 1166 2008; x_wconf 86' lang='lat' dir='ltr'><strong>et</strong></span> <span class='ocrx_word' id='word_1_261' title='bbox 1190 1955 1393 2008; x_wconf 76' lang='lat' dir='ltr'><strong>sanavit</strong></span> <span class='ocrx_word' id='word_1_262' title='bbox 1415 1955 1570 2008; x_wconf 71' lang='lat' dir='ltr'><strong>eos&quot;.</strong></span> <span class='ocrx_word' id='word_1_263' title='bbox 1593 1954 1660 2007; x_wconf 90' lang='lat' dir='ltr'><strong>Et</strong></span> <span class='ocrx_word' id='word_1_264' title='bbox 1681 1952 1936 2008; x_wconf 82' lang='lat' dir='ltr'><strong>Salomon</strong></span> <span class='ocrx_word' id='word_1_265' title='bbox 1955 1952 2049 2019; x_wconf 89' lang='lat' dir='ltr'><strong>ait,</strong></span> 
     </span>
    </p>
   </div>
   <div class='ocr_carea' id='block_1_38' title="bbox 2161 1945 3737 2020">
    <p class='ocr_par' dir='ltr' id='par_1_38' title="bbox 2161 1945 3737 2019">
     <span class='ocr_line' id='line_1_40' title="bbox 2161 1945 3737 2019; baseline 0 -15"><span class='ocrx_word' id='word_1_266' title='bbox 2161 1949 2461 2019; x_wconf 79' lang='grc' dir='ltr'>οεώθησαν</span> <span class='ocrx_word' id='word_1_267' title='bbox 2480 1968 2494 1982; x_wconf 87' lang='grc'>·</span> <span class='ocrx_word' id='word_1_268' title='bbox 2549 1945 2706 2014; x_wconf 81' lang='grc' dir='ltr'>αὖθίς</span> <span class='ocrx_word' id='word_1_269' title='bbox 2751 1967 2811 2004; x_wconf 89' lang='grc' dir='ltr'><strong>τε</strong></span> <span class='ocrx_word' id='word_1_270' title='bbox 2858 1953 2888 2004; x_wconf 91' lang='grc' dir='ltr'><strong>ὁ</strong></span> <span class='ocrx_word' id='word_1_271' title='bbox 2931 1950 3119 2014; x_wconf 81' lang='grc' dir='ltr'>αὐτὸς,</span> <span class='ocrx_word' id='word_1_272' title='bbox 3159 1950 3590 2016; x_wconf 75' lang='grc' dir='ltr'>Ἐξαπέστειλε</span> <span class='ocrx_word' id='word_1_273' title='bbox 3633 1955 3737 2005; x_wconf 81' lang='grc' dir='ltr'>τὸν</span> 
     </span>
    </p>
   </div>
   <div class='ocr_carea' id='block_1_39' title="bbox 473 2043 2050 2114">
    <p class='ocr_par' dir='ltr' id='par_1_39' title="bbox 473 2043 2050 2114">
     <span class='ocr_line' id='line_1_41' title="bbox 473 2043 2050 2114; baseline -0.003 -16"><span class='ocrx_word' id='word_1_274' title='bbox 473 2045 722 2111; x_wconf 73' lang='grc' dir='ltr'>ραωνεηε</span> <span class='ocrx_word' id='word_1_275' title='bbox 752 2061 833 2098; x_wconf 89' lang='lat' dir='ltr'><strong>me</strong></span> <span class='ocrx_word' id='word_1_276' title='bbox 871 2045 1115 2114; x_wconf 86' lang='lat' dir='ltr'><strong>improbi,</strong></span> <span class='ocrx_word' id='word_1_277' title='bbox 1155 2054 1202 2098; x_wconf 88' lang='lat' dir='ltr'><strong>et</strong></span> <span class='ocrx_word' id='word_1_278' title='bbox 1233 2059 1336 2097; x_wconf 88' lang='lat' dir='ltr'><strong>non</strong></span> <span class='ocrx_word' id='word_1_279' title='bbox 1379 2044 1637 2097; x_wconf 86' lang='lat' dir='ltr'><strong>invenient</strong></span> <span class='ocrx_word' id='word_1_280' title='bbox 1676 2058 1695 2096; x_wconf 91' lang='lat'><em>:</em></span> <span class='ocrx_word' id='word_1_281' title='bbox 1723 2043 1940 2096; x_wconf 85' lang='lat' dir='ltr'><strong>oderunt</strong></span> <span class='ocrx_word' id='word_1_282' title='bbox 1973 2055 2050 2096; x_wconf 88' lang='lat' dir='ltr'><strong>et-</strong></span> 
     </span>
    </p>
   </div>
   <div class='ocr_carea' id='block_1_40' title="bbox 473 2133 2047 2202">
    <p class='ocr_par' dir='ltr' id='par_1_40' title="bbox 473 2133 2047 2202">
     <span class='ocr_line' id='line_1_42' title="bbox 473 2133 2047 2202; baseline -0.001 -11"><span class='ocrx_word' id='word_1_283' title='bbox 473 2133 964 2202; x_wconf 71' lang='lat' dir='ltr'><strong>enim-sapientiam,</strong></span> <span class='ocrx_word' id='word_1_284' title='bbox 983 2145 1029 2188; x_wconf 91' lang='lat' dir='ltr'><strong>et</strong></span> <span class='ocrx_word' id='word_1_285' title='bbox 1056 2133 1282 2188; x_wconf 85' lang='lat' dir='ltr'><strong>Verbum</strong></span> <span class='ocrx_word' id='word_1_286' title='bbox 1305 2135 1514 2188; x_wconf 86' lang='lat' dir='ltr'><strong>Domini</strong></span> <span class='ocrx_word' id='word_1_287' title='bbox 1535 2150 1638 2188; x_wconf 92' lang='lat' dir='ltr'><strong>non</strong></span> <span class='ocrx_word' id='word_1_288' title='bbox 1659 2146 1964 2188; x_wconf 82' lang='lat' dir='ltr'><strong>curaverunt</strong></span> <span class='ocrx_word' id='word_1_289' title='bbox 1977 2135 2047 2190; x_wconf 85' lang='lat'><strong>&quot;&quot;.</strong></span> 
     </span>
    </p>
   </div>
   <div class='ocr_carea' id='block_1_41' title="bbox 472 2219 2056 2297">
    <p class='ocr_par' dir='ltr' id='par_1_41' title="bbox 472 2219 2056 2297">
     <span class='ocr_line' id='line_1_43' title="bbox 472 2219 2056 2297; baseline -0.001 -15"><span class='ocrx_word' id='word_1_290' title='bbox 472 2227 638 2282; x_wconf 88' lang='lat' dir='ltr'><strong>Isaias</strong></span> <span class='ocrx_word' id='word_1_291' title='bbox 669 2241 933 2297; x_wconf 76' lang='lat' dir='ltr'><strong>quoque:</strong></span> <span class='ocrx_word' id='word_1_292' title='bbox 980 2226 1057 2280; x_wconf 90' lang='lat' dir='ltr'><strong>De</strong></span> <span class='ocrx_word' id='word_1_293' title='bbox 1091 2224 1223 2281; x_wconf 88' lang='lat' dir='ltr'><strong>Sion</strong></span> <span class='ocrx_word' id='word_1_294' title='bbox 1255 2219 1416 2280; x_wconf 78' lang='lat' dir='ltr'><strong>exibit</strong></span> <span class='ocrx_word' id='word_1_295' title='bbox 1451 2227 1555 2290; x_wconf 71' lang='lat' dir='ltr'><strong>lex,</strong></span> <span class='ocrx_word' id='word_1_296' title='bbox 1589 2235 1637 2278; x_wconf 88' lang='lat' dir='ltr'><strong>et</strong></span> <span class='ocrx_word' id='word_1_297' title='bbox 1685 2224 1908 2279; x_wconf 82' lang='lat' dir='ltr'><strong>Verbum</strong></span> <span class='ocrx_word' id='word_1_298' title='bbox 1955 2226 2056 2280; x_wconf 91' lang='lat' dir='ltr'><strong>Do-</strong></span> 
     </span>
    </p>
   </div>
   <div class='ocr_carea' id='block_1_42' title="bbox 472 2314 2050 2386">
    <p class='ocr_par' dir='ltr' id='par_1_42' title="bbox 472 2314 2050 2386">
     <span class='ocr_line' id='line_1_44' title="bbox 472 2314 2050 2386; baseline -0.002 -14"><span class='ocrx_word' id='word_1_299' title='bbox 472 2320 605 2372; x_wconf 83' lang='lat' dir='ltr'><strong>mini</strong></span> <span class='ocrx_word' id='word_1_300' title='bbox 648 2319 712 2372; x_wconf 86' lang='lat' dir='ltr'><strong>de</strong></span> <span class='ocrx_word' id='word_1_301' title='bbox 739 2316 1032 2374; x_wconf 73' lang='lat' dir='ltr'><strong>Jerusalem</strong></span> <span class='ocrx_word' id='word_1_302' title='bbox 1054 2318 1123 2375; x_wconf 75' lang='grc'><strong>⁷⁸.</strong></span> <span class='ocrx_word' id='word_1_303' title='bbox 1171 2317 1236 2371; x_wconf 88' lang='lat' dir='ltr'><strong>Et</strong></span> <span class='ocrx_word' id='word_1_304' title='bbox 1277 2315 1562 2382; x_wconf 83' lang='lat' dir='ltr'><strong>Jeremias,</strong></span> <span class='ocrx_word' id='word_1_305' title='bbox 1617 2314 1896 2386; x_wconf 80' lang='lat' dir='ltr'><strong>Pudefacli</strong></span> <span class='ocrx_word' id='word_1_306' title='bbox 1931 2325 2050 2370; x_wconf 77' lang='lat' dir='ltr'><strong>sunt</strong></span> 
     </span>
    </p>
   </div>
   <div class='ocr_carea' id='block_1_43' title="bbox 472 2409 2050 2479">
    <p class='ocr_par' dir='ltr' id='par_1_43' title="bbox 472 2409 2050 2479">
     <span class='ocr_line' id='line_1_45' title="bbox 472 2409 2050 2479; baseline 0 -17"><span class='ocrx_word' id='word_1_307' title='bbox 472 2412 753 2478; x_wconf 77' lang='lat' dir='ltr'><strong>sapientes,</strong></span> <span class='ocrx_word' id='word_1_308' title='bbox 789 2419 838 2464; x_wconf 89' lang='lat' dir='ltr'><strong>et</strong></span> <span class='ocrx_word' id='word_1_309' title='bbox 900 2409 1171 2478; x_wconf 80' lang='lat' dir='ltr'><strong>terrefacti</strong></span> <span class='ocrx_word' id='word_1_310' title='bbox 1228 2420 1374 2473; x_wconf 74' lang='lat' dir='ltr'><strong>sunt,</strong></span> <span class='ocrx_word' id='word_1_311' title='bbox 1424 2418 1474 2464; x_wconf 87' lang='lat' dir='ltr'><strong>et</strong></span> <span class='ocrx_word' id='word_1_312' title='bbox 1512 2409 1674 2463; x_wconf 83' lang='lat' dir='ltr'><strong>locuti</strong></span> <span class='ocrx_word' id='word_1_313' title='bbox 1726 2419 1866 2472; x_wconf 74' lang='lat' dir='ltr'><strong>sunt,</strong></span> <span class='ocrx_word' id='word_1_314' title='bbox 1915 2409 2050 2479; x_wconf 87' lang='lat' dir='ltr'><strong>quod</strong></span> 
     </span>
    </p>
   </div>
   <div class='ocr_carea' id='block_1_44' title="bbox 486 2496 2051 2569">
    <p class='ocr_par' dir='ltr' id='par_1_44' title="bbox 486 2496 2051 2569">
     <span class='ocr_line' id='line_1_46' title="bbox 486 2496 2051 2569; baseline 0.001 -18"><span class='ocrx_word' id='word_1_315' title='bbox 486 2496 708 2555; x_wconf 75' lang='lat' dir='ltr'><strong>Verbum</strong></span> <span class='ocrx_word' id='word_1_316' title='bbox 739 2500 949 2555; x_wconf 86' lang='lat' dir='ltr'><strong>Domini</strong></span> <span class='ocrx_word' id='word_1_317' title='bbox 974 2500 1268 2569; x_wconf 82' lang='lat' dir='ltr'><strong>rejecerunt</strong></span> <span class='ocrx_word' id='word_1_318' title='bbox 1291 2501 1359 2553; x_wconf 71' lang='grc'><strong>⁷⁸.</strong></span> <span class='ocrx_word' id='word_1_319' title='bbox 1398 2501 1466 2553; x_wconf 87' lang='grc' dir='ltr'>Ει</span> <span class='ocrx_word' id='word_1_320' title='bbox 1486 2499 1672 2564; x_wconf 82' lang='lat' dir='ltr'><strong>Oseas,</strong></span> <span class='ocrx_word' id='word_1_321' title='bbox 1731 2499 1968 2556; x_wconf 84' lang='lat' dir='ltr'><strong>Oderunt</strong></span> <span class='ocrx_word' id='word_1_322' title='bbox 1997 2501 2051 2552; x_wconf 88' lang='lat' dir='ltr'><strong>in</strong></span> 
     </span>
    </p>
   </div>
   <div class='ocr_carea' id='block_1_45' title="bbox 471 2590 2051 2662">
    <p class='ocr_par' dir='ltr' id='par_1_45' title="bbox 471 2590 2051 2662">
     <span class='ocr_line' id='line_1_47' title="bbox 471 2590 2051 2662; baseline -0.001 -16"><span class='ocrx_word' id='word_1_323' title='bbox 471 2593 640 2661; x_wconf 78' lang='lat' dir='ltr'><strong>portis</strong></span> <span class='ocrx_word' id='word_1_324' title='bbox 689 2593 1068 2662; x_wconf 77' lang='lat' dir='ltr'><strong>increpantem,</strong></span> <span class='ocrx_word' id='word_1_325' title='bbox 1123 2601 1170 2646; x_wconf 86' lang='lat' dir='ltr'><strong>et</strong></span> <span class='ocrx_word' id='word_1_326' title='bbox 1221 2593 1431 2646; x_wconf 83' lang='lat' dir='ltr'><strong>verbum</strong></span> <span class='ocrx_word' id='word_1_327' title='bbox 1481 2603 1718 2646; x_wconf 77' lang='lat' dir='ltr'><strong>sanctum</strong></span> <span class='ocrx_word' id='word_1_328' title='bbox 1761 2590 2051 2645; x_wconf 87' lang='lat' dir='ltr'><strong>abominati</strong></span> 
     </span>
    </p>
   </div>
   <div class='ocr_carea' id='block_1_46' title="bbox 473 2683 2048 2752">
    <p class='ocr_par' dir='ltr' id='par_1_46' title="bbox 473 2683 2048 2752">
     <span class='ocr_line' id='line_1_48' title="bbox 473 2683 2048 2752; baseline 0.001 -15"><span class='ocrx_word' id='word_1_329' title='bbox 473 2695 593 2737; x_wconf 76' lang='lat' dir='ltr'><strong>sunt</strong></span> <span class='ocrx_word' id='word_1_330' title='bbox 617 2683 687 2739; x_wconf 79' lang='lat'><strong>&quot;.</strong></span> <span class='ocrx_word' id='word_1_331' title='bbox 723 2683 982 2739; x_wconf 73' lang='lat' dir='ltr'><strong>Michaeas</strong></span> <span class='ocrx_word' id='word_1_332' title='bbox 1005 2684 1255 2739; x_wconf 86' lang='lat' dir='ltr'><strong>similiter</strong></span> <span class='ocrx_word' id='word_1_333' title='bbox 1278 2683 1439 2740; x_wconf 84' lang='lat' dir='ltr'><strong>Verbi</strong></span> <span class='ocrx_word' id='word_1_334' title='bbox 1481 2683 1748 2752; x_wconf 88' lang='lat' dir='ltr'><strong>meminit,</strong></span> <span class='ocrx_word' id='word_1_335' title='bbox 1779 2692 1840 2738; x_wconf 91' lang='lat' dir='ltr'><strong>ut</strong></span> <span class='ocrx_word' id='word_1_336' title='bbox 1863 2683 2048 2750; x_wconf 87' lang='lat' dir='ltr'><strong>Isaias,</strong></span> 
     </span>
    </p>
   </div>
   <div class='ocr_carea' id='block_1_47' title="bbox 475 2773 2052 2844">
    <p class='ocr_par' dir='ltr' id='par_1_47' title="bbox 475 2773 2052 2844">
     <span class='ocr_line' id='line_1_49' title="bbox 475 2773 2052 2844; baseline 0.001 -16"><span class='ocrx_word' id='word_1_337' title='bbox 475 2775 554 2829; x_wconf 90' lang='lat' dir='ltr'><strong>De</strong></span> <span class='ocrx_word' id='word_1_338' title='bbox 579 2773 732 2843; x_wconf 88' lang='lat' dir='ltr'><strong>Sion,</strong></span> <span class='ocrx_word' id='word_1_339' title='bbox 773 2775 1049 2844; x_wconf 77' lang='lat' dir='ltr'><strong>inquiens,</strong></span> <span class='ocrx_word' id='word_1_340' title='bbox 1095 2778 1254 2830; x_wconf 79' lang='lat' dir='ltr'><strong>exibit</strong></span> <span class='ocrx_word' id='word_1_341' title='bbox 1286 2777 1392 2839; x_wconf 69' lang='lat' dir='ltr'><strong>lex.</strong></span> <span class='ocrx_word' id='word_1_342' title='bbox 1423 2786 1472 2831; x_wconf 89' lang='lat' dir='ltr'><strong>et</strong></span> <span class='ocrx_word' id='word_1_343' title='bbox 1498 2775 1725 2831; x_wconf 82' lang='lat' dir='ltr'><strong>Verbum</strong></span> <span class='ocrx_word' id='word_1_344' title='bbox 1758 2777 1966 2831; x_wconf 84' lang='lat' dir='ltr'><strong>Domini</strong></span> <span class='ocrx_word' id='word_1_345' title='bbox 1989 2779 2052 2830; x_wconf 87' lang='lat' dir='ltr'><strong>de</strong></span> 
     </span>
    </p>
   </div>
   <div class='ocr_carea' id='block_1_48' title="bbox 473 2863 2052 2936">
    <p class='ocr_par' dir='ltr' id='par_1_48' title="bbox 473 2863 2052 2936">
     <span class='ocr_line' id='line_1_50' title="bbox 473 2863 2052 2936; baseline 0.001 -17"><span class='ocrx_word' id='word_1_346' title='bbox 473 2863 794 2921; x_wconf 74' lang='lat' dir='ltr'><strong>Jerusalem.</strong></span> <span class='ocrx_word' id='word_1_347' title='bbox 827 2867 962 2922; x_wconf 71' lang='lat' dir='ltr'><strong>1133c</strong></span> <span class='ocrx_word' id='word_1_348' title='bbox 987 2876 1270 2936; x_wconf 86' lang='lat' dir='ltr'><strong>postquam</strong></span> <span class='ocrx_word' id='word_1_349' title='bbox 1299 2877 1356 2922; x_wconf 89' lang='lat' dir='ltr'><strong>et</strong></span> <span class='ocrx_word' id='word_1_350' title='bbox 1407 2869 1493 2923; x_wconf 88' lang='lat' dir='ltr'><strong>bis</strong></span> <span class='ocrx_word' id='word_1_351' title='bbox 1533 2868 1728 2922; x_wconf 90' lang='lat' dir='ltr'><strong>similia</strong></span> <span class='ocrx_word' id='word_1_352' title='bbox 1759 2882 2052 2924; x_wconf 86' lang='lat' dir='ltr'><strong>coacerva-</strong></span> 
     </span>
    </p>
   </div>
   <div class='ocr_carea' id='block_1_49' title="bbox 473 2956 2046 3020">
    <p class='ocr_par' dir='ltr' id='par_1_49' title="bbox 473 2956 2046 3020">
     <span class='ocr_line' id='line_1_51' title="bbox 473 2956 2046 3020; baseline 0.002 -12"><span class='ocrx_word' id='word_1_353' title='bbox 473 2963 650 3020; x_wconf 87' lang='lat' dir='ltr'><strong>verat,</strong></span> <span class='ocrx_word' id='word_1_354' title='bbox 687 2956 1060 3012; x_wconf 89' lang='lat' dir='ltr'><strong>conﬁrmatam</strong></span> <span class='ocrx_word' id='word_1_355' title='bbox 1083 2972 1234 3012; x_wconf 89' lang='lat' dir='ltr'><strong>suam</strong></span> <span class='ocrx_word' id='word_1_356' title='bbox 1267 2967 1416 3013; x_wconf 89' lang='lat' dir='ltr'><strong>retur</strong></span> <span class='ocrx_word' id='word_1_357' title='bbox 1452 2957 1520 3011; x_wconf 89' lang='lat' dir='ltr'><strong>ab</strong></span> <span class='ocrx_word' id='word_1_358' title='bbox 1546 2957 1665 3012; x_wconf 87' lang='lat' dir='ltr'><strong>istis</strong></span> <span class='ocrx_word' id='word_1_359' title='bbox 1697 2959 2046 3013; x_wconf 87' lang='lat' dir='ltr'><strong>sententiam.</strong></span> 
     </span>
    </p>
   </div>
   <div class='ocr_carea' id='block_1_50' title="bbox 2151 2042 3735 2116">
    <p class='ocr_par' dir='ltr' id='par_1_50' title="bbox 2151 2042 3735 2116">
     <span class='ocr_line' id='line_1_52' title="bbox 2151 2042 3735 2116; baseline 0 -18"><span class='ocrx_word' id='word_1_360' title='bbox 2151 2044 2344 2112; x_wconf 73' lang='grc' dir='ltr'>Λόγον</span> <span class='ocrx_word' id='word_1_361' title='bbox 2371 2043 2582 2108; x_wconf 84' lang='grc' dir='ltr'>αὑτοῦ,</span> <span class='ocrx_word' id='word_1_362' title='bbox 2607 2043 2708 2097; x_wconf 81' lang='grc' dir='ltr'>καὶ</span> <span class='ocrx_word' id='word_1_363' title='bbox 2743 2042 2954 2097; x_wconf 82' lang='grc' dir='ltr'>ίάσατο</span> <span class='ocrx_word' id='word_1_364' title='bbox 2977 2044 3220 2110; x_wconf 73' lang='grc' dir='ltr'>αὐτούς.</span> <span class='ocrx_word' id='word_1_365' title='bbox 3239 2043 3490 2116; x_wconf 88' lang='grc' dir='ltr'>Σολομῶν</span> <span class='ocrx_word' id='word_1_366' title='bbox 3517 2043 3598 2107; x_wconf 83' lang='grc' dir='ltr'><strong>δὲ,</strong></span> <span class='ocrx_word' id='word_1_367' title='bbox 3623 2047 3735 2112; x_wconf 84' lang='grc' dir='ltr'><strong>Ζη-</strong></span> 
     </span>
    </p>
   </div>
   <div class='ocr_carea' id='block_1_51' title="bbox 2150 2132 3738 2206">
    <p class='ocr_par' dir='ltr' id='par_1_51' title="bbox 2150 2132 3738 2206">
     <span class='ocr_line' id='line_1_53' title="bbox 2150 2132 3738 2206; baseline 0.002 -18"><span class='ocrx_word' id='word_1_368' title='bbox 2150 2132 2412 2201; x_wconf 76' lang='grc' dir='ltr'>τήσουσί</span> <span class='ocrx_word' id='word_1_369' title='bbox 2428 2151 2505 2204; x_wconf 83' lang='grc' dir='ltr'>με</span> <span class='ocrx_word' id='word_1_370' title='bbox 2529 2135 2723 2198; x_wconf 76' lang='grc' dir='ltr'>κακοὶ,</span> <span class='ocrx_word' id='word_1_371' title='bbox 2749 2135 2847 2188; x_wconf 76' lang='grc' dir='ltr'>καὶ</span> <span class='ocrx_word' id='word_1_372' title='bbox 2875 2135 2988 2205; x_wconf 84' lang='grc' dir='ltr'><strong>οὐχ</strong></span> <span class='ocrx_word' id='word_1_373' title='bbox 3015 2134 3405 2204; x_wconf 82' lang='grc' dir='ltr'>εὑρήσουσιν,</span> <span class='ocrx_word' id='word_1_374' title='bbox 3433 2137 3738 2206; x_wconf 76' lang='grc' dir='ltr'><strong>ἐμίσησαν</strong></span> 
     </span>
    </p>
   </div>
   <div class='ocr_carea' id='block_1_52' title="bbox 2149 2221 3734 2293">
    <p class='ocr_par' dir='ltr' id='par_1_52' title="bbox 2149 2221 3734 2293">
     <span class='ocr_line' id='line_1_54' title="bbox 2149 2221 3734 2293; baseline 0 -15"><span class='ocrx_word' id='word_1_375' title='bbox 2149 2223 2263 2293; x_wconf 79' lang='grc' dir='ltr'>γὰρ</span> <span class='ocrx_word' id='word_1_376' title='bbox 2289 2224 2536 2292; x_wconf 76' lang='grc' dir='ltr'>σοφίαν,</span> <span class='ocrx_word' id='word_1_377' title='bbox 2556 2221 2663 2276; x_wconf 85' lang='grc' dir='ltr'>τὸν</span> <span class='ocrx_word' id='word_1_378' title='bbox 2690 2221 2760 2276; x_wconf 83' lang='grc' dir='ltr'><strong>δὲ</strong></span> <span class='ocrx_word' id='word_1_379' title='bbox 2780 2222 2975 2292; x_wconf 62' lang='grc' dir='ltr'>Λόῃον</span> <span class='ocrx_word' id='word_1_380' title='bbox 2993 2223 3220 2291; x_wconf 80' lang='grc' dir='ltr'>Κυρίου</span> <span class='ocrx_word' id='word_1_381' title='bbox 3257 2226 3328 2277; x_wconf 85' lang='grc' dir='ltr'>οὺ</span> <span class='ocrx_word' id='word_1_382' title='bbox 3359 2223 3734 2292; x_wconf 72' lang='grc' dir='ltr'>προείλοντο.</span> 
     </span>
    </p>
   </div>
   <div class='ocr_carea' id='block_1_53' title="bbox 2163 2313 3739 2385">
    <p class='ocr_par' dir='ltr' id='par_1_53' title="bbox 2163 2313 3739 2385">
     <span class='ocr_line' id='line_1_55' title="bbox 2163 2313 3739 2385; baseline 0.001 -19"><span class='ocrx_word' id='word_1_383' title='bbox 2163 2314 2388 2377; x_wconf 83' lang='grc' dir='ltr'>Ἡσαΐας</span> <span class='ocrx_word' id='word_1_384' title='bbox 2427 2327 2510 2366; x_wconf 67' lang='grc' dir='ltr'>τεθ</span> <span class='ocrx_word' id='word_1_385' title='bbox 2551 2315 2655 2368; x_wconf 82' lang='grc' dir='ltr'>Ἐκ</span> <span class='ocrx_word' id='word_1_386' title='bbox 2686 2313 2840 2368; x_wconf 85' lang='grc' dir='ltr'>Σιὼν</span> <span class='ocrx_word' id='word_1_387' title='bbox 2868 2315 3255 2379; x_wconf 78' lang='grc' dir='ltr'>ἐξελεύσεται</span> <span class='ocrx_word' id='word_1_388' title='bbox 3283 2313 3395 2385; x_wconf 87' lang='grc'>(58)</span> <span class='ocrx_word' id='word_1_389' title='bbox 3426 2315 3615 2384; x_wconf 82' lang='grc' dir='ltr'>νόμος</span> <span class='ocrx_word' id='word_1_390' title='bbox 3640 2315 3739 2369; x_wconf 72' lang='grc' dir='ltr'>καὶ</span> 
     </span>
    </p>
   </div>
   <div class='ocr_carea' id='block_1_54' title="bbox 2151 2403 3738 2478">
    <p class='ocr_par' dir='ltr' id='par_1_54' title="bbox 2151 2403 3738 2478">
     <span class='ocr_line' id='line_1_56' title="bbox 2151 2403 3738 2478; baseline 0.001 -18"><span class='ocrx_word' id='word_1_391' title='bbox 2151 2406 2341 2474; x_wconf 79' lang='grc' dir='ltr'>Λόγος</span> <span class='ocrx_word' id='word_1_392' title='bbox 2358 2406 2577 2474; x_wconf 87' lang='grc' dir='ltr'>Κυρίου</span> <span class='ocrx_word' id='word_1_393' title='bbox 2600 2405 2670 2472; x_wconf 84' lang='grc' dir='ltr'><strong>ἐξ</strong></span> <span class='ocrx_word' id='word_1_394' title='bbox 2707 2405 3118 2476; x_wconf 64' lang='grc' dir='ltr'>Ἰερουσαλήμ·</span> <span class='ocrx_word' id='word_1_395' title='bbox 3140 2407 3233 2459; x_wconf 80' lang='grc' dir='ltr'><strong>καὶ</strong></span> <span class='ocrx_word' id='word_1_396' title='bbox 3258 2403 3413 2470; x_wconf 81' lang='grc' dir='ltr'>αὖθις</span> <span class='ocrx_word' id='word_1_397' title='bbox 3445 2407 3738 2478; x_wconf 75' lang='grc' dir='ltr'>Ἱερεμίας·</span> 
     </span>
    </p>
   </div>
   <div class='ocr_carea' id='block_1_55' title="bbox 2164 2497 3740 2570">
    <p class='ocr_par' dir='ltr' id='par_1_55' title="bbox 2164 2497 3740 2570">
     <span class='ocr_line' id='line_1_57' title="bbox 2164 2497 3740 2570; baseline 0 -19"><span class='ocrx_word' id='word_1_398' title='bbox 2164 2498 2595 2569; x_wconf 83' lang='grc' dir='ltr'>ᾙσχύνθησαν</span> <span class='ocrx_word' id='word_1_399' title='bbox 2627 2499 2834 2568; x_wconf 69' lang='grc' dir='ltr'>σοφοὶ,</span> <span class='ocrx_word' id='word_1_400' title='bbox 2866 2499 3020 2570; x_wconf 76' lang='grc' dir='ltr'>φησὶ,</span> <span class='ocrx_word' id='word_1_401' title='bbox 3057 2498 3157 2552; x_wconf 78' lang='grc' dir='ltr'>καὶ</span> <span class='ocrx_word' id='word_1_402' title='bbox 3184 2497 3599 2566; x_wconf 77' lang='grc' dir='ltr'>ἐπτοήθησαν,</span> <span class='ocrx_word' id='word_1_403' title='bbox 3642 2498 3740 2552; x_wconf 75' lang='grc' dir='ltr'>καὶ</span> 
     </span>
    </p>
   </div>
   <div class='ocr_carea' id='block_1_56' title="bbox 2149 2587 3740 2662">
    <p class='ocr_par' dir='ltr' id='par_1_56' title="bbox 2149 2587 3740 2662">
     <span class='ocr_line' id='line_1_58' title="bbox 2149 2587 3740 2662; baseline -0.001 -18"><span class='ocrx_word' id='word_1_404' title='bbox 2149 2591 2489 2659; x_wconf 77' lang='grc' dir='ltr'>ἐλάλησαν,</span> <span class='ocrx_word' id='word_1_405' title='bbox 2525 2589 2616 2644; x_wconf 85' lang='grc' dir='ltr'>ὅτι</span> <span class='ocrx_word' id='word_1_406' title='bbox 2640 2590 2748 2644; x_wconf 85' lang='grc' dir='ltr'>τὸν</span> <span class='ocrx_word' id='word_1_407' title='bbox 2777 2591 2964 2660; x_wconf 78' lang='grc' dir='ltr'>λόγον</span> <span class='ocrx_word' id='word_1_408' title='bbox 3000 2587 3152 2662; x_wconf 86' lang='grc' dir='ltr'>[τοῦ]</span> <span class='ocrx_word' id='word_1_409' title='bbox 3200 2589 3319 2661; x_wconf 82' lang='grc'>(59)</span> <span class='ocrx_word' id='word_1_410' title='bbox 3351 2590 3580 2660; x_wconf 77' lang='grc' dir='ltr'>Κυρίου</span> <span class='ocrx_word' id='word_1_411' title='bbox 3630 2591 3740 2645; x_wconf 62' lang='grc' dir='ltr'>ἀυτ-</span> 
     </span>
    </p>
   </div>
   <div class='ocr_carea' id='block_1_57' title="bbox 2150 2680 3744 2754">
    <p class='ocr_par' dir='ltr' id='par_1_57' title="bbox 2150 2680 3744 2754">
     <span class='ocr_line' id='line_1_59' title="bbox 2150 2680 3744 2754; baseline 0.003 -20"><span class='ocrx_word' id='word_1_412' title='bbox 2150 2680 2537 2750; x_wconf 80' lang='grc' dir='ltr'>εδοκίμασαν.</span> <span class='ocrx_word' id='word_1_413' title='bbox 2557 2682 2668 2734; x_wconf 78' lang='grc' dir='ltr'><strong>Καὶ</strong></span> <span class='ocrx_word' id='word_1_414' title='bbox 2709 2682 2866 2754; x_wconf 81' lang='grc' dir='ltr'>Ὠσηὲ</span> <span class='ocrx_word' id='word_1_415' title='bbox 2897 2682 3008 2753; x_wconf 67' lang='grc'>(40)</span> <span class='ocrx_word' id='word_1_416' title='bbox 3042 2683 3100 2736; x_wconf 86' lang='grc' dir='ltr'><strong>δὲ</strong></span> <span class='ocrx_word' id='word_1_417' title='bbox 3126 2685 3154 2736; x_wconf 94' lang='grc' dir='ltr'><strong>ὁ</strong></span> <span class='ocrx_word' id='word_1_418' title='bbox 3183 2685 3486 2754; x_wconf 77' lang='grc' dir='ltr'>προφήτης,</span> <span class='ocrx_word' id='word_1_419' title='bbox 3510 2684 3744 2754; x_wconf 80' lang='grc' dir='ltr'>Ἐμίση-</span> 
     </span>
    </p>
   </div>
   <div class='ocr_carea' id='block_1_58' title="bbox 2151 2771 3747 2845">
    <p class='ocr_par' dir='ltr' id='par_1_58' title="bbox 2151 2771 3747 2845">
     <span class='ocr_line' id='line_1_60' title="bbox 2151 2771 3747 2845; baseline 0.003 -20"><span class='ocrx_word' id='word_1_420' title='bbox 2151 2783 2290 2836; x_wconf 85' lang='grc' dir='ltr'>σαν,</span> <span class='ocrx_word' id='word_1_421' title='bbox 2316 2771 2442 2844; x_wconf 76' lang='grc' dir='ltr'>ἔφη,</span> <span class='ocrx_word' id='word_1_422' title='bbox 2477 2773 2548 2826; x_wconf 84' lang='grc' dir='ltr'>ἐν</span> <span class='ocrx_word' id='word_1_423' title='bbox 2574 2773 2791 2840; x_wconf 79' lang='grc' dir='ltr'>πύλαις</span> <span class='ocrx_word' id='word_1_424' title='bbox 2819 2774 3170 2843; x_wconf 77' lang='grc' dir='ltr'>ἐλέγχοντα,</span> <span class='ocrx_word' id='word_1_425' title='bbox 3205 2775 3303 2828; x_wconf 79' lang='grc' dir='ltr'>καὶ</span> <span class='ocrx_word' id='word_1_426' title='bbox 3338 2776 3528 2845; x_wconf 75' lang='grc' dir='ltr'>λόγον</span> <span class='ocrx_word' id='word_1_427' title='bbox 3569 2776 3747 2830; x_wconf 83' lang='grc' dir='ltr'>ὅσιον</span> 
     </span>
    </p>
   </div>
   <div class='ocr_carea' id='block_1_59' title="bbox 2150 2861 3743 2940">
    <p class='ocr_par' dir='ltr' id='par_1_59' title="bbox 2150 2861 3743 2940">
     <span class='ocr_line' id='line_1_61' title="bbox 2150 2861 3743 2940; baseline 0.003 -25"><span class='ocrx_word' id='word_1_428' title='bbox 2150 2861 2568 2927; x_wconf 76' lang='grc' dir='ltr'>ἐϐδελύξαντο.</span> <span class='ocrx_word' id='word_1_429' title='bbox 2602 2865 2841 2936; x_wconf 80' lang='grc' dir='ltr'>Μιχαίας</span> <span class='ocrx_word' id='word_1_430' title='bbox 2862 2883 2922 2918; x_wconf 91' lang='grc' dir='ltr'><strong>τε</strong></span> <span class='ocrx_word' id='word_1_431' title='bbox 2950 2867 3150 2936; x_wconf 84' lang='grc' dir='ltr'>ὁμοίως</span> <span class='ocrx_word' id='word_1_432' title='bbox 3174 2869 3266 2920; x_wconf 72' lang='grc' dir='ltr'><strong>καὶ</strong></span> <span class='ocrx_word' id='word_1_433' title='bbox 3296 2867 3458 2932; x_wconf 77' lang='grc' dir='ltr'>αὐτὸς</span> <span class='ocrx_word' id='word_1_434' title='bbox 3487 2868 3622 2940; x_wconf 78' lang='grc' dir='ltr'>περὶ</span> <span class='ocrx_word' id='word_1_435' title='bbox 3651 2867 3743 2922; x_wconf 77' lang='grc' dir='ltr'><strong>τοῦ</strong></span> 
     </span>
    </p>
   </div>
   <div class='ocr_carea' id='block_1_60' title="bbox 2151 2953 3743 3029">
    <p class='ocr_par' dir='ltr' id='par_1_60' title="bbox 2151 2953 3743 3029">
     <span class='ocr_line' id='line_1_62' title="bbox 2151 2953 3743 3029; baseline 0.006 -23"><span class='ocrx_word' id='word_1_436' title='bbox 2151 2953 2323 3024; x_wconf 85' lang='grc' dir='ltr'>Λόγου</span> <span class='ocrx_word' id='word_1_437' title='bbox 2353 2955 2725 3026; x_wconf 88' lang='grc' dir='ltr'>μνημονεύων,</span> <span class='ocrx_word' id='word_1_438' title='bbox 2763 2957 2863 3012; x_wconf 86' lang='grc' dir='ltr'>Ἐκ</span> <span class='ocrx_word' id='word_1_439' title='bbox 2883 2957 3048 3023; x_wconf 85' lang='grc' dir='ltr'>Σιὼν,</span> <span class='ocrx_word' id='word_1_440' title='bbox 3077 2959 3202 3029; x_wconf 82' lang='grc' dir='ltr'>ἔφη,</span> <span class='ocrx_word' id='word_1_441' title='bbox 3227 2959 3617 3024; x_wconf 78' lang='grc' dir='ltr'>ἐξελεύσεται</span> <span class='ocrx_word' id='word_1_442' title='bbox 3641 2964 3743 3015; x_wconf 77' lang='grc' dir='ltr'>νό-</span> 
     </span>
    </p>
   </div>
   <div class='ocr_carea' id='block_1_61' title="bbox 477 3044 2050 3131">
    <p class='ocr_par' dir='ltr' id='par_1_61' title="bbox 477 3044 2050 3118">
     <span class='ocr_line' id='line_1_63' title="bbox 477 3044 2050 3118; baseline 0.001 -17"><span class='ocrx_word' id='word_1_443' title='bbox 477 3044 612 3103; x_wconf 82' lang='lat' dir='ltr'><strong>Vide</strong></span> <span class='ocrx_word' id='word_1_444' title='bbox 641 3059 818 3104; x_wconf 89' lang='lat' dir='ltr'><strong>autem</strong></span> <span class='ocrx_word' id='word_1_445' title='bbox 848 3048 993 3118; x_wconf 86' lang='lat' dir='ltr'><strong>quod</strong></span> <span class='ocrx_word' id='word_1_446' title='bbox 1033 3049 1246 3104; x_wconf 88' lang='lat' dir='ltr'><strong>diversa</strong></span> <span class='ocrx_word' id='word_1_447' title='bbox 1280 3049 1349 3103; x_wconf 92' lang='lat' dir='ltr'><strong>de</strong></span> <span class='ocrx_word' id='word_1_448' title='bbox 1377 3047 1675 3116; x_wconf 87' lang='lat' dir='ltr'><strong>Scripturis</strong></span> <span class='ocrx_word' id='word_1_449' title='bbox 1710 3048 1933 3104; x_wconf 82' lang='lat' dir='ltr'><strong>collecta</strong></span> <span class='ocrx_word' id='word_1_450' title='bbox 1973 3058 2050 3103; x_wconf 87' lang='lat' dir='ltr'><strong>te-</strong></span> 
     </span>
    </p>
   </div>
   <div class='ocr_carea' id='block_1_62' title="bbox 2161 3044 3744 3131">
    <p class='ocr_par' dir='ltr' id='par_1_62' title="bbox 2161 3046 3744 3121">
     <span class='ocr_line' id='line_1_64' title="bbox 2161 3046 3744 3121; baseline 0.004 -22"><span class='ocrx_word' id='word_1_451' title='bbox 2161 3063 2284 3113; x_wconf 81' lang='grc' dir='ltr'>μος,</span> <span class='ocrx_word' id='word_1_452' title='bbox 2333 3046 2432 3100; x_wconf 79' lang='grc' dir='ltr'>καὶ</span> <span class='ocrx_word' id='word_1_453' title='bbox 2458 3049 2649 3118; x_wconf 70' lang='grc' dir='ltr'>Λόγος</span> <span class='ocrx_word' id='word_1_454' title='bbox 2697 3050 2922 3118; x_wconf 85' lang='grc' dir='ltr'>Κυρίου</span> <span class='ocrx_word' id='word_1_455' title='bbox 2973 3051 3042 3116; x_wconf 78' lang='grc' dir='ltr'><strong>ἐξ</strong></span> <span class='ocrx_word' id='word_1_456' title='bbox 3101 3051 3514 3121; x_wconf 79' lang='grc' dir='ltr'>Ἰερουσαλήμ.</span> <span class='ocrx_word' id='word_1_457' title='bbox 3556 3052 3744 3106; x_wconf 87' lang='grc' dir='ltr'>Ταῦτα</span> 
     </span>
    </p>
   </div>
   <div class='ocr_carea' id='block_1_63' title="bbox 477 3134 2058 3207">
    <p class='ocr_par' dir='ltr' id='par_1_63' title="bbox 477 3134 2058 3207">
     <span class='ocr_line' id='line_1_65' title="bbox 477 3134 2058 3207; baseline 0.002 -18"><span class='ocrx_word' id='word_1_458' title='bbox 477 3134 734 3190; x_wconf 88' lang='lat' dir='ltr'><strong>stimonia</strong></span> <span class='ocrx_word' id='word_1_459' title='bbox 763 3136 816 3190; x_wconf 90' lang='lat' dir='ltr'><strong>in</strong></span> <span class='ocrx_word' id='word_1_460' title='bbox 842 3151 1006 3191; x_wconf 87' lang='lat' dir='ltr'><strong>unum</strong></span> <span class='ocrx_word' id='word_1_461' title='bbox 1033 3135 1263 3207; x_wconf 77' lang='lat' dir='ltr'><strong>coniecit</strong></span> <span class='ocrx_word' id='word_1_462' title='bbox 1292 3150 1309 3189; x_wconf 91' lang='lat'><strong>:</strong></span> <span class='ocrx_word' id='word_1_463' title='bbox 1333 3136 1554 3192; x_wconf 88' lang='lat' dir='ltr'><strong>missum</strong></span> <span class='ocrx_word' id='word_1_464' title='bbox 1587 3137 1678 3192; x_wconf 92' lang='lat' dir='ltr'><strong>Dei</strong></span> <span class='ocrx_word' id='word_1_465' title='bbox 1706 3135 1940 3193; x_wconf 77' lang='lat' dir='ltr'><strong>Verbum</strong></span> <span class='ocrx_word' id='word_1_466' title='bbox 1976 3153 2058 3194; x_wconf 60' lang='lat' dir='ltr'><strong>sae</strong></span> 
     </span>
    </p>
   </div>
   <div class='ocr_carea' id='block_1_64' title="bbox 476 3224 2058 3294">
    <p class='ocr_par' dir='ltr' id='par_1_64' title="bbox 476 3224 2058 3294">
     <span class='ocr_line' id='line_1_66' title="bbox 476 3224 2058 3294; baseline 0.006 -16"><span class='ocrx_word' id='word_1_467' title='bbox 476 3224 754 3280; x_wconf 80' lang='lat' dir='ltr'><strong>Iutil‘erum</strong></span> <span class='ocrx_word' id='word_1_468' title='bbox 779 3225 908 3282; x_wconf 81' lang='lat' dir='ltr'><strong>illud</strong></span> <span class='ocrx_word' id='word_1_469' title='bbox 937 3237 993 3284; x_wconf 91' lang='lat' dir='ltr'><strong>et</strong></span> <span class='ocrx_word' id='word_1_470' title='bbox 1020 3227 1346 3294; x_wconf 86' lang='lat' dir='ltr'><strong>curativum,</strong></span> <span class='ocrx_word' id='word_1_471' title='bbox 1377 3227 1710 3284; x_wconf 81' lang='lat' dir='ltr'><strong>confundens</strong></span> <span class='ocrx_word' id='word_1_472' title='bbox 1732 3244 1853 3285; x_wconf 92' lang='lat' dir='ltr'><strong>cum</strong></span> <span class='ocrx_word' id='word_1_473' title='bbox 1879 3231 2058 3286; x_wconf 91' lang='lat' dir='ltr'><strong>admo-</strong></span> 
     </span>
    </p>
   </div>
   <div class='ocr_carea' id='block_1_65' title="bbox 477 3315 2057 3385">
    <p class='ocr_par' dir='ltr' id='par_1_65' title="bbox 477 3315 2057 3385">
     <span class='ocr_line' id='line_1_67' title="bbox 477 3315 2057 3385; baseline 0.004 -16"><span class='ocrx_word' id='word_1_474' title='bbox 477 3315 680 3371; x_wconf 80' lang='lat' dir='ltr'><strong>nitorio</strong></span> <span class='ocrx_word' id='word_1_475' title='bbox 715 3317 1046 3385; x_wconf 86' lang='lat' dir='ltr'><strong>agendorum</strong></span> <span class='ocrx_word' id='word_1_476' title='bbox 1084 3316 1270 3373; x_wconf 89' lang='lat' dir='ltr'><strong>verbo.</strong></span> <span class='ocrx_word' id='word_1_477' title='bbox 1303 3315 1434 3372; x_wconf 84' lang='lat' dir='ltr'><strong>Illud</strong></span> <span class='ocrx_word' id='word_1_478' title='bbox 1479 3320 1701 3384; x_wconf 90' lang='lat' dir='ltr'><strong>etenim,</strong></span> <span class='ocrx_word' id='word_1_479' title='bbox 1723 3317 1969 3375; x_wconf 77' lang='lat' dir='ltr'><strong>Oderunt</strong></span> <span class='ocrx_word' id='word_1_480' title='bbox 2000 3322 2057 3375; x_wconf 88' lang='lat' dir='ltr'><strong>in</strong></span> 
     </span>
    </p>
   </div>
   <div class='ocr_carea' id='block_1_66' title="bbox 476 3407 2057 3476">
    <p class='ocr_par' dir='ltr' id='par_1_66' title="bbox 476 3407 2057 3476">
     <span class='ocr_line' id='line_1_68' title="bbox 476 3407 2057 3476; baseline 0.004 -18"><span class='ocrx_word' id='word_1_481' title='bbox 476 3408 644 3476; x_wconf 77' lang='lat' dir='ltr'><strong>portis</strong></span> <span class='ocrx_word' id='word_1_482' title='bbox 691 3409 1067 3474; x_wconf 86' lang='lat' dir='ltr'><strong>increpantem,</strong></span> <span class='ocrx_word' id='word_1_483' title='bbox 1117 3421 1164 3462; x_wconf 91' lang='lat' dir='ltr'><strong>et</strong></span> <span class='ocrx_word' id='word_1_484' title='bbox 1195 3407 1428 3463; x_wconf 86' lang='lat' dir='ltr'><strong>Verbum</strong></span> <span class='ocrx_word' id='word_1_485' title='bbox 1474 3421 1714 3462; x_wconf 77' lang='lat' dir='ltr'><strong>sanctum</strong></span> <span class='ocrx_word' id='word_1_486' title='bbox 1773 3411 2057 3465; x_wconf 79' lang='lat' dir='ltr'><strong>abominati</strong></span> 
     </span>
    </p>
   </div>
   <div class='ocr_carea' id='block_1_67' title="bbox 478 3497 2056 3569">
    <p class='ocr_par' dir='ltr' id='par_1_67' title="bbox 478 3497 2056 3569">
     <span class='ocr_line' id='line_1_69' title="bbox 478 3497 2056 3569; baseline 0.005 -21"><span class='ocrx_word' id='word_1_487' title='bbox 478 3505 598 3549; x_wconf 79' lang='lat' dir='ltr'><strong>sunt</strong></span> <span class='ocrx_word' id='word_1_488' title='bbox 633 3512 652 3550; x_wconf 91' lang='lat'><strong><em>:</em></strong></span> <span class='ocrx_word' id='word_1_489' title='bbox 685 3497 956 3567; x_wconf 89' lang='lat' dir='ltr'><strong>quodnam</strong></span> <span class='ocrx_word' id='word_1_490' title='bbox 988 3499 1144 3554; x_wconf 89' lang='lat' dir='ltr'><strong>nobis</strong></span> <span class='ocrx_word' id='word_1_491' title='bbox 1192 3497 1496 3554; x_wconf 90' lang='lat' dir='ltr'><strong>subindicat</strong></span> <span class='ocrx_word' id='word_1_492' title='bbox 1537 3497 1804 3554; x_wconf 77' lang='lat' dir='ltr'><strong>Verbum?</strong></span> <span class='ocrx_word' id='word_1_493' title='bbox 1835 3514 2056 3569; x_wconf 88' lang='lat' dir='ltr'><strong>prorsus</strong></span> 
     </span>
    </p>
   </div>
   <div class='ocr_carea' id='block_1_68' title="bbox 477 3586 2057 3658">
    <p class='ocr_par' dir='ltr' id='par_1_68' title="bbox 477 3586 2057 3658">
     <span class='ocr_line' id='line_1_70' title="bbox 477 3586 2057 3658; baseline 0.004 -18"><span class='ocrx_word' id='word_1_494' title='bbox 477 3586 612 3640; x_wconf 86' lang='lat' dir='ltr'><strong>illud</strong></span> <span class='ocrx_word' id='word_1_495' title='bbox 641 3602 751 3657; x_wconf 89' lang='lat' dir='ltr'><strong>quo</strong></span> <span class='ocrx_word' id='word_1_496' title='bbox 776 3589 843 3644; x_wconf 90' lang='lat' dir='ltr'><strong>de</strong></span> <span class='ocrx_word' id='word_1_497' title='bbox 898 3589 1060 3658; x_wconf 89' lang='lat' dir='ltr'><strong>justis</strong></span> <span class='ocrx_word' id='word_1_498' title='bbox 1098 3589 1404 3645; x_wconf 87' lang='lat' dir='ltr'><strong>actionibus</strong></span> <span class='ocrx_word' id='word_1_499' title='bbox 1457 3597 1513 3644; x_wconf 87' lang='lat' dir='ltr'><strong>et</strong></span> <span class='ocrx_word' id='word_1_500' title='bbox 1553 3591 1757 3645; x_wconf 89' lang='lat' dir='ltr'><strong>sanctis</strong></span> <span class='ocrx_word' id='word_1_501' title='bbox 1813 3591 2057 3647; x_wconf 85' lang='lat' dir='ltr'><strong>homines</strong></span> 
     </span>
    </p>
   </div>
   <div class='ocr_carea' id='block_1_69' title="bbox 480 3677 2055 3751">
    <p class='ocr_par' dir='ltr' id='par_1_69' title="bbox 480 3677 2055 3751">
     <span class='ocr_line' id='line_1_71' title="bbox 480 3677 2055 3751; baseline 0.004 -21"><span class='ocrx_word' id='word_1_502' title='bbox 480 3677 904 3733; x_wconf 84' lang='lat' dir='ltr'><strong>commoneﬁunt</strong></span> <span class='ocrx_word' id='word_1_503' title='bbox 937 3697 952 3735; x_wconf 91' lang='lat'><strong>:</strong></span> <span class='ocrx_word' id='word_1_504' title='bbox 993 3678 1236 3746; x_wconf 89' lang='lat' dir='ltr'><strong>omnino,</strong></span> <span class='ocrx_word' id='word_1_505' title='bbox 1290 3679 1503 3751; x_wconf 86' lang='lat' dir='ltr'><strong>quidvis</strong></span> <span class='ocrx_word' id='word_1_506' title='bbox 1543 3682 1720 3749; x_wconf 89' lang='lat' dir='ltr'><strong>potius</strong></span> <span class='ocrx_word' id='word_1_507' title='bbox 1761 3694 1920 3750; x_wconf 89' lang='lat' dir='ltr'><strong>quam</strong></span> <span class='ocrx_word' id='word_1_508' title='bbox 1963 3681 2055 3736; x_wconf 82' lang='lat' dir='ltr'><strong>Fi-</strong></span> 
     </span>
    </p>
   </div>
   <div class='ocr_carea' id='block_1_70' title="bbox 477 3765 2057 3842">
    <p class='ocr_par' dir='ltr' id='par_1_70' title="bbox 477 3765 2057 3842">
     <span class='ocr_line' id='line_1_72' title="bbox 477 3765 2057 3842; baseline 0.005 -22"><span class='ocrx_word' id='word_1_509' title='bbox 477 3765 610 3821; x_wconf 88' lang='lat' dir='ltr'><strong>Iium</strong></span> <span class='ocrx_word' id='word_1_510' title='bbox 644 3766 737 3822; x_wconf 88' lang='lat' dir='ltr'><strong>Dei</strong></span> <span class='ocrx_word' id='word_1_511' title='bbox 762 3767 1003 3836; x_wconf 90' lang='lat' dir='ltr'><strong>proﬁteri</strong></span> <span class='ocrx_word' id='word_1_512' title='bbox 1027 3768 1159 3836; x_wconf 86' lang='lat' dir='ltr'><strong>vult,</strong></span> <span class='ocrx_word' id='word_1_513' title='bbox 1190 3780 1443 3840; x_wconf 89' lang='lat' dir='ltr'><strong>tanquam</strong></span> <span class='ocrx_word' id='word_1_514' title='bbox 1469 3771 1557 3839; x_wconf 90' lang='lat' dir='ltr'><strong>qui</strong></span> <span class='ocrx_word' id='word_1_515' title='bbox 1589 3771 1910 3828; x_wconf 89' lang='lat' dir='ltr'><strong>mentionem</strong></span> <span class='ocrx_word' id='word_1_516' title='bbox 1940 3771 2057 3842; x_wconf 84' lang='lat' dir='ltr'><strong>ejus</strong></span> 
     </span>
    </p>
   </div>
   <div class='ocr_carea' id='block_1_71' title="bbox 483 3856 2055 3934">
    <p class='ocr_par' dir='ltr' id='par_1_71' title="bbox 483 3856 2055 3934">
     <span class='ocr_line' id='line_1_73' title="bbox 483 3856 2055 3934; baseline 0.005 -22"><span class='ocrx_word' id='word_1_517' title='bbox 483 3856 664 3912; x_wconf 71' lang='lat' dir='ltr'><strong>facere</strong></span> <span class='ocrx_word' id='word_1_518' title='bbox 692 3867 983 3914; x_wconf 86' lang='lat' dir='ltr'><strong>metueret.</strong></span> <span class='ocrx_word' id='word_1_519' title='bbox 1009 3859 1117 3916; x_wconf 77' lang='lat' dir='ltr'><strong>Nos</strong></span> <span class='ocrx_word' id='word_1_520' title='bbox 1148 3861 1400 3917; x_wconf 89' lang='lat' dir='ltr'><strong>novimus</strong></span> <span class='ocrx_word' id='word_1_521' title='bbox 1431 3860 1524 3917; x_wconf 90' lang='lat' dir='ltr'><strong>Dei</strong></span> <span class='ocrx_word' id='word_1_522' title='bbox 1566 3862 1758 3916; x_wconf 85' lang='lat' dir='ltr'><strong>Filium</strong></span> <span class='ocrx_word' id='word_1_523' title='bbox 1794 3865 2055 3934; x_wconf 83' lang='lat' dir='ltr'><strong>prapriis-</strong></span> 
     </span>
    </p>
   </div>
   <div class='ocr_carea' id='block_1_72' title="bbox 481 3949 2054 4023">
    <p class='ocr_par' dir='ltr' id='par_1_72' title="bbox 481 3949 2054 4023">
     <span class='ocr_line' id='line_1_74' title="bbox 481 3949 2054 4023; baseline 0.006 -21"><span class='ocrx_word' id='word_1_524' title='bbox 481 3949 620 4004; x_wconf 85' lang='lat' dir='ltr'><strong>sime</strong></span> <span class='ocrx_word' id='word_1_525' title='bbox 660 3964 784 4005; x_wconf 87' lang='lat' dir='ltr'><strong>esse</strong></span> <span class='ocrx_word' id='word_1_526' title='bbox 826 3951 1049 4017; x_wconf 81' lang='lat' dir='ltr'><strong>Filium,</strong></span> <span class='ocrx_word' id='word_1_527' title='bbox 1081 3967 1211 4007; x_wconf 89' lang='lat' dir='ltr'><strong>vere</strong></span> <span class='ocrx_word' id='word_1_528' title='bbox 1265 3954 1595 4023; x_wconf 78' lang='lat' dir='ltr'><strong>unigenitum</strong></span> <span class='ocrx_word' id='word_1_529' title='bbox 1626 3954 1765 4009; x_wconf 85' lang='lat' dir='ltr'><strong>Dei:</strong></span> <span class='ocrx_word' id='word_1_530' title='bbox 1818 3954 2054 4012; x_wconf 85' lang='lat' dir='ltr'><strong>Verbum</strong></span> 
     </span>
    </p>
   </div>
   <div class='ocr_carea' id='block_1_73' title="bbox 481 4044 2057 4115">
    <p class='ocr_par' dir='ltr' id='par_1_73' title="bbox 481 4044 2057 4115">
     <span class='ocr_line' id='line_1_75' title="bbox 481 4044 2057 4115; baseline 0.008 -22"><span class='ocrx_word' id='word_1_531' title='bbox 481 4055 696 4110; x_wconf 80' lang='lat' dir='ltr'><strong>quoque</strong></span> <span class='ocrx_word' id='word_1_532' title='bbox 724 4044 971 4098; x_wconf 88' lang='lat' dir='ltr'><strong>eumdem</strong></span> <span class='ocrx_word' id='word_1_533' title='bbox 997 4057 1120 4100; x_wconf 89' lang='lat' dir='ltr'><strong>esse</strong></span> <span class='ocrx_word' id='word_1_534' title='bbox 1139 4046 1306 4115; x_wconf 87' lang='lat' dir='ltr'><strong>probe</strong></span> <span class='ocrx_word' id='word_1_535' title='bbox 1338 4047 1617 4113; x_wconf 89' lang='lat' dir='ltr'><strong>novimus;</strong></span> <span class='ocrx_word' id='word_1_536' title='bbox 1650 4048 1746 4102; x_wconf 91' lang='lat' dir='ltr'><strong>sed</strong></span> <span class='ocrx_word' id='word_1_537' title='bbox 1770 4063 1875 4104; x_wconf 92' lang='lat' dir='ltr'><strong>non</strong></span> <span class='ocrx_word' id='word_1_538' title='bbox 1906 4051 2057 4105; x_wconf 87' lang='lat' dir='ltr'><strong>simi-</strong></span> 
     </span>
    </p>
   </div>
   <div class='ocr_carea' id='block_1_74' title="bbox 479 4131 2057 4207">
    <p class='ocr_par' dir='ltr' id='par_1_74' title="bbox 479 4131 2057 4207">
     <span class='ocr_line' id='line_1_76' title="bbox 479 4131 2057 4207; baseline 0.006 -23"><span class='ocrx_word' id='word_1_539' title='bbox 479 4131 532 4186; x_wconf 83' lang='lat' dir='ltr'><strong>)e</strong></span> <span class='ocrx_word' id='word_1_540' title='bbox 564 4131 802 4187; x_wconf 84' lang='lat' dir='ltr'><strong>humano</strong></span> <span class='ocrx_word' id='word_1_541' title='bbox 861 4133 1167 4204; x_wconf 89' lang='lat' dir='ltr'><strong>cuicunque</strong></span> <span class='ocrx_word' id='word_1_542' title='bbox 1217 4135 1404 4191; x_wconf 84' lang='lat' dir='ltr'><strong>verbo.</strong></span> <span class='ocrx_word' id='word_1_543' title='bbox 1461 4138 1528 4190; x_wconf 89' lang='lat' dir='ltr'><strong>At</strong></span> <span class='ocrx_word' id='word_1_544' title='bbox 1575 4137 1733 4207; x_wconf 88' lang='lat' dir='ltr'><strong>quale</strong></span> <span class='ocrx_word' id='word_1_545' title='bbox 1760 4147 1930 4207; x_wconf 87' lang='lat' dir='ltr'><strong>paret,</strong></span> <span class='ocrx_word' id='word_1_546' title='bbox 1985 4155 2057 4194; x_wconf 71' lang='lat' dir='ltr'><strong>te-</strong></span> 
     </span>
    </p>
   </div>
   <div class='ocr_carea' id='block_1_75' title="bbox 480 4223 2054 4298">
    <p class='ocr_par' dir='ltr' id='par_1_75' title="bbox 480 4223 2054 4298">
     <span class='ocr_line' id='line_1_77' title="bbox 480 4223 2054 4298; baseline 0.007 -22"><span class='ocrx_word' id='word_1_547' title='bbox 480 4237 647 4290; x_wconf 82' lang='lat' dir='ltr'><strong>quum</strong></span> <span class='ocrx_word' id='word_1_548' title='bbox 694 4232 780 4278; x_wconf 87' lang='lat' dir='ltr'><strong>est</strong></span> <span class='ocrx_word' id='word_1_549' title='bbox 831 4234 1049 4280; x_wconf 87' lang='lat' dir='ltr'><strong>exstare</strong></span> <span class='ocrx_word' id='word_1_550' title='bbox 1098 4223 1333 4280; x_wconf 85' lang='lat' dir='ltr'><strong>Verbum</strong></span> <span class='ocrx_word' id='word_1_551' title='bbox 1362 4225 1457 4281; x_wconf 91' lang='lat' dir='ltr'><strong>Dei</strong></span> <span class='ocrx_word' id='word_1_552' title='bbox 1499 4226 1701 4290; x_wconf 84' lang='lat' dir='ltr'><strong>vivum,</strong></span> <span class='ocrx_word' id='word_1_553' title='bbox 1736 4229 2054 4298; x_wconf 87' lang='lat' dir='ltr'><strong>subsistens,</strong></span> 
     </span>
    </p>
   </div>
   <div class='ocr_carea' id='block_1_76' title="bbox 478 4317 2051 4389">
    <p class='ocr_par' dir='ltr' id='par_1_76' title="bbox 478 4317 2051 4389">
     <span class='ocr_line' id='line_1_78' title="bbox 478 4317 2051 4389; baseline 0.004 -20"><span class='ocrx_word' id='word_1_554' title='bbox 478 4325 736 4384; x_wconf 86' lang='lat' dir='ltr'><strong>tanquam</strong></span> <span class='ocrx_word' id='word_1_555' title='bbox 765 4317 853 4386; x_wconf 91' lang='lat' dir='ltr'><strong>qui</strong></span> <span class='ocrx_word' id='word_1_556' title='bbox 885 4318 955 4372; x_wconf 87' lang='lat' dir='ltr'><strong>sit</strong></span> <span class='ocrx_word' id='word_1_557' title='bbox 980 4317 1167 4373; x_wconf 87' lang='lat' dir='ltr'><strong>Filius.</strong></span> <span class='ocrx_word' id='word_1_558' title='bbox 1200 4317 1254 4373; x_wconf 80' lang='lat' dir='ltr'><strong>Is</strong></span> <span class='ocrx_word' id='word_1_559' title='bbox 1274 4333 1403 4373; x_wconf 82' lang='lat' dir='ltr'><strong>vero</strong></span> <span class='ocrx_word' id='word_1_560' title='bbox 1429 4318 1658 4374; x_wconf 79' lang='lat' dir='ltr'><strong>Verbum</strong></span> <span class='ocrx_word' id='word_1_561' title='bbox 1681 4320 2051 4389; x_wconf 80' lang='lat' dir='ltr'><strong>indicativum,</strong></span> 
     </span>
    </p>
   </div>
   <div class='ocr_carea' id='block_1_77' title="bbox 2158 3136 3743 3217">
    <p class='ocr_par' dir='ltr' id='par_1_77' title="bbox 2158 3136 3743 3217">
     <span class='ocr_line' id='line_1_79' title="bbox 2158 3136 3743 3217; baseline 0.003 -26"><span class='ocrx_word' id='word_1_562' title='bbox 2158 3137 2262 3211; x_wconf 85' lang='grc' dir='ltr'><strong>[δὲ]</strong></span> <span class='ocrx_word' id='word_1_563' title='bbox 2280 3136 2394 3210; x_wconf 72' lang='grc' dir='ltr'>(Η)</span> <span class='ocrx_word' id='word_1_564' title='bbox 2414 3141 2510 3193; x_wconf 80' lang='grc' dir='ltr'><strong>καὶ</strong></span> <span class='ocrx_word' id='word_1_565' title='bbox 2529 3139 2600 3194; x_wconf 83' lang='grc' dir='ltr'>τὰ</span> <span class='ocrx_word' id='word_1_566' title='bbox 2615 3140 2825 3206; x_wconf 80' lang='grc' dir='ltr'>τούτοις</span> <span class='ocrx_word' id='word_1_567' title='bbox 2839 3141 3043 3212; x_wconf 76' lang='grc' dir='ltr'>ἀδελφὰ</span> <span class='ocrx_word' id='word_1_568' title='bbox 3059 3142 3404 3212; x_wconf 88' lang='grc' dir='ltr'>συναγαγὼν,</span> <span class='ocrx_word' id='word_1_569' title='bbox 3448 3143 3743 3217; x_wconf 73' lang='grc' dir='ltr'>κρατύνειν</span> 
     </span>
    </p>
   </div>
   <div class='ocr_carea' id='block_1_78' title="bbox 2154 3229 3741 3306">
    <p class='ocr_par' dir='ltr' id='par_1_78' title="bbox 2154 3229 3741 3306">
     <span class='ocr_line' id='line_1_80' title="bbox 2154 3229 3741 3306; baseline 0.005 -24"><span class='ocrx_word' id='word_1_570' title='bbox 2154 3229 2243 3282; x_wconf 83' lang='grc' dir='ltr'><strong>διὰ</strong></span> <span class='ocrx_word' id='word_1_571' title='bbox 2261 3229 2466 3284; x_wconf 88' lang='grc' dir='ltr'>τούτων</span> <span class='ocrx_word' id='word_1_572' title='bbox 2480 3230 2578 3303; x_wconf 83' lang='grc' dir='ltr'>τὴν</span> <span class='ocrx_word' id='word_1_573' title='bbox 2600 3232 2792 3286; x_wconf 79' lang='grc' dir='ltr'>ἑαυτοῦ</span> <span class='ocrx_word' id='word_1_574' title='bbox 2812 3233 2968 3300; x_wconf 80' lang='grc' dir='ltr'>δόξαν</span> <span class='ocrx_word' id='word_1_575' title='bbox 2987 3236 3224 3306; x_wconf 80' lang='grc' dir='ltr'>ἡγεῖται.</span> <span class='ocrx_word' id='word_1_576' title='bbox 3248 3235 3391 3306; x_wconf 86' lang='grc' dir='ltr'>Ὅρα</span> <span class='ocrx_word' id='word_1_577' title='bbox 3406 3235 3464 3288; x_wconf 85' lang='grc' dir='ltr'>δὲ</span> <span class='ocrx_word' id='word_1_578' title='bbox 3486 3235 3610 3300; x_wconf 88' lang='grc' dir='ltr'><strong>πῶς</strong></span> <span class='ocrx_word' id='word_1_579' title='bbox 3633 3236 3741 3306; x_wconf 65' lang='grc'>(42)</span> 
     </span>
    </p>
   </div>
   <div class='ocr_carea' id='block_1_79' title="bbox 2157 3321 3741 3402">
    <p class='ocr_par' dir='ltr' id='par_1_79' title="bbox 2157 3321 3741 3402">
     <span class='ocr_line' id='line_1_81' title="bbox 2157 3321 3741 3402; baseline 0.006 -28"><span class='ocrx_word' id='word_1_580' title='bbox 2157 3321 2333 3394; x_wconf 80' lang='grc' dir='ltr'>φορὰς</span> <span class='ocrx_word' id='word_1_581' title='bbox 2377 3323 2477 3387; x_wconf 84' lang='grc' dir='ltr'>τὰς</span> <span class='ocrx_word' id='word_1_582' title='bbox 2505 3325 2614 3378; x_wconf 85' lang='grc' dir='ltr'>ἀπὸ</span> <span class='ocrx_word' id='word_1_583' title='bbox 2645 3325 2747 3396; x_wconf 82' lang='grc' dir='ltr'>τῆς</span> <span class='ocrx_word' id='word_1_584' title='bbox 2798 3325 2948 3390; x_wconf 81' lang='grc' dir='ltr'>θείας</span> <span class='ocrx_word' id='word_1_585' title='bbox 2980 3327 3204 3398; x_wconf 81' lang='grc' dir='ltr'>Γραφῆς</span> <span class='ocrx_word' id='word_1_586' title='bbox 3251 3329 3560 3402; x_wconf 80' lang='grc' dir='ltr'>μαρτυρίας</span> <span class='ocrx_word' id='word_1_587' title='bbox 3606 3330 3741 3401; x_wconf 80' lang='grc' dir='ltr'>ὁμοῦ</span> 
     </span>
    </p>
   </div>
   <div class='ocr_carea' id='block_1_80' title="bbox 2158 3412 3744 3491">
    <p class='ocr_par' dir='ltr' id='par_1_80' title="bbox 2158 3412 3744 3491">
     <span class='ocr_line' id='line_1_82' title="bbox 2158 3412 3744 3491; baseline 0.006 -26"><span class='ocrx_word' id='word_1_588' title='bbox 2158 3412 2456 3484; x_wconf 79' lang='grc' dir='ltr'>συνήγαγε,</span> <span class='ocrx_word' id='word_1_589' title='bbox 2487 3415 2583 3467; x_wconf 71' lang='grc' dir='ltr'><strong>καὶ</strong></span> <span class='ocrx_word' id='word_1_590' title='bbox 2604 3414 2695 3469; x_wconf 80' lang='grc' dir='ltr'><strong>τὸν</strong></span> <span class='ocrx_word' id='word_1_591' title='bbox 2721 3417 3184 3488; x_wconf 84' lang='grc' dir='ltr'>ἀποστελλόμενον</span> <span class='ocrx_word' id='word_1_592' title='bbox 3211 3418 3326 3491; x_wconf 73' lang='grc'>(45)</span> <span class='ocrx_word' id='word_1_593' title='bbox 3356 3420 3452 3473; x_wconf 85' lang='grc' dir='ltr'><strong>τοῦ</strong></span> <span class='ocrx_word' id='word_1_594' title='bbox 3484 3421 3626 3475; x_wconf 86' lang='grc' dir='ltr'>Θεοῦ</span> <span class='ocrx_word' id='word_1_595' title='bbox 3647 3423 3744 3475; x_wconf 81' lang='grc' dir='ltr'>Λό-</span> 
     </span>
    </p>
   </div>
   <div class='ocr_carea' id='block_1_81' title="bbox 2155 3509 3745 3586">
    <p class='ocr_par' dir='ltr' id='par_1_81' title="bbox 2155 3509 3745 3586">
     <span class='ocr_line' id='line_1_83' title="bbox 2155 3509 3745 3586; baseline 0.004 -25"><span class='ocrx_word' id='word_1_596' title='bbox 2155 3523 2273 3576; x_wconf 89' lang='grc' dir='ltr'>γον,</span> <span class='ocrx_word' id='word_1_597' title='bbox 2329 3509 2420 3562; x_wconf 82' lang='grc' dir='ltr'><strong>τὸν</strong></span> <span class='ocrx_word' id='word_1_598' title='bbox 2462 3510 2750 3582; x_wconf 89' lang='grc' dir='ltr'>σωτήριον,</span> <span class='ocrx_word' id='word_1_599' title='bbox 2782 3511 2877 3564; x_wconf 77' lang='grc' dir='ltr'><strong>καὶ</strong></span> <span class='ocrx_word' id='word_1_600' title='bbox 2922 3512 3150 3576; x_wconf 78' lang='grc' dir='ltr'>ίατικδν,</span> <span class='ocrx_word' id='word_1_601' title='bbox 3195 3513 3288 3566; x_wconf 78' lang='grc' dir='ltr'>καὶ</span> <span class='ocrx_word' id='word_1_602' title='bbox 3326 3513 3419 3566; x_wconf 82' lang='grc' dir='ltr'><strong>τὸν</strong></span> <span class='ocrx_word' id='word_1_603' title='bbox 3460 3513 3574 3566; x_wconf 86' lang='grc' dir='ltr'><strong>τῶν</strong></span> <span class='ocrx_word' id='word_1_604' title='bbox 3599 3532 3745 3586; x_wconf 76' lang='grc' dir='ltr'>πρα-</span> 
     </span>
    </p>
   </div>
   <div class='ocr_carea' id='block_1_82' title="bbox 2155 3599 3740 3678">
    <p class='ocr_par' dir='ltr' id='par_1_82' title="bbox 2155 3599 3740 3678">
     <span class='ocr_line' id='line_1_84' title="bbox 2155 3599 3740 3678; baseline 0.006 -26"><span class='ocrx_word' id='word_1_605' title='bbox 2155 3599 2330 3654; x_wconf 78' lang='grc' dir='ltr'>κτέων</span> <span class='ocrx_word' id='word_1_606' title='bbox 2349 3602 2884 3672; x_wconf 85' lang='grc' dir='ltr'>παραγγελτικόν.Τὸ</span> <span class='ocrx_word' id='word_1_607' title='bbox 2910 3607 3038 3678; x_wconf 78' lang='grc' dir='ltr'>γὰρ,</span> <span class='ocrx_word' id='word_1_608' title='bbox 3071 3607 3405 3677; x_wconf 82' lang='grc' dir='ltr'>Ἐμίσησαν</span> <span class='ocrx_word' id='word_1_609' title='bbox 3422 3609 3494 3662; x_wconf 82' lang='grc' dir='ltr'>ἐν</span> <span class='ocrx_word' id='word_1_610' title='bbox 3511 3611 3740 3674; x_wconf 73' lang='grc' dir='ltr'>πύλαις</span> 
     </span>
    </p>
   </div>
   <div class='ocr_carea' id='block_1_83' title="bbox 2154 3691 3748 3768">
    <p class='ocr_par' dir='ltr' id='par_1_83' title="bbox 2154 3691 3748 3768">
     <span class='ocr_line' id='line_1_85' title="bbox 2154 3691 3748 3768; baseline 0.006 -22"><span class='ocrx_word' id='word_1_611' title='bbox 2154 3691 2501 3764; x_wconf 80' lang='grc' dir='ltr'>ἐλέγχοντα,</span> <span class='ocrx_word' id='word_1_612' title='bbox 2541 3697 2639 3750; x_wconf 78' lang='grc' dir='ltr'>καὶ</span> <span class='ocrx_word' id='word_1_613' title='bbox 2673 3698 2858 3768; x_wconf 72' lang='grc' dir='ltr'>λόγον</span> <span class='ocrx_word' id='word_1_614' title='bbox 2893 3698 3066 3754; x_wconf 83' lang='grc' dir='ltr'>ὅσιον</span> <span class='ocrx_word' id='word_1_615' title='bbox 3113 3701 3539 3768; x_wconf 80' lang='grc' dir='ltr'>ἐϐδελύξαντο,</span> <span class='ocrx_word' id='word_1_616' title='bbox 3590 3707 3748 3757; x_wconf 83' lang='grc' dir='ltr'>ποῖον</span> 
     </span>
    </p>
   </div>
   <div class='ocr_carea' id='block_1_84' title="bbox 2157 3781 3748 3861">
    <p class='ocr_par' dir='ltr' id='par_1_84' title="bbox 2157 3781 3748 3861">
     <span class='ocr_line' id='line_1_86' title="bbox 2157 3781 3748 3861; baseline 0.006 -27"><span class='ocrx_word' id='word_1_617' title='bbox 2157 3781 2466 3836; x_wconf 80' lang='grc' dir='ltr'>ὑποτίθεται</span> <span class='ocrx_word' id='word_1_618' title='bbox 2492 3784 2700 3854; x_wconf 90' lang='grc' dir='ltr'>Λόγον;</span> <span class='ocrx_word' id='word_1_619' title='bbox 2728 3787 2761 3858; x_wconf 83' lang='grc' dir='ltr'>ἢ</span> <span class='ocrx_word' id='word_1_620' title='bbox 2792 3784 3009 3852; x_wconf 84' lang='grc' dir='ltr'>πάντως</span> <span class='ocrx_word' id='word_1_621' title='bbox 3043 3805 3144 3841; x_wconf 90' lang='grc' dir='ltr'><strong>που</strong></span> <span class='ocrx_word' id='word_1_622' title='bbox 3175 3788 3267 3841; x_wconf 84' lang='grc' dir='ltr'><strong>τὸν</strong></span> <span class='ocrx_word' id='word_1_623' title='bbox 3287 3790 3418 3861; x_wconf 73' lang='grc' dir='ltr'>περὶ</span> <span class='ocrx_word' id='word_1_624' title='bbox 3445 3789 3557 3843; x_wconf 85' lang='grc' dir='ltr'><strong>τῶν</strong></span> <span class='ocrx_word' id='word_1_625' title='bbox 3579 3791 3748 3843; x_wconf 85' lang='grc' dir='ltr'>ὁσίων</span> 
     </span>
    </p>
   </div>
   <div class='ocr_carea' id='block_1_85' title="bbox 2157 3872 3745 3950">
    <p class='ocr_par' dir='ltr' id='par_1_85' title="bbox 2157 3872 3745 3950">
     <span class='ocr_line' id='line_1_87' title="bbox 2157 3872 3745 3950; baseline 0.006 -24"><span class='ocrx_word' id='word_1_626' title='bbox 2157 3872 2268 3944; x_wconf 70' lang='grc'>(44)</span> <span class='ocrx_word' id='word_1_627' title='bbox 2315 3876 2408 3928; x_wconf 75' lang='grc' dir='ltr'><strong>καὶ</strong></span> <span class='ocrx_word' id='word_1_628' title='bbox 2437 3875 2661 3930; x_wconf 87' lang='grc' dir='ltr'>δικαίων</span> <span class='ocrx_word' id='word_1_629' title='bbox 2684 3877 2934 3949; x_wconf 83' lang='grc' dir='ltr'>πράξεων</span> <span class='ocrx_word' id='word_1_630' title='bbox 2987 3879 3444 3950; x_wconf 77' lang='grc' dir='ltr'>παραγγελτικόνο</span> <span class='ocrx_word' id='word_1_631' title='bbox 3479 3882 3662 3935; x_wconf 82' lang='grc' dir='ltr'>πάντα</span> <span class='ocrx_word' id='word_1_632' title='bbox 3686 3900 3745 3935; x_wconf 74' lang='grc' dir='ltr'><strong>τε</strong></span> 
     </span>
    </p>
   </div>
   <div class='ocr_carea' id='block_1_86' title="bbox 2159 3964 3742 4044">
    <p class='ocr_par' dir='ltr' id='par_1_86' title="bbox 2159 3964 3742 4044">
     <span class='ocr_line' id='line_1_88' title="bbox 2159 3964 3742 4044; baseline 0.006 -27"><span class='ocrx_word' id='word_1_633' title='bbox 2159 3964 2359 4034; x_wconf 83' lang='grc' dir='ltr'>μᾶλλον</span> <span class='ocrx_word' id='word_1_634' title='bbox 2405 3965 2440 4037; x_wconf 79' lang='grc' dir='ltr'>ἢ</span> <span class='ocrx_word' id='word_1_635' title='bbox 2489 3967 2580 4022; x_wconf 77' lang='grc' dir='ltr'>τὸν</span> <span class='ocrx_word' id='word_1_636' title='bbox 2625 3967 2754 4022; x_wconf 82' lang='grc' dir='ltr'>Υίὸν</span> <span class='ocrx_word' id='word_1_637' title='bbox 2797 3967 2891 4022; x_wconf 86' lang='grc' dir='ltr'><strong>τοῦ</strong></span> <span class='ocrx_word' id='word_1_638' title='bbox 2942 3967 3077 4023; x_wconf 89' lang='grc' dir='ltr'>Θεοῦ</span> <span class='ocrx_word' id='word_1_639' title='bbox 3127 3972 3410 4043; x_wconf 80' lang='grc' dir='ltr'>ὁμολογεῖν</span> <span class='ocrx_word' id='word_1_640' title='bbox 3467 3973 3742 4044; x_wconf 81' lang='grc' dir='ltr'>βούλεται,</span> 
     </span>
    </p>
   </div>
   <div class='ocr_carea' id='block_1_87' title="bbox 2154 4055 3742 4136">
    <p class='ocr_par' dir='ltr' id='par_1_87' title="bbox 2154 4055 3742 4136">
     <span class='ocr_line' id='line_1_89' title="bbox 2154 4055 3742 4136; baseline 0.004 -27"><span class='ocrx_word' id='word_1_641' title='bbox 2154 4055 2343 4129; x_wconf 82' lang='grc' dir='ltr'>ὥσπερ</span> <span class='ocrx_word' id='word_1_642' title='bbox 2365 4059 2678 4130; x_wconf 78' lang='grc' dir='ltr'>αἰδούμενος</span> <span class='ocrx_word' id='word_1_643' title='bbox 2710 4061 3079 4131; x_wconf 86' lang='grc' dir='ltr'>μνημονεῦσαι</span> <span class='ocrx_word' id='word_1_644' title='bbox 3109 4064 3202 4117; x_wconf 86' lang='grc' dir='ltr'><strong>τοῦ</strong></span> <span class='ocrx_word' id='word_1_645' title='bbox 3229 4063 3376 4117; x_wconf 85' lang='grc' dir='ltr'>Υίοῦ.</span> <span class='ocrx_word' id='word_1_646' title='bbox 3417 4065 3615 4136; x_wconf 77' lang='grc' dir='ltr'>Ἡμεῖς</span> <span class='ocrx_word' id='word_1_647' title='bbox 3644 4066 3742 4136; x_wconf 76' lang='grc' dir='ltr'><strong>μὲν</strong></span> 
     </span>
    </p>
   </div>
   <div class='ocr_carea' id='block_1_88' title="bbox 2155 4145 3741 4227">
    <p class='ocr_par' dir='ltr' id='par_1_88' title="bbox 2155 4145 3741 4227">
     <span class='ocr_line' id='line_1_90' title="bbox 2155 4145 3741 4227; baseline 0.009 -29"><span class='ocrx_word' id='word_1_648' title='bbox 2155 4145 2264 4218; x_wconf 89' lang='grc' dir='ltr'>γὰρ</span> <span class='ocrx_word' id='word_1_649' title='bbox 2319 4147 2540 4220; x_wconf 72' lang='grc' dir='ltr'>οἴδαμεν</span> <span class='ocrx_word' id='word_1_650' title='bbox 2585 4151 2676 4204; x_wconf 80' lang='grc' dir='ltr'><strong>τὸν</strong></span> <span class='ocrx_word' id='word_1_651' title='bbox 2724 4153 2850 4206; x_wconf 84' lang='grc' dir='ltr'>Υίὸν</span> <span class='ocrx_word' id='word_1_652' title='bbox 2901 4153 2995 4208; x_wconf 89' lang='grc' dir='ltr'><strong>τοῦ</strong></span> <span class='ocrx_word' id='word_1_653' title='bbox 3038 4155 3173 4208; x_wconf 88' lang='grc' dir='ltr'>Θεοῦ</span> <span class='ocrx_word' id='word_1_654' title='bbox 3215 4155 3560 4227; x_wconf 82' lang='grc' dir='ltr'>κυριώτατον</span> <span class='ocrx_word' id='word_1_655' title='bbox 3612 4159 3741 4212; x_wconf 77' lang='grc' dir='ltr'>ὄντα</span> 
     </span>
    </p>
   </div>
   <div class='ocr_carea' id='block_1_89' title="bbox 2155 4237 3740 4318">
    <p class='ocr_par' dir='ltr' id='par_1_89' title="bbox 2155 4237 3740 4318">
     <span class='ocr_line' id='line_1_91' title="bbox 2155 4237 3740 4318; baseline 0.009 -29"><span class='ocrx_word' id='word_1_656' title='bbox 2155 4237 2305 4302; x_wconf 82' lang='grc' dir='ltr'>Υίὸν,</span> <span class='ocrx_word' id='word_1_657' title='bbox 2346 4240 2443 4292; x_wconf 76' lang='grc' dir='ltr'>καὶ</span> <span class='ocrx_word' id='word_1_658' title='bbox 2474 4240 2691 4313; x_wconf 83' lang='grc' dir='ltr'>ἀληθῶς</span> <span class='ocrx_word' id='word_1_659' title='bbox 2725 4245 2986 4317; x_wconf 84' lang='grc' dir='ltr'>μονογενῆ</span> <span class='ocrx_word' id='word_1_660' title='bbox 3030 4244 3126 4299; x_wconf 87' lang='grc' dir='ltr'><strong>τοῦ</strong></span> <span class='ocrx_word' id='word_1_661' title='bbox 3155 4246 3312 4312; x_wconf 86' lang='grc' dir='ltr'>Θεοῦ,</span> <span class='ocrx_word' id='word_1_662' title='bbox 3346 4249 3441 4301; x_wconf 74' lang='grc' dir='ltr'>καὶ</span> <span class='ocrx_word' id='word_1_663' title='bbox 3481 4249 3658 4318; x_wconf 83' lang='grc' dir='ltr'>Λόγον</span> <span class='ocrx_word' id='word_1_664' title='bbox 3683 4249 3740 4304; x_wconf 77' lang='grc' dir='ltr'>δι</span> 
     </span>
    </p>
   </div>
   <div class='ocr_carea' id='block_1_90' title="bbox 2153 4327 3734 4408">
    <p class='ocr_par' dir='ltr' id='par_1_90' title="bbox 2153 4327 3734 4408">
     <span class='ocr_line' id='line_1_92' title="bbox 2153 4327 3734 4408; baseline 0.006 -29"><span class='ocrx_word' id='word_1_665' title='bbox 2153 4327 2318 4380; x_wconf 79' lang='grc' dir='ltr'>αὐτὸν</span> <span class='ocrx_word' id='word_1_666' title='bbox 2348 4329 2591 4400; x_wconf 75' lang='grc' dir='ltr'>ἀκριϐῶς</span> <span class='ocrx_word' id='word_1_667' title='bbox 2626 4331 2790 4402; x_wconf 66' lang='grc' dir='ltr'>ἴσμεν</span> <span class='ocrx_word' id='word_1_668' title='bbox 2819 4334 2918 4404; x_wconf 85' lang='grc' dir='ltr'>οὐχ</span> <span class='ocrx_word' id='word_1_669' title='bbox 2949 4334 3131 4404; x_wconf 83' lang='grc' dir='ltr'>ὅμοιον</span> <span class='ocrx_word' id='word_1_670' title='bbox 3167 4333 3246 4404; x_wconf 82' lang='grc' dir='ltr'>τῷ</span> <span class='ocrx_word' id='word_1_671' title='bbox 3289 4336 3347 4387; x_wconf 80' lang='grc' dir='ltr'>ὲν</span> <span class='ocrx_word' id='word_1_672' title='bbox 3389 4334 3734 4408; x_wconf 80' lang='grc' dir='ltr'>ἀνθρώποις·</span> 
     </span>
    </p>
   </div>
   <div class='ocr_carea' id='block_1_91' title="bbox 477 4405 2050 4495">
    <p class='ocr_par' dir='ltr' id='par_1_91' title="bbox 477 4405 2050 4477">
     <span class='ocr_line' id='line_1_93' title="bbox 477 4405 2050 4477; baseline 0.006 -20"><span class='ocrx_word' id='word_1_673' title='bbox 477 4415 533 4458; x_wconf 90' lang='lat' dir='ltr'><strong>et</strong></span> <span class='ocrx_word' id='word_1_674' title='bbox 566 4405 895 4474; x_wconf 87' lang='lat' dir='ltr'><strong>agendorum</strong></span> <span class='ocrx_word' id='word_1_675' title='bbox 927 4407 1505 4464; x_wconf 79' lang='lat' dir='ltr'><strong>commonefactorium</strong></span> <span class='ocrx_word' id='word_1_676' title='bbox 1540 4409 1903 4477; x_wconf 87' lang='lat' dir='ltr'><strong>introducens,</strong></span> <span class='ocrx_word' id='word_1_677' title='bbox 1945 4435 2050 4468; x_wconf 82' lang='grc' dir='ltr'>ιιυιι</span> 
     </span>
    </p>
   </div>
   <div class='ocr_carea' id='block_1_92' title="bbox 2161 4405 3736 4495">
    <p class='ocr_par' dir='ltr' id='par_1_92' title="bbox 2161 4405 3736 4495">
     <span class='ocr_line' id='line_1_94' title="bbox 2161 4405 3736 4495; baseline 0.009 -25"><span class='ocrx_word' id='word_1_678' title='bbox 2161 4418 2267 4471; x_wconf 77' lang='grc' dir='ltr'>ἀλλ’</span> <span class='ocrx_word' id='word_1_679' title='bbox 2289 4415 2404 4472; x_wconf 77' lang='grc' dir='ltr'>οἷον</span> <span class='ocrx_word' id='word_1_680' title='bbox 2431 4423 2698 4492; x_wconf 85' lang='grc' dir='ltr'>προσήκει</span> <span class='ocrx_word' id='word_1_681' title='bbox 2727 4427 2867 4478; x_wconf 84' lang='grc' dir='ltr'>νοεῖν</span> <span class='ocrx_word' id='word_1_682' title='bbox 2903 4425 3016 4495; x_wconf 75' lang='grc'>(45)</span> <span class='ocrx_word' id='word_1_683' title='bbox 3049 4426 3184 4480; x_wconf 83' lang='grc' dir='ltr'>Θεοῦ</span> <span class='ocrx_word' id='word_1_684' title='bbox 3212 4426 3406 4495; x_wconf 83' lang='grc' dir='ltr'>Λόγον,</span> <span class='ocrx_word' id='word_1_685' title='bbox 3436 4405 3624 4493; x_wconf 84' lang='grc' dir='ltr'>ζῶντα</span> <span class='ocrx_word' id='word_1_686' title='bbox 3652 4433 3736 4484; x_wconf 68' lang='grc' dir='ltr'><strong>καὶ</strong></span> 
     </span>
    </p>
   </div>
   <div class='ocr_carea' id='block_1_93' title="bbox 477 4495 2049 4572">
    <p class='ocr_par' dir='ltr' id='par_1_93' title="bbox 477 4495 2049 4572">
     <span class='ocr_line' id='line_1_95' title="bbox 477 4495 2049 4572; baseline 0.008 -24"><span class='ocrx_word' id='word_1_687' title='bbox 477 4495 748 4552; x_wconf 87' lang='lat' dir='ltr'><strong>immerito</strong></span> <span class='ocrx_word' id='word_1_688' title='bbox 767 4495 965 4553; x_wconf 86' lang='lat' dir='ltr'><strong>Filium</strong></span> <span class='ocrx_word' id='word_1_689' title='bbox 996 4497 1089 4554; x_wconf 90' lang='lat' dir='ltr'><strong>Dei</strong></span> <span class='ocrx_word' id='word_1_690' title='bbox 1120 4499 1365 4556; x_wconf 89' lang='lat' dir='ltr'><strong>conﬁteri</strong></span> <span class='ocrx_word' id='word_1_691' title='bbox 1395 4507 1650 4570; x_wconf 77' lang='lat' dir='ltr'><strong>gravatur</strong></span> <span class='ocrx_word' id='word_1_692' title='bbox 1676 4513 1834 4570; x_wconf 89' lang='lat' dir='ltr'><strong>quem</strong></span> <span class='ocrx_word' id='word_1_693' title='bbox 1871 4504 2049 4572; x_wconf 87' lang='lat' dir='ltr'><strong>reipsa</strong></span> 
     </span>
    </p>
   </div>
   <div class='ocr_carea' id='block_1_94' title="bbox 477 4587 791 4657">
    <p class='ocr_par' dir='ltr' id='par_1_94' title="bbox 477 4587 791 4657">
     <span class='ocr_line' id='line_1_96' title="bbox 477 4587 791 4657; baseline 0.013 -16"><span class='ocrx_word' id='word_1_694' title='bbox 477 4587 791 4657; x_wconf 81' lang='lat' dir='ltr'><strong>abnegavit.</strong></span> 
     </span>
    </p>
   </div>
   <div class='ocr_carea' id='block_1_95' title="bbox 2157 4509 3736 4589">
    <p class='ocr_par' dir='ltr' id='par_1_95' title="bbox 2157 4509 3736 4589">
     <span class='ocr_line' id='line_1_97' title="bbox 2157 4509 3736 4589; baseline 0.008 -28"><span class='ocrx_word' id='word_1_695' title='bbox 2157 4509 2443 4577; x_wconf 79' lang='grc' dir='ltr'>ὑφεστῶτα</span> <span class='ocrx_word' id='word_1_696' title='bbox 2469 4514 2546 4576; x_wconf 85' lang='grc' dir='ltr'>ὡς</span> <span class='ocrx_word' id='word_1_697' title='bbox 2578 4513 2705 4567; x_wconf 88' lang='grc' dir='ltr'>Υίόν</span> <span class='ocrx_word' id='word_1_698' title='bbox 2741 4514 2872 4585; x_wconf 74' lang='grc'>(46)·</span> <span class='ocrx_word' id='word_1_699' title='bbox 2909 4517 2938 4568; x_wconf 92' lang='grc' dir='ltr'><strong>ὁ</strong></span> <span class='ocrx_word' id='word_1_700' title='bbox 2969 4516 3028 4570; x_wconf 82' lang='grc' dir='ltr'><strong>δὲ</strong></span> <span class='ocrx_word' id='word_1_701' title='bbox 3059 4515 3217 4586; x_wconf 89' lang='grc' dir='ltr'>λόγον</span> <span class='ocrx_word' id='word_1_702' title='bbox 3271 4522 3618 4589; x_wconf 82' lang='grc' dir='ltr'>σημαντικὸν</span> <span class='ocrx_word' id='word_1_703' title='bbox 3651 4523 3736 4576; x_wconf 71' lang='grc' dir='ltr'>καὶ</span> 
     </span>
    </p>
   </div>
   <div class='ocr_carea' id='block_1_96' title="bbox 2152 4598 3736 4677">
    <p class='ocr_par' dir='ltr' id='par_1_96' title="bbox 2152 4598 3736 4677">
     <span class='ocr_line' id='line_1_98' title="bbox 2152 4598 3736 4677; baseline 0.008 -27"><span class='ocrx_word' id='word_1_704' title='bbox 2152 4598 2261 4651; x_wconf 90' lang='grc' dir='ltr'><strong>τῶν</strong></span> <span class='ocrx_word' id='word_1_705' title='bbox 2281 4601 2570 4672; x_wconf 81' lang='grc' dir='ltr'>πρακτέων</span> <span class='ocrx_word' id='word_1_706' title='bbox 2591 4605 3026 4675; x_wconf 83' lang='grc' dir='ltr'>παραγγελτικὸν</span> <span class='ocrx_word' id='word_1_707' title='bbox 3048 4608 3304 4677; x_wconf 79' lang='grc' dir='ltr'>εἰσάγων,</span> <span class='ocrx_word' id='word_1_708' title='bbox 3323 4610 3556 4676; x_wconf 84' lang='grc' dir='ltr'>εἰκότως</span> <span class='ocrx_word' id='word_1_709' title='bbox 3577 4611 3736 4666; x_wconf 82' lang='grc' dir='ltr'>ὤκνει</span> 
     </span>
    </p>
   </div>
   <div class='ocr_carea' id='block_1_97' title="bbox 2152 4687 3437 4772">
    <p class='ocr_par' dir='ltr' id='par_1_97' title="bbox 2152 4687 3437 4772">
     <span class='ocr_line' id='line_1_99' title="bbox 2152 4687 3437 4772; baseline 0.012 -32"><span class='ocrx_word' id='word_1_710' title='bbox 2152 4687 2245 4740; x_wconf 81' lang='grc' dir='ltr'><strong>τὸν</strong></span> <span class='ocrx_word' id='word_1_711' title='bbox 2271 4690 2398 4746; x_wconf 85' lang='grc' dir='ltr'><strong>Υἱὸν</strong></span> <span class='ocrx_word' id='word_1_712' title='bbox 2421 4693 2724 4764; x_wconf 82' lang='grc' dir='ltr'>ὁμολογεῖν,</span> <span class='ocrx_word' id='word_1_713' title='bbox 2757 4695 2817 4750; x_wconf 79' lang='grc' dir='ltr'>ὃν</span> <span class='ocrx_word' id='word_1_714' title='bbox 2850 4697 2998 4770; x_wconf 81' lang='grc' dir='ltr'>αὐτῷ</span> <span class='ocrx_word' id='word_1_715' title='bbox 3025 4698 3171 4772; x_wconf 75' lang='grc' dir='ltr'>ἔργῳ</span> <span class='ocrx_word' id='word_1_716' title='bbox 3197 4702 3437 4772; x_wconf 74' lang='grc' dir='ltr'>ἠρνεῖτο.</span> 
     </span>
    </p>
   </div>
   <div class='ocr_carea' id='block_1_98' title="bbox 555 4813 3731 4903">
    <p class='ocr_par' dir='ltr' id='par_1_98' title="bbox 555 4813 3731 4903">
     <span class='ocr_line' id='line_1_100' title="bbox 555 4813 3731 4903; baseline 0.01 -37"><span class='ocrx_word' id='word_1_717' title='bbox 555 4817 615 4903; x_wconf 59' lang='lat'><strong>&gt;1:</strong></span> <span class='ocrx_word' id='word_1_718' title='bbox 652 4813 975 4903; x_wconf 46' lang='lat' dir='ltr'><strong>Ed...I:aris.,</strong></span> <span class='ocrx_word' id='word_1_719' title='bbox 1006 4832 1130 4903; x_wconf 44' lang='lat' dir='ltr'><strong>pag;</strong></span> <span class='ocrx_word' id='word_1_720' title='bbox 1168 4819 1412 4903; x_wconf 38' lang='lat' dir='ltr'><strong>liga&quot;</strong></span> <span class='ocrx_word' id='word_1_721' title='bbox 1448 4815 1674 4903; x_wconf 80' lang='lat' dir='ltr'><strong>Joan_._l,</strong></span> <span class='ocrx_word' id='word_1_722' title='bbox 1709 4819 1796 4876; x_wconf 88' lang='lat' dir='ltr'><strong>I8.</strong></span> <span class='ocrx_word' id='word_1_723' title='bbox 1869 4821 1915 4855; x_wconf 78' lang='grc'><strong>⁷⁵</strong></span> <span class='ocrx_word' id='word_1_724' title='bbox 1948 4821 2092 4880; x_wconf 89' lang='lat' dir='ltr'><strong>Psal.</strong></span> <span class='ocrx_word' id='word_1_725' title='bbox 2128 4843 2276 4885; x_wconf 68' lang='grc' dir='ltr'>χχιιι</span> <span class='ocrx_word' id='word_1_726' title='bbox 2333 4833 2391 4886; x_wconf 84' lang='lat'><strong>7.</strong></span> <span class='ocrx_word' id='word_1_727' title='bbox 2461 4831 2510 4866; x_wconf 79' lang='lat'><strong>&quot;</strong></span> <span class='ocrx_word' id='word_1_728' title='bbox 2539 4833 2683 4891; x_wconf 85' lang='lat' dir='ltr'><strong>Psal.</strong></span> <span class='ocrx_word' id='word_1_729' title='bbox 2715 4851 2826 4903; x_wconf 80' lang='lat' dir='ltr'><strong>art,</strong></span> <span class='ocrx_word' id='word_1_730' title='bbox 2859 4837 2948 4892; x_wconf 74' lang='lat'><strong>20.</strong></span> <span class='ocrx_word' id='word_1_731' title='bbox 3000 4839 3047 4871; x_wconf 86' lang='lat'><strong>&quot;</strong></span> <span class='ocrx_word' id='word_1_732' title='bbox 3086 4838 3247 4895; x_wconf 84' lang='lat' dir='ltr'><strong>Prov.</strong></span> <span class='ocrx_word' id='word_1_733' title='bbox 3276 4856 3390 4899; x_wconf 75' lang='lat' dir='ltr'><strong>xw.</strong></span> <span class='ocrx_word' id='word_1_734' title='bbox 3425 4841 3483 4898; x_wconf 88' lang='lat'><strong>6.</strong></span> <span class='ocrx_word' id='word_1_735' title='bbox 3562 4845 3612 4876; x_wconf 83' lang='grc'><strong>⁷⁸</strong></span> <span class='ocrx_word' id='word_1_736' title='bbox 3640 4845 3731 4900; x_wconf 79' lang='lat' dir='ltr'><strong>Isa.</strong></span> 
     </span>
    </p>
   </div>
   <div class='ocr_carea' id='block_1_99' title="bbox 482 4883 1662 4955">
    <p class='ocr_par' dir='ltr' id='par_1_99' title="bbox 482 4883 1662 4955">
     <span class='ocr_line' id='line_1_101' title="bbox 482 4883 1662 4955; baseline 0.008 -21"><span class='ocrx_word' id='word_1_737' title='bbox 482 4896 544 4946; x_wconf 82' lang='grc' dir='ltr'><strong>ιι,</strong></span> <span class='ocrx_word' id='word_1_738' title='bbox 579 4883 634 4936; x_wconf 85' lang='grc'>5.</span> <span class='ocrx_word' id='word_1_739' title='bbox 718 4885 763 4917; x_wconf 79' lang='grc' dir='ltr'><strong>τ’</strong></span> <span class='ocrx_word' id='word_1_740' title='bbox 794 4885 909 4942; x_wconf 86' lang='lat' dir='ltr'><strong>Jer.</strong></span> <span class='ocrx_word' id='word_1_741' title='bbox 950 4883 1153 4953; x_wconf 63' lang='lat' dir='ltr'><strong>v1i1,&#39;9.</strong></span> <span class='ocrx_word' id='word_1_742' title='bbox 1229 4889 1275 4922; x_wconf 80' lang='grc' dir='ltr'><strong>⁸ο</strong></span> <span class='ocrx_word' id='word_1_743' title='bbox 1307 4887 1432 4945; x_wconf 90' lang='lat' dir='ltr'><strong>Ose.</strong></span> <span class='ocrx_word' id='word_1_744' title='bbox 1465 4904 1542 4955; x_wconf 72' lang='grc' dir='ltr'>ιι,</span> <span class='ocrx_word' id='word_1_745' title='bbox 1574 4889 1662 4944; x_wconf 78' lang='grc'><strong>17.</strong></span> 
     </span>
    </p>
   </div>
   <div class='ocr_carea' id='block_1_100' title="bbox 554 5025 2028 5102">
    <p class='ocr_par' dir='ltr' id='par_1_100' title="bbox 554 5025 2028 5102">
     <span class='ocr_line' id='line_1_102' title="bbox 554 5025 2028 5102; baseline 0.004 -22"><span class='ocrx_word' id='word_1_746' title='bbox 554 5025 668 5102; x_wconf 77' lang='grc'>(56)</span> <span class='ocrx_word' id='word_1_747' title='bbox 699 5026 873 5102; x_wconf 75' lang='lat' dir='ltr'><strong>Caput</strong></span> <span class='ocrx_word' id='word_1_748' title='bbox 907 5027 978 5082; x_wconf 72' lang='lat'><strong>‘24</strong></span> <span class='ocrx_word' id='word_1_749' title='bbox 1017 5029 1328 5102; x_wconf 77' lang='lat' dir='ltr'><strong>immediate</strong></span> <span class='ocrx_word' id='word_1_750' title='bbox 1356 5026 1628 5102; x_wconf 65' lang='lat' dir='ltr'><strong>dependet</strong></span> <span class='ocrx_word' id='word_1_751' title='bbox 1671 5041 1698 5082; x_wconf 85' lang='lat' dir='ltr'><strong>a</strong></span> <span class='ocrx_word' id='word_1_752' title='bbox 1733 5031 2028 5102; x_wconf 78' lang='lat' dir='ltr'><strong>superiore,</strong></span> 
     </span>
    </p>
   </div>
   <div class='ocr_carea' id='block_1_101' title="bbox 482 5097 1600 5168">
    <p class='ocr_par' dir='ltr' id='par_1_101' title="bbox 482 5097 1600 5168">
     <span class='ocr_line' id='line_1_103' title="bbox 482 5097 1600 5168; baseline 0.001 -18"><span class='ocrx_word' id='word_1_753' title='bbox 482 5100 749 5168; x_wconf 63' lang='lat' dir='ltr'><strong>permeate</strong></span> <span class='ocrx_word' id='word_1_754' title='bbox 773 5097 950 5152; x_wconf 86' lang='lat' dir='ltr'><strong>adhuc</strong></span> <span class='ocrx_word' id='word_1_755' title='bbox 984 5098 1250 5168; x_wconf 81' lang='lat' dir='ltr'><strong>sententia</strong></span> <span class='ocrx_word' id='word_1_756' title='bbox 1288 5099 1504 5168; x_wconf 76' lang='lat' dir='ltr'><strong>prioris.</strong></span> <span class='ocrx_word' id='word_1_757' title='bbox 1531 5097 1600 5168; x_wconf 69' lang='grc' dir='ltr'>Μ.</span> 
     </span>
    </p>
   </div>
   <div class='ocr_carea' id='block_1_102' title="bbox 552 5164 2045 5238">
    <p class='ocr_par' dir='ltr' id='par_1_102' title="bbox 552 5164 2045 5238">
     <span class='ocr_line' id='line_1_104' title="bbox 552 5164 2045 5238; baseline 0.007 -20"><span class='ocrx_word' id='word_1_758' title='bbox 552 5164 665 5238; x_wconf 61' lang='grc'>(57)</span> <span class='ocrx_word' id='word_1_759' title='bbox 699 5164 1359 5238; x_wconf 38' lang='lat' dir='ltr'><strong>“caesumcaesum</strong></span> <span class='ocrx_word' id='word_1_760' title='bbox 1424 5167 1870 5238; x_wconf 87' lang='lat' dir='ltr'><strong>Sic_legendum,</strong></span> <span class='ocrx_word' id='word_1_761' title='bbox 1939 5187 2045 5228; x_wconf 88' lang='lat' dir='ltr'><strong>non</strong></span> 
     </span>
    </p>
   </div>
   <div class='ocr_carea' id='block_1_103' title="bbox 477 5233 1554 5309">
    <p class='ocr_par' dir='ltr' id='par_1_103' title="bbox 477 5233 1554 5309">
     <span class='ocr_line' id='line_1_105' title="bbox 477 5233 1554 5309; baseline 0.004 -21"><span class='ocrx_word' id='word_1_762' title='bbox 477 5233 814 5309; x_wconf 63' lang='grc' dir='ltr'>αἰδούμενος.</span> <span class='ocrx_word' id='word_1_763' title='bbox 847 5233 916 5290; x_wconf 85' lang='grc' dir='ltr'>Μ.</span> <span class='ocrx_word' id='word_1_764' title='bbox 933 5233 1197 5309; x_wconf 70' lang='lat' dir='ltr'><strong>[Secutus</strong></span> <span class='ocrx_word' id='word_1_765' title='bbox 1221 5254 1340 5294; x_wconf 90' lang='lat' dir='ltr'><strong>sum</strong></span> <span class='ocrx_word' id='word_1_766' title='bbox 1368 5234 1554 5309; x_wconf 76' lang='lat' dir='ltr'><strong>codd.]</strong></span> 
     </span>
    </p>
   </div>
   <div class='ocr_carea' id='block_1_104' title="bbox 573 5305 1264 5379">
    <p class='ocr_par' dir='ltr' id='par_1_104' title="bbox 573 5305 1264 5379">
     <span class='ocr_line' id='line_1_106' title="bbox 573 5305 1264 5379; baseline 0.009 -22"><span class='ocrx_word' id='word_1_767' title='bbox 573 5305 665 5379; x_wconf 68' lang='lat'><strong>§§)</strong></span> <span class='ocrx_word' id='word_1_768' title='bbox 692 5305 871 5379; x_wconf 79' lang='lat' dir='ltr'><strong>_Vu_lgo</strong></span> <span class='ocrx_word' id='word_1_769' title='bbox 895 5305 1264 5379; x_wconf 78' lang='grc' dir='ltr'>ὲξελεύσηται.</span> 
     </span>
    </p>
   </div>
   <div class='ocr_carea' id='block_1_105' title="bbox 573 5374 1142 5433">
    <p class='ocr_par' dir='ltr' id='par_1_105' title="bbox 573 5374 1142 5433">
     <span class='ocr_line' id='line_1_107' title="bbox 573 5374 1142 5433; baseline 0.005 -5"><span class='ocrx_word' id='word_1_770' title='bbox 573 5374 664 5433; x_wconf 80' lang='grc'>59)</span> <span class='ocrx_word' id='word_1_771' title='bbox 692 5374 800 5428; x_wconf 79' lang='grc' dir='ltr'>Τοῦ</span> <span class='ocrx_word' id='word_1_772' title='bbox 815 5374 947 5433; x_wconf 34' lang='lat' dir='ltr'><strong>’om.</strong></span> <span class='ocrx_word' id='word_1_773' title='bbox 985 5374 1142 5431; x_wconf 84' lang='lat' dir='ltr'><strong>codd.</strong></span> 
     </span>
    </p>
   </div>
   <div class='ocr_carea' id='block_1_106' title="bbox 479 5443 2050 5564">
    <p class='ocr_par' dir='ltr' id='par_1_106' title="bbox 479 5443 2050 5564">
     <span class='ocr_line' id='line_1_108' title="bbox 479 5443 2050 5564; baseline 0.001 -65"><span class='ocrx_word' id='word_1_774' title='bbox 479 5443 808 5564; x_wconf 43' lang='lat' dir='ltr'><strong>“gallum</strong></span> <span class='ocrx_word' id='word_1_775' title='bbox 857 5447 1038 5518; x_wconf 83' lang='grc' dir='ltr'>Ἀμώς</span> <span class='ocrx_word' id='word_1_776' title='bbox 1082 5462 1134 5512; x_wconf 89' lang='lat' dir='ltr'><strong>v,</strong></span> <span class='ocrx_word' id='word_1_777' title='bbox 1188 5447 1278 5506; x_wconf 87' lang='lat' dir='ltr'><strong>I0.</strong></span> <span class='ocrx_word' id='word_1_778' title='bbox 1340 5446 1460 5502; x_wconf 80' lang='lat' dir='ltr'><strong>Mox</strong></span> <span class='ocrx_word' id='word_1_779' title='bbox 1519 5444 1676 5517; x_wconf 83' lang='lat' dir='ltr'><strong>vulgo</strong></span> <span class='ocrx_word' id='word_1_780' title='bbox 1730 5447 1894 5515; x_wconf 82' lang='grc' dir='ltr'>αὐτὸς</span> <span class='ocrx_word' id='word_1_781' title='bbox 1955 5452 2050 5507; x_wconf 77' lang='grc' dir='ltr'><strong>καὶ</strong></span> 
     </span>
    </p>
   </div>
   <div class='ocr_carea' id='block_1_107' title="bbox 512 5530 698 5584">
    <p class='ocr_par' dir='ltr' id='par_1_107' title="bbox 512 5530 698 5584">
     <span class='ocr_line' id='line_1_109' title="bbox 512 5530 698 5584; baseline 0 0"><span class='ocrx_word' id='word_1_782' title='bbox 512 5530 698 5584; x_wconf 64' lang='grc' dir='ltr'><strong>μοςωςο</strong></span> 
     </span>
    </p>
   </div>
   <div class='ocr_carea' id='block_1_108' title="bbox 481 5581 2039 5718">
    <p class='ocr_par' dir='ltr' id='par_1_108' title="bbox 481 5581 2039 5718">
     <span class='ocr_line' id='line_1_110' title="bbox 481 5581 2039 5718; baseline 0.003 -80"><span class='ocrx_word' id='word_1_783' title='bbox 481 5581 666 5718; x_wconf 43' lang='grc' dir='ltr'><strong>ᾦξέίΐ)</strong></span> <span class='ocrx_word' id='word_1_784' title='bbox 714 5581 905 5642; x_wconf 85' lang='lat' dir='ltr'><strong>Omitt.</strong></span> <span class='ocrx_word' id='word_1_785' title='bbox 935 5585 1117 5647; x_wconf 82' lang='lat' dir='ltr'><strong>codd.;</strong></span> <span class='ocrx_word' id='word_1_786' title='bbox 1157 5587 1281 5644; x_wconf 90' lang='lat' dir='ltr'><strong>dein</strong></span> <span class='ocrx_word' id='word_1_787' title='bbox 1304 5586 1463 5657; x_wconf 86' lang='lat' dir='ltr'><strong>vulgo</strong></span> <span class='ocrx_word' id='word_1_788' title='bbox 1509 5587 1603 5642; x_wconf 75' lang='grc' dir='ltr'>καὶ</span> <span class='ocrx_word' id='word_1_789' title='bbox 1635 5587 1845 5654; x_wconf 87' lang='grc' dir='ltr'>τούτοις</span> <span class='ocrx_word' id='word_1_790' title='bbox 1875 5590 2039 5662; x_wconf 83' lang='grc' dir='ltr'>ὃμοια</span> 
     </span>
    </p>
   </div>
   <div class='ocr_carea' id='block_1_109' title="bbox 2217 5038 3727 5120">
    <p class='ocr_par' dir='ltr' id='par_1_109' title="bbox 2217 5038 3727 5120">
     <span class='ocr_line' id='line_1_111' title="bbox 2217 5038 3727 5120; baseline 0.009 -28"><span class='ocrx_word' id='word_1_791' title='bbox 2217 5038 2331 5120; x_wconf 62' lang='grc' dir='ltr'>(ρΞ)</span> <span class='ocrx_word' id='word_1_792' title='bbox 2355 5040 2794 5120; x_wconf 55' lang='grc' dir='ltr'>ξρπωςφόρας.</span> <span class='ocrx_word' id='word_1_793' title='bbox 2841 5042 3040 5120; x_wconf 73' lang='lat' dir='ltr'><strong>Facilis</strong></span> <span class='ocrx_word' id='word_1_794' title='bbox 3100 5047 3414 5120; x_wconf 52' lang='lat' dir='ltr'><strong>correctio,</strong></span> <span class='ocrx_word' id='word_1_795' title='bbox 3441 5048 3727 5120; x_wconf 72' lang='grc' dir='ltr'>διαφοράς·</span> 
     </span>
    </p>
   </div>
   <div class='ocr_carea' id='block_1_110' title="bbox 2155 5111 3732 5186">
    <p class='ocr_par' dir='ltr' id='par_1_110' title="bbox 2155 5111 3732 5186">
     <span class='ocr_line' id='line_1_112' title="bbox 2155 5111 3732 5186; baseline 0.006 -24"><span class='ocrx_word' id='word_1_796' title='bbox 2155 5111 2248 5186; x_wconf 77' lang='lat' dir='ltr'><strong>sed</strong></span> <span class='ocrx_word' id='word_1_797' title='bbox 2277 5112 2404 5186; x_wconf 84' lang='lat' dir='ltr'><strong>quid</strong></span> <span class='ocrx_word' id='word_1_798' title='bbox 2432 5115 2476 5167; x_wconf 87' lang='lat' dir='ltr'><strong>si</strong></span> <span class='ocrx_word' id='word_1_799' title='bbox 2504 5111 2680 5185; x_wconf 76' lang='grc' dir='ltr'>φύρας</span> <span class='ocrx_word' id='word_1_800' title='bbox 2703 5115 2949 5186; x_wconf 73' lang='lat' dir='ltr'><strong>legatur?</strong></span> <span class='ocrx_word' id='word_1_801' title='bbox 2975 5125 3122 5170; x_wconf 90' lang='lat' dir='ltr'><strong>certe</strong></span> <span class='ocrx_word' id='word_1_802' title='bbox 3146 5118 3290 5171; x_wconf 86' lang='lat' dir='ltr'><strong>enim</strong></span> <span class='ocrx_word' id='word_1_803' title='bbox 3325 5118 3444 5171; x_wconf 84' lang='lat' dir='ltr'><strong>vult</strong></span> <span class='ocrx_word' id='word_1_804' title='bbox 3468 5111 3595 5173; x_wconf 79' lang='lat' dir='ltr'><strong>eum</strong></span> <span class='ocrx_word' id='word_1_805' title='bbox 3622 5111 3732 5186; x_wconf 66' lang='lat' dir='ltr'><strong>per-</strong></span> 
     </span>
    </p>
   </div>
   <div class='ocr_carea' id='block_1_111' title="bbox 2149 5179 3728 5258">
    <p class='ocr_par' dir='ltr' id='par_1_111' title="bbox 2149 5179 3728 5258">
     <span class='ocr_line' id='line_1_113' title="bbox 2149 5179 3728 5258; baseline 0.006 -26"><span class='ocrx_word' id='word_1_806' title='bbox 2149 5179 2432 5258; x_wconf 66' lang='lat' dir='ltr'><strong>miscuisse</strong></span> <span class='ocrx_word' id='word_1_807' title='bbox 2455 5179 2638 5237; x_wconf 77' lang='lat' dir='ltr'><strong>omnia</strong></span> <span class='ocrx_word' id='word_1_808' title='bbox 2670 5179 2868 5252; x_wconf 82' lang='lat' dir='ltr'><strong>susque</strong></span> <span class='ocrx_word' id='word_1_809' title='bbox 2901 5185 3112 5258; x_wconf 87' lang='lat' dir='ltr'><strong>deque;</strong></span> <span class='ocrx_word' id='word_1_810' title='bbox 3142 5188 3325 5258; x_wconf 64' lang='lat' dir='ltr'><strong>statim</strong></span> <span class='ocrx_word' id='word_1_811' title='bbox 3353 5187 3574 5258; x_wconf 87' lang='lat' dir='ltr'><strong>legend.</strong></span> <span class='ocrx_word' id='word_1_812' title='bbox 3597 5179 3728 5244; x_wconf 71' lang='grc' dir='ltr'>ἄπο-</span> 
     </span>
    </p>
   </div>
   <div class='ocr_carea' id='block_1_112' title="bbox 2152 5247 3257 5326">
    <p class='ocr_par' dir='ltr' id='par_1_112' title="bbox 2152 5247 3257 5326">
     <span class='ocr_line' id='line_1_114' title="bbox 2152 5247 3257 5326; baseline 0.005 -23"><span class='ocrx_word' id='word_1_813' title='bbox 2152 5247 2525 5326; x_wconf 66' lang='grc' dir='ltr'>στελλόμενον,</span> <span class='ocrx_word' id='word_1_814' title='bbox 2548 5262 2607 5326; x_wconf 85' lang='lat' dir='ltr'><strong>ut</strong></span> <span class='ocrx_word' id='word_1_815' title='bbox 2632 5263 2765 5326; x_wconf 12' lang='lat' dir='ltr'><strong>erat;</strong></span> <span class='ocrx_word' id='word_1_816' title='bbox 2782 5247 2836 5308; x_wconf 83' lang='lat' dir='ltr'><strong>in</strong></span> <span class='ocrx_word' id='word_1_817' title='bbox 2862 5247 3142 5326; x_wconf 67' lang='lat' dir='ltr'><strong>margine.</strong></span> <span class='ocrx_word' id='word_1_818' title='bbox 3187 5255 3257 5310; x_wconf 80' lang='grc' dir='ltr'>Μ.</span> 
     </span>
    </p>
   </div>
   <div class='ocr_carea' id='block_1_113' title="bbox 2223 5320 2928 5392">
    <p class='ocr_par' dir='ltr' id='par_1_113' title="bbox 2223 5320 2928 5392">
     <span class='ocr_line' id='line_1_115' title="bbox 2223 5320 2928 5392; baseline 0.017 -24"><span class='ocrx_word' id='word_1_819' title='bbox 2223 5320 2333 5392; x_wconf 57' lang='grc'>(45)</span> <span class='ocrx_word' id='word_1_820' title='bbox 2347 5320 2528 5392; x_wconf 75' lang='lat' dir='ltr'><strong>Vulgo</strong></span> <span class='ocrx_word' id='word_1_821' title='bbox 2548 5323 2928 5382; x_wconf 86' lang='grc' dir='ltr'>ἁποστολικόν.</span> 
     </span>
    </p>
   </div>
   <div class='ocr_carea' id='block_1_114' title="bbox 2224 5389 3508 5467">
    <p class='ocr_par' dir='ltr' id='par_1_114' title="bbox 2224 5389 3508 5467">
     <span class='ocr_line' id='line_1_116' title="bbox 2224 5389 3508 5467; baseline 0.009 -24"><span class='ocrx_word' id='word_1_822' title='bbox 2363 5389 2534 5467; x_wconf 64' lang='lat' dir='ltr'><strong>Vulgo</strong></span> <span class='ocrx_word' id='word_1_823' title='bbox 2559 5393 2776 5458; x_wconf 83' lang='grc' dir='ltr'>πάντως</span> <span class='ocrx_word' id='word_1_824' title='bbox 2801 5393 2991 5450; x_wconf 86' lang='grc' dir='ltr'>τοῦτον</span> <span class='ocrx_word' id='word_1_825' title='bbox 3020 5395 3151 5466; x_wconf 77' lang='grc' dir='ltr'>περὶ</span> <span class='ocrx_word' id='word_1_826' title='bbox 3186 5394 3286 5467; x_wconf 77' lang='grc' dir='ltr'><strong>τήν</strong></span> <span class='ocrx_word' id='word_1_827' title='bbox 3313 5396 3508 5454; x_wconf 82' lang='grc' dir='ltr'>ὁσίων.</span> 
     </span>
    </p>
   </div>
   <div class='ocr_carea' id='block_1_115' title="bbox 2224 5459 2876 5532">
    <p class='ocr_par' dir='ltr' id='par_1_115' title="bbox 2224 5459 2876 5532">
     <span class='ocr_line' id='line_1_117' title="bbox 2224 5459 2876 5532; baseline 0.011 -20"><span class='ocrx_word' id='word_1_828' title='bbox 2224 5459 2337 5532; x_wconf 55' lang='grc'>(45)</span> <span class='ocrx_word' id='word_1_829' title='bbox 2363 5459 2534 5532; x_wconf 71' lang='lat' dir='ltr'><strong>Vulgo</strong></span> <span class='ocrx_word' id='word_1_830' title='bbox 2572 5479 2681 5517; x_wconf 91' lang='lat' dir='ltr'><strong>om.</strong></span> <span class='ocrx_word' id='word_1_831' title='bbox 2715 5467 2876 5519; x_wconf 84' lang='grc' dir='ltr'>νοεῖν.</span> 
     </span>
    </p>
   </div>
   <div class='ocr_carea' id='block_1_116' title="bbox 2219 5529 3711 5613">
    <p class='ocr_par' dir='ltr' id='par_1_116' title="bbox 2219 5529 3711 5613">
     <span class='ocr_line' id='line_1_118' title="bbox 2219 5529 3711 5613; baseline 0.008 -31"><span class='ocrx_word' id='word_1_832' title='bbox 2219 5529 2645 5613; x_wconf 40' lang='grc' dir='ltr'>(ίϐλὩςΥἱόν.</span> <span class='ocrx_word' id='word_1_833' title='bbox 2683 5533 2858 5603; x_wconf 90' lang='lat' dir='ltr'><strong>Deest,</strong></span> <span class='ocrx_word' id='word_1_834' title='bbox 2889 5535 3100 5607; x_wconf 89' lang='lat' dir='ltr'><strong>opinor,</strong></span> <span class='ocrx_word' id='word_1_835' title='bbox 3119 5535 3366 5608; x_wconf 74' lang='grc' dir='ltr'>νομίζειν</span> <span class='ocrx_word' id='word_1_836' title='bbox 3397 5551 3520 5609; x_wconf 90' lang='lat' dir='ltr'><strong>post</strong></span> <span class='ocrx_word' id='word_1_837' title='bbox 3555 5555 3711 5613; x_wconf 79' lang='grc' dir='ltr'>προσ-</span> 
     </span>
    </p>
   </div>
   <div class='ocr_carea' id='block_1_117' title="bbox 2147 5601 2378 5669">
    <p class='ocr_par' dir='ltr' id='par_1_117' title="bbox 2147 5601 2378 5669">
     <span class='ocr_line' id='line_1_119' title="bbox 2147 5601 2378 5669; baseline 0 -16"><span class='ocrx_word' id='word_1_838' title='bbox 2147 5601 2290 5669; x_wconf 83' lang='grc' dir='ltr'>ήκεὶ.</span> <span class='ocrx_word' id='word_1_839' title='bbox 2319 5602 2378 5656; x_wconf 89' lang='grc' dir='ltr'>Μ.</span> 
     </span>
    </p>
   </div>
  </div>
