3828 6222
118 313 231 373 965
759 367 761 369 .

742 426 910 481 KEtI)-
952 426 1080 482 KE'.

317 518 574 583 Ὅπως-ό
594 517 775 584 αὐτὸς
803 519 992 584 ἐαυτῷ
1014 520 1256 574 ἐναντία
1287 521 1529 591 ἔγραψε.

192 606 327 664 Εἶτα
358 611 451 663 καὶ
487 609 648 673 αὐτὸς
684 611 861 682 ἐαυτῷ
897 612 1158 666 τάναντία
1188 613 1301 683 (47)
1342 614 1569 686 γράφων
1599 631 1700 667 ουκ

117 701 390 756 αῐσθεται.
431 703 520 755 Ἐν
545 701 878 772 ὲτέροιςμὲν
909 701 1017 772 γὰρ
1047 703 1457 773 διῖσχυρίζεται,
1496 704 1699 777 μηδένα

116 787 216 840 τοῦ
261 789 524 861 προτέρου
569 789 720 855 λαοῦ,
754 790 823 844 τὰ
871 791 1012 844 κατὰ
1054 791 1146 845 τὸν
1173 793 1344 860 Λόγον
1381 797 1695 863 ἐγνωκέναι.

116 880 436 952 Μυστήριον
463 880 569 953 γὰρ
584 877 721 934 εἶναι
749 882 1261 956 ἀποκεκρυμμένον.
1287 887 1490 958 Γράφει
1513 888 1569 940 δὲ
1594 882 1696 942 ὧδε

119 972 314 1035 αὑταῖς
342 971 554 1039 λέξεσι·
591 992 610 1023 ι
634 973 699 1025 Τί
724 975 832 1045 γὰρ
857 974 1040 1047 ἕτερον
1076 973 1144 1048 ἦν
1172 979 1661 1052 ἀποκεκρυμμένον
1679 1022 1693 1047 ,

127 1080 147 1112 ι
161 1067 459 1134 μυστήριον
479 1063 512 1134 ἢ
539 1064 598 1117 τὸ
622 1065 764 1118 κατὰ
784 1066 876 1118 τὸν
896 1067 1066 1136 Λόγον
1093 1069 1266 1134 ;οῦτω
1280 1071 1336 1124 δὲ
1355 1072 1465 1143 (48)
1481 1069 1548 1143 ἦν
1563 1074 1697 1127 άπο-

125 1170 144 1202 ι
167 1153 547 1224 κεκρυμμένον
571 1155 630 1207 ὲν
657 1149 891 1228 τῷΘεῷ,
926 1160 1077 1212 τουτὶ
1109 1160 1372 1232 πρότερον
1407 1163 1468 1215 τὸ
1494 1165 1697 1234 μυστή-

123 1261 144 1293 ι
177 1261 313 1314 ριον,
336 1245 475 1298 ὥστε
513 1245 716 1317 μηδένα
758 1249 852 1301 τοῦ
889 1249 1152 1321 προτέρου
1187 1251 1338 1317 λαοῦ,
1397 1254 1582 1323 σαφῶς
1629 1257 1697 1311 τά

120 1348 142 1383 ι
161 1333 304 1386 κατὰ
323 1333 411 1387 τὸν
439 1334 610 1404 Λόγον
630 1335 852 1390 εἰδέναισ
885 1337 997 1391 ἀλλ’
1023 1340 1190 1410 ἡμᾶς,
1217 1341 1310 1394 τοῦ
1341 1341 1572 1397 πλούτου
1598 1346 1698 1416 τῆς

119 1440 140 1474 ι
169 1423 330 1495 δόξης
387 1425 479 1478 καὶ
522 1425 614 1480 τοῦ
664 1427 1154 1505 ἀποκεκρυμμένου
1216 1436 1513 1507 μυστηρίου
1560 1439 1695 1492 άπο-

120 1532 144 1566 ι
167 1514 358 1569 λαύειν
378 1517 513 1571 νυνί.
540 1537 560 1569 ι
581 1519 691 1572 Καὶ
719 1515 873 1584 αὖθις
904 1523 1165 1592 ἐπιλέγει,
1185 1545 1205 1577 ι
1229 1526 1286 1578 'U
1301 1526 1356 1580 δὲ
1393 1529 1534 1600 ἱερὸς
1562 1530 1698 1583 ἀπό-

121 1624 142 1658 ι
163 1606 350 1670 στολός
376 1625 435 1660 τε
464 1610 558 1662 καὶ
586 1610 830 1683 μαθητὴς
854 1612 946 1666 τοῦ
974 1616 1178 1687 Κυρίου
1216 1618 1484 1690 Ἰωάννης,
1510 1621 1697 1690 σαφῶς

119 1716 139 1749 ι
164 1699 263 1751 καὶ
308 1699 600 1772 διαρρήδην
625 1704 682 1754 ὲν
726 1704 866 1776 ἀρχῇ
901 1705 998 1759 τοῦ
1037 1708 1368 1778 Εύαγγελ-ίου
1405 1712 1692 1778 διδάσκων,

1091 314 1178 370 DE
1218 315 1752 373 ECCLESIASTICA
1788 319 2174 376 THEOLOGIA
2208 321 2342 377 LIB.
2386 318 2444 376 11.

1731 439 1779 495 Α

3271 315 3378 376 966

2411 432 2562 488 CAP.
2599 428 2760 488 XXV.

2069 523 2310 590 Qualiter
2336 525 2434 578 sibi
2467 525 2568 593 ipsi
2597 523 2862 577 contraria
2889 521 3102 577 scribat.

1867 608 1984 668 Non
2036 615 2282 685 intelligit
2314 630 2476 686 porro
2509 617 2652 685 quod
2696 613 2796 668 sibi
2828 613 2927 682 ipsi
2956 612 3373 668 contradictoria

1799 706 2010 762 scribit.
2048 703 2259 760 Alicubi
2300 705 2567 774 siquidem
2593 713 2978 759 asseveranter
3012 700 3221 768 statuit,
3251 701 3374 755 nul-

1800 797 1906 850 lum
1948 797 2169 866 penitus
2209 797 2275 852 de
2317 796 2538 865 antiquo
2592 794 2683 850 illo
2735 793 2929 864 populo
2978 791 3266 862 quidquam
3306 793 3374 845 de

1800 886 1976 944 Vcrho
2007 889 2342 957 cognovisse.
2391 887 2527 941 Nam
2557 895 2674 941 erat
2697 885 3014 955 mysterium
3054 889 3114 947 »Β
3141 882 3374 937 abscon-

1798 980 1988 1046 ditum,
2018 981 2212 1049 inquit.
2245 971 2420 1033 Verba
2453 974 2566 1048 ejus
2591 986 2718 1031 sunt
2740 975 2841 1048 ‘[R.
2867 975 3028 1042 XLV,
3065 975 3188 1029 coll.
3219 989 3272 1038 ι).
3299 973 3372 1026 40

1801 1062 1864 1142 1)]
1899 1087 1912 1125 :
1955 1091 1973 1122 ι
1999 1065 2134 1137 Quid
2163 1070 2306 1124 aliud
2334 1079 2449 1123 erat
2480 1072 2792 1140 mysterium
2818 1067 2944 1122 illud
2968 1068 3368 1126 absconditum,

1803 1181 1822 1212 ι
1848 1177 2004 1231 qnam
2035 1158 2160 1215 illud
2197 1161 2260 1216 de
2280 1155 2502 1215 Verbo?
2555 1160 2686 1214 Nam
2719 1169 2838 1214 erat
2899 1160 3001 1213 hoc
3049 1158 3367 1228 mysterium

1803 1273 1820 1304 ι
1845 1253 1980 1308 adeo
2005 1253 2129 1306 olim
2163 1254 2215 1308 in
2255 1253 2363 1307 Deo
2389 1253 2784 1317 absconditum,
2819 1260 2878 1305 ut
2910 1264 2940 1306 e
2963 1251 3128 1321 priori
3158 1251 3247 1304 illo
3275 1265 3371 1320 po-

1803 1363 1822 1394 ι
1845 1345 1989 1414 pulo,
2018 1344 2191 1399 nullus
2217 1344 2374 1414 plane
2405 1345 2506 1400 hoc
2539 1347 2713 1413 ipsum
2755 1343 3094 1414 intelligeret.
3127 1342 3232 1397 Sed
3271 1357 3370 1396 no-

1803 1435 1928 1489 tbis
1968 1434 2079 1503 jam
2125 1449 2377 1490 concessa
2434 1444 2517 1490 est
2577 1435 2762 1491 fruitio
2816 1435 3126 1490 divitiarum
3186 1434 3370 1502 gloriae

1803 1546 1821 1578 ι
1849 1527 2035 1596 ipsius,
2073 1535 2127 1582 ct
2167 1526 2418 1600 mysterii
2453 1527 2595 1582 illius
2639 1513 3130 1583 reconditissimin
3172 1527 3368 1579 Statim

1798 1635 1928 1673 vero
1989 1618 2255 1673 subinl'ert
2289 1617 2381 1690 [Β.
2415 1616 2578 1672 XLVI
2625 1617 2749 1675 coll.
2802 1633 2858 1686 p.
2906 1617 2977 1672 56
3020 1617 3064 1671 D
3114 1616 3214 1671 H8
3241 1614 3305 1688 C]
3349 1633 3366 1670 ι

1805 1711 2233 1765 ιὸοηοιίεείηιυε
2282 1725 2409 1765 vero
2457 1709 2749 1779 apostolus,
2797 1717 2852 1763 et
2883 1708 3091 1762 Domini
3133 1707 3370 1778 discipu-

116 1808 134 1839 ι
160 1789 240 1854 ὡς
249 1792 442 1859 άγνοού
452 1810 610 1863 μενον
630 1796 687 1846 έν
709 1795 1014 1868 ἀνθρώποις
1033 1801 1315 1873 πρότερον,
1343 1804 1514 1871 Λόγον
1531 1806 1691 1860 αὑτὸν

1801 1824 1817 1853 ι
1845 1804 1923 1858 lus
1949 1803 2203 1868 Joannes,
2239 1803 2472 1857 exertim
2506 1808 2562 1856 et
2603 1811 2790 1872 aperte
2817 1801 2868 1854 in
2903 1811 3095 1856 exortu
3133 1801 3371 1868 Evange-

116 1900 134 1932 ι
163 1880 263 1935 τοῦ
299 1885 736 1959 παντοκράτορος
770 1887 1070 1960 ὀνομάζων,
1104 1893 1272 1959 οὕτως
1297 1895 1422 1968 ἔφη,
1466 1899 1563 1951 Ἐν·
1597 1900 1692 1969 ἀρ-

97 1992 135 2024 1
161 1973 252 2044 χῇ
272 1971 352 2046 ἦν
378 1979 410 2030 ό
437 1977 645 2047 Λόγος.
677 1999 696 2031 ι
742 1981 830 2034 Ἐν
864 1982 1072 2048 τούτοις
1098 1985 1195 2055 μὲν
1225 1984 1319 2041 οὖν
1344 1990 1692 2062 ἀποκεκρυμ-

97 2067 279 2137 ,μένον
305 2070 600 2141 μυστήριον
646 2070 934 2144 διορίζεται
963 2070 1100 2129 εἶναι
1121 2077 1202 2141 τὸ,
1238 2079 1366 2150 περὶ
1391 2080 1490 2133 τοῦ
1520 2083 1691 2150 Λόγον
1727 2091 1732 2096 “

98 2159 260 2228 ἔχειν
278 2159 369 2213 τὸν
391 2159 541 2228 Θεὸν,
576 2162 632 2215 ἐν
664 2163 720 2216 δὲ
747 2166 868 2229 ταῖς
897 2160 1097 2238 ἀρτίως
1123 2170 1541 2239 παρατεθείσαις
1565 2190 1694 2244 προ-

99 2254 375 2320 φητικαϊς
400 2255 622 2320 φωναῖς,
642 2254 820 2319 πάσας
842 2256 938 2321 τὰς
966 2257 1115 2322 θείας
1138 2259 1689 2332 Γραφὰςμηρύττειν,

87 2345 182 2398 ’τά
218 2345 362 2416 περὶ
412 2345 574 2400 αὐτοῦ
626 2349 924 2421 συνίστησι,
965 2349 1061 2404 καὶ
1111 2351 1330 2420 συνάγει
1363 2354 1492 2424 περὶ
1519 2355 1690 2423 Λόγου

105 2433 274 2500 Θεοῦ,
297 2434 562 2500 ’πλείστας
582 2435 714 2499 ὅσας
745 2439 1070 2512 μαρτυρίας.
1095 2440 1207 2494 Οὐκ
1235 2435 1343 2513 ἆρα
1371 2437 1438 2513 ἦν
1473 2443 1696 2511 ἀγνοού-

89 2543 279 2596 μενος
305 2526 383 2598 τῷ
415 2528 664 2600 προτέρῳ
689 2529 821 2600 λαῷ⁹
853 2531 1054 2596 πάντες
1082 2533 1190 2604 γάρ
1217 2535 1394 2597 αὐτοὶ,
1430 2537 1554 2599 τοὺς
1581 2553 1692 2589 τοι-

97 2617 303 2681 ούτους
333 2618 524 2688 λόγους
555 2620 750 2690 ᾔδεσαν
787 2620 892 2674 ἀνὰ
919 2622 1110 2693 στόμα,
1147 2626 1240 2678 καὶ
1264 2625 1352 2679 διὰ
1386 2629 1603 2698 μνήμης
1626 2627 1696 2681 τὰ

91 2711 428 2781 Δτιτροφητικιῖι
448 2712 602 2781 λόγια
625 2713 901 2786 φέροντες.
935 2715 1093 2770 Ἀλλὰ
1112 2717 1202 2771 τὸν
1228 2722 1556 2791 γραμματέα
1585 2722 1694 2775 τῶν

117 2802 392 2856 Ἰουδαίων
417 2806 549 2875 ἡμῖν
579 2807 608 2858 ὁ
637 2807 957 2877 Χριστιανὸς
988 2810 1330 2881 προΐσχεται·
1358 2812 1457 2866 οὐκ
1482 2813 1692 2868 ἀκούων

101 2891 208 2945 τοῦ
231 2890 480 2965 Σωτῆρος
507 2895 777 2965 λέγοντος,
811 2898 956 2952 Οὐαὶ
992 2898 1153 2970 ὑμῖν,
1184 2903 1561 2973 γραμματεῖς,
1593 2905 1692 2959 καὶ

104 2984 421 3053 Φαρισαῖοι
440 2988 775 3056 ὑποκριταὶ,
815 2989 1083 3062 θαυμάζει
1111 3010 1170 3046 τε
1213 2993 1375 3048 αὑτὸν
1407 2995 1513 3067 (49)
1546 2996 1693 3069 ὅρκῳ

104 3077 473 3149 πιστούμενον
523 3081 604 3133 ὅτι
643 3079 748 3147 Εἷς
786 3082 957 3138 ἐστιν
994 3087 1028 3139 ὁ
1074 3084 1238 3150 Θεὸς,
1284 3087 1381 3141 καὶ
1424 3090 1536 3142 οὐκ
1561 3090 1693 3144 ἐστι

104 3166 282 3235 πλὴν
320 3169 526 3235 αὑτοῦ,
561 3169 662 3224 ούκ
693 3171 870 3239 εἰδὼς,
907 3173 989 3228 ὅτι
1021 3175 1116 3229 καὶ
1159 3175 1228 3228 τὰ
1272 3175 1557 3248 «δαιμόνια
1604 3197 1693 3234 πι-

111 3277 133 3309 ι
159 3255 430 3322 στεύουσι,
460 3260 554 3313 καὶ
582 3261 882 3330 φρίττουσι.
909 3281 930 3315 ι
972 3263 1138 3335 Τήρει
1173 3264 1228 3318 δὲ
1248 3265 1394 3330 ὅπως
1427 3266 1485 3333 ἐξ
1512 3267 1691 3322 αὐτῶν

106 3350 221 3405 τῶν
244 3351 600 3422 προφητικῶν
618 3351 871 3424 Γραφῶν,
901 3354 968 3408 τά
1000 3357 1127 3428 περὶ
1151 3355 1324 3425 Λόγου
1347 3357 1566 3427 συνάγει
1592 3358 1687 3413 τοῦ

107 3442 222 3495 τῶν
249 3443 536 3515 πρακτέων
575 3445 950 3502 διδασκαλικοῦ
970 3467 984 3481 ο
1017 3449 1076 3502 ὃν
1116 3451 1209 3504 καὶ⁹
1255 3451 1521 3505 Ἰουδαίων
1564 3455 1691 3506 παῖ-

106 3532 199 3596 δες
226 3534 510 3607 γνωρίζειν
535 3538 957 3610 ὁμολογήσουσιν
987 3542 1119 3613 (50),
1147 3543 1241 3596 ἅτε
1266 3543 1372 3615 πρὸ
1399 3543 1558 3615 ἡμῶν
1575 3543 1691 3596 τοῦ·

106 3640 205 3676 τον
256 3626 678 3698 παρειληφότες.
740 3631 879 3684 Ἀλλ’
913 3633 1032 3686 οὐδὲ
1073 3633 1235 3698 αὐτὸς
1276 3634 1561 3696 Σαὸέλλιος
1599 3635 1690 3689 τὸν

106 3717 353 3770 τοιοῦτον
385 3720 568 3788 ἠγνόει
588 3722 778 3791 Λόγον.
815 3724 939 3788 Πῶς
957 3720 1049 3778 οὖν
1078 3726 1361 3791 Ἰουδαίους
1389 3727 1480 3780 καὶ
1501 3727 1690 3781 Σαϐέλ-

105 3807 226 3860 λιον
270 3808 506 3875 κόπτων,
547 3811 620 3882 μὴ
653 3813 947 3882 ἐγνωκέναι
997 3815 1088 3869 τὸν
1133 3817 1303 3886 Λόγον
1361 3817 1484 3888 ἔφη,
1519 3817 1583 3870 δι’
1615 3812 1690 3871 ὧν

110 3896 435 3970 παρεθέμην
463 3899 627 3955 αὑτοῦ
663 3904 891 3972 φωνῶν;
939 3906 1048 3958 Καὶ
1087 3907 1272 3978 ἐπειδὴ
1309 3908 1688 3978 ἀποπέφανται

106 3992 137 4043 ὁ
163 3991 349 4056 αὐτὸς,
389 3992 478 4046 διὰ
515 3993 624 4048 τῶν
650 3995 975 4067 ἔμπροσθεν,
1017 3999 1306 4063 ὡςιούδεὶς
1337 3999 1556 4053 ἐδύνατο
1597 4000 1690 4054 τὸν

107 4082 246 4138 Θεὸν
289 4085 506 4148 εἰδέναι,
537 4087 657 4140 οὐδὲ
684 4089 775 4142 τὸν
805 4089 975 4158 Λόγον
1000 4089 1282 4162 γνωρίζειν
1310 4091 1474 4146 αὑτοῦ
1528 4093 1576 4146 εί
1611 4093 1684 4165 μὴ

107 4173 211 4246 τὴν
249 4174 434 4229 εἰκόνα
480 4177 690 4247 εἰλήφει
717 4174 810 4232 τοῦ
869 4178 1097 4252 ἀοράτου
1135 4180 1294 4248 Θεοῦ,
1350 4181 1550 4254 δηλαδὴ
1590 4183 1689 4255 τὴν

110 4264 312 4335 σάρκα,
347 4266 422 4331 ὡς
455 4268 613 4333 αὐτὸς
641 4268 780 4340 ἔφη’
834 4270 942 4340 (διὰ
987 4271 1153 4342 μόνης
1183 4272 1291 4344 γὰρ
1342 4274 1440 4344 τῆς
1481 4275 1687 4339 εἰκόνος

107 4356 471 4428 γνωρίζεσθαι
510 4358 602 4413 τὸν
634 4359 764 4412 Θεὸν
797 4360 1011 4414 καὶτὸν
1056 4361 1242 4415 τούτου
1285 4363 1457 4431 Λόγον
1497 4364 1690 4418 διετεί-

107 4466 261 4513 νατο,
293 4448 392 4520 τὴν
427 4451 602 4522 σάρκα
638 4451 810 4520 λέγων
864 4449 1121 4524 εἶναιτὴν
1154 4454 1335 4507 εἰκόνα
1439 4457 1683 4529 ὑπομνη-
1717 4479 1759 4534 ι)

109 4539 267 4592 στὲον
315 4539 402 4592 διὰ
433 4540 540 4594 τῶν
589 4543 964 4613 προκειμένων
1010 4543 1085 4607 ὡς
1111 4543 1231 4614 δίχα
1282 4545 1379 4615 τῆς
1422 4546 1684 4617 ὲνσάρκου

109 4629 412 4701 παρουσίας
439 4631 675 4684 Ἰουδαῖοι
725 4633 924 4696 πάντες
968 4633 1058 4686 τὸν
1082 4632 1235 4701 λόγον
1279 4633 1370 4686 τοῦ
1403 4633 1561 4698 Θεοῦ,
1594 4635 1689 4689 καὶ

104 4722 234 4784 τοὺς
275 4721 465 4789 λόγους
496 4722 619 4786 τοὺς
657 4725 714 4776 ἐν
737 4727 856 4787 ταῖς
888 4727 1250 4796 προφητικαῖς
1277 4728 1535 4797 γραφαῖς,
1577 4726 1687 4779 τῶν

108 4811 272 4865 ὁσίων
312 4813 488 4885 ἔργων
547 4816 1033 4886 παραγγελτικοὺς,
1078 4817 1320 4888 ἀκριϐῶς
1373 4817 1586 4889 ᾔδεσαν,
1630 4819 1689 4883 ἐξ

109 4901 336 4956 ἁπαλῶν
388 4905 593 4976 ὀνύχων
640 4907 860 4970 τούτους
907 4908 1407 4979 καταμελετῶντες·
1455 4911 1550 4964 καὶ
1598 4911 1688 4965 τὸν

108 4993 244 5046 Θεὸν
267 4994 579 5066 ὡμολόγουν
602 4997 692 5053 τὸν
717 4999 931 5054 πάντων
961 5000 1188 5072 ποιητὴν
1213 5000 1306 5054 καὶ
1326 4999 1649 5072 δημιουργόν
1669 5019 1682 5032 ·

107 5085 301 5159 ὥσπερ
333 5083 426 5144 οὖν
467 5091 562 5142 καὶ
583 5090 961 5162 γραμματεὺς,
994 5093 1022 5144 ὁ
1049 5090 1114 5144 δι’
1145 5091 1306 5162 ὅρκου
1337 5090 1693 5161 πιστούμενος

1791 1893 1919 1957 alii,
1952 1893 2114 1948 veluti
2147 1893 2237 1962 qui
2272 1893 2486 1945 doceret
2528 1890 2670 1960 quod
2729 1889 2878 1958 prius
2909 1887 3257 1958 ignorabatur
3294 1886 3372 1940 in.

1797 2008 1816 2039 ι
1843 1996 1924 2042 ter
1952 1989 2216 2052 homines,
2253 1985 2490 2041 Verbum
2543 1982 2931 2053 omnipotentis
2968 1994 3089 2034 eum
3124 1980 3369 2034 nominat

1799 2098 1817 2130 ι
1848 2079 1920 2132 ita
1975 2078 2242 2147 inquiens,
2279 2074 2353 2129 ‘In
2405 2074 2660 2143 principio
2697 2081 2818 2127 erat
2875 2070 3094 2126 Verbum
3113 2071 3181 2124 ⁸⁸.
3211 2089 3233 2124 ι
3287 2070 3366 2124 lla

1793 2170 2068 2224 contendit
2105 2169 2149 2224 is
2169 2184 2266 2236 per
2296 2169 2395 2221 ista
2438 2165 2811 2220 absconditum
2854 2163 3168 2234 mysterium
3199 2161 3367 2216 fuisse

1793 2261 1945 2324 illud,
1969 2259 2136 2314 Deum
2167 2258 2418 2313 imbuisse
2452 2256 2713 2312 Verbum.
2751 2253 3061 2322 Scripturas
3091 2266 3220 2306 vero
3249 2266 3366 2305 om-

1794 2366 1892 2406 nes
1914 2364 2085 2420 nuper
2115 2350 2394 2414 recitatas,
2416 2357 2472 2401 et
2489 2347 2763 2416 appositas
2779 2344 3162 2414 prophetarum
3180 2358 3364 2411 voces,

1795 2441 2095 2509 praedicare
2115 2438 2230 2493 vult
2253 2453 2373 2508 quae
2405 2444 2532 2492 sunt
2555 2436 2624 2491 de
2645 2434 2844 2502 Verbo,
2862 2450 2997 2505 quas
3019 2435 3282 2503 plurimas
3308 2435 3364 2489 in

1797 2534 1952 2601 hujus
1969 2532 2047 2587 rei
2066 2530 2428 2586 testimonium
2444 2526 2802 2584 coacervavit.
2821 2525 2899 2580 Ita
2918 2542 3021 2580 non
3036 2534 3155 2580 erat
3167 2525 3366 2594 popqu

1796 2621 1868 2676 illi
1909 2620 2077 2692 priori
2104 2621 2406 2690 ignoratum
2439 2618 2541 2673 boc
2576 2617 2889 2689 mysterium
2921 2615 3189 2672 :univcrsi
3217 2616 3364 2671 enim

1794 2719 2077 2778 noverant,
2110 2717 2164 2765 et
2191 2710 2456 2764 memoria
2489 2710 2748 2764 tenebant
2792 2715 2846 2762 et
2892 2721 2988 2762 ore
3030 2705 3366 2776 usurpabant

1794 2805 2182 2875 prophetarum
2205 2802 2293 2857 illa
2312 2803 2553 2859 oracula.
2569 2803 2640 2855 At
2669 2801 2811 2857 enim
2829 2809 2884 2856 et
2899 2801 2966 2855 de
2979 2798 3180 2855 Iudaeis
3208 2799 3366 2854 nobis

1795 2897 2026 2952 scribam
2063 2903 2418 2966 repraesentat
2443 2893 2792 2948 Christianus
2827 2907 2948 2947 cum
2987 2891 3060 2946 sit
3095 2909 3110 2944 :
3144 2907 3250 2944 non
3281 2900 3365 2944 at-

1796 2989 2022 3042 tendens
2057 2986 2199 3055 quod
2241 2986 2500 3040 Servator
2545 2983 2703 3049 dixit,
2759 2980 2845 3036 Va:
2878 2981 3045 3046 vobis,
3080 2978 3279 3036 Scriba:
3314 2990 3364 3034 et

1797 3077 2056 3133 Pharisaei
2088 3077 2389 3148 hypocrita
2409 3076 2475 3129 ⁸³.
2516 3073 2778 3145 lllumque
2821 3074 3046 3145 suspicit
3071 3074 3214 3143 quod
3241 3089 3362 3128 cum

1788 3168 2138 3241 jurejurando
2165 3168 2386 3235 dixerit,
2412 3165 2566 3234 Quod
2588 3182 2724 3220 unus
2756 3166 2894 3220 Deus
2919 3175 2968 3220 et
2994 3174 3187 3236 praeter
3219 3182 3362 3229 eum,

1792 3276 1895 3314 non
1919 3268 1994 3314 est
2020 3257 2176 3315 alius.
2206 3256 2369 3324 Quasi
2386 3255 2620 3312 nesciret
2642 3255 2782 3326 quod
2809 3264 2865 3309 et
2896 3272 2917 3306 ι
2948 3255 3219 3310 dzemones
3244 3269 3368 3309 cre-

1792 3350 1922 3404 dant
1947 3357 2000 3404 et
2031 3347 2474 3404 contremiscam.
2501 3365 2522 3400 ι
2555 3345 2694 3401 Nota
2727 3345 2858 3400 mihi
2888 3353 3068 3400 autem
3103 3345 3365 3414 quemad-

1792 3439 2010 3495 modum
2065 3439 2132 3493 de
2175 3439 2506 3508 propheticis
2533 3437 2832 3506 Scripturis
2865 3435 3074 3506 colligit
3121 3451 3240 3506 quat
3292 3437 3360 3490 ad

1789 3531 2013 3586 verbum
2065 3529 2193 3584 illud
2231 3530 2523 3600 pertinent,
2570 3531 2712 3599 quod
2742 3538 2831 3584 est
2853 3530 3180 3600 agendorum
3213 3544 3364 3584 com-

1791 3620 2237 3678 monefaclorium
2282 3643 2295 3676 ;
2348 3621 2492 3690 quod
2519 3621 2692 3690 ipsum
2732 3620 3048 3675 fatebuntur
3100 3634 3160 3674 se
3191 3635 3361 3690 agno—

1789 3725 1942 3768 scere
1975 3709 2056 3765 vel
2089 3707 2283 3772 Judaei,
2330 3709 2491 3762 veluti
2526 3709 2616 3778 qui
2662 3718 2790 3763 ante
2826 3723 2923 3763 nos
2966 3709 3072 3764 hoc
3094 3707 3206 3777 jam
3229 3711 3360 3764 olim

1788 3803 2174 3860 edocebantur.
2211 3799 2318 3856 Sed
2343 3817 2443 3857 nec
2464 3802 2694 3870 ipsemet
2730 3799 2999 3856 Sabellius
3024 3799 3363 3870 hujuscemo-

1788 3896 1840 3950 di
1876 3895 2112 3952 Verbum
2153 3893 2456 3964 ignorabat.
2496 3892 2667 3959 Quam
2709 3892 2980 3946 immerito
3034 3892 3234 3947 idcirco
3265 3891 3361 3947 ﬂa-

1788 3985 2270 4055 gellatSabellium
2323 3994 2378 4040 et
2403 3983 2638 4046 Judacos,
2687 3983 2740 4037 in
2787 3985 3056 4053 excerptis
3093 3999 3124 4038 a
3163 3999 3251 4040 me
3291 3984 3361 4038 de

1789 4081 1955 4149 ipsius
1990 4079 2128 4132 libro
2162 4076 2371 4146 positis,
2414 4075 2556 4145 quod
2593 4071 2827 4129 Verbum
2860 4076 3196 4142 ignorabant,
3236 4090 3360 4131 cum

1789 4185 1985 4224 nomen
2013 4168 2066 4223 id
2096 4167 2164 4221 ab
2197 4167 2285 4220 ilio
2310 4167 2502 4221 scitum
2537 4165 2632 4228 sit,’
2663 4165 2804 4233 quod
2836 4164 3002 4219 Deum
3047 4166 3230 4220 videre
3258 4181 3360 4222 ne-

1787 4276 1877 4316 mo
1901 4270 2132 4328 poterat,
2156 4260 2252 4315 sed
2284 4274 2384 4313 nec
2431 4258 2599 4327 ipsius
2623 4255 2862 4312 Verbum
2903 4257 3220 4329 intelligere,
3253 4259 3359 4313 nisi

1787 4353 2076 4424 imaginem
2107 4353 2355 4407 induerat
2401 4352 2688 4407 invisibilis
2724 4352 2855 4417 Dei,
2906 4365 3127 4406 carnem
3164 4365 3360 4419 nempe

1787 4443 2073 4497 intendens
2111 4443 2396 4513 imaginem
2437 4441 2616 4506 illam;
2676 4455 2803 4496 nam
2833 4455 2930 4510 per
2965 4439 3135 4494 solam
3166 4439 3358 4508 imagi-

1789 4547 1911 4588 nem
1940 4533 2192 4604 cognosci
2221 4533 2463 4603 potuisse
2500 4534 2690 4597 Deum,
2719 4541 2773 4586 et
2797 4531 2962 4600 ipsius
2993 4530 3087 4584 Dei
3115 4528 3354 4584 Verbum

1790 4625 2084 4681 contendat
2109 4638 2330 4679 carnem
2361 4637 2613 4678 asserens
2654 4623 2821 4677 fuisse
2865 4621 3151 4691 imaginem
3180 4621 3352 4677 illam.

1791 4718 1898 4773 Sed
1926 4716 2240 4772 meminisse
2274 4715 2530 4769 debemus
2571 4715 2623 4768 in
2675 4714 3046 4783 superioribus
3097 4713 3353 4783 positum,

1789 4811 1930 4882 quod
1957 4809 2162 4878 absque
2200 4807 2401 4861 carnali
2461 4806 2768 4876 praesentia,
2809 4803 2977 4860 Judzei
3020 4819 3208 4860 omnes
3236 4820 3358 4860 ver-

1791 4902 1918 4956 bum
1976 4898 2090 4962 Dei,
2123 4907 2178 4953 et
2207 4899 2370 4952 verba
2416 4895 2542 4962 Dei,
2583 4911 2702 4966 qua:
2742 4897 2938 4950 divinis
2973 4900 3357 4966 prophetarum

1793 4992 2091 5061 Scripturis
2149 4990 2353 5055 insunt,
2394 4989 2464 5043 ad
2512 4998 2699 5044 sancta
2747 5003 2912 5058 opera
2971 4989 3355 5054 admonitoria,

1798 5084 2140 5143 exactissime
2188 5081 2488 5148 callebant,
2523 5095 2647 5136 cum
2690 5096 2720 5135 a
2782 5082 2982 5137 teneris
3030 5081 3355 5154 unguiculis.

188 5299 250 5357 ᾖ(
285 5292 384 5350 Ed.
411 5293 589 5352 Paris.
641 5311 758 5369 pag.
794 5297 918 5353 444.
1004 5297 1046 5380 εξ
1079 5295 1239 5354 Joan.
1265 5311 1306 5364 ι,
1340 5296 1392 5350 1.
1468 5297 1513 5329 ⁸³
1534 5294 1691 5352 Matth

1799 5308 1895 5348 xm
1961 5291 2051 5347 15.

177 5538 292 5680 (47;
331 5538 502 5607 Vulgo
530 5540 750 5596 ἐναντία

177 5609 272 5680 (48
326 5609 495 5679 Vulgo
526 5611 670 5666 οὕτω
691 5614 750 5680 γά

200 5609 292 5684 48)
326 5609 495 5684 Yulso
510 5611 670 5684 ,φβτω
691 5613 822 5684 γάρ·

198 5681 291 5754 49)
322 5679 646 5749 Θαυμάζετε
671 5679 876 5739 αὐτόν.
916 5681 1050 5753 lmo,
1085 5679 1352 5754 θαυμάζει
1380 5698 1459 5737 τε.
1489 5681 1678 5740 Admi-

1781 5547 1935 5595 ratur
1964 5536 2248 5592 Marcellus
2275 5535 2508 5590 scribam
2546 5533 2723 5589 illum.
2755 5533 2827 5588 Μ.

1854 5607 1969 5681 (50)
1997 5607 2164 5681 V_ulgo
2187 5605 2625 5681 ὁμολογοῦσιν-ει
2665 5603 3017 5674 άποπέφαται
3049 5613 3101 5661 et
3143 5617 3263 5660 mox
3300 5621 3353 5658 τ.

1785 5674 1965 5752 σάρκα
1993 5674 2134 5734 εἶναι
2171 5674 2271 5748 τῆν
2299 5677 2503 5744 εἰκόνα,
2535 5675 2630 5740 ὡς.
