3828 6222
153 295 260 354 969

1094 304 1184 360 DE
1219 304 1758 368 ECCLESIASTICA
1796 311 2190 375 THEOLOGIA
2226 317 2359 376 LIB.
2394 319 2485 377 Ill.

3328 327 3436 386 970

217 413 339 508 μεν
364 417 693 508 ιιείίέηφένςα
731 419 848 502 τῂν
867 422 987 478 ἀπὸ
1015 427 1416 508 τετρακοσίων
1441 429 1725 508 ἐτῶνητέε

1917 447 2040 491 ante
2075 454 2239 493 annos
2262 454 2411 504 cccc,
2439 440 2595 508 finem
2628 456 2746 496 vero
2767 441 3073 498 habiturum
3101 442 3156 498 in
3183 459 3398 500 consum
3417 475 3434 488 -

217 485 333 550 λος
357 485 424 563 δὲ
443 485 605 551 ἕξειν
619 490 689 542 ἐν
715 485 802 558 τῆ
824 485 1146 562 συντελείῇ
1175 485 1741 563 διεϐεϐαιοῦτο,’δια-

217 555 528 624 στρόφους
572 555 925 631 ποιούμενος
968 564 1076 632 τὰς
1109 555 1226 619 τῶν
1262 569 1436 623 θείων
1482 555 1742 640 Γραφῶν

219 623 560 679 ἑρμηνείας.
1113 647 1122 656 ‘

219 641 560 714 ερμηνειας.
698 699 724 714 _
807 705 820 722 ε
940 703 967 714 η
1113 647 1122 656 ‘
1376 707 1400 718 ~

149 690 213 744 ιδ’
221 734 269 782 ,Δ
289 695 630 782 E'é‘rn'llO'Stc
651 717 762 769 της
791 721 1006 772 υγιους
1032 704 1304 773 διανοίας
1329 726 1449 764 των
1483 710 1745 781 ἀναγνω·

222 779 269 817 σ
314 779 493 824 ατων.

149 782 486 918 ιε’ἐιρπως.
504 839 730 918 εἴρηται
765 861 797 918 ¢_
814 842 890 918 Ta
937 844 1136 918 πάντα
1162 849 1609 918 ὑποταγήσεται
1660 850 1743 917 τῷ

232 904 362 982 Υἱῷ,
393 909 491 961 καὶ
518 904 701 978 dum
723 911 802 977 τῷ
834 916 1036 982 Πατρί.
1080 935 1100 968 ι

153 981 254 1038 ις’.
293 977 494 1044 Ὅπως
525 977 752 1048 εἴρηται
779 982 859 1049 τῷ
871 977 1257 1062 δἉποστόλῳ·
1297 1003 1320 1042 ι
1353 991 1488 1045 Τότε
1516 991 1687 1045 ἔσται
1709 993 1743 1045 ό

223 1045 367 1108 Θεὸς
393 1049 465 1102 τὰ
497 1051 694 1105 πάντα
719 1053 789 1106 ἐν
812 1067 1020 1108 πασιν.
1045 1075 1064 1107 ι

223 1067 367 1112 σεος
393 1067 465 1102 τα
497 1067 694 1105 παντα
719 1067 789 1106 εν
812 1067 1020 1108 πασιν.
1045 1075 1064 1107 ι

150 1113 240 1177 ιζ’.
272 1118 552 1208 Ὅπως-αἱ
580 1121 726 1208 θεῖαι
757 1125 987 1208 Γραφαὶ
1024 1125 1096 1208 et}
1120 1127 1388 1208 περὶτῆς
1410 1129 1517 1183 τοῦ
1541 1129 1710 1208 Σωτῆ
1727 1159 1742 1172 -

213 1203 322 1255 ρος
365 1190 534 1258 ἡμῶν
577 1190 978 1260 ἀτελευτήτου
1028 1190 1737 1268 βασιλείαςῗπαριστῶσὶ,

216 1259 318 1312 καί
337 1259 418 1324 ὡς
445 1260 800 1325 Μάρκελλος
829 1264 1028 1325 γυμνῆ
1059 1267 1134 1325 τῆ
1172 1270 1406 1325 κεφαλῆ
1430 1268 1739 1325 καυθήσε-

216 1274 318 1312 και
337 1274 418 1324 ως
445 1274 800 1328 Μαρκελλος
829 1274 1024 1334 γυμνῇ
1059 1274 1133 1336 τῇ
1172 1274 1406 1339 κεφαλῇ
1430 1274 1628 1337 παυθή

215 1330 358 1409 σθαι
393 1331 580 1409 αὐτοῦ
615 1331 1082 1409 τῂν-,βασιλείαν
1111 1341 1495 1409 ἀπεφαίνετο.

146 1402 240 1467 ιη’.
281 1397 473 1480 Ὅπίιζς
504 1402 574 1454 ἐν
601 1401 678 1480 τῇ
707 1397 998 1480 βῖέσιλεία
1031 1409 1138 1463 τοῦ
1174 1397 1309 1464 Υἱοῦ
1339 1410 1411 1464 ἐν
1447 1410 1740 1480 γενήσον-

214 1483 312 1520 ται
360 1469 584 1538 πάντες
625 1469 678 1528 οί
718 1473 829 1542 τῆς
875 1469 1010 1529 τότε
1051 1469 1490 1549 μακαριότητος
1526 1469 1731 1544 ἀξιού-

143 1554 401 1663 ιθέιῗῖξέί
443 1608 645 1686 ὥσπερ
673 1616 705 1666 o'
734 1615 949 1686 Datim
976 1619 1072 1674 καὶ
1107 1623 1140 1674 ὀ
1173 1619 1304 1686 Υἱὸς
1346 1620 1416 1674 ἓν
1444 1616 1594 1674 εἶναι
1627 1620 1733 1675 λέ·-

213 1695 441 1747 γονται,
477 1682 630 1735 οὕτω
650 1685 748 1737 καὶ
775 1682 999 1754 πάντες
1032 1682 1362 1745 ἕσονταίοί
1390 1691 1563 1760 ἅγιοι,

141 1748 566 1826 κ’ςοτιρςυ
607 1755 810 1825 Πατὴρ
849 1757 920 1810 ἐν
959 1756 1038 1824 τῷ
1084 1760 1194 1826 Υἱῷ
1242 1762 1340 1814 καὶ
1384 1762 1518 1826 Υἱὸς
1553 1761 1624 1814 ἐν
1658 1759 1738 1826 τῷ

143 1765 214 1801 κ’.
289 1765 387 1802 υτι
415 1765 496 1818 ως
533 1765 565 1805 ο
607 1765 810 1825 Πατὴρ
849 1765 920 1810 ἐν
959 1765 1038 1824 τῷ
1084 1765 1194 1826 Υἱῷ
1242 1765 1340 1814 καὶ
1384 1765 1518 1827 Υἱὸς
1553 1765 1624 1814 ἐν
1658 1765 1733 1826 τῷ

215 1819 419 1898 ῌατρί,
456 1823 610 1898 οὕτω
646 1827 856 1898 καίμέν
883 1827 1010 1898 τοῖς
1040 1830 1228 1898 ἁγίοις
1267 1831 1498 1886 ἅπασιν
1539 1831 1733 1884 ἔσται.

141 1890 619 1972 κα¹..Ὅίτ-ως.χρὴ
648 1895 813 1950 νοεῖν
839 1897 926 1962 τὸ,
951 1917 968 1949 ι
986 1890 1058 1952 ²Ο
1083 1890 1354 1968 ἑωρακὼς
1383 1901 1489 1971 ἐμὲ
1518 1901 1740 1972 ἑώρακε

217 1957 323 2014 τὸν
346 1957 640 2030 Πατέρα.)

802 2214 958 2266 ΚΕΦ.
1003 2216 1081 2268 Α’.

151 2297 255 2366 Ὠς
307 2299 684 2379 διαστρόφοις
726 2304 1082 2379 Μάρκελλος
1116 2308 1233 2379 τὰς
1281 2307 1446 2374 θείας
1491 2310 1736 2379 Γραφὰς

613 2373 986 2442 ,ἑρμηνεύειν
1024 2375 1270 2446 ἐτόλμα.

227 2462 287 2514 '0
319 2462 419 2533 μὲν
451 2458 542 2516 οὖν
580 2464 753 2535 μέγας
783 2466 1173 2540 εὑαγγελιστὴς
1215 2469 1468 2542 Ἰωάννης
1512 2468 1609 2542 τὴν
1640 2470 1734 2524 τοῦ

135 2555 397 2627 Σωτῆρος
428 2557 583 2628 ἡμῶν
610 2557 889 2629 θεολογίαν
919 2562 1010 2614 τὸν
1038 2562 1368 2618 ἀποδοθέντα
1399 2564 1602 2634 τρόπον
1624 2565 1738 2620 δια-

141 2647 325 2718 φόρως
353 2649 754 2720 εὐηγγελίζετο.
805 2653 1125 2724 Μάρκελλος
1161 2655 1205 2707 δ’
1231 2656 1380 2719 ὅπως
1414 2657 1616 2728 ταύτην
1644 2659 1740 2729 ἀρ-

139 2740 448 2810 νησάμενος
490 2742 583 2794 ἐπὶ
628 2743 728 2814 τὴν
774 2744 1072 2816 Ἰουδαῖκὴν
1128 2745 1412 2812 ἐξώκειλεν
1458 2748 1736 2812 ἀπιστίαν,

139 2831 436 2902 δεδήλωται
473 2834 583 2904 (5-1)
619 2834 685 2887 δι’
723 2829 798 2888 ὧν
830 2835 1186 2906 ὲλήλεγκται·
1240 2838 1317 2901 ὡς
1365 2838 1422 2891 δὲ
1482 2840 1573 2892 καὶ
1629 2839 1739 2893 δια-

141 2923 392 2994 στρόφως
415 2923 512 2988 τὰς
541 2925 978 2997 ὁμολογουμένας
1004 2928 1096 2981 καὶ
1132 2932 1324 2998 σαφεῖς
1348 2931 1474 3003 περὶ
1496 2930 1590 2983 τοῦ
1619 2932 1738 2984 Σωο

1921 509 2151 561 matione
2202 511 2436 583 swculi_:
2468 521 2523 583 ut
2574 511 2672 565 hoc
2703 527 2857 565 suum
2900 515 3093 582 dogma
3135 516 3432 583 conﬁrmet,

1913 593 2072 646 quam
2103 596 2340 646 perverse
2373 579 2681 650 Scripturas
2705 579 3100 652 interpretetur.

1849 712 1935 768 M.
1970 703 2268 782 Explicatio
2295 718 2430 771 recti
2480 727 2530 772 et
2557 735 2674 774 sant
2719 737 2901 775 sensus
2930 721 3168 776 locorum
3214 723 3438 778 allectou

1920 801 2058 838 rum.

1845 852 1936 931 15.
1961 855 2240 931 Quomodo
2253 857 2468 931 dicitur,
2504 877 2523 910 ι
2547 857 2739 914 Omnia
2765 861 2999 930 subjecta
3028 862 3155 930 [ient
3182 861 3350 931 Filio,
3381 871 3437 920 et

1916 926 2026 992 ipse
2052 924 2361 996 subjicietur
2393 927 2544 982 Patri
2573 947 2690 984 suo.
2720 950 2739 982 ι

1844 992 1932 1050 16.
1961 995 2077 1060 Quo
2109 992 2264 1072 sensu
2289 999 2359 1072 ab
2387 997 2640 1072 Apostolo
2664 1001 2864 1054 dictum
2896 1012 2996 1070 est,
3032 1021 3050 1054 ι
3076 1002 3244 1057 Deum
3276 1003 3430 1072 {utu-

1917 1081 2035 1118 rum
2065 1068 2242 1120 omnia
2283 1069 2336 1120 in
2373 1069 2636 1124 omnibus.
2662 1089 2681 1122 ι

1846 1133 1956 1213 17ζ
1970 1135 2122 1200 Quod
2169 1153 2338 1213 sacra:
2370 1137 2662 1213 Scriptura:
2688 1140 2752 1194 de
2793 1141 3236 1197 indeterrnindbili
3270 1160 3429 1213 regno

1916 1204 2212 1282 ._S_ervatoris
2241 1209 2412 1282 nostri
2439 1204 2737 1282 doctrinam
2769 1223 3149 1280 reprwsentant
3175 1230 3194 1267 :
3213 1225 3260 1266 et
3287 1204 3429 1282 quod

1916 1275 2202 1353 Marcellus
2229 1279 2484 1346 perfricta
2513 1281 2688 1348 fronte
2721 1275 2987 1336 asseverat
3020 1275 3329 1338 habiturum
3358 1284 3429 1353 fi-

1915 1362 2032 1417 ne_m
2054 1349 2167 1409 eius
2203 1365 2444 1417 regnum.
2535 1387 2538 1390 η

1845 1415 1931 1470 18.
1962 1415 2083 1494 Quo
2103 1415 2354 1494 sensu—in
2403 1435 2560 1494 regno
2589 1419 2719 1474 Filii
2755 1423 3072 1494 unum/ient
3102 1439 3282 1478 omnes
3332 1426 3426 1494 qui

1914 1495 2040 1540 tunc
2065 1489 2385 1545 beatitudine
2419 1489 2518 1544 illa
2555 1502 2706 1545 erant
2741 1493 2889 1561 digni
2917 1489 3106 1548 habiti.

1844 1615 1932 1695 19ἶ
1959 1619 2114 1684 Quod
2143 1622 2587 1691 quemadmodum
2623 1624 2782 1679 Pater
2809 1637 2858 1680 et
2894 1624 3067 1681 Filius
3091 1643 3255 1682 unum
3279 1639 3424 1695 sunt,

1914 1689 2002 1762 ita_
2018 1689 2220 1762 quoque
2252 1695 2424 1746 sancti
2452 1712 2627 1749 omnes
2650 1697 2820 1762 futuri
2849 1707 2968 1750 sunt
2994 1714 3180 1752 unum.

1767 1798 1812 1855 Β
1841 1756 1931 1811 20.
1966 1756 2285 1855 Quod'sicut
2315 1762 2583 1855 Pater.est
2617 1756 2947 1855 infitiante!
2977 1765 3153 1823 Filius
3175 1769 3231 1823 in
3262 1765 3428 1824 Patre

1915 1845 2030 1896 suo,
2061 1831 2138 1885 ita
2170 1843 2217 1884 et
2245 1835 2300 1886 in
2328 1835 2524 1887 sanctis
2553 1836 2792 1889 omnibus
2817 1840 2940 1890 erit.

1844 1898 1935 1954 2-1.
1955 1898 2082 1978 _Q_uo
2109 1918 2275 1978 sensu
2303 1905 2502 1978 dictum
2540 1905 2672 1958 illud
2703 1908 2923 1976 intelligi
2966 1908 3133 1975 debet,
3176 1928 3197 1962 ι
3221 1908 3324 1978 Qui
3346 1925 3427 1965 me

1917 1972 2070 2038 uiuit,
2103 1975 2148 2026 is
2172 1974 2299 2028 vidit
2317 1983 2366 2028 et
2401 1971 2636 2029 Patrem.
2667 1993 2686 2028 ι

2470 2224 2529 2284 >14
2555 2217 2706 2274 CAP.
2741 2219 2780 2272 Ι.

1835 2310 2006 2377 Quam
2045 2327 2286 2380 perverse
2325 2309 2612 2365 Marcellus
2647 2313 2981 2379 interpretari
3025 2331 3189 2370 ausus
3221 2325 3300 2370 est
3330 2333 3424 2371 sa-

2441 2397 2556 2436 cras
2576 2380 2820 2436 Litteras.

1904 2471 2132 2544 Magnus
2158 2473 2278 2530 ideo
2315 2473 2660 2546 Evangelista
2694 2473 2953 2544 Joannes,
2984 2473 3293 2535 Servatoris
3327 2493 3424 2535 no-

1839 2563 1938 2617 stri
1987 2564 2349 2631 divinitatem,
2384 2573 2442 2619 ut
2473 2564 2780 2634 praefertur,
2815 2581 2919 2622 non
2977 2583 3082 2624 uno
3141 2571 3301 2626 modo
3325 2585 3426 2627 an-

1840 2657 2128 2711 nuntiavit.
2179 2656 2462 2725 Quomodo
2496 2666 2677 2712 autem
2737 2658 2884 2712 illam
2936 2658 3220 2718 Marcellus
3256 2663 3424 2718 abne-

1839 2748 2016 2819 gando
2055 2749 2122 2802 ad
2169 2748 2452 2804 Judaicam
2487 2749 2769 2819 perﬁdiam
2816 2752 3015 2820 erupit,
3067 2753 3142 2809 ibi
3190 2756 3424 2810 manifeo

1840 2845 2036 2892 statur.
2075 2841 2356 2905 Quomodo
2389 2853 2520 2896 vero
2571 2853 2827 2908 perverse
2863 2841 3252 2912 interpretatus
3277 2859 3424 2902 esset

1841 2937 2082 2998 apertam
2116 2941 2172 2985 et
2205 2931 2257 2985 in
2283 2930 2530 2986 confesso
2569 2930 2795 3000 positam
2823 2932 2887 2987 de
2915 2935 3103 2990 eodem
3134 2936 3423 2997 Servetore

139 3013 309 3086 τῆρος
329 3017 488 3087 ἡμῶν
518 3034 666 3089 παρη
677 3020 912 3090 ρμήνευε
938 3019 1308 3085 διδασκαλίας,
1342 3023 1534 3092 μάθοις
1555 3023 1620 3076 ἂν
1647 3027 1725 3077 κα¹

1844 3019 2138 3091 Scriptura:
2175 3023 2501 3091 doctrinam,
2549 3041 2674 3082 cum
2700 3042 2732 3083 e
2763 3027 2947 3085 multis
2987 3030 3109 3086 aliis
3131 3031 3298 3103 ipsius
3333 3034 3420 3086 iu-
3499 3063 3503 3068 -

139 3104 198 3171 ἐξ
228 3105 434 3178 ἐτέρων
469 3109 564 3179 μὲν
587 3109 854 3164 πλείστων
882 3110 1021 3164 ὅσων
1043 3112 1208 3165 αὐτοῦ
1242 3113 1569 3186 διηγήσεων,
1594 3115 1737 3190 ἀτὰρ

135 3197 202 3270 δὴ
260 3200 357 3252 καὶ
411 3202 476 3253 ἐκ
521 3201 620 3272 τῆς
679 3202 850 3266 οὕτως
892 3204 1124 3276 ἐχούσης
1155 3209 1212 3260 ὲν
1267 3211 1381 3271 τοῖς
1426 3208 1738 3279 Σολομῶνος

137 3291 488 3363 Παροιμίαις.
535 3293 826 3362 Είσάγεται
854 3295 886 3366 ἡ
921 3295 1091 3364 Σοφία
1130 3297 1574 3369 αὐτοπροσώπως
1605 3299 1737 3372 περὶ

135 3384 338 3455 ἑαυτῆς
360 3384 531 3438 ταῦτα
551 3384 930 3459 διεξερχομένη
956 3387 1088 3459 (52)·
1118 3389 1265 3458 Ἐγὼ
1298 3390 1336 3457 ἡ
1373 3392 1562 3460 Σοφία
1592 3409 1734 3445 κατ-

136 3474 466 3542 εσκήνωσα
491 3475 759 3545 βουλὴν,
791 3477 890 3530 καὶ
918 3477 1164 3548 γνῶσιν,
1210 3481 1307 3534 καὶ
1347 3481 1592 3536 ἔννοιαν
1620 3480 1735 3552 ἐγὼ

130 3568 621 3638 ἐπεκαλεσάμην.
651 3571 839 3637 Φόϐος
863 3572 1084 3638 Κυρίου
1103 3573 1274 3642 μισεῖ
1293 3574 1529 3639 κακίαν,
1563 3575 1734 3643 ὕϐριν

129 3672 201 3710 τε
227 3659 330 3713 καί
358 3661 798 3729 ὑπερηφανίαν,
845 3661 943 3714 καί
975 3663 1151 3727 ὀδοὺς
1184 3665 1484 3734 πονηρῶν,
1522 3667 1733 3736 ἐμίση-

128 3763 220 3802 σα
271 3747 342 3803 δὲ
397 3750 511 3821 ἐγὼ
559 3751 1034 3823 διεστραμμένας
1089 3755 1269 3822 ὁδοὺς
1321 3757 1539 3810 κακῶν.
1590 3756 1728 3828 Ἐμὴ

121 3841 336 3911 βουλὴ
361 3841 462 3896 καὶ
483 3842 816 3913 ἀσφάλεια·
844 3844 955 3914 ἐμὴ
986 3847 1258 3913 σύνεσις,
1289 3847 1402 3918 ἐμὴ
1437 3848 1504 3901 δὲ
1529 3850 1726 3918 ἰσχύς.

129 3931 214 3984 Δι’
241 3931 389 4001 ἐμοῦ
424 3933 709 3999 βασιλεῖς
736 3934 1163 3999 βασιλεύουσι,
1214 3936 1312 3989 καὶ
1354 3940 1405 3990 οἱ
1433 3935 1730 3991 δυνάσται

129 4022 434 4092 γράφουσι
459 4025 871 4095 δικαιοσύνην.
907 4029 985 4080 Δι’
1009 4029 1156 4098 ἐμοῦ
1173 4028 1532 4099 μεγιστᾶνες
1551 4046 1731 4099 μεγα-

125 4113 444 4178 λύνονται,
485 4116 585 4170 καὶ
627 4118 908 4186 τύραννοι
953 4117 1026 4170 δι’
1073 4119 1219 4189 ἐμοῦ
1259 4118 1548 4186 κρατοῦσι
1591 4119 1724 4190 γῆς.

142 4202 298 4274 Ἐγὼ
341 4205 484 4272 τοὺς
517 4207 622 4278 ἐμὲ
659 4208 990 4277 φιλοῦντας
1025 4211 1257 4280 ἀγαπῶ,
1308 4214 1362 4264 οἱ
1395 4211 1462 4264 δὲ
1491 4211 1596 4280 ἐμὲ
1621 4211 1728 4278 ζη-

1839 3115 2320 3180 terpretationibus
2357 3115 2548 3186 liquet,
2609 3127 2720 3176 tum
2755 3123 3025 3192 praecipue
3073 3136 3140 3176 ex
3197 3122 3310 3189 illa,
3349 3123 3420 3177 de

1834 3200 2148 3259 Proverbiis
2207 3204 2534 3274 Salomonis,
2587 3208 2678 3265 ubi
2728 3210 3090 3266 introducitur
3141 3211 3419 3284 Sapientia

1834 3297 2195 3364 personaliter
2218 3297 2283 3352 de
2313 3299 2490 3368 seipsa
2521 3301 2595 3355 ita
2625 3302 2902 3372 prolocuta
2923 3303 2968 3336 ⁸³
3002 3317 3017 3358 :
3046 3303 3162 3376 Ego
3192 3305 3419 3375 Sapien-

1835 3387 1912 3439 tia
1943 3386 2120 3442 habito
2146 3389 2203 3442 in
2235 3390 2476 3454 consilio,
2521 3402 2570 3446 et
2606 3394 2832 3450 eruditis
2858 3394 3110 3450 intersum
3139 3399 3414 3466 cogitatio-

1834 3479 2008 3536 nibus.
2065 3478 2248 3534 Timor
2279 3480 2488 3537 Domini
2536 3485 2646 3538 odit
2695 3486 2918 3552 malum,
2974 3491 3334 3558 arrogantiam
3365 3501 3417 3544 et

1832 3567 2153 3637 superbiam,
2191 3582 2239 3626 et
2266 3572 2404 3626 uiam
2438 3591 2657 3642 pravam
2689 3591 2709 3630 .'
2736 3586 2785 3629 et
2816 3592 2873 3630 os
2904 3577 3133 3648 bilingue
3162 3581 3412 3635 detestor.

1831 3659 2010 3714 Meum
2035 3675 2110 3716 est
2133 3665 2411 3718 consilium
2433 3673 2484 3719 et
2514 3668 2756 3734 cequitas,
2806 3684 2919 3722 mea
2940 3677 3018 3724 est
3039 3680 3086 3724 et
3112 3673 3412 3739 prudentia,

1833 3769 1950 3806 mea
1990 3765 2068 3808 est
2097 3757 2381 3824 fortitudo.
2408 3755 2516 3811 Per
2547 3773 2628 3810 me
2660 3774 2804 3829 reges
2826 3770 3070 3830 regnant,
3104 3773 3153 3817 et
3179 3764 3417 3817 condito-

1831 3859 1912 3897 res
1942 3845 2112 3915 legum
2152 3849 2305 3916 justa
2333 3849 2638 3903 decernunt.
2685 3848 2794 3906 Per
2820 3869 2902 3907 me
2953 3854 3211 3924 principes
3245 3855 3412 3925 impe-

1832 3948 1974 4003 rant,
2001 3949 2048 3990 et
2085 3948 2319 4006 potentes
2349 3942 2632 3996 decernunt
2671 3943 2961 4012 justitiam.
2996 3944 3109 4017 Ego
3138 3947 3412 4018 diligentes

1829 4043 1912 4080 me
1933 4029 2119 4098 diligo,
2148 4039 2200 4084 et
2231 4033 2320 4101 qui
2345 4045 2701 4104 quaruntme,
2746 4039 3003 4092 invenient
3023 4042 3270 4108 gratiam.
3296 4039 3414 4094 Me-

1830 4135 1947 4172 cum
1977 4131 2100 4175 sunt
2133 4123 2355 4189 divitiae,
2391 4136 2441 4180 et
2480 4127 2673 4197 gloria,
2700 4145 2819 4197 opes
2844 4131 3079 4197 superba:
3105 4142 3152 4186 et
3173 4133 3406 4202 justitia.

1830 4211 2022 4266 Melior
2053 4224 2130 4269 est
2167 4216 2373 4285 fructus
2411 4236 2556 4275 meus
2598 4238 2729 4277 auro
2767 4234 2814 4278 et
2849 4225 3023 4294 lapide
3058 4229 3284 4294 pretioso
3314 4241 3334 4281 :
3358 4237 3408 4284 et

126 4290 384 4360 τοῦντες
407 4294 740 4365 εὑρήσουσι
769 4298 965 4369 χάριν.
992 4299 1266 4365 Πλοῦτος
1296 4299 1393 4353 καὶ
1418 4300 1568 4364 δόξα
1596 4301 1725 4368 ἐμοί

1841 4305 2094 4371 yenimina
2120 4324 2232 4362 mea
2258 4323 2473 4381 argento
2502 4314 2682 4370 electo.
2719 4315 2786 4370 In
2811 4319 2904 4370 viis
2922 4317 3146 4386 justitite
3172 4320 3406 4375 ambulo.

126 4383 410 4454 ὑπάρχει,
455 4387 553 4442 καί
609 4389 825 4458 κτῆσις
879 4391 1146 4456 πολλῶν,
1196 4391 1292 4445 καί
1346 4393 1722 4464 δικαιοσύνη.

1841 4393 1897 4448 in
1934 4397 2102 4451 medio
2137 4401 2447 4455 semitarum
2473 4403 2668 4472 judicii
2704 4424 2998 4472 conversor,
3032 4418 3089 4462 ut
3131 4411 3291 4464 ditem
3323 4413 3410 4464 di-

122 4473 386 4530 Βέλτιον
414 4477 517 4547 ἐμὲ
541 4479 920 4548 καρπίζεσθαι
954 4482 1108 4552 ὑπὲρ
1129 4483 1386 4552 χρυσίον
1420 4485 1519 4538 καί
1550 4487 1727 4541 λίθον

124 4568 348 4636 τίμιον,
373 4570 446 4622 τὰ
465 4569 534 4623 δὲ
548 4571 659 4640 ἐμὰ
677 4571 1014 4641 γεννήματα
1029 4575 1290 4641 κρείσσω
1309 4576 1592 4644 ἀργυρίου
1622 4578 1691 4631 ἐκ

122 4657 390 4713 λέκτουο
443 4661 514 4713 ἐν
565 4661 726 4729 ὁδοῖς
785 4661 1178 4731 δικαιοσύνης
1238 4663 1559 4735 περιπατῶ,
1623 4668 1723 4723 καὶ

123 4747 252 4802 ἀνὰ
278 4749 467 4816 μέσον
494 4751 608 4822 (55)
648 4752 804 4807 ὁδῶν
827 4753 1214 4823 δικαιώματος
1251 4757 1718 4828 ἀναστρέφομαι,

124 4841 234 4894 ἵνα
259 4843 485 4910 μερίσω
513 4843 638 4910 τοῖς
663 4844 768 4914 ἐμὲ
804 4843 1117 4914 ἀγαπῶσιν
1145 4845 1426 4915 ὕπαρξιν,
1457 4849 1722 4918 καὶτοὺς

122 4932 475 5000 θησαυροὺς
513 4933 710 4988 αὐτῶν
739 4935 1028 5004 ἐμπλήσω
1072 4937 1329 5007 ἀγαθῶν.
1375 4939 1510 4994 Ἐὰν
1536 4941 1720 5010 ἀναγ-

121 5024 310 5093 γείλω
337 5024 480 5094 ὑμῖν
498 5027 572 5080 τὰ
601 5027 728 5081 καθ’
756 5026 986 5096 ἡμέραν
1007 5029 1344 5098 γιγνόμενα,
1372 5035 1718 5101 μνημονεύ-

119 5129 219 5168 σω
270 5115 344 5170 τὰ
383 5117 453 5182 ἐξ
493 5117 708 5187 αἰῶνος
751 5117 1099 5188 ἀριθμῆσαι.
1152 5122 1370 5189 Κύριος
1411 5122 1615 5178 ἐκτισέ
1639 5143 1718 5196 με

117 5206 328 5276 ἀρχὴν
355 5206 511 5262 ὁδῶν
537 5210 727 5264 αὐτοῦ
757 5213 845 5277 εὶς
873 5212 1018 5281 ἔργα
1047 5213 1262 5267 αὐτοῦ·
1295 5212 1409 5282 πρὸ
1433 5214 1541 5269 τοῦ
1578 5217 1716 5272 alti)-

200 5331 400 5413 rItEd.
432 5349 629 5417 Paris.,
665 5367 789 5423 pag.
823 5353 949 5408 148.
1023 5343 1263 5410 ιιίΡιτον.
1303 5372 1424 5424 vm,
1448 5358 1634 5416 12-51.

197 5511 524 5594 (51)Δι’ῶν
570 5517 879 5594 λέλεκται.
930 5519 986 5594 l_n
1037 5522 1204 5592 priori
1243 5523 1405 5579 libro.
1449 5526 1578 5594 Qua:
1617 5543 1709 5584 se-

61 5587 68 5595 '
116 5594 370 5671 guuntur
394 5586 458 5639 ad
479 5587 622 5671 hunc
643 5586 1196 5671 librum_:;eferu'_n_tur,
1221 5586 1567 5671 cujus_veluti
1592 5601 1711 5671 epi-

117 5661 310 5744 ωηιξη
343 5658 824 5744 egm‘prehgiidiiiit.
945 5689 1015 5700 ——
1041 5657 1340 5744 Meivuléo
1358 5665 1487 5744 Σαλ.

194 5723 312 5795 (52)
350 5723 491 5849 ’5')sz
515 5727 556 5794 ἡ
593 5728 801 5797 Σοφία.
836 5726 1010 5784 Locus
1031 5741 1114 5786 est
1137 5723 1302 5788 Prov:
1331 5749 1448 5800 vnn,
1479 5735 1544 5790 12
1569 5755 1584 5803 ;
1615 5753 1700 5792 se-

114 5793 316 5867 quitur
337 5792 378 5849 L
433 5795 477 5849 X
505 5795 788 5860 Eusebius,
819 5812 846 5852 a
879 5801 1076 5868 quibus
1114 5800 1296 5859 differt
1323 5803 1700 5876 interpretatio

526 5890 799 5956 ΡΑτιιοι.
834 5892 950 5955 Gn.
987 5893 1222 5959 XXIV.

1825 4485 2041 4557 ligentes
2073 4507 2175 4558 me,
2223 4501 2272 4546 et
2312 4493 2586 4552 thesauros
2623 4515 2800 4553 eorum
2835 4501 3084 4568 repleam.
3112 4501 3170 4556 Si
3193 4519 3407 4557 annun-

1827 4582 2024 4636 liavere
2049 4584 2212 4656 [vobis
2263 4604 2381 4657 qua:
2410 4606 2504 4658 per
2523 4591 2637 4644 dies
2691 4594 3033 4659 creabantur,
3090 4599 3407 4651 numeratim

1824 4678 2140 4730 recordabor
2191 4695 2373 4733 eorum
2405 4698 2524 4752 qua:
2568 4702 2600 4737 a
2625 4687 2841 4742 saeculo.
2880 4687 3134 4744 Dominus
3173 4693 3404 4762 possedit

1823 4780 1906 4820 me
1947 4777 2157 4823 initium
2187 4771 2390 4827 riarum
2422 4790 2641 4828 suarum
2673 4780 2743 4831 ad
2785 4797 2943 4848 opera
2985 4799 3105 4850 sua,
3146 4795 3266 4838 ante
3296 4802 3404 4840 stv-

1823 4858 1942 4910 cula
1975 4861 2218 4927 [undavit
2248 4880 2366 4928 me;
2416 4867 2469 4920 in
2520 4868 2796 4937 principio,
2849 4872 3154 4940 priusquam
3203 4883 3402 4931 terram

1821 4949 2083 5005 conderet.
2116 4950 2370 5008 Nondum
2399 4967 2546 5011 erant
2579 4962 2778 5032 abyssi,
2815 4971 2867 5017 et
2895 4981 2986 5034 ego
3007 4965 3123 5034 jam
3148 4977 3402 5036 concepta

1819 5039 1900 5108 fui
1935 5057 1952 5094 :
1988 5045 2207 5098 necdum
2254 5045 2424 5115 fontes
2481 5066 2740 5119 aquarum
2796 5067 3073 5121 eruperant
3113 5074 3134 5112 :
3179 5062 3400 5114 necdum

1820 5145 2020 5188 montes
2077 5140 2222 5206 gravi
2268 5140 2403 5194 mole
2434 5146 2794 5204 constiterant.
2829 5149 2963 5203 Ante
3013 5151 3170 5204 colles
3220 5170 3399 5209 omnes

1817 5239 1911 5293 ego
1939 5230 2294 5292 parturiebar.
2341 5231 2598 5290 Dominus
2624 5237 2743 5309 fecit
2775 5241 3031 5310 regiones,
3057 5253 3104 5296 et
3125 5245 3398 5300 inhabita-

1820 5536 2214 5624 vnlgaris;_.Pro
2245 5540 2462 5624 βουλήν,
2498 5543 2856 5624 Symmacbus
2887 5548 3124 5624 habebat
3150 5566 3394 5624 πανουρ-

1827 5606 1964 5675 (ία),
1995 5606 2135 5662 male
2161 5613 2214 5665 in
2245 5606 2369 5666 eod.
2397 5606 2590 5670 nostro
2617 5616 2832 5672 εὐναίαν
2865 5629 3013 5676 esset
3040 5621 3272 5677 ἑννοίαν.
3294 5606 3364 5676 Η.

2037 5678 2228 5766 ξρδῶν
2272 5680 2680 5755 δικαιώματος.
2735 5689 2841 5744 Alii
2881 5688 3087 5761 τριθῶν
3133 5691 3394 5766 ἀληθείας

515 5727 556 5818 ιη
593 5728 801 5818 Elegia.
822 5726 1114 5818 ‘Locuse‘st
1133 5726 1301 5818 ξεονξ
1324 5749 1448 5818 yitl,
1479 5735 1584 5803 12;
1615 5753 1704 5818 se-
1811 5726 2019 5818 Ιοέιῖῐῖί.

2987 5921 3060 5987 31
