3828 6222
177 307 285 364 975

1196 308 1287 365 DE
1326 307 1869 366 ECCLESIASTECA
1910 309 2305 368 THEOLOGIA
2341 311 2474 370 LIB.
2514 311 2605 368 lll.

174 423 329 497 αὐτῷ
356 423 470 497 (6|)
505 424 676 499 σοφὴν
703 421 816 491 ἕξιν
855 424 1152 481 ὑπολαϐεῖν
1184 425 1419 498 ἀδελφήν
1444 424 1553 479 τῶν
1586 425 1644 478 ὲν
1670 424 1736 479 ἀν

1870 425 2152 496 pientiam,
2175 441 2422 483 sororem
2451 426 2600 483 dicat
2626 425 2946 482 nominatim
2976 426 3220 483 habitum
3269 441 3459 486 eorum

177 516 420 592 θρώποις
451 517 862 591 κατορθούντων
886 518 1177 589 λέγεσθαι;
1204 518 1268 571 Ei
1293 517 1352 573 δὲ
1377 517 1471 571 ἐπὶ
1506 517 1599 571 τὸν
1632 517 1771 590 Χρι-

177 611 304 666 στὸν
335 609 433 665 τοῦ
460 609 597 664 Θεοῦ
633 610 888 674 ἑκλάϐοις
925 611 987 665 τὸ
1019 609 1333 683 εἰρημένον,
1377 608 1614 682 Χριστὸς
1664 608 1773 680 γὰρ

177 702 314 759 Θεοῦ
338 704 569 774 δύναμις
598 703 696 758 καὶ
736 703 872 758 Θεοῦ
903 705 1105 774 Σοφία,
1141 703 1294 757 οὐδὲν
1335 701 1587 774 ἐμποδὼν
1621 701 1773 754 ἔσται

174 799 246 869 τῇ
293 796 533 867 διανοίᾳ,
575 795 700 851 ἐπεὶ
734 797 828 852 καὶ
866 796 965 868 τὴν
996 797 1134 869 πρὸς
1174 798 1323 869 ἡμᾶς
1351 796 1454 849 οὑκ
1492 796 1772 849 ἀναίνεται

178 889 521 963 ἀδελφότητα
569 891 636 944 δι’
667 890 974 963 ὑπερϐολὴν
1023 890 1459 963 φιλανθρωπίας.
1518 890 1583 943 Ei
1613 889 1772 944 δὲοὲν

178 984 277 1039 καὶ
295 983 490 1038 ταύτὸν
511 977 581 1053 ἦν
613 982 641 1035 ὁ
665 980 821 1048 Θεὸς,
860 983 956 1037 καὶ
993 984 1028 1055 ή
1056 983 1113 1037 ὲν
1134 984 1256 1045 ταῖς
1284 981 1616 1054 Παροιμίαις
1660 982 1773 1036 είσ-

176 1076 423 1147 ἀγομένη
435 1074 608 1145 Σοφία
618 1074 731 1140 ἕξις
746 1069 881 1129 οὖσα
904 1075 1042 1146 σοφὴ
1070 1076 1129 1129 ὲν
1158 1074 1308 1146 αὐτῷ
1330 1074 1616 1147 νοουμένη,
1638 1073 1773 1129 καθὸ

177 1161 345 1231 σοφὸς
371 1164 400 1216 ὁ
429 1162 582 1225 Θεὸς,
617 1163 671 1215 τί
695 1162 934 1216 ἐκώλυεν
962 1164 1084 1217 ἀντὶ
1126 1167 1228 1237 τῆς
1276 1163 1478 1233 Σοφίας
1520 1164 1612 1218 τὸν
1637 1164 1771 1218 Θεὸν

174 1254 611 1327 ἀναγεγράφθαι;
628 1253 769 1309 ὥστε
781 1256 861 1324 τὸ,
895 1257 957 1310 Ἡ
968 1256 1159 1325 Σοφία
1179 1256 1567 1326 ᾠκοδόμησεν
1584 1257 1773 1327 ἑαυτῇ

172 1342 368 1413 οἷκον,
390 1346 487 1400 καὶ
521 1346 815 1415 ύπήρεισε
843 1348 1111 1416 στύλους
1138 1347 1308 1415 ἑπτὰ,
1338 1351 1433 1402 καὶ
1460 1350 1529 1403 τὰ
1562 1350 1772 1415 τούτοις

174 1439 500 1512 συνημμένα
536 1440 786 1512 εἰρῆσθαι
819 1441 942 1496 ἀντὶ
969 1440 1086 1507 τοῦ,
1123 1440 1175 1494 '0
1205 1442 1352 1507 Θεὸς
1380 1442 1772 1515 ᾠκοδόμησεν

172 1528 370 1596 ἐαυτῷ
382 1527 571 1600 οἷκον,
586 1532 771 1586 καὶτὰ
794 1533 922 1605 ἑξῆς
949 1550 962 1563 ·
987 1537 1085 1588 καὶ
1108 1533 1273 1587 πάλιν
1298 1535 1422 1588 ἀντὶ
1440 1536 1554 1589 τοῦ·
1576 1534 1771 1593 Εἶπον

173 1622 293 1692 τὴν
320 1623 551 1691 Σοφίαν
583 1623 709 1691 σὴν
737 1622 1018 1693 ἀδελφὴν
1046 1620 1232 1690 εἶναι,
1268 1623 1520 1697 λελέχθαι
1544 1668 1558 1693 ,
1579 1623 1770 1683 Εἶπον

169 1714 285 1769 τὸν
316 1714 467 1769 Θεὸν
497 1716 615 1769 σὸν
640 1715 912 1785 ἀδελφὸν
941 1713 1116 1772 εἶναι.
1171 1716 1313 1770 Ἀλλ’
1361 1719 1494 1791 ὁρᾷς
1542 1719 1619 1784 ὡς
1668 1720 1766 1794 τὴν

170 1805 346 1878 ἀκοὴν
389 1806 614 1880 πλήττει
659 1810 691 1879 ὴ
732 1807 956 1880 τοιαύτη
992 1808 1167 1880 φωνὴ,
1211 1809 1311 1863 οὑκ
1348 1809 1549 1881 ἔχουσα
1594 1812 1766 1884 ἁρμο-

170 1898 315 1953 νίαν.
341 1900 471 1954 Είδ’
503 1900 597 1955 ἐπὶ
620 1900 713 1954 τὸν
740 1900 870 1956 Υἱὸν
893 1901 1146 1965 ὲκλάὁοις
1167 1902 1236 1956 τὰ
1265 1902 1445 1972 λόγια,
1470 1904 1636 1968 αὐτὸς
1653 1904 1765 1977 γὰρ

168 1985 242 2062 ἦν
268 1991 303 2062 ή
339 1990 528 2062 Σοφία,
572 1991 751 2045 πάντα
787 2009 870 2045 σοι
909 1991 1188 2065 εὑροήσει,
1219 1992 1447 2064 μηδενὸς
1471 1993 1765 2059 δυσσεϐοῦς

166 2084 444 2156 νοήματος
496 2083 747 2156 ἐμποδὼν
810 2084 1099 2156 ἱσταμένου
1123 2125 1138 2150 ,
1165 2085 1765 2159 συνεπιμαρτυροῦντος

164 2176 266 2231 τοῦ
305 2176 600 2233 ἀποστόλου
645 2176 882 2243 Παύλου,
926 2177 986 2241 ὃς
1030 2176 1123 2231 τὸν
1168 2178 1398 2249 Σωτῆρα
1428 2179 1523 2233 καὶ
1557 2179 1762 2253 Κύριον

166 2270 330 2342 ἡμῶν
371 2269 577 2340 Ἰησοῦν
605 2269 840 2344 Χριστὸν
871 2269 1101 2342 λαμπρᾷ
1122 2273 1190 2343 τῇ
1224 2272 1375 2343 φωνῇ
1409 2271 1608 2341 Σοφίαν
1628 2271 1765 2327 ὠνό-

170 2379 347 2433 μασεν
376 2360 564 2417 είπών·
592 2361 847 2430 Χριστὸς
874 2361 1021 2416 Θεοῦ
1055 2361 1310 2433 δύναμις
1342 2362 1442 2417 καὶ
1477 2363 1625 2420 Θεοῦ
1655 2368 1764 2419 Σο-

165 2454 300 2522 salu.
324 2453 541 2509 Τούτων
572 2447 677 2508 ὧδέ
725 2470 804 2525 πη
855 2453 1424 2525 κατασκευασμένων,
1468 2454 1763 2510 ἀκόλουθόν

164 2546 289 2599 ἐστι
312 2544 452 2619 μετὰ
473 2545 581 2600 τῶν
602 2545 1043 2619 προεκτεθέντων
1076 2547 1353 2611 ἁπάντων,
1381 2544 1442 2613 ἐξ
1473 2548 1637 2602 αὑτοῦ
1665 2548 1761 2603 τοῦ

164 2638 467 2712 προσώπου
494 2638 698 2704 καὶτὸ,
736 2639 952 2708 Κύριος
982 2638 1187 2694 ἐκτισέ
1232 2656 1310 2710 με
1353 2639 1553 2710 ἀρχὴν
1606 2638 1763 2695 ὁδῶν

162 2728 357 2786 αὐτοῦ
384 2731 470 2794 είς
495 2722 641 2800 ἔργα
670 2729 882 2794 αὑτοῦ,
913 2728 1197 2800 λελέχθαι·
1244 2730 1294 2783 εί
1322 2730 1379 2783 δὲ
1411 2730 1559 2799 λέγοι
1610 2731 1762 2785 ἐκτίσ-

165 2820 297 2875 σθαι
341 2820 453 2892 (62)
494 2822 709 2887 ἑαυτὸν,
751 2822 852 2893 οὑχ
885 2822 962 2888 ὡς
1007 2825 1074 2879 ἐκ
1115 2821 1211 2876 τοῦ
1265 2823 1340 2894 μή
1384 2823 1538 2888 ὄντος
1579 2826 1661 2889 είς
1699 2824 1763 2878 τὸ

161 2910 311 2970 εἶναι
356 2913 665 2987 παρελθὼν,
697 2913 844 2970 τοῦτ’
876 2914 943 2970 ἂν
974 2914 1140 2981 εἴποι,
1171 2917 1283 2969 οὐδ’
1309 2916 1386 2979 ὡς
1412 2916 1613 2989 ὁμοίως
1644 2919 1761 2983 τοῖς

158 3007 375 3072 λοιποῖς
407 3007 691 3081 κτίσμασι,
726 3008 822 3062 καὶ
865 3006 1029 3072 αὐτὸς
1060 3008 1129 3061 ὲκ
1166 3008 1262 3061 τοῦ
1309 3007 1385 3080 μὴ
1417 3008 1570 3072 ὄντος
1597 3025 1760 3079 γεγο-

157 3097 296 3165 νὼς,
324 3093 526 3174 τινες
553 3100 654 3154 οὐκ
676 3099 852 3176 ὀρθῶς
874 3099 1259 3171 ὑπειλήφασιν,
1278 3099 1393 3155 ἀλλ’
1413 3100 1486 3164 ὡς
1512 3099 1761 3170 ὑφεστὼς
1787 3138 1830 3198 c

161 3191 271 3263 μὲν
316 3192 412 3246 καὶ
455 3192 584 3259 ζῶν,
630 3191 816 3263 προών
854 3208 916 3244 τε
958 3191 1055 3244 καὶ
1093 3193 1465 3266 προϋπάρχων
1513 3192 1616 3263 τῆς
1658 3192 1755 3246 τοῦ

158 3282 374 3348 πάντος
401 3282 607 3356 κόσμου
644 3282 977 3347 συστάσεως,
1007 3283 1197 3355 ἄρχειν
1230 3283 1286 3337 δὲ
1316 3284 1426 3338 τῶν
1469 3284 1606 3338 ὅλων
1649 3282 1757 3337 ὑπὸ

156 3377 377 3450 Κυρίου
392 3375 486 3430 τοῦ
514 3374 678 3432 αὑτοῦ
696 3376 909 3450 Πατρὸς
932 3375 1407 3450 κατατεταγμένος
1430 3394 1444 3407 ·
1463 3375 1581 3443 τοῦ,
1600 3377 1760 3431 ἐκτι-

158 3482 305 3536 σεν,
337 3469 572 3525 ἐνταῦθα
608 3469 728 3524 ἀντὶ⁵
757 3469 875 3536 τοῦ,
908 3469 1256 3536 κατέταξεν,
1293 3469 1327 3543 ἢ
1354 3470 1754 3539 κατέστησεν,

156 3563 480 3637 εἰρημένου.
513 3563 818 3637 Διαρρήδην
832 3563 963 3633 γοῦν
985 3564 1111 3628 τοὺς
1135 3565 1194 3616 ὲν
1224 3562 1534 3635 ἀνθρώποις
1563 3563 1756 3635 ἄρχον-

156 3672 263 3722 τας
294 3657 388 3713 καὶ
415 3658 691 3729 ἡγεμόνας
722 3657 900 3713 κτίσιν
920 3655 1204 3729 ὠνόμασεν
1232 3657 1261 3709 ὀ
1289 3655 1460 3710 εἰπὼν
1494 3656 1756 3710 Ἀπόστο-

155 3752 277 3817 λος·
331 3748 696 3820 Ὑποτάγητε
741 3747 911 3819 πάσῃ
959 3747 1154 3802 κτίσει
1203 3747 1548 3818 ἀνθρωπίνῃ
1575 3787 1591 3814 ,
1655 3746 1755 3802 διὰ

156 3844 276 3901 τὸν
316 3843 564 3912 Κύριον·
605 3839 729 3896 εἴτε
750 3839 1028 3906 βασιλεῖ,
1076 3840 1156 3904 ὡς
1200 3837 1587 3909 ὑπερέχοντι·
1633 3837 1755 3892 εἴτε

154 3932 478 4005 ἡγεμόσιν,
504 3932 585 3998 ὡς
617 3930 693 3985 δι’
716 3930 907 3986 αὐτοῦ
930 3929 1356 4002 πεμπομένοις.
1381 3928 1491 3983 Καὶ
1515 3929 1545 3980 ὁ
1582 3926 1753 3982 εἰπὼν

151 4025 219 4080 δὲ
230 4024 540 4097 προφήτης,
569 4018 906 4091 Ἐτοιμάζου
928 4020 1035 4076 τοῦ
1051 4020 1465 4075 ἐπικαλεῖσθαι
1479 4017 1589 4073 τὸν
1605 4019 1754 4072 Θεόν

152 4130 282 4172 σου
333 4113 601 4184 Ἰσραήλ·
635 4112 788 4168 διότι
837 4112 967 4168 ἰδοὺ
1002 4111 1267 4181 στερεῶν
1302 4112 1597 4180 βρόντην,
1647 4108 1749 4164 καὶ

150 4205 372 4268 κτίζων
396 4205 656 4276 πνεῦμα,
690 4205 790 4259 καὶ
842 4203 1235 4277 ἀναγγέλλων
1262 4205 1349 4270 είς
1399 4201 1752 4271 ἀνθρώπους

150 4300 270 4355 τὸν
294 4298 557 4368 Χριστὸν
596 4296 802 4353 αὐτοῦ.
834 4296 947 4351 Καὶ
976 4296 1058 4362 τὸ,
1092 4293 1391 4367 Γραφήτω
1432 4293 1545 4367 (65)
1594 4294 1750 4363 αὕτη

146 4394 247 4458 είς
284 4390 500 4461 γενεὰν
520 4389 752 4459 ἑτέραν,
780 4387 882 4443 καί
909 4388 1061 4457 λαὸς
1090 4391 1124 4443 ό
1154 4386 1492 4457 κτιζόμενος
1519 4385 1751 4441 αἰνέσει

1872 518 1964 588 (ιοί
2017 517 2159 574 inter
2210 519 2461 575 homines
2533 529 2685 574 recta
2765 519 3102 589 operantur?
3135 517 3287 588 Quod
3318 522 3363 576 si
3394 521 3463 575 de

1872 610 2091 667 Christo
2122 610 2216 667 Dei
2259 612 2494 682 accipiat
2523 612 2648 683 quis
2689 611 2824 668 illud
2863 610 3067 667 dictum
3097 629 3112 667 :
3137 596 3264 667 nan'i
3295 611 3462 668 Chri-

1872 712 1991 757 stus
2039 700 2133 757 Dei
2188 711 2428 770 potestas
2472 711 2558 757 cst
2601 710 2656 756 et
2700 701 3002 773 Sapientia,
3054 702 3191 758 nihil
3235 702 3462 773 impedit

1874 794 2014 850 hanc
2058 794 2494 867 intelligentiam,
2541 794 2981 865 quandoquidem
3028 796 3098 850 ob
3130 795 3458 851 immensum

1873 903 2031 943 suum
2067 888 2122 943 in
2167 889 2467 944 humanum
2511 904 2681 959 genus
2729 902 2968 944 amorem
3023 904 3130 943 non
3188 890 3462 945 recusavit

1872 978 2016 1053 hanc
2063 980 2485 1037 fraternitatem.
2534 981 2687 1050 Quod
2736 984 2781 1040 si
2827 998 2991 1038 unum
3042 991 3161 1037 erat
3201 983 3458 1054 idemque

1872 1075 2039 1142 Deus,
2070 1085 2125 1131 et
2164 1091 2285 1148 qua:
2325 1079 2379 1131 in
2422 1076 2731 1135 Proverbiis
2764 1077 3126 1134 introducitur
3154 1077 3457 1149 Sapientia,

1871 1183 1995 1239 quas
2023 1170 2240 1241 sapiens
2268 1169 2488 1241 quidam
2535 1170 2756 1226 habitus
2785 1180 2870 1227 est
2898 1171 2954 1227 in
2992 1170 3083 1227 illo
3111 1170 3456 1236 intellectus,

1871 1262 1927 1316 in
1954 1272 2220 1332 quantum
2249 1262 2394 1318 Deus
2441 1263 2680 1332 sapiens.
2714 1264 2846 1334 quid
2874 1263 3129 1330 prohibet
3165 1264 3334 1319 Deum
3365 1263 3460 1319 hic

1869 1369 1968 1426 pro
2003 1353 2283 1426 Sapientia
2325 1355 2549 1412 rescribi
2579 1373 2595 1411 :
2627 1366 2685 1412 ut
2724 1357 2805 1412 sic
2846 1357 2938 1412 ubi
2983 1356 3185 1411 dictum
3214 1366 3322 1423 est,
3355 1354 3460 1412 Sa-

1868 1446 2066 1514 pientia
2094 1446 2375 1516 aediﬁcavit
2408 1448 2513 1501 sibi
2556 1448 2790 1513 domum,
2822 1458 2869 1502 et
2903 1432 3153 1502 solidavit
3181 1447 3456 1501 columnas

1868 1548 2080 1608 septem,
2116 1548 2171 1593 et
2193 1554 2314 1608 qua:
2334 1547 2659 1610 sequuntur,
2679 1539 2883 1594 dictum
2915 1539 2986 1593 sit
3012 1554 3132 1609 pro,
3160 1536 3300 1593 Deus
3325 1538 3459 1592 ωιιι.

1868 1630 2042 1700 ﬁcavit
2086 1631 2187 1685 sibi
2211 1631 2446 1697 domum,
2464 1640 2606 1700 etc.;
2644 1639 2699 1686 et
2728 1631 2922 1687 iterum
2957 1645 3053 1702 pro
3079 1644 3163 1696 eo,
3198 1629 3322 1684 Dixi
3347 1628 3456 1685 Sa—

1869 1722 2122 1791 pientiam
2142 1739 2375 1777 sororem
2403 1734 2574 1790 tuam,
2606 1723 2840 1787 dicatur,
2881 1722 3005 1778 Dixi
3040 1723 3207 1778 Deum
3232 1722 3454 1793 fratrem

1798 1793 1838 1849 Β
1868 1824 2035 1868 tuum.
2066 1814 2172 1870 Sed
2206 1824 2265 1868 ut
2294 1830 2454 1871 aures
2487 1814 2763 1885 percutiat
2792 1812 2893 1871 ista
2926 1814 3114 1880 dictio,
3146 1816 3298 1871 vides
3341 1823 3454 1868 tam

1868 1902 2180 1975 incongrua.
2239 1902 2394 1972 Quod
2442 1904 2490 1961 si
2540 1905 2608 1961 de
2664 1904 2804 1960 Filio
2858 1903 3193 1975 Sapientiam
3243 1903 3453 1974 capias,

1864 1997 2046 2051 omnia
2081 1998 2218 2052 bene
2248 1996 2417 2052 ﬂuent
2445 2014 2462 2052 :
2492 2011 2594 2052 nec
2622 2004 2880 2052 occurret
2903 1996 2997 2050 tibi
3031 1995 3327 2065 quidquam
3361 1992 3454 2048 hic

1866 2088 2178 2156 impietatis,
2209 2103 2334 2144 cum
2369 2089 2656 2160 perhibeat
2706 2088 2801 2144 tibi
2837 2087 3208 2144 testimonium
3254 2086 3454 2142 beatus

1863 2179 2061 2236 Paulus
2085 2179 2495 2252 apostolus,qui
2513 2180 2834 2252 pronuntiat
2855 2180 3001 2236 clare
3023 2178 3372 2234 Servatorem
3396 2185 3454 2233 et

1864 2268 2151 2325 Dominum
2182 2278 2425 2326 nostrum
2456 2269 2640 2326 Jesum
2666 2268 2947 2325 Christum
2990 2268 3083 2324 Dei
3114 2266 3452 2337 Sapientiam

1863 2364 2280 2430 nominandum,
2332 2363 2423 2418 ubi
2466 2364 2563 2429 ait,
2596 2352 2840 2418 Christus
2873 2361 2966 2416 Dei
3009 2361 3243 2433 potentia
3274 2369 3323 2414 et
3350 2358 3454 2415 Sa-

1860 2459 2062 2532 pientia
2082 2460 2150 2513 ⁹².
2176 2457 2275 2514 llis
2300 2459 2367 2514 ad
2399 2460 2543 2515 hunc
2571 2456 2787 2513 modum
2820 2457 2892 2510 ita
2925 2454 3225 2526 apparatis,
3255 2455 3323 2509 ad
3355 2467 3451 2508 su-

1860 2543 2047 2622 perius
2073 2551 2345 2621 proposita
2381 2564 2721 2621 consequens
2758 2558 2842 2604 est
2881 2548 3004 2615 hoc,
3030 2547 3290 2602 Dominus
3319 2562 3449 2600 con-

1863 2642 2002 2697 didit
2032 2659 2115 2698 me
2133 2643 2452 2714 principium
2482 2644 2685 2697 uiarum
2713 2657 2933 2695 suarum
2962 2641 3030 2694 ad
3054 2656 3211 2710 opera
3235 2639 3352 2710 ejus
3376 2638 3450 2707 ",

1864 2751 1896 2791 e
1949 2749 2183 2806 persona
2230 2732 2349 2804 ejus
2394 2734 2669 2805 usurpari.
2705 2733 2860 2802 Quod
2890 2733 2935 2788 si
2981 2733 3131 2788 dicat
3167 2733 3448 2788 conditum

1865 2826 2013 2882 illum
2040 2825 2230 2893 fuisse,
2258 2841 2365 2882 non
2394 2827 2467 2882 ita
2492 2826 2647 2894 dixit,
2671 2826 2827 2900 quasi
2860 2824 3018 2879 vellet
3044 2824 3297 2894 intelligi,
3322 2839 3448 2881 eum

1861 2918 1931 2974 de
1962 2933 2072 2974 non
2102 2928 2232 2975 eute
2259 2919 2327 2974 ad
2354 2933 2475 2974 esse
2504 2918 2993 2988 processisseznec
3021 2916 3185 2987 quod,
3218 2917 3288 2973 ad
3332 2931 3450 2972 mo.

1862 3009 1990 3065 dum
2028 3021 2405 3067 creaturarum
2435 3010 2792 3082 reliquarum,
2831 3011 2898 3066 de
2947 3025 3054 3065 nou
3085 3019 3213 3066 ente
3241 3008 3447 3083 produ-

1863 3102 2109 3168 cebatur,
2138 3102 2284 3171 quod
2318 3100 2566 3157 nonnulli
2603 3101 2784 3157 minus
2814 3115 2960 3157 recte
2991 3109 3118 3156 sunt
3147 3099 3398 3156 arbitrati
3430 3117 3446 3154 :

1863 3191 1957 3245 sed
1988 3192 2130 3263 quod
2160 3192 2464 3248 subsistens
2511 3200 2569 3246 et
2604 3193 2816 3258 vivens,
2865 3194 2960 3248 sed
3003 3191 3147 3263 quod
3188 3194 3451 3262 praexsi-

1863 3292 2035 3348 stens,
2064 3290 2120 3337 et
2150 3284 2594 3352 pmsubsistens,
2636 3293 2767 3339 ante
2799 3298 3017 3339 omnem
3050 3285 3235 3338 mundi
3261 3284 3450 3339 condi-

1865 3372 2065 3429 tionem
2094 3386 2251 3430 erat:
2284 3381 2343 3442 >I<
2372 3377 2628 3447 quodque
2660 3391 2691 3431 a
2733 3375 2960 3432 Domino
2988 3390 3087 3431 suo
3121 3375 3281 3432 Patre
3315 3391 3450 3432 con-

1861 3466 2083 3522 stitutus
2128 3475 2212 3521 est
2239 3468 2481 3523 omnium
2519 3467 2851 3534 dominator,
2882 3466 3061 3538 posito
3103 3466 3214 3534 illo,
3265 3469 3450 3522 condi-

1861 3558 1958 3623 dit,
2016 3558 2122 3614 hoc
2172 3559 2227 3613 in
2275 3558 2415 3622 loco,
2463 3574 2562 3629 pro
2607 3559 2902 3626 constituit,
2933 3557 3018 3613 vel
3052 3559 3451 3614 ordinavit.Di-

1859 3651 2022 3704 sertis
2048 3649 2227 3705 verbis
2253 3650 2527 3721 principes
2552 3660 2608 3706 et
2635 3652 2801 3707 duces
2824 3651 2969 3706 inter
2989 3650 3260 3714 homines.
3292 3665 3448 3707 crea-

1862 3751 2037 3796 turam
2069 3741 2361 3811 Apostolus
2401 3730 2847 3810 nominavit,‘ubi
2871 3743 2987 3798 ait:
3018 3742 3256 3811 Subjecti
3283 3753 3448 3797 estote

1860 3831 2001 3885 omni
2036 3831 2284 3886 humana:
2325 3842 2586 3890 creaturis
2618 3841 2832 3905 prapter
2867 3831 3177 3900 Dominum,
3203 3834 3310 3888 sive
3338 3835 3450 3908 regi

1858 3931 1916 3976 ut
1946 3922 2243 3992 excellenti,
2266 3924 2374 3979 sive
2394 3925 2718 3996 principibus
2757 3935 2816 3979 ut
2852 3924 2916 3979 ab
2950 3923 3046 3979 illo
3073 3925 3250 3979 missis
3265 3923 3330 3979 “.
3380 3926 3449 3978 Et
3539 3962 3542 3969 λ

1859 4015 2124 4085 propheta
2157 4017 2247 4086 qui
2283 4016 2420 4073 dixit
2449 4033 2465 4071 :
2496 4014 2839 4086 Praeparare,
2871 4026 2927 4070 ut
2959 4027 3167 4071 uocetur
3200 4031 3358 4087 super
3395 4024 3448 4069 te

1858 4105 2002 4161 Deus
2024 4106 2197 4163 Israel
2230 4124 2250 4163 :
2272 4118 2550 4179 propterea
2584 4125 2701 4164 ecce
2735 4108 2919 4179 ﬁrmat
2943 4108 3166 4173 tonitru,
3190 4117 3240 4161 et
3264 4107 3448 4161 condit

1848 4190 2055 4267 uentos,
2091 4207 2144 4257 et
2166 4200 2454 4254 annuntiat
2483 4200 2620 4255 inter
2656 4199 2893 4254 homines
2918 4199 3188 4254 Christum
3213 4200 3442 4255 suum”.

1862 4290 1927 4344 Et
1961 4290 2108 4356 illud,
2141 4291 2424 4347 Scribatnr
2452 4293 2547 4347 illa
2580 4293 2637 4347 in
2666 4292 3060 4363 generationem
3101 4291 3353 4356 alteram,
3383 4300 3447 4345 ut

1856 4380 2081 4453 populus
2105 4384 2198 4454 qui
2212 4384 2461 4439 conditur
2477 4385 2651 4439 laudet
2667 4383 3026 4438 Dominum".
3045 4382 3181 4438 Illud
3205 4383 3447 4439 condidit

148 4483 270 4539 τόν
289 4483 528 4552 Κύριον·
548 4481 630 4546 τὸ,
653 4480 885 4546 κτίζων,
898 4480 992 4535 ἐπὶ
1009 4477 1103 4534 τοῦ
1121 4478 1404 4552 γεγονότος
1423 4477 1483 4544 ἐξ
1498 4478 1743 4550 ἀνυπαρ-

1865 4489 1955 4543 pro
1986 4489 2053 4531 eo
2085 4476 2229 4546 quod
2268 4475 2372 4530 fuit
2399 4487 2674 4547 sumptum
2710 4484 2817 4543 est,
2842 4477 2967 4546 quia
2990 4475 3104 4547 jam
3150 4484 3278 4532 ante
3300 4485 3443 4530 erat.

148 4575 277 4646 ξίας
310 4573 663 4648 παρείληφεν.
684 4572 758 4626 Οὐ
774 4572 884 4643 γάρ
916 4571 1037 4627 τότε
1059 4570 1275 4625 ἔκτισεν
1290 4571 1319 4623 ὁ
1339 4568 1471 4634 Θεὸς
1502 4568 1562 4622 τὸ
1584 4566 1749 4622 πνεῦ-

148 4683 259 4742 μα,
285 4665 375 4719 ὅτε
395 4664 485 4720 τὸν
505 4663 738 4737 Χριστὸν
769 4661 935 4718 αὑτοῦ
963 4663 1029 4716 δι’
1046 4659 1213 4719 αὑτοῦ
1242 4660 1409 4714 πᾶσιν
1438 4658 1745 4731 ἀνθρώποις

144 4754 549 4827 κατήγγειλεν·
576 4754 728 4811 οὐδὲν
776 4753 886 4826 γὰρ
936 4752 1249 4829 πρόσφατον
1288 4750 1392 4804 ὑπὸ
1432 4750 1524 4803 τὸν
1572 4749 1744 4820 ἥλιον.

160 4847 312 4904 Ἀλλ’
325 4843 394 4921 ἦν
430 4847 551 4920 μὲν,
573 4847 669 4902 καὶ
687 4846 1065 4921 προϋπῆρχεν,
1085 4842 1447 4897 ἀπεστέλλετο
1467 4842 1523 4895 δὲ
1544 4841 1665 4895 καθ’
1681 4841 1743 4897 ὃν

143 4939 349 5012 καιρὸν
393 4935 534 5012 ἦσαν
576 4940 626 4992 oi
671 4936 959 4993 ἀπόστολοι
1006 4935 1380 5008 συνηγμένοι·
1433 4935 1523 4988 ὅτε
1574 4933 1738 5004 δίκην

143 5032 408 5107 βροντῆς,
436 5032 652 5101 ἐγένετο
669 5027 801 5103 ἦχος
828 5033 893 5085 ὲκ
919 5026 1012 5083 τοῦ
1038 5025 1301 5100 οὐρανοῦ,
1357 5024 1548 5097 ὥσπερ
1577 5042 1743 5098 φερο-

144 5125 328 5199 μένης
377 5126 547 5196 πνοῆς
599 5122 815 5193 βιαίας,
864 5117 1264 5193 ἐπληρώθησαν
1309 5135 1370 5172 τε
1422 5116 1743 5188 Πνεύματος

140 5214 343 5284 ἁγίου·
376 5214 469 5272 καὶ
496 5212 669 5276 οὕτως
694 5214 775 5276 είς
797 5212 1006 5275 πάντας
1033 5208 1355 5283 ἀνθρώπους
1380 5210 1473 5264 τὸν
1504 5208 1742 5282 Χριστὸν

134 5305 246 5362 τοῦ
277 5304 411 5358 Θεοῦ
438 5304 827 5378 κατήγγειλαν,
851 5301 1161 5367 ἀκολούθως
1192 5304 1261 5374 τῇ
1293 5300 1604 5374 προφητεία
1633 5315 1741 5369 φη-

216 5495 279 5553 ae
313 5486 415 5543 Ed.
444 5485 653 5549 Paris.,
680 5500 804 5557 pag.
836 5484 961 5539 151.
1038 5483 1084 5516 ⁸⁸
1116 5484 1139 5538 ι
1167 5483 1297 5540 Cor.
1321 5499 1363 5549 ι,
1396 5480 1489 5538 24.

135 5562 197 5597 η
226 5559 377 5615 Psal.
407 5574 481 5627 cr,
506 5558 594 5613 19.

232 5742 339 5814 [61)
368 5741 542 5814 Ῐιιίεο
578 5741 791 5814 σοφίαν,
824 5741 940 5809 ἕξιν
965 5748 1018 5797 et
1051 5754 1176 5798 mox
1206 5738 1448 5796 ἔκλάσοι.

245 5743 309 5800 61
368 5742 542 5814 Vulgo
578 5742 791 5814 σοφίαν,
824 5742 940 5809 ἕξιν
965 5748 1018 5797 et
1051 5754 1176 5798 mox
1206 5742 1448 5796 ὲκλάδοι.

242 5742 339 5885 62;
372 5811 544 5885 Vulgo
569 5812 753 5868 αὐτόν.
1468 5871 1473 5876 ,

1592 5479 1813 5539 “Prov.
1840 5496 1962 5550 vm,
1981 5480 2073 5537 22.

1852 4566 2040 4637 Neque
2068 4571 2213 4624 enim
2246 4580 2359 4625 tum
2389 4570 2631 4626 condidit
2653 4570 2795 4626 Deus
2819 4571 3091 4642 spiritum,
3124 4584 3250 4624 cum
3284 4568 3447 4624 Chri-

1852 4673 1995 4719 stum
2029 4678 2187 4718 suum
2220 4678 2318 4734 per
2360 4663 2513 4719 illum
2565 4663 2834 4719 universis
2879 4661 3195 4719 hominibus
3231 4677 3446 4718 annun-

1857 4755 2013 4809 tiaret
2040 4771 2055 4810 :
2085 4755 2212 4824 quia
2251 4754 2383 4812 nihil
2428 4756 2552 4810 novi
2598 4763 2682 4811 est
2732 4754 2836 4811 sub
2887 4754 3002 4811 sole
3046 4755 3188 4810 :sed
3226 4762 3344 4808 erat
3388 4762 3447 4809 et

1852 4846 2147 4901 exsistebat
2179 4854 2344 4902 ante:
2373 4847 2693 4907 mittebatur
2727 4855 2909 4903 autem
2942 4861 3008 4902 eo
3038 4857 3282 4917 tempore
3315 4860 3441 4901 cum

1853 4935 1905 4990 in
1940 4951 2105 4991 unum
2135 4936 2447 5007 congregati
2490 4935 2722 5007 apostoli
2767 4943 2927 4991 erant
2954 4955 2966 4991 :
2995 4950 3119 4991 cum
3162 4935 3230 4989 ad
3269 4935 3444 4990 instar

1854 5028 2090 5085 tonitrus
2127 5027 2302 5084 factus
2337 5036 2420 5084 est
2463 5027 2677 5084 sonitus
2712 5027 2906 5099 ingens
2953 5028 3020 5082 de
3065 5025 3206 5083 cmlo
3234 5045 3248 5083 :
3273 5026 3442 5083 veluti

1853 5119 2214 5176 descendente
2251 5120 2450 5190 spiritu
2490 5118 2918 5185 vehementiore,
2971 5127 3028 5175 et
3073 5118 3288 5188 repleti‘
3312 5129 3444 5175 sunt

1853 5210 2060 5282 Spiritu
2087 5221 2298 5268 sancto.
2324 5214 2501 5284 Atque
2529 5211 2603 5267 ita
2621 5211 2900 5267 Christum
2928 5210 3163 5277 Domini,
3202 5210 3254 5265 in
3283 5226 3442 5265 mun-

1852 5301 1981 5357 dum
2044 5303 2361 5359 universum
2432 5303 2876 5359 annuntiarunt:
2907 5301 3064 5372 juxta
3121 5303 3441 5358 vaticinium

2188 5480 2437 5537 "lPetr.
2472 5496 2537 5548 tt,
2562 5481 2652 5549 15,
2696 5481 2783 5538 14.
2874 5481 3101 5538 "Amos
3122 5497 3200 5549 tv,
3231 5480 3321 5550 12,
3351 5480 3437 5540 15.

1919 5734 2033 5808 (63)
2073 5734 2243 5807 Vulgo
2276 5735 2413 5808 αὐτή
2437 5774 2452 5803 ,
2479 5742 2533 5792 ei
2565 5749 2687 5793 mox
2718 5733 2928 5803 αἱνήσε.

3355 317 3463 375 974
3574 382 3591 392 _
