3828 6222
450 366 585 455 οδε

1129 358 1398 417 EUSEBII
1437 351 1914 413 CIESARIENSIS
1950 347 2017 406 01

2143 346 2322 405 PARS
2361 347 2453 404 ιν.
2494 376 2563 387 -
2600 309 3043 402 υουιιετιοιζ.

3596 334 3715 391 956-

460 452 748 543 Abraliam.
774 489 825 536 et
849 478 1030 544 Isaac,
1053 488 1102 533 et
1128 478 1292 532 Iacob
1316 478 1383 530 ⁸⁸.
1427 474 1586 531 Vides
1610 483 1669 527 ut
1696 488 1755 528 se
1788 469 2017 525 allii-mal

2134 461 2275 532 Ἐγὼ
2302 462 2533 531 Κύριος,
2547 460 2646 514 και
2667 454 2999 544 agamus)
3016 450 3165 544 πρὸς
3179 446 3702 544 Equitatui-{pec

456 576 705 649 patribus
770 572 1109 643 apparuisse.
1177 570 1404 636 Quando
1468 577 1644 621 autem
1714 562 2026 634 apparuerit

455 667 745 737 Scriptura
785 664 975 728 docet,
1006 662 1292 731 inquiens,
1327 656 1586 727 Apparuit
1618 654 1759 708 Deus
1797 652 2026 707 Abrahae

451 759 525 815 ad
553 773 802 827 quercum
833 753 1072 809 Humbre
1094 793 1111 818 ,
1137 753 1261 806 dum
1304 752 1504 804 sederet
1532 749 1603 802 ad
1636 749 1829 801 ostium
1855 745 2027 801 taber-

458 849 634 904 naculi
661 848 746 903 sui
776 845 847 902 “.
878 846 995 913 Qua
1026 856 1205 901 autem
1246 843 1443 912 ﬁgura,
1469 843 1573 895 nisi
1608 842 1844 897 humana
1869 854 2029 908 appa-

453 940 606 995 ruit?
645 938 779 1006 Quis
810 948 990 994 autem
1030 937 1123 993 ille
1155 946 1338 1000 esset,
1385 936 1490 989 nisi
1520 934 1687 989 Filius
1715 934 1847 997 Dei,
1876 944 1933 987 ut
1966 933 2022 986 in

455 1031 750 1103 Evangelio
776 1031 894 1102 ipse
920 1030 1081 1085 docet
1128 1027 1344 1083 Judzeos
1396 1027 1706 1096 alloquens,
1758 1026 2023 1079 Abraham

457 1123 622 1179 Pater
650 1132 817 1179 uester
843 1120 1127 1177 exsultavit
1159 1131 1216 1173 ut
1259 1118 1457 1174 videret
1494 1122 1634 1173 diem
1654 1135 1822 1172 meum
1843 1132 1863 1171 :
1896 1119 2025 1172 vidit

454 1227 655 1281 autem,
690 1224 738 1270 et
762 1214 976 1285 gavisus
1003 1223 1079 1267 est
1106 1211 1151 1243 ⁸⁷
1183 1229 1198 1265 :
1233 1211 1479 1265 attonitis
1504 1222 1685 1265 autem
1715 1212 1782 1264 ad
1820 1224 2026 1265 sermo-

457 1322 583 1363 nem
635 1305 744 1361 illis
791 1302 991 1373 adjecit
1019 1343 1045 1370 ,,
1071 1302 1389 1373 Priusquam
1434 1302 1702 1357 Abraham
1741 1311 1895 1369 esset,
1935 1318 2026 1372 ego

453 1389 578 1456 s'um
595 1398 664 1454 “.
714 1397 816 1455 Ubi
845 1413 998 1452 suam
1046 1396 1407 1466 liquidissima
1433 1397 1887 1465 praaexistentiam
1931 1394 2029 1450 do-

456 1503 563 1548 cet.
591 1491 733 1559 Quid
790 1491 934 1545 enim
968 1488 1116 1543 aliud
1166 1489 1438 1544 intimavit
1487 1487 1574 1541 illa
1604 1488 1770 1543 dictio
1795 1527 1810 1552 ,
1865 1503 2025 1557 quam

459 1585 603 1653 quod
640 1583 871 1652 ipsemet
895 1582 1067 1637 Filius
1086 1583 1176 1636 Dei
1203 1582 1401 1646 fuerat,
1421 1586 1653 1652 quicum
1684 1581 1831 1637 Mose
1851 1582 2029 1651 loque-

454 1677 614 1729 batur
634 1682 690 1729 et
717 1673 949 1736 dicebat,
987 1670 1099 1742 Ego
1122 1688 1261 1735 sum,
1290 1672 1385 1741 qui
1413 1688 1528 1725 sum
1554 1673 1580 1727 Ρ
1606 1672 1739 1727 Nam
1787 1686 1848 1727 se
1899 1671 2024 1740 qui-

453 1770 577 1824 dem
603 1769 912 1824 Abrabanio
942 1769 1113 1822 visum
1172 1766 1422 1823 afﬁrmat.
1456 1765 1575 1822 Jam
1626 1768 1858 1838 qualiter
1903 1778 2025 1825 erat

455 1862 560 1928 Qui
584 1872 682 1928 est,
711 1870 993 1917 ostensum
1021 1870 1123 1914 est.
1153 1859 1258 1915 Sed
1287 1869 1339 1914 et
1373 1874 1599 1928 magnus
1628 1859 1718 1915 ille
1747 1859 2023 1930 apostolus

453 1952 694 2014 Paulus.
738 1952 983 2023 agnoscit
1036 1951 1231 2006 Filium
1288 1952 1380 2006 Dei
1434 1951 1633 2006 factum
1668 1952 2021 2008 mediatorem

451 2045 587 2116 legis
614 2061 713 2115 per
739 2044 938 2101 Mosem
967 2045 1124 2108 datre,
1162 2045 1214 2098 in
1248 2043 1444 2115 quibus
1479 2043 1738 2113 loquitur,
1766 2043 1877 2099 Lex
1912 2055 2025 2098 tra-

451 2138 565 2191 dita
587 2154 679 2206 per
700 2138 911 2208 angelos
942 2139 1000 2191 iu
1051 2154 1213 2191 manu
1244 2138 1574 2192 mediatoris.
1609 2138 1734 2193 1am
1765 2140 2024 2193 mediator

449 2229 609 2285 unius
641 2246 744 2284 non
765 2240 864 2295 est,
893 2228 1031 2282 Deus
1056 2239 1232 2283 autem
1254 2246 1391 2283 unus
1419 2241 1493 2285 est
1520 2231 1587 2284 δ’.
1625 2236 1683 2294 >14
1710 2229 1787 2286 Ita
1815 2231 2021 2286 media-

448 2334 537 2380 tor
560 2333 699 2393 erat,
716 2325 809 2397 qui
838 2325 1247 2396 colloqnebatur
1269 2324 1423 2391 Mosi,
1449 2325 1612 2379 etiam
1645 2335 1772 2379 ante
1802 2338 2018 2380 carnem

446 2426 806 2486 assumptam,
839 2417 1106 2472 mediator
1129 2417 1381 2472 humanae
1403 2417 1612 2473 salutis.
1663 2415 1818 2472 Hunc
1853 2417 2021 2473 fuisse

447 2524 615 2579 porro
660 2508 845 2566 Jesum
879 2510 1154 2567 Christum
1192 2511 1700 2583 statuilApostolus
1727 2511 2017 2580 inquiens,

451 2596 602 2654 Unus
635 2599 816 2668 Deus,
865 2618 1001 2655 unus
1051 2602 1315 2656 mediator
1360 2602 1456 2657 Dei
1503 2612 1660 2669 atque
1706 2601 2017 2665 hominum,

447 2692 602 2746 homo
627 2691 785 2747 Jesus
816 2691 1058 2748 Christus
1087 2695 1155 2748 ".
1186 2692 1324 2749 Hinc
1358 2693 1525 2764 igitur
1561 2693 1922 2764 personaliter
1950 2693 2019 2746 de

457 2784 758 2841 seJocutus
801 2799 886 2843 est
922 2789 1063 2856 apud
1099 2788 1323 2854 Mosem,
1361 2788 1472 2858 Ego
1494 2804 1610 2842 sum
1640 2788 1708 2854 ⁸⁸,
1749 2790 1864 2844 sive
1915 2787 2018 2842 iuit

443 2873 631 2941 Pater,
664 2878 755 2947 qui
811 2894 908 2948 per
943 2894 1066 2935 eum
1114 2881 1256 2936 hanc
1283 2880 1468 2936 emisit
1493 2894 1682 2934 vocem
1737 2898 1750 2934 :
1809 2882 2016 2936 utrovis

447 2966 608 3022 modo
659 2982 746 3023 res
781 2978 865 3024 est
905 2983 1027 3023 cum
1056 2970 1287 3026 veritate
1340 2971 1652 3041 conjuncta.
1708 2969 1786 3026 Ne
1813 2972 2016 3028 haereat

446 3069 578 3125 ergo
615 3056 793 3111 adhuc
814 3055 1099 3113 Marcellus
1127 3097 1144 3124 ,
1188 3058 1546 3114 inextricabili
1576 3075 1726 3127 usus,
1755 3061 2015 3129 quemad-

2142 552 2339 607 Ἰσαὰκ
2362 548 2628 618 καὶπρὸς
2664 544 2892 609 Ἰακὼϐ,
2913 541 3044 603 Θεὸς
3071 538 3146 593 ὣν
3168 536 3345 592 αὐτῶν
3369 533 3503 605 (12).
3544 534 3701 605 Ὁρᾷς

2127 642 2276 704 ὅπως
2303 635 2482 709 ὦφθαι
2505 637 2694 693 ἑαυτὸν
2712 638 2824 699 τοῖς
2845 632 3111 706 πατράσιν
3133 629 3259 700 ἔφη.
3284 627 3421 680 Πότε
3442 625 3501 679 δὲ
3525 623 3701 696 ὤφθη,

2129 730 2289 784 πάλιν
2308 732 2342 802 ἡ
2361 729 2550 804 Γραφὴ
2573 728 2839 800 μαρτυρεί
2863 724 3094 793 λέγουσα
3115 738 3129 752 ·
3160 720 3347 788 Ὠφθη
3375 717 3431 770 δὲ
3452 715 3567 786 (15)
3590 715 3703 768 Κύ-

2121 839 2254 890 ριος
2275 825 2309 876 ό
2331 821 2475 886 Θεὸς
2503 819 2583 886 τῷ
2617 817 2883 887 Ἀϐραὰμ,
2906 814 3056 884 πρὸς
3079 812 3156 881 τῇ
3176 809 3317 879 δρυῒ
3329 807 3406 877 τῇ
3429 804 3709 876 Μαμϐρῆ.

2129 912 2474 983 καθημένου
2518 909 2709 965 αὑτοῦ
2732 908 2881 979 πρὸς
2908 904 2982 974 τῇ
2996 904 3172 972 θύρᾳ.
3200 899 3325 963 Πῶς
3346 899 3405 953 δὲ
3430 898 3591 969 ὤφθη
3614 896 3706 950 ἀλ-

2127 1003 2285 1074 λωςῆ
2317 1002 2426 1075 (14)
2462 1005 2519 1058 ἐν
2542 1004 2781 1075 σχήματι
2815 996 3170 1071 evomam;
3214 992 3335 1046 τίνα
3355 990 3414 1045 δὲ
3435 989 3551 1062 (15)
3602 986 3710 1058 Χρὴ

2128 1093 2400 1147 πιστεύειν
2424 1089 2563 1147 εἶναι
2588 1090 2796 1155 τοῦτον,
2822 1088 2968 1161 ῆτὸν
2998 1085 3126 1139 Titi;
3143 1082 3235 1138 τοῦ
3260 1081 3418 1145 Θεοῦ,
3445 1081 3476 1133 ὸ
3511 1080 3579 1149 δὴ
3612 1078 3708 1132 καὶ

2128 1185 2290 1251 αὐτὸς
2310 1188 2367 1240 ὲν
2389 1182 2753 1253 Εὐαγγελίοις-
2770 1179 3008 1253 παρίστη
3041 1175 3214 1243 λέγων
3242 1172 3380 1244 πρὸς
3404 1172 3533 1234 τοὺς
3573 1170 3709 1222 Ἰου-

2125 1279 2310 1341 δαίους
2329 1295 2343 1308 ·
2384 1276 2634 1347 Ἀϐραὰμ
2667 1278 2700 1330 ό
2729 1271 2924 1341 πατὴρ
2951 1268 3119 1340 ὑμῶν
3144 1263 3585 1336 ἠγαλλιάσατο,
3608 1261 3713 1315 ἵνα

2129 1367 2225 1436 ἴδῃ
2248 1366 2363 1436 τὴν
2386 1365 2616 1437 ἡμέραν
2635 1364 2747 1436 (16)
2774 1362 2888 1431 τὴν
2915 1359 3089 1430 ἐμὴν,
3107 1357 3206 1411 καὶ
3223 1352 3348 1411 εἶδε
3370 1352 3472 1408 καὶ
3493 1350 3708 1423 ἐχάρη.

2128 1457 2254 1511 Ὅτι
2281 1458 2379 1514 καὶ
2401 1456 2800 1529 θαυμασάντων
2846 1453 2937 1507 ἐπὶ
2980 1448 3247 1521 τῷλόγῳ,
3282 1444 3596 1518 προσέθηκε
3626 1442 3708 1507 τδν

2125 1547 2278 1615 Πρὶν
2323 1548 2581 1618 Ἀϐραὰμ
2610 1544 2887 1618 γενέσθαι
3104 1540 3246 1608 ειμι,
3280 1537 3380 1607 τὴν
3412 1536 3709 1608 προϋπαρ-

2131 1637 2210 1703 ξιν
2243 1637 2441 1692 ἑαυτοῦ
2476 1635 2748 1710 παριστὰς
2778 1634 3096 1688 λευκότατα.
3145 1628 3211 1682 Τί
3240 1627 3304 1698 δὴ
3328 1621 3422 1681 οὖν
3448 1625 3709 1697 συνίστη-

2130 1742 2214 1784 σιν
2248 1733 2277 1784 6
2308 1730 2465 1799 λόγος
2487 1727 2623 1799 (l7),
2657 1727 2692 1799 ἢ
2739 1725 2897 1780 αὐτὸν
2948 1719 3223 1778 εἷναι-τὸν
3244 1718 3373 1773 Υίὸν
3410 1717 3508 1772 τοῦ
3544 1716 3708 1782 Θεοῦ,

2052 1810 2097 1866 Β
2121 1821 2215 1875 τὸν
2246 1821 2660 1893 χρηματίσαντα
2686 1817 2765 1889 τῷ
2786 1818 2993 1882 Μωσεῖ,
3023 1813 3128 1868 καῖ
3147 1812 3423 1884 εἰρηκότα,
3458 1808 3604 1880 Ὲτώ
3628 1810 3712 1863 εί-

2117 1931 2186 1983 μι
2218 1917 2252 1967 ὁ
2281 1912 2402 1977 ὠν;
2432 1912 2594 1975 αὐτὸς
2623 1910 2732 1983 γὰρ
2758 1908 2837 1981 τῷ
2874 1906 3126 1979 Ἀϐραὰμ
3164 1896 3349 1971 ὦφθαι
3371 1901 3565 1956 ἑαυτὸν
3597 1900 3709 1955 ἐδί-

2121 2005 2294 2071 δαξεν.
2352 2004 2542 2067 Ὅπως
2597 2002 2656 2055 δὲ
2707 1997 2776 2073 ἦν
2829 2000 2992 2065 αὐτὸς
3033 2004 3065 2055 ό
3101 2000 3186 2055 ὢν
3231 1999 3465 2071 εἴρηται.
3521 1993 3635 2047 Καὶ
3678 1994 3710 2045 6

2124 2095 2297 2167 μέγας
2342 2095 2400 2149 δὲ
2453 2092 2753 2157 ἀπόστολος
2802 2091 3016 2157 Παῦλος
3035 2087 3144 2145 οἶδε
3178 2092 3271 2146 τὸν
3288 2090 3415 2144 Υῐὸν
3442 2087 3540 2142 τοῦ
3569 2084 3705 2140 Θεοῦ

2125 2189 2350 2261 μεσίτην
2374 2186 2664 2257 γενόμενον
2683 2184 2783 2255 τῆς
2805 2183 2894 2238 διὰ
2918 2183 3162 2248 Μωσέως
3179 2180 3523 2255 νομοθεσίας,
3546 2181 3605 2233 ἐν
3625 2172 3709 2242 οἷς

2119 2278 2360 2333 διδάσκει
2380 2274 2573 2345 λέγων,
2608 2273 2671 2327 '0
2703 2274 2887 2343 νόμος
2913 2272 3210 2342 διαταγεὶς
3237 2271 3312 2327 δι’
3338 2271 3612 2342 ἀγγέλων
3639 2269 3711 2322 ἐν

2119 2369 2270 2441 χειρὶ
2314 2366 2564 2437 μεσίτου
2583 2382 2597 2396 ο
2624 2366 2658 2419 ὀ
2686 2363 2756 2418 δὲ
2777 2364 3031 2434 μεσίτης
3060 2362 3199 2430 ἐνὸς
3220 2364 3332 2418 οὐκ
3371 2362 3546 2417 ἐστιν
3567 2358 3730 2431 (18)..

2119 2457 2327 2513 Οὐκοῦν
2356 2457 2386 2510 6
2426 2455 2774 2529 χρηματίσας
2819 2452 2899 2526 τῷ
2939 2454 3128 2508 Μωσεί
3171 2454 3200 2507 6
3247 2445 3603 2522 μσίτηςηῆν,
3646 2448 3729 2515 ἐξΔ

2119 2549 2327 2604 ἐκείνου
2348 2546 2648 2620 μεσιτεύων
2674 2548 2742 2617 τῇ
2763 2545 2873 2599 τῶν
2899 2543 3202 2617 ἀνθρώπων
3229 2542 3497 2614 σωτηρίᾳ,
3521 2541 3654 2613 πρὶν
3669 2540 3706 2612 ἢ

2116 2640 2214 2712 τὴν
2244 2640 2421 2712 σάρκα
2449 2638 2760 2693 ἀναλαϐεῖν.
2786 2636 2987 2691 Τοῦτον
3006 2636 3065 2689 δὲ
3080 2630 3220 2689 εἶναι
3246 2626 3456 2705 Ἰησοῦν
3472 2630 3708 2704 Χριστὸν

2115 2735 2144 2786 6
2172 2732 2334 2796 αὐτὸς
2371 2731 2691 2794 Ἀπόστολος
2720 2730 3032 2802 παρέστησε
3047 2727 3246 2798 φήσας,
3287 2720 3396 2791 Εἷς
3426 2723 3596 2791 Θεὸς,
3618 2717 3708 2790 εις

2116 2824 2215 2879 καὶ
2229 2824 2483 2894 μεσίτης
2502 2823 2652 2878 Θεοῦ
2677 2822 2773 2877 καὶ
2788 2819 3132 2889 ἀνθρώπων,
3147 2819 3459 2888 ἄνθρωπος
3472 2813 3713 2884 Ἰησοῦς

2114 2914 2384 2983 Χριστός.
2411 2913 2524 2967 Εῐτ’
2575 2907 2669 2967 οὖν
2723 2912 2782 2980 ἐξ
2828 2910 2991 2967 αὑτοῦ
3022 2907 3313 2983 προσώπου
3350 2906 3569 2976 λέγοιτο
3603 2923 3709 2961 πα-

2116 3006 2186 3078 ρά
2205 3006 2410 3070 Marcet,
2433 3003 2495 3058 τὸ
2533 3002 2679 3073 Ἐγώ
2713 3007 2829 3074 ειμι
2865 3006 2899 3057 ό
2933 3002 3040 3070 ὢν,
3067 3001 3168 3056 εἷθ’
3196 3001 3225 3054 ὁ
3252 2996 3443 3070 Πατὴρ
3465 2993 3559 3070 ἦν,
3587 3000 3617 3053 6
3638 2998 3705 3054 δι’

2114 3095 2277 3149 αὐτοῦ
2305 3095 2507 3167 ταύτην
2536 3094 2858 3166 προϊέμενος
2888 3094 2990 3165 τὴν
3021 3092 3226 3163 φωνὴν,
3263 3094 3545 3165 ἑκατέρως
3575 3091 3705 3163 ἀλη-

445 3146 668 3201 modum
698 3146 815 3216 ipse
838 3157 1008 3215 retur,
1044 3149 1356 3221 syllogismo
1395 3151 1485 3205 ubi
1516 3151 1707 3206 scribit
1739 3150 1830 3223 [Β.
1856 3150 2011 3208 LVIII

2124 3146 2269 3240 ea;
2318 3146 2394 3240 si?
2419 3146 2806 3256 ὄλάέὲςδιιὴ
2837 3146 2912 3254 ’δὴ
2929 3146 3046 3238 ἒ.δὲ
3079 3146 3365 3252 ista};
3380 3146 3705 3257 eam;

447 3236 574 3293 coll.
603 3254 656 3309 p.
691 3239 795 3294 150
820 3238 886 3312 1)]
917 3257 930 3293 :
964 3239 1292 3307 «Quemnam
1313 3241 1425 3309 jam
1440 3242 1717 3297 existimat
1744 3258 1864 3300 esse
1893 3261 2016 3301 eum

451 3346 473 3381 ι
510 3319 776 3394 Asterius,
805 3331 897 3400 qui
918 3331 1073 3396 dixit,
1102 3331 1214 3401 Ego
1243 3349 1360 3386 sum
1387 3333 1413 3388 .9
1456 3333 1728 3392 Filiumne
1750 3378 1766 3404 ,
1816 3353 1884 3393 an
1914 3336 2018 3392 Pn-

449 3439 471 3473 ι
511 3423 700 3477 trem?
749 3423 992 3479 inferens
1026 3424 1219 3479 deinde
1265 3441 1280 3479 :
1337 3426 1397 3482 Si
1436 3426 1655 3497 quidem
1698 3426 1863 3485 Pater
1898 3440 2018 3485 erat

449 3531 470 3565 ι
508 3513 596 3581 qui
626 3513 708 3569 sic
734 3513 1032 3584 inquiebat,
1065 3517 1178 3584 Ego
1206 3531 1360 3581 sum,
1414 3527 1525 3572 tum
1577 3534 1681 3574 non
1719 3529 1804 3575 est
1847 3519 2018 3577 Filius

448 3624 469 3657 ι
515 3606 675 3670 Deus,
711 3605 855 3675 quod
886 3620 952 3660 ex
980 3607 1229 3676 opposito
1251 3645 1268 3672 ,
1297 3605 1420 3662 Non
1448 3611 1745 3665 exsistentis
1770 3650 1786 3675 ,
1846 3613 1915 3669 de
1957 3627 2018 3667 se

449 3714 470 3748 ι
511 3696 666 3763 dixit,
705 3695 816 3767 Ego
842 3714 982 3752 sum.
1033 3697 1090 3751 Si
1139 3697 1337 3754 Filiqu
1370 3700 1646 3772 hypostasi
1678 3702 2015 3760 differenten:

448 3808 470 3841 ι
508 3793 612 3848 Ιιοο
633 3793 809 3861 ipsum
828 3793 1118 3863 protulisse
1146 3794 1313 3859 dicat,
1346 3792 1460 3864 Ego
1490 3810 1632 3862 sum,
1664 3796 1806 3851 idem
1828 3811 2018 3852 rursus

448 3905 468 3939 ι
509 3886 580 3943 de
639 3887 802 3947 Patre
868 3904 1163 3958 usurpasse
1240 3890 1666 3946 existimabitur.
1727 3910 1748 3943 ι
1811 3892 2014 3948 Horum

443 3978 763 4047 utrumlibet
793 3979 941 4034 dicat
963 3981 1187 4051 impium
1213 3990 1300 4035 est
1334 3999 1348 4036 :
1383 3993 1435 4037 et
1473 3991 1654 4037 tamen
1686 3983 1803 4038 haec
1831 3984 1905 4039 ita
1924 3985 2015 4040 ubi

443 4079 749 4135 statuerat,
799 4070 1118 4126 alterutrum
1170 4073 1288 4142 ipse
1348 4074 1400 4128 in
1453 4076 1745 4131 absurdum
1801 4077 2012 4147 incidit,

440 4168 614 4214 unum
657 4161 784 4216 dum
807 4164 998 4218 statuit
1029 4177 1150 4220 esse
1178 4179 1302 4220 eum
1358 4166 1466 4233 Qui
1492 4177 1594 4235 est,
1631 4167 1862 4224 alterum
1900 4184 2018 4240 per-

442 4266 671 4322 negaris.
697 4252 867 4321 Quem
909 4269 1039 4311 vero
1084 4258 1346 4313 tandem?
1401 4258 1542 4316 forte
1581 4261 1698 4332 ipse
1744 4263 1914 4317 novit.
1954 4262 2014 4319 Si

439 4343 658 4402 Patrem
706 4346 979 4412 admittat,
1038 4349 1258 4419 negabit
1287 4348 1485 4405 Filium
1546 4369 1561 4406 :
1625 4364 1721 4408 aut
1753 4352 1891 4409 Filio
1918 4354 2015 4408 ad-

437 4437 606 4493 misso
630 4477 647 4506 ,
688 4438 1013 4494 annibilabit
1061 4439 1301 4504 Patrem.
1340 4441 1436 4498 Vel
1478 4444 1657 4513 potius
1697 4459 1873 4514 neque
1905 4445 2011 4502 Pa-

442 4541 578 4587 trem
614 4532 857 4601 posuisse
889 4547 1064 4602 neque
1089 4531 1286 4588 Filium
1310 4534 1678 4601 convincatur,
1702 4551 1823 4591 cum
1841 4552 2009 4594 unum

437 4623 612 4678 solum
634 4623 904 4691 admittat,
939 4623 1170 4679 alterum
1200 4634 1473 4682 amoveat.
1517 4625 1808 4697 Utcunque
1838 4631 2007 4686 Deum

435 4716 620 4770 audiat
641 4716 932 4779 dicentem,
956 4715 1069 4785 Ego
1091 4714 1348 4771 Dominus
1385 4718 1524 4771 Deus
1560 4727 1703 4786 tuus,
1728 4722 1822 4791 qui
1847 4724 2007 4779 eduxi

434 4817 487 4863 te
521 4808 587 4861 de
633 4819 774 4862 terra
802 4806 1055 4878 Egypti,
1086 4810 1152 4864 de
1185 4810 1340 4864 domo
1380 4812 1686 4879 servitutis,
1715 4831 1818 4868 non
1854 4824 2008 4872 erunt

433 4901 529 4956 tibi
560 4902 637 4956 dii
653 4901 751 4955 alii
778 4917 959 4956 coram
989 4919 1072 4957 me
1090 4903 1137 4935 ⁸³
1169 4920 1183 4956 :
1210 4916 1278 4958 ne
1301 4903 1679 4973 conturbctur,
1698 4923 1797 4964 nec
1824 4920 2006 4968 mente

2122 3276 2464 3349 συλλογισμῷ
2506 3274 2809 3348 χρώμενος,
2864 3275 2941 3338 ὡς
2996 3274 3189 3341 οῑεται,
3241 3275 3496 3346 ἀφύκτῳ,
3548 3274 3616 3327 δι’
3642 3264 3703 3326 οὗ

2118 3386 2274 3440 φησι,
2296 3388 2315 3420 ι
2340 3368 2472 3423 Τίνα
2488 3368 2666 3421 τοίνυν
2685 3366 2777 3420 τὸν
2804 3365 2944 3435 Ἐγώ
2963 3367 3081 3436 εἰμι
3107 3369 3141 3421 ό
3160 3366 3247 3419 ὢν
3263 3366 3492 3437 λέγοντα
3517 3364 3704 3418 Ἀστέ-

2124 3479 2142 3511 ι
2182 3476 2293 3530 ριος
2318 3454 2457 3512 εἶναι
2481 3458 2651 3511 οίεται
2674 3473 2689 3522 ;
2715 3455 2806 3509 τὸν
2831 3454 2962 3508 Υίὸν
2991 3455 3024 3526 ἢ
3051 3455 3146 3511 τὸν
3174 3456 3427 3529 Πατέρα;
3453 3450 3555 3509 εἶθ’
3574 3453 3704 3524 ἑξῆς

2124 3566 2142 3599 ι
2182 3547 2448 3617 συνάγων,
2501 3543 2576 3610 ὡς
2616 3547 2667 3598 εἰ
2703 3546 2801 3617 μὲν
2853 3545 2882 3597 6
2920 3544 3110 3617 Πατὴρ
3148 3546 3235 3618 εἴη
3281 3548 3311 3600 6
3344 3545 3443 3613 ὣν,
3481 3546 3585 3600 οὐκ
3625 3536 3704 3599 ἔτ’

2123 3659 2142 3691 ι
2184 3638 2330 3692 ἔσται
2357 3641 2385 3691 ὁ
2401 3637 2528 3702 Υίὸς
2552 3637 2706 3703 Θεὸς,
2738 3638 2821 3692 ὅτι
2838 3638 2956 3693 κατ’
2974 3639 3380 3712 ἀντιδιαστολὴν
3403 3639 3499 3695 τοῦ
3518 3638 3595 3711 μὴ
3612 3639 3703 3693 δν-

2124 3750 2143 3783 (
2181 3748 2291 3795 τος,
2328 3731 2358 3784 6
2394 3729 2468 3785 ὢν
2494 3728 2687 3783 ἑαυτὸν
2727 3724 2870 3783 εἶναί
2908 3747 3092 3801 φησιν.
3123 3732 3187 3785 El
3224 3730 3283 3785 δὲ
3313 3732 3425 3805 (l9)
3449 3731 3543 3785 τὸν
3574 3732 3707 3786 Υἱὸν

2122 3840 2142 3874 ι
2182 3821 2478 3875 ὑποστάσει
2503 3820 2830 3892 διῃρημένον
2858 3820 3016 3875 τοῦτο
3037 3822 3238 3892 φάσκοι
3262 3821 3441 3892 λέγειν
3466 3822 3529 3876 τὸ
3562 3822 3706 3893 Ἐγώ

2123 3931 2142 3964 ι
2178 3915 2295 3983 ειμι
2314 3916 2347 3967 ό
2370 3910 2475 3975 ὢν,
2507 3911 2702 3966 ταύτὸν
2723 3907 2879 3978 αὖθις
2899 3913 3028 3985 περὶ
3046 3912 3141 3967 τοῦ
3168 3914 3383 3985 Πατρὸς
3404 3913 3586 3984 λέγειν
3610 3932 3703 3967 νο-

2121 4023 2141 4056 (
2186 4003 2530 4076 μισθήσεται.
2567 4023 2585 4055 ι
2640 4004 2932 4076 Ἑκάτερον
2962 4005 3021 4059 δὲ
3044 4005 3247 4060 τούτων
3270 4006 3483 4070 ἀσεϐές.
3511 4006 3703 4062 Ταῦτα

2114 4095 2171 4150 δὲ
2214 4095 2386 4163 λέγων
2430 4095 2459 4148 6
2493 4094 2676 4160 αὐτὸς,
2716 4096 2959 4169 ἐκατέρῳ
3003 4098 3423 4168 περιπέπτωκεν
3470 4098 3697 4171 ἀτόπῳ·

2113 4186 2212 4240 ἕνα
2239 4186 2339 4258 μὲν
2366 4184 2681 4258 ὁριζόμενος
2713 4182 2850 4241 εῖναι
2880 4187 2971 4241 τὸν
2989 4188 3139 4255 ὄντα,
3162 4188 3389 4262 θάτερον
3418 4189 3476 4243 δὲ
3502 4190 3705 4262 ἀρνού-

2119 4297 2297 4351 μενος.
2334 4279 2442 4333 Καὶ
2473 4278 2592 4333 τίνα
2622 4277 2811 4333 τοῦτον
2833 4280 2996 4346 αὐτὸς
3034 4280 3101 4337 ἃν
3133 4282 3339 4353 εἰδείης
3365 4282 3429 4335 El
3465 4282 3576 4355 γὰρ
3607 4284 3700 4339 τὸν

2115 4371 2334 4443 Πατέρα
2375 4370 2522 4436 δοὺς,
2556 4370 2649 4425 τὸν
2677 4371 2806 4425 Υἱὸν
2834 4373 3131 4444 ἀρνήσεται
3149 4392 3164 4405 ο
3195 4374 3345 4446 ἢτὸν
3371 4374 3503 4429 Υίὸν
3534 4376 3699 4447 μόνον

2037 4493 2091 4553 D
2116 4461 2578 4553 παραδεξάμενος,
2603 4462 2860 4534 ἀθετήσει
2886 4464 2978 4518 τὸν
3002 4465 3241 4537 Πατέρα’
3271 4465 3472 4536 μᾶλλον
3491 4466 3552 4520 δὲ
3572 4465 3700 4521 οὔτε

2116 4554 2356 4626 Πατέρα,
2386 4552 2511 4608 οὔτε
2535 4554 2663 4611 Υῐὸν
2683 4553 2839 4619 εἰδὼς
2864 4555 3270 4628 ἐλεγχθήσεται,
3302 4557 3399 4611 ἕνα
3423 4557 3588 4628 μόνον
3615 4558 3701 4613 δι-

2114 4645 2260 4710 δοὺς,
2296 4646 2386 4701 τὸν
2412 4646 2471 4701 δὲ
2508 4646 2692 4719 ἕτερον
2715 4646 2955 4701 ἐκποδὼν
2989 4648 3247 4720 μεθιστάς
3265 4666 3278 4679 ·
3310 4649 3414 4704 κᾶν
3436 4650 3618 4724 ἀκούῃ
3638 4651 3700 4705 δὲ

2114 4736 2363 4806 λέγοντος
2393 4738 2486 4792 τοῦ
2518 4737 2675 4806 Θεοῦ,
2713 4738 2855 4810 Ἐγὼ
2886 4741 3101 4809 Κύριος
3121 4744 3154 4796 ό
3171 4744 3318 4809 Θεός
3352 4756 3496 4807 σου,
3531 4747 3567 4798 ό
3582 4744 3698 4816 (ΞΟ)

2111 4827 2416 4899 ἐξαγαγών
2434 4844 2508 4884 σε
2526 4830 2596 4884 ἐκ
2621 4828 2737 4900 τῆς
2749 4832 3071 4900 Αἰγύπτου,
3098 4832 3169 4899 ἐξ
3188 4834 3360 4889 οἰκου
3386 4834 3696 4902 δουλείας,

2113 4922 2225 4975 οὐκ
2244 4921 2491 4977 ἔσονταί
2520 4937 2619 4976 σοι
2638 4921 2762 4979 θεοὶ
2782 4922 2970 4994 ἕτεροι
2988 4924 3157 4995 πλὴν
3174 4924 3343 4995 ἐμοῦ.
3371 4926 3550 4983 Πάλιν
3574 4929 3697 4984 κάνο

500 5092 920 5174 ὦιβίιλξειτίβε,
945 5110 1070 5174 pag.
1104 5098 1227 5174 l58.
1302 5099 1541 5174 “ﬁxed.
1574 5115 1654 5174 ει,
1676 5101 1732 5166 2,
1759 5104 1814 5159 '5.
1889 5105 1936 5138 "°
1967 5107 2103 5164 Gen.
2137 5124 2292 5173 κνιιι,
2335 5110 2387 5165 l.
2462 5110 2507 5142 ‘7
2539 5107 2695 5165 Jnan.
2725 5124 2845 5174 vm,
2867 5108 2957 5165 56.
3032 5109 3081 5144 ⁸⁸
3112 5112 3241 5169 ibid.
3268 5112 3359 5170 48.
3439 5115 3488 5150 ⁸³
3516 5115 3689 5173 Galat.

432 5175 517 5226 III,
567 5164 651 5227 I9,
686 5164 781 5220 20.
873 5165 965 5219 “1
997 5162 1234 5223 Τίιιιοιιι.
1264 5183 1326 5233 ιι,
1353 5169 1407 5226 5.
1481 5170 1527 5202 ⁸¹
1571 5162 1743 5230 Ειιοά.
1777 5189 1861 5241 ιιι,
1886 5174 1973 5231 14.

502 5317 550 5397 (I
640 5316 811 5397 Ytilgo
832 5319 1021 5397 ῷφθην
1044 5321 1133 5397 τίξζ
1149 5322 1301 5397 Ἀδρ.
1430 5324 1510 5397 τῷ
1542 5327 1637 5381 Ἱσ.

504 5389 617 5466 (li)
655 5390 801 5456 Θεὸς
980 5389 1048 5466 in
1094 5389 1279 5466 Exodo
1307 5389 1521 5466 additur
1554 5397 1754 5466 αὐτῶν,
1788 5410 1934 5457 recte
1989 5419 2003 5455 :

433 5458 858 5540 Ieggnduytergp
879 5460 1244 5540 llic..8_86g_tb_v
1272 5463 1674 5540 αῦτῶν.⁴ορᾷς,
1700 5458 1829 5540 non,
1862 5481 1920 5528 ut
1950 5472 2005 5528 in

431 5528 618 5606 codice
646 5531 772 5606 fuit,
805 5531 901 5584 ὢν.
932 5532 1108 5606 Αῦτὸν
1133 5534 1287 5606 ὁρᾷς.
1310 5533 1379 5588 Μ.

506 5596 619 5663 (15)
646 5598 816 5663 Vulgo
842 5619 929 5654 om
989 5602 1067 5656 δέ.

509 5666 623 5742 (εί)
656 5669 793 5742 iw
822 5673 881 5742 έν
908 5672 1013 5742 διν.

647 5739 825 5811 Χιιιςο
850 5741 937 5811 δή.

506 5806 618 5877 (“5)
646 5807 770 5862 Ἵνα
825 5806 922 5879 ἵδῄ
954 5812 1065 5885 τὴν
1117 5818 1360 5887 ἡμέραν.
1390 5817 1506 5873 Non
1553 5823 1771 5876 manuni
1820 5821 2007 5874 Ιρςιξεεσ·

2074 5178 2120 5210 ⁵¹
2142 5179 2318 5238 Exod.
2357 5196 2452 5246 xx,
2479 5180 2538 5248 2,
2567 5180 2637 5247 5;
2668 5178 2846 5235 Levit.
2874 5196 2984 5248 xix,
3006 5180 3097 5237 36.

2114 5334 2241 5388 alibi
2268 5335 2409 5389 hanc
2452 5334 2992 5403 interpretationem;
3030 5352 3135 5392 non
3166 5339 3400 5395 habetur
3423 5341 3568 5396 inter
3599 5359 3691 5400 eas

2110 5419 2246 5529 quas
2276 5405 2771 5528 multass‘coﬁgessit
2791 5406 3195 5464 eruditissimus
3220 5408 3586 5479 Maldonatus,
3618 5420 3685 5470 ad

2143 5490 2265 5527 nan.
2303 5490 2425 5529 vm.
2524 5514 2536 5526 .
2612 5513 2626 5527 .

2143 5490 2265 5527 Oﬂll.
2303 5490 2425 5535 νιιι,
2450 5490 2536 5528 50.
2557 5490 2626 5527 Μ.

2181 5543 2685 5620 (1-7)Συιςέστςησιν
2736 5548 3022 5620 ᾀ-τόγος.
3066 5545 3271 5617 Nempe
3296 5552 3446 5620 quod
3481 5551 3685 5613 locutus

2109 5622 2189 5668 est
2222 5613 2381 5672 Dens.
2420 5613 2560 5682 Ἐγώ
2593 5615 2728 5682 είμι.

2185 5682 2296 5751 (18)
2329 5682 2452 5736 Mss.
2489 5681 2518 5735 6
2547 5684 2604 5737 δὲ
2622 5681 2755 5749 Θεὸς
2776 5681 2856 5750 εἷς
2881 5685 3046 5739 ἔστιν.

2329 5751 2495 5829 Υιιίεο
2520 5754 2581 5825 δή
2602 5794 2616 5817 ,
2656 5772 2775 5829 mox
2808 5756 2963 5828 vulgo
2991 5756 3313 5829 ἀρνήσηται.

2188 5822 2298 5872 rem
2329 5820 2495 5878 Vulun
2528 5820 2634 5880 oui.
2664 5825 2710 5877 6.
