3828 6222
150 373 274 431 957

1093 369 1191 428 DE
1226 367 1768 428 ECCLESIASTICA
1798 365 2192 425 THEOLOGIA
2215 364 2346 423 LIB.
2386 363 2440 422 ιι

3315 360 3422 418 958

151 488 339 546 ταῦθα
373 487 447 561 μῆ
472 487 824 561 ταραττέσθω
842 466 939 559 τὴν
965 486 1165 559 ψυχὴν,
1194 485 1332 541 ἀλλὰ
1349 486 1445 540 καὶ
1477 485 1587 540 τῶν
1620 483 1748 556 ἑξῆς

1858 483 2108 554 trepidet,
2139 482 2234 539 sed
2274 479 2525 536 attendat
2552 493 2675 551 quae
2708 485 3012 550 sequuntur
3037 477 3241 535 statim.
3285 477 3421 534 Cum

154 582 526 652 συνημμένων
553 580 828 634 ἀκουέτωο
854 577 1022 633 εἰπὼν
1052 579 1184 650 γὰρ,
1223 581 1345 633 Οὐκ
1373 577 1619 632 ἔσονται
1647 591 1749 632 σοι

155 673 288 727 θεοὶ
346 672 532 742 ἕτεροι
575 671 744 739 πλὴν
774 670 941 741 ἐμοῦ,
998 670 1276 741 ἐπήγαγεν
1293 685 1307 699 ο
1351 670 1434 723 Οὐ
1473 667 1748 735 ποιήσεις

154 763 401 829 σεαυτῷ
414 762 525 834 (21)
537 762 808 827 εἴδωλον,
833 762 977 816 οὐδέ
997 760 1224 827 παντὸς
1238 761 1521 831 ὁμοίωμα,
1544 760 1662 815 ὅσα
1679 760 1749 814 ἐν

155 852 245 919 τῷ
271 852 503 920 οὐρανῷ
522 852 664 920 ἄνω,
682 853 782 907 καὶ
795 852 913 908 ὅσα
933 853 1004 907 ἐν
1025 853 1101 922 τῇ
1116 852 1195 923 γῇ
1222 853 1399 917 κάτω,
1423 852 1521 906 καὶ
1546 851 1664 907 ὅσα
1678 851 1748 906 ἐν

155 948 290 1014 τοῖς
315 946 537 1003 ὕδασιν
557 944 836 1002 ὑποκάτω
862 944 976 1015 τῆς
993 944 1126 1015 γῆς.
1167 946 1249 1000 Οὐ
1295 945 1749 1013 προσκυνήσεις

156 1039 393 1107 αὐτοῖς,
407 1038 640 1110 οὐδὲμὴ
651 1039 1003 1109 λατρεύσεις
1016 1035 1240 1102 αὐτοῖς,
1251 1033 1366 1106 ἐγὼ
1378 1034 1490 1106 γάρ
1505 1037 1622 1106 ειμι
1634 1037 1750 1091 Κύ-

152 1150 294 1207 ριος
320 1131 353 1186 ὁ
380 1132 524 1197 Θεός
547 1146 687 1196 σου,
739 1130 958 1200 Κύριος
978 1127 1263 1198 ζηλωτής.
1299 1128 1462 1200 Ὁρᾷς
1485 1129 1635 1193 ὅπως
1666 1128 1745 1183 δι-

161 1224 446 1279 εστέλλετο
461 1223 592 1297 (22),
601 1222 676 1296 μὴ
691 1226 757 1295 τῇ
778 1222 885 1276 τῶν
901 1221 1069 1278 ἐθνῶν
1084 1220 1333 1292 πολυθέῳ
1351 1221 1529 1296 πλάνῃ
1543 1238 1749 1275 συναπ-

161 1315 418 1386 άγεσθαι,
442 1317 600 1387 μόνον
628 1314 687 1369 δὲ
714 1315 876 1370 αὐτὸν
899 1314 1096 1369 εἰδέναι
1122 1314 1255 1368 Θεὸν
1277 1315 1372 1368 καὶ
1399 1313 1623 1385 Κύριον.
1653 1313 1748 1377 Τίς

162 1409 212 1463 δ’
241 1404 338 1463 οὖν
378 1400 568 1474 οὗτος
607 1408 665 1462 '0
685 1406 813 1470 Υἱὸς
829 1406 927 1479 τὴν
951 1406 1136 1460 εἰκόνα
1163 1406 1256 1461 τοῦ
1277 1406 1506 1477 Πατρὸς
1524 1405 1665 1477 ἔχων
1687 1406 1747 1459 ὲν

164 1500 366 1573 ἐαυτῷ,
401 1499 459 1566 ἐξ
491 1497 801 1562 αὐθεντειας
839 1515 899 1551 τε
934 1496 1101 1552 αὐτοῦ
1142 1499 1257 1560 τοῖς
1305 1496 1747 1569 εἰδωλολατρείαν

164 1592 384 1646 νοσοῦσι
416 1589 587 1645 ταῦτα
613 1589 1048 1658 διαταττόμενος.
1090 1588 1177 1652 Ὧς
1204 1588 1312 1663 γὰρ
1344 1588 1522 1643 πάντα
1549 1587 1616 1642 δι’
1650 1587 1749 1641 αὑ-

165 1682 264 1738 τοῦ
288 1681 524 1752 ἐγένετο,
555 1680 648 1735 τοῦ
666 1680 882 1752 Πατρὸς
905 1679 992 1733 διὰ
1017 1678 1112 1733 τοῦ
1134 1680 1386 1753 Σωτῆρος
1404 1679 1502 1751 τὴν
1519 1679 1628 1733 τῶν
1650 1697 1747 1749 γε-

166 1773 346 1845 νητῶν
388 1773 646 1827 ἁπάντων
693 1771 889 1826 οὐσίαν
919 1770 1029 1844 (25)
1073 1770 1543 1842 ὐποστησαμένου,
1573 1769 1748 1834 οὕτως

166 1832 331 1928 αῦτὸς
357 1859 424 1934 ἦν
450 1864 479 1917 ὁ
511 1862 701 1934 Πατὴρ
728 1862 827 1933 τὴν
856 1832 937 1926 εἰς
955 1832 1117 1916 αὸτδν
1147 1832 1436 1932 γνῶσίν-τε
1466 1832 1561 1916 καὶ
1587 1832 1745 1916 εὐσέέ
1776 1832 1819 1886 Β

167 1953 322 2007 ὄειαν
356 1952 447 2008 διὰ
492 1952 711 2024 μεσίτου
759 1950 853 2005 τοῦ
889 1951 1020 2006 Υἱοῦ
1051 1951 1378 2024 παραδιδοὺς
1416 1950 1743 2023 ἀνθρώποις.

170 2045 354 2099 Τοῦτο
383 2045 443 2100 δὲ
471 2045 567 2099 καὶ
593 2047 623 2099 ὁ
666 2044 990 2108 ’Λπόστολος
1022 2044 1207 2108 αὐτοῖς
1237 2045 1445 2117 ῥήμασι
1480 2042 1747 2108 Γαλάταις

168 2136 397 2209 γράφων
420 2136 686 2201 ἐδίδασκε,
710 2134 777 2190 δι’
802 2130 876 2191 ὧν
903 2135 1008 2208 ἔφη
1024 2151 1039 2168 ο
1076 2136 1130 2188 Ὀ
1155 2135 1339 2205 νόμος
1355 2134 1650 2204 διαταγεὶς
1670 2133 1746 2189 δι’

169 2230 443 2301 ἀγγέλων
468 2229 539 2283 ἐν
574 2226 724 2298 χειρὶ
746 2229 999 2298 μεσίτου
1017 2244 1035 2261 ε
1055 2231 1089 2282 ὀ
1111 2226 1181 2281 δὲ
1195 2227 1447 2297 μεσίτης
1474 2226 1612 2292 ἐνὸς
1633 2227 1747 2280 οὐκ

169 2321 346 2376 ἐστιν
361 2338 376 2352 ·
406 2321 439 2374 ὁ
464 2318 532 2374 δέ
554 2317 699 2384 Θεὸς
724 2313 813 2386 εἷς
838 2319 1013 2375 ἐστιν
1032 2318 1169 2391 (24).
1194 2318 1319 2373 Κᾶν
1341 2318 1475 2392 λέγῃ
1492 2334 1508 2349 ο
1537 2317 1745 2383 Ἴδετε,

170 2411 265 2468 ὅτι
298 2410 411 2483 ἐγώ
441 2414 577 2483 εἰμι,
612 2413 711 2467 καὶ
743 2414 854 2467 οὐκ
873 2412 1006 2467 ἐστι
1034 2411 1180 2477 Θεὸς
1226 2409 1396 2480 πλὴν
1440 2410 1608 2480 ἐμοῦ,
1644 2409 1750 2464 πά-

170 2503 258 2559 λιν
286 2504 315 2557 ὸ
348 2503 536 2575 Πατὴρ
562 2497 652 2574 ἦν,
681 2502 758 2567 ὡς
784 2500 874 2555 διὰ
901 2502 1106 2565 εἰκόνος
1133 2501 1227 2555 καὶ
1260 2501 1500 2573 μεσίτου,
1533 2500 1623 2555 διὰ
1652 2500 1747 2556 τοῦ

170 2595 307 2650 me
324 2594 481 2649 τοῦτο
496 2594 721 2664 φάσκων
740 2610 755 2625 °
771 2593 831 2649 οὐ
843 2592 951 2665 γὰρ
959 2591 1023 2666 δὴ
1037 2593 1284 2662 λέγοντος
1302 2592 1400 2664 μὲν
1413 2591 1633 2647 Ἡσαΐου
1654 2592 1748 2647 τοῦ

171 2687 476 2759 προφήτου,
513 2685 688 2754 Υὶοὺς
732 2686 1034 2757 ἐγέννησα
1056 2686 1154 2740 καὶ
1184 2685 1421 2755 ὕψωσα,
1447 2687 1542 2740 καὶ
1567 2685 1746 2752 πάλιν,

184 2778 425 2847 Ἰσραὴλ
440 2778 506 2834 δέ
529 2795 607 2849 με
631 2781 744 2834 οὐκ
775 2780 947 2850 ἔγνω,
973 2778 1070 2834 καὶ
1109 2780 1143 2833 ὁ
1177 2779 1328 2846 λαός
1350 2797 1426 2850 με
1457 2781 1529 2835 οὐ
1557 2778 1751 2849 συνῆ-

174 2889 267 2939 κε,
307 2872 402 2926 καὶ
432 2866 605 2938 αὖθις,
661 2870 802 2942 Ἐγὼ
830 2869 979 2927 πᾶσι
1017 2872 1141 2939 τοῖς
1179 2872 1423 2943 ἄστροις
1455 2870 1750 2927 ἐνετειλά-

169 2979 318 3034 μην,
346 2963 456 3029 καὶ,
479 2960 560 3032 Τῇ
604 2962 757 3033 χειρί
795 2979 916 3033 μου
946 2962 1285 3032 ἐστερέωσα
1324 2962 1433 3018 τὸν
1465 2962 1747 3032 οὐρανὸν,

174 3052 271 3106 καὶ
302 3052 402 3107 ὃσα
436 3053 569 3107 ἄλλα
594 3053 837 3122 τοιαῦτα,
871 3053 932 3106 οὐ
969 3054 1062 3109 τὸν
1105 3054 1332 3110 Ἡσαΐαν
1370 3054 1541 3110 ταῦτα
1572 3055 1751 3125 λέγειν

1849 575 1998 631 enim
2033 575 2246 631 dixerat
2274 612 2291 637 ,
2348 571 2478 628 Non
2521 580 2673 627 erunt
2721 571 2817 625 tibi
2858 570 2937 625 dii
2962 569 3057 625 alii
3096 580 3291 640 prwter
3318 588 3422 635 me,

1850 665 2156 730 subintulit,
2192 663 2322 718 Non
2350 663 2510 733 {acies
2542 663 2636 716 tibi
2666 660 2867 716 idolum
2891 701 2909 728 ,
2934 676 3098 731 neque
3127 677 3329 716 omnem
3350 665 3425 716 si-

1850 757 2205 812 militudinem
2234 771 2415 811 eorum
2442 769 2559 825 qute
2587 761 2715 809 sunt
2742 754 2798 807 in
2822 751 2952 807 caelo
2991 768 3221 818 sursum,
3254 753 3425 807 autin

1849 862 1991 906 terra
2023 851 2294 916 deorsum,
2326 856 2559 918 antqua:
2593 846 2791 901 suntin
2824 846 2974 910 aquis
3003 846 3422 909 subterterram;

1850 958 1956 996 non
1984 939 2231 995 adorabis
2262 939 2380 1005 illa,
2419 953 2524 992 non
2548 937 2800 993 inservies
2830 936 2961 1000 illis,
2996 935 3108 1006 Ego
3139 936 3282 991 enim
3305 952 3425 989 sunt

1848 1034 2112 1088 Dominus
2149 1030 2292 1087 Deus
2337 1041 2491 1096 tuus,
2524 1029 2665 1084 Deus
2697 1028 2888 1084 zelotes
2914 1028 2982 1085 ⁸³.
3015 1027 3177 1084 Vides
3198 1036 3258 1083 ut
3283 1041 3423 1098 prm-

1848 1120 2056 1193 ceporit
2081 1121 2133 1177 id
2157 1121 2354 1186 solum,
2386 1135 2456 1181 ne
2481 1120 2550 1175 ab
2576 1133 2764 1175 errore
2796 1117 3084 1189 gentilitio,
3106 1120 3173 1174 de
3194 1118 3422 1173 deorum

1849 1213 2217 1279 multitudine,
2275 1213 2676 1269 abducerentur
2702 1250 2720 1277 ,
2754 1211 2853 1266 sed
2886 1210 3060 1267 solum
3111 1209 3287 1280 ipsum
3317 1209 3424 1264 Do-

1850 1306 2055 1361 minum
2090 1315 2253 1374 atque
2285 1304 2451 1359 Deum
2511 1308 2889 1373 agnoscerent.
2941 1299 3074 1370 Quis
3120 1309 3240 1355 erat
3271 1299 3424 1354 iste?

1849 1414 2043 1469 nempe
2069 1397 2239 1453 Filius
2276 1395 2449 1452 Patris
2500 1395 2790 1465 imaginem
2838 1393 2894 1448 in
2938 1407 2997 1448 se
3043 1391 3248 1448 habens
3281 1410 3296 1446 :
3329 1391 3423 1462 qui

1848 1504 1949 1560 pro
1998 1503 2095 1545 sua
2147 1503 2307 1559 quam
2366 1486 2553 1542 habuit
2586 1485 2926 1558 auctoritate
2976 1485 3276 1540 idololatris
3316 1485 3423 1540 ista

1849 1578 1904 1634 in
1957 1579 2228 1634 mandatis
2277 1577 2446 1633 dedit.
2504 1576 2638 1630 Nam
2706 1584 2767 1630 ut
2817 1574 3002 1631 omnia
3049 1574 3210 1629 Pater
3258 1572 3422 1630 fecis-

1849 1685 1911 1727 se
1965 1670 2163 1726 dicitur
2225 1683 2321 1738 per
2389 1666 2733 1724 Servatorem
2766 1707 2781 1732 ,
2838 1664 2933 1734 qui
2997 1664 3236 1734 suscepit
3290 1677 3422 1718 om-

1849 1763 1998 1816 nium
2054 1760 2409 1817 substantiam
2469 1772 2591 1828 qua:
2655 1765 3038 1825 generantur;
3100 1755 3179 1807 ita
3234 1762 3290 1808 et
3357 1757 3418 1817 in

1847 1854 1963 1924 ipse
2002 1852 2163 1907 Pater
2190 1849 2292 1905 fuit
2337 1850 2427 1920 qui
2475 1863 2573 1920 per
2632 1846 2827 1902 Filium
2868 1845 3264 1911 mediatorem-,
3296 1843 3413 1914 pie-

1849 1954 2008 2000 tatem
2037 1953 2090 1999 et
2115 1945 2196 1999 sui
2232 1941 2596 2014 cognitionem
2629 1937 2944 1993 hominibus
2968 1932 3415 1991 communicavit.

1848 2036 1960 2093 Hoc
1990 2035 2210 2090 totidem
2243 2033 2441 2096 verbis,
2483 2031 2550 2087 ad
2580 2029 2809 2086 Galatas
2852 2028 3099 2083 scribens
3126 2024 3417 2095 Apostolus

1847 2128 2094 2190 docebat,
2126 2123 2236 2179 Lex
2267 2124 2514 2179 ordinata
2565 2140 2658 2193 per
2698 2119 2909 2191 angelos
2948 2120 3002 2173 in
3033 2132 3193 2170 manu
3220 2116 3423 2170 media-

1848 2217 2000 2272 toris.
2042 2214 2310 2269 Mediator
2343 2222 2519 2267 autem
2557 2212 2717 2266 unius
2752 2224 2856 2263 non
2889 2217 2965 2263 est
3005 2221 3025 2260 :
3073 2205 3215 2260 Deus
3249 2214 3425 2258 autem

1847 2324 1982 2363 unus
2027 2316 2102 2362 est
2145 2305 2213 2360 ⁵⁸.
2274 2304 2343 2359 Et
2380 2304 2508 2358 alibi
2531 2302 2626 2369 ait,
2704 2299 2880 2354 Videte
2945 2297 3083 2369 quod
3145 2311 3237 2366 ego
3282 2309 3422 2358 sum,

1846 2410 1895 2457 et
1925 2409 2115 2470 praeter
2153 2414 2235 2451 me
2272 2413 2376 2450 non
2405 2406 2482 2451 est
2521 2394 2659 2448 alius
2701 2392 2844 2447 Deus
2868 2390 2936 2444 ”.
2979 2388 3139 2444 Pater
3178 2387 3268 2442 hic
3304 2393 3426 2441 erat

1849 2493 1941 2565 qui
1975 2506 2070 2562 per
2109 2489 2328 2554 Filium,
2358 2498 2616 2558 tanquam
2645 2483 2938 2554 imaginem
2970 2490 3027 2536 et
3062 2477 3419 2534 mediatorem

1851 2587 1957 2641 ista
1991 2583 2169 2639 dixit:
2208 2596 2314 2635 non
2352 2578 2496 2634 enim
2540 2590 2664 2631 cum
2699 2572 2890 2629 Isaiam
2916 2570 3165 2626 audimus
3195 2566 3426 2639 prophe-

1852 2686 1958 2733 tam
1987 2675 2278 2737 dicentem,
2303 2668 2476 2724 Filios
2503 2667 2658 2738 genui
2690 2675 2739 2720 et
2769 2660 3097 2726 exaltavi";
3127 2667 3181 2714 et
3203 2660 3426 2723 iterum,

1851 2766 2023 2822 Israel
2062 2766 2238 2819 autem
2265 2778 2347 2816 me
2377 2776 2481 2814 non
2511 2755 2773 2828 cognovit,
2799 2765 2849 2808 et
2879 2751 3101 2825 populus
3132 2765 3278 2804 meus
3320 2763 3427 2802 non

1852 2855 2212 2924 intellexit";
2243 2861 2299 2910 et
2345 2865 2553 2915 rursus,
2598 2848 2853 2903 Omnibus
2897 2843 3158 2899 sideribus
3193 2857 3287 2912 ego
3327 2840 3429 2894 im-

1851 2952 2027 3023 peravi
2049 2966 2070 3017 ;
2103 2958 2178 3015 et,
2201 2963 2363 3001 manu
2388 2961 2502 2999 mea
2531 2941 2737 3012 ﬁrmavi
2770 2938 2957 2994 caelum
2976 2936 3046 3003 ⁵⁸,
3076 2945 3130 2991 et
3156 2949 3275 3004 quae
3302 2942 3430 2988 sunt

1850 3043 2085 3108 similia;
2108 3056 2215 3096 non
2249 3039 2317 3093 ab
2334 3036 2468 3093 Isaia
2498 3035 2623 3102 ista,
2653 3033 2895 3101 inquam,
2928 3028 3140 3099 prolata
3158 3028 3426 3091 dicemus,

178 3147 444 3216 φήσομεν,
475 3144 541 3198 δι’
563 3145 727 3200 αὐτοῦ
766 3121 827 3200 δὲν
867 3146 958 3201 τὸν
1001 3147 1060 3200 ὲν
1104 3146 1252 3218 αὐτῷ
1287 3145 1552 3202 λαλοῦντα
1587 3121 1750 3202 Θεόν·

1858 3138 1949 3193 sed
1974 3151 2006 3190 a
2037 3136 2146 3191 Deo
2174 3150 2227 3188 in
2257 3133 2374 3203 ipso
2416 3131 2692 3199 loquente.
2721 3125 2987 3193 Quocirca
3017 3123 3194 3179 eritne
3238 3121 3428 3176 incon-

2108 3226 2140 3240 ι·
2188 3224 2200 3236 ο
2241 3236 2287 3240 μ
2349 3222 2561 3240 n_.__.._
2608 3232 2707 3240 --_
2746 3214 2934 3240 uult...“
2987 3229 3144 3240 .........
3180 3211 3397 3240 nun:nnn=

174 3235 300 3307 οὐχ).
326 3235 383 3289 δὲ
409 3236 504 3290 καὶ
533 3237 625 3290 ἐπὶ
657 3235 749 3290 τοῦ
791 3235 1112 3308 μονογενοῦς
1130 3236 1264 3291 Υῐοῦ
1294 3235 1387 3291 τοῦ
1425 3236 1561 3291 Θεοῦ
1580 3277 1593 3303 ,
1620 3237 1754 3310 πρέ-

176 3343 271 3381 ποι
298 3325 365 3381 ἂν
390 3327 482 3380 τὸν
518 3326 735 3398 Πατέρα
753 3326 819 3380 δι’
846 3325 1012 3382 αὐτοῦ
1037 3327 1234 3399 χρῆναι
1263 3324 1437 3381 ταῦτα
1464 3327 1755 3401 διαμαρτύ-

181 3415 377 3489 ρασθαι
406 3418 519 3480 τοῖς
542 3417 650 3470 τῶν
685 3415 905 3469 τοιῶνδε
936 3414 1410 3488 παραγγελμάτων
1446 3414 1751 3486 δεομένοις;

178 3503 558 3577 εἱδωλολάτραι
586 3505 632 3559 δ’
656 3500 797 3577 ἦσαν
815 3498 980 3571 οῦτοι,
1014 3503 1090 3569 ὡς
1114 3506 1148 3576 ἡ
1178 3505 1317 3576 αὑτὴ
1344 3503 1585 3558 διδάσκει
1612 3504 1754 3577 Γρα-

178 3597 256 3669 φὴ
286 3596 538 3666 λέγουσα·
571 3597 681 3651 Καὶ
713 3591 835 3651 εἷπε
875 3595 1102 3668 Κύριος·
1157 3614 1177 3648 ι
1204 3594 1318 3649 Ποῦ
1352 3596 1494 3650 εἰσιν
1545 3596 1595 3649 oi
1642 3594 1757 3649 θεοὶ

184 3708 206 3742 s
249 3688 460 3756 αὐτῶν;
516 3691 601 3760 ἐφ’
646 3684 729 3754 οἷς
771 3687 1155 3743 ἐπεποίθεισαν
1205 3689 1291 3741 ἐπ’
1335 3688 1538 3752 αὐτοῖς,
1588 3679 1663 3742 ὧν
1693 3686 1757 3741 τὸ

185 3799 205 3833 ι
248 3780 414 3854 στέαρ
435 3779 545 3836 τῶν
579 3781 779 3836 θυσιῶν
809 3780 986 3834 αὐτῶν
1025 3779 1263 3851 ὴσθίετε,
1290 3779 1382 3834 καὶ
1414 3779 1628 3832 ὲπίνετε
1662 3779 1756 3832 τὸν

184 3891 205 3924 ι
247 3867 389 3926 οἶνον
439 3870 549 3926 τῶν
605 3871 845 3926 σπονδῶν
896 3870 1096 3927 αὐτῶν.
1168 3871 1602 3942 Ἀναστήτωσαν,
1661 3868 1759 3924 καὶ

186 3983 207 4016 ι
259 3963 682 4036 βοηθησάτωσαν
725 3963 874 4033 ὑμῖν,
916 3962 1010 4017 καὶ
1041 3961 1429 4034 γενηθήτωσαν
1452 3958 1602 4032 ὑμῶν
1629 3976 1758 4014 σκε-

185 4073 208 4108 s
250 4054 475 4111 πασται.
532 4075 551 4109 ι
607 4055 830 4120 Τούτοις
884 4055 994 4128 γὰρ
1053 4054 1321 4126 συνῆπται
1374 4052 1470 4120 τὸ,
1501 4070 1521 4105 ι
1566 4053 1757 4118 Ἴδετε,

186 4165 206 4199 ι
245 4146 385 4201 ἴδετε
443 4146 529 4202 ὅτι
581 4147 692 4218 ἐγώ
753 4149 892 4220 εἰμι,
960 4145 1055 4201 καὶ
1125 4145 1227 4199 οὐκ
1282 4143 1397 4199 ἐστι
1446 4143 1579 4210 Θεὸς
1620 4143 1760 4217 πλὴν

187 4258 207 4291 ι
250 4237 411 4310 ἐμοῦ.
460 4257 482 4292 ι

811 4332 969 4387 ΚΕΦ.
999 4332 1130 4388 ΚΒ’.

181 4427 317 4482 Ὀτι
340 4426 439 4482 καὶ
469 4425 540 4482 ἐν
566 4424 690 4492 τοῖς
715 4424 1170 4552 πιὶῧφήὲαιςηδιὰ
1197 4424 1303 4480 τοῦ
1332 4423 1471 4481 Υἱοῦ
1499 4427 1533 4480 ὁ
1557 4420 1763 4493 Πατὴρ

844 4513 908 4551 εο
950 4513 1161 4552 οτειτο.
1516 4536 1527 4551 .

844 4513 1161 4568 εονιογειτο.
1516 4536 1527 4551 .

247 4587 373 4643 Κᾶν
390 4587 650 4661 μυριάκις
661 4586 840 4640 τοίνυν
861 4586 949 4640 διὰ
965 4586 1063 4639 τοῦ
1083 4586 1363 4659 προφήτου
1387 4583 1523 4655 βοῶν
1552 4585 1758 4656 φάσκῃ,

183 4680 363 4750 Πλὴν
386 4679 533 4750 ἐμοῦ
563 4682 675 4735 οὐκ
697 4680 830 4735 ἐστι
850 4679 1014 4745 Θεὸς,
1043 4678 1138 4733 καὶ
1163 4678 1331 4747 πλὴν
1345 4677 1491 4747 ἐμοῦ
1507 4679 1618 4731 οὐκ
1633 4677 1766 4732 ἐστι

179 4772 417 4839 δίκαιος
430 4770 531 4826 καὶ
548 4771 776 4841 Σωτὴρ,
820 4772 914 4825 καὶ
934 4770 1082 4826 Θεὸν
1112 4769 1281 4838 πλὴν
1292 4770 1438 4840 ἐμοῦ
1452 4771 1525 4825 οὐ
1540 4770 1765 4840 γνώσῃ,

182 4866 281 4919 καὶ
299 4863 504 4926 σώζων
532 4866 644 4920 οὐκ
675 4865 810 4919 ἔστι
833 4862 1026 4932 παρὲξ
1058 4863 1173 4936 (25)
1193 4863 1361 4933 ἐμοῦ,
1384 4865 1478 4917 καὶ
1510 4865 1611 4917 ὅσα
1632 4861 1768 4918 ἄλλα

178 4957 395 5020 τούτοις
435 4955 639 5025 ἀδελφὰ
677 4958 735 5010 ὲν
778 4959 891 5020 τοῖς
922 4954 1128 5020 λοιποῖς
1169 4955 1392 5026 φέρεται
1429 4955 1760 5027 προφήταις,

183 5049 336 5117 Θεὸς
351 5045 449 5121 ἦν,
472 5050 570 5103 καὶ
587 5048 657 5113 ἐξ
676 5034 911 5103 ἐκείνου
944 5048 1014 5102 ἐν
1038 5045 1268 5116 Χριστῷ
1292 5047 1523 5116 κόσμον
1537 5048 1762 5101 καταλ-

183 5141 445 5198 λάσσων
462 5141 680 5208 ἐαυτῷ,
699 5142 794 5196 καὶ
814 5141 978 5205 αὐτὸς
995 5136 1063 5211 ἦν
1093 5140 1124 5193 ὁ
1152 5138 1344 5211 Πατὴρ
1362 5138 1536 5193 ταῦτα
1551 5137 1641 5192 διὰ
1660 5135 1758 5191 τοῦ

187 5231 513 5306 μονογενοῦς
545 5232 700 5299 Υἱοῦ,
751 5228 840 5287 οἷα
870 5233 939 5287 δι’
964 5231 1264 5304 ἑρμηνέως,
1297 5229 1601 5301 ἀνθρώποις
1625 5229 1759 5283 ὑπο-

1854 3242 2049 3299 gruum
2090 3224 2317 3286 dixisse,
2348 3222 2565 3276 Patrem
2608 3232 2707 3288 per
2743 3214 2938 3271 Filium
2986 3229 3145 3270 suum
3180 3211 3430 3282 unigeni-

1853 3330 1965 3376 tum
1994 3320 2111 3375 haec
2142 3315 2495 3389 praelocutum
2527 3310 2801 3365 aﬂirmare
2855 3306 2995 3379 apud
3052 3320 3148 3360 eos
3183 3304 3275 3373 qui
3311 3303 3431 3359 istis

1852 3411 2165 3483 indigebant
2194 3407 2462 3463 mandatis
2503 3413 2560 3460 et
2609 3399 3104 3458 admonitionibus?
3134 3399 3304 3452 Erant
3332 3410 3430 3450 au-

1852 3510 1960 3559 tem
2009 3500 2152 3571 quod
2192 3506 2420 3554 testatur
2468 3493 2773 3562 Scriptura,
2809 3491 2862 3545 bi
2911 3488 3232 3544 idololatrze.
3283 3484 3433 3539 Dixit

1853 3593 1996 3649 enim
2016 3589 2271 3645 Dominus
2303 3605 2320 3643 :
2359 3585 2459 3641 Ubi
2482 3593 2608 3640 sunt
2635 3582 2714 3636 dii
2738 3580 2951 3635 illorum
2977 3582 3002 3636 ?
3026 3579 3283 3649 inquibus
3307 3592 3436 3630 con-

1852 3682 2081 3753 ﬁdebant
2109 3718 2127 3747 ,
2169 3694 2393 3751 quorum
2448 3677 2512 3730 de
2572 3673 2848 3741 sacriﬁciis
2881 3672 3086 3740 adipem
3114 3667 3429 3734 comedistis,

1852 3784 1900 3831 et
1938 3774 2140 3828 bibistis
2176 3771 2353 3826 vinum
2384 3769 2449 3822 de
2476 3767 2643 3837 epulis
2703 3780 2884 3819 eorum
2909 3779 2927 3816 :
2959 3768 3179 3830 surgant
3203 3768 3250 3813 et
3276 3758 3434 3828 adju-

1854 3878 1972 3925 vent
2002 3884 2112 3934 vos,
2162 3874 2211 3920 et
2241 3864 2372 3934 ﬁant
2407 3859 2787 3916 obumbracula
2838 3856 2980 3911 vobis
3005 3856 3071 3909 ⁸³.
3104 3851 3259 3910 Nunc
3281 3851 3433 3908 hisce

1856 3959 2038 4015 verbis
2070 3957 2291 4013 adut-ita
2344 3964 2506 4020 sunt,
2546 3949 2756 4017 Videte,
2801 3949 2965 4005 videte
2995 3945 3134 4018 quod
3152 3960 3245 4016 ego
3280 3957 3430 4011 sum,
3516 4024 3519 4025 ν

1856 4063 1905 4108 et
1941 4067 2045 4108 non
2074 4058 2151 4106 est
2186 4048 2324 4104 alius
2351 4056 2541 4118 prtem
2573 4059 2653 4098 me
2674 4041 2743 4098 ‘°.

2454 4314 2608 4373 CAP.
2648 4311 2819 4370 XXII.

1863 4413 2016 4482 Quod
2044 4411 2201 4468 etiam
2232 4410 2287 4466 in
2311 4407 2583 4532 prapheti‘s.
2613 4407 2774 4531 auter
2799 4417 2889 4473 per
2904 4397 3105 4454 Filium
3129 4395 3271 4450 Deus
3296 4408 3435 4462 prm-

2567 4494 2613 4531 ic
2673 4491 2757 4529 ur.

2567 4491 2757 4531 tentur.

1934 4577 2083 4633 Licet
2112 4588 2241 4644 ergo
2280 4570 2474 4626 millies
2511 4584 2607 4639 per
2636 4565 2951 4637 prophetam
2983 4559 3208 4621 clamet,
3238 4553 3440 4609 Prteter

1864 4686 1945 4724 me
1983 4684 2087 4723 non
2127 4675 2205 4722 est
2241 4665 2414 4729 Deus,
2459 4671 2516 4718 et
2560 4670 2754 4730 praeter
2793 4671 2874 4709 me
2915 4669 3019 4708 non
3063 4659 3138 4706 est
3166 4649 3344 4719 justus
3388 4654 3438 4697 et

1867 4763 2133 4828 Servator,
2157 4770 2231 4826 et,
2259 4758 2426 4812 Deum
2454 4771 2556 4809 non
2584 4764 2861 4821 cognosces
2888 4754 3079 4817 praeter
3103 4758 3205 4809 me,
3232 4749 3286 4795 et
3314 4737 3439 4791 Non

1866 4865 1944 4912 est
1972 4855 2065 4922 qui
2107 4858 2493 4921 serveﬁprteter
2523 4859 2624 4910 me,
2649 4852 2704 4899 et
2731 4856 2850 4911 quia:
2886 4838 2970 4894 bis
3008 4833 3328 4906 congemina
3362 4828 3439 4885 iu-

1868 4957 2062 5005 runtur
2088 4948 2141 5001 In
2173 4940 2454 5015 prophetis
2482 4936 2713 5001 ceteris,
2741 4934 2882 4988 Deus
2919 4938 3033 4985 erat
3059 4939 3106 4983 et
3144 4927 3199 4980 in
3227 4922 3437 4980 Christo

1866 5041 2121 5095 mundum
2159 5012 2258 5091 sibi
2278 5012 2629 5089 reconcilians
2656 5029 2720 5090 ⁶¹,
2747 5035 2802 5081 et
2831 5025 2946 5093 ipse
2985 5029 3108 5076 erat
3137 5017 3298 5071 Pater
3338 5012 3440 5067 ista

1866 5147 1963 5203 per
2016 5129 2211 5185 Filium
2278 5127 2651 5198 unigenitum,
2705 5118 2868 5174 veluti
2936 5128 3032 5185 per
3090 5111 3437 5203 iltlel'tilfiettt

1866 5193 2155 5296 guemdam
2215 5193 2523 5276 hominibus
2561 5213 2945 5272 subiusiuuans
2988 5225 3002 5261 :
3040 5201 3134 5260 sed
3180 5210 3236 5253 et
3273 5193 3443 5250 Filius

264 5396 326 5455 ᾖ(
362 5388 457 5443 Ed.
489 5388 689 5452 Paris.,
718 5388 971 5459 putt-I59.
1045 5386 1277 5442 l"Exod.
1306 5401 1399 5459 κδ,
1421 5384 1474 5459 ξ,
1508 5385 1578 5452 5;
1608 5381 2078 5459 ιςνίιλξᾲνιδβ..
2129 5382 2176 5413 ⁸⁵
2212 5369 3007 5459 Calai:111,19,'29‘.U{Deu:.
3032 5381 3108 5432 γι,
3136 5362 3189 5418 4.
3251 5360 3299 5394 “
3338 5360 3442 5417 lse.

186 5476 229 5530 ι,
265 5437 326 5516 ἰ
362 5437 457 5492 ’δῖ
482 5437 700 5521 intra:
720 5437 1000 5514 ""3515.
1039 5437 1275 5526 ιιζὶεῗ
1306 5437 1399 5489 Ἦ
1424 5437 1534 5513 is;
1561 5437 1740 5523 ἰιξεεζ

1858 5454 1881 5486 ο
1923 5437 2076 5509 ὑεύι.
2105 5465 2278 5516 xxxii,
2325 5448 2416 5504 39.
2490 5437 2546 5478 i“
2588 5443 2630 5498 ll
2666 5442 2792 5499 Cor.
2819 5454 2875 5507 ν,
2909 5437 2998 5492 19.

256 5636 373 5707 (Si)
408 5633 579 5707 Vulso
606 5633 808 5707 ἐαυτξῑξο

259 5704 376 5773 (22)
408 5704 576 5775 Vulgo
599 5704 915 5759 διετέλλετο.

263 5769 377 5842 tas)
427 5769 956 5845 Ὑσῖοστησαμένου
1013 5772 1155 5839 Quid
1185 5769 1509 5845 vultqnescio
1567 5786 1581 5822 :
1634 5770 1758 5845 nisi,

186 5849 281 5919 qui
331 5842 738 5905 subsistendum
775 5842 947 5908 dedit.
981 5852 1032 5901 et
1066 5859 1186 5903 esse
1230 5843 1605 5901 universorum
1632 5842 1757 5897 sub-

1866 5625 2102 5686 stantiae,
2128 5624 2231 5684 hoc
2248 5631 2355 5684 est,
2387 5620 2440 5674 in
2470 5634 2593 5686 esse
2620 5614 2892 5686 produxit.
2923 5610 2997 5686 ιε,
3086 5598 3093 5607 ’

1939 5694 2054 5766 (24)
2079 5679 2262 5766 yulgo
2286 5679 2442 5766 iactv
2475 5684 2576 5754 εἷς.
2612 5679 2722 5741 Καὶ
2745 5685 2915 5766 λέγει..
2954 5681 3094 5735 ἴδετε
3118 5679 3220 5766 ὅτι.
3262 5720 3407 5766 “Mn.

1939 5696 2031 5766 ('24
2088 5694 2262 5763 Vulgo
2293 5694 2442 5745 ἐστιν
2475 5694 2576 5754 εἰς.
2612 5694 2722 5741 Καὶ
2747 5694 2915 5754 λέγει,
2954 5694 3094 5735 ιοετε
3118 5694 3220 5733 οτι.
3404 5720 3407 5725 .

1939 5694 2054 5837 (⁸25)
2079 5761 2520 5837 γυιςο-ὲκεινου,
2554 5768 2611 5837 et
2650 5773 2795 5826 Inox,
2846 5755 3046 5825 κόσμον
3073 5751 3228 5821 vulgo
3254 5759 3438 5805 errore

1867 5830 2002 5906 oui.;
2035 5830 2157 5893 dein
2182 5830 2342 5904 iulgo
2372 5834 2483 5896 τοῖς
2517 5830 2709 5898 εὐαγγ.
