3828 6222
458 324 567 385 959

1134 319 1407 377 EUSEBll
1447 320 1929 378 CxESARlENSlS
1968 321 2121 378 OPP.
2162 319 2346 378 PARS
2388 320 2479 379 IV.
2516 320 3015 379 —DOGMATICA.

3625 323 3729 379 960

459 457 674 516 quoque
705 443 758 498 in
795 440 1109 513 Evangelio,
1141 442 1253 514 ipse
1291 459 1457 498 unum
1498 445 1671 500 solum
1710 445 1878 503 Deum
1912 446 2024 501 i'uti-

2140 444 2531 516 φθεγγόμενος.
2577 443 2636 497 '0
2664 441 2721 494 δὲ
2751 440 2846 495 καί
2870 440 3032 503 αὐτὸς
3058 440 3087 492 6
3110 437 3242 502 Υἱὸς
3284 437 3341 491 ὲν
3373 436 3733 505 Εύαγγελίοις

459 550 611 590 mare
671 534 885 590 videtur
937 535 1230 605 inquiens:
1278 538 1409 593 Haec
1465 546 1540 589 est
1600 547 1775 592 autem
1826 543 1885 602 >I<
1936 538 2041 593 vita

458 637 680 694 aeterna,
707 636 763 683 ut
790 638 1109 699 cognoscant
1132 639 1180 683 te
1209 646 1370 683 unum
1398 630 1566 686 solum
1594 631 1777 694 Deum,
1805 641 1855 687 et
1889 648 2041 701 quem

455 719 649 775 misisti
676 719 857 774 Iesum
882 718 1146 775 Christum
1169 720 1235 774 ⁶².
1277 721 1367 775 Ille
1396 733 1513 775 erat
1534 737 1664 792 ergo
1685 737 1845 777 verus
1876 721 2036 777 Deus:

457 812 552 882 qui
583 827 723 868 unus
761 811 908 867 solus
943 818 1046 878 est,
1082 819 1138 866 et
1168 826 1277 867 non
1313 824 1397 867 est
1435 813 1574 867 alius
1606 823 1803 881 praeter
1842 815 2035 885 ipsum.

458 902 559 970 Qui
599 918 708 958 non
747 903 923 959 solum
975 918 1073 973 per
1116 903 1426 973 prophetas,
1475 908 1568 960 sed
1610 915 1665 961 et
1713 921 1808 975 per
1844 905 2038 960 Filium

456 1008 613 1049 suum
663 994 764 1049 ista
822 994 1051 1064 tempori
1104 996 1517 1059 convenientia,
1559 995 1891 1052 idololatrico
1942 997 2038 1051 Ju-

457 1086 700 1141 daaorum
748 1085 945 1157 populo
979 1087 1345 1156 prmeipiebat.
1398 1086 1661 1154 Quocirca
1702 1086 1886 1155 lsaias,
1945 1098 2039 1144 aut

459 1177 602 1232 Deus
637 1177 816 1246 potius
866 1192 964 1247 per
1006 1178 1196 1233 lsaiam
1238 1179 1316 1234 ait.
1355 1197 1372 1235 :
1416 1180 1621 1234 Prwter
1664 1198 1746 1235 me
1807 1197 1913 1235 non
1962 1193 2036 1236 est

457 1267 600 1322 Deus
629 1282 648 1321 :
679 1265 809 1333 Quis
852 1278 907 1321 ut
943 1284 1057 1339 ego,
1094 1276 1203 1326 etc.
1240 1269 1345 1324 Vos
1377 1272 1499 1324 estis
1543 1279 1698 1325 testes
1727 1270 1775 1325 si
1818 1273 1935 1341 quis
1966 1273 2033 1325 sit

457 1358 600 1412 Deus
652 1368 846 1426 praeter
895 1375 976 1413 me
1011 1359 1077 1413 ⁵³.
1130 1359 1427 1413 Subiutulit
1466 1378 1480 1414 :
1529 1359 1681 1425 Quod
1728 1377 1830 1414 non
1879 1370 2032 1415 erant

456 1461 581 1504 tunc
622 1452 715 1520 qui
763 1450 1026 1522 ﬁngebant
1072 1461 1123 1507 et
1171 1451 1511 1520 sculpebant,
1558 1468 1734 1506 omnes
1778 1453 1900 1507 vani
1947 1452 2033 1522 fa-

455 1540 647 1595 cientes
695 1558 813 1611 qua:
859 1542 1133 1611 placebant
1181 1542 1291 1597 illis
1329 1543 1395 1597 “.
1452 1542 1663 1613 Ubique
1707 1550 1887 1599 autem
1938 1561 2036 1615 per

454 1630 598 1686 illius
655 1632 994 1702 prophetiam
1056 1634 1180 1688 licet
1232 1634 1662 1699 animadvertas,
1708 1636 2034 1694 inanimatas

454 1722 574 1779 illas
619 1734 828 1781 statuas
863 1725 1161 1795 ﬂagellatas
1196 1745 1210 1782 :
1247 1737 1304 1784 et
1336 1727 1583 1783 similiter
1616 1730 1757 1799 apud
1795 1730 2033 1801 singulos

2143 537 2451 610 παρεδίδου,
2482 536 2579 589 ἕνα
2617 533 2776 606 μόνον
2810 531 3007 585 εἰδέναι
3048 529 3315 585 διδάσκων
3361 528 3517 594 Θεὸν,
3556 531 3618 582 ὲν
3654 526 3735 594 οἷς

2140 630 2344 700 ἔλεγεν,
2359 630 2521 698 Αὕτη
2540 628 2607 682 δέ
2620 628 2795 681 ἐστιν
2810 627 2847 694 ἠ
2865 623 3098 689 αίώνιος
3119 621 3251 690 ζωὴ,
3270 623 3371 675 ἵνα
3385 620 3737 691 γινώσκωσι

2139 744 2214 782 σε
2242 726 2351 780 τὸν
2372 726 2563 795 μόνον
2603 720 2899 791 ἀληθινόν
2932 718 3102 783 Θεὸν,
3131 717 3229 771 καί
3260 715 3333 770 ὃν
3360 715 3735 781 ἀπέστειλας

2152 817 2389 885 Ἰησοῦν
2419 815 2703 884 Χριστόν.
2740 806 2907 875 Οὗτος
2938 804 3032 864 οῦν
3079 810 3110 862 6
3147 807 3397 877 ἀληθινὸς
3422 802 3493 876 ἦν
3522 806 3683 871 Θεὸς,
3708 806 3737 858 6

2138 903 2220 971 εἷς
2253 907 2432 977 μόνος,
2470 906 2566 959 καὶ
2594 904 2781 975 ἕτερος
2824 901 2923 954 οὐκ
2958 900 3074 953 ἐστι
3103 897 3241 969 πλὴν
3271 895 3459 959 αὑτοῦ,
3507 894 3629 965 (εδ)
3661 895 3737 966 μὴ

2142 998 2299 1071 μόνον
2315 997 2403 1051 διὰ
2418 996 2527 1051 τῶν
2543 994 2859 1068 προφητῶν,
2882 992 3017 1047 ἀλλὰ
3032 990 3120 1045 διὰ
3134 989 3228 1043 τοῦ
3250 988 3380 1042 ἰδίου
3398 986 3532 1041 Υίοῦ
3560 985 3741 1039 ταῦτα

2137 1092 2259 1145 κατ’
2310 1092 2487 1144 ἐκεῖνο
2540 1086 2734 1159 καιροῦ
2775 1081 3280 1155 εἰδωλολατρεύοντι
3326 1080 3403 1151 τῷ
3460 1079 3743 1133 Ἰουδαίων

2137 1181 2557 1253 ἐγκελευόμενος
2587 1179 2751 1233 ἔθνει.
2775 1177 2982 1231 Αὐτίκα
2998 1176 3044 1229 δ’
3068 1171 3163 1230 οὖν
3182 1176 3210 1227 6
3239 1174 3489 1237 Ἡσαΐας,
3528 1170 3737 1242 μᾶλλον

2134 1275 2192 1329 δὲ
2223 1277 2251 1328 6
2283 1273 2415 1337 Θεὸς
2462 1274 2529 1327 δι’
2557 1270 2744 1332 αὑτοῦ,
2787 1269 2994 1323 εἰπών·
3032 1266 3209 1334 Πλὴν
3251 1265 3396 1335 ἐμοῦ
3438 1266 3554 1318 οὐκ
3599 1262 3737 1317 ἐστι

2139 1367 2301 1432 Θεός.
2320 1365 2422 1431 Τίς
2433 1363 2635 1434 ὥσπερ
2654 1361 2790 1432 ard);
2816 1362 2907 1415 καὶ
2931 1359 3076 1431 ἑξῆςο
3102 1359 3409 1428 Μάρτυρες
3423 1358 3536 1427 (97)
3560 1357 3741 1427 ὑμεῖς

2133 1458 2294 1522 ἐστε,
2329 1459 2379 1511 εἰ
2424 1458 2559 1511 ἐστι
2611 1454 2755 1520 Θεὸς
2792 1452 2962 1521 πλὴν
2996 1452 3165 1522 ἐμοῦ,
3208 1451 3456 1523 ἐπήγαγε
3492 1450 3579 1503 τό·
3619 1450 3734 1503 Καὶ

2134 1552 2245 1603 οὐκ
2271 1545 2436 1620 ἦσαν
2480 1548 2612 1601 τότε
2654 1550 2708 1600 οἱ
2740 1544 3127 1610 πλάσσοντες
3159 1541 3257 1597 καὶ
3300 1544 3356 1595 οἱ
3388 1542 3732 1612 τλύφοντες

2133 1639 2357 1705 πάντες
2382 1638 2640 1709 μάταιοι,
2678 1635 2995 1703 ποιοῦντες
3019 1636 3094 1689 τὰ
3124 1634 3460 1702 καταθύμια
3501 1630 3735 1689 αὐτῶν.

2134 1728 2246 1782 Καὶ
2275 1729 2341 1781 δι’
2371 1728 2500 1799 ὅλης
2529 1727 2586 1780 δὲ
2618 1728 2717 1800 τῆς
2749 1724 2913 1781 αὐτοῦ
2948 1724 3285 1798 προφητείας
3312 1723 3494 1794 εὕροις
3534 1723 3604 1778 ἂν
3635 1740 3734 1776 κο-

453 1816 839 1885 prophetarum
898 1834 1064 1873 unum
1105 1820 1270 1874 Deum
1310 1820 1551 1876 invenies
1585 1822 1936 1888 celebratum,
1974 1835 2024 1878 ut

2140 1818 2377 1890 πτόμενα
2408 1818 2475 1871 τὰ
2502 1817 2685 1888 ἄψυχα
2730 1815 2915 1881 ξόανα,
2946 1817 3042 1869 καὶ
3080 1814 3211 1886 παρ’
3244 1813 3461 1883 ἑκάστῳ
3488 1812 3547 1865 δὲ
3593 1828 3733 1883 προ-

455 1916 771 1961 avertantur
800 1908 1045 1964 homines
1070 1925 1101 1965 a
1132 1909 1353 1965 deorum
1386 1910 1747 1967 multitudine.
1776 1912 1856 1967 Ad
1886 1929 2035 1969 eum-

454 1994 576 2051 dem
611 1998 825 2053 modum
861 2015 958 2055 nos
991 2001 1045 2055 in
1084 2016 1375 2071 congressu
1409 2017 1731 2073 quocunque
1767 2020 1888 2059 cum
1934 2020 2033 2075 pa-

454 2088 610 2158 ganis
642 2089 875 2146 solemus
914 2092 1218 2148 doctrinam
1247 2094 1312 2149 de
1339 2093 1558 2150 Christo
1599 2096 1653 2151 in
1686 2106 1897 2167 tempus
1934 2114 2031 2168 op-

450 2190 741 2249 portunum
774 2198 1063 2253 reponere,
1098 2196 1153 2243 et
1180 2188 1231 2241 in
1268 2190 1517 2257 praesenti
1562 2191 1762 2245 erroris
1805 2190 2033 2246 idolola-

452 2272 577 2327 trici
632 2275 1068 2345 redargutionem
1128 2291 1465 2348 proponere,
1516 2288 1571 2335 et
1626 2281 1717 2336 Dei
1771 2283 2031 2339 unitatem

452 2362 897 2423 demonstrativis
960 2368 1264 2425 rationibus
1327 2370 1589 2427 stabilire.
1668 2374 1849 2429 Discat
1908 2376 2031 2431 ideo

450 2452 757 2522 Marcellus,
800 2459 846 2515 si
880 2469 1056 2516 tamen
1087 2463 1180 2529 qui
1223 2462 1621 2520 obveteraverit
1665 2482 1789 2522 cum
1820 2468 2036 2537 episco-

447 2556 579 2617 patu
634 2549 689 2605 in
727 2549 969 2607 Ecclesia
1025 2554 1227 2610 Christi
1271 2556 1507 2610 nondum
1558 2557 1838 2625 didicerit,
1885 2561 2029 2628 quod

448 2639 692 2709 mysterii
745 2640 889 2696 illius
926 2643 1225 2699 absconditi
1266 2645 1657 2716 intelligentia,
1702 2658 1915 2705 vetusto
1949 2649 2026 2704 illi

446 2728 646 2797 populo
691 2744 798 2785 non
859 2734 1359 2790 communicabatur
1413 2738 1480 2792 de
1528 2737 1667 2793 Filio
1714 2738 1844 2803 Deo,
1892 2755 2024 2809 pro-

446 2827 633 2885 pterea
674 2822 815 2890 quod
865 2824 933 2877 ab
976 2825 1279 2880 idololatria
1319 2826 1661 2896 impendebat
1709 2830 1777 2886 iis
1809 2831 2027 2899 pericu-

447 2909 557 2965 lum
582 2950 598 2976 ,
621 2922 677 2968 et
702 2913 842 2983 quod
874 2913 1126 2972 Ecclesia:
1158 2920 1525 2974 tantummodo
1555 2923 1869 2992 mysterium
1898 2923 2027 2979 illud

446 3016 477 3054 a
511 3002 727 3069 saeculo,
767 3013 820 3058 et
866 3008 1302 3075 generationibus
1354 3010 1726 3065 absconditum
1775 3028 2025 3068 reserva-

446 3091 608 3147 batur
635 3092 983 3160 aperiendum
1012 3095 1081 3150 ab
1132 3096 1300 3164 ipsius
1332 3099 1524 3167 gratia.
1555 3097 1611 3152 In
1638 3115 1745 3168 quo
1768 3104 2026 3173 mysterio

447 3180 516 3234 de
552 3193 735 3237 sancta
770 3183 1035 3240 Trinitate
1063 3186 1224 3252 ratio,
1266 3188 1332 3242 de
1374 3187 1556 3255 Patre,
1590 3188 1750 3254 Filio,
1795 3201 1852 3246 et
1899 3192 2021 3260 Spi-

445 3270 555 3325 ritu
580 3282 791 3340 sancto,
822 3274 1076 3329 nimirum
1107 3278 1686 3348 comprehendebatur.
1715 3282 1877 3352 Atqui
1912 3292 2020 3337 tam

446 3361 617 3417 multa
663 3364 882 3436 collegit
930 3368 985 3421 in
1034 3384 1235 3432 unum,
1280 3380 1413 3440 quot
1464 3370 1548 3427 vel
1596 3373 1663 3428 de
1713 3372 2020 3429 Judaaomm

444 3464 607 3522 gente
670 3456 987 3513 circumcisa
1039 3459 1298 3531 magister
1352 3461 1405 3516 in
1458 3460 1683 3531 Judaica
1737 3463 2021 3535 Synagoga

442 3546 921 3605 concionabundus
956 3561 1353 3620 coacervasset,
1396 3562 1452 3609 et
1494 3553 1756 3625 gloriatur
1795 3571 1857 3612 se
1904 3558 2021 3612 haec

444 3635 649 3693 Christi
702 3640 981 3709 discipulis
1034 3643 1331 3711 exhibere,
1411 3647 1539 3701 dum
1593 3648 1805 3719 ignorat
1876 3651 2021 3719 quod

444 3726 616 3783 multa
656 3729 829 3785 adhuc
866 3730 1016 3800 plura
1047 3731 1264 3789 Judaeus
1306 3737 1600 3792 secundum
1634 3752 1853 3793 carnem
1888 3755 2019 3810 pro-

449 3818 678 3875 tulisset.
721 3821 922 3877 Horum
972 3826 1145 3895 gratia
1186 3828 1275 3884 hic
1323 3829 1587 3884 insultat:
1622 3846 1727 3887 non
1757 3847 2021 3889 verecun-

442 3909 603 3964 datur
654 3924 834 3968 autem
862 3917 1003 3984 quod
1038 3918 1389 3989 theologicam
1425 3922 1765 3979 verissimam
1795 3923 1863 3979 de
1892 3924 2020 3981 Ser-

441 4010 842 4061 vatore-uostro
872 4012 1134 4064 rationem
1165 4012 1447 4079 pervertit.

987 4105 1046 4162 ὦ
1077 4100 1228 4156 CAP.
1275 4102 1463 4157 XXIII.

639 4186 795 4253 Quod
829 4188 1070 4245 Ecclesia
1099 4208 1201 4246 non
1234 4196 1487 4262 praedicat
1515 4197 1639 4251 deos
1669 4197 1823 4253 duos.

511 4278 759 4347 .nprimis
804 4296 910 4335 non
969 4281 1225 4354 intelligit
1272 4284 1474 4340 dictum
1528 4288 1691 4343 divini
1738 4288 2012 4358 Apostoli,

438 4366 532 4435 qui
573 4367 933 4425 diversimode
973 4370 1130 4427 docet
1176 4388 1302 4429 esse
1341 4375 1487 4430 illum
1543 4376 1635 4432 Dei
1686 4379 2013 4449 imaginem,

2136 1912 2280 1983 φήτῃ
2327 1910 2529 1981 ὁμοίως
2572 1910 2654 1973 εἰς
2693 1907 3015 1981 ἀποτροπὴν
3054 1908 3154 1978 τῆς
3199 1905 3462 1960 πολυθέου
3512 1904 3733 1975 πλάνης

2133 2001 2223 2055 τὸν
2253 2002 2349 2055 ἕνα
2378 2002 2509 2056 Θεὸν
2534 2002 2939 2073 κηρυττόμενον
2965 1999 3238 2070 εὑρήσεις.
3268 1996 3426 2051 Οὕτω
3444 1997 3541 2050 καὶ
3565 1998 3733 2067 ἡμεῖς

2133 2096 2404 2167 εἰώθαμεν
2443 2096 2710 2169 Ἐλλήνων
2738 2098 2852 2159 τοῖς
2897 2094 3303 2164 δεισιδαίμοσιν,
3336 2093 3394 2145 ὲν
3438 2095 3553 2155 τοῖς
3588 2092 3729 2165 πρὸς

2132 2190 2329 2253 αὐτοὺς
2350 2189 2635 2258 διαλόγοις,
2669 2188 2769 2259 τὴν
2793 2187 2892 2257 μὲν
2917 2187 3046 2257 περὶ
3074 2186 3166 2238 τοῦ
3196 2184 3437 2255 Χριστοῦ
3468 2184 3729 2236 διδασκα-

2135 2281 2276 2345 λίαν,
2302 2283 2381 2345 εἰς
2420 2280 2678 2353 εὔκαιρον
2718 2277 3097 2350 ταμιεύεσθαι,
3133 2276 3270 2340 τέως
3306 2277 3364 2330 δὲ
3406 2276 3595 2339 αὐτοῖς
3622 2276 3726 2345 τῆς

2129 2369 2514 2441 εἰδωλολάτρου
2563 2369 2773 2440 πλάνης
2816 2367 3074 2437 ἐλέγχους
3121 2367 3456 2438 προσφέρειν
3492 2365 3593 2418 καί⁵
3632 2364 3727 2418 τὸν

2128 2462 2225 2515 ἕνα
2271 2456 2408 2514 εἶναι
2450 2460 2584 2513 Θεὸν
2618 2460 3019 2520 ἀποδεικτικοῖς
3054 2456 3490 2520 κατασκευάζειν
3518 2454 3722 2523 λόγοις.

2128 2553 2462 2609 Μανθανέτω
2502 2552 2681 2605 τοίνυν
2730 2550 3071 2623 Μάρκελλος,
3121 2550 3170 2603 εἰ
3219 2549 3618 2620 καταγηράσας
3665 2548 3723 2599 ὲν

2128 2644 2401 2713 ἐπισκοπῇ
2440 2643 2541 2713 τῆς
2592 2640 2832 2716 Χριστοῦ
2891 2640 3237 2711 Ἐκκλησίας,
3284 2637 3441 2693 οῦπω
3492 2638 3593 2692 καὶ
3626 2636 3721 2690 νῦν

2130 2733 2473 2805 μεμάθηκεν,
2500 2733 2583 2785 ὃτι
2611 2731 2690 2801 τῷ
2718 2731 2933 2801 παλαιῷ
2960 2731 3074 2801 λαῷ
3103 2733 3137 2802 ἡ
3166 2730 3261 2784 τοῦ
3288 2728 3723 2800 ἀποκεκρυμμέ-

2127 2836 2219 2873 νου
2252 2819 2552 2892 μυστηρίου
2580 2824 2707 2893 περί
2733 2821 2829 2874 τοῦ
2859 2820 2990 2873 Υἰοῦ
3020 2819 3114 2873 τοῦ
3135 2820 3271 2873 Θεοῦ
3294 2820 3498 2889 γνῶσις
3526 2820 3723 2872 κατάλ-

2126 2909 2286 2981 ληλος
2316 2911 2563 2982 οὐδαμῶς
2596 2908 2684 2983 ἦν,
2725 2911 3030 2984 ὀλισθηρῶς
3061 2912 3238 2983 ἔχοντι
3266 2914 3403 2984 πρὸς
3430 2911 3720 2965 εἰδωλολαο

2126 3003 2335 3075 τρείαν,
2362 3004 2456 3057 καὶ
2475 3004 2551 3067 ὡς
2574 3004 2713 3078 μόνῃ
2732 3007 2799 3077 τῇ
2820 3005 2984 3058 αὑτοῦ
3019 3006 3317 3077 Ἐκκλησία
3337 3005 3399 3057 τὸ
3418 3005 3721 3076 μυστήριον

2127 3095 2188 3148 τὸ
2217 3096 2705 3168 ἀποκεκρυμμένον
2754 3097 2862 3150 ἀπὸ
2894 3097 3002 3151 τῶν
3041 3096 3275 3162 αἰώνων,
3313 3098 3410 3151 καὶ
3458 3097 3572 3151 ἀπὸ
3609 3097 3719 3151 τῶν

2129 3187 2349 3256 γενεῶν,
2374 3186 2463 3240 διὰ
2489 3190 2588 3259 τῆς
2621 3186 2785 3241 αὐτοῦ
2809 3187 3030 3259 χάριτος
3058 3188 3395 3260 ὲταμιεύετο.
3416 3189 3508 3241 Ἐν
3541 3182 3587 3256 ᾧ
3618 3206 3718 3257 μυ-

2130 3278 2337 3349 στηρίῳ
2372 3280 2402 3332 6
2429 3280 2559 3350 περὶ
2592 3280 2691 3350 τῆς
2717 3280 2876 3349 ἁγίας
2904 3280 3134 3352 Τριάδος
3164 3281 3378 3354 Πατρὸς
3418 3282 3517 3333 καὶ
3558 3280 3716 3343 Υίοῦ,

2128 3370 2223 3423 καὶ
2246 3370 2399 3439 ἁγίου
2425 3371 2740 3443 Πνεύματος
2769 3373 3074 3443 περιείχετο
3097 3372 3274 3441 λόγος.
3309 3374 3369 3426 '0
3395 3373 3454 3426 δὲ
3474 3372 3718 3425 τοσαῦτα

2131 3460 2471 3529 συναγαγὼν,
2525 3463 2625 3515 ὅσα
2671 3462 2738 3515 ἂν
2787 3463 2931 3516 εἴποι
2983 3463 3078 3517 καὶ
3141 3463 3415 3517 Ἰουδαίων
3456 3463 3715 3517 διδάσκα-

2127 3548 2218 3614 λος
2234 3554 2363 3623 περὶ
2394 3550 2493 3623 τῆς
2530 3554 2767 3624 ἐκτομῆς
2808 3554 2920 3625 (28)
2951 3554 3155 3625 ὁμιλῶν
3182 3554 3242 3607 ὲν
3295 3554 3567 3607 Ἰουδαίων
3592 3571 3718 3607 συν-

2128 3645 2343 3714 αγωγῇ,
2395 3643 2721 3714 σεμνύνεται
2761 3647 2874 3709 τοῖς
2924 3644 3164 3716 Χριστοῦ
3218 3644 3487 3716 μαθηταῖς
3539 3645 3718 3698 ταῦτα

2128 3734 2579 3806 προϐαλλόμενος·
2627 3737 2731 3791 ούκ
2767 3736 2923 3801 εἰδὼς
2939 3740 3022 3792 ὅτι
3055 3738 3279 3793 πλείονα
3294 3737 3458 3792 αὐτοῦ
3475 3739 3622 3792 εἴποι
3648 3738 3719 3793 ἂν

2125 3830 2155 3881 6
2187 3829 2497 3900 σωματικὸς
2536 3830 2951 3896 Ἰουδαῖος.Ἰεῖπί¹
2982 3832 3194 3896 τούτοις
3229 3832 3330 3903 μὲν
3379 3828 3474 3885 οῦν
3531 3834 3713 3904 αὐχεῖ,

2126 3922 2239 3993 (29)
2273 3922 2369 3987 τὰς
2398 3923 2443 3976 δ’
2482 3922 2702 3995 ἀληθεῖς
2746 3926 2877 3996 περὶ
2912 3924 3007 3979 τοῦ
3052 3925 3305 3996 Σωτῆρος
3340 3926 3497 3996 ἡμῶν
3534 3926 3717 3980 θεολο-

2124 4018 2250 4087 γίας
2276 4018 2617 4090 διαστρέφων
2648 4020 2748 4073 οὐκ
2780 4019 3198 4087 ἐγκαλύπτεται.

2759 4109 2917 4163 ΚΕΦ.
2950 4111 3078 4165 Kl".

2231 4200 2353 4255 Ὅτι
2377 4200 2464 4271 μὴ
2494 4201 2604 4256 δύο
2637 4202 2816 4269 θεοὺς
2844 4204 2883 4272 ἡ
2931 4203 3271 4271 Ἐκκλησία
3302 4202 3605 4271 κηρύττει.

2193 4290 2402 4343 Αὐτίκα
2418 4291 2462 4344 δ’
2491 4287 2584 4345 οὖν
2605 4292 2665 4343 οὑ
2688 4290 2903 4362 συνίησι
2932 4291 3034 4354 τὰς
3054 4290 3238 4360 φωνὰς
3259 4290 3354 4344 τοῦ
3373 4289 3520 4344 θείου
3560 4290 3716 4343 Ἀπο-

2124 4382 2331 4446 στόλου,
2364 4382 2639 4455 διαφόρως
2668 4382 2997 4449 διδάξαντος,
3035 4383 3198 4437 αὐτὸν
3230 4378 3369 4437 εἶναι
3401 4382 3592 4437 εἰκόνα
3620 4383 3713 4437 τοῦ

438 4459 619 4515 verbis
653 4477 682 4515 a
712 4477 798 4517 me
838 4466 1127 4534 propositis
1155 4484 1170 4522 :
1200 4468 1342 4522 unde
1371 4485 1468 4539 par
1502 4470 1604 4526 fuit
1640 4482 1700 4527 ut
1746 4474 2016 4545 intellige-

2140 4473 2279 4539 θεοῦ,
2317 4475 2384 4529 δι’
2417 4469 2493 4529 ὧν
2533 4474 2799 4546 ὲξεθέμην
2832 4475 2999 4530 αὐτοῦ
3032 4474 3231 4540 λέξεων
3253 4492 3266 4504 ·
3299 4473 3420 4529 δέον
3458 4473 3715 4527 ἐντεῦθεν

438 4557 543 4619 ret,
593 4553 735 4619 quod
779 4555 1018 4611 Ecclesia
1065 4558 1161 4613 Dei
1206 4573 1313 4614 non
1362 4562 1620 4631 praedicat
1670 4564 1806 4621 duos
1857 4566 2010 4623 deos.

435 4639 571 4695 Nam
621 4658 719 4699 nec
748 4645 882 4701 duos
917 4648 1182 4718 ingenitos
1210 4653 1383 4707 credit
1412 4662 1505 4708 aut
1551 4655 2010 4726 imprincipiatos,

435 4741 498 4785 ut
530 4748 635 4787 non
664 4737 830 4791 semel
864 4740 1120 4807 diximus,
1151 4743 1246 4798 sed
1279 4759 1379 4800 nec
1412 4745 1548 4803 duas
1578 4750 1916 4806 substantias
1943 4766 2011 4807 ex

434 4822 662 4879 adverso
700 4826 1036 4885 iutroductas
1082 4832 1288 4888 honore
1327 4849 1484 4904 pares
1526 4837 1723 4892 asserit
1765 4854 1780 4892 :
1828 4838 2012 4908 itaque

432 4930 611 4985 neque
640 4918 773 4974 duos
800 4919 950 4987 deos,
1000 4923 1093 4978 sed
1124 4925 1343 4979 unicum
1386 4927 1712 4997 principium
1746 4937 1800 4982 et
1838 4928 2006 4983 Deum

433 5007 692 5071 praedicat
732 5026 853 5064 esse
885 5011 1098 5067 Patrem
1144 5015 1353 5071 scilicet
1396 5018 1656 5087 unigeniti
1713 5028 1769 5074 et
1824 5020 2009 5077 dilecti

431 5095 588 5163 Filii,
617 5113 778 5153 unam
817 5116 1031 5172 quoque
1070 5104 1358 5175 imaginem
1402 5106 1692 5165 invisibilis
1724 5109 1841 5177 Dei,
1889 5128 2011 5181 qua:

494 5288 554 5347 >14
592 5284 688 5339 Ed.
716 5284 918 5353 Paris.,
954 5301 1078 5359 pag.
1114 5289 1239 5357 MO,
1280 5290 1401 5345 Mi.
1517 5294 1561 5327 "
1600 5296 1765 5356 Joan.
1796 5302 1941 5369 xvtt,
1982 5302 2039 5360 5.

501 5464 615 5541 (29)
646 5468 815 5541 Ῡιιιιο
847 5469 895 5522 εἰ
915 5470 1011 5541 μή-

649 5536 817 5621 ἳιιιῇξο
842 5536 935 5620 viai.
964 5536 1235 5621 μάρτηέξι
1264 5556 1410 5621 mox,
1432 5544 1724 5621 ἐπήγαγεν
1741 5548 1790 5604 6.

652 5609 792 5695 Papi
818 5611 928 5695 τῆς
965 5606 1245 5695 ἐκτομῆς.
1278 5606 1405 5695 Non
1437 5606 2005 5695 est"de'_ci_rcumcisa

435 5686 595 5759 gente
651 5686 932 5759 magister,
979 5690 1039 5759 ut
1084 5686 1144 5759 in
1186 5686 1459 5759 versione,
1511 5688 1667 5759 quasi
1722 5689 2003 5759 legendum

437 5754 582 5804 esset
616 5748 764 5817 παρὰ
796 5760 888 5805 aut
911 5750 1017 5803 ἀπὸ
1048 5751 1147 5824 τῆς
1178 5748 1497 5827 περιτομῆς.
1529 5748 1634 5815 Sed
1669 5748 1817 5816 recta
1848 5760 2005 5816 Icctio

2123 4568 2382 4631 συνεῖναι,
2410 4566 2487 4630 ὡς
2518 4567 2580 4619 ού
2606 4566 2701 4620 δύο
2736 4567 2892 4631 θεοὺς
2922 4569 2957 4639 ἡ
2994 4567 3291 4639 Ἐκκλησία
3320 4564 3413 4619 τοῦ
3448 4565 3589 4619 Θεοῦ
3612 4583 3714 4637 κη-

2124 4656 2327 4730 ρύττειο
2364 4658 2425 4710 οὐ
2454 4658 2562 4730 γὰρ
2604 4658 2697 4711 δύο
2737 4659 3029 4731 ἀγέννητα,
3073 4659 3195 4712 οὐδὲ
3233 4657 3327 4712 δύο
3347 4658 3587 4729 άναρχα,
3637 4658 3714 4722 ὡς

2119 4750 2381 4815 πολλάκις
2409 4753 2542 4823 ἡμῖν
2572 4752 2808 4823 εἴρηται,
2835 4751 2958 4805 οὐδὲ
2986 4751 3081 4805 δύο
3124 4750 3310 4815 οὐσίας
3341 4750 3401 4817 ἐξ
3438 4752 3713 4821 ἰσοτιμίας

2117 4841 2693 4914 άντιπαρεξαγομένας
2738 4842 2998 4915 ἀλλήλαις
3032 4842 3144 4915 (50)
3184 4841 3415 4910 εἰσάγει·
3456 4840 3542 4894 διὸ
3590 4842 3710 4896 οὐδὲ

2112 4932 2208 4987 δύο
2237 4934 2424 5000 θεοὺς,
2452 4934 2589 4989 ἀλλὰ
2618 4935 2746 5006 μίαν
2767 4936 2945 5008 ἀρχὴν
2963 4936 3057 4989 καὶ
3077 4934 3211 4988 Θεὸν
3237 4932 3399 4998 εἰναι,
3430 4932 3526 4987 τὸν
3548 4934 3711 4986 αὐτὸν

2115 5025 2334 5099 Πατέρα
2362 5027 2687 5082 διδάσκουσα
2718 5026 2857 5084 εἶναι
2878 5028 2973 5081 τοῦ
3013 5026 3333 5098 μονογενοῦς
3360 5027 3458 5080 καὶ
3486 5027 3709 5096 ἀγαπη-

2113 5117 2209 5170 τοῦ
2242 5117 2394 5184 Υίοῦ,
2426 5118 2689 5184 ὡσαύτως
2718 5120 2774 5173 δὲ
2809 5119 2905 5172 καὶ
2952 5118 3081 5191 μίαν
3110 5118 3296 5172 εἰκόνα
3318 5116 3416 5171 τοῦ
3448 5116 3587 5171 Θεοῦ
3616 5116 3707 5170 τοῦ

2115 5304 2160 5336 ⁸³
2201 5303 2299 5361 lsa.
2328 5322 2453 5373 XLV,
2483 5307 2572 5377 ﬂ,
2602 5309 2687 5373 18,
2721 5308 2808 5374 i9,
2838 5307 2932 5363 2L
3010 5306 3056 5338 “
3095 5304 3229 5363 ibid.
3251 5304 3347 5362 20.

2112 5494 2198 5557 est
2236 5485 2497 5557 ἐκτομῆς,
2528 5486 2596 5541 de
2643 5483 2946 5557 excisione,
2989 5491 3046 5538 et
3096 5481 3475 5557 eradicatione
3527 5482 3699 5553 gentis

2112 5555 2181 5611 ab
2213 5552 2519 5627 idololatria
2544 5574 2581 5627 ;7
2602 5556 2811 5627 statim.
2836 5555 2931 5610 καὶ
2964 5553 3309 5627 σεμνύνεται.
3352 5552 3426 5609 Μ.

2182 5626 2297 5696 (29)
2328 5627 2499 5696 Vulgo
2531 5626 2631 5696 μὲν
2663 5625 2842 5695 αὐχεῖ.

2185 5629 2298 5770 (29;
2328 5629 2499 5696 Vulgo
2525 5629 2631 5751 μὲν
2663 5629 2795 5708 αὑχε

2185 5696 2276 5769 (50
2332 5695 2502 5769 Vulgo
2562 5696 2795 5768 λλήιοις.
