3828 6222
79 334 182 392 961

1028 328 1116 384 DE
1156 328 1692 387 EGCLESIASTICA
1730 328 2129 388 THEOLOGIA
2180 330 2311 389 LIB.
2348 329 2407 391 ll.

3242 329 3350 390 962

74 453 339 527 ἀοράτου,
382 451 484 524 τὴν
524 449 700 523 αὐτὴν
748 441 917 504 οὖσαν
956 447 1034 520 τῷ
1077 451 1356 520 μονογενεῖ
1400 448 1496 503 καὶ
1542 449 1674 518 ἀγα-

1780 452 1967 507 eadem
2010 452 2082 507 sit
2125 467 2246 507 cum
2283 449 2564 522 unigenito
2604 459 2663 506 et
2692 449 2890 507 dilecto
2928 448 3106 505 Filio:
3136 448 3352 509 etiamsi

72 545 244 617 πητῷ
260 543 374 615 Υἰῷ
396 542 581 610 αὑτοῦ,
606 542 712 595 κᾶν
727 540 862 615 λέγῃ
881 539 938 593 δὲ
964 542 993 595 6
1027 540 1370 606 Ἀπόστολος,
1405 539 1670 609 θεολογῶν

73 638 175 691 τὸν
202 635 440 707 Πατέραο
477 634 540 688 '0
566 633 858 704 μακάριος
883 632 980 686 καὶ
1008 632 1199 702 μόνος
1220 631 1550 699 δυνάστης,
1577 632 1672 686 καὶ

76 728 268 781 πάλιν·
289 727 341 780 Ὀ
348 728 540 796 μόνος
554 726 711 796 ἔχων
724 724 1084 789 ἀθανασίαν,
1100 723 1225 792 φῶς
1247 722 1427 777 οἰκῶν
1452 723 1674 793 ἀπρόσ-

78 835 247 881 ιτον,
305 818 398 870 καὶ
445 811 623 878 αὖθις·
679 812 764 880 Τῷ
815 812 885 867 δὲ
942 814 1198 879 ,ϐασιλεῖ
1248 812 1370 868 τῶν
1418 814 1667 879 αἰώνων,

70 911 381 981 ἀφθάρτῳ,
423 907 673 979 ἀοράτῳ,
715 909 883 978 μόνῳ
937 906 1078 973 Θεῷ,
1131 908 1223 960 καὶ
1265 906 1446 962 πάλιν·
1494 911 1673 974 Μόνῳ

68 1002 257 1070 σοφῷ
300 1000 422 1068 Θεῷ
463 1000 562 1055 διὰ
604 998 801 1069 Ἰησοῦ
844 997 1105 1067 Χριστοῦ
1140 999 1179 1068 ἠ
1213 998 1364 1064 δόξα
1403 1001 1491 1067 εἰς
1529 999 1673 1066 τοὺς

68 1092 322 1159 αἰῶνας,
357 1091 540 1162 ἁμήν.
570 1090 690 1145 Κᾶν
715 1089 915 1143 τούτων
958 1088 1035 1142 ἐτι
1069 1089 1289 1144 πλείονα
1332 1090 1542 1160 λέγοιτο
1591 1092 1672 1153 εἰς

67 1184 392 1254 -δοξολογίαν
424 1183 519 1237 τοῦ
545 1182 664 1247 ἐνὸς
695 1183 789 1236 καὶ
814 1182 909 1234 ἐπὶ
937 1181 1153 1235 πάντων
1178 1182 1313 1236 Θεοῦ
1344 1184 1438 1238 καὶ
1465 1182 1671 1237 τούτων

76 1278 340 1332 ἁπάντων
369 1275 477 1348 χρὴ
509 1278 647 1331 νοεῖν
680 1274 866 1329 εἰκόνα
913 1272 1052 1330 εἶναι
1091 1275 1184 1328 τὸν
1236 1277 1499 1348 μονογενῆ
1543 1274 1671 1330 Υἰὸν

73 1370 178 1425 1ποῦ
224 1369 360 1424 Θεοῦ
391 1370 490 1440 οὐχ
521 1367 598 1433 ὡς
630 1368 826 1439 ἀψύχῳ
863 1368 985 1442 ὕλῃ,
1015 1368 1130 1423 ἀλλ’
1164 1369 1241 1432 ὡς
1272 1371 1330 1422 ὲν
1365 1366 1479 1438 Υἰῷ
1509 1366 1671 1431 ζῶντι

78 1457 550 1531 μεμορφωμένην·
582 1456 686 1511 κᾶν
720 1458 882 1522 αὐτὸς
910 1460 938 1512 ὁ
988 1456 1179 1529 Σωτὴρ
1222 1457 1384 1529 μόνον
1413 1457 1671 1528 ἀληθινὸν

77 1551 219 1605 Θεὸν
263 1551 494 1625 διδάσκῃ
536 1545 677 1605 εἶναι
723 1551 816 1604 τὸν
843 1550 1064 1623 Πατέρα
1097 1550 1295 1620 λέγων,
1332 1550 1460 1605 Ἵνα
1501 1551 1672 1621 γινώ-

75 1644 282 1699 σκωσι
326 1658 402 1699 σε
443 1645 552 1699 τὸν
606 1646 801 1714 μόνον
849 1643 1143 1714 ἀληθινὸν
1189 1643 1358 1709 Θεὸν,
1406 1644 1521 1698 ἀλλ’
1570 1646 1672 1700 οὐκ

80 1737 425 1809 ἀποκνητέον
452 1738 547 1791 καί⁵
584 1737 745 1791 αὐτὸν
790 1736 923 1790 Θεὸν
964 1735 1214 1807 ἀληθινὸν
1257 1736 1560 1808 ὁμολογεῖν,
1593 1737 1672 1801 ὡς

1774 543 1919 599 dicat
1959 542 2281 615 Apostolus,
2323 545 2584 600 deillcans
2633 543 2884 612 Patrem,
2932 544 3038 611 Qui
3079 544 3263 599 beatus
3302 556 3353 601 et

1772 639 1917 695 solus
1955 650 2136 710 potens
2170 652 2244 696 est
2269 642 2337 694 “.
2369 640 2438 696 Et
2484 655 2699 706 rursus,
2742 639 2844 706 Qui
2877 640 3022 694 solus
3052 640 3202 694 habet
3250 641 3355 695 im»

1771 731 2168 799 mortalitatem,
2199 732 2367 787 lucem
2406 732 2649 787 habitans
2698 736 3020 788 inaccessam
3043 732 3109 787 “.
3143 733 3211 788 Et
3254 735 3357 790 ite-

1774 839 1917 889 rum,
1961 823 2090 894 Regi
2119 833 2295 879 autem
2328 825 2667 890 steculorum,
2706 823 3129 893 incorruptibili,
3166 825 3353 880 invisi-

1774 914 1885 978 bili,
1929 914 2030 968 soli
2068 912 2172 967 Deo
2201 914 2266 969 "'.
2298 913 2363 968 Et
2400 916 2619 978 iterum,
2665 912 2782 969 Soli
2825 915 3053 983 sapienti
3089 913 3217 979 Deo,
3256 930 3353 984 per

1772 1004 1953 1062 Iesum
2003 1004 2272 1061 Christum
2312 1007 2382 1060 sit
2429 1006 2600 1077 gloria
2647 1007 2706 1061 in
2752 1005 2950 1061 saecula
3000 1006 3351 1073 saeculorum,

1772 1097 1937 1151 Amen
1972 1098 2037 1152 ⁸⁸.
2092 1096 2255 1152 Plura
2314 1097 2493 1152 adhuc
2544 1112 2669 1152 cum
2727 1105 2977 1167 poterant
3028 1096 3249 1166 allegari
3297 1096 3353 1151 iu

1771 1188 1951 1245 Patris
1991 1189 2332 1261 doxologiam
2357 1231 2375 1256 ,
2416 1189 2509 1260 qui
2544 1205 2682 1246 unus
2713 1198 2828 1255 est,
2873 1198 2931 1245 et
2976 1205 3139 1260 super
3169 1191 3352 1245 omnia

1774 1279 1948 1345 Deus,
1978 1296 2210 1351 quorum
2254 1284 2497 1337 omnium
2541 1295 2694 1336 mens
2734 1289 2852 1347 est,
2894 1289 2953 1334 ut
2988 1280 3353 1351 intelligamus

1770 1370 1968 1440 Filium
2021 1374 2358 1444 unigenitum
2408 1373 2500 1429 Dei
2551 1388 2675 1429 esse
2721 1372 3009 1443 imaginem
3059 1387 3165 1426 non
3206 1381 3265 1427 ut
3296 1373 3353 1429 iu

1772 1462 1994 1518 materia
2031 1462 2278 1529 inanimi,
2317 1463 2412 1518 sed
2443 1471 2500 1518 ut
2532 1464 2587 1518 in
2626 1461 2764 1518 Filio
2794 1462 2917 1517 vivo
2960 1462 3350 1527 assimilatam;

1771 1555 1901 1626 quin
1943 1563 1998 1610 et
2037 1554 2153 1624 ipse
2184 1553 2443 1611 Servator
2480 1570 2602 1611 cum
2634 1556 2803 1611 Deum
2844 1570 3009 1609 unum
3050 1554 3223 1610 solum
3264 1568 3357 1609 ve-

1772 1658 1890 1699 rum
1922 1657 2043 1700 esse
2077 1645 2289 1710 doceat,
2336 1644 2609 1714 inquiens,
2648 1641 2718 1697 Ut
2761 1653 3071 1711 cognoscant
3107 1654 3156 1697 te
3192 1658 3354 1697 unum

1771 1736 1939 1791 solum
1965 1753 2143 1792 verum
2178 1740 2345 1792 Deum
2368 1736 2413 1768 ⁶⁹
2438 1755 2454 1805 ;
2489 1736 2586 1793 sed
2614 1751 2720 1792 non
2753 1746 2932 1792 tamen
2959 1750 3268 1807 gravemur,
3298 1744 3356 1791 et

79 1830 142 1883 ἐν
174 1802 365 1896 εἰκόνι,
409 1829 507 1883 καὶ
550 1828 707 1882 τοῦτο
750 1802 1109 1900 κεκτημένον*
1156 1828 1243 1882 ἵνα
1364 1802 1460 1882 τοῦ
1507 1828 1671 1899 μόνου

1777 1845 1957 1885 verum
1989 1829 2154 1884 Deum
2182 1802 2455 1894 conﬁteri,
2484 1838 2541 1884 et
2568 1827 2766 1884 Filium
2810 1802 2985 1881 veluti
3019 1826 3071 1880 in
3118 1826 3356 1896 imagine

80 1921 372 1994 προσθήκη
405 1921 552 1992 μόνῳ
582 1920 660 1992 τῷ
684 1921 880 1993 Πατρὶ,
907 1920 983 1984 ὡς
1011 1920 1078 1975 ἂν
1109 1918 1222 1991 (31)
1254 1919 1546 1991 ἀρχετύπῳ
1574 1921 1673 1992 τῆς

79 2012 313 2078 εἰκόνος,
360 2011 594 2083 ἀρμόζῃ.
635 2011 959 2081 Σαφέστατα
991 2010 1123 2079 γοῦν
1151 2009 1338 2063 εἰκόνα
1376 2011 1471 2064 καί
1496 2011 1674 2064 ἀπαύ-

78 2120 276 2175 γασμα
300 2102 394 2157 τοῦ
418 2103 630 2173 Πατρὸς
654 2103 714 2156 ὲν
742 2104 925 2174 μορφῇ
948 2118 1010 2155 τε
1039 2100 1134 2156 τοῦ
1161 2099 1298 2155 Θεοῦ
1331 2096 1477 2155 εἶναι
1508 2103 1673 2157 αὐτὸν

80 2198 113 2248 6
157 2194 441 2258 Θεσπέσιος
476 2192 682 2257 ἐδίδαξε
715 2193 949 2260 Παῦλος,
988 2192 1065 2257 ὡς
1093 2192 1182 2248 διὰ
1224 2192 1334 2247 τῶν
1363 2192 1674 2264 ἔμπροσθεν

81 2283 460 2336 ἀποδέδεικται
494 2298 506 2311 ·
580 2280 771 2355 ὥσπερ
832 2276 927 2335 οὖν
1003 2281 1125 2346 ἐνὸς
1186 2280 1499 2352 ὑφεστῶτος
1561 2283 1676 2336 lla-

81 2372 235 2445 τρὸς,
285 2373 376 2427 καὶ
436 2372 560 2438 ἑνὸς
624 2371 753 2425 Υἰοῦ
812 2370 1009 2442 φύντος
1042 2374 1109 2426 ὲκ
1158 2371 1252 2426 τοῦ
1300 2372 1512 2444 Πατρὸς
1574 2373 1675 2427 οὐκ

81 2466 152 2519 ἄν
199 2482 284 2529 τις
323 2462 599 2537 εὐφρονῶν
642 2463 787 2517 εῐποι
816 2464 911 2518 δύο
951 2464 1196 2537 πατέρας
1238 2464 1525 2537 ὑπάρχειν,
1552 2466 1674 2520 οὐδὲ

74 2544 239 2620 ³υἰοὺς
279 2556 393 2612 δύο.
438 2557 549 2610 Καὶ
594 2555 785 2628 ὥσπερ
844 2556 1111 2628 βασιλέως
1159 2557 1491 2628 κρατοῦντος
1534 2558 1672 2626 ἐνὸς,

81 2646 297 2711 εἰκόνος
327 2647 385 2701 δὲ
412 2648 577 2703 αὑτοῦ
627 2647 907 2719 πανταχοῦ
940 2649 1045 2720 γῆς
1090 2649 1507 2721 προφερομένης
1537 2650 1674 2721 (52),

81 2739 190 2790 οὐκ
239 2738 303 2793 άν
347 2756 433 2803 τις
478 2738 770 2811 σωφρονῶν
818 2739 911 2793 δύο
955 2741 1097 2793 εἴποι
1143 2740 1271 2804 τοὺς
1318 2739 1673 2811 κρατοῦντας,

82 2829 205 2882 ἀλλ’
232 2829 327 2884 ἕνα
354 2830 444 2883 τὸν
469 2830 670 2883 ita.me
690 2832 791 2901 τῆς
821 2830 1029 2895 εἰκόνος
1055 2830 1384 2902 τιμώμενον·
1411 2831 1552 2885 κατὰ
1584 2830 1676 2886 τὸν

85 2921 257 2975 αὑτὸν
270 2921 490 2994 τρόπον,
504 2922 579 2986 ὠς
595 2922 690 2976 καὶ
709 2922 969 2986 πολλάκις
994 2925 1027 2994 ή
1036 2924 1126 2993 μῖν
1142 2921 1377 2994 εἴρηται,
1395 2923 1490 2976 καὶ
1506 2925 1539 2994 ἡ
1555 2922 1678 2976 Ἐκ·-

85 3012 291 3083 κλησία
324 3012 417 3066 τοῦ
461 3012 596 3066 Θεοῦ
630 3013 727 3068 ἕνα
760 3012 1153 3085 παραλαϐοῦσα
1191 3013 1324 3067 Θεὸν
1371 3012 1550 3069 σέϐειν
1584 3013 1676 3067 τὸν

1775 1921 2149 1989 resultantem,
2199 1932 2262 1976 ut
2325 1920 2531 1976 additio
2578 1919 2671 1975 illa
2718 1918 2888 1986 solus,
2931 1918 3032 1974 soli
3071 1916 3219 1972 Patri
3256 1918 3355 1971 ad-

1774 2019 2006 2081 aptetur,
2027 2019 2214 2080 utpote
2227 2010 2317 2079 qui
2344 2007 2597 2080 imaginis
2621 2007 2693 2063 sit
2712 2007 3067 2077 archetypon.
3086 2003 3353 2072 Quocirca

1773 2102 2074 2157 clarissime
2099 2102 2335 2157 ostendit
2366 2101 2583 2155 divinus
2613 2098 2836 2165 Paulus,
2866 2098 3040 2169 ipsum
3068 2110 3188 2152 esse
3216 2096 3356 2150 ima-

1772 2196 1950 2266 ginem
1989 2192 2313 2259 eﬂluentem,
2362 2193 2536 2249 lucem
2580 2192 2792 2258 Patris,
2836 2200 2892 2247 et
2936 2192 2988 2245 in
3029 2189 3202 2245 forma
3257 2188 3353 2244 Dti

1772 2286 2081 2354 exstitisse;
2115 2286 2257 2357 quod
2295 2285 2351 2340 in
2381 2284 2751 2356 superioribus
2778 2282 3016 2353 positum
3061 2290 3146 2337 est
3184 2295 3211 2334 a
3254 2295 3357 2335 no-

1773 2380 1858 2435 bis
1896 2397 1913 2436 :
1955 2379 2125 2435 veluti
2168 2378 2336 2448 igitur
2378 2393 2503 2435 cum
2554 2390 2694 2432 unus
2764 2375 3028 2433 subsistat
3072 2372 3255 2441 Pater,
3299 2380 3355 2427 et

1773 2492 1914 2532 unus
1940 2477 2006 2531 de
2034 2474 2195 2530 Patre
2223 2473 2293 2529 sit
2320 2482 2474 2527 ortus
2498 2470 2693 2536 Filius,
2730 2482 2890 2524 nemo
2935 2467 3178 2539 prudens
3206 2463 3354 2519 amr-

1774 2568 2003 2624 maverit
2030 2565 2165 2621 duos
2199 2572 2405 2635 patres,
2443 2570 2539 2617 aut
2578 2561 2719 2617 ﬁlios
2760 2560 2927 2627 duos;
2953 2567 3009 2614 et
3047 2557 3212 2613 veluti
3260 2554 3355 2612 ubi

1775 2672 1873 2717 rex
1898 2673 2035 2714 unus
2069 2666 2155 2713 est
2189 2671 2312 2712 cum
2343 2654 2590 2725 imperio,
2619 2653 2778 2723 cujus
2816 2653 2991 2721 imago
3022 2651 3219 2720 ubique
3246 2657 3358 2703 ter-

1774 2768 1961 2809 rarum
2003 2751 2298 2815 deferatur,
2344 2761 2503 2803 nemo
2543 2746 2783 2817 prudens
2812 2744 2948 2799 duos
2994 2740 3192 2797 dixerit
3234 2753 3358 2796 esse

1777 2859 1969 2916 reges:
1999 2842 2093 2899 sed
2123 2856 2289 2897 unum
2332 2839 2423 2908 qui
2463 2852 2561 2909 per
2590 2846 2645 2893 et
2688 2836 2740 2890 iu
2773 2834 3011 2905 imagine
3048 2848 3145 2888 sua
3184 2831 3357 2887 hono-

1776 2948 1947 2992 ratur.
1974 2933 2179 2990 Eodem
2210 2933 2370 2986 modo
2398 2940 2456 2984 ut
2492 2930 2607 3000 jam
2650 2926 2858 2999 pluries
2889 2926 3093 2981 dictum
3122 2933 3225 2988 est,
3256 2923 3359 2977 Ec-

1777 3026 1940 3083 clesia
1963 3025 2081 3091 Dei,
2106 3039 2227 3093 quae
2254 3021 2465 3092 accepit
2498 3020 2656 3075 unius
2672 3023 2732 3083 ᾖ(
2748 3017 3086 3085 Deicultum,
3109 3014 3355 3071 eumdem

86 3106 276 3171 αὐτὸν,
312 3105 407 3160 καὶ
442 3105 530 3160 διὰ
561 3105 656 3159 τοῦ
690 3104 842 3171 Υἰοῦ,
899 3105 975 3170 ὡς
1030 3104 1120 3159 διὰ
1163 3103 1305 3178 [τοῦ]
1336 3106 1444 3175 (55)
1468 3105 1674 3168 εἰκόνος

1778 3118 1946 3173 Deum
1990 3132 2089 3188 per
2119 3114 2316 3171 Filium
2362 3113 2650 3184 imaginem
2690 3125 2845 3167 suam
2885 3108 3094 3165 scilicet
3128 3106 3358 3163 adorare

90 3197 245 3267 μένει
276 3196 679 3268 προσκυνοῦσα.
716 3199 784 3250 Ἀ
810 3196 875 3269 δὴ
902 3196 996 3251 καὶ
1022 3197 1098 3269 μὴ
1125 3197 1304 3261 συνεὶς
1331 3195 1669 3269 Μάρκελλος,

85 3290 191 3363 τὴν
236 3290 420 3343 εἰκόνα
460 3288 554 3343 τοῦ
594 3287 730 3341 Θεοῦ
778 3288 874 3343 τοῦ
902 3289 1133 3360 ἀοράτου
1166 3287 1264 3361 τὴν
1303 3286 1504 3357 σάρκα
1534 3284 1673 3343 εἶναι

86 3382 188 3437 τοῦ
234 3382 485 3454 Σωτῆρος
525 3382 864 3454 ἀπεφήνατο,
897 3383 964 3453 ἢν
1006 3384 1035 3436 ὁ
1085 3381 1407 3446 Ἀπόστολος
1430 3380 1675 3452 μορφὴν

90 3474 252 3548 [τοῦ]
299 3474 524 3529 δούλου
579 3475 867 3545 κέκληκεν·
921 3475 982 3527 οὐ
1027 3474 1403 3546 λογισάμενος,
1447 3474 1530 3527 ὅτι
1580 3471 1677 3526 καὶ

90 3568 296 3631 πάντες
320 3566 615 3640 ἄνθρωποι,
647 3567 786 3621 κατὰ
807 3566 903 3638 τὴν
927 3566 1126 3638 σάρκα,
1149 3565 1242 3619 τοῦ
1270 3565 1523 3635 Σωτῆρος
1548 3578 1679 3631 τυγ-

90 3660 318 3731 χάνουσι
346 3658 788 3730 μεμορφωμένοι.
823 3658 936 3712 Καὶ
969 3657 1032 3709 τὸ
1067 3657 1164 3728 μὲν
1196 3656 1356 3727 σῶμα
1397 3655 1426 3709 ὃ
1462 3653 1676 3725 ἀνείλη-

93 3766 196 3819 φεν
226 3750 254 3802 6
278 3748 489 3820 Σωτὴρ,
519 3748 620 3819 τῆς
650 3749 945 3819 ἁγεννήτου
968 3746 1064 3800 καί⁸
1095 3747 1336 3819 ἀρρήτου
1363 3746 1457 3799 καὶ
1484 3761 1679 3816 πατρι·

93 3841 200 3912 κῆς
233 3839 482 3910 θεότητος
516 3839 699 3895 εἰκόνα
731 3837 870 3893 εἶναι
902 3838 1313 3911 δι’ἰσχυρίζεταν
1348 3838 1441 3891 τὸν
1467 3837 1523 3890 δὲ
1550 3836 1677 3890 Υἰὸν

91 3934 191 3988 τοῦ
249 3933 382 3987 Θεοῦ
424 3933 514 3987 τὸν
564 3933 847 4004 μονογενῆ,
899 3931 965 3985 δι’
1010 3925 1071 3985 οὗ
1113 3929 1184 3984 τὰ
1228 3930 1409 3986 πάντα
1445 3928 1676 4000 συνέστη

95 4027 338 4097 (Harsa
366 4023 477 4095 γὰρ
514 4025 589 4077 δι’
628 4023 815 4079 αὐτοῦ
847 4021 1106 4092 ἐγένετο,
1138 4021 1237 4075 καὶ
1277 4021 1460 4092 χωρὶς
1492 4020 1679 4076 αὐτοῦ

90 4117 327 4189 ἐγένετο
357 4116 500 4172 οὺδέ
522 4116 628 4187 ἓν),
653 4118 896 4188 ἀρνεῖται
922 4110 1059 4168 εἶναι
1082 4114 1266 4168 εἰκόνα
1294 4114 1389 4168 τοῦ
1415 4112 1550 4168 Θεοῦ
1584 4114 1681 4169 αὐ-

91 4194 217 4275 Σταῖς
252 4208 541 4274 συλλαϐαῖς
577 4208 772 4277 λέγων,
822 4226 841 4262 ι
890 4206 1101 4262 Οὐκοῦν
1134 4206 1420 4279 πρόδηλον,
1461 4207 1544 4260 ὅτι
1575 4206 1682 4279 πρὸ

99 4323 120 4357 ι
160 4304 263 4375 τῆς
307 4302 401 4356 τοῦ
452 4301 719 4373 ἡμετέρου
767 4300 1017 4372 σώματος
1062 4300 1407 4371 ἀναλήψεως,
1455 4300 1484 4353 ὁ
1506 4299 1683 4369 Λόγος

98 4416 121 4451 ι
162 4395 291 4452 καθ’
344 4394 533 4449 ἑαυτὸν
583 4395 682 4447 οὐκ
728 4389 796 4465 ἦν
842 4392 1004 4447 εἰκὼν
1040 4392 1133 4446 τοῦ
1174 4392 1404 4463 ἀοράτου
1447 4390 1604 4446 Θεοῦ.
1656 4408 1676 4443 ι

1775 3215 2103 3281 perseverat.
2147 3203 2301 3273 Quod
2329 3217 2454 3258 cum
2497 3198 2781 3256 Marcellus
2812 3199 3117 3268 ignoraret,
3161 3194 3354 3264 imagi-

1775 3314 1901 3355 nem
1935 3297 2081 3354 illam
2113 3294 2204 3351 Dei
2238 3293 2524 3349 lnvisibilis
2551 3292 2686 3347 dixit
2729 3304 2853 3346 esse
2892 3302 3106 3343 carnem
3148 3283 3351 3341 Serva-

1778 3391 1931 3456 toris,
1958 3404 2120 3459 quam
2152 3385 2442 3458 Apostolus
2480 3384 2614 3439 servi
2662 3383 2892 3453 formam
2914 3380 2958 3410 ⁷ο
3007 3377 3350 3432 nominavit:

1776 3482 2001 3537 minime
2035 3477 2346 3547 recogitans
2390 3475 2534 3546 quod
2572 3471 2868 3528 secundum
2902 3482 3121 3524 carnem
3161 3469 3360 3522 Serva-

1779 3572 1911 3628 toris
1935 3570 2182 3625 homines
2207 3565 2405 3637 singuli
2442 3564 2733 3634 imaginem
2766 3560 3191 3628 circumgestent
3217 3556 3355 3626 ejus.

1777 3664 1983 3733 Corpus
2028 3662 2209 3730 itaque
2260 3659 2402 3729 quod
2452 3654 2744 3724 assumpsit
2787 3652 3064 3715 Servator,
3116 3646 3208 3703 ille
3237 3662 3360 3704 esse

1779 3756 2064 3828 ingenitae,
2112 3750 2437 3817 ineﬂ‘abilis,
2486 3756 2726 3820 paternae
2791 3743 3015 3801 deitatis
3065 3740 3358 3811 imaginem

1778 3855 2054 3904 asseverat
2094 3862 2109 3900 :
2155 3843 2352 3899 Filium
2397 3852 2581 3897 autem
2630 3838 3003 3909 unigenitum,
3050 3848 3148 3904 per
3197 3847 3359 3903 quem

1780 3938 1960 3995 omnia
1990 3937 2311 4000 subsistunt,
2340 3932 2481 3988 Nam
2506 3932 2685 3987 omnia
2710 3945 2805 4000 per
2832 3927 2981 3982 illum
3013 3924 3158 3996 facta
3187 3931 3311 3978 sunt
3337 3960 3357 3988 ,

1779 4040 1827 4084 et
1853 4029 1963 4085 sine
1989 4028 2081 4083 illo
2114 4029 2315 4096 [actum
2342 4031 2419 4079 est
2451 4020 2584 4077 nihil
2608 4021 2652 4052 τι
2675 4058 2692 4087 ,
2725 4024 2888 4090 negat
2916 4015 3207 4086 imaginem
3237 4027 3360 4070 esse

1780 4121 1915 4188 Dei,
1961 4120 2182 4177 totidem
2238 4118 2419 4173 verbis
2475 4114 2761 4172 scribens:
2802 4130 2821 4164 ι
2851 4110 3115 4179 Quocirca
3171 4116 3358 4177 patet,

1787 4234 1807 4269 ι
1852 4215 1993 4284 quod
2039 4221 2166 4268 ante
2206 4220 2543 4281 assumptum
2573 4222 2769 4276 corpus
2802 4214 3080 4267 nostrum,
3122 4200 3360 4255 Verbum

1789 4325 1809 4360 ι
1854 4321 1950 4377 per
1985 4320 2046 4361 se
2087 4319 2194 4360 non
2244 4312 2364 4357 erat
2412 4302 2589 4372 imago
2636 4298 2882 4355 Patris.»
2942 4293 3151 4351 Videsis
3194 4306 3359 4361 quam

1781 4406 2057 4473 pervertat
2130 4394 2536 4465 interpretando
2591 4389 2836 4461 Apostoli
2912 4396 3185 4449 mentem,
3232 4398 3357 4439 cum

106 4490 276 4561 Ὁρᾷς
309 4488 409 4560 ὅσῃ
440 4487 736 4557 διαστροφῇ
767 4484 1029 4557 κέχρηται
1057 4485 1155 4556 τῆς
1183 4483 1543 4557 ἀποστολικῆς
1586 4485 1674 4559 ὲρ-

1787 4492 2023 4548 Joannes
2049 4487 2376 4559 evangelista
2402 4484 2717 4557 mysterium
2748 4479 2899 4545 illud,
2928 4477 3069 4548 quod
3102 4473 3271 4568 bioysi
3304 4481 3363 4529 et

88 4580 353 4653 ’μηνείας.
376 4579 532 4634 Οὕτω
549 4579 607 4633 δὲ
628 4578 719 4631 τοῦ
740 4576 1124 4647 εὐαγγελιστοῦ
1165 4577 1435 4642 Ἰωάννου,
1455 4577 1517 4631 τὸ
1537 4578 1674 4651 παρὰ

1782 4582 2060 4655 prophetis
2088 4576 2391 4636 abstrusius
2418 4584 2538 4631 erat
2557 4613 2576 4642 ,
2604 4572 2882 4643 cognitum
2918 4565 3268 4621 annuutiaret
3301 4572 3359 4617 et

96 4677 296 4731 Μωσεῖ
350 4674 445 4728 καὶ
495 4676 610 4737 τοῖς
660 4673 866 4736 λοιποῖς
924 4673 1232 4744 προφήταις
1289 4672 1687 4744 κεκρυμμένως

97 4765 447 4839 ἐγνωσμένον
482 4766 797 4837 μυστήριον,
841 4764 1325 4835 εὐαγγελιζομένου
1358 4765 1453 4818 καὶ
1484 4766 1687 4819 ἀνακα-

90 4844 418 4923 λύπτοντος,
450 4856 660 4930 μεγάλῃ
682 4874 741 4909 τε
773 4856 884 4928 (54)
921 4857 1285 4930 κηρύττοντος
1326 4854 1421 4926 βοῇ
1462 4856 1542 4908 τό·
1583 4856 1686 4909 Ἐν

99 4952 265 5026 ἀρχῇ
282 4948 361 5023 ἦν
398 4956 431 5006 o'
457 4952 666 5021 Λόγος,
691 4950 789 5005 καί
813 4953 845 5004 ὁ
865 4952 1055 5019 Λόγος
1083 4944 1162 5019 ἦν
1197 4948 1347 5017 πρὸς
1373 4947 1481 5001 τὸν
1514 4947 1681 5015 Θεὸν,

100 5047 203 5101 καί
226 5043 373 5110 Θεὸς
390 5040 467 5113 ἦν
487 5047 520 5097 ὁ
536 5044 745 5113 Λόγος·
777 5040 975 5094 πάντα
993 5040 1067 5094 δι’
1086 5040 1272 5095 αὑτοῦ
1292 5039 1528 5111 ἐγένετο
1546 5040 1682 5112 [(⁵55)

99 5138 204 5193 καί
226 5137 408 5207 χωρὶς
436 5136 620 5191 αὐτοῦ
642 5133 879 5204 ἐγένετο
904 5132 1047 5186 οὐδὲ
1072 5130 1187 5204 ἐν],
1219 5133 1311 5187 καὶ
1339 5131 1688 5204 μαρτυρομέ-

98 5250 222 5297 νου,
252 5230 337 5285 ὅτι
361 5225 429 5301 ἦν
457 5229 517 5282 τὸ
548 5228 661 5299 φῶς
692 5226 923 5297 φωτίζον
951 5224 1125 5279 πάντά.
1148 5224 1433 5297 ἄνθρωπον
1460 5223 1688 5296 ἐρχόμε-

175 5441 240 5499 νῈ
276 5434 375 5489 Ed.
407 5431 608 5496 Paris.,
638 5445 760 5502 pag.
793 5429 918 5502 [42.
941 5499 980 5502 __
1008 5428 1051 5502 ξ’
1090 5426 1107 5481 l
1141 5426 1489 5502 Tim.v1,_A15_.

1602 5424 1649 5457 ⁸⁸
1687 5423 1815 5479 ibid.
1845 5422 1933 5479 16.
2009 5422 2051 5454 ⁸⁷
2082 5421 2102 5476 l
2132 5420 2272 5474 Tim.
2301 5433 2342 5487 ι,
2364 5418 2451 5474 17.
2528 5416 2574 5450 ⁸⁸
2608 5415 2901 5480 Rom.xv1,
2926 5411 3018 5467 27.

1781 4673 1999 4731 ell‘erret
2026 4685 2218 4740 magna
2250 4667 2593 4738 praedicantis
2627 4678 2760 4718 voce
2795 4678 2809 4716 :
2844 4659 2911 4714 In
2942 4658 3203 4729 principio
3247 4663 3360 4709 erat

1793 4764 2040 4829 Verbum,
2070 4774 2116 4816 et
2158 4760 2381 4815 Verbum
2422 4764 2535 4811 erat
2575 4752 2715 4825 apud
2764 4751 2952 4815 Deum,
2983 4759 3030 4803 et
3067 4748 3204 4801 Deus
3244 4754 3359 4799 erat

1791 4857 2017 4914 Verbum
2044 4871 2063 4912 :
2095 4856 2273 4909 omnia
2314 4867 2407 4922 per
2442 4852 2614 4920 ipsum
2648 4847 2793 4918 facta
2832 4852 2985 4907 sunt,
3017 4852 3064 4895 et
3106 4841 3215 4893 sine
3247 4839 3360 4906 ipso

1790 4949 1992 5017 factum
2021 4955 2097 5002 est
2131 4943 2264 4999 nihil
2282 4944 2358 5010 ·⁷²,
2389 4953 2619 5009 cumque
2643 4943 2871 4993 testetur
2902 4948 3024 4990 eum
3056 4932 3231 4986 lucem
3261 4944 3362 4983 ex-

1790 5040 1997 5096 stitisse
2041 5037 2433 5093 illuminantem
2472 5044 2692 5088 omnem
2738 5027 3009 5083 hominem
3054 5024 3359 5077 venientem

1792 5130 1846 5185 in
1882 5130 2025 5184 hunc
2055 5126 2356 5181 mundum:
2400 5121 2468 5176 In
2508 5119 2704 5174 mundo
2744 5125 2891 5182 erat,
2922 5124 2967 5170 et
2998 5112 3227 5167 rotundus
3268 5125 3364 5179 per

1791 5221 1960 5291 ipsum
2005 5220 2177 5289 factus
2216 5225 2324 5283 est,
2367 5225 2415 5271 et
2450 5211 2674 5267 mundus
2718 5224 2836 5264 eum
2879 5222 2982 5261 non
3027 5203 3263 5277 cognovit
3293 5202 3360 5260 ⁷³.

3119 5410 3164 5444 ⁸³
3199 5408 3367 5468 Joan.

94 5491 337 5572 ivit-,5.
414 5491 867 5573 "Philippi'ufl.
938 5497 1203 5564 "10am,
1234 5498 1288 5552 ’5.
1364 5494 1671 5562 "Joan.t,

1782 5496 1837 5549 5.
1911 5492 1959 5524 ⁷³
1998 5493 2128 5548 ibid.
2157 5491 2247 5547 10.

182 5680 300 5817 ἱὸι)
334 5677 505 5748 Vulgo
531 5678 681 5733 deest
709 5677 792 5733 ἄν.

215 5751 305 5817 32)
334 5747 444 5817 Mp.
475 5764 731 5817 περιφερ.

215 5751 305 5820 52)
334 5747 458 5820 Mog
475 5764 731 5820 περιφερ-

193 5755 282 5817 [52
334 5755 444 5816 Mp.
475 5764 601 5817 περι
648 5765 731 5820 ερ.

193 5755 307 5892 (33;
339 5816 446 5872 Τοῦ
476 5833 589 5911 om.
607 5764 706 5875 ilic
734 5824 786 5875 et
809 5831 933 5875 mox
961 5815 1140 5881 codd.;
1166 5828 1291 5870 mox
1319 5811 1479 5886 vulgo
1510 5809 1545 5867 ἃ
1565 5811 1645 5867 δέ.

1862 5673 1976 5742 (54)
2004 5671 2174 5742 Vulgo
2209 5670 2419 5742 μεγάλῃ
2444 5672 2533 5742 τῇ.

1859 5730 1973 5815 (35)
2009 5730 2137 5801 om?
2163 5730 2321 5832 οόιιᾴ.
2348 5730 2466 5799 tib:
2483 5730 2658 5797 "vulso
2684 5736 2800 5809 φῶς
2822 5730 2891 5809 ἦν
2923 5733 3003 5790 τι.

2484 5900 2541 5913 ᾧ
