3828 6222
460 243 568 298 θϐἳ

1128 240 1402 300 EUSEBII
1441 235 1918 296 CIESARIENSIS
1955 235 2106 295 OPP.
2148 237 2326 294 PARS
2363 237 2452 294 IV.
2491 268 2560 278 —
2597 235 3020 295 DOGMATILA.

3601 238 3696 294 966

459 363 664 429 Quibus
683 361 905 415 vocibus
927 358 1232 416 clarissime
1254 358 1524 430 signiﬁcat
1544 355 1884 421 ﬁlialitatem,
1903 368 2026 410 cum

2150 369 2292 406 ιενον
2320 355 2401 417 εἰς
2427 351 2518 406 τὸν
2548 351 2771 422 κόσμον⁹
2821 352 2924 406 Ἔν
2949 350 3032 417 τῷ
3051 351 3266 421 ικόσμφ
3290 346 3390 423 ἦν,
3417 350 3518 405 καί
3544 353 3576 406 ὁ
3609 355 3700 406 κό-

458 455 526 508 de
554 452 714 508 Patre
763 452 948 508 dicat:
991 451 1158 506 Deum
1197 466 1354 505 nemo
1401 449 1527 504 vidit
1574 463 1807 517 unquam
1831 446 1920 500 ἠε
1958 446 2026 499 de

2150 458 2287 515 γμος
2323 443 2398 498 δι’
2428 443 2616 497 αὑτοῦ
2640 442 2897 512 ἐγένετο,
2925 442 3027 496 καὶ
3053 445 3086 498 ὁ
3117 444 3348 512 κόσμος
3384 441 3574 497 αὐτὸν
3600 446 3702 497 οὐκ

455 544 620 600 Filio:
658 544 974 614 Unigenitus
1003 541 1178 598 Filius
1212 541 1302 612 qui
1333 549 1451 596 erat
1491 540 1544 594 in
1575 539 1698 595 sinu
1742 537 1940 602 Patris,
1982 536 2028 590 is

2150 535 2304 605 ξγνω,
2333 536 2430 605 τήν
2454 551 2514 587 τε
2545 533 2766 602 υἱότητα
2787 533 2970 602 σαφῶς
2996 534 3369 604 παριστῶντος
3397 535 3456 587 ὲν
3483 533 3561 604 τῷ
3587 533 3705 602 περὶ

457 654 579 692 eum
612 637 894 695 revelavit.

2136 626 2236 696 μὲν
2255 624 2346 678 τοῦ
2368 624 2578 694 Πατρὸς
2594 622 2790 691 λέγειν·
2815 624 2962 676 Θεὸν
2982 622 3184 690 οὐδεὶς
3203 622 3424 692 ἑώρακε
3456 623 3704 686 πώποτε,

457 728 588 803 περὶ
618 731 676 785 δὲ
703 729 799 785 τοῦ
822 730 976 784 Υἱοῦ⁸
1021 731 1079 785 '0
1111 726 1402 801 μονογενὴς
1427 728 1557 793 Υἱὸς
1583 730 1612 782 6
1638 727 1713 782 ὢν
1734 729 1814 791 εὶς
1837 725 1930 781 τὸν
1959 723 2159 778 κόλπον
2192 717 2288 773 τοῦ
2322 716 2558 788 Πατρὸς,
2588 717 2793 778 ἐκεῖνος
2826 712 3150 786 ἐξηγήσατο.

1047 825 1199 881 CAP.
1234 825 1424 881 XXIV.

455 939 611 1006 Quod
649 939 936 995 Marcellus
964 939 1290 1009 unigenitum
1324 936 1528 992 Filium
1573 937 1826 996 Verbum.
1859 939 2029 994 verbis

598 1012 599 1015 “
677 1009 778 1064 Dei
819 1010 1137 1080 agendorum
1166 1010 1492 1064 instructivis
1525 1009 1804 1063 assimitet.

523 1141 884 1196 Admirandus
930 1141 1030 1197 iste
1076 1142 1364 1196 verborum
1387 1137 1596 1196 Christi
1641 1141 1852 1206 doctor,
1887 1155 2028 1212 prae-

454 1243 610 1303 cepta
660 1231 754 1287 Dei
800 1241 855 1287 et
906 1232 1233 1302 agendorum
1287 1231 1802 1287 commonefactoria
1844 1234 2028 1298 verba,

452 1326 814 1394 undecunque
849 1325 917 1378 de
957 1323 1256 1392 Scripturis
1295 1322 1552 1394 colligens
1584 1323 1908 1392 ejuscemodi
1941 1326 2031 1379 de-

2763 813 2920 866 ΚΕΦ.
2954 814 3078 867 KA’.

2133 906 2334 971 Ὅπως
2361 902 2716 972 Μάρκελλος
2741 901 2867 967 τοῖς
2887 904 3091 970 λόγοις
3114 901 3223 972 τοῦ
3251 897 3420 966 Θεοῦ,
3446 898 3576 970 τοῖς
3595 903 3710 958 τῶν

2201 973 2512 1099 Ξτρακτήων
2543 973 3038 1042 παραγγελτικοῖς
3062 971 3172 1025 τὸν
3521 975 3711 1044 Λόγον

2247 1061 2409 1099 φωιιο
2437 1061 2527 1098 ου.

2244 1061 2527 1114 φωμοιου.

2203 1136 2314 1207 (56)
2357 1133 2424 1188 ’Ὁ
2453 1134 2762 1206 Θαυμαστὸς
2785 1126 2940 1198 οὗτος
2964 1133 3074 1188 τῶν
3103 1132 3338 1206 Χριστοῦ
3364 1134 3539 1204 λόγων
3567 1135 3712 1189 διδά-

2134 1227 2356 1292 σκαλος,
2381 1226 2482 1290 τὰς
2518 1225 2738 1288 ἐντολὰς
2775 1225 2868 1279 τοῦ
2895 1224 3050 1289 Θεοῦ,
3076 1226 3171 1278 καὶ
3198 1226 3324 1289 τοὺς
3350 1226 3715 1297 παραγγελτι-

2131 1320 2265 1383 κοὺς
2303 1319 2411 1372 τῶν
2436 1317 2722 1391 πρακτέων
2745 1316 2956 1386 λόγους,
2980 1317 3088 1371 ἀπὸ
3107 1317 3207 1387 τῆς
3231 1316 3380 1379 θείας
3399 1317 3716 1386 συναγαγὼν

453 1417 680 1484 scribit,
725 1414 879 1482 Quod
925 1415 981 1469 in
1019 1416 1280 1485 principio
1328 1426 1440 1469 erat
1498 1413 1751 1470 Verbum.
1798 1416 2031 1470 Attende

2150 1411 2378 1483 Γραφῆς,
2403 1409 2643 1463 τοιοῦτόν
2666 1426 2788 1463 τινα
2814 1409 3064 1481 -όρίζεται
3095 1409 3186 1462 τὸν
3213 1409 3284 1463 ὲν
3313 1408 3474 1478 ἀρχῇ
3500 1411 3712 1478 Λόγον.

454 1514 658 1570 autem,
698 1505 970 1576 quomodo
1002 1506 1104 1561 hoc
1141 1506 1258 1560 vult
1294 1505 1565 1574 probare:
1618 1505 1808 1560 scribit
1851 1513 2029 1560 autem

457 1597 550 1670 [Β.
582 1597 718 1669 XLI]
743 1619 758 1654 :
784 1599 982 1653 Eorum
1010 1603 1068 1662 Et
1091 1598 1342 1653 doctores
1371 1612 1492 1652 eum
1513 1607 1718 1651 tantum
1745 1612 1850 1651 non
1878 1611 2034 1653 vere-

456 1697 646 1744 rentur
675 1687 1004 1743 mentionem
1047 1687 1206 1743 Verbi
1238 1687 1418 1742 lacere
1437 1728 1452 1754 ,
1483 1687 1625 1757 quod
1641 1687 1715 1740 'ad
1742 1688 1882 1742 hunc
1911 1702 2030 1742 mo-

2143 1504 2475 1558 Ἐπάκουσον
2507 1501 2584 1568 δὲ,
2616 1503 2765 1565 ὅπως
2789 1500 2964 1555 ταῦτα
2993 1501 3247 1572 συνιστᾷν
3282 1502 3566 1571 πειρᾶται,
3595 1499 3718 1554 τοῦ·

2131 1612 2224 1648 τον
2247 1593 2474 1666 γράφων
2499 1592 2590 1646 τὸν
2617 1592 2838 1664 τρόπον’
2881 1591 3003 1645 Τῶν
3030 1592 3088 1646 δὲ
3122 1593 3485 1647 διδασκόντων
3516 1595 3718 1659 αὐτοὺς

2133 1685 2324 1757 ὥσπερ
2360 1684 2695 1756 αἰδουμένων
2733 1684 2845 1756 (5'7)
2900 1686 3211 1757 μεμνῆσθαι
3264 1685 3360 1739 τοῦ
3409 1686 3607 1755 Λόγου,
3658 1687 3719 1740 6v

456 1779 584 1834 dum
607 1792 793 1834 omnes
833 1779 1027 1834 divina:
1057 1777 1351 1848 Scriptura:
1375 1778 1691 1840 praedicant.
1713 1777 1863 1833 Unus
1888 1779 2032 1833 enim

2150 1777 2278 1832 >ὒτω
2311 1781 2480 1833 πᾶσαι
2509 1779 2567 1832 αἱ
2589 1777 2730 1832 θεῖαι
2768 1778 3096 1849 κηρύττουσι
3128 1779 3375 1850 Γραφαίο
3412 1781 3442 1833 6
3473 1779 3575 1851 μὲν
3606 1781 3718 1853 γὰρ

456 1870 610 1935 dicit,
647 1869 814 1924 Verbo
840 1871 1053 1924 Domini
1092 1870 1292 1937 ﬁrmati
1318 1879 1438 1924 sunt
1467 1869 1670 1924 cali“.
1702 1870 1766 1923 Et
1815 1870 2033 1936 iterum,

2136 1870 2264 1942 περὶ
2289 1869 2455 1924 αὐτοῦ
2478 1869 2647 1938 λέγει’
2679 1868 2770 1936 Τῷ
2793 1871 2954 1939 λόγῳ
2976 1869 3195 1938 Κυρίου
3216 1874 3271 1924 οἱ
3287 1872 3529 1940 οὐρανοὶ
3552 1872 3720 1926 ἐστε-

457 1957 650 2017 Emisit
666 1961 902 2019 Verbum
925 1980 1080 2018 suum
1101 1973 1150 2018 et
1174 1965 1377 2018 sanavit
1399 1965 1555 2018 eos".
1577 1963 1644 2017 Et
1666 1962 1920 2018 Salomon
1940 1963 2034 2029 ait,

2150 1960 2479 2029 Derbﬂno'ar'
2533 1955 2691 2025 αὖθίς
2735 1977 2796 2014 τε
2843 1963 2872 2014 ό
2917 1961 3104 2025 αὐτὸς,
3145 1961 3570 2027 Ἑξαπὲστειιε
3614 1965 3719 2016 τὸν

457 2054 706 2120 Quterent
737 2070 818 2108 me
855 2054 1099 2124 improbi,
1138 2063 1185 2107 et
1217 2069 1320 2107 non
1363 2053 1621 2106 invenient
1661 2068 1679 2106 :
1707 2053 1925 2106 oderunt
1957 2064 2034 2106 et-

457 2143 949 2211 enim-sapientiam,
967 2155 1013 2198 et
1040 2142 1266 2198 Verbum
1289 2143 1499 2198 Domini
1521 2160 1622 2198 non
1644 2145 1985 2199 curaverunt"
1991 2145 2031 2200 ".

456 2236 622 2291 Isaias
653 2250 918 2306 quoque:
964 2235 1042 2289 De
1075 2234 1207 2290 Sion
1239 2227 1400 2289 exibit
1436 2236 1540 2300 lex,
1573 2245 1622 2288 et
1669 2234 1892 2289 Verbum
1939 2237 2040 2290 Do-

457 2328 589 2380 mini
633 2328 696 2381 de
723 2325 1016 2382 Jerusalem
1039 2327 1107 2384 ⁷⁸.
1154 2326 1221 2381 Et
1260 2325 1546 2392 Jeremias,
1600 2324 1880 2397 Pudefacti
1915 2335 2034 2380 sunt

457 2421 738 2487 sapientes,
773 2427 822 2472 et
884 2418 1155 2488 terrefacti
1212 2429 1359 2482 sunt,
1409 2428 1459 2473 et
1496 2419 1658 2473 locuti
1711 2427 1850 2482 sunt,
1899 2419 2035 2488 quod

471 2505 692 2564 Verbum
723 2509 934 2564 Domini
958 2509 1253 2578 rejecerunt
1275 2511 1343 2562 “'9.
1383 2510 1450 2563 Et
1471 2508 1656 2574 Oseas,
1715 2508 1952 2566 Oderunt
1981 2511 2035 2562 in

456 2602 624 2670 portis
673 2602 1053 2671 increpantem,
1107 2611 1154 2655 et
1206 2603 1415 2656 verbum
1465 2612 1702 2655 sanctum
1745 2599 2035 2655 abominati

457 2703 578 2745 sunt
601 2692 671 2748 ⁸⁸.
707 2691 966 2748 Μῑοιιωοε
989 2693 1240 2748 similiter
1261 2692 1423 2749 Verbi
1465 2693 1732 2761 meminit,
1763 2701 1824 2747 ut
1846 2692 2032 2759 Isaias,

459 2783 538 2838 De
563 2781 716 2852 Sion,
757 2784 1034 2853 inquiens,
1079 2787 1238 2839 exibit
1271 2787 1376 2848 lex,
1407 2795 1457 2840 et
1482 2784 1709 2840 Verbum
1742 2787 1951 2840 Domini
1973 2789 2036 2840 de

457 2871 778 2929 Jerusalem.
811 2875 946 2930 Haec
971 2885 1254 2946 postquam
1284 2886 1341 2932 et
1391 2878 1476 2932 his
1517 2877 1712 2931 similia
1742 2892 2036 2942 coacerva-g

457 2971 634 3029 verat,
670 2964 1044 3020 conﬁrmatam
1067 2981 1219 3020 suam
1251 2976 1401 3021 retur
1436 2966 1504 3020 ab
1529 2967 1650 3022 istis
1681 2968 2031 3022 sententiam.

2135 2054 2328 2123 Λόγον
2356 2053 2567 2119 αὐτοῦ,
2593 2054 2692 2108 καὶ
2728 2053 2938 2108 ίάοιατο
2961 2056 3205 2122 αὐτούς.
3224 2055 3474 2128 Σολομῶν
3501 2055 3577 2120 δὲ,
3603 2059 3718 2123 Ζη-

2134 2143 2397 2211 τήσουσί
2412 2161 2489 2214 με
2513 2145 2708 2209 κακοὶ,
2734 2146 2831 2199 καὶ
2859 2147 2973 2216 οὐχ
2999 2146 3389 2216 εὑρήσουσιν,
3417 2148 3722 2217 ἐμίσησαν

2134 2234 2247 2303 γὰρ
2273 2235 2520 2304 σοφίαν,
2540 2232 2647 2287 τὸν
2675 2232 2744 2286 δὲ
2764 2234 2960 2303 Λόγον
2979 2235 3203 2302 Κυρίου
3241 2236 3313 2288 οὑ
3343 2234 3716 2302 προείλοντο.

2147 2324 2372 2388 Ἡσαΐας
2411 2338 2494 2377 τε’
2536 2325 2639 2379 Ἐκ
2671 2324 2824 2378 Σιὼν
2853 2325 3238 2389 ἐξελεύσεται
3265 2323 3379 2395 (58)
3410 2325 3594 2394 νόμος
3618 2326 3722 2379 καὶ

2135 2417 2326 2485 Λόγος
2342 2416 2561 2484 Κυρίου
2584 2416 2654 2481 ἐξ
2691 2415 3102 2486 Ἰερουσαλήμ
3124 2417 3217 2470 καὶ
3241 2413 3396 2481 αὖθις
3429 2417 3723 2488 Ἱερεμίαςο

2147 2507 2579 2579 ᾙονχύνθησαν
2612 2509 2817 2577 σοφοὶ,
2850 2509 3004 2580 φησὶ,
3041 2508 3140 2562 καὶ
3167 2508 3579 2577 ἐπτοήθησαν,
3623 2509 3728 2562 καὶ

2133 2601 2473 2668 ἐλάλησαν,
2510 2599 2600 2654 ὅτι
2623 2600 2733 2654 τὸν
2760 2601 2947 2670 λόγον
2983 2597 3136 2672 [τοῦ]
3191 2599 3304 2671 (59)
3336 2601 3561 2670 Κυρίου
3611 2601 3727 2655 ἀπ·-

2133 2689 2521 2759 εδοκίμασαν.
2541 2691 2652 2744 Καὶ
2693 2692 2850 2764 Ὠσηὲ
2881 2691 2993 2763 (40)
3026 2693 3082 2746 δὲ
3109 2695 3138 2747 6
3166 2695 3470 2764 προφήτης,
3493 2694 3731 2764 Ἐμίση-

2134 2793 2274 2846 σαν,
2300 2781 2426 2854 ἔφη,
2461 2783 2532 2836 ἐν
2558 2783 2774 2849 πύλαις
2803 2783 3153 2853 ἐλέγχοντα,
3188 2785 3287 2838 καὶ
3321 2786 3511 2855 λόγον
3551 2785 3736 2840 ὅσιον

2133 2870 2552 2936 ἐϐδελὺξαντο.
2586 2874 2826 2945 Μιχαίας
2846 2893 2906 2928 τε
2933 2877 3134 2946 ὁμοίως
3157 2879 3250 2930 καὶ
3278 2877 3442 2942 αὐτὸς
3470 2878 3603 2950 περὶ
3632 2878 3732 2932 τοῦ

2135 2962 2306 3033 Λόγου
2337 2964 2709 3036 μνημονεύων,
2747 2967 2847 3022 Ἐκ
2867 2967 3032 3032 Σιὼν,
3061 2969 3185 3039 ἔφη,
3211 2969 3598 3034 ἐξελεύσεται
3622 2974 3732 3026 νό-

461 3052 596 3112 Vide
625 3068 802 3112 autem
831 3057 977 3127 quod
1017 3057 1230 3112 diversa
1265 3057 1332 3112 de
1360 3056 1658 3126 Scripturis
1694 3057 1918 3113 collecta
1957 3068 2034 3112 te-

2150 3073 2268 3122 ιιος,
2316 3055 2415 3110 καὶ
2441 3058 2632 3128 Λόγος
2681 3059 2906 3128 Κυρίου
2957 3060 3026 3126 ἐξ
3085 3061 3497 3131 Ἰερουσαλήμ.
3538 3062 3734 3116 Ταῦτα

460 3142 717 3198 stimonia
747 3144 800 3199 in
825 3160 990 3200 unum
1017 3143 1248 3215 coniecit
1277 3158 1293 3198 :
1318 3145 1537 3200 missum
1570 3145 1663 3201 Dei
1689 3143 1924 3202 Verbum
1959 3162 2042 3203 sae

458 3233 737 3289 lutiferum
763 3234 892 3290 illud
914 3245 976 3292 et
1004 3235 1331 3302 curativum,
1362 3236 1694 3294 confundens
1715 3253 1837 3294 cum
1863 3240 2042 3295 admo-

462 3324 664 3379 nitorio
698 3325 1030 3394 agendorum
1069 3325 1254 3382 verbo.
1288 3324 1418 3380 Illud
1464 3329 1686 3394 etenim,
1707 3327 1953 3384 Oderunt
1983 3331 2040 3384 in

459 3417 627 3484 portis
675 3417 1050 3482 increpantem,
1101 3429 1148 3472 et
1179 3415 1412 3472 Verbum
1458 3429 1698 3471 sanctum
1756 3420 2040 3473 abominati

461 3514 582 3557 sunt
616 3521 635 3559 :
668 3506 940 3575 quodnam
972 3507 1128 3562 nobis
1176 3506 1480 3562 subindicat
1520 3505 1787 3562 Verbum?
1818 3523 2040 3578 prorsus

459 3594 594 3650 illud
624 3610 735 3665 quo
759 3596 826 3652 de
881 3597 1043 3666 justis
1081 3598 1388 3653 actionibus
1441 3605 1497 3653 et
1536 3599 1741 3653 sanctis
1797 3599 2040 3656 homines

463 3685 888 3742 commoneﬁunt
914 3705 936 3743 ':
977 3687 1220 3754 omnino,
1274 3687 1487 3759 quidvis
1527 3690 1704 3757 potius
1745 3703 1904 3758 quam
1947 3690 2038 3745 Fi-

460 3773 594 3830 lium
627 3775 721 3830 Dei
745 3775 986 3846 proﬁteri
1010 3777 1142 3844 vult,
1174 3788 1427 3848 tanquam
1452 3780 1542 3847 qui
1573 3779 1894 3836 mentionem
1923 3779 2040 3850 ejus

465 3865 646 3920 facere
676 3875 967 3922 metueret.
992 3867 1100 3924 Nos
1131 3870 1384 3925 novimus
1415 3869 1508 3925 Dei
1548 3869 1742 3925 Filium
1778 3873 2038 3941 prOpriis-

464 3957 604 4012 sime
642 3973 768 4014 esse
809 3959 1032 4026 Filium,
1065 3975 1195 4016 vere
1249 3962 1578 4032 unigenitum
1609 3962 1749 4018 Dei:
1801 3962 2038 4020 Verbum

464 4063 680 4118 quoque
707 4052 954 4107 eumdem
980 4066 1103 4108 esse
1122 4054 1288 4123 probe
1321 4055 1600 4121 novimus;
1633 4056 1729 4111 sed
1754 4071 1859 4112 non
1890 4059 2041 4113 simi-

463 4139 515 4194 )e
547 4139 786 4196 humano
844 4142 1150 4212 cuicunque
1201 4144 1386 4198 verbo.
1443 4146 1512 4198 At
1558 4145 1717 4214 quale
1744 4155 1914 4216 paret,
1968 4164 2040 4203 ae-

463 4245 630 4298 quum
677 4241 763 4286 est
814 4243 1032 4289 exstare
1081 4231 1316 4289 Verbum
1343 4233 1439 4290 Dei
1483 4234 1684 4298 vivum.
1719 4238 2038 4307 subsistens,

461 4333 719 4392 tanquam
747 4325 836 4394 qui
868 4327 938 4379 sit
963 4325 1149 4381 Filius.
1182 4325 1236 4380 is
1257 4341 1386 4382 vero
1412 4327 1642 4382 Verbum
1664 4328 2035 4397 ind-icativum,

2142 3147 2246 3220 [δὲ]
2264 3145 2377 3219 (41)
2397 3150 2493 3203 καὶ
2513 3148 2582 3203 τὰ
2598 3149 2809 3215 τούτοις
2823 3151 3026 3222 ἀδελφὰ
3044 3151 3388 3222 συναγαγὼν,
3431 3153 3733 3226 κρατύνειν

2137 3237 2227 3292 διὰ
2245 3237 2448 3294 τούτων
2463 3239 2562 3313 τὴν
2583 3242 2776 3296 ἑαυτοῦ
2795 3243 2951 3308 δόξαν
2971 3245 3208 3315 ἡγεῖται.
3231 3245 3375 3316 Ὅρα
3390 3244 3447 3298 δὲ
3469 3245 3592 3310 πῶς
3615 3245 3732 3316 (49.)

2139 3330 2315 3402 φορὰς
2360 3332 2460 3397 τὰς
2488 3334 2598 3387 ἀπὸ
2629 3335 2730 3404 τῆς
2781 3335 2932 3399 θείας
2964 3337 3186 3408 Γραφῆς
3235 3339 3540 3411 μαρτυρίας
3588 3339 3734 3411 όμοῦ

2142 3421 2439 3492 συνήγαγε,
2469 3424 2566 3476 καὶ
2588 3423 2678 3479 τὸν
2704 3426 3167 3498 ἀποστελλόμενον
3194 3427 3310 3501 (45)
3339 3429 3434 3483 τοῦ
3467 3429 3608 3484 Θεοῦ
3631 3433 3738 3484 Δό-

2139 3531 2256 3585 γον,
2312 3518 2403 3572 τὸν
2446 3519 2733 3590 σωτήριον,
2765 3520 2860 3573 καὶ
2905 3521 3134 3586 ἰατικὸν,
3178 3523 3272 3575 καὶ
3310 3523 3402 3576 τὸν
3443 3523 3556 3577 τῶν
3580 3542 3738 3596 πρα-

2138 3608 2313 3662 κτέων
2332 3611 2867 3682 παραγγελτικόν.Τὸ
2893 3616 3022 3687 γὰρ,
3055 3617 3388 3687 Ἐμίσησαν
3405 3619 3476 3672 ἐν
3492 3621 3735 3686 πύλαις

2137 3701 2484 3772 ἐλέγχοντα,
2524 3707 2623 3759 καὶ
2656 3707 2841 3777 λόγον
2877 3707 3050 3763 ὅσιον
3097 3710 3520 3776 ἑϐδελύξαντο,
3573 3717 3743 3767 ποῖον

2140 3790 2450 3846 ὑποτίθεται
2475 3793 2682 3863 Λόγον;
2712 3796 2744 3867 ἢ
2775 3794 2992 3861 πάντως
3026 3814 3127 3850 που
3159 3797 3250 3850 τὸν
3271 3799 3401 3870 περὶ
3427 3799 3537 3852 τῶν
3561 3799 3745 3853 ὁσίων

2141 3879 2250 3952 (44)
2298 3885 2391 3936 καὶ
2420 3884 2644 3940 δικαίων
2667 3886 2918 3958 πράξεων
2970 3889 3426 3959 παραγγελτικόν·
3461 3891 3650 3945 πάντα
3676 3910 3742 3946 τε

2142 3972 2342 4042 μᾶλλον
2389 3973 2424 4045 ἢ
2473 3975 2563 4030 τὸν
2607 3977 2737 4030 Υἱὸν
2779 3976 2874 4031 τοῦ
2925 3976 3060 4033 Θεοῦ
3109 3980 3391 4052 ὁμολογεῖν
3450 3982 3740 4053 βούλεται,

2137 4063 2326 4138 ὥσπερ
2348 4067 2661 4139 αἰδούμενος
2692 4069 3062 4140 μνημονεῦσαι
3092 4073 3185 4126 τοῦ
3211 4073 3360 4127 Υἱοῦ.
3401 4074 3600 4146 Ἡμεῖς
3631 4077 3741 4147 μὲν

2138 4154 2248 4227 γὰρ
2302 4155 2522 4229 οἴδαμεν
2567 4159 2659 4212 τὸν
2706 4161 2834 4215 Υίὸν
2883 4163 2978 4216 τοῦ
3021 4163 3156 4218 Θεοῦ
3198 4164 3542 4237 κυριώτατον
3597 4169 3743 4224 ὄντα.

2139 4245 2289 4311 Υἱὸν,
2329 4249 2426 4302 καὶ
2458 4249 2674 4322 ἀληθῶς
2707 4255 2968 4326 μονογενῆ
3013 4254 3108 4308 τοῦ
3137 4255 3294 4322 Θεοῦ,
3329 4258 3424 4311 καὶ
3462 4259 3647 4328 Λόγον
3676 4260 3742 4316 δι

2136 4336 2302 4389 αὐτὸν
2330 4337 2574 4410 ἀκριϐῶς
2608 4341 2772 4411 ἴσμεν
2802 4343 2900 4412 οὐχ
2931 4343 3113 4413 ὅμοιον
3149 4341 3228 4415 τῷ
3272 4345 3330 4397 ὲν
3372 4344 3697 4416 ἀνθρώποις
3718 4363 3736 4379 ·

460 4423 516 4466 et
547 4413 878 4482 agendorum
915 4415 1488 4472 commonefactorium
1523 4417 1886 4486 introducens,
1928 4443 2033 4476 ηυιι

2150 4427 2250 4480 Ξιλλ’
2273 4424 2387 4482 οἷον
2415 4433 2680 4502 προσήκει
2708 4436 2849 4487 νοεῖν
2885 4434 2999 4505 (45)
3032 4435 3167 4489 Θεοῦ
3195 4413 3388 4504 Λόγον,
3417 4413 3609 4502 (Cinna
3639 4443 3742 4495 καὶ

460 4503 731 4560 immerito
749 4503 948 4560 Filium
978 4505 1072 4562 Dei
1103 4507 1347 4563 conﬁteri
1378 4516 1633 4578 gravatur
1659 4522 1817 4578 quem
1854 4512 2033 4581 reipsa

459 4595 774 4665 abnegavit.

2140 4517 2426 4586 ὑφεστῶτα
2451 4523 2528 4584 ὼς
2560 4522 2686 4576 Υἱόν
2723 4523 2854 4595 (46)·
2892 4526 2921 4578 6
2951 4525 3010 4580 δὲ
3042 4525 3201 4596 λόγον
3255 4531 3602 4600 σημαντικὸν
3638 4535 3742 4587 καὶ

2136 4606 2244 4660 τῶν
2264 4609 2553 4680 πρακτέων
2574 4614 3008 4684 παραγγελτικὸν
3031 4617 3287 4686 εἰσάγων,
3305 4619 3539 4685 εἰκότως
3560 4620 3741 4676 ὤκνει

2135 4695 2228 4750 τὸν
2254 4698 2382 4754 Υἱὸν
2405 4702 2706 4772 ὁμολογεῖν,
2740 4705 2799 4758 ὃν
2832 4706 2980 4779 αὐτῷ
3007 4708 3154 4781 ἔργῳ
3180 4711 3418 4781 ἠρνεῖτο.

537 4825 597 4912 >1;
635 4821 958 4912 Εάξιιξιιιξίε..
989 4840 1112 4912 ρειείζ
1150 4828 1394 4912 “in”
1430 4825 1657 4912 Joan_._t,
1692 4827 1778 4885 18.
1851 4830 1898 4863 ⁷⁸
1931 4831 2031 4889 Psa

2150 4853 2260 4894 χιιι
2317 4841 2374 4895 7.
2445 4840 2493 4874 "
2522 4842 2665 4900 Psal.
2697 4860 2808 4912 cvi,
2841 4846 2929 4902 20.
2982 4849 3029 4880 τ’
3068 4847 3230 4905 Prov.
3259 4865 3372 4908 xav.
3405 4850 3463 4908 6.
3544 4854 3596 4885 ’⁸
3623 4854 3738 4912 lsa.

465 4904 527 4953 ll,
562 4892 616 4946 5.
701 4894 746 4925 ⁷⁸
776 4894 892 4950 Jer.
932 4892 1135 4962 vrit,'9.
1211 4898 1257 4931 ⁸⁸
1289 4896 1414 4954 Ose.
1447 4914 1524 4964 ιχ,
1556 4897 1644 4953 17.

537 5033 652 5111 (56)
681 5034 856 5111 Caput
889 5036 960 5090 ’Μ
1000 5037 1310 5111 immediate
1339 5035 1611 5111 dependet
1652 5051 1681 5091 a
1716 5041 2012 5111 superiore,

465 5107 733 5176 pendente
755 5106 932 5160 adhuc
966 5107 1232 5176 sententia
1270 5107 1486 5176 prioris.
1514 5105 1582 5176 il.

461 5241 797 5317 αἰδούμενος.
829 5241 1179 5317 M.[Sec_utus
1203 5261 1323 5301 sum
1351 5242 1536 5317 codd.}

557 5242 797 5312 σύμενος.
829 5242 1179 5379 Μ.ἑὸεοιιιὺε
1203 5261 1247 5301 ει

676 5313 854 5386 1hng
877 5316 904 5366 ὲ
939 5315 1247 5386 ελευσηται.

532 5312 648 5522 ἕω)
687 5313 854 5392 Vu_lgo
877 5312 1125 5386 ὲξελεύση

556 5382 624 5436 59
675 5382 783 5435 Teo
821 5399 930 5440 om.
968 5386 1125 5438 codd.

554 5451 624 5522 40
679 5451 790 5506 Ιιιιο
841 5453 1020 5522 Ἀμώς
1065 5469 1117 5519 v,

462 5451 790 5591 ὁμὲιῒέιζὲοιιιιο
841 5453 1020 5525 Ἀμώς
1065 5469 1117 5519 v,
1170 5455 1260 5513 10.
1321 5454 1442 5510 Mox
1501 5452 1659 5525 vulgo
1713 5456 1876 5523 αὐτὸς
1937 5460 2032 5515 καὶ

2200 5047 2776 5130 (ρἓῼσξωςιςοόρος.
2822 5052 3022 5130 Facilis
3082 5056 3395 5130 correctio,
3423 5057 3737 5130 διαφοράς

2137 5120 2231 5196 sed
2259 5121 2386 5196 quid
2415 5125 2458 5176 si
2487 5120 2662 5195 φύρας
2686 5126 2889 5189 legatur
2902 5123 2932 5196 fi
2957 5134 3104 5179 certe
3127 5127 3271 5180 enim
3307 5120 3424 5180 vult
3448 5120 3576 5182 eum
3603 5120 3744 5196 “per-

535 5171 907 5267 ξὲἵλᾭσπερ
923 5171 1341 5267 τξξιξογμένών-
1357 5174 1498 5267 HS}?
1517 5242 1536 5267 τ
1549 5174 1853 5246 legendum,
1921 5196 2028 5238 non

2150 5171 2415 5267 niseitisse
2438 5171 2620 5247 omnia
2640 5171 2850 5261 ,suquue
2883 5194 3093 5267 deque;
3124 5171 3308 5267 statim
3335 5171 3739 5267 legend-Tag;-

2134 5257 2508 5335 στελλόμενον,
2531 5271 2589 5335 ut
2615 5272 2746 5335 erat
2764 5257 2818 5317 in
2843 5257 3124 5335 margine.
3169 5265 3240 5319 Μ.

2205 5329 2316 5402 (6??)
2330 5329 2510 5402 Vulgo
2531 5332 2910 5402 ἀποστολικόν.

2347 5398 2516 5476 Vulgo
2542 5401 2758 5466 πάντως
2784 5402 2972 5459 τοῦτον
3002 5404 3134 5476 περὶ
3168 5403 3267 5476 τὴν
3295 5405 3485 5462 ὁσίων.

2347 5469 2516 5541 Vulgo
2555 5487 2662 5526 om.
2697 5476 2858 5528 νοεῖν.

2201 5538 2626 5624 (ᾁδλᾮςγίόν.
2664 5542 2840 5613 Deest,
2870 5545 3083 5616 Opinor,
3101 5544 3346 5618 νομίζειν
3377 5558 3498 5618 post
3538 5566 3732 5624 προσ-

695 5588 888 5649 Omitt.
919 5591 1100 5662 codd.;
1140 5593 1263 5652 dein
1286 5594 1444 5666 vulgo
1491 5595 1585 5650 καὶ
1617 5595 1828 5662 τούτοις
1857 5599 2021 5670 ὅμοια

2150 5588 2272 5678 grcia.
2295 5588 2359 5665 ’M.

465 5672 656 5726 συναγ.
