3828 6222
151 307 266 367 965

776 422 942 477 «ΚΕΦ.
985 424 1113 478 K-E'.

351 513 608 579 Ὅπως-ὀ
627 513 808 579 αὐτὸς
835 515 1024 580 ἑαυτῷ
1047 517 1289 571 ἐναντία
1320 518 1562 588 emaci-8.

226 601 362 659 Εἶτα
391 607 483 658 καὶ⁴
520 605 681 669 αὐτὸς
717 607 894 678 ἐαυτῷ
930 608 1191 664 τάναντία
1221 611 1334 680 (47)
1375 611 1602 684 γράφων
1631 629 1732 665 ουκ

151 695 423 751 αίσθεται.
463 697 552 751 Ἔν
578 696 911 767 ἐτέροιςμέν
941 697 1050 768 γὰρ
1079 699 1489 770 διῖσχυρίζεται,
1528 702 1732 774 μηδένα

149 782 251 835 τοῦ
295 784 556 856 προτέρου
601 784 752 850 λαοῦ,
786 786 855 840 τὰ
902 787 1044 842 κατὰ
1087 788 1178 842 τὸν
1205 790 1376 858 Λόγον
1413 795 1726 860 ἐγνωκέναι.

149 875 468 946 Μυστήριον
495 875 602 948 γὰρ
617 872 752 930 εἶναι
781 878 1293 952 ἀποκεκρυμμένον.
1319 884 1523 956 Γράφει
1545 885 1601 938 δὲ
1625 879 1728 940 ὧδε

152 966 348 1030 αὐταῖς
375 966 587 1034 λέξεσι·
623 987 641 1020 ι
667 969 731 1020 Τί
756 970 864 1041 γὰρ
888 971 1072 1043 ἕτερον
1107 970 1176 1045 ἦν
1203 976 1692 1050 ἀποκεκρυμμένον
1710 1020 1725 1046 ,

159 1075 178 1106 ι
193 1061 492 1129 μυστήριον
511 1059 544 1129 ἢ
571 1060 630 1112 τὸ
654 1060 795 1114 κατὰ
815 1063 908 1115 τὸν
927 1063 1098 1132 Λόγον
1125 1066 1297 1130 ;οὕτω
1312 1069 1367 1121 δέ
1386 1069 1496 1141 (48)
1513 1067 1580 1141 ἦν
1594 1072 1729 1126 ἁπο-

156 1165 175 1196 1
200 1149 578 1219 κεκρυμμένον
603 1150 662 1203 ἐν
689 1145 922 1223 τῷΘεῷ,
958 1156 1108 1208 τουτὶ
1141 1157 1404 1230 πρότερον
1438 1160 1498 1212 τὸ
1526 1163 1729 1232 μυστή-

155 1255 175 1288 ¢
208 1255 344 1309 ριον,
367 1240 507 1294 ὥστε
544 1238 747 1312 μηδένα
790 1245 884 1297 τοῦ
920 1246 1182 1318 προτέρου
1218 1249 1370 1314 λαοῦ,
1427 1252 1614 1321 σαφῶς
1660 1255 1728 1309 τά

151 1343 173 1378 ι
190 1327 335 1380 κατά
355 1328 443 1382 τὸν
471 1330 641 1399 Λόγον
661 1331 885 1386 είδέναι’
916 1333 1028 1387 ἀλλ’
1055 1336 1220 1406 ἡμᾶς,
1248 1339 1341 1392 τοῦ
1373 1339 1603 1395 πλούτου
1629 1345 1728 1414 τῆς

150 1435 172 1468 ι
201 1417 361 1490 δόξης
418 1421 510 1473 καὶ
553 1420 646 1475 τοῦ
695 1423 1185 1502 ἀποκεκρυμμένου
1247 1434 1544 1504 μυστηρίου
1591 1436 1725 1490 ἀπο-

151 1526 175 1561 ι
200 1509 388 1564 λαύειν
409 1512 544 1566 νυνί.
572 1533 590 1564 ι
612 1514 721 1568 Καὶ
749 1510 904 1580 αὖθις
935 1519 1194 1589 ἐπιλέγει,
1216 1542 1235 1574 ‹
1259 1523 1316 1575 'U
1332 1524 1387 1577 δὲ
1423 1527 1564 1598 ἱερὸς
1593 1528 1728 1581 ἀπό-

154 1619 174 1653 ι
195 1601 381 1666 στολός
406 1621 466 1655 τε
495 1607 588 1659 καὶ
616 1606 860 1679 μαθητὴς
885 1609 976 1662 τοῦ
1005 1613 1208 1683 Κυρίου
1247 1615 1514 1688 Ἰωάννης,
1540 1619 1726 1688 σαφῶς

151 1711 171 1744 ι
196 1693 294 1746 καὶ
338 1695 630 1768 διαρρήδην
655 1699 712 1750 ἐν
757 1699 896 1772 ἀρχῇ
931 1702 1028 1755 τοῦ
1066 1704 1398 1775 Εὑαγγελίου
1435 1710 1722 1776 διδάσκων,

1125 311 1211 366 DE
1251 311 1785 372 ECCLESIASTICA
1821 317 2208 374 THEOLOGIA
2241 320 2374 376 LIB.
2419 318 2477 375 ll.

1763 437 1812 493 Α

3305 317 3410 377 966

2444 432 2594 487 CAP.
2632 428 2792 488 XXV.

2102 522 2343 588 Qualiter
2368 525 2468 578 sibi
2501 525 2600 592 ipsi
2631 524 2895 577 contraria
2923 522 3135 578 scribat.

1901 607 2016 667 Non
2069 614 2315 684 intelligit
2346 631 2509 685 porro
2541 616 2684 685 quod
2729 614 2829 668 sibi
2860 613 2960 682 ipsi
2988 613 3407 670 contradictoria

1832 705 2042 762 scribit.
2081 703 2292 759 Alicubi
2332 705 2599 773 siquidem
2626 713 3011 760 asseveranter
3045 702 3254 769 statuit,
3284 703 3407 757 nul-

1831 796 1939 848 lum
1981 797 2201 865 penitus
2241 797 2306 852 de
2349 796 2570 865 antiquo
2623 794 2715 850 illo
2767 793 2961 864 populo
3011 793 3298 863 quidquam
3338 795 3406 847 de

1832 885 2008 943 Verbo
2039 889 2374 956 cognovisse.
2423 887 2559 941 Nam
2590 896 2706 941 erat
2729 885 3047 956 mysterium
3086 891 3146 948 »Β
3173 883 3407 939 abscon-

1830 979 2020 1046 ditnm,
2049 979 2243 1049 inquit.
2278 971 2452 1032 Verba
2485 979 2598 1048 ejus
2623 986 2750 1032 sunt
2771 975 2872 1049 “[R.
2898 976 3060 1043 XLV,
3097 976 3220 1031 coll.
3251 991 3304 1039 β.
3332 975 3404 1028 40

1832 1061 1896 1142 D]
1930 1086 1944 1124 :
1987 1064 2166 1136 ("Quid
2195 1069 2338 1124 aliud
2366 1079 2480 1123 erat
2512 1073 2824 1140 mysterium
2850 1069 2976 1123 illud
3000 1070 3400 1129 absconditum,

1835 1180 1854 1212 ι
1879 1175 2036 1229 quam
2067 1159 2192 1215 illud
2229 1161 2291 1215 de
2313 1154 2534 1214 Verbo?
2587 1161 2717 1214 Nam
2751 1170 2869 1214 erat
2931 1161 3032 1214 hoc
3081 1160 3399 1230 mysterium

1834 1272 1852 1303 ι
1876 1253 2011 1307 adeo
2035 1252 2160 1306 olim
2194 1253 2246 1306 in
2285 1253 2395 1307 Deo
2420 1253 2815 1318 absconditum,
2851 1261 2910 1306 ut
2941 1265 2972 1306 e
2994 1253 3159 1322 priori
3190 1252 3279 1306 illo
3305 1267 3402 1322 po-

1834 1361 1852 1392 ι
1875 1343 2019 1413 pulo,
2049 1343 2222 1399 nullus
2248 1344 2404 1414 plane
2437 1345 2537 1400 hoc
2571 1347 2744 1414 ipsum
2786 1344 3126 1414 intelligeret.
3159 1343 3264 1399 Sed
3303 1358 3402 1399 no-

1834 1434 1958 1488 (bis
1999 1433 2110 1502 jam
2155 1449 2408 1490 concessa
2465 1444 2548 1490 est
2607 1435 2793 1491 fruitio
2847 1436 3156 1491 divitiarum
3217 1436 3401 1504 gloriae

1833 1545 1851 1576 ι
1880 1525 2065 1596 ipsius,
2103 1535 2158 1581 ct
2197 1527 2448 1599 mysterii
2483 1527 2626 1582 illius
2670 1513 3160 1584 reconditissimiﬁ
3203 1528 3400 1580 Statim

1828 1633 1958 1672 vero
2019 1617 2285 1672 subinfert
2319 1616 2412 1690 [IL
2445 1616 2608 1672 XLVI
2655 1618 2780 1675 coli.
2833 1633 2889 1687 p.
2937 1618 3007 1673 56
3051 1619 3094 1672 D
3144 1618 3246 1673 H8
3271 1616 3336 1689 (η
3379 1634 3396 1672 :

1835 1709 2264 1764 «Sanctissimus
2312 1725 2439 1764 vero
2487 1710 2779 1779 apostolus,
2827 1718 2882 1764 et
2912 1709 3122 1763 Domini
3163 1709 3400 1779 discipu-

148 1803 167 1834 ι
192 1784 269 1848 ὡς
279 1787 472 1854 ἀγνοού
482 1805 640 1858 μενον
660 1791 718 1842 ἐν
740 1792 1044 1864 ἀνθρώποις
1063 1798 1345 1870 πρότερον,
1372 1802 1543 1869 Λόγον
1561 1804 1718 1858 αὑτὸν

1831 1822 1847 1852 ι
1873 1803 1953 1857 lus
1978 1801 2233 1867 Joannes,
2269 1803 2502 1857 exertim
2536 1808 2592 1856 e‘t
2633 1811 2820 1872 aperte
2847 1802 2898 1856 in
2932 1811 3125 1857 exortu
3163 1803 3401 1869 Evange-

148 1894 166 1926 ι
195 1875 292 1929 τοῦ
321 1881 765 1967 παντοκράτορος
799 1883 1100 1956 ὀνομάζων,
1134 1890 1302 1956 οὕτως
1327 1893 1452 1966 ἔφη,
1497 1897 1592 1949 Ἐν
1626 1899 1718 1967 ἀρ-

1824 1893 1948 1955 rlii,
1982 1893 2144 1947 veluti
2177 1893 2267 1962 qui
2301 1893 2516 1945 doceret
2558 1890 2700 1960 quod
2759 1890 2908 1959 prius
2939 1889 3287 1960 ignorabatur
3324 1888 3402 1942 in.

130 1986 167 2018 1
192 1967 280 2039 χῇ
302 1966 381 2041 ἦν
407 1974 440 2024 ὀ
467 1973 674 2043 Λόγος.
707 1994 725 2026 ι
772 1977 860 2031 Ἐν
893 1978 1102 2044 τούτοις
1128 1982 1225 2052 μὲν
1255 1981 1348 2038 οὖν
1373 1966 1721 2060 ἀποκεκρυμ-

1827 2006 1845 2038 ι
1873 1995 1953 2042 ter
1981 1987 2246 2052 homines,
2284 1984 2519 2040 Verbum
2573 1983 2961 2053 omnipotentis
2998 1996 3119 2035 eum
3153 1982 3399 2037 nominat

129 2061 308 2132 .pévov
335 2065 629 2136 μυστήριον
675 2066 963 2140 διορίζεται
993 2067 1130 2126 εἶναι
1151 2074 1231 2138 τὸ,
1267 2077 1396 2147 περὶ
1421 2077 1518 2131 τοῦ
1550 2081 1718 2148 Λόγον

1829 2096 1846 2128 ι
1877 2078 1949 2130 ita
2004 2077 2272 2146 inquiens,
2309 2073 2382 2129 ‘ln
2435 2075 2689 2143 principio
2729 2082 2848 2127 erat
2904 2071 3210 2128 Verbum".
3241 2091 3262 2125 ι
3317 2071 3396 2126 Ita

131 2153 290 2223 ἔχειν
307 2154 398 2208 τὸν
420 2155 570 2224 Θεὸν,
605 2158 662 2211 ἐν
694 2159 749 2211 δὲ
777 2163 897 2225 ταῖς
925 2156 1126 2234 ἀρτίως
1152 2167 1569 2236 παρατεθείσαις
1594 2188 1723 2243 προσ

135 2248 403 2316 φητικαῖς
429 2250 650 2316 φωναῖς,
671 2250 849 2316 πάσας
871 2252 968 2317 τὰς
995 2254 1144 2318 θείας
1167 2256 1718 2330 Γραφὰςκηρύττειν,

121 2338 213 2392 ’τὰ
261 2340 390 2411 περὶ
440 2341 604 2395 αὐτοῦ
655 2344 953 2416 συνίστησι,
994 2347 1089 2400 καὶ
1139 2348 1359 2417 συνάγει
1392 2352 1520 2423 περὶ
1547 2353 1719 2421 Λόγου

140 2427 303 2494 Θεοῦ,
333 2429 591 2495 πλείστας
611 2431 742 2495 ὅσας
773 2435 1098 2508 μαρτυρίας.
1123 2437 1236 2490 Οὐκ
1264 2433 1371 2510 ἆρα
1399 2435 1467 2510 ἦν
1501 2441 1724 2508 ἀγνοού-

122 2537 307 2590 ,μενος
333 2521 412 2592 τῷ
443 2525 692 2596 προτέρῳ
717 2524 850 2596 λαῷ·
882 2528 1082 2592 πάντες
1110 2529 1218 2602 γὰρ
1245 2531 1422 2595 αὐτοὶ,
1458 2535 1583 2597 τοὺς
1609 2552 1720 2588 τοι-

134 2611 331 2677 ούτους
361 2612 552 2683 λόγους
584 2615 779 2686 ᾔδεσαν
815 2617 920 2671 ἀνά
946 2619 1138 2690 στόμα,
1175 2623 1268 2675 καὶ
1293 2622 1380 2676 διὰ
1414 2627 1631 2696 μνήμης
1654 2625 1723 2680 τὰ

135 2707 456 2775 προφητικὰ
476 2707 630 2777 λόγια
654 2709 929 2782 φέροντες.
963 2712 1121 2766 Ἀλλά
1140 2714 1230 2769 τὸν
1256 2720 1585 2789 γραμματέα
1613 2720 1721 2773 τῶν

143 2795 420 2851 Ἰουδαίων
445 2801 577 2870 ἡμῖν
607 2803 635 2854 ό
665 2803 984 2874 Χριστιανὸς
1015 2807 1358 2878 προίσχεται·
1386 2810 1485 2863 οὐκ
1509 2811 1720 2866 ἀκούων

135 2885 234 2939 τοῦ
257 2886 508 2960 Σωτῆρος
535 2890 804 2960 λέγοντος,
839 2895 984 2948 οὐαὶ
1019 2893 1180 2966 ὑμῖν,
1211 2900 1588 2970 γραμματεῖς,
1621 2903 1719 2956 καὶ

138 2980 449 3047 Φαρισαῖοι
468 2984 802 3052 ὑποκριταί,
842 2985 1110 3058 θαυμάζει
1138 3007 1197 3042 τε
1239 2991 1402 3046 αὑτὸν
1434 2992 1540 3064 (49)
1573 2994 1720 3067 ὅρκῳ

138 3072 500 3145 πιστούμενον
549 3076 631 3128 ὅτι
670 3075 775 3143 Εἷς
813 3079 983 3133 ἐστιν
1022 3083 1055 3135 ό
1101 3081 1264 3148 Θεὸς,
1311 3085 1408 3138 καὶ
1451 3088 1563 3140 οὐκ
1588 3089 1720 3141 ἐστι

137 3161 308 3230 πλὴν
347 3164 554 3230 αὑτοῦ,
589 3165 688 3220 οὐκ
720 3166 898 3235 εἰδὼς,
934 3170 1016 3224 ὅτι
1047 3171 1143 3225 καὶ
1185 3173 1254 3225 τὰ
1299 3173 1584 3246 «δαιμόνια
1630 3196 1720 3232 πι-

1822 2169 2096 2223 contendit
2133 2169 2178 2222 is
2198 2183 2294 2236 per
2325 2169 2424 2221 ista
2467 2166 2841 2221 absconditum
2883 2164 3198 2236 mysterium
3229 2163 3396 2219 fuisse

1822 2259 1973 2324 illud,
1998 2259 2164 2313 Deum
2195 2258 2447 2312 habuisse
2480 2256 2742 2312 Verbum.
2780 2254 3090 2324 Scripturas
3120 2268 3250 2308 vero
3279 2268 3396 2307 om-

1823 2365 1920 2405 nes
1943 2363 2114 2419 nuper
2143 2350 2423 2414 recitatas,
2445 2357 2500 2400 et
2518 2347 2791 2416 appositas
2808 2345 3191 2415 prophetarum
3209 2360 3393 2413 voces,

1823 2440 2124 2508 praedicare
2143 2437 2258 2492 vult
2283 2453 2401 2508 quze
2433 2445 2560 2492 sunt
2584 2436 2653 2491 de
2673 2434 2872 2503 Verbo,
2891 2451 3026 2506 quas
3049 2437 3310 2504 plurimas
3337 2437 3392 2492 in

1825 2533 1980 2600 hujus
1997 2531 2075 2586 rei
2094 2530 2456 2586 testimonium
2472 2527 2830 2584 coacervavit.
2849 2526 2927 2581 lta
2946 2543 3050 2582 non
3065 2536 3184 2582 erat
3196 2527 3394 2596 popqu

1823 2619 1896 2674 illi
1936 2619 2106 2690 priori
2132 2620 2434 2689 ignoratum
2467 2618 2570 2673 hoc
2603 2617 2917 2689 mysterium
2949 2617 3216 2674 :universi
3246 2617 3392 2673 enim

1822 2718 2104 2777 noverant,
2138 2715 2192 2764 et
2219 2710 2484 2764 memoria
2517 2710 2777 2764 tenebant
2820 2716 2874 2764 et
2920 2722 3016 2763 ore
3059 2707 3395 2778 usurpabant

1822 2804 2210 2874 prophetarum
2232 2803 2321 2856 illa
2340 2803 2581 2859 oracula.
2597 2803 2667 2856 At
2697 2802 2839 2858 enim
2857 2803 2993 2857 etde
3007 2799 3208 2856 Iudaeis
3237 2801 3394 2856 nobis

1822 2896 2053 2951 scribam
2091 2903 2445 2964 repraesentat
2471 2893 2820 2948 Christianus
2855 2908 2976 2948 cum
3015 2893 3088 2948 sit
3123 2911 3138 2946 :
3172 2908 3278 2946 non
3309 2903 3393 2946 at-

1824 2988 2049 3041 tendens
2083 2985 2226 3054 quod
2267 2985 2528 3039 Servator
2573 2984 2730 3050 dixit,
2786 2981 2873 3038 Va:
2905 2983 3072 3048 vobis,
3107 2980 3307 3037 Scriba:
3341 2992 3390 3036 et

1825 3076 2083 3132 Pharisaei
2129 3076 2416 3146 hypocrita:
2435 3077 2503 3130 ⁸⁸.
2544 3075 2804 3145 lllumque
2849 3076 3074 3146 suspicit
3099 3076 3241 3145 quod
3269 3091 3389 3130 cum

1815 3167 2164 3240 jurejurando
2192 3167 2412 3235 dixerit,
2439 3165 2594 3234 Quod
2615 3183 2752 3221 unus
2783 3167 2922 3222 Deus
2946 3177 2995 3221 et
3020 3175 3214 3238 prwter
3246 3183 3388 3232 eum,

142 3270 163 3303 ι
187 3251 458 3317 στεύουσι,
487 3255 581 3308 καὶ
609 3256 908 3325 φρίττουσι.
935 3277 956 3312 ι
999 3259 1165 3332 Τήρει
1199 3261 1255 3314 δὲ
1275 3263 1421 3327 ὅπως
1454 3264 1511 3331 ἐξ
1539 3265 1718 3320 αὐτῶν

1824 3274 1922 3313 non
1945 3267 2020 3313 est
2046 3256 2202 3314 alius.
2232 3256 2395 3324 Quasi
2413 3255 2646 3312 nesciret
2669 3257 2809 3326 quod
2835 3265 2892 3310 et
2923 3273 2944 3308 ι
2975 3256 3245 3311 daemones
3271 3271 3394 3310 cre-

136 3344 247 3399 τῶν
269 3346 627 3417 προφητικῶν
645 3347 897 3419 Γραφῶν,
927 3351 995 3405 τά
1027 3353 1154 3425 περὶ
1177 3353 1351 3422 Λόγου
1373 3355 1593 3425 συνάγει
1619 3357 1714 3411 τοῦ

1824 3349 1948 3403 dant
1973 3356 2027 3403 et
2057 3347 2500 3404 contremiscant.
2528 3365 2549 3401 ι
2582 3345 2721 3402 Nota
2753 3347 2884 3402 mihi
2914 3355 3095 3402 autem
3129 3347 3390 3416 quemad—

137 3437 248 3489 τῶν
276 3439 562 3509 πρακτέων
601 3440 1009 3498 διδαπαλικοῦ·
1043 3446 1102 3500 ὅν
1142 3448 1236 3501 καὶ
1281 3448 1547 3503 Ἰουδαίων
1591 3453 1718 3503 παϊ-

135 3526 224 3591 δες
252 3529 537 3602 γνωρίζειν
562 3533 983 3604 ὁμολογήσουσιν
1012 3538 1145 3609 (50),
1173 3539 1268 3592 ἅτε
1292 3541 1398 3612 πρὸ
1425 3540 1584 3611 ἡμῶν
1601 3541 1718 3594 τοῦ·

135 3634 230 3670 τον
282 3621 703 3693 παρειληφότες.
765 3626 904 3679 Ἀλλ’
938 3629 1058 3682 ούδέ
1099 3630 1261 3694 αὐτὸς
1302 3631 1586 3694 Σαὸέλλιος
1625 3633 1716 3687 τὸν

136 3711 378 3765 τοιοῦτον
411 3715 593 3783 ὴγνόει
613 3717 804 3786 Λόγον.
841 3720 964 3784 Πῶς
983 3716 1074 3774 οὖν
1104 3722 1386 3788 Ἰουδαίους
1415 3725 1506 3778 καὶ
1527 3725 1716 3778 Σαὸέλ-

134 3800 250 3855 λιον
295 3803 532 3870 κόπτων,
573 3807 645 3878 μὴ
679 3809 972 3878 ἐγνωκέναι
1023 3812 1113 3865 τὸν
1159 3813 1328 3882 Λόγον
1386 3813 1510 3886 ἔφη,
1544 3815 1608 3868 δι’
1641 3809 1716 3870 ὦν

139 3892 460 3966 παρεθέμην
488 3896 652 3950 αὐτοῦ
687 3901 915 3968 φωνῶν;
963 3903 1073 3955 Καὶ
1113 3904 1297 3976 ἐπειδὴ
1334 3905 1714 3975 ἀποπέφανται

134 3986 164 4038 ὁ
190 3985 374 4050 αὐτὸς,
414 3987 502 4042 διὰ
540 3989 648 4043 τῶν
675 3991 999 4064 ἔμπροσθεν,
1042 3995 1330 4060 ὡς-οὐδεὶς
1362 3996 1582 4051 ἐδύνατο
1623 3998 1715 4052 τὸν

135 4075 272 4132 Θεὸν
313 4079 531 4144 εἰδέναι,
561 4083 681 4135 ούδέ
709 4085 800 4138 τὸν
829 4085 999 4154 Λόγον
1025 4085 1307 4159 γνωρίζειν
1335 4088 1499 4143 αὑτοῦ
1553 4091 1601 4144 εί
1636 4091 1710 4162 μὴ

135 4166 236 4240 τὴν
273 4169 458 4224 εἰκόνα
505 4172 714 4242 εἰλήφει
741 4170 835 4228 τοῦ
893 4175 1122 4249 ἀοράτου
1160 4177 1318 4245 Θεοῦ,
1375 4179 1574 4252 δηλαδὴ
1615 4181 1714 4252 τὴν

137 4258 337 4329 σάρκα,
372 4261 446 4326 ὡς
479 4263 637 4328 αὐτὸς
665 4264 804 4336 ἔφη·
857 4266 966 4336 (διὰ
1011 4267 1177 4339 μόνης
1207 4269 1316 4342 γὰρ
1366 4271 1464 4342 τῆς
1505 4273 1711 4337 εἰκόνος

134 4351 494 4422 γνωρίζεσθαι
534 4353 626 4408 τὸν
659 4355 788 4408 Θεὸν
820 4357 913 4410 καὶ
944 4357 1035 4410 τὸν
1081 4358 1266 4412 τούτου
1309 4360 1482 4428 Λόγον
1521 4361 1714 4415 διετεί-

134 4459 286 4508 νατο,
317 4443 416 4515 τὴν
450 4445 626 4516 σάρκα
661 4446 834 4517 λέγων
888 4445 1145 4520 εἶναιτὴν
1178 4451 1359 4504 εἰκόνα
1463 4454 1707 4526 ὑπομνη’
1740 4477 1784 4532 Ῐ)

135 4533 291 4585 στέον
339 4534 426 4587 διὰ
457 4535 564 4588 τῶν
613 4538 987 4608 προκειμένων
1034 4539 1109 4604 ὡς
1134 4539 1255 4611 δίχα
1306 4541 1403 4612 τῆς
1446 4544 1708 4615 ἐνσάρκου

134 4624 435 4695 παρουσίας
463 4626 698 4680 Ἰουδαῖοι
748 4629 947 4693 πάντες
992 4629 1082 4682 τὸν
1105 4629 1259 4699 λόγον
1302 4630 1394 4684 τοῦ
1427 4631 1584 4697 Θεοῦ,
1618 4633 1712 4686 καὶ

130 4716 258 4778 τοὺς
299 4715 488 4784 λόγους
519 4718 643 4782 τοὺς
680 4720 737 4771 ἐν
760 4723 879 4783 ταῖς
911 4724 1274 4793 προφητικαῖς
1300 4726 1558 4794 γραφαῖς,
1601 4723 1710 4777 τῶν

132 4805 295 4859 ὁσίων
336 4807 512 4880 ἔργων
571 4811 1056 4882 παραγγελτικοὺς,
1102 4814 1343 4885 ἀκριϐῶς
1397 4815 1609 4886 ᾔδεσαν,
1654 4817 1712 4881 ἐξ

132 4896 360 4951 ἁπαλῶν
411 4899 616 4971 ὀνύχων
662 4902 884 4966 τούτους
930 4905 1430 4976 καταμελετῶντες·
1478 4909 1572 4961 καὶ
1621 4908 1712 4964 τὸν

130 4988 268 5040 Θεὸν
290 4989 601 5061 ὡμολόγουν
624 4993 714 5048 τὸν
738 4995 954 5049 πάντων
984 4997 1211 5068 ποιητὴν
1236 4997 1329 5051 καὶ
1349 4996 1672 5069 δημιουργόν
1693 5017 1706 5030 ·

1818 3438 2036 3493 modum
2091 3439 2158 3493 de
2200 3439 2532 3509 propheticis
2559 3438 2858 3507 Scripturis
2891 3437 3100 3507 colligit
3146 3453 3266 3507 quae
3318 3439 3386 3492 ad

1815 3530 2038 3584 verbum
2091 3529 2219 3584 illud
2256 3529 2549 3600 pertinent,
2597 3531 2739 3600 quod
2769 3539 2857 3585 est
2879 3532 3206 3600 agendorum
3238 3546 3390 3586 com-

1818 3620 2263 3676 mouefactorium
2308 3643 2321 3676 :
2374 3621 2518 3690 quod
2545 3621 2718 3690 ipsum
2758 3621 3075 3676 fatebuntur
3126 3637 3186 3677 se
3217 3637 3387 3692 agno-

1815 3724 1968 3766 scere
2001 3707 2082 3764 vel
2115 3707 2309 3772 Judaei,
2355 3709 2517 3762 veluti
2552 3709 2642 3778 qui
2688 3719 2815 3764 ante
2852 3723 2948 3763 nos
2991 3710 3098 3766 hoc
3120 3708 3232 3779 jam
3255 3713 3385 3767 olim

1814 3801 2200 3858 edocebantur.
2237 3799 2344 3856 Sed
2369 3817 2468 3856 nec
2489 3802 2718 3870 ipsemet
2756 3800 3024 3857 Sabellius
3049 3801 3388 3872 hujuscemo-

1813 3895 1866 3949 di
1901 3895 2136 3950 Verbum
2177 3893 2480 3964 ignorabat.
2521 3892 2692 3958 Quam
2733 3893 3005 3947 immerito
3059 3893 3259 3949 idcirco
3291 3893 3386 3949 ﬂa-

1813 3984 2294 4054 gellatSabellium
2348 3994 2403 4040 et
2428 3983 2663 4046 Judzeos,
2711 3984 2764 4038 in
2811 3986 3080 4055 excerptis
3118 4001 3149 4039 a
3187 4001 3276 4041 me
3317 3986 3386 4041 de

1813 4079 1980 4147 ipsius
2015 4078 2153 4131 libro
2187 4075 2396 4146 positis,
2439 4076 2581 4144 quod
2617 4072 2852 4130 Verbum
2885 4077 3220 4143 ignorabant,
3260 4092 3384 4134 cum

1813 4183 2010 4223 nomen
2037 4167 2090 4222 id
2121 4167 2189 4220 ab
2222 4167 2309 4220 illo
2335 4166 2526 4221 scitum
2561 4166 2656 4228 sit;
2687 4166 2829 4234 quod
2860 4165 3026 4221 Deum
3071 4168 3254 4222 videre
3283 4184 3384 4224 ne-

1812 4274 1901 4314 mo
1926 4269 2157 4327 poterat,
2180 4259 2276 4314 sed
2308 4274 2408 4313 nec
2455 4258 2623 4327 ipsius
2648 4256 2886 4312 Verbum
2927 4259 3244 4330 intelligere,
3277 4261 3383 4315 nisi

1812 4351 2100 4423 imaginem
2131 4353 2380 4407 induerat
2425 4352 2711 4407 invisibilis
2748 4353 2878 4417 Dei,
2929 4367 3151 4407 carnem
3187 4367 3384 4422 nempe

1812 4441 2097 4496 intendens
2135 4442 2419 4512 imaginem
2461 4441 2640 4506 illam;
2699 4456 2827 4496 nam
2856 4456 2953 4510 per
2989 4441 3158 4495 solam
3189 4441 3381 4510 imagi-

1813 4546 1934 4586 nem
1965 4531 2215 4602 cognosci
2245 4532 2486 4602 potuisse
2524 4533 2714 4598 Deum,
2743 4541 2796 4586 et
2821 4531 2986 4601 ipsius
3017 4531 3111 4586 Dei
3139 4529 3378 4586 Verbum

1813 4624 2108 4679 contendat
2132 4637 2354 4678 carnem
2384 4637 2636 4678 asserens
2677 4623 2844 4678 fuisse
2888 4623 3174 4693 imaginem
3203 4623 3375 4679 illam.

1814 4716 1920 4772 Sed
1949 4714 2263 4770 meminisse
2297 4714 2553 4768 debemus
2593 4715 2646 4767 in
2698 4715 3069 4784 superioribus
3121 4715 3376 4784 positum,

1812 4809 1952 4880 quod
1980 4807 2185 4876 absque
2223 4805 2424 4860 carnali
2485 4806 2791 4875 praesentia,
2832 4804 3000 4861 Judaei
3043 4821 3231 4861 omnes
3260 4823 3381 4862 ver-

1814 4900 1940 4954 bum
1999 4897 2112 4961 Dei,
2145 4906 2201 4952 et
2230 4898 2392 4953 verba
2439 4895 2565 4962 Dei,
2606 4912 2725 4966 quae
2765 4898 2960 4952 divinis
2996 4902 3379 4967 prophetarum

1815 4991 2114 5060 Scripturis
2172 4989 2375 5055 insunt,
2417 4989 2488 5042 ad
2534 4997 2722 5044 sancta
2769 5004 2934 5058 opera
2994 4989 3378 5056 admonitoria,

128 5080 324 5153 ὥσπερ
356 5078 450 5139 οὖν
491 5085 584 5138 καὶ
605 5086 984 5157 γραμματεὺς,
1017 5089 1045 5140 ὁ
1071 5087 1137 5140 δι’
1168 5087 1329 5158 ὅρκου
1359 5088 1715 5160 πιστούμενος

1824 5083 2162 5141 exactissime
2210 5080 2511 5148 callebant,
2546 5095 2669 5136 cum
2712 5096 2742 5135 a
2805 5083 3004 5138 teneris
3053 5082 3377 5155 unguiculis.

211 5293 272 5351 ᾖ
307 5286 407 5343 Ed.
435 5287 611 5348 Paris.
663 5306 780 5364 pag.
817 5292 941 5348 144.
1026 5293 1069 5376 εξ
1102 5291 1262 5349 Joan.
1289 5309 1329 5360 ι,
1363 5293 1414 5348 l.
1490 5294 1535 5326 ⁸⁸
1556 5292 1718 5350 Matth

1824 5305 1916 5346 χιιι
1982 5289 2073 5345 15.

198 5533 312 5606 (47)
349 5532 525 5606 Vulgo
552 5536 772 5590 ἐναντία

349 5604 518 5680 Vulgo
532 5606 692 5680 circa)
712 5609 843 5680 γάρ.

198 5533 292 5606 (47
355 5533 525 5602 Vulgo
552 5536 772 5590 ἐναντία

221 5604 292 5657 48
349 5604 518 5674 Vulgo
548 5606 692 5660 οὕτω
712 5609 843 5680 γάρ.

197 5533 314 5749 ξιθξ
345 5674 668 5744 Θαυμάξετε
693 5680 898 5734 αὐτόν.
938 5678 1072 5750 lmo,
1106 5676 1373 5751 θαυμάζει
1401 5695 1481 5733 τε.
1510 5678 1698 5738 Admi-

1802 5545 1956 5593 ratur
1984 5535 2270 5591 Marcellus
2297 5534 2530 5590 scribam
2567 5533 2742 5589 illum.
2776 5533 2848 5589 Μ.

1855 5605 1990 5691 ,(50)
2018 5606 2185 5692 Vulgo
2207 5603 2647 5692 apokoyoﬁewft
2686 5604 3038 5675 ἀποπέφαται
3069 5614 3122 5663 ct
3164 5619 3284 5661 mox
3321 5622 3374 5660 τ.

1805 5675 1986 5750 σάρκα
2014 5675 2155 5733 εἶναι
2192 5675 2292 5748 τὴν
2320 5677 2524 5744 εἰκόνα,
2557 5675 2652 5740 ὡς.
