3828 6222
451 294 553 354 971
1118 288 1392 347 EUSEBII
1430 283 1909 345 CESARIENSIS
1948 282 2103 341 OPP.
2144 280 2331 339 PARS
2368 279 2461 338 ιγ.
2501 311 2572 322 -
2609 279 3032 340 DOGMATICA.
3624 281 3725 340 972

455 412 604 480 biles,
638 422 686 467 et
726 410 1052 467 summitates
1104 410 1368 466 habitatas
1401 409 1496 465 sub
1530 408 1676 463 caelo.
1718 413 1778 471 ›Ῑ‹
1811 405 2038 472 Quando
2068 411 2116 468 Α

2201 421 2247 470 ›ς
2284 401 2644 473 ἐθεμελίωσέ
2687 419 2799 473 με·
2857 402 2928 457 ἐν
2966 400 3129 472 ἀρχῇ
3163 400 3276 471 πρὸ
3318 398 3428 456 τοῦ
3468 396 3584 468 τὴν
3621 396 3728 470 Τῆν

452 504 785 574 praeparabat
816 502 991 569 oculos,
1018 504 1233 557 aderam
1255 503 1323 557 ei.
1370 501 1595 568 Quando
1623 502 1900 569 separabat
1939 497 2039 552 sibi

2201 494 2421 565 οιῆσαι,
2470 495 2585 564 πρὸ
2632 495 2739 549 τοῦ
2786 494 2891 562 τὰς
2943 494 3258 561 ἀϐύσσους
3289 490 3540 561 ποιῆσαι
3562 508 3578 522 ·
3623 491 3726 559 πρὸ

452 598 698 650 thronum
729 613 884 665 super
909 606 1104 650 uentos.
1138 596 1367 661 Quando
1389 594 1637 664 ﬁrmabat
1669 594 1828 647 nubes
1853 607 2035 660 supra,

2201 586 2251 642 ›ῦ
2281 586 2598 655 προελθεῖν
2631 586 2740 654 τὰς
2785 586 2983 656 πηγὰς
3014 585 3139 640 τῶν
3177 584 3415 639 ὑδάτων
3435 600 3452 614 ·
3487 581 3602 653 πρὸ
3630 581 3727 636 τοῦ

451 698 499 742 et
533 687 762 742 librabat
796 686 967 758 [entes
1011 702 1270 758 aquarum
1324 687 1507 741 subter
1553 685 1759 739 coelum.
1805 683 2034 749 Quando

2201 697 2251 748 γη
2280 677 2667 749 ἑδρασθῆναι,
2704 680 2818 750 πρὸ
2837 679 2907 735 δὲ
2932 679 3045 752 (54)
3072 678 3317 733 πάντων
3336 674 3586 742 ,Βουνῶν
3607 692 3727 743 τεν-

451 780 781 849 appendebat
822 780 1171 850 fundamenta
1211 789 1388 843 terrte,
1435 794 1554 831 cum
1580 793 1641 832 eo
1671 792 1814 830 eram
1844 789 2034 829 cuncta

2201 770 2219 825 i
2240 789 2337 841 με.
2369 773 2586 841 Κύριος
2622 772 2877 841 ἐποίησε
2920 770 3115 841 χώρας
3142 771 3242 824 καὶ
3267 768 3612 836 ἀοικήτους,
3641 765 3732 820 καί

450 887 784 942 componens.
833 873 1147 928 Delectabar
1170 886 1263 941 per
1293 869 1528 939 singulos
1563 869 1696 933 dies,
1721 869 1907 923 ludens
1939 885 2028 922 co-

2201 881 2294 934 ιρα
2334 864 2655 933 οἰκούμενα
2688 861 2799 932 τῆς
2828 863 2941 935 (55)
2968 865 3072 917 ὑπ’
3106 861 3400 931 οὐρανῶν.
3442 859 3646 914 Ὴνίκα
3666 858 3733 925 ἡ·

449 981 564 1020 ram
599 981 678 1030 eo,
728 964 916 1019 ludens
966 965 1019 1018 in
1056 966 1179 1019 orbe
1224 974 1513 1019 terrarum.
1552 960 1621 1015 Et
1673 961 1876 1017 delicia!
1904 977 2034 1016 mete

2201 954 2376 1026 ιίμαζε
2403 955 2511 1010 τὸν
2547 955 2837 1024 οὐρανὸν,
2878 952 3297 1024 συμπαρήμην
3315 949 3495 1016 αὐτῷ.
3540 950 3736 1003 Ἡνίκα

449 1071 560 1111 esse
596 1070 713 1109 cum
746 1055 872 1124 ﬁliis
906 1057 1196 1109 hominum.
1398 1089 1406 1107 .

2201 1046 2388 1118 οώριζε
2428 1047 2536 1101 τὸν
2575 1046 2793 1102 ἑαυτοῦ
2842 1047 3061 1117 θρόνον
3104 1045 3198 1099 ἐπ’
3226 1042 3500 1114 ’ἀνέμων.
3540 1040 3738 1097 Ἠνίκα

450 1151 671 1221 ισχυρὰ
707 1152 892 1206 ἐποίει
928 1151 1039 1222 (56)
1074 1155 1146 1204 τὰ
1174 1150 1296 1205 ἅνω
1328 1149 1503 1221 νέφη,
1538 1148 1637 1204 καὶ
1655 1148 1736 1215 ὡς
1766 1145 2067 1216 ἀσφαλεῖς
2102 1145 2284 1201 ἐτίθει
2315 1142 2513 1213 πηγὰς
2551 1143 2663 1210 τὰς
2699 1142 2803 1198 ὑπ’
2844 1140 3130 1210 οὐρανὸν,
3174 1138 3274 1193 καί
3305 1134 3525 1208 ισχυρὰ
3554 1134 3738 1189 ἐποίει

445 1243 519 1298 τὰ
552 1242 792 1314 θεμέλια
821 1240 932 1311 τῆς
959 1241 1095 1312 τῆς,
1150 1240 1314 1311 ἥμην
1348 1243 1483 1312 παρ’
1503 1238 1663 1306 αὐτῷ
1688 1237 2059 1308 ἁρμόζουσα·
2100 1234 2215 1306 ἐγὼ
2246 1233 2412 1304 ἤμην
2440 1228 2483 1306 ᾗ
2521 1231 2888 1303 προσέχαιρε
2946 1232 3078 1287 καθ’
3110 1227 3373 1299 ἡμέραν·
3412 1226 3736 1296 ηὐφραινό-

441 1353 569 1406 μην
597 1335 667 1389 δὲ
691 1335 764 1390 ἐν
793 1333 1093 1406 προσώπῳ
1123 1332 1309 1389 αὑτοῦ
1339 1335 1410 1388 ἐν
1454 1332 1635 1387 παντὶ
1684 1329 1897 1401 καιρῷ·
1938 1329 2039 1384 ὅτε
2077 1328 2444 1398 ηὐφραίνετο
2511 1325 2628 1395 τὴν
2655 1322 3022 1395 οἰκουμένην
3077 1320 3477 1389 συντελέσας,
3498 1318 3599 1373 καί
3635 1320 3736 1387 ηὑ-

444 1431 727 1500 φραίνετο
750 1430 844 1501 ἐφ’
882 1428 1035 1495 υἱοῖς
1058 1428 1171 1501 (57)
1201 1427 1548 1497 ἀνθρώπων.

2790 1507 2952 1560 ΚΕΦ.
2986 1503 3063 1561 Β’.

2137 1597 2428 1665 Ὅπωςτὸ,
2446 1616 2465 1649 ι
2477 1598 2694 1667 Κύριος
2703 1595 2906 1652 ἕκτισέ
2913 1613 2992 1666 με
3005 1593 3205 1665 ἀρχὴν
3215 1591 3594 1667 όδῶναύτοῦ,
3605 1610 3625 1645 ι
3636 1592 3739 1667 grai

2200 1671 2275 1724 τὰ
2304 1661 2515 1734 ’τούτῳ
2559 1661 2931 1737 συνημμένα
2957 1661 3201 1737 νοεῖται·
3237 1667 3337 1737 καὶ
3366 1664 3528 1737 ὅπως
3550 1661 3739 1731 ταῦτα

2203 1739 2568 1821 ξιάρκελλος
2616 1734 2737 1792 earl
2750 1734 2864 1797 τὴν
2912 1736 3111 1809 σάρκα
3164 1736 3274 1791 τοῦ
3318 1734 3595 1803 Σωτῆρος
3607 1749 3740 1803 μετ·

2204 1828 2333 1882 ars-

2202 1900 2390 1974 Ταῦτα
2417 1901 2515 1974 μὲν
2530 1901 2592 1956 ὲν
2608 1899 2940 1974 Παροιμίαις
2956 1902 3086 1972 περὶ
3108 1897 3313 1969 ἑαυτῆς
3332 1899 3367 1968 ἡ
3388 1896 3583 1966 Σοφία.
3598 1893 3739 1949 Ὀλα

2130 1993 2175 2048 δ’
2205 1997 2456 2070 ἐπιτηδὲς
2482 1998 2803 2067 ἀναγκαίως
2824 1995 3172 2069 παρεθέμην,
3204 1993 3423 2055 δεικνὺς
3442 1992 3520 2054 ὡς
3538 1990 3598 2043 ἓν
3621 1991 3739 2043 ἐστι

2134 2089 2430 2159 πρόσωπον
2460 2090 2524 2144 τὸ
2551 2090 2722 2144 ταῦτα
2769 2090 2950 2159 λέγον,
2981 2088 3103 2143 οὐδὲ
3139 2088 3270 2160 μιᾶς
3316 2087 3376 2139 ὲν
3416 2084 3496 2156 τῷ
3533 2081 3739 2155 μεταξὺ

2131 2185 2433 2258 γενομένης
2458 2185 2765 2258 μεταϐολῆς
2781 2183 2877 2238 τοῦ
2905 2184 3176 2254 λέγοντος·
3198 2181 3478 2236 δείκνυται
3494 2178 3676 2233 τοίνυν
3702 2179 3736 2247 η

2132 2278 2303 2348 Σοφία
2330 2277 2504 2332 ταῦτα
2540 2277 2670 2350 περὶ
2701 2277 2905 2348 ἑαυτῆς
2943 2276 3293 2330 διδάσκουσα.
3329 2269 3631 2327 Κάνταῦθα
3682 2269 3740 2322 δὲ

2134 2369 2353 2441 πρῶτον
2376 2368 2763 2441 ὲπιτηρητέον,
2781 2368 2859 2432 ὡς
2887 2366 3172 2431 ἁπολύτως
3197 2363 3370 2436 Σοφία
3394 2364 3737 2433 ὠνόμασται·

1103 1519 1258 1577 CAP.
1300 1521 1364 1578 ll.
2073 1530 2118 1586 Β

446 1614 723 1682 Quomodo
760 1613 917 1678 illud,
971 1632 990 1665 ι
1023 1612 1278 1668 Dominus
1308 1612 1540 1667 condidit
1586 1628 1668 1667 me
1712 1611 2027 1681 principium

509 1687 716 1741 uiarum
745 1687 882 1752 ejus,
910 1703 929 1736 ι
968 1697 1012 1738 et
1042 1698 1159 1753 quin
1186 1693 1494 1749 sequuntur,
1522 1684 1748 1753 intelligi
1781 1682 2024 1737 debeant.

510 1756 582 1826 Et
624 1756 882 1826 quomodo
937 1752 1221 1809 Marcellus
1262 1769 1328 1807 ea
1375 1752 1647 1808 transtulit
1698 1756 1767 1808 ad
1816 1769 2028 1808 carnem

512 1825 812 1883 Seruatoris
838 1834 1156 1893 susceptam.

509 1918 638 1975 Haec
671 1918 741 1973 de
773 1918 952 1988 seipsa
987 1916 1042 1972 in
1076 1915 1393 1972 Proverbiis
1422 1914 1721 1987 Sapientia.
1756 1916 2029 1988 integrum

437 2025 570 2067 vero
602 2009 782 2066 locum
816 2008 1126 2065 necessario
1157 2009 1448 2077 descripsi,
1490 2021 1548 2064 ut
1591 2018 1850 2080 appareat
1880 2025 2031 2066 eam-

436 2101 562 2157 dem
594 2114 882 2171 personam
932 2100 1049 2155 haec
1092 2100 1276 2155 omnia
1316 2098 1551 2155 locutam
1583 2113 1600 2155 :
1632 2115 1730 2155 nec
1776 2102 2031 2157 transitio

437 2193 511 2249 sit
547 2191 868 2248 intermedia
905 2190 972 2246 de
1001 2188 1233 2261 persona
1259 2189 1327 2244 ad
1361 2205 1672 2261 personam.
1712 2190 1837 2246 Haec
1864 2193 2032 2263 igitur

438 2285 508 2340 de
542 2284 718 2354 seipsa
752 2282 915 2340 docet
964 2292 1020 2338 et
1069 2283 1307 2338 ostendit
1348 2282 1649 2352 Sapientia.
1702 2281 1807 2338 Ubi
1860 2284 2031 2354 inpri-

438 2376 546 2432 mis
607 2383 849 2441 notetur,
908 2373 1053 2445 quod
1107 2388 1168 2430 se
1218 2373 1498 2431 indeﬁnite
1555 2374 1890 2446 Sapientiam
1938 2389 2032 2431 vo—

433 2477 520 2523 cet
548 2484 562 2520 :
592 2462 705 2536 Ego
731 2466 890 2528 enim,
907 2463 1103 2532 inquit,
1118 2464 1367 2518 constitui
1391 2463 1711 2528 consilium;
1737 2479 1850 2521 non
1882 2465 2027 2535 adji-

432 2559 597 2623 citur,
622 2555 906 2625 Sapientia
954 2554 1073 2609 Dei.
1111 2552 1218 2608 Sed
1252 2564 1413 2624 prout
1451 2554 1713 2609 scribitur
1756 2554 1826 2610 ab
1862 2569 2031 2611 evan-

2144 2458 2293 2531 Ἐγὼ
2319 2459 2462 2531 γὰρ,
2506 2460 2663 2532 φησὶ,
2719 2459 3159 2528 κατεσκήνωσα
3197 2456 3467 2525 βουλὴν,
3497 2456 3596 2509 καὶ
3637 2455 3741 2509 οὐκ

2132 2542 2370 2625 εἴρηται,
2398 2553 2591 2622 Σοφία
2621 2552 2729 2608 τοῦ
2761 2552 2910 2607 Θεοῦ
2928 2569 2943 2583 ·
2971 2551 3088 2606 ἀλλ’
3124 2550 3313 2626 ὥσπερ
3355 2549 3510 2621 παρὰ
3537 2545 3618 2617 τῷ
3644 2546 3737 2599 εύ-

430 2648 645 2719 gelista,
688 2645 758 2700 In
798 2645 1058 2712 principio
1099 2653 1210 2698 erat
1266 2640 1491 2698 Verbum
1507 2643 1578 2711 ⁸³,
1618 2642 1921 2699 indeﬁnite.
1961 2643 2030 2698 Et

431 2754 645 2804 rursus,
688 2737 915 2793 Verbum
956 2746 1070 2790 erat
1116 2734 1258 2805 apud
1314 2735 1478 2790 Deum
1497 2735 1545 2769 “
1583 2753 1599 2789 :
1638 2749 1738 2790 nec
1790 2737 2025 2799 dicitur,

438 2829 667 2887 Verbum
707 2830 823 2894 Dei,
852 2843 921 2885 ne
958 2827 1082 2898 quis
1115 2837 1372 2897 tanquam
1403 2827 1661 2898 quiddam
1691 2825 1915 2883 relative
1943 2828 2028 2881 di-

430 2937 580 2983 ctum
619 2932 907 2979 autumet:
945 2936 1122 2993 neque
1157 2931 1416 2992 tanquam
1449 2919 1704 2975 accidens
1749 2918 2023 2988 quoddam
2051 2905 2094 2964 C

432 3016 565 3081 Dei;
601 3013 697 3069 sed
739 3021 799 3069 ut
838 3012 1028 3068 vivens
1067 3020 1123 3069 et
1154 3011 1506 3067 subsistens:
1551 3010 1693 3064 unde
1735 3009 1919 3075 addit,
1951 3007 2025 3063 Et

428 3107 573 3162 Deus
602 3115 737 3172 erat,
773 3120 884 3159 non
916 3104 1012 3160 Dei
1044 3110 1186 3166 erat,
1224 3100 1475 3157 Verbum.
1508 3100 1869 3168 Adgeumdem
1909 3116 2027 3157 mo-

429 3196 559 3251 dum
599 3195 668 3252 de
692 3194 972 3265 Sapientia
1020 3194 1281 3266 loquitur.
1320 3192 1498 3250 Unum
1531 3204 1652 3251 erat
1679 3196 1824 3251 enim
1858 3205 2023 3267 atque

432 3290 576 3346 idem
607 3289 751 3345 Deus
788 3286 1025 3344 Verbum
1074 3295 1131 3342 et
1174 3285 1481 3359 Sapientia.
1516 3287 1787 3356 Quocirca
1821 3290 2020 3346 dicitur

428 3378 711 3435 indeﬁnite
742 3379 795 3434 in
829 3377 1164 3442 Proverbiis,
1198 3393 1307 3433 non
1338 3376 1516 3434 solum
1540 3379 1594 3433 in
1619 3393 1783 3449 supra
1813 3395 2021 3435 memo-

428 3471 584 3537 ratis,
628 3471 723 3528 sed
759 3470 881 3526 istis
910 3468 1174 3537 insuper:
1209 3467 1405 3525 Beatus
1433 3469 1514 3525 vir
1549 3470 1639 3539 qui
1682 3470 1876 3525 invenit
1912 3467 2019 3525 Sa-

2131 2646 2431 2717 αγγελιστῇ
2484 2647 2567 2712 τὸ,
2612 2647 2708 2700 Ἐν
2737 2644 2897 2716 ἀρχῇ
2946 2642 3027 2718 ἦν
3074 2647 3109 2700 ό
3157 2644 3389 2713 Λόγος,
3447 2640 3738 2703 ἀπολύτως

2131 2738 2425 2810 ἐγράφετο,
2453 2739 2547 2792 καὶ
2578 2738 2765 2802 πάλιν,
2811 2740 2874 2792 '0
2906 2739 3099 2808 Λόγος
3126 2732 3209 2807 ἦν
3242 2734 3394 2804 πρὸς
3430 2734 3541 2787 τὸν
3560 2732 3736 2787 Θεόν·

2134 2831 2230 2883 καὶ
2256 2830 2356 2884 οὐκ
2380 2830 2494 2903 (58)
2525 2829 2736 2904 εἴρητο,
2769 2833 2803 2884 ό
2827 2831 3021 2902 Λόγος
3050 2828 3158 2883 τοῦ
3195 2826 3366 2890 Θεοῦ,
3395 2826 3484 2880 ἵνα
3514 2825 3591 2896 μὴ
3625 2824 3740 2875 τῶν

2128 2923 2266 2991 πρός
2293 2941 2346 2978 τι
2368 2923 2568 2995 νομίσῃ
2598 2941 2685 2988 τις
2727 2924 2892 2978 αὑτὸν
2926 2921 3219 2993 λέγεσθαι,
3259 2919 3384 2992 μηδ’
3412 2919 3490 2983 ὡς
3527 2915 3741 2987 συμϐε-

2128 3016 2338 3090 ϐηκότα
2367 3019 2429 3071 ὲν
2474 3016 2555 3088 τῷ
2602 3015 2743 3088 Θεῷ,
2789 3016 2905 3071 ἀλλ’
2931 3016 3008 3080 ὡς
3052 3013 3345 3086 ὑφεστῶτα
3384 3013 3480 3066 καὶ
3514 3010 3697 3076 ζῶντα
3720 3026 3736 3037 ·

2124 3110 2206 3164 διὸ
2236 3109 2499 3178 ἐπιλέγει,
2530 3110 2643 3165 Kal
2683 3110 2830 3177 Θεὸς
2855 3105 2935 3179 ἦν
2960 3111 2993 3163 ό
3018 3109 3233 3178 Λόγος,
3272 3107 3375 3160 οὐκ
3410 3103 3609 3182 εἰπὼν,
3634 3105 3739 3158 καί

2126 3201 2367 3275 Θεοῦῆν
2388 3207 2421 3258 ό
2454 3206 2665 3276 Λόγος.
2699 3203 2857 3259 Οὕτω
2891 3202 2987 3256 καὶ
3024 3200 3120 3254 ἐπὶ
3140 3200 3239 3271 τῆς
3273 3198 3495 3266 Σοφίας·
3525 3195 3584 3248 ἓν
3618 3196 3735 3267 γὰρ

2122 3296 2219 3350 καὶ
2240 3294 2440 3348 ταύτὸν
2457 3289 2528 3368 ἦν
2547 3297 2576 3348 ὁ
2595 3294 2730 3359 Θεὸς
2749 3294 2924 3363 Λόγος
2946 3293 3041 3347 κει.)⁵
3061 3294 3095 3364 ἡ
3117 3290 3309 3361 Σοφία.
3327 3289 3421 3343 Διὸ
3444 3288 3741 3351 ἀπολύτως

2122 3391 2181 3443 ὲν
2204 3391 2327 3453 ταῖς
2339 3388 2674 3460 Παροιμίαις
2704 3384 3053 3459 ὀνομάζεται,
3088 3382 3145 3436 ἐν
3179 3399 3241 3435 τε
3277 3383 3393 3445 τοῖς
3418 3379 3743 3454 προτεθεῖσι

2121 3482 2309 3552 ῥητοῖς
2336 3497 2349 3511 ·
2369 3480 2430 3532 οὐ
2452 3479 2561 3551 μὴν
2584 3477 2722 3533 ἀλλὰ
2748 3479 2845 3532 καὶ
2858 3478 2925 3532 δι’
2947 3471 3022 3531 ὧν
3043 3475 3156 3549 (59)
3190 3474 3379 3528 τοῦτον
3394 3475 3614 3544 εἴρηται
3640 3474 3744 3527 τὸν

423 3565 681 3637 pientiam
697 3564 764 3620 ⁸⁸.
793 3562 880 3631 Ει,
905 3560 1045 3616 Deus
1070 3562 1125 3615 in
1149 3558 1425 3630 Sapientia
1455 3560 1700 3631 [undavit
1733 3572 1928 3617 terram
1946 3561 2014 3614 ⁸⁸.
2117 3588 2123 3605 ι

2201 3569 2340 3623 ὅτων·
2360 3566 2664 3637 Μακάριος
2682 3566 2836 3636 ἀνὴρ
2852 3565 2920 3633 ὃς
2935 3560 3075 3634 εὗρε
3091 3564 3338 3634 Σοφίαν·
3360 3563 3477 3627 καὶ,
3496 3563 3559 3616 '0
3582 3562 3744 3629 Θεὸς

424 3657 514 3722 Et,
545 3654 671 3710 Dixi
702 3654 992 3723 Sapientiae
1012 3667 1032 3707 :
1055 3651 1224 3708 Soror
1248 3652 1377 3706 milii
1405 3668 1460 3707 es
1480 3651 1547 3707 ⁸⁷.
1576 3652 1664 3718 Et,
1698 3656 1774 3708 Tu
1806 3669 2017 3707 annun-
2116 3680 2123 3709 τ

2216 3661 2407 3731 Σοφίᾳ,
2433 3660 2796 3729 ἐθεμελίωσε
2820 3658 2938 3727 τὴν
2966 3656 3104 3727 γῆν·
3122 3657 3238 3720 καὶ,
3258 3651 3452 3710 Εἶπον
3466 3653 3587 3724 τὴν
3618 3658 3742 3709 Σο-

423 3749 556 3802 tiato
603 3744 952 3815 Sapientiam,
996 3753 1053 3797 ut
1113 3743 1253 3798 adsit
1306 3743 1400 3798 tibi
1453 3744 1803 3816 intelligentia
1831 3745 1899 3799 ⁸⁸.
1929 3746 2013 3809 Et,
2116 3775 2123 3819 έ

2201 3749 2386 3823 zr(60)
2399 3749 2525 3819 σὴν
2539 3749 2816 3819 ἀδελφὴν
2825 3745 2998 3803 εἶναι·
3015 3748 3223 3813 καὶ,Σὺ
3239 3746 3599 3816 τὴνΣοφίαν
3625 3746 3741 3815 κή-

424 3835 783 3894 Prtestantior
813 3847 885 3890 est
917 3832 1191 3904 Sapientia
1221 3834 1487 3904 lapidibus
1506 3837 1747 3907 pretiosis
1763 3837 1906 3900 “.rIs
1929 3836 2015 3901 Et,
2090 3828 2091 3831 V
2107 3866 2123 3909 Α

2201 3841 2323 3906 Εον,
2340 3841 2441 3894 Ζνα
2451 3840 2750 3910 φρόνησίς
2760 3856 2857 3894 σοι
2870 3837 3364 3907 ὲπακολουθήσῃ·
3381 3837 3496 3900 καὶ,
3510 3837 3742 3903 lips-('0'-

425 3928 703 3999 Sapientia
737 3927 1022 3998 aediﬁcavit
1053 3927 1153 3982 sibi
1184 3928 1405 3989 domum
1435 3942 1455 3981 :
1484 3936 1534 3982 et
1564 3927 1759 3981 excidit
1812 3928 2017 3983 colum-
2115 3955 2123 3984 ‹

2201 3949 2246 3985 ιν
2256 3931 2365 4003 γὰρ
2375 3933 2566 4002 Σοφία
2578 3931 2763 3986 λιθῶν
2774 3930 3149 3986 πολυτελῶν·
3165 3930 3280 3995 καὶ,
3297 3930 3361 3987 Ἠ
3376 3928 3743 3999 Σοφίαῲκο-

423 4033 521 4073 nas
549 4027 742 4085 septem
756 4016 826 4082 η,
856 4026 912 4072 et
945 4030 1066 4085 quac
1093 4016 1180 4071 his
1209 4015 1531 4087 congemina
1560 4015 1614 4071 in
1655 4017 1847 4072 eodem
1877 4018 2015 4075 libro
2115 4046 2123 4076 ι

2201 4040 2385 4092 μησεν
2411 4023 2598 4094 ἑαυτῇ
2612 4020 2801 4089 οἷκον,
2824 4023 2926 4077 καὶ
2946 4022 3243 4091 ὐπήρεισε
3265 4023 3536 4088 στόλους
3551 4021 3739 4084 ἑπτὰ,

425 4105 790 4175 reperiuntur.
832 4103 1047 4175 Ubique
1106 4103 1384 4160 indefinite
1442 4113 1672 4160 vocatur
1708 4103 2013 4176 Sapientia,
2116 4134 2123 4164 τ

2201 4115 2364 4172 ιᾶλλα
2388 4117 2601 4183 τούτοις
2628 4115 2834 4188 ἀδελφὰ
2852 4119 2911 4171 ἐν
2935 4119 3002 4188 τῇ
3025 4117 3164 4189 αύτῇ
3189 4115 3417 4187 φέρεται
3436 4114 3636 4187 βίϐλῳ.
3654 4114 3738 4169 Δι’

421 4211 692 4267 nusquam
726 4211 880 4263 vero,
927 4196 1022 4250 Dei
1049 4193 1347 4261 Sapientia,
1380 4204 1441 4251 ut
1465 4210 1532 4251 ne
1572 4196 1724 4252 illam
1754 4198 2012 4254 accidens
2043 4227 2123 4281 nt

2219 4209 2460 4281 οὐδαμοῦ
2481 4210 2675 4281 Σοφία
2704 4209 2852 4264 Θεοῦ
2884 4209 3226 4281 ὠνόμασται·
3247 4206 3388 4261 ἀλλά
3400 4207 3738 4280 ἀδιορίστως

419 4286 693 4358 quoddam
744 4285 855 4342 Deo
882 4288 1245 4353 arbitremur;
1285 4296 1346 4341 ut
1378 4286 1663 4343 scientiam
1698 4288 1752 4343 in
1782 4290 1901 4344 viro
1932 4291 2014 4345 in-
2044 4285 2090 4307 ν
2119 4321 2123 4358 ς

2201 4302 2358 4373 ἱοφία,
2372 4303 2460 4357 ἵνα
2477 4305 2553 4376 μὴ
2571 4302 2839 4375 σύμϐαμά
2853 4321 2905 4357 τι
2920 4301 3237 4375 νομίσωμεν
3249 4300 3422 4373 αὐτὴν
3438 4297 3587 4355 εἶναι
3602 4301 3737 4373 περὶ

422 4379 686 4451 telligenti
714 4397 729 4434 :
758 4379 855 4435 sed
905 4378 1294 4434 subsistentem
1333 4388 1389 4435 et
1434 4379 1611 4435 vivam
1648 4379 2008 4450 Sapientiam,
2118 4412 2123 4428 .

2201 4409 2209 4440 ν
2244 4392 2399 4458 Θεὸν,
2432 4393 2508 4458 ὼς
2528 4395 2587 4448 ὲν
2610 4393 2687 4466 τῷ
2709 4395 3038 4467 ὲπιστήμονι
3068 4394 3226 4466 ἀνδρὶ
3258 4392 3357 4464 τὴν
3383 4395 3734 4465 ἐπιστήμην,

417 4469 667 4525 eumdem
699 4466 877 4539 ipsam
909 4483 1031 4523 cum
1068 4466 1208 4524 Filio
1241 4468 1359 4525 Dei.
1391 4469 1545 4537 Quod
1584 4471 1630 4525 si
1665 4472 1787 4543 quis
1823 4474 2012 4529 existi-
2111 4507 2123 4538 λ

2201 4485 2232 4537 κ’
2246 4484 2566 4555 ὑφεστῶσαν
2590 4488 2686 4539 καὶ
2703 4485 2885 4551 ζῶσαν
2900 4466 2903 4467 ν
2918 4486 3120 4556 Σοφίαν
3132 4485 3230 4557 τὴν
3246 4484 3419 4558 αὐτὴν
3439 4481 3617 4540 οὖσαν
3652 4486 3737 4556 τῷ

418 4571 532 4618 met
559 4562 703 4640 hanc
722 4559 1056 4631 Sapientiam
1082 4560 1327 4616 habitum
1354 4574 1474 4618 esse
1495 4563 1787 4633 quemdam
1815 4564 1868 4618 in
1899 4564 2012 4621 Deo
2119 4577 2123 4585 ‘

2201 4576 2236 4649 ᾧ
2262 4577 2355 4631 τοῦ
2382 4577 2538 4633 Θεοῦ.
2563 4579 2627 4632 Et
2648 4578 2706 4632 δέ
2728 4596 2813 4643 τις
2845 4578 2959 4644 ἕξιν
2996 4580 3055 4634 ὲν
3082 4576 3161 4651 τῷ
3187 4578 3307 4650 Θεῷ
3334 4578 3511 4652 σοφὴν
3543 4580 3679 4635 καθ’
3703 4581 3734 4633 ὂ

418 4655 742 4726 sapientem,
775 4654 1074 4709 secundum
1119 4669 1278 4725 quem
1332 4655 1534 4711 dicitur
1565 4654 1713 4710 Deus
1748 4657 1963 4725 sapiens
1992 4676 2007 4713 :
2118 4686 2123 4698 ι

2201 4668 2347 4741 ιῦμεν
2372 4671 2464 4724 τὸν
2494 4669 2628 4726 Θεὸν
2664 4669 2828 4742 σοφὸν
2858 4670 3122 4724 ὑπολάϐοι
3162 4665 3303 4723 εἶναι
3347 4670 3447 4743 τὴν
3482 4670 3734 4725 ἐνταῦθα

419 4745 606 4801 audiat
655 4745 700 4800 is
751 4744 1092 4814 Scripturam
1145 4747 1442 4813 dicentem,
1497 4746 1627 4802 Dixi
1681 4745 2010 4819 Sapientiam
2110 4757 2123 4812 ζ

2201 4760 2418 4833 Γομένην
2434 4761 2653 4831 Σοφίαν,
2690 4763 3051 4817 ἐπακουσάτω
3069 4761 3336 4831 λεγούσης
3350 4761 3454 4831 τῆς
3470 4762 3729 4833 Γραφῇ.

417 4854 652 4893 sororem
699 4839 924 4893 luant“.
961 4838 1095 4905 Quis
1142 4854 1272 4895 vero
1319 4840 1456 4895 adeo
1486 4839 1616 4894 velit
1654 4839 1918 4907 insanire,
1950 4851 2010 4896 ut
2105 4892 2123 4902 ..

2201 4864 2309 4903 πον
2345 4849 2461 4918 τὴν
2488 4852 2718 4920 Σοφίαν
2749 4851 2876 4920 σὴν
2912 4850 3189 4920 ἀδελφὴν
3219 4847 3397 4906 εἶναι.
3441 4850 3540 4915 Τίς
3581 4851 3630 4905 δ’
3664 4851 3731 4905 ἂν

421 4930 589 4986 Deum
620 4929 919 4997 existimet,
950 4930 1043 5003 qui
1074 4941 1158 4988 est
1199 4946 1366 5003 super
1395 4931 1600 4996 omnia,
1633 4941 1690 4988 et
1733 4947 1890 4988 suam
1924 4950 2014 4990 εει-
2116 4962 2123 4987 ‹

2201 4957 2262 4994 ιω
2290 4942 2507 5014 μανείη,
2539 4943 2616 5007 ὡς
2644 4943 2735 4998 τὸν
2770 4945 2863 4998 ἐπὶ
2911 4944 3132 4999 πάντων
3173 4942 3307 4997 Θεὸν
3326 4984 3342 5009 ,
3387 4944 3487 4997 καὶ
3529 4942 3639 5015 τὴν
3668 4945 3730 4995 ἐν

496 5141 557 5200 ›Ῑ4
590 5135 691 5191 Ed.
724 5135 924 5201 Paris..

890 5209 922 5226 ρ

419 5204 467 5236 ,ς
496 5140 924 5236 ἐξά-,Ἔβερ
961 5154 1095 5236 νθξι
1121 5140 1261 5236 3.5.9:
1291 5141 1418 5236 ‘§9-
1447 5214 1510 5236 η,
1530 5143 1578 5176 ⁸³
1606 5140 1837 5236 {2’31}:
1865 5144 1921 5201 ¹ο
1998 5146 2048 5236 ’ἴ
2070 5147 2123 5205 δι)

2201 5195 2257 5236 ,λ
2319 5149 2367 5183 ιι
2383 5149 2550 5205 Prov.
2565 5166 2664 5236 ἰιι,
2692 5150 3011 5207 15.»:an
3045 5150 3133 5206 19.

495 5207 655 5262 Prov.
698 5222 849 5272 χχιιι,
889 5209 943 5264 5.

1050 5154 1085 5241 ta.
1134 5148 1258 5206 H9,
1291 5148 1418 5198 150.
1530 5148 1578 5176 ⁸³
1606 5148 1760 5198 Joan.
1794 5160 1837 5209 ι,
1865 5148 1921 5201 Ι.
1998 5148 2048 5180 ’δ
2070 5148 2123 5205 ib

1074 5212 1095 5242 θ
1121 5210 1261 5242 Dm."
1331 5227 1391 5242 ιη
1444 5214 1510 5242 AR
1621 5214 1668 5242 an
1698 5212 1835 5242 Π-Λ..
1892 5232 1944 5242 ...
2015 5219 2036 5242 ι

2201 5195 2257 5242 .n
2295 5149 2367 5242 *ξ’
2383 5149 2664 5242 ,ῐῖτονηιιμ
2692 5150 2781 5207 15.
2808 5150 3011 5206 "ibid.
3045 5150 3133 5206 l9.
3239 5149 3286 5180 ⁸⁷
3314 5148 3485 5208 Prov.
3524 5165 3637 5215 vn,
3670 5148 3729 5203 ι,

1121 5210 1284 5267 Prov.
1330 5227 1412 5279 ιιι,
1444 5214 1532 5268 15.
1621 5214 1668 5246 ⁹⁰
1697 5212 1856 5289 Prov.
1892 5232 1971 5285 Ix,
2013 5219 2066 5276 1.
2143 5221 2187 5254 ⁹¹
2216 5218 2380 5276 Prov.
2417 5236 2513 5288 vn,
2553 5220 2610 5275 4.

494 5382 611 5453 (56)
638 5380 811 5453 Vulgo
845 5399 956 5439 om.
983 5384 1062 5439 δέ.
2094 5414 2123 5454 c

492 5446 606 5523 (55)
638 5451 807 5523 Vulgo
821 5455 1250 5523 ὑπερουρανίων.
2093 5486 2123 5523 c

2201 5399 2546 5523 ἡΒοιιιοίτιιιο
2577 5398 2875 5470 legebatur.
2909 5398 3092 5475 [μὴ
3116 5400 3231 5458 haec
3259 5400 3316 5457 in
3364 5410 3581 5458 textum
3634 5419 3731 5460 re-

1420 5530 1642 5613 Rectjus
1692 5538 1833 5608 apud
1861 5554 1991 5606 ιη,
2093 5486 2123 5525 c

2318 5541 2493 5613 Vulgo
2519 5540 2630 5594 τῶν
2666 5540 2826 5613 ἀνθρ.

662 5594 896 5683 lallare?
944 5595 1145 5683 explet
1184 5597 1263 5653 τὰ
1285 5599 1440 5683 ,ἄνω
1494 5601 1686 5683 νέφῃ·
1730 5594 1855 5663 ’καὶ

2201 5594 2281 5683 ss)
2316 5594 2484 5683 ginis
2515 5613 2757 5683 ετρηται.

434 5615 631 5648 arma
662 5615 896 5675 έσχυρα
944 5615 1145 5683 εποιειι
1184 5615 1263 5653 τα
1285 5615 1440 5680 ,ανω
1494 5615 1686 5673 νεφη··
1755 5615 1855 5663 καὶ
1915 5615 1995 5676 ὡς
2168 5615 2259 5680 (58
2316 5615 2482 5682 Vulgo
2515 5615 2703 5683 εῐρητα

417 5666 744 5752 εἰσφαλειςῇ
757 5665 949 5752 ετίθεεΔ
974 5678 1192 5752 naturai;
1239 5686 1350 5750 της
1405 5673 1507 5752 ῥεῖ’
1550 5677 1825 5752 οὐρανόν
1851 5696 1866 5712 ο
1895 5681 1994 5733 καὶ
2169 5615 2284 5752 (59;
2322 5682 2494 5752 Vulgo
2518 5681 2703 5734 τοῦτο.

422 5732 644 5802 ισχυρὰ
666 5734 854 5788 ἐποίει
876 5733 951 5790 τὰ
968 5732 1212 5807 θεμέλια
1238 5732 1349 5810 τῆς
1378 5740 1509 5812 γῆς.
1544 5732 1824 5810 Quomodo
1853 5732 1991 5805 etin

2201 5732 2281 5830 ea;
2322 5732 2488 5823 vaga
2515 5732 2693 5823 in."
2724 5752 2727 5755 ·
