3828 6222
190 324 282 382 975
1185 325 1275 382 DE
1315 324 1857 384 ECCLESIASTECA
1898 327 2293 386 THEOLOGIA
2330 329 2463 388 LIB.
2502 329 2594 386 111.

187 441 321 514 αὐτῷ
346 441 458 516 (61)
493 442 665 516 σοφὴν
692 439 806 509 ἕξιν
844 442 1140 498 ὑπολαϐεῖν
1172 442 1407 516 ἀδελφην
1432 441 1541 497 τῶν
1574 444 1632 497 ὲν
1658 443 1755 497 ἀν-

1858 443 2140 515 pientiam,
2164 459 2410 507 sororem
2438 444 2588 501 dicat
2614 444 2936 500 nominatim
2965 444 3208 501 habitum
3257 459 3448 505 eorum

187 533 408 609 θρώποις
440 535 850 608 κατορθούντων
875 535 1166 606 λέγεσθαι;
1192 536 1257 589 Et
1281 535 1340 590 δὲ
1365 535 1459 589 ἐπὶ
1494 534 1587 589 τὸν
1620 535 1759 607 Χρι-

188 629 297 683 στὸν
326 627 421 682 τοῦ
448 626 586 682 Θεοῦ
622 628 877 693 ἐκλάϐοις
914 629 976 683 τὸ
1008 627 1321 701 εἰρημένον,
1366 627 1602 701 Χριστὸς
1652 626 1761 699 γὰρ

185 720 307 776 Θεοῦ
329 721 558 791 δύναμις
587 721 685 776 καὶ⁵
724 721 861 775 Θεοῦ
892 722 1093 792 Σοφία,
1129 721 1282 774 οὐδὲν
1323 719 1575 791 ἐμποδὼν
1610 719 1761 773 ἔσται

183 816 245 887 τῇ
287 814 522 885 διανοίᾳ,
564 813 688 869 ἐπεὶ
722 814 817 870 καὶ
855 814 953 886 τὴν
984 814 1122 887 πρὸς
1163 816 1311 887 ἡμᾶς
1339 814 1442 867 οὑκ
1481 813 1761 867 ἀναίνεται

186 907 510 981 ἀδελφότητα
557 908 624 962 δι’
656 908 963 981 ὑπερϐολὴν
1011 907 1447 980 φιλανθρωπίας.
1506 908 1571 961 El
1601 907 1760 961 δὲ·ἒν

184 1001 271 1057 καὶ
288 1000 478 1055 ταύτὸν
500 995 569 1071 ἦν
600 1000 630 1053 6
653 998 810 1066 Θεὸς,
849 1001 945 1055 καὶ
981 1002 1016 1073 ἡ
1044 1001 1102 1054 ὲν
1122 1002 1244 1063 ταῖς
1272 998 1605 1071 Παροιμίαις
1648 1000 1761 1054 είσ-

182 1093 411 1165 ἀγομένη
424 1092 596 1163 Σοφία
607 1091 719 1158 ἕξις
735 1088 870 1146 οὖσα
892 1093 1030 1164 σοφὴ
1059 1095 1117 1147 ἐν
1146 1092 1296 1164 αὐτῷ
1319 1091 1604 1165 νοουμένη,
1626 1091 1762 1147 καθὸ

182 1179 335 1249 σοφὸς
360 1181 388 1233 6
417 1179 571 1243 Θεὸς,
605 1181 659 1233 τί
684 1180 922 1234 ἐκώλυεν
950 1181 1072 1235 ἀντὶ
1114 1185 1216 1254 τῆς
1264 1181 1466 1251 Σοφίας
1509 1182 1599 1236 τὸν
1626 1181 1759 1236 Θεὸν

178 1271 600 1345 ἀναγεγράφθαι;
616 1271 758 1326 ὥστε
768 1273 850 1341 τὸ,
884 1273 1148 1343 ἨΣοφία
1167 1274 1555 1344 ᾠκοδόμησεν
1573 1274 1761 1345 ἑαυτῇ

175 1359 356 1430 οἷκον,
378 1363 476 1417 καὶ
511 1363 804 1433 ὐπήρεισε
830 1366 1099 1433 στύλους
1126 1365 1296 1432 ἑπτὰ,
1326 1369 1420 1420 καλ⁵
1449 1367 1517 1421 τά
1551 1367 1760 1433 τούτοις

177 1456 490 1528 συνημμένα
526 1458 775 1530 εἰρῆσθαι
807 1458 930 1513 ἀντὶ
957 1457 1075 1525 τοῦ,
1112 1459 1163 1512 '0
1193 1460 1341 1525 Θεὸς
1368 1460 1759 1533 ᾠκοδόμησεν

174 1546 359 1613 ἐαυτῷ
371 1544 560 1617 οἷκον,
575 1550 670 1604 καὶ
691 1549 760 1604 τά
782 1550 911 1622 ὲξῆς
937 1567 951 1581 ·
976 1555 1073 1605 καὶ
1097 1551 1261 1605 πάλιν
1286 1553 1411 1606 ἀντὶ
1428 1555 1542 1608 τοῦ·
1564 1553 1758 1611 Εἶπον

174 1639 285 1709 τὴν
311 1641 540 1709 Σοφίαν
572 1641 697 1708 σὴν
725 1639 1007 1710 ἀδελφὴν
1034 1637 1220 1708 εἶναι,
1256 1641 1508 1715 λελέχθαι
1532 1686 1546 1711 ,
1567 1641 1757 1701 Εἶπον

170 1732 277 1786 τὸν
306 1732 456 1786 Θεὸν
486 1733 604 1787 σὸν
629 1732 901 1803 ἀδελφόν
929 1730 1105 1790 εἶναι.
1160 1733 1300 1788 Ἀλλ’
1348 1738 1482 1809 ὁρᾷς
1530 1738 1607 1802 ὼς
1656 1738 1754 1811 τὴν

170 1822 335 1896 ἀκοὴν
377 1823 603 1897 πλήττει
647 1827 679 1896 ἡ
721 1825 944 1897 τοιαύτη
980 1826 1155 1898 φωνὴ,
1198 1827 1299 1881 οὑκ
1336 1827 1537 1899 ἔχουσα
1582 1830 1755 1902 ἁρμο-

169 1916 304 1970 νίαν.
330 1917 459 1971 Είδ⁹
493 1918 586 1971 ἐπὶ
608 1917 702 1971 τὸν
730 1918 858 1973 Υἱὸν
882 1919 1133 1983 ὲκλάϐοις
1154 1919 1223 1973 τὰ
1253 1920 1433 1989 λόγια,
1458 1921 1624 1985 αὐτὸς
1641 1922 1753 1995 γὰρ

167 2003 293 2079 ἦνή
328 2008 517 2079 Σοφία,
561 2009 739 2063 πάντα
776 2026 859 2063 σοι
898 2009 1175 2082 εὑροήσει,
1207 2009 1435 2082 μηδενὸς
1459 2011 1753 2077 δυσσεϐοῦς

165 2101 432 2174 νοήματος
484 2100 735 2173 ἐμποδὼν
798 2102 1087 2174 ἱσταμένου
1111 2142 1125 2168 ,
1154 2103 1753 2177 συνεπιμαρτυροῦντος

163 2195 258 2249 τοῦ
295 2194 588 2250 ἀποστόλου
633 2193 870 2261 Παύλου,
914 2194 974 2259 ὃς
1019 2194 1111 2249 τὸν
1156 2196 1385 2268 Σωτῆρα
1416 2196 1511 2251 καὶ
1545 2197 1750 2270 Κύριον

165 2287 319 2360 ἡμῶν
359 2287 566 2358 Ἰησοῦν
593 2287 828 2361 Χριστὸν
860 2287 1089 2359 λαμπρᾷ
1109 2290 1178 2360 τῇ
1212 2291 1363 2361 φωνῇ
1396 2289 1595 2359 Σοφίαν
1616 2288 1752 2345 ὠνό-

166 2396 336 2451 μασεν
364 2377 553 2434 εἰπών·
580 2379 835 2448 Χριστὸς
862 2379 1009 2434 Θεοῦ
1043 2379 1298 2450 δύναμις
1329 2381 1430 2435 καί
1465 2381 1613 2437 Θεοῦ
1643 2386 1753 2438 Σο-

160 2472 289 2539 φία.
313 2470 530 2526 Τούτων
560 2465 665 2526 ὧδέ
714 2488 793 2543 πη
843 2471 1411 2543 κατασκευασμένων,
1456 2472 1751 2528 ἀκόλουθόν

160 2564 278 2616 ἐστι
301 2563 440 2638 μετά
461 2563 570 2617 τῶν
591 2562 1030 2637 προεκτεθέντων
1064 2564 1341 2629 ἁπάντων,
1369 2562 1430 2630 ἐξ
1461 2567 1625 2619 αὑτοῦ
1653 2565 1749 2620 τοῦ

158 2656 455 2730 προσώπου
482 2656 577 2710 καί⁹
604 2656 685 2721 τὸ,
725 2657 940 2726 Κύριος
970 2657 1175 2711 ἐκτισέ
1220 2673 1297 2727 με
1341 2657 1541 2727 ἀρχὴν
1594 2656 1751 2712 ὁδῶν

157 2745 345 2802 αὐτοῦ
372 2748 459 2812 είς
483 2740 630 2817 ἔργα
659 2747 870 2811 αὐτοῦ,
901 2745 1184 2817 λελέχθαι·
1232 2748 1281 2800 εί
1311 2747 1367 2801 δὲ
1399 2748 1547 2817 λέγοι
1598 2749 1750 2803 ἐκτί-

159 2837 284 2892 σθαι
330 2837 441 2909 (62)
482 2839 698 2905 ἑαυτὸν,
739 2840 840 2911 οὐχ
874 2839 950 2905 ὡς
995 2842 1062 2896 ἐκ
1102 2839 1198 2893 τοῦ
1253 2841 1327 2912 μὴ
1372 2840 1525 2906 ὄντος
1567 2844 1648 2906 είς
1687 2841 1751 2896 τὸ

155 2927 298 2987 εἶναι
344 2930 653 3004 παρελθὼν,
685 2931 832 2987 τοῦτ’
864 2932 931 2987 ἂν
962 2932 1127 2999 εἴποι,
1159 2934 1271 2987 οὐδ’
1297 2933 1373 2996 ὡς
1400 2933 1600 3006 ὁμοίως
1632 2937 1748 3000 τοῖς

152 3024 363 3089 λοιποῖς
396 3024 679 3099 κτίσμασι,
715 3025 810 3079 καὶ
852 3024 1017 3089 αὐτὸς
1048 3025 1117 3078 ὲκ
1153 3025 1249 3079 τοῦ
1297 3025 1372 3097 μὴ
1405 3025 1558 3090 ὄντος
1584 3042 1748 3095 γεγο-

149 3114 283 3181 νὼς,
311 3110 347 3191 ᾖ
370 3134 514 3183 τινες
540 3118 642 3171 οὐκ
664 3116 840 3192 ὀρθῶς
862 3116 1247 3189 ὑπειλήφασιν,
1266 3116 1380 3172 ἀλλ’
1401 3118 1474 3182 ὡς
1500 3117 1749 3187 ὑφεστὼς
1774 3155 1816 3215 C

151 3208 257 3279 μὲν
302 3209 399 3263 καὶ
444 3208 572 3277 ζῶν,
618 3207 803 3280 προών
842 3226 903 3262 τε
946 3208 1043 3261 καὶ
1081 3210 1452 3284 προῡπάρχων
1500 3210 1603 3280 τῆς
1646 3209 1742 3263 τοῦ

148 3300 361 3365 πόντος
389 3298 594 3373 κόσμου
632 3300 965 3364 συστάσεως,
995 3300 1184 3373 ἄρχειν
1218 3300 1274 3355 δὲ
1303 3301 1414 3355 τῶν
1456 3301 1593 3355 ὅλων
1636 3300 1745 3354 ὑπὸ

144 3394 364 3468 Κυρίου
380 3392 474 3447 τοῦ
502 3390 666 3449 αὑτοῦ
685 3394 897 3466 Πατρὸς
919 3393 1395 3467 κατατεταγμένος
1418 3411 1431 3424 ·
1451 3392 1568 3460 τοῦ,
1587 3394 1747 3448 ἔκτι-

145 3500 290 3553 σεν,
323 3486 560 3542 ἐνταῦθα
595 3486 715 3542 ἀντὶ
744 3487 863 3553 τοῦ,
896 3487 1244 3553 κατέταξεν,
1280 3486 1315 3561 ἢ
1341 3487 1741 3556 κατέστησεν,

142 3581 468 3654 εἰρημένου.
500 3581 806 3655 Διαρρήδην
820 3580 951 3650 γοῦν
973 3582 1098 3646 τοὺς
1122 3582 1182 3634 ὲν
1211 3579 1521 3652 ἀνθρώποις
1550 3580 1744 3653 ἄρχον-

139 3689 247 3739 τας
278 3674 375 3730 καὶ
403 3674 679 3746 ἡγεμόνας
710 3674 887 3730 κτίσιν
908 3672 1192 3746 ὠνόμασεν
1219 3674 1248 3727 6
1276 3673 1447 3727 εἰπὼν
1481 3673 1743 3727 Ἀπόστο-

140 3768 261 3834 λος·
316 3765 685 3837 Ὑποτάγητε
729 3765 899 3837 πάσῃ
947 3765 1142 3820 κτίσει
1191 3764 1536 3835 ἀνθρωπίνῃ
1563 3804 1578 3831 ,
1643 3764 1743 3820 διὰ

139 3861 259 3916 τὸν
301 3860 553 3929 Κύριον·
593 3857 716 3912 εἶτε
738 3857 1016 3923 βασιλεῖ,
1063 3858 1143 3922 ὡς
1187 3855 1574 3926 ὑπερέχοντι·
1620 3854 1742 3909 εἴτε

137 3950 465 4022 ἡγεμόσιν,
493 3949 573 4015 ὡς
605 3947 681 4002 δι’
704 3947 894 4003 αὑτοῦ
918 3947 1344 4019 πεμπομένοις.
1368 3946 1479 4000 Καὶ
1503 3946 1532 3998 6
1569 3943 1741 3999 εἰπὼν

133 4042 198 4097 δὲ
211 4041 528 4114 προφήτης,
557 4035 894 4108 Ἐτοιμάζου
915 4038 1023 4093 τοῦ
1037 4037 1452 4093 ἐπικαλεῖσθαι
1466 4034 1577 4091 τὸν
1591 4036 1741 4090 Θεόν

132 4146 265 4188 σου
318 4130 589 4200 Ἰσραήλ·
622 4129 776 4184 διότι
825 4129 954 4184 ἰδοὺ
989 4129 1255 4198 στερεῶν
1290 4129 1584 4197 βρόντην,
1634 4126 1737 4181 καί.

130 4223 360 4287 κτίζων
385 4222 643 4293 πνεῦμα,
678 4221 778 4276 καὶ
830 4220 1222 4294 ἀναγγέλλων
1249 4222 1336 4286 είς
1386 4218 1739 4289 ἀνθρώπους

129 4317 251 4371 τὸν
278 4315 545 4385 Χριστόν
583 4314 789 4370 αὐτοῦ.
821 4314 935 4368 Καὶ
963 4314 1044 4378 τὸ,
1080 4311 1378 4384 Γραφήτω
1420 4310 1532 4385 (65)
1580 4311 1737 4381 αὕτη

124 4411 225 4477 εις
266 4407 487 4478 γενεὰν
508 4406 739 4477 ἑτέραν,
768 4405 869 4461 καὶ
896 4405 1048 4475 λαὸς
1077 4409 1110 4460 ό
1141 4404 1479 4475 κτιζόμενος
1507 4402 1739 4458 αἰνέσει

1860 535 1952 606 qui
2005 535 2148 592 inter
2199 536 2450 594 homines
2522 547 2673 592 recta
2753 538 3091 608 operantur?
3124 536 3276 606 Quod
3307 541 3351 594 si
3383 540 3451 594 de

1859 628 2080 685 Christo
2110 629 2205 685 Dei
2247 631 2482 700 accipiat
2512 631 2636 700 quis
2678 629 2813 685 illud
2851 629 3055 685 dictum
3086 614 3253 685 :nan'r
3283 629 3450 686 Chric

1861 730 1979 775 stus
2027 718 2121 775 Dei
2176 729 2416 788 potestas
2460 729 2547 775 cst
2590 728 2645 775 et
2689 719 2990 791 Sapientia,
3042 720 3179 776 nihil
3224 720 3451 791 impedit

1862 812 2002 869 hanc
2046 812 2483 885 intelligentiam,
2529 812 2969 882 quandoquidem
3016 814 3086 868 ob
3118 814 3447 869 immensum

1861 921 2019 961 suum
2056 906 2110 961 in
2155 907 2456 963 humanum
2499 922 2669 977 genus
2717 921 2957 962 amorem
3011 922 3118 962 non
3177 909 3451 964 recusavit

1859 997 2005 1071 hanc
2050 998 2473 1055 fraternitatem.
2522 1000 2675 1069 Quod
2724 1001 2769 1058 si
2816 1017 2980 1056 unum
3030 1009 3149 1056 erat
3190 1001 3446 1072 idemque

1861 1093 2027 1161 Deus,
2057 1104 2112 1150 et
2151 1110 2273 1166 qua:
2313 1097 2366 1149 in
2410 1094 2719 1153 Proverbiis
2752 1095 3114 1152 introducitur
3142 1094 3445 1167 Sapientia,

1859 1202 1983 1257 quae
2010 1188 2227 1258 sapiens
2256 1187 2476 1259 quidam
2523 1188 2745 1245 habitus
2774 1199 2858 1245 est
2887 1190 2942 1245 in
2980 1188 3070 1245 illo
3099 1189 3444 1254 intellectus,

1860 1280 1915 1334 in
1943 1290 2207 1349 quantum
2237 1279 2383 1337 Deus
2429 1281 2668 1351 sapiens,
2702 1282 2834 1352 quid
2863 1282 3117 1348 prohibet
3153 1282 3322 1337 Deum
3353 1282 3448 1337 hic

1857 1387 1956 1443 pro
1991 1371 2270 1444 Sapientia
2313 1374 2537 1430 rescribi
2567 1391 2583 1430 :
2615 1385 2673 1430 ut
2712 1375 2793 1430 sic
2834 1375 2925 1431 ubi
2971 1375 3173 1430 dictum
3202 1384 3310 1442 est,
3343 1373 3448 1429 Sa-

1856 1464 2054 1532 pientia
2083 1464 2363 1534 wdiﬁcavit
2396 1466 2501 1519 sibi
2544 1466 2778 1531 domum,
2809 1476 2857 1520 et
2891 1450 3141 1521 solidavit
3169 1465 3444 1520 columnas

1856 1566 2068 1627 septem,
2104 1566 2159 1611 et
2181 1572 2302 1627 qua:
2322 1565 2646 1629 sequuntur,
2667 1558 2870 1613 dictum
2902 1557 2973 1611 sit
3000 1572 3120 1627 pro,
3146 1554 3288 1611 Deus
3312 1557 3447 1611 (edi.

1855 1648 2030 1718 ﬁcavit
2074 1648 2174 1703 sibi
2199 1650 2594 1718 domum,etc.;
2631 1657 2687 1705 et
2716 1648 2911 1705 iterum
2944 1664 3040 1720 pro
3067 1662 3151 1715 eo,
3185 1647 3310 1703 Dixi
3335 1646 3444 1703 Sa-

1830 1725 2110 1808 pientiam
2130 1757 2364 1795 sororem
2391 1752 2562 1809 tuam,
2594 1741 2828 1805 dicatur,
2869 1740 2993 1796 Dixi
3028 1741 3195 1796 Deum
3220 1741 3443 1811 fratrem

1786 1811 1827 1866 Β
1857 1843 2023 1886 ιιιιιηι.
2054 1832 2159 1888 Sed
2195 1841 2252 1886 ut
2281 1848 2442 1888 aures
2474 1833 2751 1903 percutiat
2780 1833 2881 1889 ista
2913 1832 3101 1898 dictio,
3135 1833 3286 1889 vides
3329 1842 3442 1886 tam

1855 1920 2168 1994 incongrua.
2228 1921 2382 1990 Quod
2431 1923 2477 1979 si
2528 1922 2596 1978 de
2652 1922 2791 1978 Filio
2845 1922 3181 1993 Sapientiam
3231 1922 3441 1992 capias,

1851 2015 2033 2069 omnia
2068 2016 2206 2070 bene
2236 2015 2406 2070 ﬂuent
2433 2032 2449 2070 :
2479 2029 2581 2070 nec
2610 2022 2867 2070 occurret
2891 2014 2985 2068 tihi
3019 2014 3315 2084 quidquam
3349 2010 3442 2066 hic

1854 2106 2165 2174 impietatis,
2197 2122 2321 2162 cum
2357 2107 2644 2178 perhibeat
2693 2106 2788 2162 tibi
2825 2105 3196 2162 testimonium
3242 2105 3442 2160 beatus

1851 2197 2049 2254 Paulus
2073 2198 2374 2269 apostolus,
2389 2198 2483 2270 qui
2501 2198 2822 2270 pronuntiat
2843 2198 2989 2254 clare
3011 2196 3360 2253 Servatorem
3383 2203 3442 2251 et

1852 2286 2138 2343 Dominum
2169 2296 2412 2344 nostrum
2443 2287 2627 2344 Jesum
2653 2286 2935 2343 Christum
2978 2287 3071 2343 Dei
3102 2285 3440 2355 Sapientiam

1851 2382 2268 2449 nominandum,
2319 2381 2410 2437 ubi
2453 2382 2551 2446 ait,
2583 2370 2827 2437 Christus
2860 2380 2954 2434 Dei
2997 2379 3230 2451 potentia
3262 2388 3310 2433 et
3337 2376 3441 2433 Sa-

1848 2477 2049 2549 pientia
2069 2478 2137 2531 υ.
2163 2475 2262 2532 llis
2288 2477 2354 2532 ad
2387 2478 2530 2533 hunc
2559 2474 2775 2531 modum
2808 2474 2880 2528 ita
2913 2472 3310 2544 apparatis,-ad
3342 2486 3438 2527 su-

1848 2561 2034 2640 perius
2059 2569 2332 2639 proposita
2369 2582 2708 2639 consequens
2746 2576 2828 2622 est
2869 2566 2991 2632 hoc,
3017 2565 3277 2620 Dominus
3306 2581 3437 2619 con-

1850 2660 1989 2714 didit
2020 2677 2102 2716 me
2120 2661 2439 2732 principium
2470 2662 2672 2716 viarum
2700 2675 2921 2713 suarum
2949 2659 3018 2713 ad
3041 2674 3199 2728 opera
3223 2657 3339 2728 ejus
3364 2656 3437 2725 ”,

1851 2768 1883 2808 e
1936 2767 2171 2824 persona
2218 2750 2336 2822 ejus
2381 2752 2656 2823 usurpari.
2693 2751 2847 2820 Quod
2877 2751 2922 2807 si
2969 2751 3119 2806 dicat
3155 2752 3436 2807 conditum

1852 2843 2000 2900 illum
2027 2843 2217 2911 fuisse,
2245 2859 2352 2899 non
2381 2844 2454 2899 ita
2479 2844 2634 2912 dixit,
2658 2844 2814 2917 quasi
2847 2842 3005 2898 vellet
3031 2842 3284 2913 intelligi,
3310 2857 3436 2900 eum

1849 2935 1918 2991 de
1950 2950 2059 2992 non
2089 2945 2219 2992 ente
2247 2937 2314 2992 ad
2342 2950 2462 2992 esse
2491 2936 2981 3006 processisseznec
3008 2934 3173 3005 quod,
3205 2935 3275 2991 ad
3319 2949 3437 2990 mo-

1849 3026 1977 3083 dum
2015 3038 2392 3084 creaturarum
2422 3028 2779 3100 reliquarum,
2818 3029 2885 3084 de
2934 3043 3041 3083 non
3073 3036 3200 3084 ente
3228 3027 3434 3099 produ-

1850 3119 2097 3185 cebatur,
2125 3120 2271 3189 quod
2305 3118 2553 3175 nonnulli
2590 3119 2772 3175 minus
2802 3133 2948 3175 recte
2978 3127 3105 3174 sunt
3134 3117 3385 3174 arbitrati
3417 3136 3433 3172 :

1849 3209 1944 3263 sed
1976 3209 2117 3281 quod
2147 3209 2451 3265 subsistens
2498 3218 2556 3264 et
2590 3210 2802 3276 vivens,
2852 3211 2947 3266 sed
2989 3210 3134 3281 quod
3176 3211 3438 3280 praeessi-

1850 3310 2022 3366 stens,
2052 3307 2107 3355 et
2137 3301 2581 3370 pmsubsistens,
2623 3312 2754 3357 ante
2786 3316 3004 3358 omnem
3037 3302 3222 3357 mundi
3248 3302 3437 3357 condi-

1852 3390 2052 3447 tionem
2081 3404 2199 3447 erat
2225 3411 2239 3447 :
2270 3399 2330 3459 »Β
2359 3394 2615 3465 quodque
2647 3409 2678 3448 a
2720 3393 2947 3450 Domino
2975 3409 3074 3449 suo
3107 3394 3268 3450 Patre
3303 3409 3437 3450 con-

1847 3484 2070 3540 stitutus
2115 3493 2199 3539 est
2226 3485 2469 3540 omnium
2507 3484 2838 3552 dominator,
2869 3485 3048 3555 posito
3090 3484 3200 3551 illo,
3252 3487 3437 3540 condi-

1848 3577 1946 3641 dit,
2003 3576 2109 3631 hoc
2159 3577 2214 3630 in
2262 3576 2402 3640 loco,
2451 3592 2549 3647 pro
2594 3577 2889 3643 constituit,
2920 3576 3004 3631 vel
3038 3576 3322 3632 ordinauit.
3349 3577 3438 3632 Di-

1847 3668 2009 3723 sertis
2035 3667 2214 3723 verbis
2240 3668 2514 3739 principes
2539 3678 2596 3724 et
2622 3669 2789 3725 duces
2811 3669 2956 3724 inter
2977 3668 3248 3733 homines,
3279 3684 3436 3725 crea-

1850 3769 2025 3814 turam
2057 3759 2348 3830 Apostolus
2388 3750 2833 3828 nominavit,'ubi
2858 3761 2974 3815 ait:
3005 3760 3243 3829 Subjecti
3271 3771 3435 3816 estote

1847 3848 1989 3903 omni
2023 3849 2271 3904 humana:
2312 3861 2574 3909 creatura
2605 3859 2819 3923 propter
2853 3849 3164 3918 Dominum,
3190 3852 3297 3906 sive
3325 3853 3437 3927 regi

1846 3948 1903 3993 ut
1933 3939 2230 4010 excellenti,
2253 3942 2360 3997 sive
2382 3942 2704 4015 principibus
2743 3953 2803 3997 ut
2838 3942 2903 3997 ab
2937 3942 3033 3997 illo
3060 3943 3237 3998 missis
3252 3941 3318 3998 “.
3366 3944 3436 3997 Et
3526 3983 3530 3986 ι

1846 4033 2111 4103 propheta
2144 4034 2234 4104 qui
2270 4034 2407 4091 dixit
2436 4052 2452 4089 :
2482 4032 2826 4105 Prwparare,
2857 4044 2913 4089 ut
2946 4045 3154 4089 uocetur
3187 4050 3345 4105 super
3382 4042 3435 4088 te

1846 4122 1989 4179 Deus
2012 4124 2184 4181 Israel
2217 4142 2236 4181 :
2259 4136 2536 4197 pmpterea
2571 4143 2688 4181 ecce
2721 4126 2905 4197 ﬁrmat
2931 4126 3152 4191 tonitru,
3177 4135 3226 4180 et
3251 4125 3435 4180 condit

1838 4206 2043 4284 uentos,
2079 4225 2131 4275 et
2153 4218 2441 4272 annuntiat
2470 4218 2605 4273 inter
2643 4218 2880 4273 homines
2905 4218 3175 4272 Christum
3200 4218 3428 4273 suum“.

1849 4308 1914 4362 Et
1947 4308 2095 4374 illud,
2128 4309 2410 4365 Scribatur
2439 4311 2533 4365 illa
2566 4310 2624 4365 in
2653 4310 3048 4381 generationem
3088 4309 3339 4375 alteram,
3371 4318 3434 4364 ut

1843 4399 2068 4470 populus
2092 4402 2184 4472 qui
2199 4402 2447 4456 conditur
2463 4402 2638 4457 laudet
2653 4401 3013 4457 Dominum".
3032 4400 3168 4456 lllud
3192 4401 3435 4456 condidit

125 4500 251 4555 τόν
272 4500 516 4569 Κύριον·
535 4499 618 4564 τὸ,
640 4497 872 4563 κτίζων,
885 4498 979 4552 ἐπὶ
996 4495 1091 4551 τοῦ
1107 4495 1391 4569 γεγονότος
1410 4494 1470 4561 ἐξ
1485 4496 1733 4567 ἀνυπαρ-

1853 4507 1942 4561 pro
1974 4507 2039 4548 eo
2073 4493 2215 4564 quod
2254 4493 2359 4547 fuit
2386 4505 2661 4564 sumptum
2696 4502 2804 4560 est,
2828 4495 2954 4564 quia
2976 4493 3091 4566 jam
3137 4503 3266 4549 ante
3287 4503 3430 4548 erat.

124 4592 258 4661 ξίας
293 4590 650 4664 παρείληφεν.
671 4590 746 4643 Οὑ
763 4589 871 4661 γὰρ
903 4588 1025 4645 τότε
1046 4588 1261 4643 ἔκτισεν
1277 4589 1306 4641 6
1326 4586 1458 4652 Θεὸς
1489 4586 1550 4640 τὸ
1571 4583 1736 4640 πνεῦ-

121 4700 238 4757 μα,
266 4683 362 4737 ὅτε
382 4681 472 4737 τόν
491 4681 726 4754 Χριστὸν
757 4678 922 4736 αὑτοῦ
950 4680 1016 4734 δι’
1033 4677 1200 4736 αὑτοῦ
1230 4678 1396 4731 πᾶσιν
1425 4676 1732 4749 ἀνθρώποις

117 4770 536 4845 κατήγγειλεν·
563 4771 715 4827 οὐδὲν
764 4770 873 4843 γὰρ
924 4769 1237 4846 πρόσφατον
1274 4767 1380 4821 ὑπὸ
1419 4767 1512 4821 τὸν
1559 4766 1731 4838 ἥλιον.

131 4864 295 4921 Ἀλλ’
309 4860 381 4938 ἦν
417 4864 538 4937 μὲν,
560 4865 657 4919 καὶ
675 4863 1053 4938 προϋπῆρχεν,
1073 4859 1434 4915 ἀπεστέλλετο
1454 4859 1510 4913 δὲ
1532 4859 1653 4913 καθ’
1669 4858 1730 4914 ὃν

112 4957 335 5029 καιρὸν
381 4952 523 5029 ἦσαν
564 4958 613 5010 οἱ
658 4954 947 5010 ἀπόστολοι
994 4951 1366 5025 συνηγμένοι·
1420 4952 1510 5005 ὅτε
1562 4951 1726 5021 δίκην

112 5050 396 5123 βροντῆς,
424 5049 638 5118 ἐγένετο
656 5043 789 5120 ἦχος
815 5048 880 5102 ὲκ
906 5043 1001 5100 τοῦ
1026 5043 1289 5117 ούρανοῦ,
1344 5041 1535 5115 ὥσπερ
1564 5058 1730 5114 φερο-

111 5142 312 5215 μένης
364 5143 533 5213 πνοῆς
587 5139 801 5210 βιαίας,
851 5134 1251 5210 ἐπληρώθησαν
1296 5152 1357 5189 τε
1410 5133 1729 5206 Πνεύματος

108 5232 294 5301 ἁγίου
310 5248 328 5264 ·
363 5231 457 5289 καὶ
484 5229 656 5294 οὕτως
680 5232 761 5293 είς
785 5229 994 5293 πάντας
1020 5225 1342 5300 ἀνθρώπους
1367 5226 1460 5281 τὸν
1492 5225 1729 5300 Χριστὸν

101 5322 219 5378 τοῦ
256 5321 398 5375 Θεοῦ
424 5321 814 5394 κατήγγειλαν,
838 5319 1149 5385 ἀκολούθως
1179 5320 1248 5391 τῇ
1280 5317 1591 5390 προφητεία
1620 5332 1728 5386 φη-

184 5511 258 5570 ἥέ
295 5503 402 5561 Ed.
431 5502 641 5566 Paris.,
667 5517 791 5575 pag.
823 5501 948 5557 151.
1024 5501 1071 5533 ⁸⁸
1102 5501 1126 5554 ι
1154 5500 1284 5557 Cor.
1308 5516 1350 5566 ι,
1384 5498 1476 5556 24.

101 5578 163 5611 η
196 5576 363 5632 Psal.
394 5591 468 5644 cr,
493 5575 581 5630 l9.

202 5760 323 5831 [6!)
356 5758 528 5831 fulgo
564 5758 778 5831 σοφίαν,
811 5757 927 5827 ’ἕξιν
952 5765 1005 5814 et
1039 5771 1163 5814 mox
1193 5755 1435 5813 ἑκλάόοι.

216 5760 290 5817 61
356 5760 528 5831 Vulgo
564 5760 778 5829 σοφίαν,
811 5760 927 5827 ἕξιν
952 5765 1005 5814 et
1039 5771 1163 5814 mox
1193 5760 1435 5813 ὶκλάδοι.

358 5829 531 5902 Vulgo
557 5827 740 5885 αὐτόν.
1455 5888 1460 5893 ,

1580 5497 1800 5556 "Prov.
1827 5513 1949 5567 vni,
1968 5499 2061 5554 '22.

1840 4584 2027 4655 Neque
2055 4589 2200 4641 enim
2234 4597 2345 4642 tum
2375 4588 2617 4644 condidit
2640 4587 2782 4644 Deus
2806 4589 3079 4660 spiritum,
3111 4602 3238 4642 cum
3271 4586 3434 4642 Chri-

1840 4691 1982 4736 srum
2016 4696 2174 4736 suum
2207 4695 2305 4751 per
2347 4680 2500 4736 illum
2551 4681 2821 4736 universis
2866 4679 3182 4737 hominibus
3218 4695 3433 4736 annun-

1844 4772 2000 4827 tiaret
2027 4788 2042 4827 :
2072 4773 2199 4841 quia
2238 4771 2371 4829 nihil
2415 4773 2539 4828 novi
2584 4781 2669 4828 est
2718 4771 2822 4828 sub
2874 4772 2989 4828 sole
3033 4773 3175 4827 :sed
3213 4780 3332 4827 erat
3375 4781 3433 4827 et

1839 4864 2135 4919 exsistebat
2165 4871 2331 4919 ante:
2360 4864 2679 4923 mittebatur
2714 4873 2896 4921 autem
2929 4879 2995 4920 eo
3025 4875 3269 4935 tempore
3302 4879 3428 4919 cum

1840 4952 1892 5007 in
1927 4968 2092 5008 unum
2122 4954 2434 5025 congregati
2477 4952 2709 5024 apostoli
2754 4962 2913 5009 erant
2940 4973 2953 5009 :
2982 4968 3106 5009 cum
3149 4953 3216 5007 ad
3256 4952 3430 5008 instar

1840 5047 2077 5102 tonitrus
2112 5045 2288 5101 factus
2323 5053 2406 5102 est
2450 5044 2664 5102 sonitus
2699 5044 2893 5116 ingens
2940 5046 3007 5100 de
3052 5043 3193 5100 coelo
3221 5062 3236 5101 :
3261 5044 3429 5101 veluti

1840 5136 2201 5194 descendente
2237 5137 2436 5208 spiritu
2476 5136 2905 5203 vehementiore,
2958 5145 3015 5192 et
3059 5136 3430 5206 repleli'sunt

1840 5227 2046 5299 Spiritu
2073 5238 2284 5285 sancto.
2310 5231 2488 5301 Atque
2516 5228 2590 5284 ita
2607 5229 2887 5285 Christum
2914 5227 3150 5295 Domini,
3189 5228 3241 5283 in
3270 5244 3429 5283 mun-

1839 5319 1968 5374 dum
2031 5320 2347 5377 universum
2419 5318 3051 5390 annuntiaruutzjuxta
3109 5320 3428 5376 vaticinium

2175 5497 2423 5554 “lPetr.
2459 5498 2639 5566 ",15,
2682 5500 2769 5556 14.
2860 5498 3186 5566 "Amosrv,
3217 5498 3307 5567 12,
3336 5497 3423 5558 l5.

1906 5751 2021 5825 (63)
2061 5750 2230 5824 Vulgo
2262 5752 2440 5825 αὐτή,
2466 5760 2520 5810 et
2551 5766 2673 5810 mox
2704 5751 2915 5820 αἰνήσε.

3343 335 3452 394 974
3564 401 3580 411 _
