3828 6222
130 375 244 432 957

1065 373 1162 430 DE
1196 370 1738 430 ECCLESIASTICA
1769 369 2162 427 τΗΕοιοσιΑ
2186 368 2316 426 LIB.
2357 366 2410 425 II:

3287 363 3393 421 958

130 491 308 547 ταῦθα
343 490 418 563 μὴ
445 490 794 563 ταραττέσθω
814 490 910 562 τὴν
937 489 1136 561 ψυχὴν,
1165 488 1302 544 ἀλλὰ
1321 489 1416 543 καὶ
1449 488 1558 542 τῶν
1591 486 1718 558 ἑξῆς

1826 485 2078 556 trepidet,
2110 485 2204 541 sed
2245 483 2494 539 attendat
2523 496 2645 553 quae
2680 488 2982 552 sequuntur
3009 481 3211 538 statim.
3255 480 3391 536 Cum

133 584 497 654 συνημμένων
525 583 799 636 ἀκουέτω’
825 580 994 635 εἰπὼν
1025 583 1154 652 γὰρ,
1195 583 1315 635 Οὐκ
1344 580 1590 634 ἔσονται
1618 595 1719 633 σοι

132 676 258 729 θεοὶ
318 674 503 748 ἕτεροι
547 674 715 741 πλὴν
745 672 912 743 ἐμοῦ,
969 672 1278 742 ἐπήγαγεν
1323 673 1404 726 Οὐ
1444 669 1718 738 ποιήσεις

130 766 372 830 σεαυτῷ
385 765 495 836 (21)
509 764 780 828 εἴδωλον,
805 764 948 818 οὐδὲ
969 763 1195 829 παντὸς
1209 763 1491 833 ὁμοίωμα,
1515 763 1632 817 ὅσα
1651 763 1720 816 ἐν

131 855 218 921 τῷ
243 855 473 922 οὐρανῷ
494 855 635 921 ἅνω,
654 855 883 910 καὶὸσα
905 856 975 909 ἐν
996 855 1072 924 τῇ
1088 855 1165 925 γῇ
1193 856 1370 920 κάτω,
1394 856 1491 908 καὶ
1517 854 1634 909 ὅσα
1648 855 1718 908 ἐν

131 950 262 1015 τοῖς
287 949 507 1004 ὕδασιν
530 947 807 1003 ὑποκάτω
834 947 946 1017 τῆς
965 946 1097 1017 γῆς.
1137 949 1220 1002 Οὐ
1267 947 1719 1016 προσκυνήσας

131 1041 363 1109 αὐτοῖς,
378 1059 408 1095 ο
418 1041 611 1113 ὐδὲμὴ
622 1041 973 1110 λατρεύσεις
987 1037 1210 1104 αὐτοῖς,
1223 1036 1337 1107 ἐγὼ
1350 1037 1461 1108 γάρ
1476 1041 1592 1108 εὶμι
1605 1040 1720 1093 Κύ-

125 1153 266 1207 ριος
292 1135 323 1188 ὸ
351 1135 494 1199 Θεός
519 1148 658 1198 σου,
711 1134 928 1201 Κύριος
949 1129 1233 1200 ζηλωτής.
1270 1131 1431 1203 Ὁρᾷς
1457 1133 1604 1196 ὅπως
1637 1131 1715 1185 διο

134 1227 417 1280 εστέλλετο
432 1226 564 1298 (22),
573 1225 646 1298 μὴ
663 1228 728 1297 τῇ
749 1225 856 1278 τῶν
872 1224 1040 1279 ἐθνῶν
1055 1223 1303 1294 πολυθέῳ
1323 1223 1499 1298 πλάνῃ
1513 1241 1718 1278 συναπ-

134 1318 388 1388 ἀγεσθαι,
413 1319 572 1389 μόνον
599 1317 657 1371 δὲ
685 1317 846 1372 αὐτὸν
871 1317 1067 1371 εἰδέναι
1093 1317 1225 1370 Θεὸν
1248 1318 1342 1370 καὶ
1369 1316 1593 1388 Κύριον.
1623 1316 1718 1380 Τίς

134 1412 183 1465 δ’
215 1407 308 1465 οὖν
349 1403 539 1476 0610;;
578 1411 636 1464 Ὀ
657 1409 784 1473 Υἱὸς
801 1409 897 1480 τὴν
922 1409 1106 1462 εἰκόνα
1134 1409 1227 1463 τοῦ
1249 1409 1475 1480 ’Πατρὸς
1495 1408 1634 1479 ἔχων
1659 1408 1717 1460 ὲν

135 1503 336 1574 ἑαυτῷ,
373 1502 429 1568 ἐξ
462 1499 772 1564 αὐθεντεῑας
810 1518 870 1553 τε
905 1499 1071 1554 αὑτοῦ
1114 1502 1227 1563 τοῖς
1276 1499 1717 1571 εἰδωλολατρείαν

136 1595 354 1648 νοσοῦσι
386 1592 558 1647 ταῦτα
585 1592 1018 1660 διαταττόμενος.
1061 1591 1148 1655 Ὦς
1175 1591 1282 1665 γὰρ
1315 1592 1491 1645 πάντα
1519 1590 1586 1644 δι’
1621 1591 1718 1643 αὐ-

137 1685 236 1739 τοῦ
262 1684 495 1753 ἐγένετο,
526 1683 618 1736 τοῦ
639 1682 852 1754 Πατρὸς
876 1682 962 1735 διὰ
987 1681 1082 1735 τοῦ
1105 1683 1356 1755 Σωτῆρος
1374 1682 1472 1754 τὴν
1489 1681 1598 1735 τῶν
1620 1699 1717 1750 γε-

138 1775 317 1846 νητῶν
359 1775 616 1829 ἁπάντων
664 1775 852 1828 οὐσίαν
889 1772 1000 1846 (25)
1044 1773 1512 1844 ὑποστησαμένου,
1544 1771 1718 1836 οὕτως

138 1867 303 1929 αὐτὸς
329 1861 394 1936 ἦν
422 1867 449 1919 ὁ
483 1865 671 1936 Πατὴρ
699 1865 797 1935 τὴν
827 1866 906 1928 εἰς
926 1864 1087 1917 αὐτὸν
1118 1864 1318 1934 γνῶσίν
1346 1883 1405 1918 τε
1437 1866 1531 1918 καὶ
1557 1864 1714 1918 εὐσέ-

139 1956 293 2010 ϐειαν
329 1955 417 2010 διὰ
464 1955 681 2024 μεσίτου
730 1953 823 2007 τοῦ
859 1955 989 2007 Υἱοῦ
1023 1954 1348 2026 παραδιδοὺς
1387 1953 1713 2025 ἀνθρώποις.

141 2048 325 2101 Τοῦτο
355 2047 413 2102 δὲ
442 2048 537 2101 καὶ
566 2049 594 2101 ὁ
637 2047 960 2110 Ἀπόστολος
993 2047 1176 2110 αὐτοῖς
1207 2047 1414 2118 ῥήμασι
1451 2045 1718 2110 Γαλάταις

137 2139 368 2211 γράφων
391 2139 656 2203 ἐδίδασκε,
680 2138 746 2192 δι’
772 2133 847 2192 ὧν
874 2138 978 2210 ἔφη
995 2154 1009 2170 ο
1047 2139 1100 2191 Ὀ
1126 2139 1309 2207 νόμος
1326 2136 1621 2206 διαταγεὶς
1641 2136 1716 2190 δι’

137 2233 414 2302 ἀλλ-γέλων
440 2231 510 2284 ἐν
546 2229 694 2300 χειρὶ
717 2231 969 2299 μεσίτου
987 2247 1005 2263 ·
1026 2233 1059 2284 ό
1081 2229 1150 2283 δὲ
1166 2230 1417 2299 μεσίτης
1444 2229 1582 2294 ἑνὸς
1604 2230 1717 2283 οὐκ

137 2323 346 2378 ἐστιν’
377 2323 409 2376 ὸ
435 2321 503 2375 δὲ
525 2320 668 2386 Θεὸς
695 2315 784 2387 εἷς
809 2321 982 2376 ἐστιν
1003 2321 1139 2393 (24).
1166 2321 1289 2375 Κᾶν
1311 2321 1444 2393 λέγῃ
1463 2337 1477 2351 ·
1509 2320 1714 2386 Ἴδετε,

137 2415 236 2470 ὅτι
270 2413 382 2484 ἐγώ
412 2416 547 2484 εἰμι,
584 2415 681 2469 καὶ
713 2416 824 2469 οὐκ
845 2414 976 2469 ἔστι
1005 2413 1150 2479 Θεὸς
1196 2413 1366 2482 πλὴν
1411 2413 1577 2482 ἐμοῦ,
1614 2413 1719 2466 πά-

136 2506 228 2560 λιν
257 2507 285 2558 ὸ
319 2505 506 2576 Πατὴρ
533 2500 622 2576 ἦν,
652 2505 728 2569 ὡς
755 2503 844 2557 διὰ
871 2504 1076 2567 εἰκόνος
1103 2505 1196 2557 καὶ
1230 2503 1470 2574 μεσίτου,
1504 2503 1593 2558 διὰ
1622 2504 1716 2558 τοῦ

136 2597 278 2652 Υξοῦ
295 2596 452 2651 τοῦτο
467 2596 690 2666 φάσκων
711 2612 726 2626 °
742 2596 802 2651 οὐ
815 2595 920 2668 γὰρ
930 2594 994 2668 δὴ
1007 2595 1254 2664 λέγοντος
1272 2596 1370 2666 μὲν
1383 2594 1603 2649 Ἡσαΐου
1625 2595 1717 2648 τοῦ

137 2689 446 2760 προφήτου,
484 2688 658 2756 Υὶοὺς
703 2688 1003 2759 ἐγέννησα
1027 2688 1124 2742 καὶ
1155 2689 1392 2757 iiii-cura,
1417 2689 1512 2742 καὶ
1537 2689 1716 2754 πάλιν,

151 2780 394 2850 Ἰσραὴλ
411 2781 477 2836 δέ
500 2799 577 2852 με
601 2783 713 2836 οὐκ
746 2783 916 2851 ἔγνω,
944 2781 1040 2836 καὶ
1079 2782 1113 2835 ὁ
1147 2782 1297 2847 λαός
1320 2800 1396 2852 με
1427 2784 1498 2837 οὐ
1527 2781 1721 2851 συνῆ-

140 2891 237 2941 κε,
277 2875 371 2927 καὶ
403 2869 574 2940 αὖθις,
633 2873 772 2944 Ἐγὼ
801 2871 950 2930 πᾶσι
987 2875 1112 2941 τοῖς
1149 2874 1392 2944 ἄστροις
1425 2874 1720 2929 ἐνετειλά-

134 2981 287 3035 μην,
316 2965 426 3030 καὶ,
450 2962 528 3034 Τῇ
575 2964 727 3034 χειρί
766 2982 885 3034 μου
917 2965 1254 3034 ἐστερέωσα
1294 2965 1403 3020 τὸν
1435 2965 1717 3035 οὐρανὸν,

140 3055 240 3108 καὶ
271 3055 371 3108 ὅσα
407 3055 539 3110 ἄλλα
564 3055 806 3124 τοιαῦτα,
842 3056 902 3108 οὐ
939 3056 1031 3111 τὸν
1075 3057 1302 3112 Ἡσαΐαν
1340 3057 1511 3112 ταῦτα
1542 3058 1721 3128 λέγειν

1821 579 1968 633 enim
2004 578 2216 633 dixerat
2245 615 2261 639 ,
2319 574 2448 630 Non
2492 583 2644 630 erunt
2692 575 2788 628 tibi
2829 573 2907 627 dii
2933 573 3028 627 alii
3067 583 3261 643 prwter
3289 591 3392 638 me,

1821 669 2126 733 subintulit,
2163 665 2291 721 Non
2321 667 2481 734 facies
2513 665 2607 718 tibi
2637 663 2837 718 idolum
2862 704 2879 730 ,
2907 679 3069 733 neque
3098 681 3299 719 omnem
3322 669 3395 719 si-

1821 760 2174 815 militudinem
2206 775 2384 813 eorum
2413 773 2530 828 qua:
2559 764 2685 811 sunt
2713 757 2768 810 in
2794 755 2922 809 caelo
2963 771 3192 821 sursum,
3225 756 3395 810 autin

1820 865 1962 909 terra
1994 854 2264 918 deorsum,
2297 860 2390 904 aut
2411 866 2528 920 qua:
2564 850 2762 904 suntin
2795 849 2946 912 aquis
2974 849 3392 912 subterterram;

1821 961 1925 998 non
1956 943 2202 997 adorabis
2232 941 2350 1007 illa,
2390 957 2494 995 non
2520 941 2769 995 inservies
2801 939 2932 1002 illis,
2967 939 3078 1009 Ego
3111 939 3252 992 enim
3276 955 3394 992 sum

1819 1037 2082 1090 Dominus
2120 1034 2263 1089 Deus
2308 1045 2462 1098 tuus,
2496 1033 2635 1087 Deus
2667 1031 2858 1086 zelotes
2885 1032 2954 1087 ⁵³.
2987 1031 3148 1086 Vides
3169 1039 3228 1085 ut
3255 1045 3392 1101 prat-

1819 1124 2026 1195 cepcrit
2052 1124 2103 1179 id
2128 1123 2324 1188 solum,
2356 1139 2426 1182 ne
2451 1123 2521 1177 ab
2547 1137 2735 1178 errore
2767 1121 3054 1191 gentilitio,
3077 1123 3144 1177 de
3165 1121 3392 1176 deorum

1820 1217 2186 1282 multitudine,
2246 1216 2646 1271 abducerentur
2674 1254 2690 1280 ,
2724 1215 2824 1268 sed
2857 1213 3030 1269 solum
3083 1213 3258 1283 ipsum
3289 1212 3394 1267 Do-

1820 1310 2025 1364 minum
2062 1318 2222 1377 atque
2256 1308 2421 1362 Deum
2481 1313 2860 1376 agnoscerent.
2912 1303 3044 1372 Quis
3091 1311 3210 1358 erat
3243 1303 3344 1357 iste
3369 1303 3394 1355 ?

1820 1417 2013 1472 nempe
2040 1401 2210 1456 Filius
2247 1399 2419 1454 Patris
2471 1398 2760 1468 imaginem
2809 1397 2864 1450 in
2909 1411 2967 1450 se
3014 1395 3266 1451 habens:
3299 1395 3393 1464 qui

1819 1507 1918 1562 pro
1970 1507 2065 1547 sua
2118 1507 2277 1561 quam
2337 1489 2523 1545 habuit
2557 1489 2897 1560 _auctoritate
2947 1488 3253 1543 idololatris-
3287 1488 3394 1543 ista

1820 1582 1874 1637 in
1928 1582 2198 1636 mandatis
2248 1581 2416 1635 dedit.
2475 1580 2608 1633 Nam
2678 1587 2737 1633 ut
2788 1578 2972 1633 omnia
3020 1577 3180 1632 Pater
3229 1575 3393 1633 fecis-

1819 1688 1881 1729 se
1935 1673 2132 1728 dicitur
2196 1687 2291 1741 per
2360 1669 2703 1726 Servatorem
2736 1709 2751 1734 ,
2810 1668 2902 1736 qui
2969 1667 3206 1736 suscepit
3261 1681 3392 1721 om-

1821 1767 1968 1819 nium
2025 1763 2380 1818 substantiam
2440 1776 2561 1830 qua:
2625 1768 3008 1828 generantur;
3072 1744 3148 1810 ita
3205 1766 3260 1811 et
3328 1761 3388 1820 »Β

1817 1857 1932 1926 ipse
1973 1855 2132 1910 Pater
2160 1852 2262 1907 fuit
2308 1853 2397 1923 qui
2446 1866 2542 1922 per
2602 1850 2796 1904 Filium
2839 1849 3234 1914 mediatorem,
3267 1847 3383 1917 pie-

1820 1958 1978 2002 tatem
2007 1957 2060 2001 et
2086 1948 2166 2001 sui
2203 1944 2566 2016 cognitionem
2599 1941 2914 1996 hominibus
2939 1935 3385 1993 communicavit.

1818 2039 1930 2095 lloc
1961 2038 2180 2093 t0tidem
2214 2036 2411 2098 verbis,
2453 2035 2520 2090 ad
2551 2032 2778 2089 Galatas
2823 2031 3069 2086 scribens
3097 2027 3387 2098 Apostolus

1817 2131 2064 2192 docebat,
2098 2127 2206 2181 Lex
2238 2127 2484 2181 ordinata
2535 2142 2628 2196 per
2669 2123 2878 2194 angelos
2919 2123 2972 2176 in
3004 2137 3162 2174 manu
3191 2119 3394 2173 media-

1818 2220 1970 2274 toris.
2014 2217 2279 2271 Mediator
2313 2226 2489 2270 autem
2527 2215 2686 2268 unius
2723 2228 2825 2266 non
2859 2221 2934 2265 est
2975 2224 2995 2263 :
3044 2208 3185 2263 Deus
3220 2218 3394 2261 autem

1818 2328 1951 2365 unus
1998 2319 2072 2364 est
2116 2309 2182 2362 “.
2245 2308 2312 2362 Et
2351 2307 2478 2361 alibi
2501 2305 2596 2371 ait,
2675 2302 2849 2357 Videte
2915 2300 3053 2371 quod
3116 2315 3207 2368 ego
3253 2313 3393 2360 sum,

1817 2413 1865 2459 et
1896 2413 2086 2472 praeter
2124 2417 2204 2454 me
2243 2415 2346 2452 non
2375 2409 2452 2454 est
2491 2397 2630 2451 alius
2672 2395 2812 2449 Deus
2838 2393 2906 2447 ”.
2949 2393 3108 2446 Pater
3149 2390 3238 2444 hic
3274 2397 3396 2444 erat

1819 2496 1910 2567 qui
1946 2509 2040 2564 per
2080 2493 2298 2557 Filium,
2329 2501 2586 2561 tanquam
2616 2487 2908 2558 imaginem
2940 2493 2996 2539 et
3032 2481 3389 2537 mediatorem

1821 2590 1927 2644 ista
1961 2587 2138 2641 dixit:
2179 2599 2284 2638 non
2322 2582 2466 2637 enim
2511 2593 2633 2634 cum
2669 2576 2860 2631 Isaiam
2886 2573 3135 2628 audimus
3165 2569 3396 2641 prophe-

1823 2689 1927 2735 tam
1957 2679 2247 2740 dicentem,
2273 2671 2445 2726 Filios
2474 2671 2627 2741 genui
2660 2678 2708 2723 et
2740 2663 3066 2728 exaltavi";
3097 2671 3151 2718 et
3173 2663 3395 2725 iterum,

1821 2769 1992 2825 Israel
2032 2771 2207 2822 autem
2235 2781 2316 2818 me
2347 2779 2450 2816 non
2482 2759 2742 2830 cognovit,
2769 2769 2818 2812 et
2849 2755 3071 2827 populus
3102 2768 3248 2807 meus
3291 2767 3396 2805 non

1823 2859 2074 2916 intellexit
2097 2859 2181 2926 ‘7;
2213 2864 2269 2912 et
2315 2868 2523 2918 rursus,
2568 2851 2823 2906 Omnibus
2867 2847 3128 2902 sideribus
3164 2861 3256 2914 ego
3297 2843 3399 2896 im-

1822 2955 1997 3026 peravi
2019 2969 2040 3020 ;
2073 2961 2148 3018 ct,
2172 2966 2332 3004 manu
2358 2965 2472 3001 mea
2501 2945 2706 3015 ﬁrmavi
2740 2941 2926 2996 caelum
2946 2941 3015 3006 ⁵⁸,
3046 2948 3098 2994 et
3126 2953 3245 3008 qua;
3273 2945 3399 2992 sunt

1821 3045 2055 3111 similia;
2079 3058 2184 3098 non
2219 3039 2437 3096 ablsaia
2468 3038 2593 3104 ista,
2623 3037 2864 3104 inquam,
2899 3031 3110 3102 prolata
3129 3032 3395 3094 dicemus,

142 3148 414 3217 φήσομεν,
445 3148 511 3200 δι’
534 3147 697 3202 αὐτοῦ
737 3148 794 3202 δὲ
837 3148 928 3202 τὸν
972 3150 1029 3203 ὲν
1075 3149 1221 3220 αὑτῷ
1257 3148 1521 3204 λαλοῦντα
1558 3151 1719 3205 Θεόνο

1826 3141 1918 3195 sed
1945 3154 1975 3192 a
2007 3139 2116 3193 Deo
2144 3153 2197 3191 tn
2228 3136 2343 3205 ipso
2387 3134 2661 3201 loquente.
2692 3129 2957 3196 Quocirca
2987 3127 3163 3181 eritne
3208 3125 3397 3179 incon-

2079 3229 2110 3242 ιο
2159 3227 2170 3238 ο
2213 3241 2219 3242 ,
2247 3241 2255 3242 κ
2319 3225 2529 3242 n-.4___
2579 3235 2676 3242 _-..
2717 3218 2903 3242 una“--.
2957 3233 3113 3242 .........
3151 3215 3367 3242 ...ιιι-Ληὲ

139 3238 268 3308 οὐχὶ
297 3237 353 3291 δὲ
381 3239 474 3292 καὶ
503 3239 595 3291 ἐπὶ
627 3238 718 3292 τοῦ
761 3238 1081 3309 μονογενοῦς
1101 3239 1234 3292 Υἱοῦ
1265 3238 1356 3293 τοῦ
1395 3239 1531 3293 Θεοῦ
1550 3281 1563 3304 ,
1590 3240 1724 3312 πρέ-

141 3346 239 3382 ποι
268 3328 334 3382 ἂν
361 3330 452 3382 τὸν
489 3329 704 3400 Πατέρα
723 3329 789 3382 δι’
817 3327 982 3383 αὐτοῦ
1007 3329 1204 3401 χρῆναι
1233 3328 1406 3384 ταῦτα
1434 3330 1724 3402 διαμαρτύ-

146 3417 346 3490 ρασθαι
377 3421 488 3482 τοῖς
512 3419 619 3471 τῶν
656 3417 874 3471 τοιῶνδε
906 3418 1379 3490 παραγγελμάτων
1416 3417 1721 3488 δεομένοις;

143 3506 528 3578 εἰδωλολάτραι
556 3507 601 3560 δ’
627 3502 766 3579 ἦσαν
786 3501 950 3573 οὗτοι,
984 3507 1060 3572 ὡς
1085 3509 1118 3578 ή
1149 3508 1286 3578 αὐτὴ
1314 3506 1554 3560 διδάσκει
1583 3507 1723 3579 Γρα-

144 3599 224 3670 φὴ
255 3598 506 3668 λέγουσα·
540 3600 651 3653 Καὶ
683 3594 805 3653 εἷπε
847 3598 1072 3670 Κύριος
1128 3617 1147 3650 ‹
1175 3597 1286 3652 Ποῦ
1322 3599 1462 3652 εἰσιν
1515 3599 1564 3651 οἱ
1612 3597 1726 3651 Θεοὶ

150 3710 172 3743 ε
217 3690 429 3757 abstini;
486 3693 570 3761 ἐφ’
617 3687 697 3755 οἷς
741 3690 1124 3744 ἐπεποίθεισαν
1175 3691 1260 3743 ἐπ’
1305 3690 1507 3753 αὐτοῖς,
1559 3681 1632 3742 ὧν
1664 3689 1727 3743 τὸ

152 3802 171 3834 ι
217 3783 383 3855 στέαρ
405 3782 514 3838 τῶν
549 3783 749 3837 θυσιῶν
778 3782 956 3836 αὐτῶν
994 3781 1233 3852 ήσθίετε,
1260 3782 1352 3835 καὶ
1385 3781 1597 3834 ὲπίνετε
1632 3781 1726 3835 τὸν

152 3893 171 3924 ‹
215 3869 358 3927 οἶνον
410 3872 518 3926 τῶν
574 3873 815 3927 σπονδῶν
866 3872 1065 3928 αὐτῶν.
1138 3874 1571 3944 Ἀναστήτωσαν,
1632 3871 1728 3926 καὶ

153 3985 173 4017 ι
229 3965 651 4036 βοηθησάτωσαν
696 3966 843 4034 ὑμῖν,
886 3965 980 4018 καὶ
1012 3963 1398 4036 γενηθήτωσαν
1422 3961 1571 4034 ὑμῶν
1599 3979 1727 4016 σκε-

152 4075 175 4109 e
218 4056 444 4112 πασταί.
501 4077 520 4110 ι
577 4057 800 4122 Τούτοις
854 4057 963 4130 γὰρ
1023 4057 1290 4128 συνῆπται
1344 4054 1439 4122 τὸ,
1470 4072 1490 4107 t
1536 4056 1726 4120 Ἴδετε,

153 4167 172 4200 ι
214 4148 355 4202 ἴδετε
413 4149 497 4203 ὅτι
551 4149 662 4220 ὲγὼ
723 4152 861 4222 εἰμι,
931 4148 1024 4203 καὶ
1095 4148 1196 4201 οὐκ
1252 4146 1366 4201 ἔστι
1417 4146 1548 4212 Θεὸς
1590 4145 1729 4218 πλὴν

155 4260 173 4292 ι
218 4238 381 4311 ἐμοῦ.
430 4260 451 4293 ι

782 4335 938 4389 ΚΕΦ.
969 4334 1099 4390 ΚΒ¹.

149 4430 285 4483 Ὀτι
310 4429 408 4482 καὶ
440 4428 510 4483 ἐν
536 4427 660 4494 τοῖς
685 4427 1139 4554 πιέἓςρήέαιςηδιὰ
1166 4426 1272 4482 τοῦ
1303 4426 1440 4481 Υἱοῦ
1469 4430 1502 4481 ὁ
1527 4423 1732 4494 Πατὴρ

813 4516 877 4553 εο
919 4515 1129 4554 οτειτο.
1487 4541 1496 4548 .

813 4515 1129 4569 εονιογειτο.

214 4589 342 4644 Κᾶν
361 4589 619 4662 μυριάκις
631 4587 809 4642 τοίνυν
831 4587 919 4640 διὰ
935 4587 1031 4640 τοῦ
1054 4589 1331 4660 προφήτου
1357 4585 1492 4656 βοῶν
1522 4588 1727 4658 φάσκῃ,

149 4681 332 4752 Πλὴν
356 4681 502 4751 ἐμοῦ
533 4683 643 4735 οὐκ
667 4681 798 4736 ἐστι
819 4681 983 4747 Θεὸς,
1013 4681 1107 4734 καὶ
1133 4680 1300 4748 πλὴν
1314 4679 1460 4749 ἐμοῦ
1477 4681 1587 4733 οὐκ
1603 4679 1735 4734 ἔστι

146 4774 387 4840 δίκαιος
401 4772 499 4827 καὶ
519 4772 744 4841 Σωτὴρ,
790 4775 883 4827 καὶ
904 4773 1052 4826 Θεὸν
1083 4772 1250 4839 πλὴν
1261 4773 1407 4842 ἐμοῦ
1422 4774 1494 4827 οὐ
1509 4773 1734 4842 γνώσῃ,

148 4867 250 4919 καὶ
268 4865 473 4926 σώζων
501 4869 613 4920 οὐκ
644 4866 778 4920 ἔστι
803 4864 994 4934 παρὲξ
1028 4865 1141 4936 (‘25)
1163 4865 1330 4935 ἐμοῦ,
1355 4867 1448 4918 uati.
1480 4867 1580 4918 ὅσα
1602 4863 1736 4919 ἄλλα

145 4959 365 5020 τούτοις
405 4957 608 5027 ἀδελφά
647 4959 704 5012 ὲν
749 4960 860 5021 τοῖς
891 4955 1096 5021 λοιποῖς
1139 4957 1361 5027 φέρεται
1399 4958 1729 5028 προφήταις,

149 5051 305 5116 Θεὸς
321 5047 418 5121 ἦν,
442 5051 538 5104 καὶ
557 5050 626 5114 ἐξ
646 5051 880 5104 ἐκείνου
913 5049 983 5103 ἐν
1009 5047 1237 5117 Χριστῷ
1262 5049 1493 5117 κόσμον
1507 5051 1732 5102 καταλ-

149 5143 414 5199 λάσσων
432 5143 648 5209 ἑαυτῷ,
669 5143 763 5197 καὶ
784 5142 946 5206 αὐτὸς
965 5137 1031 5212 ἦν
1063 5141 1092 5193 ὁ
1122 5140 1312 5212 Πατὴρ
1331 5139 1506 5194 ταῦτα
1521 5139 1611 5193 διὰ
1631 5137 1726 5192 τοῦ

153 5234 482 5307 μονογενοῦς
514 5234 669 5300 Υἱοῦ,
721 5230 809 5289 οἷα
840 5235 908 5288 δι’
933 5233 1233 5306 ἑρμηνέως,
1266 5230 1570 5302 ἀνθρώποις
1595 5231 1728 5283 ὑπο-

1824 3245 2018 3302 gruum
2059 3227 2287 3288 dixisse,
2319 3225 2534 3279 Patrem
2579 3235 2676 3291 per
2714 3218 2908 3273 Filiqu
2956 3233 3114 3273 suum
3151 3215 3399 3285 unigeni-

1824 3334 1934 3378 tum
1964 3323 2080 3377 haec
2113 3319 2464 3392 praelocutum
2497 3313 2771 3368 aﬂismare
2825 3310 2964 3382 apud
3022 3324 3117 3362 eos
3153 3309 3244 3376 qui
3281 3307 3400 3362 istis

1823 3415 2134 3486 indigebant
2164 3411 2431 3466 mandatis
2473 3417 2529 3463 et
2579 3403 3074 3461 admonitionibus?
3104 3401 3273 3455 Erant
3303 3415 3400 3453 au-

1822 3513 1929 3560 tem
1979 3504 2121 3573 quod
2162 3510 2390 3556 testatur
2439 3496 2742 3565 Scriptura,
2779 3495 2832 3548 hi
2881 3492 3202 3548 idololatrte.
3254 3488 3403 3542 Dixit

1823 3596 1966 3651 enim
1986 3592 2240 3648 Dominus
2273 3609 2289 3645 :
2329 3588 2428 3643 Ubi
2453 3596 2577 3643 sunt
2605 3586 2682 3639 dii
2708 3584 2920 3638 illorum
2947 3586 2971 3639 ?
2996 3582 3252 3652 inquibus
3277 3596 3404 3632 con-

1822 3685 2051 3756 fidebant
2079 3722 2096 3749 ,
2139 3697 2362 3754 quorum
2418 3681 2482 3733 de
2542 3677 2817 3744 sacriﬁciis
2851 3675 3054 3743 adipem
3083 3671 3398 3737 comedistis,

1823 3787 1870 3833 et
1908 3777 2110 3830 bibistis
2147 3775 2322 3828 vinum
2354 3773 2418 3824 de
2446 3770 2613 3839 epulis
2673 3784 2852 3821 eorum
2879 3783 2897 3820 :
2929 3773 3148 3833 surgant
3173 3772 3219 3816 et
3245 3761 3403 3830 adju-

1825 3881 1940 3927 vent
1973 3888 2081 3936 vos,
2132 3877 2180 3922 et
2211 3867 2340 3936 ﬁant
2377 3862 2756 3918 obumbracula
2808 3860 2948 3914 vobis
2976 3860 3040 3912 ⁵³.
3073 3855 3228 3913 Nunc
3251 3855 3402 3910 hisce

1826 3962 2007 4018 verbis
2040 3960 2261 4016 adut-ita
2315 3967 2476 4021 sunt,
2516 3953 2725 4020 Videte,
2771 3953 2934 4008 videte
2965 3949 3102 4021 quod
3123 3965 3214 4019 ego
3250 3962 3399 4014 sum,

1826 4065 1874 4111 et
1911 4069 2014 4110 non
2043 4061 2121 4108 est
2156 4051 2293 4106 alius
2321 4059 2510 4119 praeter
2543 4061 2622 4100 me
2644 4045 2712 4100 °°.

2423 4317 2577 4375 CAP.
2619 4314 2788 4372 XXII.

1834 4416 1985 4483 Quod
2014 4415 2170 4470 etiam
2202 4413 2256 4468 in
2281 4410 2551 4534 prophetas.
2583 4409 2742 4533 Zater
2768 4420 2858 4476 per
2875 4401 3074 4456 Filium
3099 4399 3240 4454 Deus
3266 4411 3404 4466 pra)-

2537 4497 2582 4533 ιε
2643 4494 2725 4531 ur.

2537 4494 2725 4533 tentur.

1903 4579 2052 4634 Licet
2081 4591 2210 4646 ergo
2250 4573 2443 4628 millies
2481 4587 2576 4641 per
2606 4569 2921 4639 prophetam
2953 4563 3176 4625 clamet,
3208 4557 3409 4611 Prwter

1834 4689 1914 4727 me
1953 4687 2056 4725 non
2097 4678 2173 4724 est
2211 4667 2384 4731 Deus,
2429 4674 2484 4720 et
2530 4673 2723 4733 prwter
2763 4675 2843 4711 me
2885 4673 2988 4711 non
3034 4663 3107 4708 est
3135 4652 3314 4722 justus
3359 4657 3406 4700 et

1836 4766 2101 4831 Servator,
2126 4773 2200 4829 et,
2229 4761 2395 4815 Deum
2424 4775 2525 4811 non
2554 4768 2830 4823 cognosces
2857 4757 3048 4818 praeter
3073 4763 3174 4812 me,
3202 4755 3254 4798 et
3285 4741 3408 4794 Non

1835 4868 1912 4914 est
1942 4858 2034 4924 qui
2077 4861 2462 4923 serveﬁprwter
2493 4863 2593 4914 me,
2619 4856 2672 4900 et
2701 4859 2820 4913 (ιιιιξι
2856 4842 2939 4896 his
2978 4837 3296 4908 congemina
3333 4832 3408 4887 le-

1839 4960 2031 5006 runtur
2057 4951 2109 5003 in
2143 4943 2423 5017 prophetis
2451 4939 2682 5003 caneris,
2711 4937 2850 4991 Deus
2889 4942 3002 4987 erat
3028 4941 3075 4984 et
3114 4930 3168 4982 in
3198 4927 3406 4983 Christo

1836 5043 2090 5096 mundum
2127 5016 2227 5094 sibi
2256 5034 2598 5092 reconcilians
2625 5032 2690 5092 “,
2717 5038 2770 5083 et
2801 5028 2915 5096 ipse
2955 5033 3076 5079 erat
3107 5020 3268 5074 Pater
3308 5016 3408 5069 ista

1835 5150 1932 5204 per
1986 5132 2180 5187 Filium
2247 5129 2620 5200 unigenitum,
2674 5122 2837 5176 veluti
2906 5131 3001 5187 per
3059 5114 3406 5204 interm-fietu

1835 5197 2124 5297 quemdam
2184 5197 2492 5278 hominibus
2530 5215 2913 5273 subiusinuans
2959 5228 2972 5264 :
3009 5205 3102 5262 sed
3149 5213 3205 5256 ct
3243 5197 3412 5253 Filius

232 5398 294 5456 ᾗ
332 5391 426 5445 Ed.
458 5391 658 5454 P:tris.,
688 5390 939 5460 ρπβ-159.
1014 5389 1245 5444 “Exod.
1275 5403 1368 5460 xx,
1390 5387 1443 5460 ξ,
1478 5387 1548 5453 5;
1577 5385 1722 5460 Legit

1826 5384 2047 5460 51111,?“
2098 5384 2145 5415 ⁸⁵
2181 5380 2360 5460 Calai:
2388 5375 2685 5460 "1,191.29:
2758 5372 2975 5460 "Deut.
3003 5384 3076 5434 τι,
3106 5366 3157 5421 4.
3221 5364 3267 5396 ⁵⁸
3307 5363 3410 5420 lse.

153 5479 195 5532 ι,
236 5463 293 5518 2.
369 5462 414 5494 ⁵⁷
452 5462 584 5517 ibid.
615 5456 702 5521 5,.-
764 5461 810 5493 ⁵⁸
867 5462 968 5516 lsa.
1008 5475 1100 5528 LI,
1127 5461 1216 5516 15.
1306 5459 1352 5491 δ’
1394 5456 1502 5515 Jer.
1530 5473 1590 5525 ιι,
1618 5457 1709 5513 28.

222 5637 340 5708 (21)
377 5634 548 5708 Vulgo
576 5635 776 5708 ἐαυτῷ.

226 5706 343 5776 (ξι)
377 5706 545 5776 Vulgo
568 5706 884 5760 διετέλλετο.

230 5771 344 5842 ἴνιό)
395 5771 924 5846 Ὑτὶοστησαμένου
982 5774 1123 5840 Quid
1153 5774 1267 5829 vult
1297 5771 1478 5828 nescio
1536 5789 1550 5824 :
1604 5773 1727 5846 nisi,

154 5853 247 5921 qui
299 5845 707 5906 subsistcutiam
745 5849 914 5909 dedit.
949 5854 1000 5902 et
1035 5861 1154 5904 esse
1199 5846 1573 5903 universorum
1601 5845 1726 5899 sub-

1804 5457 1850 5488 “
1893 5441 2046 5510 Deut.
2075 5468 2247 5518 χχιιι,
2294 5451 2384 5506 59.
2472 5449 2514 5480 ⁶¹
2557 5445 2598 5500 ll
2635 5445 2760 5501 Cor.
2788 5457 2844 5509 ν,
2879 5441 2966 5495 19.

1836 5627 2071 5687 stantia).
2098 5626 2199 5686 hoc
2217 5633 2323 5686 est,
2356 5623 2408 5676 in
2439 5638 2560 5676 esse
2588 5618 2860 5685 produxit.
2894 5614 2963 5687 bi.

1909 5698 2023 5766 ('24)
2052 5682 2230 5766 ytilgo
2257 5682 2410 5766 ἐστιν
2444 5687 2544 5755 εἷς.
2581 5682 2690 5743 Καὶ
2715 5688 2884 5766 λέγει,
2924 5685 3062 5736 ἴδετε
3087 5682 3188 5766 ὅτι.

1908 5754 2020 5839 (25)
2049 5754 2488 5839 νυΙᾷοὲκείνου,
2511 5754 2580 5839 ιιι
2620 5775 2762 5828 mox,
2791 5754 3015 5826 -κόσμον
3043 5754 3196 5823 Vulgo
3223 5762 3407 5807 errore

1838 5832 1971 5908 oui.;
2005 5832 2126 5894 dein
2151 5832 2310 5906 vulgo
2340 5837 2450 5898 τοῖς
2486 5832 2677 5901 εὖαγγ.
