3828 6222
162 319 282 377 957

1100 323 1199 381 DE
1232 323 1775 384 ECCLESIASTICA
1806 325 2199 386 THEOLOGIA
2222 327 2353 387 LIB.
2393 327 2447 387 ιι

3323 331 3429 389 958

160 435 344 491 ταῦθα
377 436 453 510 μὴ
479 438 830 511 πραττέσθω
848 439 946 511 τὴν
972 438 1171 512 ψυχὴν,
1200 440 1338 496 ἀλλὰ
1356 442 1452 497 καὶ
1484 442 1593 497 τῶν
1626 441 1735 514 ἑξῆς

1858 443 2113 514 trepidet,
2145 444 2240 500 sed
2280 443 2530 500 attendat
2557 459 2681 515 qua:
2714 453 3017 516 sequuntur
3043 447 3247 504 statim.
3290 448 3427 505 Cum

163 529 532 600 συνημμένων
559 530 833 584 ἀκουέτω
859 530 1028 586 εἰπὼν
1059 532 1189 603 γὰρ,
1229 535 1351 588 Οὐκ
1378 533 1625 588 ἔσονταί
1653 549 1754 590 σοι

161 620 291 674 θεοὶ
349 620 537 697 ἕτεροι
580 621 749 690 πλὴν
779 621 946 692 ἐμοῦ,
1002 623 1312 693 ὲπήγαγεν·
1355 625 1438 679 οὐ
1478 623 1752 693 ποιήσεις

157 711 404 777 σεαυτῷ
416 711 813 783 (21)ετδωλον,
837 714 982 768 οὐδὲ
1002 715 1229 781 παντὸς
1243 716 1525 787 ὁμοίωμα,
1548 717 1665 773 ὅσα
1682 718 1753 772 ἐν

157 799 246 866 τῷ
272 801 506 869 οὐρανῷ
525 803 668 869 ἄνω,
685 804 785 858 καί
797 803 916 860 ὅσα
936 806 1007 859 ἐν
1028 806 1105 875 τῇ
1120 805 1198 876 γῇ
1225 807 1403 873 κάτω,
1426 809 1524 862 καὶ
1549 808 1667 864 ὅσα
1681 810 1751 864 ἐν

156 895 293 960 τοῖς
318 894 539 950 ὕδασιν
560 894 838 951 ὑποκάτω
865 895 978 968 τῆς
996 897 1130 968 γῆς.
1169 900 1252 954 Οὐ
1298 901 1751 971 προσκυνήσεις

154 987 394 1055 αὐτοῖς,
409 987 551 1043 οὐδὲ
556 989 642 1060 μὴ
653 990 1005 1059 λατρεύσεις
1018 989 1242 1057 αὐτοῖς,
1254 989 1369 1061 ἐγὼ
1381 990 1493 1061 γάρ
1507 994 1624 1063 εἰμι
1636 995 1752 1049 Κύ-

148 1096 295 1153 ριος
321 1079 354 1134 ὁ
380 1081 524 1146 Θεός
548 1096 688 1147 σου,
741 1082 959 1151 Κύριος
979 1080 1264 1151 ζηλωτής.
1301 1083 1463 1156 Ὁρᾷς
1487 1085 1636 1150 ὅπως
1667 1087 1746 1141 δι-

156 1171 446 1226 εστέλλετο
462 1173 593 1245 (22),
602 1172 676 1246 μή
692 1176 759 1246 τῇ
779 1173 887 1227 τῶν
902 1174 1071 1230 ὲθνῶν
1085 1175 1333 1247 πολυθέῳ
1352 1177 1530 1252 πλάνῃ
1544 1195 1749 1233 συναπ-

155 1262 417 1333 άγεσθαι,
441 1265 601 1336 μόνον
628 1265 687 1319 δὲ
713 1266 876 1320 αὐτὸν
899 1266 1097 1322 εἰδέναι
1123 1268 1255 1322 Θεὸν
1277 1270 1371 1323 καὶ⁵
1399 1269 1623 1341 Κύριον.
1653 1271 1748 1335 Τίς

155 1355 208 1409 δ’
239 1352 336 1410 οὖν
377 1348 567 1423 οῦτοςς
606 1358 665 1412 '0
685 1357 812 1422 Υἰὺς
829 1358 926 1431 τὴν
950 1359 1134 1414 εἰκόνα
1163 1361 1256 1415 τοῦ
1290 1362 1505 1433 Πατρὸς
1522 1362 1664 1434 ἔχων
1686 1364 1747 1417 ἐν

155 1447 364 1520 ἑαυτῷ,
399 1448 457 1515 ἐξ
489 1447 800 1513 αὐθεντείας
837 1467 897 1502 τε
932 1450 1099 1505 αὐτοῦ
1141 1453 1256 1515 τοῖς
1303 1452 1746 1526 εἰδωλολατρείαν

155 1539 381 1593 νοσοῦσι
413 1538 586 1594 ταῦτα
612 1539 1045 1610 διαταττόμενος.
1087 1541 1175 1606 Ὧς
1201 1542 1309 1617 γὰρ
1342 1544 1519 1598 πάντα
1546 1544 1614 1599 δι’
1648 1545 1747 1599 αὐο

155 1629 261 1684 τοῦ
286 1629 521 1699 ἐγένετο,
552 1630 645 1684 τοῦ
665 1631 879 1703 Πατρὺς
902 1631 989 1685 διὰ
1013 1632 1108 1686 τοῦ
1131 1634 1383 1708 Σωτῆρος
1400 1634 1499 1708 τὴν
1516 1636 1625 1691 τῶν
1646 1654 1744 1707 γε-

156 1719 343 1791 νητῶν
384 1721 642 1776 ἁπάντων
690 1722 885 1777 οὐσίαν
914 1722 1025 1797 (25)
1069 1724 1538 1798 ὑποστησαμένου,
1570 1727 1744 1793 οὕτως

155 1811 328 1874 αὐτὸς
353 1806 419 1882 ἦν
446 1813 475 1866 ὸ
507 1812 697 1885 Πατὴρ
724 1812 823 1884 τήν
852 1791 933 1878 εἰς
950 1791 1113 1869 αῦτὸν
1143 1791 1343 1886 γνῶσίν
1357 1791 1431 1871 ’τε
1462 1791 1557 1873 καὶ
1582 1791 1740 1873 εὐσέέ
1772 1791 1815 1845 Β

157 1899 317 1954 ϐειαν
352 1900 441 1956 διὰ
488 1901 706 1972 μεσίτου
754 1901 848 1955 τοῦ
883 1903 1014 1957 Υἰοῦ
1047 1906 1372 1978 παραδιδοὺς
1412 1906 1737 1980 ἀνθρώποις.

158 1992 349 2046 Τοῦτο
378 1992 437 2048 δὲ
465 1995 562 2048 καὶ
589 1996 618 2048 ὁ
660 1995 984 2061 Ἀπὸστολος
1017 1999 1201 2062 αὐτοῖς
1230 1999 1439 2071 ῥήμασι
1474 1999 1742 2066 Γαλάταις

155 2083 390 2156 γράφων
414 2085 679 2151 ἐδίδασκε,
703 2085 770 2140 δι’
794 2081 871 2143 ὧν
897 2087 1002 2160 ἔφη
1018 2104 1032 2120 ·
1069 2090 1123 2142 Ὀ
1148 2089 1333 2159 νόμος
1348 2089 1645 2161 διαταγεὶς
1663 2091 1739 2147 δι’

155 2177 436 2248 ἀγγέλων
461 2177 532 2231 ἐν
567 2176 717 2247 χειρὶ
738 2180 992 2248 μεσίτου
1010 2197 1028 2213 ⁸
1048 2183 1082 2236 ό
1103 2179 1173 2234 δὲ
1188 2182 1440 2252 μεσίτης
1466 2182 1605 2249 ἐνὸς
1626 2185 1740 2238 οὐκ

154 2268 338 2322 ἐστιν
353 2285 369 2300 ·
398 2269 431 2322 ὸ
456 2267 525 2322 δὲ
546 2266 691 2334 Θεὸς
715 2263 805 2336 εἴς
830 2270 1005 2326 ἐστιν
1025 2270 1161 2343 (24).
1187 2273 1311 2328 Κᾶν
1332 2273 1466 2347 λέγῃ
1485 2291 1500 2306 ·
1530 2275 1737 2341 Ἴδετε,

154 2358 256 2415 ὅτι
290 2359 403 2430 ἐγώ
432 2362 568 2431 ειμι,
604 2363 702 2417 καὶ
734 2365 845 2418 οὐκ
865 2363 997 2419 ἐστι
1026 2363 1172 2431 Θεὸς
1217 2365 1387 2435 πλὴν
1432 2367 1599 2437 ἐμοῦ,
1634 2368 1741 2422 πά-

151 2450 247 2506 λιν
277 2451 306 2504 6
339 2450 526 2523 Πατὴρ
552 2446 643 2523 ἦν,
672 2453 748 2518 ὡς
775 2451 864 2506 διὰ
891 2454 1097 2518 εἰκόνος
1123 2455 1218 2509 καὶ
1250 2457 1490 2527 μεσίτου,
1523 2458 1614 2512 διὰ
1642 2459 1737 2514 τοῦ

153 2542 297 2596 Υἰοῦ
314 2542 471 2597 ro'urro
486 2543 711 2613 φάσκων
730 2560 746 2574 ο
761 2544 822 2600 οὐ
834 2543 940 2618 γὰρ
950 2543 1013 2618 δὴ
1027 2544 1274 2615 λέγοντος
1291 2547 1390 2619 μὲν
1403 2547 1623 2603 Ἡσαΐου
1643 2550 1737 2605 τοῦ

152 2634 466 2705 προφήτου,
502 2635 677 2704 Υἰοὺς
721 2636 1023 2708 ἐγέννησα
1045 2639 1143 2694 καί
1173 2639 1411 2709 ὕψωσα,
1435 2643 1530 2696 καί
1555 2642 1735 2710 πάλιν,

166 2724 413 2795 Ἰσραὴλ
429 2727 496 2782 δέ
517 2744 596 2798 με
619 2731 732 2784 οὐκ
763 2732 935 2800 ἔγνω,
962 2731 1058 2786 καί
1097 2733 1132 2787 ὸ
1165 2734 1316 2800 λαός
1338 2752 1415 2805 με
1446 2737 1518 2791 οὐ
1545 2735 1740 2807 συνῆ-

154 2835 255 2884 κε,
295 2820 390 2873 καὶ
420 2814 591 2887 αὖθις,
650 2820 790 2892 Ἐγὼ
818 2820 967 2879 πᾶσι
1005 2825 1129 2892 τοῖς
1167 2825 1410 2897 ἄστροις
1442 2829 1738 2884 ἐνετειλά-

148 2925 305 2980 μην,
333 2910 443 2976 καὶ,
467 2909 547 2981 Τῇ
591 2912 745 2982 χειρί
782 2931 902 2983 μου
934 2914 1272 2985 ἐστερέωσα
1310 2918 1420 2973 τὸν
1451 2920 1734 2989 οὐρανὸν,

153 2998 257 3052 καί⁵
288 2998 388 3054 ὅσα
422 3001 555 3056 ἄλλα
580 3003 823 3072 τοιαῦτα,
858 3005 918 3058 οὐ
956 3006 1048 3061 τὸν
1091 3007 1318 3065 Ἡσαΐαν
1356 3010 1527 3065 ταῦτα
1558 3012 1737 3083 λέγειν

1854 535 2003 590 enim
2039 536 2251 592 dixerat
2280 575 2297 600 ,
2353 534 2483 592 Non
2527 546 2679 592 erunt
2726 537 2823 592 tibi
2863 538 2942 593 dii
2967 537 3062 593 alii
3101 550 3296 610 preter
3323 559 3427 607 me,

1854 625 2161 692 subintulit,
2197 624 2326 682 Non
2355 628 2515 695 {acies
2546 627 2641 681 tibi
2671 626 2871 682 idolum
2895 669 2913 695 ,
2939 644 3103 700 neque
3131 647 3333 686 omnem
3355 637 3429 687 si-

1854 717 2208 773 militudinem
2239 734 2418 773 eorum
2446 734 2563 789 qua:
2591 727 2718 774 sunt
2746 720 2802 774 in
2827 719 2956 775 caelo
2995 737 3225 788 sursum,
3258 734 3350 777 aut
3370 725 3428 778 in

1852 822 1995 866 terra
2027 812 2297 879 deorsum,
2330 820 2423 865 aut
2444 828 2563 882 quia
2596 813 2795 867 suntin
2827 813 2978 878 aquis
3006 814 3425 881 subter-terram;

1852 918 1958 956 non
1987 901 2235 957 adorabis
2264 901 2382 968 illa,
2422 919 2526 957 non
2551 902 2802 959 inservies
2832 903 2963 968 illis,
2998 903 3110 975 Ego
3142 906 3284 960 enim
3307 923 3427 960 sum

1849 993 2114 1048 Dominus
2151 992 2294 1049 Deus
2339 1005 2493 1060 tuus,
2526 994 2667 1050 Deus
2698 995 2890 1051 zelotes
2916 996 2984 1053 ⁵³.
3016 995 3179 1054 Vides
3200 1006 3260 1053 ut
3285 1013 3424 1069 pm-

1849 1081 2057 1153 cepcrit
2082 1082 2134 1138 id
2158 1082 2355 1149 solum,
2386 1098 2457 1145 ne
2482 1084 2551 1139 ab
2577 1099 2766 1141 errore
2797 1086 3084 1156 gentilitio,
3107 1089 3174 1144 de
3195 1088 3423 1144 deorum

1849 1174 2217 1242 multitudine,
2276 1176 2677 1233 abducerentur
2703 1216 2720 1243 ,
2754 1178 2854 1233 sed
2886 1178 3060 1235 solum
3111 1179 3288 1250 ipsum
3318 1180 3424 1235 Do-

1849 1266 2054 1321 minum
2090 1276 2252 1336 atque
2286 1267 2451 1323 Deum
2510 1276 2889 1338 agnoscerent.
2940 1267 3074 1338 Quis
3119 1279 3239 1325 erat
3271 1270 3423 1326 iste?

1848 1374 2042 1429 nempe
2069 1359 2238 1415 Filius
2275 1358 2448 1415 Patris
2499 1359 2789 1431 imaginem
2837 1361 2893 1415 in
2936 1375 2996 1416 se
3042 1360 3247 1418 habeas
3279 1380 3295 1416 :
3327 1363 3423 1433 qui

1846 1464 1947 1519 pro
1997 1464 2094 1505 sua
2146 1465 2305 1520 quam
2364 1451 2551 1506 habuit
2583 1452 2925 1523 _auctoritate
2975 1454 3281 1511 idololat-ris-
3315 1456 3422 1511 ista

1846 1537 1902 1594 in
1955 1541 2226 1596 mandatis
2274 1540 2444 1596 dedit.
2502 1541 2635 1595 Nam
2704 1550 2764 1596 ut
2815 1542 2999 1598 omnia
3047 1542 3208 1599 Pater
3255 1542 3420 1601 fecis-

1846 1645 1908 1686 se
1961 1631 2160 1686 dicitur
2221 1645 2318 1701 per
2386 1629 2729 1688 Senatorem
2762 1673 2778 1698 ,
2836 1632 2930 1700 qui
2994 1633 3232 1703 suscepit
3287 1647 3418 1689 om-

1846 1723 1994 1776 nium
2050 1721 2405 1777 substantiam
2466 1737 2587 1792 quae
2651 1732 3035 1791 generantur;
3097 1709 3175 1777 ita
3230 1732 3286 1778 et
3353 1729 3414 1788 >11

1842 1813 1958 1883 ipse
1998 1812 2158 1868 Pater
2184 1811 2287 1867 fuit
2333 1813 2423 1884 qui
2471 1827 2568 1884 per
2626 1813 2822 1868 Filium
2863 1813 3260 1881 mediatorem,
3292 1814 3408 1885 pie-

1844 1914 2003 1960 tatem
2031 1915 2085 1959 et
2110 1906 2191 1960 sui
2227 1904 2590 1976 cognitionem
2624 1904 2938 1959 hominibus
2963 1903 3410 1958 communicavit.

1841 1996 1954 2052 Hoc
1983 1997 2204 2051 totidem
2237 1996 2435 2059 verbis,
2476 1996 2544 2051 ad
2574 1994 2802 2051 Galatas
2846 1996 3093 2051 scribens
3120 1995 3411 2065 Apostolus

1840 2088 2088 2151 docebat,
2119 2085 2229 2141 Lex
2260 2087 2507 2142 ordinata
2558 2104 2651 2158 per
2691 2086 2900 2158 angelos
2941 2087 2995 2141 in
3026 2102 3186 2140 manu
3213 2087 3417 2141 media-

1840 2177 1993 2231 toris.
2035 2175 2302 2230 Mediator
2335 2186 2511 2230 autem
2549 2177 2709 2231 unius
2744 2191 2848 2230 non
2881 2184 2957 2231 est
2997 2190 3018 2229 :
3066 2173 3208 2230 Deus
3242 2185 3417 2229 autem

1839 2284 1973 2323 unus
2019 2277 2094 2322 est
2137 2266 2204 2322 ⁸⁸.
2266 2267 2335 2322 Et
2372 2268 2500 2322 alibi
2523 2267 2618 2333 ait,
2696 2264 2871 2321 Videte
2936 2266 3075 2336 quod
3137 2281 3229 2335 ego
3274 2280 3415 2329 sum,

1838 2370 1888 2416 et
1916 2370 2107 2430 praeter
2144 2377 2225 2413 me
2263 2374 2367 2413 non
2396 2370 2473 2415 est
2511 2359 2650 2413 alius
2692 2357 2835 2413 Deus
2859 2357 2928 2412 ⁵⁵.
2969 2357 3130 2412 Pater
3169 2356 3259 2412 hic
3295 2364 3417 2412 erat

1839 2453 1931 2524 qui
1966 2467 2060 2522 per
2099 2451 2319 2516 Filium,
2348 2460 2606 2522 tanquam
2636 2450 2928 2521 imaginem
2960 2458 3017 2504 et
3052 2447 3410 2504 mediatorem

1840 2545 1946 2601 ista
1980 2544 2158 2599 dixit:
2197 2558 2304 2598 non
2341 2542 2486 2597 enim
2530 2556 2653 2596 cum
2688 2539 2880 2595 Isaiam
2905 2538 3154 2594 audimus
3184 2537 3416 2609 prophe-

1841 2645 1946 2692 tam
1975 2636 2266 2700 dicentem,
2292 2631 2464 2688 Filios
2492 2633 2647 2703 genui
2679 2640 2729 2686 et
2759 2629 2983 2686 exaltavi
3001 2629 3086 2695 “;
3117 2637 3171 2683 et
3192 2630 3415 2694 iterum,

1839 2727 2011 2782 Israel
2050 2728 2226 2780 autem
2253 2741 2335 2778 me
2365 2739 2469 2777 non
2500 2721 2761 2793 cognovit,
2787 2733 2836 2776 et
2867 2720 3090 2792 populus
3121 2735 3266 2775 meus
3309 2735 3415 2773 non

1839 2817 2092 2873 intellexit
2114 2817 2199 2886 ‘7;
2231 2823 2286 2872 et
2332 2830 2541 2879 rursus,
2586 2813 2841 2869 Omnibus
2884 2812 3146 2867 sideribus
3181 2828 3274 2882 ego
3314 2811 3417 2865 im-

1838 2912 2057 2982 peravi;
2090 2919 2165 2977 ct,
2188 2926 2349 2963 manu
2375 2925 2489 2962 mea
2517 2907 2724 2977 ﬁrmavi
2756 2905 2944 2960 caelum
2963 2905 3033 2971 ⁸⁸,
3063 2914 3116 2960 et
3143 2919 3262 2974 quae
3290 2913 3416 2959 sunt

1836 3002 2071 3070 similia;
2094 3017 2201 3057 non
2234 3001 2303 3056 ab
2320 2999 2454 3056 Isaia
2484 2999 2609 3066 ista,
2639 2999 2881 3067 inquam,
2914 2996 3126 3067 prolata
3145 2997 3412 3063 dicemus,

156 3092 429 3163 φήσομεν,
460 3093 527 3147 δι’
549 3094 713 3149 αὐτοῦ
752 3096 809 3151 δὲ
852 3097 943 3152 τὸν
987 3100 1045 3153 ὲν
1089 3100 1237 3172 αὐτῷ
1272 3100 1537 3159 λαλοῦντα
1572 3105 1735 3161 Θεόνο

1844 3097 1934 3152 sed
1959 3111 1991 3150 a
2022 3097 2132 3152 Deo
2159 3111 2212 3150 1n
2243 3095 2359 3165 ipso
2402 3094 2677 3163 loquente.
2707 3092 2973 3159 Quocirca
3002 3091 3179 3147 eritne
3223 3091 3413 3147 incon-

152 3182 284 3253 οὐχὶ
312 3182 368 3236 δὲ
395 3185 489 3238 καὶ
518 3185 611 3239 ἐπὶ
642 3184 734 3240 τοῦ
776 3188 1096 3258 μονογενοῦς
1115 3190 1249 3245 Υἰοῦ
1278 3190 1371 3247 τοῦ
1409 3192 1546 3247 Θεοῦ
1563 3234 1578 3260 ,
1604 3195 1739 3267 πρέ-

154 3290 255 3326 ποι
282 3272 349 3327 ἂν
375 3275 466 3328 τὸν
502 3276 719 3348 Πατέρα
736 3277 804 3330 δι’
830 3277 996 3334 αὐτοῦ
1021 3279 1218 3352 χρῆναι
1247 3280 1421 3336 ταῦτα
1447 3282 1740 3357 διαμαρτύ-

158 3362 360 3435 ρασθαι
390 3367 502 3428 τοῖς
525 3365 633 3419 τῶν
668 3365 888 3420 τοιῶνδε
919 3369 1393 3440 παραγγελμάτων
1429 3371 1734 3443 δεομένοις;

154 3450 541 3524 εἰδωλολάτραι
568 3453 615 3507 δ’
639 3449 779 3527 ἦσαν
798 3449 963 3523 οὗτοι,
997 3456 1072 3522 ὡς
1097 3459 1131 3530 ή
1161 3459 1299 3531 αὑτὴ
1326 3459 1567 3515 διδάσκει
1596 3461 1736 3535 Γρα-

155 3543 236 3615 φὴ
267 3543 519 3613 λέγουσα·
552 3546 663 3600 Καὶ
695 3541 818 3602 εἷπε
858 3547 1085 3620 Κύριος·
1139 3568 1159 3602 ι
1187 3549 1298 3604 Ποῦ
1333 3551 1475 3606 εἰσιν
1527 3553 1576 3606 οἰ
1624 3552 1738 3607 θεοὶ

160 3654 183 3687 ‹
228 3635 441 3703 αὐτῶνς
497 3639 582 3708 ἐφ’
628 3634 709 3703 οἷς
752 3639 1136 3695 ἑπεποίθεισαν
1186 3642 1272 3695 ἐπ’
1316 3643 1518 3707 αὐτοῖς,
1570 3636 1644 3698 ὧν
1675 3644 1739 3699 τὺ

162 3746 182 3778 ‹
227 3727 394 3801 στέαρ
416 3727 526 3784 τῶν
560 3731 760 3786 θυσιῶν
789 3731 967 3785 αὐτῶν
1004 3732 1243 3803 ὴσθίετε,
1270 3734 1363 3789 καὶ
1395 3735 1608 3789 ὲπίνετε
1642 3735 1737 3791 τὸν

162 3836 182 3869 s
225 3814 369 3873 οἶνον
419 3818 528 3873 τῶν
584 3821 826 3876 σπονδῶν
876 3822 1075 3880 αὐτῶν.
1147 3825 1581 3896 Ἀναστήτωσαν,
1641 3827 1738 3882 καὶ

162 3929 183 3961 ι
237 3909 661 3982 βοηθησάτωσαν
705 3913 853 3983 ὑμῖν,
895 3915 989 3968 καὶ
1020 3914 1407 3988 γενηθήτωσαν
1431 3914 1581 3988 ὑμῶν
1608 3933 1737 3972 σκε-

161 4019 184 4054 s
227 4002 453 4057 πασταί.
509 4023 529 4057 s
585 4005 808 4071 Τούτοις
863 4006 973 4080 γὰρ
1031 4007 1299 4080 συνῆπται
1352 4007 1448 4076 τὸ,
1478 4026 1499 4060 ι
1544 4010 1734 4075 Ἴδετε,

162 4112 182 4144 ι
221 4092 363 4147 ἴδετε
421 4094 505 4150 ὅτι
558 4096 670 4168 ἐγώ
731 4100 869 4171 εἰμι,
937 4098 1032 4153 καὶ
1102 4099 1205 4153 οὐκ
1260 4098 1374 4154 ἐστι
1424 4100 1556 4166 Θεὸς
1597 4099 1737 4175 πλὴν

162 4203 182 4237 ι
226 4184 388 4257 ἐμοῦ.
437 4205 459 4240 s

788 4283 945 4338 ΚΕΦ.
975 4284 1106 4341 KB’.

157 4374 292 4429 Ὀτι
315 4374 415 4429 καὶ
445 4373 516 4430 ἐν
543 4374 665 4441 τοῖς
691 4375 1145 4502 πιὲἓφήὲαιςηδιὰ
1172 4378 1278 4434 τοῦ
1308 4379 1446 4435 Υἰοῦ
1474 4383 1509 4436 ό
1532 4378 1738 4450 Πατὴρ

818 4464 883 4502 so
925 4465 1135 4502 ογειτο.
1492 4490 1501 4502 .

818 4464 1135 4519 εολογειτο.

220 4533 348 4589 Κᾶν
365 4535 623 4608 μυριάκις
635 4535 814 4591 τοίνυν
835 4536 923 4591 διὰ
940 4537 1036 4591 τοῦ
1057 4540 1336 4612 προφήτου
1360 4538 1498 4610 βοῶν
1526 4542 1731 4613 φάσκῃ,

156 4626 336 4696 Πλὴν
360 4627 506 4698 ἐμοῦ
536 4630 648 4683 οὐκ
671 4629 803 4685 ἐστι
822 4630 987 4697 Θεὸς,
1016 4631 1111 4685 καὶ
1136 4632 1304 4701 πλὴν
1318 4633 1464 4701 ἐμοῦ
1481 4636 1592 4688 οὐκ
1605 4633 1739 4690 ἔστι

151 4717 390 4786 δίκαιος
403 4718 503 4773 καὶ
521 4719 748 4790 Σωτὴρ,
792 4723 886 4777 καὶ
907 4722 1055 4777 Θεὸν
1085 4723 1254 4792 πλὴν
1264 4725 1410 4794 ἐμοῦ
1425 4727 1498 4781 οὐ
1512 4726 1736 4797 γνώσῃ,

153 4811 253 4864 καὶ
271 4810 477 4872 σώζων
503 4814 616 4868 οὐκ
646 4814 782 4868 ἐστι
805 4814 998 4883 παρὲξ
1030 4815 1144 4888 (25)
1165 4817 1332 4887 ἐμοῦ,
1356 4819 1451 4872 καὶ
1482 4820 1583 4873 ὅσα
1603 4818 1739 4875 ἄλλα

150 4903 367 4966 τούτοις
407 4903 611 4974 ἀδελφὰ
647 4907 706 4960 ὲν
750 4908 862 4971 τοῖς
893 4905 1098 4972 λοιποῖς
1141 4908 1363 4980 φέρεται
1401 4911 1731 4982 προφήταις,

154 4994 307 5062 Θεὸς
321 4992 419 5066 ἦν,
442 4997 540 5050 καὶ
557 4997 628 5062 ἐξ
646 4984 882 5054 ἐκείνου
914 4999 985 5053 ἐν
1008 4998 1238 5068 Χριστῷ
1263 5001 1494 5071 κόσμον
1508 5005 1733 5057 natal-

154 5086 415 5143 .ιάσσων
432 5089 649 5157 ἐαυτῷ,
669 5092 764 5146 καὶ
783 5091 946 5156 αὐτὸς
964 5087 1033 5163 ἦν
1062 5091 1094 5145 ὁ
1122 5092 1313 5165 Πατὴρ
1331 5092 1506 5148 ταῦτα
1521 5093 1612 5147 διὰ
1631 5092 1726 5148 τοῦ

157 5178 482 5251 μονογενοῦς
514 5181 669 5249 Υἰοῦ,
720 5177 809 5237 οἶα
839 5183 908 5238 δι’
931 5184 1233 5257 ἑρμηνέως,
1265 5183 1571 5257 ἀνθρώποις
1595 5185 1728 5239 ὑπο-

1838 3202 2033 3258 gruum
2074 3186 2302 3249 dixisse,
2333 3185 2549 3240 Patrem
2594 3198 2692 3254 per
2727 3181 2922 3237 Filiqu
2971 3198 3129 3238 suum
3165 3182 3415 3253 unigeni-

1838 3289 1949 3336 tum
1978 3280 2094 3336 Iuec
2126 3278 2478 3350 praelocutum
2511 3275 2785 3331 aﬂismare
2839 3275 2978 3346 apud
3036 3289 3132 3329 eos
3167 3274 3258 3343 qui
3294 3275 3415 3330 istis

1835 3372 2147 3443 indigebant
2177 3370 2444 3426 mandatis
2486 3378 2543 3424 et
2592 3368 3087 3425 admonitionibus?
3116 3367 3287 3422 Erant
3315 3382 3413 3421 au-

1834 3469 1943 3518 tem
1992 3462 2134 3531 quod
2174 3468 2403 3516 testatur
2451 3458 2755 3527 Scriptura,
2791 3459 2845 3512 bi
2893 3456 3215 3512 idololatria.
3265 3456 3416 3510 Dixit

1834 3553 1978 3609 enim
1997 3550 2253 3607 Dominus
2284 3568 2301 3604 :
2341 3547 2441 3604 Ubi
2464 3558 2590 3604 sunt
2617 3548 2695 3602 dii
2720 3547 2932 3602 illorum
2958 3551 2984 3604 ?
3007 3548 3264 3618 inquibus
3289 3563 3417 3601 con-

1833 3642 2063 3713 ﬁdebant
2090 3680 2108 3709 ,
2150 3658 2374 3713 quorum
2428 3640 2494 3695 de
2552 3639 2829 3707 sacriﬁciis
2861 3639 3067 3708 adipem
3095 3637 3411 3705 camedistis,

1833 3744 1881 3790 et
1918 3734 2121 3788 bibistis
2157 3733 2332 3788 vinum
2364 3732 2429 3786 de
2456 3732 2624 3800 epulis
2683 3747 2864 3785 eorum
2889 3747 2908 3784 :
2939 3738 3159 3799 surgant
3183 3738 3230 3783 et
3256 3729 3414 3799 adju-

1835 3837 1951 3884 vent
1982 3845 2091 3894 vos,
2141 3836 2191 3882 et
2220 3826 2351 3896 ﬁant
2387 3825 2766 3880 obumbracula
2818 3825 2959 3879 vobis
2985 3824 3050 3877 ⁸ο.
3083 3820 3238 3880 Nunc
3261 3822 3412 3879 hisce

1836 3919 2017 3976 verbis
2049 3918 2270 3974 adut-ita
2323 3928 2485 3984 sunt,
2526 3915 2735 3983 Videte,
2780 3916 2943 3972 videte
2974 3914 3113 3986 quod
3131 3930 3224 3986 ego
3258 3929 3408 3982 sum,
3495 3995 3499 3998 ν

1835 4022 1882 4067 et
1918 4027 2023 4067 non
2051 4019 2129 4066 est
2165 4009 2302 4065 alius
2329 4019 2519 4080 praeter
2551 4023 2631 4063 me
2652 4007 2720 4064 °°.

2430 4278 2584 4337 CAP.
2625 4276 2795 4335 XXII.

1839 4374 1991 4441 Quod
2019 4372 2176 4429 etiam
2207 4372 2262 4428 in
2287 4370 2557 4496 prophetis.
2588 4371 2749 4496 εἶπεν
2773 4384 2864 4439 per
2879 4365 3080 4422 Filium
3104 4364 3246 4420 Deus
3271 4378 3410 4434 pra:-

2541 4458 2588 4496 tt:
2647 4457 2731 4494 ur.

2541 4457 2731 4496 teatur.

1907 4536 2057 4593 Licet
2085 4549 2215 4606 ergo
2254 4532 2448 4589 millies
2485 4548 2581 4603 per
2610 4531 2926 4602 prophetam
2957 4527 3182 4591 clamet,
3212 4523 3415 4579 Prwter

1837 4646 1918 4685 me
1955 4644 2060 4684 non
2100 4637 2178 4684 est
2214 4627 2388 4693 Deus,
2433 4635 2489 4682 et
2533 4636 2727 4695 prwter
2767 4638 2847 4676 me
2888 4637 2992 4676 non
3036 4629 3112 4675 est
3138 4618 3318 4689 justus
3361 4625 3411 4669 et

1839 4723 2105 4790 Servator,
2128 4732 2203 4789 et,
2232 4720 2399 4775 Deum
2427 4736 2529 4773 non
2557 4732 2833 4786 cognosces
2860 4722 3052 4784 prteter
3075 4728 3179 4779 me,
3205 4720 3259 4766 et
3286 4707 3411 4763 Non

1837 4824 1915 4871 est
1944 4816 2036 4882 qui
2079 4822 2464 4884 serueﬁprwter
2495 4825 2596 4876 me,
2621 4818 2675 4864 et
2703 4822 2823 4877 quae
2858 4806 2942 4861 bis
2980 4803 3300 4874 congemiua
3334 4799 3412 4855 le-

1840 4917 2033 4964 ruutur
2059 4909 2111 4963 in
2144 4903 2426 4976 prophetis
2452 4902 2685 4967 caeteris,
2712 4900 2853 4954 Deus
2890 4907 3004 4953 erat
3029 4907 3077 4951 et
3115 4896 3171 4948 in
3199 4893 3408 4950 Christo

1837 5000 2091 5054 mundum
2129 4998 2228 5052 sibi
2256 4995 2599 5052 reconcilians
2626 4994 2690 5056 “,
2717 5001 2772 5047 et
2801 4992 2916 5060 ipse
2956 4997 3077 5044 erat
3108 4986 3269 5040 Pater
3309 4984 3410 5037 ista

1835 5106 1932 5161 per
1986 5089 2181 5145 Filium
2248 5090 2620 5161 unigenitum,
2674 5085 2837 5140 veluti
2906 5096 3001 5152 per
3059 5079 3406 5142 interpretem

1834 5184 2124 5254 quemdam
2184 5181 2491 5238 hominibus
2529 5177 2913 5236 subiusiuuans
2957 5193 2971 5229 :
3009 5169 3102 5227 sed
3149 5180 3204 5223 et
3241 5164 3412 5220 Filius

232 5342 293 5409 >3
329 5335 425 5409 Ed.
456 5336 657 5409 Parim,
686 5339 938 5409 pagl'59.
1012 5340 1244 5396 l"’Exod.
1272 5356 1366 5405 xx,
1389 5340 1441 5405 4,
1476 5340 1546 5408 5;
1576 5339 2046 5408 Levit.xxvi,l,2.
2097 5342 2144 5373 ⁸⁵
2180 5338 2359 5395 Galat.
2385 5337 2685 5409 "1,19,20,
2756 5335 2974 5409 “Deut.
3000 5349 3075 5401 vr,
3104 5331 3156 5388 4.
3218 5331 3266 5363 ⁸⁸
3305 5330 3409 5389 lea.

156 5422 198 5476 ι,
235 5408 292 5463 2.
366 5407 413 5440 ⁸⁷
449 5408 582 5463 ibid.
613 5404 702 5463 5f
761 5409 809 5441 ⁸⁸
864 5411 966 5465 Isa.
1005 5425 1098 5479 LI,
1125 5413 1214 5468 l3.
1303 5411 1351 5445 ⁸³
1391 5404 1500 5467 Jer.
1528 5404 1588 5480 ιι,
1616 5412 1708 5468 28.

1844 5417 1848 5439 ’
1891 5404 2043 5468 Deut.
2073 5427 2245 5478 xxxu,
2292 5411 2383 5467 39.
2469 5410 2513 5442 “
2554 5407 2596 5462 II
2633 5408 2758 5464 Cor.
2786 5420 2842 5473 ν,
2876 5404 2964 5459 I9.

221 5582 338 5655 (9.“)
373 5579 545 5655 Υιιιεο
572 5582 774 5655 tauri»

225 5652 340 5719 (ἰπὶ)
373 5652 542 5723 Vulgo
564 5652 880 5708 διετέλλετο.

228 5724 341 5788 ('25)
391 5723 920 5794 Ὑποστησαιιένου
977 5724 1119 5791 Quid
1149 5726 1262 5781 vult
1292 5725 1474 5781 nescio
1531 5742 1545 5778 :
1599 5727 1723 5793 nisi,

156 5796 244 5866 qui
294 5793 703 5853 subsistentiam
739 5797 910 5859 dedit.
944 5803 996 5853 et
1030 5811 1149 5856 esse
1194 5797 1568 5855 universorum
1595 5800 1722 5855 sub-

1831 5584 2068 5646 stantite.
2094 5584 2196 5645 hoc
2213 5592 2320 5647 est,
2352 5583 2405 5637 iu
2436 5598 2557 5637 esse
2584 5581 2857 5647 produxit.
2889 5578 2960 5634 Μ.

1904 5654 2019 5724 (24)
2046 5653 2227 5724 Υυίεο
2257 5655 2407 5707 ἐστιν
2439 5647 2541 5716 εἷς.
2576 5654 2687 5706 Καὶ
2711 5651 2880 5724 λέγει,
2919 5649 3058 5703 ίδετε
3082 5648 3184 5724 ὅτι.

1903 5720 2016 5796 (25)
2044 5720 2484 5796 νυίςξο-ὲκείνου,
2519 5732 2576 5796 et
2614 5739 2758 5791 tuos,
2810 5722 3011 5792 κόσμον
3038 5720 3191 5790 \‘ulgu
3219 5730 3403 5775 errore

1832 5794 1966 5865 out;
1999 5796 2121 5853 dein
2146 5794 2305 5867 vulgo
2335 5798 2446 5860 τοῖς
2481 5794 2672 5863 aia-ﬂ.
