3828 6222
479 323 588 384 959

1154 322 1427 381 EUSEBII
1467 325 1949 386 CASSARIENSIS
1987 329 2142 387 OPP.
2183 329 2366 387 PARS
2408 330 2500 390 IV.
2535 333 3036 392 —DOGMATICA.

3647 340 3747 397 960

479 457 694 515 quoque
723 443 777 499 in
814 441 1129 515 Evangelio,
1161 445 1273 517 ipse
1311 463 1476 503 unum
1517 450 1691 506 solum
1730 451 1897 510 Deum
1931 453 2026 508 i‘nti

2173 454 2550 526 ρθεγγόμενος.
2596 454 2655 510 '0
2682 453 2740 506 δὲ
2770 453 2866 507 καὶ
2889 453 3052 516 αὐτὸς
3077 454 3106 507 6
3130 452 3262 517 Υἱὸς
3303 453 3362 507 ἐν
3393 452 3747 522 Εὖαγγελίοις

478 549 630 590 mare
690 535 905 591 videtur
955 537 1250 608 inquiens:
1297 542 1428 596 Haec
1483 550 1561 595 est
1619 553 1794 598 autem
1845 550 1904 609 ›Ῑ‹
1955 546 2060 601 vita

477 636 699 695 averna,
725 637 782 684 ut
809 640 1128 701 cognoscant
1150 643 1198 687 te
1228 649 1389 688 unum
1417 635 1585 690 solum
1613 636 1796 701 Deum,
1823 648 1874 694 et
1907 655 2058 708 quem

472 719 667 775 misisti
694 719 875 775 Iesum
900 720 1165 777 Christum
1187 724 1252 777 “.
1294 724 1386 780 Ille
1413 737 1531 780 erat
1552 742 1682 797 ergo
1703 743 1864 784 verus
1895 728 2054 786 Deus:

474 811 569 881 qui
601 827 740 869 unus
778 812 925 868 solus
959 820 1063 880 est,
1099 822 1155 868 et
1187 830 1294 870 non
1330 827 1415 872 est
1452 817 1592 872 alius
1623 829 1820 887 praeter
1858 821 2052 891 ipsum.

474 902 576 969 Qui
615 917 725 958 non
764 904 940 960 solum
991 920 1090 975 per
1132 907 1443 976 prophetas,
1491 914 1585 965 sed
1626 921 1681 966 et
1729 927 1824 982 per
1860 912 2054 968 Filium

472 1007 630 1049 suum
679 994 780 1050 ista
838 996 1068 1066 tempori
1121 998 1534 1064 convenientia,
1575 1001 1908 1059 idololatrico
1957 1005 2054 1059 Ju-

473 1085 715 1141 daeorum
764 1087 961 1158 populo
994 1089 1361 1159 praecipiebat.
1413 1091 1676 1158 Quocirca
1717 1093 1902 1162 Isaias,
1960 1106 2054 1152 aut

475 1176 618 1232 Deus
652 1177 832 1246 potius
881 1194 979 1248 per
1021 1180 1212 1236 Isaiam
1253 1183 1332 1237 ait
1370 1200 1388 1238 :
1432 1185 1637 1239 Prwter
1680 1203 1762 1242 me
1823 1203 1929 1242 non
1977 1200 2051 1244 est

472 1265 615 1322 Deus
643 1282 663 1322 :
693 1265 824 1333 Quis
866 1279 922 1324 ut
958 1286 1072 1341 ego,
1109 1279 1218 1330 etc.
1255 1273 1360 1328 Vos
1392 1275 1514 1329 estis
1558 1284 1713 1330 testes
1741 1277 1790 1332 si
1833 1280 1949 1348 quis
1980 1281 2048 1334 sit

471 1357 614 1412 Deus
667 1369 860 1426 prreter
909 1377 991 1414 me
1025 1361 1092 1416 “.
1144 1362 1494 1419 Subiutulit:
1543 1363 1696 1431 Quod
1742 1383 1844 1422 non
1894 1378 2046 1423 erant

469 1459 595 1504 tunc
636 1453 729 1520 qui
776 1451 1040 1523 ﬁngebant
1087 1463 1137 1509 et
1185 1455 1524 1524 sculpebant,
1572 1473 1747 1513 omnes
1791 1460 1913 1515 uani
1959 1460 2046 1530 fa-

469 1539 660 1595 cientes
709 1559 827 1611 quw
872 1543 1146 1612 placebant
1194 1545 1304 1601 illis
1343 1547 1408 1602 “.
1465 1547 1676 1618 Ubique
1721 1557 1900 1606 autem
1951 1568 2049 1623 per

467 1629 612 1686 illius
669 1633 1007 1702 prophetiam
1069 1635 1193 1691 licet
1245 1638 1675 1705 animadvertas,
1721 1642 2046 1702 inanimatas

467 1721 587 1778 illas
632 1733 840 1782 statuas
876 1726 1173 1797 ﬂagellatas
1209 1748 1222 1785 :
1259 1740 1316 1788 et
1348 1732 1596 1788 similiter
1627 1737 1769 1806 apud
1807 1738 2045 1808 singulos

2161 546 2470 619 παρεδίδου,
2501 546 2598 600 ἕνα
2636 545 2795 617 μόνον
2828 544 3026 599 εἰδέναι
3067 543 3333 599 διδάσκων
3380 544 3537 611 Θεὸν,
3577 547 3638 600 ἐν
3673 543 3749 611 οἷς

2158 639 2362 711 ἔλεγεν,
2377 640 2540 709 Αὕτη
2558 639 2626 694 δέ
2637 639 2814 693 ἐστιν
2828 639 2866 707 ἡ
2883 637 3117 704 αἰώνιος
3137 635 3270 706 ζωὴ,
3289 638 3391 691 ἵνα
3404 637 3750 707 γινώσκωσι

2156 752 2232 791 σε
2260 735 2369 790 τὸν
2389 736 2580 806 μόνον
2621 733 2917 803 ἀληθινὸν
2950 731 3120 797 Θεὸν,
3149 732 3248 786 καὶ
3277 731 3351 786 ὃν
3378 732 3748 799 ἀπέστειλας

2169 826 2406 895 Ἰησοῦν
2435 827 2721 895 Χριστόν.
2756 817 2925 889 Οὗτος
2956 818 3049 878 οὖν
3097 824 3127 877 6
3163 821 3414 892 ἀληθινὸς
3440 818 3511 893 ἦν
3540 823 3699 890 Θεὸς,
3721 823 3749 876 6

2154 912 2237 980 εἷς
2269 916 2448 987 μόνος,
2486 917 2582 970 καὶ
2611 916 2798 988 ἕτερος
2840 914 2940 967 οὐκ
2975 913 3090 967 ἐστι
3119 911 3257 984 πλὴν
3287 911 3476 975 αὐτοῦ,
3525 910 3645 982 (26)
3677 912 3748 984 μὴ

2157 1007 2316 1080 μόνον
2331 1008 2360 1062 δ
2366 1007 2419 1062 ιὰ
2434 1007 2542 1062 τῶν
2559 1007 2876 1080 προφητῶν,
2897 1006 3033 1060 ἀλλὰ
3047 1005 3137 1060 διὰ
3150 1004 3245 1059 τοῦ
3266 1004 3396 1058 ἰδίου
3415 1003 3550 1058 Υἰοῦ
3577 1003 3753 1056 ταῦτα

2153 1101 2275 1153 κατ’
2326 1102 2502 1154 ἐκεῖνο
2556 1098 2750 1171 καιροῦ
2790 1097 3296 1170 εἰδωλολατρεύοντι
3341 1095 3419 1167 τῷ
3476 1096 3754 1150 Ἰουδαίων

2151 1191 2572 1264 ἐγκελευόμενος
2601 1191 2766 1246 ἔθνει.
2789 1189 2997 1244 Αὐτίκα
3013 1190 3060 1243 δ’
3082 1186 3178 1245 οὖν
3196 1190 3225 1242 6
3255 1189 3504 1254 Ἡσαΐας,
3544 1188 3750 1260 μᾶλλον

2149 1284 2207 1337 δὲ
2237 1287 2266 1338 6
2298 1283 2429 1347 Θεὸς
2476 1284 2543 1338 δι’
2570 1282 2759 1345 αὐτοῦ,
2801 1281 3008 1336 εἰπών·
3047 1281 3223 1349 Πλὴν
3266 1281 3412 1351 ἐμοῦ
3453 1283 3569 1335 οὐκ
3615 1280 3752 1335 ἐστι

2153 1376 2316 1441 Θεός.
2333 1375 2436 1442 Τίς
2446 1373 2649 1445 ὥσπερ
2668 1373 2805 1444 ἐγώ;
2829 1375 2922 1428 καὶ
2945 1373 3090 1446 ἐξῆς·
3115 1373 3423 1443 Μάρτυρες
3437 1374 3551 1445 (27)
3574 1375 3756 1445 ὑμεῖς

2146 1467 2306 1532 ἐστε,
2341 1469 2393 1521 ει
2437 1468 2572 1522 ἐστι
2624 1467 2769 1533 Θεὸς
2805 1465 2975 1534 πλὴν
3009 1466 3178 1536 ἐμοῦ,
3221 1467 3470 1539 ἐπήγαγε
3506 1467 3593 1520 τό·
3637 1467 3751 1521 Καὶ

2146 1560 2258 1612 οὐκ
2284 1555 2449 1630 ἦσαν
2493 1558 2626 1612 τότε
2667 1562 2721 1613 οἱ
2753 1557 3140 1624 πλάσσοντες
3171 1557 3270 1612 καὶ
3313 1559 3370 1611 ot
3400 1559 3748 1630 τλύφοντες

2145 1648 2369 1716 πάντες
2394 1648 2653 1719 μάταιοι,
2690 1648 3007 1716 ποιοῦντες
3031 1649 3107 1704 τὰ
3136 1650 3473 1718 καταθύμια
3513 1648 3753 1707 αὐτῶν.

2145 1737 2258 1791 Καὶ
2286 1738 2352 1791 δι’
2382 1738 2512 1810 ὅλης
2541 1738 2598 1792 δὲ
2629 1740 2729 1812 τῆς
2761 1738 2925 1794 αὐτοῦ
2960 1739 3297 1811 προφητείας
3323 1738 3506 1810 εὕροις
3546 1740 3619 1794 ἂν
3651 1757 3752 1794 κο-

465 1815 851 1884 prophetarum
911 1835 1076 1875 unum
1117 1823 1282 1878 Deum
1322 1824 1563 1882 invenies
1597 1828 1947 1896 celebratum,
1985 1845 2029 1886 ut

2173 1828 2388 1900 ιτόμενα
2419 1828 2487 1882 τὰ
2513 1827 2697 1901 ἄψυχα
2741 1828 2926 1894 ξόανα,
2957 1830 3053 1883 καὶ
3091 1829 3223 1901 παρ’
3255 1828 3472 1899 ἑκάστῳ
3498 1828 3559 1882 δέ
3606 1846 3752 1900 προ-

466 1916 782 1962 avertantur
811 1909 1056 1966 homines
1081 1927 1112 1968 a
1143 1912 1364 1968 deorum
1397 1914 1758 1973 multitudine.
1787 1919 1867 1974 Ad
1897 1936 2045 1976 eum-

465 1993 586 2050 dem
621 1998 836 2054 modum
871 2016 969 2056 nos
1001 2003 1056 2057 in
1095 2019 1386 2074 congressu
1419 2021 1741 2079 quocunque
1777 2027 1899 2066 cum
1944 2028 2043 2084 pa-

463 2088 620 2157 ganis
651 2089 886 2147 solemus
924 2094 1228 2150 doctrinam
1256 2097 1322 2152 de
1349 2097 1568 2155 Christo
1609 2101 1662 2157 in
1695 2112 1906 2174 tempus
1943 2122 2042 2176 op-

459 2189 750 2248 portunum
783 2200 1073 2255 reponere,
1107 2190 1241 2246 etin
1278 2195 1526 2260 praesenti
1571 2197 1772 2251 erroris
1815 2197 2042 2254 idolola-

460 2271 586 2326 trici
641 2276 1077 2346 redargutionem
1136 2293 1474 2352 proponere,
1525 2293 1580 2340 et
1634 2287 1726 2342 Dei
1780 2290 2039 2346 unitatem

459 2361 905 2424 demonstrativis
968 2369 1272 2429 rationibus
1335 2374 1596 2433 stabilire.
1675 2379 1858 2436 Discat
1917 2383 2040 2439 ideo

457 2451 764 2523 Marcellus,
807 2459 853 2516 si
887 2469 1064 2518 tamen
1095 2465 1188 2532 qui
1231 2465 1628 2526 obveteraverit
1673 2488 1797 2528 cum
1828 2476 2043 2545 episco-

453 2555 587 2615 patu
640 2549 696 2605 in
734 2549 976 2608 Ecclesia
1032 2555 1234 2613 Christi
1278 2560 1514 2615 nondum
1565 2563 1845 2632 didicerit,
1893 2569 2036 2635 quod

454 2639 699 2707 mysterii
751 2640 896 2698 illius
932 2644 1232 2702 absconditi
1272 2649 1664 2721 intelligentia,
1709 2663 1922 2712 vetusto
1955 2657 2032 2712 illi

452 2727 652 2795 populo
697 2744 804 2785 non
865 2737 1365 2794 communicabatur
1419 2742 1486 2796 de
1533 2741 1674 2799 Filio
1720 2744 1850 2810 Deo,
1898 2761 2030 2816 pro-

451 2825 638 2884 pterea
679 2821 821 2890 quod
871 2824 939 2878 ab
981 2826 1284 2884 idololatria
1324 2831 1667 2901 impendebat
1714 2835 1783 2892 iis
1814 2838 2032 2906 pericu-

451 2907 563 2964 lum
587 2949 603 2976 ,
626 2921 682 2968 et
707 2914 848 2984 quod
879 2914 1131 2974 Ecclesiae
1163 2924 1531 2979 tantummodo
1559 2929 1874 2998 mysterium
1903 2930 2032 2986 illud

450 3014 481 3052 a
515 3001 731 3069 saeculo,
771 3013 825 3059 et
870 3010 1306 3076 generationibus
1358 3014 1730 3071 absconditum
1779 3035 2030 3075 reserva-

448 3089 612 3146 batur
639 3092 987 3160 aperiendum
1016 3097 1084 3152 ab
1136 3097 1304 3166 ipsius
1336 3103 1530 3171 gratia.
1558 3102 1616 3156 In
1642 3120 1748 3173 quo
1771 3111 2030 3180 mysterio

450 3179 519 3232 de
555 3192 739 3237 sancta
774 3183 1039 3242 Trinitate
1067 3189 1227 3256 ratio,
1269 3190 1336 3245 de
1378 3190 1560 3260 Patre,
1593 3193 1754 3260 Filio,
1798 3179 1856 3252 et
1903 3199 2025 3268 Spi-

448 3269 558 3324 ritu
583 3281 794 3340 sancto,
825 3275 1079 3332 nimirum
1110 3282 1689 3352 comprehendebatur.
1718 3288 1881 3358 Atqui
1915 3299 2023 3345 tam

447 3359 619 3416 multa
666 3364 885 3436 collegit
933 3369 987 3423 in
1036 3387 1237 3436 unum,
1282 3383 1415 3444 quot
1465 3376 1550 3432 vel
1599 3378 1666 3434 de
1715 3379 2022 3437 Iudaeorum

446 3463 610 3520 gente
672 3455 989 3514 circumcisa
1040 3462 1300 3534 magister
1353 3465 1407 3520 in
1459 3464 1686 3537 Judaica
1739 3469 2023 3543 Synagoga

443 3545 923 3606 concionabun'dus
958 3565 1354 3625 coacervasset,
1395 3566 1454 3613 et
1495 3559 1758 3629 gloriatur
1796 3577 1859 3619 se
1905 3565 2023 3620 haec

445 3634 651 3726 Christi
703 3640 982 3711 discipulis
1035 3646 1332 3714 exhibere,
1411 3651 1539 3706 dum
1594 3653 1807 3725 ignorat
1877 3659 2022 3726 quod

445 3725 617 3782 multa
655 3730 830 3786 adhuc
866 3732 1017 3801 plura
1047 3733 1264 3793 Judaeus
1306 3741 1600 3798 secundum
1633 3758 1854 3800 carnem
1889 3725 2020 3816 pro-

449 3817 678 3874 tulisset.
721 3821 922 3879 Horum
972 3828 1146 3898 gratia
1186 3830 1275 3888 hic
1323 3833 1587 3890 insultat:
1622 3851 1727 3892 non
1757 3853 2020 3896 verecun-

440 3907 602 3964 datur
653 3924 834 3969 autem
861 3919 1002 3986 quod
1037 3920 1388 3993 theologicam
1425 3927 1764 3984 verissimam
1794 3930 1862 3986 de
1890 3931 2019 3988 Ser-

440 4008 841 4062 vatore=uostro
870 4013 1132 4066 rationem
1164 4016 1446 4082 pervertit.

985 4107 1044 4165 ᾖ
1075 4103 1227 4158 CAP.
1273 4105 1461 4162 XXIII.

637 4186 793 4253 Quod
827 4189 1068 4247 Ecclesia
1097 4210 1198 4249 non
1232 4200 1484 4266 praedicat
1513 4202 1637 4257 deos
1666 4203 1820 4259 duos.

507 4277 756 4346 .uprimis
802 4296 908 4337 non
966 4282 1223 4356 intelligit
1270 4287 1472 4344 dictum
1525 4293 1688 4349 divini
1735 4295 2009 4364 Apostoli,

435 4365 528 4434 qui
571 4366 930 4427 diversimode
969 4372 1127 4429 docet
1174 4390 1299 4431 esse
1337 4378 1484 4434 illum
1539 4381 1632 4438 Dei
1683 4384 2009 4456 imaginem,

435 4458 616 4515 verbis
648 4476 679 4515 a
708 4477 794 4518 me
833 4467 1124 4536 propositis
1151 4486 1166 4524 :
1197 4470 1338 4526 unde
1367 4488 1464 4542 par
1497 4474 1601 4531 fuit
1636 4488 1696 4533 ut
1741 4480 2012 4553 intellige-

433 4555 538 4617 ret,
589 4552 730 4619 quod
775 4555 1014 4612 Ecclesia
1060 4559 1157 4615 Dei
1202 4576 1309 4617 non
1360 4566 1616 4634 praedicat
1665 4569 1801 4627 duos
1853 4552 2006 4630 deos.

430 4637 566 4694 Nam
615 4657 714 4700 nec
742 4645 878 4702 duos
913 4649 1177 4719 ingenitos
1205 4655 1378 4710 credit
1407 4666 1501 4712 aut
1546 4659 2006 4733 imprincipiatos,

430 4739 493 4784 ut
523 4747 629 4787 non
658 4737 825 4792 semel
859 4740 1115 4808 diximus,
1146 4745 1241 4800 sed
1273 4762 1374 4804 nec
1407 4749 1543 4808 duas
1573 4754 1910 4813 substantias
1937 4773 2005 4815 ex

429 4820 656 4879 adverso
693 4826 1030 4887 introductas
1076 4833 1282 4890 honore
1320 4852 1478 4906 pares
1519 4843 1718 4897 asserit
1759 4859 1774 4898 :
1822 4844 2006 4915 itaque

426 4929 604 4984 neque
633 4918 766 4975 duos
793 4919 943 4988 deos,
993 4925 1086 4980 sed
1118 4927 1338 4983 unicum
1379 4931 1706 5002 principium
1738 4943 1794 4988 et.
1831 4935 1998 4990 Deum

426 5006 685 5070 praedicat
725 5025 846 5065 esse
878 5012 1092 5070 Patrem
1137 5017 1346 5074 scilicet
1389 5021 1649 5092 unigeniti
1706 5033 1762 5080 et
1817 5026 2002 5084 dilecti

423 5093 580 5162 Filii,
609 5113 771 5154 unam
809 5117 1024 5174 quoque
1061 5107 1351 5178 imaginem
1394 5111 1685 5171 invisibilis
1716 5114 1834 5184 Dei,
1881 5134 2002 5188 qua:

485 5286 544 5347 Et
583 5283 678 5340 Ed.
707 5283 909 5355 Paris.,
945 5303 1070 5362 pag.
1105 5292 1230 5361 140,
1271 5295 1392 5351 Ml.
1508 5300 1552 5333 ⁶²
1591 5301 1756 5362 Joan.
1787 5321 1932 5376 xvn,
1973 5309 2031 5368 5.

491 5463 605 5534 (‘26)
636 5468 806 5539 Vulgo
837 5470 1000 5583 εἰμὴ.

491 5534 600 5583 ίΞἹὶ
638 5539 806 5583 Vulon
831 5559 924 5583 νη.
955 5559 1000 5583 ul

638 5534 806 5624 [ullgo
831 5534 924 5621 κμὶ
953 5534 1224 5624 damnet
1253 5561 1400 5624 mox,
1421 5549 1705 5624 ἐπήγαγεν
1731 5555 1780 5610 6.

642 5605 782 5692 Περζ
807 5612 918 5692 τῆς
954 5605 1234 5692 ἒκὲομῆς.
1267 5605 1399 5692 Non
1426 5605 1632 5679 estude'
1670 5605 1994 5682 circumcisa

424 5685 584 5764 gente
639 5685 921 5764 magister,
968 5692 1028 5764 ut
1072 5687 1132 5764 in
1174 5689 1449 5764 versione,
1499 5693 1656 5764 quasi
1711 5695 1992 5764 legendum

425 5753 572 5803 esset
606 5748 753 5818 παρὰ
784 5760 877 5806 aut
899 5753 1006 5806 ἀπὸ
1036 5754 1136 5827 τῆς
1166 5748 1487 5830 περιτομῆς.
1518 5748 1624 5820 Sed
1657 5748 1818 5821 recte
1837 5748 1994 5823 lcetio

2147 1921 2290 1992 φήτῃ
2338 1921 2540 1992 ὁμοίως
2582 1921 2665 1985 εἰς
2703 1921 3025 1994 ἀποτροπὴν
3065 1921 3165 1992 τῆς
3209 1921 3473 1975 πολυθέου
3524 1921 3752 1993 πλάνης

2143 2011 2233 2064 τὸν
2263 2012 2359 2065 ἐνα
2388 2012 2519 2067 Θεὸν
2543 2014 2949 2085 κηρυττόμενον
2975 2013 3248 2085 εὑρήσεις.
3278 2012 3436 2066 Οὕτω
3455 2013 3553 2067 καὶ
3575 2015 3750 2085 ἡμεῖς

2142 2105 2414 2178 εἰώθαμεν
2453 2107 2720 2180 Ἑλλήνων
2748 2111 2862 2172 τοῖς
2906 2107 3312 2178 δεισιδαίμοσιν,
3345 2109 3404 2160 ἐν
3447 2110 3564 2172 τοῖς
3599 2109 3748 2182 πρὸς

2141 2199 2338 2263 αὐτοὺς
2359 2199 2644 2268 διαλόγοις,
2678 2200 2778 2272 τὴν
2802 2199 2902 2270 μέν
2925 2200 3055 2270 περὶ
3083 2199 3176 2252 τοῦ
3203 2199 3446 2270 Χριστοῦ
3477 2199 3746 2253 διδασκα-

2143 2291 2284 2356 λίαν,
2310 2293 2390 2355 είς
2428 2290 2687 2364 εὔκαιρον
2726 2291 3105 2363 ταμιεύεσθαι,
3140 2291 3279 2356 τέως
3314 2292 3373 2346 δὲ
3414 2293 3606 2356 αὐτοῖς
3635 2292 3742 2362 τῆς

2137 2379 2522 2452 εἰδωλολάτρου
2571 2381 2781 2452 πλάνης
2824 2379 3082 2450 ἐλέγχους
3128 2383 3464 2454 προσφέρειν
3500 2382 3602 2435 καὶ
3645 2381 3744 2435 τὸν

2136 2470 2232 2523 ἕνα
2277 2466 2416 2524 εἶναι
2457 2470 2592 2525 Θεὸν
2626 2472 3026 2534 ἀποδεικτικοῖς
3061 2471 3498 2536 κατασκευάζειν
3526 2470 3737 2540 λόγοις.

2135 2563 2468 2617 Μανθανέτω
2508 2563 2688 2618 τοίνυν
2737 2563 3077 2635 Μάρκελλος,
3127 2565 3177 2617 εἰ
3225 2565 3628 2636 καταγηράσας
3679 2566 3739 2618 ἐν

2134 2653 2407 2724 ἐπισκοπῇ
2446 2653 2547 2724 τῆς
2599 2653 2838 2727 Χριστοῦ
2897 2654 3244 2725 Ἐκκλησίας,
3291 2653 3447 2708 οὔπω
3500 2655 3602 2708 καὶ
3636 2654 3737 2708 νῦν

2135 2742 2479 2814 μεμάθηκεν,
2506 2744 2590 2796 ὃτι
2617 2743 2696 2813 τῷ
2724 2743 2939 2814 παλαιῷ
2965 2745 3080 2816 λαῷ
3108 2747 3142 2816 ἡ
3171 2745 3266 2798 τοῦ
3293 2746 3738 2818 ἀποκεκρυμμέ-

2132 2845 2225 2881 νου
2257 2830 2558 2902 μυστηρίου
2585 2835 2712 2904 περὶ
2738 2833 2834 2886 τοῦ
2864 2833 2995 2886 Υἰοῦ
3026 2833 3120 2888 τοῦ
3140 2835 3276 2888 Θεοῦ
3298 2837 3506 2904 γνῶσις
3534 2837 3738 2890 κατάλο

2131 2917 2291 2990 ληλος
2320 2921 2568 2992 οὐδαμῶς
2601 2919 2688 2994 ἦν,
2729 2923 3034 2998 ὀλισθηρῶς
3066 2925 3242 2997 ἔχοντι
3270 2929 3408 3000 πρὸς
3436 2928 3734 2983 εἰδωλολα-

2129 3013 2339 3085 τρείαν,
2366 3015 2460 3068 καὶ
2479 3014 2555 3078 ὡς
2578 3015 2717 3090 μόνῃ
2736 3020 2803 3089 τῇ
2823 3017 2989 3072 αὑτοῦ
3023 3020 3322 3092 Ἐκκλησία
3342 3021 3404 3074 τὸ
3422 3023 3736 3094 μυστήριον

2131 3103 2192 3156 τὸ
2220 3105 2708 3179 ἀποκεκρυμμένον
2757 3110 2865 3163 ἀπὸ
2898 3111 3006 3165 τῶν
3044 3111 3278 3178 αἰώνων,
3317 3113 3414 3166 καὶ
3463 3115 3579 3168 ἀπὸ
3615 3115 3736 3169 τῶν

2132 3195 2352 3265 γενεῶν,
2377 3195 2466 3250 διὰ
2491 3201 2592 3269 τῆς
2624 3198 2788 3253 αὐτοῦ
2812 3200 3033 3272 χάριτος
3060 3201 3513 3274 ἐταμιεύετοέἜν
3545 3199 3592 3273 ᾧ
3626 3223 3734 3275 μυ-

2133 3287 2339 3359 στηρίῳ
2373 3291 2404 3342 6
2431 3291 2562 3361 περὶ
2594 3291 2694 3362 τῆς
2719 3291 2879 3362 ἁγίας
2907 3293 3137 3366 Τριάδος
3166 3296 3381 3369 Πατρὸς
3422 3299 3520 3350 καὶ
3562 3297 3731 3362 Υἰοῦ,

2131 3379 2226 3432 καὶ
2248 3380 2401 3449 ἁγίου
2428 3382 2742 3454 Πνεύματος
2770 3386 3076 3457 περιείχετο
3099 3387 3276 3456 λόγος.
3311 3389 3371 3442 '0
3397 3388 3458 3442 δὲ
3477 3389 3733 3444 τοσαῦτα

2133 3470 2473 3540 συναγαγὼν,
2527 3473 2627 3527 ὅσα
2672 3473 2739 3528 ἂν
2787 3476 2932 3530 εἴποι
2983 3477 3080 3530 καὶ⁹
3143 3477 3417 3532 Ἰουδαίων
3459 3479 3730 3534 διδάσκα-

2128 3556 2219 3624 λος
2236 3563 2364 3632 περὶ
2395 3561 2495 3634 τῆς
2531 3565 2770 3636 ἐκτομῆς
2807 3567 2921 3638 (28)
2951 3567 3157 3638 ὁμιλῶν
3183 3569 3243 3622 ἐν
3294 3570 3570 3624 Ἰουδαίων
3596 3588 3733 3626 aw-

2128 3654 2344 3724 αγωγῇ,
2396 3654 2721 3725 σεμνύνεται
2761 3659 2875 3721 τοῖς
2924 3659 3164 3730 Χριστοῦ
3218 3659 3490 3732 μαθηταῖς
3540 3662 3730 3716 ταῦτα

2127 3743 2580 3816 προϐαλλόμενος·
2627 3749 2731 3803 οὐκ
2767 3748 2922 3814 εἰδὼς
2938 3753 3021 3806 ὅτι
3055 3752 3459 3808 πλείονααὺτοῦ
3475 3756 3628 3809 είποι
3656 3757 3732 3812 ἂν

2124 3838 2154 3890 6
2187 3840 2497 3909 σωματικὸς
2536 3841 2808 3908 Ἰουδαῖος.
2827 3845 2950 3898 Ἐπὶ
2981 3847 3193 3910 τούτοις
3228 3846 3329 3918 μὲν
3378 3843 3474 3902 οὖν
3531 3850 3724 3922 αὐχεῖ,

2125 3929 2238 4002 (29)
2272 3931 2369 3997 τὰς
2397 3933 2442 3986 δ’
2481 3933 2702 4006 ἀληθεῖς
2745 3938 2875 4008 περὶ
2909 3937 3005 3992 τοῦ
3052 3939 3304 4011 Σωτῆρος
3338 3941 3495 4012 ἡμῶν
3532 3941 3727 3997 θεολο-

2123 4026 2249 4095 γίας
2275 4027 2616 4100 διαστρέφων
2646 4031 2747 4085 οὐκ
2778 4032 3196 4100 ἐγκαλύπτεται.

2757 4121 2915 4176 ΚΕΦ.
2947 4124 3076 4178 Kl".

2228 4209 2351 4265 ’Ότι
2375 4210 2462 4280 μὴ
2491 4211 2602 4267 δύο
2633 4213 2814 4282 θεοὺς
2841 4217 2880 4285 ἠ
2928 4216 3270 4286 Ἐκκλησία
3299 4218 3603 4286 κηρύττει.

2189 4298 2399 4353 Αὐτίκα
2415 4301 2459 4354 δ’
2487 4296 2582 4355 οὖν
2601 4303 2662 4355 οὐ
2685 4303 2900 4376 συνίησι
2927 4303 3030 4368 τὰς
3050 4305 3235 4374 φωνὰς
3255 4305 3352 4360 τοῦ
3369 4305 3517 4360 θείου
3557 4307 3721 4362 Ἀπο-

2121 4391 2327 4456 στόλου,
2361 4391 2635 4466 διαφόρως
2663 4394 2993 4463 διδάξαντος,
3030 4397 3196 4452 αὐτὸν
3226 4393 3366 4452 εἶναι
3398 4399 3588 4454 εἰκόνα
3617 4401 3717 4455 τοῦ

2118 4481 2275 4549 Θεοῦ,
2313 4485 2380 4539 δι’
2413 4478 2489 4538 ὧν
2528 4486 2795 4558 ἐξεθέμην
2827 4487 2995 4543 αὐτοῦ
3028 4488 3228 4554 λέξεων
3249 4507 3263 4520 ·
3295 4488 3416 4545 δέον
3453 4490 3718 4546 ἐντεῦθεν

2119 4577 2377 4642 συνεῖναι,
2405 4575 2482 4641 ὡς
2513 4577 2576 4630 οὐ
2601 4577 2696 4632 δύο
2731 4578 2886 4644 θεοὺς
2918 4581 2952 4652 ή
2990 4581 3286 4653 Ἐκκλησία
3315 4580 3409 4634 τοῦ
3443 4581 3586 4636 Θεοῦ
3609 4600 3717 4654 κη-

2118 4663 2322 4738 ρύττει·
2359 4668 2420 4720 οὐ
2448 4668 2556 4741 γὰρ
2598 4668 2692 4723 δύο
2732 4671 3024 4743 ἀγέννητα,
3067 4673 3189 4726 οὐδὲ
3227 4673 3322 4726 δύο
3341 4674 3583 4745 άναρχα,
3633 4676 3716 4740 ὥς

2113 4757 2374 4824 πολλάκις
2403 4763 2537 4833 ἡμῖν
2566 4763 2802 4834 εἴρηται,
2829 4764 2952 4818 οὐδέ
2980 4764 3075 4818 δύο
3117 4765 3304 4829 οὐσίας
3335 4765 3394 4833 ἐξ
3432 4768 3713 4838 ἰσοτιμίας

2111 4849 2687 4925 άντιπαρεξαγομένας
2731 4854 2992 4927 ἀλλήλαις
3025 4855 3138 4928 (50)
3177 4856 3408 4926 εἰσάγει·
3451 4856 3539 4911 διὸ
3585 4859 3708 4914 οὐδὲ

2105 4940 2201 4995 δύο
2230 4942 2417 5009 θεοὺς,
2444 4945 2582 4999 άλλὰ
2611 4945 2739 5018 μίαν
2760 4948 2938 5020 ἀρχὴν
2955 4949 3050 5002 καὶ
3070 4947 3204 5002 Θεὸν
3229 4946 3392 5014 εἰναι,
3424 4949 3522 5004 τὸν
3543 4951 3708 5003 αὐτὸν

2108 5033 2327 5107 Πατέρα
2354 5037 2679 5092 διδάσκουσα
2711 5037 2850 5096 εἷναι
2871 5040 2966 5094 τοῦ
3005 5041 3326 5112 μονογενοῦς
3352 5043 3452 5096 καὶ
3480 5044 3704 5113 ἀγαπη-

2105 5125 2201 5178 τοῦ
2232 5126 2387 5194 Υἰοῦ,
2417 5129 2682 5195 ὡσαύτως
2709 5131 2768 5185 δέ
2801 5131 2896 5184 καὶ
2944 5132 3073 5205 μίαν
3102 5133 3288 5186 εἰκόνα
3310 5131 3409 5187 τοῦ
3441 5133 3582 5187 Θεοῦ
3610 5132 3702 5187 τοῦ

2105 5312 2151 5345 ⁵⁸
2191 5311 2290 5370 Isa.
2319 5331 2444 5383 XLV,
2474 5317 2563 5388 14,
2593 5320 2678 5385 18,
2712 5319 2800 5386 I9,
2829 5320 2923 5376 21.
2999 5319 3046 5352 ⁵⁸
3086 5319 3220 5377 ibid.
3241 5319 3338 5378 20.

2102 5494 2487 5570 caesuratim,
2518 5496 2586 5552 de
2633 5495 2935 5570 excisione,
2979 5504 3035 5551 et
3085 5496 3466 5570 eradicatione
3520 5498 3692 5570 gentis

2101 5563 2508 5640 abidolol'at'ria
2533 5567 2800 5640 ;_stat_im,
2825 5568 2920 5622 καὶ
2953 5566 3298 5640 σεμνύνεται.
3341 5567 3416 5626 Μ.

2171 5635 2286 5706 (29)
2317 5637 2489 5706 Vulgo
2519 5637 2620 5706 μὲν
2653 5637 2831 5706 αὐχεῖ.

2173 5704 2287 5779 (50)
2320 5704 2492 5779 Vulgo
2513 5704 2784 5780 ἀλλήλοις.
