3828 6222
89 322 189 381 961

1029 325 1118 382 DE
1158 326 1694 389 ECCLESIASTICA
1732 335 2130 395 THEOLOGIA
2181 339 2311 399 LIB.
2349 340 2409 401 Π.

3244 350 3351 409 962

80 442 340 516 ἀοράτου,
382 442 485 516 τὴν
525 443 700 517 αὐτὴν
749 436 917 500 οὖσαν
956 445 1035 518 τῷ
1078 452 1357 518 μονογενεί
1401 450 1497 505 καὶ
1541 452 1643 521 ἀγα

1780 458 1967 513 eadem
2010 459 2082 515 sit
2125 475 2246 516 cum
2283 461 2564 533 unigenito
2604 473 2662 520 et
2692 464 2890 522 dilecto
2928 465 3106 523 Filio:
3136 468 3352 529 etiamsi

80 534 247 606 πητῴ
261 534 373 606 Υἰῷ
395 535 581 603 αὑτοῦ,
605 536 712 589 κᾶν
727 535 862 610 λέγῃ
880 535 937 589 δὲ
964 539 992 591 ὁ
1027 537 1370 607 Ἀπόστολος,
1405 541 1670 611 θεολογῶν

80 626 179 679 τὸν
205 626 439 698 Πατέρα·
476 627 538 680 '0
564 627 857 697 μακάριος
881 629 979 683 καὶ
1007 630 1199 700 μόνος
1219 631 1548 701 δυνάστης,
1576 636 1670 690 καὶ

82 717 267 771 πάλιν
288 718 339 770 Ὀ
345 720 537 787 μόνος
552 719 709 789 ἔχων
723 720 1081 787 ἀθανασίαν,
1097 721 1223 791 φῶς
1245 722 1424 778 οἰκῶν
1450 724 1672 794 ἀπρόσ-

82 823 246 871 ιτον,
303 808 396 861 καὶ
443 803 619 871 αὖθις·
676 807 760 875 Τῷ
812 808 881 862 δὲ
939 810 1195 875 ,βασιλεῖ
1246 812 1367 868 τῶν
1415 816 1664 883 αἰώνων,

74 901 377 970 ἀφθάρτῳ,
420 900 668 972 ἀοράτῳ,
710 904 878 973 μόνῳ
933 903 1074 970 Θεῷ,
1127 906 1219 959 καὶ
1261 908 1442 963 πάλιν
1489 914 1669 977 Μόνῳ

76 991 254 1059 σοφῷ
295 991 417 1059 Θεῷ
459 992 557 1048 διὰ
600 992 797 1063 Ἰησοῦ
839 995 1100 1063 Χριστοῦ
1135 998 1175 1066 ἡ
1208 997 1359 1063 δόξα
1398 1002 1485 1068 εἰς
1524 1002 1668 1069 τοὺς

70 1081 317 1149 αἰῶνας,
353 1082 534 1153 ἀμήν.
564 1083 684 1138 Κᾶν
709 1084 910 1138 τούτων
951 1086 1030 1139 ἔτι
1064 1088 1284 1143 πλείονα
1327 1090 1536 1161 λέγοιτο
1585 1094 1666 1156 εἰς

73 1174 386 1244 δοξολογίαν
417 1174 513 1230 τοῦ
539 1176 658 1240 ἐνὸς
688 1177 782 1231 καὶ
808 1178 902 1229 ἐπὶ
930 1178 1146 1234 πάντων
1172 1181 1306 1236 Θεοῦ
1337 1184 1431 1239 καὶ
1458 1184 1664 1240 τούτων

74 1267 334 1321 ἁπάντων
356 1266 468 1339 ¹χρὴ
501 1271 640 1324 νοεῖν
672 1268 859 1324 εἰκόνα
905 1268 1045 1328 εἶναι
1083 1274 1176 1327 τὸν
1228 1278 1491 1349 μονογενῆ
1535 1277 1663 1333 Υἱὸν

69 1359 173 1413 τοῦ
218 1359 352 1414 Θεοῦ
383 1361 482 1431 οὐχ
513 1360 589 1425 ὡς
622 1362 818 1434 ἀψύχῳ
854 1364 976 1439 ὕλῃ,
1007 1366 1122 1420 ἀλλ’
1155 1367 1232 1431 ὡς
1263 1370 1321 1421 ὲν
1356 1368 1471 1440 Υἱῷ
1501 1368 1663 1433 ζῶντι

74 1449 541 1521 μεμορφωμένην·
573 1450 677 1504 κᾶν
710 1453 873 1517 αὐτὸς
901 1456 929 1508 ὁ
978 1454 1170 1527 Σωτὴρ
1213 1457 1375 1529 μόνον
1404 1458 1662 1529 ἀληθινὸν

71 1540 211 1594 Θεὸν
256 1541 484 1616 διδάσκῃ
526 1538 668 1598 εἶναι
712 1545 805 1600 τὸν
832 1546 1054 1620 Πατέρα
1087 1548 1284 1618 λέγων,
1322 1551 1450 1605 Ἵνα
1490 1553 1661 1623 γινώ-

64 1635 273 1688 σκωσι
316 1649 391 1690 σε
432 1636 541 1691 τὸν
594 1640 791 1707 μόνον
838 1640 1133 1711 ἀληθινὸν
1178 1642 1347 1708 Θεὸν,
1395 1645 1510 1699 ἀλλ’
1559 1648 1661 1703 οὐκ

72 1728 412 1799 ἀποκνητέον
440 1730 536 1783 καὶ
572 1731 733 1785 αὐτὸν
779 1731 910 1785 Θεὸν
952 1733 1202 1805 ἀληθινὸν
1245 1736 1548 1808 ὁμολογεῖν,
1581 1740 1659 1805 ὡς

69 1819 133 1871 ἐν
164 1819 353 1887 εἰκόνι,
396 1821 493 1875 καὶ
538 1821 695 1877 τοῦτο
737 1826 1096 1897 κεκτημένονο
1143 1827 1230 1881 ἵνα
1270 1830 1306 1900 ή
1351 1828 1446 1882 τοῦ
1493 1830 1658 1901 μόνου

68 1912 358 1983 προσθήκη
392 1912 538 1985 μόνῳ
568 1914 646 1985 τῷ
671 1916 865 1987 Πατρὶ,
893 1916 969 1981 ὡς
997 1917 1064 1973 ἂν
1095 1917 1208 1990 (31)
1240 1920 1532 1993 ἀρχετύπῳ
1561 1924 1659 1996 τῆς

67 2002 299 2070 εἰκόνος,
345 2004 579 2076 ἀρμόζῃ.
620 2006 944 2076 Σαφέστατα
977 2007 1108 2077 γοῦν
1136 2009 1323 2063 εἰκόνα
1362 2012 1456 2065 καὶ
1482 2014 1660 2067 ἀπαύ-

64 2109 262 2165 γασμα
285 2093 379 2147 τοῦ
403 2096 614 2166 [ἰατρὸς
639 2098 698 2150 ὲν
727 2100 909 2170 μορφῇ
932 2115 995 2152 τε
1023 2099 1119 2154 τοῦ
1145 2099 1282 2154 Θεοῦ
1316 2098 1461 2157 εἶναι
1492 2105 1658 2160 αὐτὸν

66 2186 96 2236 ὁ
142 2184 425 2250 θεσπέσιος
460 2186 666 2251 ἐδίδαξε
698 2189 933 2257 Παῦλος,
970 2189 1048 2255 ὡς
1077 2191 1165 2247 διὰ
1208 2192 1317 2247 τῶν
1346 2193 1657 2267 ἔμπροσθεν

64 2273 442 2327 ἀποδέδεικται
476 2292 489 2304 ·
562 2274 754 2349 ὥσπερ
816 2273 909 2332 οὗν
986 2279 1108 2345 ἑνὸς
1169 2281 1481 2351 ὑφεστῶτος
1543 2287 1659 2339 Πα-

63 2362 218 2433 τρὺς,
268 2363 358 2417 καὶ
420 2364 542 2430 ἑνὸς
605 2366 736 2420 Υἱοῦ
794 2366 991 2438 φύντος
1024 2372 1091 2424 ἐκ
1139 2371 1235 2426 τοῦ
1282 2373 1495 2446 Πατρὸς
1556 2376 1657 2430 οὐκ

62 2455 133 2507 ἄν
180 2472 266 2519 τις
305 2456 580 2529 εὐφρονῶν
624 2458 767 2513 εῐποι
797 2461 892 2515 δύο
932 2463 1177 2535 πατέρας
1218 2465 1506 2538 ὑπάρχειν,
1533 2469 1655 2525 οὐδὲ

54 2532 220 2610 ³υἰοὺς
259 2546 373 2603 δύο.
417 2550 529 2603 Καὶ
574 2548 765 2624 ὥσπερ
823 2532 1091 2624 βασιλέως
1139 2532 1652 2629 κρατοῦ-ντοςῄένὸς,

59 2637 277 2702 εἰκόνος
307 2638 364 2692 δὲ
392 2641 557 2695 αὐτοῦ
606 2644 886 2715 πανταχοῦ
920 2646 1025 2717 γῆς
1069 2651 1486 2723 προφερομένης
1516 2653 1652 2725 (52),

58 2728 167 2780 οὐκ
217 2728 282 2783 ἄν
325 2747 411 2795 τις
457 2733 749 2805 σωφρονῶν
796 2736 889 2789 δύο
933 2739 1075 2791 εἴποι
1122 2740 1249 2805 τοὺς
1296 2742 1651 2813 κρατοῦντας,

58 2818 181 2871 ἀλλ’
209 2819 305 2874 ἕνα
332 2822 422 2875 τὸν
447 2824 549 2876 καὶ
560 2824 647 2877 διὰ
668 2828 769 2897 τῆς
798 2827 1007 2893 εἰκόνος
1033 2830 1361 2901 τιμώμενον·
1388 2834 1530 2888 κατὰ
1561 2834 1654 2889 τὸν

59 2911 233 2965 αὐτὸν
246 2913 467 2984 τρόπον,
481 2915 556 2979 ὡς
572 2917 667 2970 καὶ
685 2917 945 2984 πολλάκις
971 2922 1103 2992 ἡμῖν
1118 2921 1354 2994 εἴρηται,
1372 2925 1466 2978 καὶ
1482 2927 1515 2997 ἡ
1532 2926 1654 2979 Ἐκ·-

60 3002 267 3073 κλησία
300 3003 393 3058 τοῦ
437 3005 572 3059 Θεοῦ
607 3007 703 3063 ἕνα
737 3009 1128 3081 παραλαϐοῦσα
1167 3013 1299 3068 Θεὸν
1346 3014 1525 3072 σέϐειν
1559 3017 1652 3072 τὸν

58 3096 250 3161 αὐτὸν,
288 3097 381 3151 καὶ
418 3099 505 3153 διὰ
537 3099 631 3153 τοῦ
665 3100 817 3167 Υἰοῦ,
874 3102 951 3167 ὼς
1005 3103 1094 3157 διὰ
1138 3102 1279 3178 [τοῦ]
1311 3106 1418 3177 (55)
1443 3108 1650 3172 εἰκόνος

61 3186 219 3257 μένει
249 3189 652 3259 προσκυνοῦσα.
691 3194 758 3245 Ἀ
783 3191 849 3264 δὴ
876 3194 970 3247 καὶ
995 3194 1071 3267 μὴ
1099 3167 1279 3260 συνεὶς
1304 3167 1644 3269 Μάρκελλος,
1673 3167 1715 3226 c

56 3280 162 3352 τὴν
207 3280 393 3334 εἰκόνα
434 3281 528 3335 τοῦ
567 3282 704 3336 Θεοῦ
750 3283 846 3338 τοῦ
875 3285 1105 3357 ἀοράτου
1138 3286 1236 3359 τὴν
1276 3287 1477 3357 σάρκα
1507 3286 1645 3346 εἶναι

55 3371 157 3426 τοῦ
206 3372 458 3446 Σωτῆρος
497 3375 836 3449 ἀπεφήνατο,
870 3379 936 3450 ἢν
978 3381 1007 3433 ὁ
1058 3379 1379 3447 Ἀπόστολος
1401 3382 1647 3453 μορφὴν

58 3464 221 3538 [τοῦ]
270 3465 496 3521 δούλου
550 3468 838 3540 κέκληκεν·
892 3471 952 3524 οὐ
998 3472 1373 3546 λογισάμενος,
1418 3475 1500 3528 ὃτι
1551 3473 1648 3529 καὶ

57 3557 266 3621 πάντες
291 3557 586 3631 ἄνθρωποι,
617 3561 755 3615 κατὰ
777 3562 872 3633 τὴν
897 3563 1095 3635 σάρκα,
1119 3565 1212 3618 τοῦ
1240 3565 1492 3636 Σωτῆρος
1518 3581 1649 3634 τυγ-

58 3650 287 3719 χάνουσι
316 3651 757 3722 μεμορφωμένοι.
792 3654 904 3707 Καὶ
938 3654 1001 3706 τὸ
1036 3655 1133 3725 μὲν
1164 3656 1325 3726 σῶμα
1366 3656 1395 3710 ὃ
1431 3655 1645 3727 ἀνείλη-

58 3754 161 3807 φεν
192 3739 221 3791 ό
246 3739 457 3811 Σωτὴρ,
488 3739 589 3811 τῆς
618 3742 913 3814 άγεννήτου
937 3743 1032 3797 καὶ
1062 3745 1304 3817 ἀρρήτου
1332 3747 1425 3799 καὶ
1452 3763 1648 3818 πατρι-

58 3829 165 3899 κῆς
197 3828 451 3900 θεότητος
483 3832 667 3887 εἰκόνα
699 3831 837 3887 εἶναι
870 3835 1280 3909 διῖοχυρίζεται·
1315 3838 1407 3891 τὸν
1434 3837 1491 3891 δὲ
1517 3838 1644 3892 Υἰὺν

54 3921 154 3975 τοῦ
213 3922 350 3976 Θεοῦ
391 3924 481 3978 τὸν
531 3927 813 3997 μονογενῆ,
866 3926 932 3980 δι’
977 3922 1038 3982 οὗ
1080 3927 1150 3981 τὰ
1194 3928 1374 3985 πάντα
1412 3930 1642 4003 συνέστη

58 4015 304 4083 (Παντα
332 4013 442 4085 γὰρ
480 4016 555 4068 δι’
595 4016 780 4071 αὐτοῦ
813 4016 1071 4087 ἐγένετο,
1104 4019 1203 4074 καὶ
1242 4021 1425 4091 χωρὶς
1457 4022 1644 4078 αὑτοῦ

51 4106 291 4175 ἐγένετο
322 4106 465 4162 οὐδὲ
486 4107 592 4179 ἓν),
617 4109 860 4181 ἀρνεῖται
886 4106 1023 4163 εἶναι
1046 4112 1231 4166 εἰκόνα
1258 4113 1354 4167 τοῦ
1380 4114 1515 4168 Θεοῦ
1549 4116 1646 4171 αὐ-

50 4181 178 4263 ἷταίς
214 4198 505 4265 συλλαϐαῖς
541 4200 736 4270 λέγων,
785 4220 806 4256 t
854 4202 1064 4258 Οὐκοῦν
1097 4204 1383 4277 πρόδηλον,
1425 4207 1507 4261 ὅτι
1538 4208 1646 4281 πρὸ

58 4311 79 4344 ι
119 4292 224 4363 τῆς
270 4291 364 4345 τοῦ
416 4292 682 4365 ἡμετέρου
730 4293 981 4366 σώματος
1025 4298 1369 4370 ἀναλήψεως,
1418 4300 1447 4354 ὸ
1469 4300 1646 4371 Λόγος

56 4403 79 4437 ι
120 4384 252 4439 καθ’
306 4385 495 4439 ἑαυτὸν
544 4386 645 4438 οὑκ
691 4382 758 4458 ἦν
804 4387 966 4442 εἰκὼν
1001 4388 1095 4442 τοῦ
1136 4390 1365 4461 ἀοράτου
1409 4391 1566 4448 Θεοῦ.
1617 4410 1637 4445 ι

1773 548 1917 604 dicat
1958 549 2280 622 Apostolus.
2322 556 2584 612 deiﬁcans
2632 557 2883 628 Patrem,
2931 561 3037 627 Qui
3079 561 3262 619 beatus
3302 576 3352 621 et

1770 644 1916 700 solus
1953 657 2134 716 potens
2168 661 2242 704 est
2268 652 2334 704 ⁸⁸.
2367 651 2436 706 Et
2481 668 2697 720 rursus,
2740 654 2843 721 Qui
2875 658 3020 711 solus
3051 658 3200 713 habet
3249 661 3354 714 im«

1769 738 2165 807 mortalitatem,
2196 741 2364 797 lucem
2403 745 2646 801 habitans
2695 750 3017 804 inaccessam
3040 750 3106 805 “.
3140 751 3209 807 Et
3251 755 3354 810 ite-

1771 844 1913 894 rum,
1957 829 2086 901 Regi
2116 842 2292 888 autem
2324 836 2663 903 seculorum,
2703 838 3125 910 incorruptibili,
3162 845 3350 900 invisi-

1770 918 1880 983 bili,
1924 920 2026 973 soli
2063 920 2167 975 Deo
2196 923 2262 977 ⁶’.
2293 922 2359 978 Et
2395 926 2614 991 iterum,
2660 926 2778 982 Soli
2821 931 3049 998 sapienti
3084 932 3212 997 Deo,
3252 950 3349 1003 per

1767 1009 1948 1067 Iesum
1997 1011 2266 1068 Christum
2307 1017 2378 1070 sit
2424 1018 2595 1087 gloria
2642 1020 2701 1075 in
2748 1021 2945 1077 stecula
2995 1024 3345 1093 seculorum,

1767 1102 1930 1157 Amen
1966 1104 2031 1159 ⁸⁸.
2087 1104 2249 1160 Plura
2308 1107 2487 1163 adhuc
2539 1123 2663 1164 cum
2721 1120 2972 1181 poterant
3023 1113 3243 1184 allegari
3291 1115 3347 1171 in

1764 1192 1944 1251 Patris
1984 1196 2326 1269 doxologiam
2349 1241 2368 1266 ,
2410 1201 2502 1271 qui
2537 1218 2676 1259 unus
2706 1212 2821 1270 est,
2867 1214 2924 1260 et
2969 1221 3132 1277 super
3162 1210 3344 1265 omnia

1765 1284 1940 1351 Deus,
1970 1303 2202 1358 quorum
2247 1294 2489 1348 omnium
2533 1308 2687 1349 mens
2727 1303 2844 1361 est,
2887 1305 2945 1350 ut
2980 1296 3345 1369 intelligamus

1762 1375 1959 1446 Filium
2013 1381 2349 1451 unigenitum
2400 1385 2491 1441 Dei
2542 1400 2667 1441 esse
2713 1386 3000 1458 imaginem
3050 1404 3156 1443 non
3198 1392 3344 1449 utin

1763 1468 1985 1524 materia
2021 1470 2269 1538 inanimi,
2308 1474 2404 1529 sed
2434 1483 2491 1529 ut
2522 1476 2577 1529 in
2617 1474 2755 1531 Filio
2785 1476 2908 1532 vivo
2950 1479 3340 1547 assimilatam;

1760 1561 1891 1631 quin
1933 1570 1987 1616 et
2026 1561 2142 1631 ipse
2174 1562 2433 1621 Servator
2469 1581 2592 1622 cum
2624 1568 2793 1624 Deum
2834 1584 2999 1625 unum
3040 1572 3213 1627 solum
3253 1588 3346 1629 ve-

1760 1663 1879 1704 rum
1911 1664 2031 1706 esse
2066 1652 2278 1718 doceat,
2324 1654 2597 1724 inquiens,
2637 1655 2707 1711 Ut
2749 1669 3060 1727 cognoscant
3096 1672 3144 1715 te
3180 1678 3342 1718 unum

1759 1741 1926 1796 solum
1953 1760 2130 1799 verum
2165 1748 2333 1801 Deum
2357 1746 2401 1779 ⁸⁹
2426 1765 2441 1816 ;
2477 1748 2574 1804 sed
2602 1764 2708 1805 non
2742 1761 2920 1807 tamen
2947 1768 3256 1823 gravemur,
3286 1765 3343 1811 et

1763 1849 1944 1890 verum
1976 1836 2141 1891 Deum
2170 1837 2442 1906 conﬁteri,
2471 1850 2528 1896 et
2555 1839 2753 1897 Filium
2798 1842 2962 1896 veluti
3005 1843 3059 1898 in
3106 1844 3342 1915 imagine

1761 1926 2135 1997 resultantem,
2185 1941 2248 1986 ut
2310 1931 2517 1988 additio
2564 1932 2657 1988 illa
2704 1933 2874 2001 solus,
2917 1935 3018 1990 soli
3058 1934 3205 1990 Patri
3243 1938 3341 1991 ad-

1760 2024 1990 2086 aptetur,
2012 2027 2200 2088 utpote
2212 2021 2303 2089 qui
2329 2019 2583 2092 imaginis
2606 2021 2678 2076 sit
2697 2022 3052 2093 archetypon.
3072 2022 3338 2089 Quocirca

1758 2108 2058 2165 clarissime
2083 2112 2319 2166 ostendit
2351 2112 2568 2168 divinus
2597 2112 2820 2179 Paulus,
2850 2114 3024 2185 ipsum
3053 2129 3171 2170 esse
3200 2114 3340 2169 ima-

1756 2202 1933 2271 ginem
1972 2200 2297 2269 eﬂluentem,
2346 2204 2519 2260 lucem
2564 2204 2775 2273 Patris,
2819 2216 2875 2263 et
2918 2209 2971 2261 in
3012 2206 3185 2262 forma
3240 2207 3336 2263 Dii

1755 2293 2064 2361 exstitisse;
2097 2296 2239 2366 quod
2277 2296 2333 2351 in
2364 2297 2733 2368 superioribus
2760 2297 2998 2367 positum
3043 2308 3128 2354 est
3166 2314 3193 2352 a
3237 2314 3339 2354 no-

1754 2386 1840 2442 bis
1878 2403 1894 2443 :
1937 2387 2107 2442 veluti
2149 2388 2318 2458 igitur
2359 2404 2485 2446 cum
2536 2403 2675 2445 unus
2745 2391 3009 2447 subsistat
3054 2390 3236 2460 Pater,
3280 2400 3336 2447 et

1754 2497 1895 2538 unus
1922 2484 1987 2538 de
2015 2482 2176 2539 Patre
2204 2483 2273 2539 sit
2301 2493 2454 2538 ortus
2480 2483 2673 2549 Filius,
2711 2498 2871 2539 nemo
2916 2484 3158 2555 prudens
3186 2482 3334 2538 allir-

1754 2576 1982 2631 maverit
2010 2573 2145 2629 duos
2179 2582 2384 2644 patres,
2422 2583 2519 2629 aut
2558 2574 2699 2630 ﬁlios
2740 2574 2906 2643 duos;
2932 2583 2989 2630 et
3026 2575 3191 2631 veluti
3239 2574 3335 2631 ubi

1754 2677 1852 2723 rex
1877 2680 2014 2721 unus
2049 2674 2134 2721 est
2168 2680 2290 2721 cum
2322 2666 2569 2737 imperio,
2598 2666 2756 2737 cujus
2794 2668 2970 2737 imago
3000 2668 3198 2738 ubique
3225 2676 3336 2723 ter-

1752 2774 1939 2815 rarum
1981 2759 2276 2826 deferatur,
2322 2773 2480 2813 nemo
2522 2760 2760 2829 prudens
2790 2759 2925 2815 duos
2972 2758 3170 2815 dixerit
3211 2773 3335 2815 esse

1754 2865 1946 2922 reges:
1976 2850 2069 2906 sed
2101 2865 2265 2905 unum
2309 2850 2400 2919 qui
2440 2864 2538 2920 per
2566 2859 2622 2906 et
2665 2850 2717 2904 in
2751 2849 2987 2921 imagine
3024 2865 3122 2905 sua
3161 2850 3334 2906 hono-

1752 2953 1923 2997 ratur.
1950 2941 2154 2997 Eodem
2185 2944 2346 2996 modo
2374 2951 2432 2995 ut
2468 2941 2582 3012 jam
2625 2940 2834 3012 pluries
2865 2942 3069 2997 dictum
3098 2952 3201 3006 est,
3232 2942 3335 2997 Ec-

1752 3031 1914 3088 clesia
1938 3031 2055 3099 Dei,
2080 3047 2202 3101 quae
2229 3032 2440 3102 accepit
2473 3032 2631 3088 unius
2647 3037 2706 3096 >14
2722 3032 3061 3102 Deicultum,
3083 3033 3330 3089 eumdem

1752 3122 1919 3178 Deum
1964 3138 2063 3194 per
2093 3123 2290 3179 Filium
2335 3124 2624 3196 imaginem
2664 3139 2819 3180 suam
2859 3124 3067 3180 scilicet
3102 3124 3332 3181 adorare

1747 3222 2076 3286 perseverat.
2120 3212 2274 3281 Quod
2303 3228 2427 3269 cum
2471 3212 2754 3269 Marcellus
2785 3213 3091 3283 ignoraret,
3134 3214 3328 3284 imagi-

1747 3319 1872 3360 nem
1906 3303 2052 3360 illam
2085 3302 2176 3359 Dei
2210 3303 2496 3359 invisibilis
2523 3304 2659 3359 dixit
2701 3319 2825 3360 esse
2864 3320 3079 3358 carnem
3120 3301 3323 3359 Serva-

1749 3396 1903 3462 toris,
1930 3411 2091 3465 quam
2123 3395 2413 3466 Apostolus
2451 3397 2585 3450 servi
2633 3395 2863 3465 formam
2885 3395 2930 3425 ⁷ο
2979 3396 3278 3450 nominavit
3306 3413 3321 3451 :

1747 3487 1971 3543 minime
2005 3486 2316 3555 recogitans
2360 3486 2504 3557 quod
2543 3485 2838 3541 secundum
2872 3500 3092 3540 carnem
3132 3488 3331 3541 Serva-

1749 3577 1881 3634 toris
1905 3576 2151 3647 homines
2176 3575 2375 3647 singuli
2411 3576 2703 3646 imaginem
2735 3575 3160 3645 circumgestent
3187 3575 3324 3645 ejus.

1746 3669 1951 3739 Corpus
1997 3668 2177 3738 itaque
2228 3669 2371 3738 quod
2421 3668 2712 3738 assumpsit
2755 3666 3033 3732 Servator,
3084 3665 3177 3721 ille
3206 3681 3328 3723 esse

1747 3762 2031 3833 ingenitae,
2079 3759 2404 3827 inetiabilis,
2454 3769 2695 3830 paternae
2759 3759 2984 3815 deitatis
3033 3758 3325 3830 imaginem

1746 3862 2021 3909 asseverat
2060 3870 2075 3908 :
2123 3851 2319 3907 Filium
2364 3863 2547 3907 autem
2598 3852 2970 3923 unigenitum,
3015 3865 3115 3921 per
3163 3866 3325 3921 quem

1746 3944 1926 3999 omnia
1956 3944 2277 4010 subsistunt,
2307 3943 2447 3998 Nam
2472 3944 2651 3998 omnia
2676 3960 2771 4013 per
2798 3942 2947 3997 illum
2979 3941 3124 4012 facta
3152 3950 3277 3996 sunt
3303 3980 3322 4008 ,

1744 4045 1793 4089 et
1818 4034 1928 4090 sine
1954 4034 2046 4089 illo
2079 4037 2279 4103 [actum
2307 4042 2385 4089 est
2415 4032 2549 4087 nihil
2574 4033 2617 4064 '“
2640 4071 2657 4099 ,
2689 4038 2853 4104 negat
2881 4032 3172 4102 imaginem
3202 4046 3324 4088 esse

1745 4125 1879 4194 Dei,
1924 4126 2146 4183 totidem
2202 4128 2384 4183 verbis
2439 4126 2725 4183 scribens:
2766 4144 2785 4178 ι
2815 4124 3079 4194 Quocirca
3135 4135 3322 4195 patet,

1750 4238 1770 4272 ι
1815 4220 1956 4288 quod
2003 4228 2129 4275 ante
2169 4229 2506 4291 assumptum
2536 4234 2733 4289 corpus
2765 4228 3043 4283 nostrum,
3084 4218 3322 4273 Verbum

1752 4328 1772 4363 ι
1817 4326 1913 4381 per
1949 4326 2008 4367 se
2050 4326 2157 4367 non
2207 4321 2326 4366 erat
2374 4313 2551 4383 imago
2598 4311 2843 4367 Patris.)
2904 4309 3113 4366 Videsis
3157 4325 3321 4379 quam

1743 4412 2019 4476 pervertat
2091 4404 2497 4473 interpretando
2553 4403 2798 4473 Apostoli
2874 4411 3146 4467 mentem,
3193 4417 3318 4457 cum

63 4477 235 4549 Ὁρᾷς
269 4477 370 4549 ὅσῃ
401 4477 697 4550 διαστροφῇ
729 4478 990 4551 κέχρηται
1018 4481 1116 4553 τῆς
1144 4483 1505 4558 άποστολικῆς
1546 4487 1643 4561 έρ-

1754 4495 1983 4553 Joannes
2009 4495 2336 4566 evangelista
2362 4495 2677 4567 mysterium
2708 4493 2859 4559 illud,
2888 4493 3030 4562 quod
3062 4490 3231 4561 Moysi
3265 4500 3323 4548 et

43 4569 312 4641 ’μηνείας.
336 4569 491 4623 Οὕτω
510 4571 567 4625 δὲ
588 4570 681 4624 τοῦ
701 4571 1084 4642 εὐαγγελιστοῦ
1126 4575 1396 4642 Ἰωάννου,
1415 4577 1476 4631 τὸ
1497 4581 1646 4653 παρὰ

49 4665 253 4718 Μωσεῖ
310 4665 404 4718 καὶ
454 4668 568 4729 τοῖς
619 4665 825 4731 λοιποῖς
884 4670 1191 4741 προφήταις
1248 4674 1646 4744 κεκρυμμένως

49 4754 405 4827 ἐγνωσμένον
440 4758 757 4829 μυστήριον,
799 4760 1284 4833 εὐαγγελιζομένου
1316 4765 1411 4818 καὶ
1442 4767 1644 4821 ἀνακα-

49 4847 376 4913 λύπτοντος,
407 4848 618 4923 μεγάλῃ
639 4867 699 4902 τε
731 4852 841 4923 (54)
879 4853 1242 4926 κηρύττοντος
1283 4853 1378 4927 βοῇ
1419 4857 1500 4909 τό·
1541 4858 1643 4911 Ἐν

49 4941 219 5013 ἀρχῇ
237 4937 317 5012 ἦν
355 4946 387 4996 ό
414 4943 622 5013 Λόγος,
647 4944 745 4998 καὶ
769 4948 801 4999 ό
821 4948 1012 5015 Λόγος
1040 4942 1118 5017 ἦν
1153 4947 1304 5016 πρὸς
1330 4947 1437 5002 τὸν
1470 4950 1638 5017 Θεὸν,

49 5036 153 5089 καὶ
178 5033 328 5101 Θεὸς
345 5031 422 5104 ἦν
443 5039 475 5089 ὁ
492 5037 701 5105 Λόγος-⁸
732 5034 931 5089 πάντα
949 5037 1022 5091 δι’
1041 5039 1227 5093 αὐτοῦ
1248 5038 1637 5115 ἐγένετο

47 5127 153 5181 καὶ
176 5127 363 5195 χωρὶς
390 5128 575 5183 αὑτοῦ
596 5127 834 5197 ἐγένετο
859 5128 1003 5183 οὐδὲ
1026 5128 1141 5202 ἐν],
1174 5132 1265 5185 καὶ
1293 5134 1642 5205 μαρτυρομέ-

46 5238 169 5286 νου,
201 5220 289 5274 ὅτι
314 5215 383 5291 ἦν
410 5221 471 5273 τὸ
502 5220 615 5290 φῶς
646 5219 877 5290 φωτίζον
905 5221 1079 5276 πάντά
1101 5222 1386 5296 ἄνθρωπον
1414 5226 1641 5297 ἐρχόμε-

121 5430 187 5488 >3
225 5423 326 5479 Ed.
358 5422 560 5489 Paris.,
590 5439 712 5494 pag.
745 5424 870 5481 142.
960 5424 1004 5494 1⁸
1042 5424 1059 5478 l
1093 5425 1312 5490 Tim.vt,
1354 5426 1441 5480 15.

36 5495 286 5562 ῖινη,5.
364 5493 818 5567 "Philipp.u,7.
890 5493 1153 5561 “Joann,
1185 5497 1238 5551 5.

124 5668 248 5739 (51)
282 5667 454 5739 Vulgo
480 5670 630 5725 deest
659 5670 741 5727 ἄν.

131 5737 253 5813 (Et?)
281 5737 678 5813 ﬂammam

134 5744 228 5805 (52
281 5744 391 5807 Mp.
423 5756 549 5809 περι
596 5758 678 5813 ερ.

134 5744 254 5881 (5δέ
286 5806 393 5862 Τοῦ
420 5756 654 5903 ouillo
682 5818 734 5868 et
757 5825 881 5870 mox
910 5811 1088 5878 codd.;
1114 5826 1239 5869 mox
1267 5811 1426 5886 vulgo
1458 5810 1492 5868 ἃ
1513 5812 1593 5869 δέ.

1555 5426 1601 5460 ⁸⁸
1638 5426 1766 5483 ibid.
1796 5428 1884 5483 16.
1961 5428 2003 5461 ⁸⁷
2034 5428 2054 5483 ι
2083 5427 2222 5483 Tim.
2252 5442 2293 5497 ι,
2315 5428 2402 5484 17.
2480 5428 2525 5461 ⁸⁸
2561 5426 2853 5495 Rom.XVI,
2877 5426 2970 5483 27.

1315 5498 1359 5527 "
1398 5494 1556 5554 Joan.
1584 5514 1622 5565 ι,
1650 5499 1700 5563 1,
1732 5500 1788 5553 5.

1742 4587 2020 4659 prophetis
2047 4585 2351 4643 abstrusius
2378 4594 2535 4654 erat,
2564 4585 2842 4655 cognitum
2877 4583 3227 4636 annuntiaret
3260 4590 3318 4636 et

1740 4677 1957 4735 eﬁ‘erret
1985 4692 2176 4747 magna
2209 4678 2551 4747 praedicantis
2585 4691 2719 4731 voce
2753 4692 2768 4729 :
2801 4673 2869 4729 In
2900 4675 3162 4744 principio
3205 4682 3319 4728 erat

1752 4768 1997 4835 Verbum,
2028 4780 2074 4823 et
2116 4767 2338 4823 Verbum
2379 4776 2494 4822 erat
2532 4765 2673 4837 apud
2721 4765 2909 4830 Deum,
2940 4775 2988 4819 et
3024 4764 3162 4817 Deus
3202 4773 3317 4817 erat

1748 4861 2020 4919 Verbum:
2052 4863 2230 4917 omnia
2270 4876 2363 4931 per
2399 4862 2572 4931 ipsum
2605 4860 2751 4930 facta
2788 4867 2941 4923 sunt,
2974 4869 3021 4911 et
3062 4859 3172 4911 sine
3204 4859 3317 4925 ipso

1746 4953 1948 5021 factum
1978 4961 2053 5008 est
2087 4951 2221 5007 nihil
2238 4953 2313 5019 ’⁷¹,
2344 4965 2575 5021 cumque
2600 4958 2828 5006 testetur
2859 4963 2980 5005 eum
3011 4948 3186 5003 lucem
3217 4962 3284 5001 ex
3306 4982 3319 4989 α

1746 5046 1952 5101 stitisse
1996 5044 2388 5100 illuminanlem
2427 5057 2647 5099 omnem
2692 5041 2963 5097 hominem
3009 5041 3314 5094 venientem

1745 5134 1800 5189 in
1836 5135 1979 5189 hunc
2009 5134 2265 5189 mundum
2294 5147 2310 5187 :
2353 5131 2422 5187 In
2463 5131 2658 5185 mundo
2698 5139 2846 5196 erat,
2876 5141 2921 5185 et
2952 5130 3182 5183 mundus
3222 5144 3319 5197 per

1745 5225 1912 5295 ipsum
1958 5226 2131 5295 factus
2169 5233 2277 5291 est,
2319 5235 2369 5281 et
2404 5223 2627 5278 mundus
2671 5238 2789 5277 eum
2832 5237 2935 5276 non
2980 5220 3216 5293 cognovit
3246 5221 3313 5279 ⁷³.

3070 5427 3116 5462 ⁸³
3150 5426 3318 5488 Joan.

1862 5497 1909 5529 ⁷³
1948 5499 2079 5554 ibid.
2108 5499 2197 5555 10.

1811 5678 1925 5753 (ἕξ)
1952 5678 2123 5753 Yulso
2157 5680 2367 5753 μεγάλῃ
2392 5683 2481 5753 τῇ·

1808 5743 1921 5821 (55)
1957 5743 2085 5807 Οωῖ
2111 5743 2269 5841 codd.
2296 5743 2414 5809 Μ’ὸι
2432 5743 2606 5809 "vuleo
2632 5749 2748 5821 φῶς
2771 5743 2839 5823 ἦν
2871 5748 2951 5805 τὸ.

2431 5911 2488 5924 ᾧ
