3828 6222
462 227 569 282 963

1129 224 1402 284 EUSEBII
1441 219 1920 280 CAESARIENSIS
1956 219 2107 278 OPP.
2149 220 2327 278 PARS
2363 221 2452 277 IV.
2491 250 2561 261 —-
2598 218 3021 278 DOGMATILA.

3603 221 3696 277 θοι

460 347 666 414 Quibus
683 345 906 399 vocibus
929 342 1232 400 clarissime
1256 342 1524 414 signiﬁcat
1545 339 1885 404 tilialitatem,
1905 351 2028 392 cum

2150 353 2293 390 ιενον
2321 337 2402 400 εἰς
2427 335 2518 389 τὸν
2549 334 2773 406 κόσμον·
2822 335 2926 389 Ἐν
2950 333 3033 400 τῷ
3053 334 3268 404 κόσμῳ
3292 328 3390 406 ἦν,
3419 332 3520 388 καὶ
3545 335 3578 389 d
3611 337 3699 389 κό-

460 440 527 492 de
557 436 715 492 Patre
764 436 950 492 dicat:
993 435 1160 490 Deum
1198 449 1356 489 nemo
1402 433 1528 488 uidit
1575 446 1809 500 unquam
1832 429 1921 484 ’τις
1959 430 2028 483 de

2132 441 2288 498 σμος
2324 426 2399 481 δι’
2429 426 2616 481 αὐτοῦ
2641 426 2899 496 ἐγένετο,
2927 425 3028 479 καὶ
3054 429 3087 480 ό
3117 427 3349 495 κόσμος
3384 424 3576 479 αὑτὸν
3602 428 3700 479 οὐκ

457 528 622 584 Filio:
660 527 976 598 Unigenitus
1006 525 1180 582 Filius
1213 525 1303 596 qui
1335 534 1452 581 erat
1493 524 1545 579 in
1576 523 1698 579 sinu
1743 520 1942 586 Patris,
1983 519 2029 574 is

2150 518 2304 588 ἔγνω,
2334 519 2430 588 τήν
2454 534 2514 570 τε
2545 517 2766 585 υἱότητα
2788 516 2972 585 σαφῶς
2997 517 3370 587 παριστῶντος
3398 518 3457 570 ὲν
3484 515 3562 586 τῷ
3588 515 3704 584 ’περὶ

459 639 581 676 eum
613 621 895 680 revelavit.

2137 609 2237 680 μὲν
2256 608 2347 661 τοῦ
2368 607 2579 677 Πατρὸς
2595 605 2792 674 λέγειν·
2815 607 2962 659 Θεὸν
2983 605 3185 674 οὐδεὶς
3204 605 3425 676 ἑώρακε
3457 607 3704 668 πώποτε,

459 712 590 787 ’περὶ
619 715 678 769 δὲ
705 713 800 769 τοῦ
825 713 978 769 Υἱοῦο
1023 715 1081 768 ὐ
1112 710 1404 785 μονογενὴς
1428 711 1558 777 Υἱὸς
1583 713 1613 766 ό
1639 711 1714 766 ὢν
1735 713 1815 775 εἰς
1839 709 1931 765 τὸν
1960 707 2160 762 κόλπον
2192 700 2288 756 τοῦ
2322 699 2558 771 Πατρὸς,
2589 700 2794 762 ἐκεῖνος
2827 695 3151 769 ἐξηγήσατο.

1049 808 1200 866 CAP.
1235 809 1426 865 XXIV.

456 923 612 989 Quod
650 923 937 979 Marcellus
966 923 1291 993 unigenitum
1326 921 1530 976 Filium
1574 920 1826 993 Verbum».
1859 923 2030 978 verbis

679 993 780 1049 Dei
821 992 1138 1064 agendorum
1168 994 1493 1048 instructivis
1527 992 1804 1046 assimiict.

524 1125 886 1180 Admirandus
931 1125 1032 1180 iste
1078 1126 1366 1180 verborum
1388 1121 1598 1179 "Christi
1643 1126 1854 1190 doctor,
1889 1139 2030 1195 pra:-

455 1226 611 1288 cepta
661 1216 756 1271 Dei
801 1226 856 1271 et
908 1216 1235 1286 agendorum
1289 1214 1803 1270 commonefadtoria
1845 1217 2030 1282 verba,

454 1309 815 1378 undecunque
851 1309 918 1362 de
959 1306 1257 1376 Scripturis
1297 1306 1554 1378 colligens
1585 1307 1908 1375 ejuscemodi
1943 1309 2031 1363 de-

2764 796 2922 849 ΚΕΦ.
2955 797 3079 850 ΚΔ’.

2133 889 2334 954 Ὅπως
2363 885 2716 955 Μάρκελλος
2742 884 2868 950 τοῖς
2887 887 3092 953 λόγοις
3115 884 3226 955 ,τοῦ
3253 885 3422 948 Θεοῦ,
3447 881 3579 952 τοῖς
3599 886 3711 940 τῶν

2202 953 2513 1082 Spernitur
2544 955 3040 1025 παραγγελτικοῖς
3064 953 3173 1008 τὸν
3193 955 3500 1026 μονογενῆ
3523 958 3711 1026 Λόγον

2244 1045 2410 1098 φωμο
2437 1045 2527 1081 ου.

2203 1119 2314 1190 (56)
2359 1117 2424 1172 ’Ὁ
2453 1117 2763 1190 θαυμαστὸς
2787 1108 2942 1182 οὗτος
2965 1116 3076 1171 τῶν
3105 1115 3339 1188 Χριστοῦ
3365 1117 3542 1187 λόγων
3571 1118 3713 1172 διδά-

2135 1211 2356 1276 σκαλος,
2381 1210 2482 1274 τὰς
2518 1208 2740 1273 ἐντολὰς
2776 1208 2869 1263 τοῦ
2896 1207 3053 1272 Θεοῦ,
3079 1209 3172 1262 καὶ
3201 1208 3326 1272 τοὺς
3352 1208 3716 1280 παραγγελτι-

2132 1303 2266 1367 κοὺς
2303 1304 2411 1356 τῶν
2437 1300 2723 1374 πρακτέων
2746 1299 2957 1370 λόγους,
2982 1300 3089 1355 ἀπὸ
3109 1301 3208 1370 τῆς
3232 1300 3382 1362 θείας
3401 1299 3718 1369 συναγαγὼν

455 1400 681 1468 scribit,
727 1398 880 1466 Quod
927 1400 982 1453 in
1020 1400 1281 1468 principio
1330 1409 1441 1452 erat
1500 1397 1752 1453 Verbum.
1799 1399 2032 1453 Attende

2150 1395 2378 1466 Γραφῆς,
2404 1393 2644 1447 τοιοῦτόν
2667 1409 2790 1446 τινα
2815 1392 3064 1464 -όρξζεται
3096 1393 3187 1445 τὸν
3215 1391 3286 1446 ἐν
3315 1390 3475 1461 ἀρχῇ
3503 1393 3713 1461 Λόγον.

456 1498 661 1554 autem,
700 1489 971 1559 quomodo
1003 1489 1106 1544 hoc
1143 1489 1260 1544 vult
1295 1489 1565 1558 probare:
1619 1488 1809 1544 scribit
1845 1497 2030 1543 autem

459 1581 552 1655 [Β.
583 1581 719 1653 XLI]
745 1603 760 1638 :
785 1582 984 1637 Eorum
1011 1587 1070 1646 >Ι<
1093 1582 1343 1637 doctores
1372 1595 1493 1636 cum
1513 1590 1720 1634 tantum
1746 1596 1852 1635 non
1880 1593 2034 1636 vere-

458 1681 648 1728 rentur
677 1671 1006 1727 mentionem
1048 1670 1208 1727 Verbi
1239 1672 1454 1737 facere,
1485 1670 1627 1740 quod
1642 1670 1716 1724 'ad
1744 1671 1882 1725 hunc
1912 1685 2030 1725 mo-

2144 1487 2476 1541 Ἐπόικουσον
2507 1485 2585 1551 δὲ,
2617 1486 2767 1548 ὅπως
2790 1483 2966 1538 ταῦτα
2995 1485 3248 1554 συνιστᾷν
3284 1485 3567 1554 πειρᾶται,
3598 1483 3718 1538 τοῦ·

2131 1595 2224 1632 τον
2247 1576 2475 1649 γράφων
2499 1576 2591 1630 τὸν
2617 1575 2840 1648 τρόπον·
2883 1575 3004 1629 Τῶν
3031 1575 3090 1629 δὲ
3123 1575 3487 1630 διδασκόντων
3518 1577 3718 1641 αὐτοὺς

2134 1668 2325 1740 ὥσπερ
2361 1667 2696 1739 αἰδουμένων
2734 1668 2846 1739 (57)
2901 1669 3212 1740 μεμνῆσθαι
3265 1669 3361 1722 τοῦ
3410 1669 3609 1738 Λόγου,
3659 1670 3719 1722 ὃν

458 1763 586 1818 dum
609 1777 795 1818 omnes
835 1763 1028 1817 divina:
1059 1761 1353 1832 Scriptum
1376 1762 1692 1823 pradicant.
1714 1760 1865 1816 Unus
1889 1761 2033 1816 enim

2150 1761 2280 1816 ›ὖτω
2313 1763 2481 1816 πᾶσαι
2510 1763 2568 1814 αἱ
2589 1761 2731 1814 θεῖαι
2768 1761 3096 1832 κηρύττουσι
3129 1762 3376 1833 Γραφαί·
3413 1764 3444 1816 6
3475 1762 3576 1834 μὲν
3607 1763 3719 1835 γὰρ

458 1854 612 1919 dicit,
649 1853 815 1908 Verbo
842 1855 1054 1908 Domini
1094 1854 1295 1921 ﬁrmati
1320 1862 1439 1907 sunt
1468 1852 1670 1908 mli”.
1703 1853 1768 1906 Et
1815 1853 2033 1919 iterum,

2137 1853 2266 1924 περὶ
2290 1852 2456 1907 αὑτοῦ
2479 1852 2648 1922 λέγει·
2680 1851 2771 1919 Τῷ
2793 1853 2954 1922 λόγῳ
2977 1851 3197 1921 Κυρίου
3217 1856 3273 1907 οἱ
3289 1855 3530 1923 οὐρανοὶ
3555 1854 3719 1908 ἐστε-

459 1942 652 2001 Emisit
669 1944 904 2002 Verbum
927 1964 1082 2002 suum
1103 1957 1151 2002 et
1175 1948 1379 2002 sanavit
1400 1948 1555 2001 eos".
1579 1947 1645 2000 Et
1667 1945 1921 2001 Salomon
1940 1946 2035 2013 ait,

2150 1943 2480 2012 Decbﬂno'ar'
2534 1938 2692 2008 αὖθ’ίς
2735 1961 2796 1997 τε
2843 1947 2873 1997 6
2917 1944 3104 2009 αὐτὸς,
3145 1944 3573 2010 Ἐξαπέστειιε
3615 1948 3719 2000 τὸν

459 2038 708 2104 Quwrent
739 2054 819 2092 me
856 2037 1101 2108 improbi,
1139 2047 1187 2091 et
1219 2052 1323 2090 non
1363 2037 1623 2090 invenient
1662 2051 1681 2089 :
1708 2035 1925 2089 oderunt
1958 2047 2034 2089 et-

459 2126 950 2196 enimsap'ientiam,
969 2138 1015 2182 et
1042 2127 1268 2182 Verbum
1291 2127 1500 2181 Domini
1521 2143 1624 2181 non
1645 2129 1986 2182 curaverunt"
1992 2128 2032 2183 ⁷.

458 2219 624 2275 Isaias
655 2233 918 2290 quoque:
965 2219 1043 2273 De
1077 2217 1208 2274 Sion
1240 2211 1401 2273 exibit
1437 2219 1540 2283 (ex,
1574 2228 1622 2272 et
1670 2217 1894 2272 Verbum
1939 2219 2041 2272 Do-

459 2313 591 2364 mini
634 2312 698 2364 de
725 2309 1018 2366 Jerusalem
1040 2311 1109 2368 ⁷⁸.
1156 2310 1222 2364 Ει
1262 2308 1548 2375 Jeremias,
1602 2307 1881 2380 Pudefacti
1917 2318 2036 2363 sunt

459 2405 740 2471 sapientes,
775 2411 824 2456 et
886 2401 1157 2471 terrefacti
1214 2413 1360 2465 sunt,
1411 2411 1460 2456 et
1497 2401 1660 2456 locuti
1711 2411 1851 2465 sunt,
1900 2401 2036 2472 quod

472 2489 694 2548 Verbum
725 2493 936 2548 Domini
960 2492 1254 2561 rejecerunt
1277 2495 1344 2546 7°.
1384 2493 1451 2546 Et
1471 2491 1658 2556 Oseas,
1716 2491 1952 2549 Oderunt
1982 2493 2036 2545 in

458 2587 626 2654 portis
675 2585 1054 2654 increpantem,
1108 2594 1156 2638 et
1195 2585 1416 2640 uerbum
1467 2595 1703 2638 sanctum
1746 2582 2036 2637 abominati

458 2687 579 2729 sunt
603 2676 673 2731 ⁸³.
709 2675 967 2731 Michaaas
990 2676 1240 2732 similiter
1263 2676 1424 2732 Verbi
1466 2677 1733 2744 meminit,
1764 2685 1825 2730 ut
1847 2675 2034 2742 Isaias,

459 2767 540 2822 De
565 2765 718 2835 Sion,
759 2768 1034 2836 inquiens,
1080 2770 1240 2822 exibit
1271 2769 1378 2831 lex,
1409 2779 1458 2824 et
1483 2767 1710 2823 Verbum
1743 2770 1952 2823 Domini
1974 2771 2038 2823 de

459 2855 780 2912 Jerusalem.
813 2858 947 2913 Haec
973 2869 1256 2929 postquam
1285 2870 1342 2915 et
1393 2861 1478 2915 bis
1518 2860 1713 2914 similia
1743 2875 2036 2916 coacerva-

459 2955 636 3012 verat,
672 2949 1045 3004 conﬁrmatam
1068 2964 1220 3004 suam
1253 2959 1401 3005 retur
1426 2949 1505 3003 ab
1531 2950 1651 3005 istis
1682 2951 2032 3005 sententiam.

2136 2037 2329 2106 Λόγον
2357 2036 2567 2102 αὐτοῦ,
2593 2037 2692 2090 καὶ
2729 2035 2939 2091 ίὰσατο
2962 2037 3205 2104 αὐτούς.
3224 2037 3476 2110 Σολομῶν
3502 2037 3580 2103 δὲ,
3605 2042 3717 2106 Ζη-

2135 2126 2398 2194 τ’ήσουσί
2413 2144 2491 2197 με
2514 2129 2708 2192 κακοί,
2734 2129 2832 2182 καὶ
2861 2129 2974 2198 οὐχ
3000 2128 3391 2198 εὑρήσουσιν,
3418 2130 3722 2200 ἐμίσησαν

2135 2217 2248 2286 γὰρ
2274 2217 2521 2286 σοφίαν,
2541 2215 2649 2270 τὸν
2676 2215 2745 2269 δὲ
2764 2215 2960 2285 Λόγον
2979 2217 3205 2284 Κυρίου
3242 2219 3314 2270 οὺ
3345 2217 3716 2286 προείλοντο.

2148 2307 2373 2371 Ἡσαΐας
2412 2321 2495 2360 τεο
2537 2309 2640 2362 Ἐκ
2671 2306 2824 2361 Σιὼν
2853 2308 3240 2372 ἐξελεύσεται
3268 2307 3381 2379 (58)
3413 2309 3598 2376 νόμος
3623 2309 3720 2362 καὶ

2136 2399 2327 2467 Λόγος
2343 2399 2562 2467 Κυρίου
2585 2399 2656 2465 ἐξ
2691 2398 3104 2469 Ἰερουσαλήμ
3125 2401 3218 2452 καὶ
3243 2397 3398 2464 αὖθις
3430 2400 3721 2472 Ἰερεμω·

2149 2490 2580 2562 ᾙσχύνθησαν
2613 2491 2818 2560 σοφοὶ,
2851 2492 3006 2562 φησὶ,
3042 2491 3141 2545 καὶ
3169 2491 3584 2560 ἐπτοήθησαν,
3624 2492 3725 2545 καὶ

2134 2583 2474 2652 ἐλάλησαν,
2511 2582 2601 2637 ὅτι
2625 2584 2734 2636 τὸν
2761 2583 2949 2653 λόγον
2985 2581 3137 2656 [τοῦ]
3184 2582 3305 2654 (59)
3338 2584 3564 2653 Κυρίου
3613 2584 3724 2638 ἀπ-

2135 2672 2522 2743 εδοκίμασαν.
2542 2675 2653 2728 Καὶ
2694 2675 2852 2747 Ὠσηὲ
2882 2675 2994 2746 (40)
3027 2675 3084 2729 δὲ
3111 2679 3140 2730 6
3167 2678 3472 2748 προφήτης,
3495 2677 3729 2747 Ἐμίση-

2136 2776 2275 2829 σαν,
2301 2764 2427 2837 ἔφη,
2462 2766 2532 2819 ἐν
2559 2766 2776 2832 πύλαις
2804 2766 3154 2836 ἐλέγχοντα,
3190 2768 3289 2821 καὶ
3324 2770 3513 2838 λόγον
3555 2768 3733 2823 ὅσιον

2135 2853 2553 2920 ἐϐδελὺξαντο.
2587 2857 2826 2928 Μιχαίας
2847 2876 2907 2911 τε
2934 2860 3135 2930 ὁμοίως
3159 2862 3252 2913 καὶ
3281 2860 3444 2924 αὐτὸς
3472 2861 3606 2934 περὶ
3635 2861 3730 2915 τοῦ

2136 2945 2308 3016 Λόγου
2338 2947 2710 3020 μνημονεύων,
2748 2950 2848 3005 Ἐκ
2868 2951 3033 3016 Σιὼν,
3062 2952 3186 3023 ἔφη,
3212 2953 3601 3018 ἐξελεύσεται
3625 2957 3730 3009 νό-

462 3036 599 3095 Vide
626 3051 804 3096 autem
833 3040 979 3111 quod
1018 3041 1231 3096 diversa
1266 3041 1334 3096 de
1361 3039 1660 3109 Scripturis
1695 3040 1918 3096 collecta
1959 3051 2035 3096 te-

2150 3057 2269 3106 ιιος,
2317 3038 2417 3094 καὶ
2443 3041 2633 3111 Λόγος
2683 3043 2907 3112 Κυρίου
2958 3041 3028 3109 ἐξ
3087 3045 3499 3115 Ἰερουσαλήμ.
3542 3045 3733 3100 Ταῦτα

463 3127 719 3183 stimonia
749 3128 802 3183 in
828 3143 992 3183 unum
1019 3127 1249 3199 coniecit
1278 3142 1294 3182 :
1319 3129 1539 3184 missum
1571 3129 1664 3184 Dei
1691 3127 1925 3185 Verbum
1961 3145 2043 3186 sas

459 3217 740 3272 lutil'erum
765 3217 894 3274 illud
923 3229 978 3276 et
1006 3219 1332 3286 curativum,
1363 3219 1695 3277 confundens
1717 3237 1838 3278 cum
1863 3223 2043 3278 admo-

463 3308 666 3363 nitorio
700 3309 1032 3378 agendorum
1070 3309 1255 3366 verbo.
1289 3307 1420 3364 Illud
1465 3312 1686 3376 etenim,
1707 3310 1954 3367 Oderunt
1985 3314 2042 3367 in

462 3400 629 3468 portis
677 3401 1052 3466 increpantem,
1103 3413 1149 3455 et
1180 3399 1413 3455 Verbum
1459 3413 1698 3455 sanctum
1757 3403 2042 3456 abominati

463 3497 584 3541 sunt
619 3504 638 3542 :
670 3489 942 3558 quodnam
974 3491 1130 3546 nobis
1177 3490 1480 3546 subindicat
1521 3489 1788 3546 Verbum?
1820 3506 2042 3561 prorsus

461 3578 597 3633 illud
627 3594 736 3649 quo
761 3580 828 3636 de
883 3581 1045 3649 justis
1083 3581 1390 3636 actionibus
1442 3589 1498 3637 et
1538 3583 1742 3637 sanctis
1797 3583 2042 3639 homines

466 3669 889 3726 commoneﬁunt
923 3689 938 3727 :
979 3671 1222 3738 omnino,
1275 3671 1488 3743 quidvis
1528 3674 1705 3742 potius
1746 3687 1905 3742 quam
1948 3673 2040 3728 Fi-

462 3757 596 3813 lium
630 3758 722 3814 Dei
747 3759 988 3829 profiteri
1011 3761 1144 3827 vult,
1175 3771 1428 3832 tanquam
1454 3763 1543 3831 qui
1573 3763 1895 3819 mentionem
1925 3763 2042 3833 ejus

467 3848 649 3904 facere
678 3859 968 3906 metueret.
994 3851 1102 3907 Nos
1133 3853 1385 3909 novimus
1417 3852 1510 3909 Dei
1549 3853 1743 3908 Filium
1779 3857 2039 3925 propriis-

467 3941 606 3996 sime
647 3956 770 3997 esse
813 3943 1035 4009 Filium,
1067 3958 1196 3999 vere
1251 3945 1580 4015 unigenitum
1611 3946 1750 4001 Dei:
1802 3946 2039 4004 Verbum

467 4047 682 4102 quoque
710 4035 957 4090 eumdem
983 4049 1105 4092 esse
1123 4038 1290 4106 probe
1323 4039 1611 4105 novimus;
1634 4039 1730 4094 sed
1755 4055 1860 4096 non
1891 4042 2042 4096 sitni-

464 4123 518 4178 )e
550 4123 788 4179 humano
847 4125 1152 4194 cuicunque
1203 4127 1388 4182 verbo.
1444 4130 1513 4182 At
1560 4128 1718 4198 quale
1746 4139 1915 4199 paret,
1969 4147 2041 4187 te-

465 4229 632 4281 quum
680 4224 766 4270 est
816 4225 1034 4272 exstare
1083 4214 1318 4272 Verbum
1346 4217 1441 4273 Dei
1484 4218 1686 4282 vivum,
1721 4222 2040 4290 subsistens,

464 4317 722 4377 tanquam
750 4309 839 4378 qui
871 4309 941 4363 sit
966 4309 1152 4365 Filius.
1184 4308 1239 4364 is
1259 4325 1388 4365 vero
1413 4310 1644 4366 Verbum
1665 4312 2036 4380 ind-icativum,

2143 3130 2248 3203 [δὲ]
2265 3128 2379 3202 (41)
2399 3135 2495 3186 καὶ
2515 3132 2584 3186 τὰ
2600 3133 2810 3199 τούτοις
2824 3135 3028 3205 ἀδελφὰ
3045 3135 3389 3206 συναγαγὼν,
3434 3137 3732 3210 κρατύνειν

2139 3221 2228 3275 διὰ
2246 3221 2450 3277 τούτων
2465 3223 2563 3296 τὴν
2585 3225 2777 3279 ἑαυτοῦ
2797 3226 2952 3293 δόξαν
2972 3229 3209 3298 ἡγεῖται.
3234 3229 3377 3300 Ὅρα
3391 3228 3448 3282 δὲ
3471 3229 3595 3294 πῶς
3619 3230 3730 3300 (42)

2141 3313 2317 3386 φορὰς
2362 3315 2462 3380 τὰς
2489 3317 2599 3371 ἀπὸ
2631 3318 2733 3388 τῆς
2783 3318 2932 3383 θείας
2965 3321 3188 3392 Γραφῆς
3236 3323 3545 3394 μαρτυρίας
3592 3323 3731 3394 ὁμοῦ

2143 3404 2441 3476 συνήγαγε,
2471 3407 2680 3462 καὶτὸν
2706 3410 3169 3481 ἁποστελλόμενον
3197 3411 3311 3484 (45)
3341 3413 3436 3467 τοῦ
3469 3413 3612 3468 Θεοῦ
3635 3417 3736 3468 Λό-

2140 3515 2258 3568 γον,
2305 3502 2405 3555 ’τὸν
2447 3503 2734 3574 σωτήριον,
2767 3503 2862 3556 καὶ
2907 3505 3135 3569 ἰατικδν,
3180 3507 3274 3558 καὶ
3311 3506 3404 3560 τὸν
3445 3507 3560 3560 τῶν
3584 3525 3736 3580 πρα-

2140 3592 2315 3646 κτέων
2334 3594 2869 3665 παραγγελτικόν.Τὸ
2895 3599 3023 3671 γὰρ,
3056 3600 3391 3670 Ἐμίσησαν
3407 3602 3480 3655 ἐν
3496 3604 3732 3668 πύλαις

2139 3685 2486 3756 ἐλέγχοντα,
2526 3690 2625 3742 καὶ
2657 3691 2842 3760 λόγον
2878 3691 3052 3746 ὅσιον
3099 3693 3526 3761 ὲϐδελύξαιτο,
3577 3701 3739 3750 ποῖον

2141 3774 2451 3829 ὑποτίθεται
2477 3777 2684 3846 Λόγον;
2713 3779 2746 3850 ἢ
2776 3777 2994 3844 πάντως
3028 3797 3130 3834 που
3160 3780 3252 3833 τὸν
3273 3783 3404 3853 περὶ
3430 3782 3544 3835 τῶν
3565 3783 3742 3836 ὁσίων

2142 3864 2252 3936 (44)
2300 3868 2393 3920 καὶ
2422 3867 2646 3922 δικαίων
2669 3870 2919 3942 πράξεων
2972 3873 3431 3943 παραγγελτικόν·
3465 3875 3655 3928 πάντα
3680 3893 3738 3929 τε

2144 3955 2344 4026 μᾶλλον
2390 3957 2424 4029 ἢ
2474 3959 2565 4014 τὸν
2609 3960 2739 4014 Υἱὸν
2782 3960 2876 4014 τοῦ
2927 3960 3062 4016 Θεοῦ
3111 3964 3394 4035 ὁμολογεῖν
3453 3966 3736 4037 βούλεται,

2139 4047 2328 4122 ὥσπερ
2350 4051 2663 4122 αἰδούμενος
2695 4053 3064 4124 μνημονεῦσαι
3094 4057 3187 4110 τοῦ
3213 4057 3361 4110 Υῑοῦ.
3404 4058 3606 4130 Ἡμεῖς
3637 4060 3737 4130 μὲν

2139 4137 2250 4210 γὰρ
2303 4139 2525 4212 οἴδαμεν
2570 4143 2661 4196 τὸν
2709 4145 2836 4199 Υἰὸν
2885 4146 2980 4200 τοῦ
3023 4147 3157 4201 Θεοῦ
3200 4148 3546 4220 κυριώτατον
3603 4153 3737 4206 ὄντα

2140 4229 2290 4294 Υἰδν,
2330 4232 2428 4285 καὶ
2459 4233 2676 4305 ἀληθῶς
2710 4238 2971 4309 μονογενῆ
3015 4238 3111 4292 τοῦ
3139 4239 3295 4305 Θεοῦ,
3331 4241 3426 4295 καὶ
3466 4242 3652 4310 Λόγον
3680 4243 3738 4298 δὲ

2138 4320 2303 4372 αὑτὸν
2332 4321 2576 4392 ἀκριϐῶς
2611 4324 2774 4394 ἴσμεν
2804 4326 2902 4396 οὐχ
2933 4327 3115 4397 ὅμοιον
3151 4325 3230 4398 τῷ
3274 4329 3332 4380 ὲν
3375 4328 3732 4401 ἀνθρὼποις’

463 4406 519 4449 et
551 4397 881 4466 agendorum
913 4398 1490 4456 commonefactorium
1525 4401 1888 4470 introducens,
1929 4427 2034 4460 twn

2150 4410 2252 4463 ἄλλ’
2274 4407 2389 4465 οἷον
2416 4416 2682 4485 προσήκει
2711 4419 2851 4470 νοεῖν
2887 4418 3000 4488 (45)
3034 4419 3168 4472 Θεοῦ
3197 4397 3390 4489 Λόγον,
3420 4397 3614 4486 ζιῦντα
3645 4425 3736 4478 καὶ

463 4486 733 4544 immerito
752 4487 951 4544 Filium
981 4488 1075 4545 Dei
1105 4491 1350 4546 conﬁteri
1380 4499 1635 4562 gravatur
1661 4506 1819 4562 quem
1856 4495 2034 4565 reipsa

462 4578 776 4648 abnegavit.

2141 4501 2428 4570 ὑφεστῶτα
2453 4506 2530 4568 ὡς
2563 4505 2688 4559 Υἱόν
2725 4507 2857 4578 (46)⁶
2894 4510 2923 4562 6
2953 4509 3012 4564 δὲ
3044 4508 3202 4579 λόγον
3256 4515 3607 4583 σημαντικὸν
3643 4517 3736 4570 καὶ

2137 4590 2245 4643 τῶν
2265 4593 2555 4663 πρακτέων
2577 4597 3011 4667 παραγγελτικὸν
3033 4601 3289 4670 εἰσάγων,
3308 4603 3542 4669 εἰκότως
3563 4604 3735 4659 ὤκνει

2136 4680 2230 4734 τὸν
2257 4682 2383 4738 Υἱὸν
2407 4685 2708 4756 ὁμολογεῖν,
2743 4689 2802 4742 ὃν
2834 4689 2982 4762 αὐτῷ
3009 4691 3156 4765 ἔργῳ
3182 4696 3421 4766 ἠρνεῖτο.

540 4809 599 4896 >1;
638 4805 1115 4896 Ed'._l:aris.,pagt:
1152 4811 1396 4896 “in”
1433 4808 1658 4896 Joan.._l,
1694 4811 1780 4868 l8.
1853 4814 1900 4847 ⁷⁸
1932 4815 2033 4872 Psa

2152 4837 2260 4878 nu
2318 4825 2375 4878 7.
2446 4824 2495 4858 "
2524 4826 2668 4884 Psal.
2699 4844 2810 4896 ενι,
2843 4829 2933 4885 20.
2985 4832 3031 4864 ⁷⁷
3071 4831 3232 4888 Prov.
3261 4849 3374 4892 xiv.
3408 4834 3466 4892 6.
3547 4838 3600 4869 ⁷⁸
3629 4839 3731 4893 lsa.

467 4887 530 4937 ll,
565 4875 619 4928 5.
703 4877 748 4909 ⁷⁸
779 4877 894 4934 Jer.
935 4875 1138 4945 vrit,'9.
1213 4881 1260 4914 ⁸⁸
1292 4879 1418 4937 Ose.
1449 4897 1527 4946 ix,
1559 4881 1647 4936 ΓΙ.

540 5017 654 5094 (56)
684 5017 858 5094 Caput
892 5019 963 5073 ‘24
1002 5020 1313 5094 immediate
1341 5018 1613 5094 dependet
1655 5033 1684 5074 a
1718 5024 2014 5094 superiore,

467 5091 737 5160 pendente
757 5089 936 5144 adhuc
969 5090 1234 5160 sententia
1272 5091 1489 5160 prioris.
1517 5089 1584 5160 bl.

2202 5031 2778 5114 (62):'_0:t_wc‘gadp_ac.
2825 5035 3024 5114 Facilis
3085 5040 3730 5114 correctio,_6tarpopi;'

2140 5104 2232 5181 sed
2261 5105 2388 5181 quid
2417 5108 2460 5160 si
2489 5104 2664 5178 φύρας
2687 5107 2934 5181 legatur?
2959 5118 3107 5162 certe
3130 5111 3274 5163 enim
3310 5111 3428 5164 vult
3451 5104 3581 5166 cuiu
3609 5104 3736 5181 ’ρει--

538 5155 650 5240 (57)
685 5157 910 5281 Ὠσπῖ
957 5155 1343 5228 αἰδουμένων.
1409 5158 1501 5213 Sic
1552 5159 1856 5230 legendum,
1924 5179 2031 5221 non

538 5225 798 5298 ἰουμενος.
887 5267 902 5282 .
925 5226 1181 5298 [Secutus
1206 5245 1325 5286 sum
1353 5226 1538 5298 codd.]

2150 5155 2858 5244 ιιίεώῑέἐέὸιῖιῖιῗεῖὶίέεῗῇἱέ
2867 5155 3106 5246 'deqae';
3127 5155 3311 5234 etiam
3323 5155 3732 5251 legend-Tag-

2150 5241 2509 5298 ττελλόιιενον.
2532 5255 2591 5298 ut
2617 5256 2734 5298 erat
2767 5251 2821 5298 in
2857 5249 3127 5298 margine-
3172 5248 3242 5298 Μ.

463 5225 798 5301 αἰδούμενος.
831 5225 1181 5301 M._[Secttlus
1206 5245 1325 5286 sum
1353 5226 1538 5301 codd.]

534 5296 650 5506 ἓὸδ)
689 5297 856 5377 Vulgo
880 5296 1249 5369 ὲξελεύσηται.

558 5367 626 5420 ’59
677 5366 785 5419 Του
823 5383 932 5424 om.
970 5370 1127 5423 codd.

557 5435 626 5506 40
681 5435 793 5490 luto
842 5438 1022 5506 Ἀμώς
1067 5453 1119 5503 v,
1173 5439 1249 5496 10.

465 5435 793 5574 ὐμὲῒέἐὲιιιιο
842 5438 1022 5510 Ἀμώς
1067 5453 1119 5503 v,
1173 5439 1262 5497 10.
1324 5438 1445 5495 Mox
1504 5435 1662 5508 vulgo
1715 5439 1878 5507 αὐτὸς
1940 5444 2035 5499 καὶ

677 5365 785 5419 Τοῦ
800 5365 932 5424 ίοηι.
970 5365 1127 5423 codd.

467 5655 660 5710 συναγ.

2136 5241 2509 5319 στελλόμενον,
2532 5255 2591 5319 ut
2617 5256 2750 5319 erat_
2767 5241 2821 5300 iu
2846 5241 3127 5319 mar—ginta.
3171 5248 3242 5304 Μ.

2207 5313 2317 5385 (45)
2332 5313 2513 5385 Vulgo
2533 5316 2912 5374 ἀποστολικόν.

2348 5381 2519 5460 Χυίᾷο
2544 5385 2760 5450 πάντως
2786 5386 2974 5442 τοῦτον
3004 5387 3136 5460 περὶΙ
3171 5387 3270 5460 τὴν
3298 5389 3490 5446 ὁσίων.

2209 5452 2322 5525 (45)
2348 5452 2518 5525 νιιιᾲο
2556 5471 2665 5510 οιη.
2700 5460 2860 5512 νοεῖν.

2203 5521 2629 5607 (όϐλὩς-’Υἱότα
2667 5526 2842 5597 Deest,
2873 5527 3085 5600 opinor,
3103 5528 3350 5600 νομίζειν
3382 5543 3503 5602 post
3541 5550 3722 5607 προσο

698 5572 890 5632 Omitt.
921 5576 1102 5638 codd.:
1142 5577 1266 5635 dein
1289 5577 1447 5649 vulgo
1493 5578 1588 5634 καὶ
1621 5579 1830 5646 τούτοις
1860 5583 2024 5654 ὃμοια

2150 5572 2286 5661 insi:
