3828 6222
130 305 240 365 965

746 419 913 474 -ΚΕσΙλ
955 420 1084 476 KvE'.

322 511 579 576 Ὅπωςὸ
597 511 779 576 αὐτὸς
806 513 995 578 ἑαυτῷ
1017 514 1260 569 ἐναντία
1291 515 1532 585 ἔγραψε.

202 599 332 656 Εἶτα
362 604 454 656 καὶ
491 602 652 666 αὐτὸς
688 605 864 676 ἑαυτῷ
900 605 1161 660 τάναντία
1191 607 1305 677 (47)
1345 608 1572 681 γράφων
1602 626 1703 662 ουκ

127 692 394 749 αἴσθεται.
435 695 523 748 Ἔν
549 694 754 765 ἑτέροις
784 695 882 765 μὲν
911 695 1020 766 γάρ
1050 696 1460 767 διῖσχυρίζεται,
1499 699 1702 771 μηδένα

125 781 225 833 τοῦ
267 782 527 854 προτέρου
573 782 723 848 λαοῦ,
757 783 826 837 τὰ
873 784 1015 839 κατὰ
1058 785 1148 839 τὸν
1176 787 1348 855 Λόγον
1384 792 1697 858 ἐγνωκέναι.

125 873 439 944 Μυστήριον
466 873 573 945 γὰρ
588 870 723 928 εἶναι
751 875 1264 949 ἀποκεκρυμμένον.
1290 881 1493 952 Γράφει
1516 883 1572 935 δὲ
1597 877 1698 937 ὦδε

128 964 319 1028 αὐταῖς
346 964 557 1031 λέξεσι·
594 985 612 1016 ι
637 965 702 1017 Τί
727 968 835 1039 γὰρ
859 967 1043 1040 ἕτερον
1078 968 1147 1042 ἦν
1174 974 1663 1046 ἀποκεκρυμμένον
1681 1017 1696 1042 ,

135 1059 462 1126 «μυστήριον
483 1057 514 1127 ἢ
543 1057 601 1110 τὸ
625 1058 766 1112 κατὰ
787 1059 878 1112 τὸν
899 1061 1068 1129 Λόγον
1095 1062 1268 1128 ;οὖτω
1282 1065 1338 1118 δὲ
1357 1067 1467 1138 (48)
1484 1065 1550 1138 ἦν
1565 1069 1700 1122 ἀπο-

132 1163 152 1194 ι
175 1146 550 1217 κεκρυμμένον
574 1148 633 1200 ὲν
660 1142 894 1221 τῷΘεῷ,
929 1153 1079 1205 τουτί
1112 1155 1374 1227 πρότερον
1409 1157 1470 1210 τὸ
1497 1160 1700 1229 μυστή-

131 1253 152 1286 ι
183 1253 316 1306 ριον,
339 1237 478 1291 ὥστε
517 1239 719 1310 μηδένα
761 1241 855 1295 τοῦ
891 1243 1154 1315 προτέρου
1189 1246 1340 1312 λαοῦ,
1399 1249 1584 1318 σαφῶς
1632 1251 1699 1306 τὰ

126 1341 149 1375 ι
166 1325 307 1378 κατὰ
327 1326 414 1380 τὸν
442 1327 612 1397 Λόγον
632 1328 856 1382 εἰδέναι·
887 1331 999 1384 ἀλλ’
1027 1333 1192 1404 ἡμᾶς,
1219 1335 1312 1389 τοῦ
1343 1337 1574 1392 πλούτου
1600 1341 1700 1410 τῆς

125 1433 148 1466 ι
176 1415 333 1488 δόξης
389 1418 482 1470 καὶ
524 1417 616 1472 τοῦ
666 1421 1156 1496 ἀποκεκρυμμένου
1219 1431 1515 1501 μυστηρίου
1562 1434 1696 1487 ἀπο-

127 1524 151 1558 (
175 1507 360 1562 λαύειν
381 1509 514 1564 νυνί.
543 1530 562 1562 ι
584 1511 693 1565 Καὶ
720 1508 875 1578 αὖθις
906 1516 1166 1586 ἐπιλέγει,
1188 1539 1206 1571 ι
1231 1520 1288 1572 Ὀ
1303 1520 1358 1574 δὲ
1395 1523 1536 1594 ἱερὸς
1564 1525 1700 1578 ἀπό-

131 1617 150 1650 σ
172 1599 352 1663 στολός
377 1618 436 1652 τε
467 1603 560 1655 καὶ
587 1603 831 1676 μαθητὴς
856 1605 947 1659 τοῦ
976 1610 1180 1680 Κυρίου
1217 1612 1486 1685 Ἰωάννης,
1512 1616 1698 1685 σαφῶς

127 1708 148 1742 ι
171 1691 267 1744 καὶ
310 1691 601 1765 διαρρήδην
627 1696 684 1747 ὲν
728 1697 867 1768 ἀρχῇ
903 1699 999 1753 τοῦ
1037 1701 1370 1772 Εύαγγελ-ίου
1407 1707 1694 1772 διδάσκων,

1095 308 1181 364 DE
1221 309 1754 368 ECCLESIASTICA
1792 314 2179 371 THEOLOGIA
2211 317 2345 372 LIB.
2390 314 2447 371 ΙΙ.

1734 434 1782 490 Λ

3274 313 3380 373 966

2415 428 2565 484 CAP.
2602 424 2764 484 XXV.

2073 519 2313 584 Qualiter
2338 521 2438 574 sibi
2470 522 2571 588 ipsi
2601 519 2865 573 contraria
2893 518 3104 574 scribat.

1872 605 1986 663 Non
2039 610 2286 681 intelligit
2317 627 2480 681 porro
2511 613 2655 681 quod
2699 609 2800 664 sibi
2830 609 2930 678 ipsi
2959 609 3377 665 contradictoria

1803 701 2013 758 scribit.
2051 699 2262 756 Alicubi
2303 701 2570 770 siquidem
2596 709 2981 756 asseveranter
3015 697 3224 765 statuit,
3255 698 3378 753 nul—

1803 792 1909 846 lum
1951 793 2172 862 penitus
2212 793 2278 848 de
2321 791 2541 861 antiquo
2595 791 2686 846 illo
2737 789 2932 860 populo
2981 788 3269 859 quidquam
3309 790 3376 843 de

1802 882 1979 940 Verbo
2011 885 2344 953 cognovisse.
2393 883 2530 937 Nam
2561 892 2678 937 erat
2701 882 3018 952 mysterium
3057 887 3116 944 >14
3143 880 3377 934 abscon-

1801 976 1991 1042 (litum,
2021 976 2214 1045 inquit.
2248 967 2423 1029 Verba
2456 975 2570 1044 ejus
2594 983 2721 1028 sunt
2742 972 2842 1044 ‘[R.
2869 972 3030 1038 XLV,
3067 972 3190 1026 coll.
3222 987 3275 1035 β.
3302 971 3375 1024 40

1803 1058 1867 1138 D]
1901 1082 1915 1120 :
1957 1060 2137 1132 ("Quid
2165 1066 2309 1120 aliud
2337 1075 2451 1119 erat
2483 1069 2794 1136 mysterium
2821 1064 2947 1118 illud
2971 1065 3370 1124 absconditum,

1806 1177 1825 1208 ι
1851 1172 2007 1226 quam
2037 1154 2163 1210 illud
2200 1157 2262 1212 de
2283 1151 2505 1210 Verbo?
2557 1156 2688 1210 Nam
2721 1165 2840 1210 erat
2902 1157 3003 1210 hoc
3051 1155 3369 1226 mysterium

1805 1269 1823 1299 ι
1847 1249 1982 1304 adeo
2007 1249 2131 1302 olim
2165 1249 2217 1303 in
2257 1248 2365 1303 Deo
2391 1249 2786 1313 absconditum,
2821 1257 2881 1302 ut
2912 1261 2942 1302 e
2965 1248 3130 1318 priori
3161 1247 3250 1301 illo
3277 1262 3373 1317 po-

1805 1357 1824 1389 r
1847 1340 1990 1409 pulo,
2020 1339 2193 1395 nullus
2219 1340 2376 1409 plane
2407 1340 2508 1396 hoc
2542 1343 2716 1409 ipsum
2757 1340 3096 1410 intelligeret.
3129 1339 3234 1395 Sed
3273 1354 3373 1394 no-

1805 1431 1930 1484 cbis
1970 1430 2081 1498 jam
2127 1445 2379 1486 concessa
2435 1440 2518 1486 est
2578 1431 2764 1487 l‘ruitio
2818 1431 3128 1486 divitiarum
3188 1431 3372 1499 gloriae

1805 1542 1822 1572 ι
1851 1521 2036 1592 ipsius,
2074 1531 2129 1577 ct
2167 1522 2420 1595 mysterii
2454 1523 2596 1578 illius
2641 1509 3132 1580 reconditissimid
3173 1524 3370 1576 Statim

1799 1630 1930 1668 vero
1991 1613 2256 1668 subinl'ert
2291 1613 2383 1685 [IL
2416 1612 2580 1668 XLVI
2627 1614 2751 1671 coll.
2804 1629 2860 1683 p.
2908 1613 2978 1669 56
3022 1615 3065 1668 D
3115 1613 3216 1668 118
3243 1611 3307 1685 C]
3351 1630 3367 1667 :

1807 1706 2235 1761 «Sanctissimns
2283 1721 2411 1761 vero
2458 1705 2750 1775 apostolus,
2799 1714 2854 1760 et
2884 1704 3093 1759 Domini
3135 1704 3372 1774 discipu-

124 1800 143 1831 ε
167 1782 444 1851 ὡςάγνοού
454 1803 611 1855 μενον
632 1788 689 1840 έν
711 1789 1015 1861 ἀνθρώποις
1035 1795 1316 1867 πρότερον,
1344 1799 1515 1865 Λόγον
1532 1801 1691 1854 αὐτὸν

1803 1819 1818 1848 ι
1846 1799 1924 1853 lus
1949 1798 2204 1863 Joannes,
2241 1799 2474 1854 exertim
2507 1805 2563 1852 et
2604 1807 2791 1868 aperte
2818 1798 2870 1851 in
2903 1807 3096 1853 exortu
3133 1798 3372 1864 Evange-

103 1892 143 1923 1
170 1873 266 1926 τοῦ
296 1878 737 1964 παντοκράτορος
771 1881 1072 1952 ὀνομάζων,
1105 1886 1274 1953 οὕτως
1299 1889 1424 1963 ἔφη.
1467 1893 1564 1946 Ἐν
1598 1895 1694 1964 ἀρ-

111 1983 143 2015 νί
167 1965 254 2035 xz}
275 1963 353 2039 ἦν
380 1971 412 2022 ὁ
439 1971 646 2040 Λόγος.
678 1991 697 2024 ι
744 1974 832 2028 Ἐν
864 1975 1074 2042 τούτοις
1099 1979 1197 2049 μὲν
1226 1978 1320 2034 οὖν
1344 1963 1693 2057 ἀποκεκρυμ-

103 2059 281 2128 ,μένον
307 2063 601 2133 μυστήριον
647 2064 935 2136 διορίζεται
964 2064 1203 2134 εἶναιτὸ,
1240 2074 1368 2144 περὶ
1388 2074 1490 2127 ’τοῦ
1521 2077 1692 2145 Λάγον
1728 2085 1732 2090 ’

105 2151 263 2220 ἔχειν
280 2151 370 2205 τὸν
392 2152 543 2220 Θεὸν,
577 2155 634 2207 ἐν
666 2156 722 2208 δὲ
749 2160 869 2222 ταῖς
897 2154 1098 2231 ἀρτίως
1123 2164 1542 2232 παρατεθείσαις
1565 2185 1694 2239 προ-

105 2246 376 2313 φητικαϊς
401 2247 622 2312 φωναῖς,
643 2247 821 2312 πάσας
843 2249 940 2314 τὰς
967 2250 1116 2315 θείας
1139 2253 1690 2327 Γραφὰςμηρύττειν,

93 2336 186 2390 ίτά
235 2338 363 2408 περὶ
413 2339 575 2392 αὐτοῦ
627 2341 925 2414 συνίστησι,
967 2343 1061 2397 καὶ
1111 2345 1331 2414 συνάγει
1364 2349 1492 2420 περὶ
1519 2349 1691 2418 Λόγου

112 2425 276 2491 Θεοῦ,
298 2426 562 2492 πλείστας
583 2429 714 2492 ὅσας
746 2431 1070 2504 μαρτυρίας.
1095 2434 1208 2487 Ούκ
1236 2430 1344 2506 ἆρα
1371 2432 1439 2507 ἦν
1473 2437 1696 2505 ἀγνοού-

92 2535 280 2588 .⁷μενος
306 2518 384 2590 τῷ
415 2521 664 2592 προτέρῳ
690 2521 822 2594 λαῷ·
854 2525 1054 2588 πάντες
1082 2527 1190 2598 γὰρ
1218 2528 1394 2592 αὐτοὶ,
1430 2531 1555 2594 τοὺς
1581 2548 1692 2584 τοι-

105 2609 304 2674 ούτους
323 2609 524 2681 λόγους
555 2613 752 2683 ᾔδεσαν
788 2613 892 2668 ἀνὰ
919 2615 1111 2687 στόμα,
1147 2620 1241 2672 καὶ
1265 2619 1352 2672 διὰ
1386 2623 1603 2694 μνήμης
1626 2622 1696 2676 τὰ

105 2704 428 2773 προφητικὰ
449 2704 602 2774 λόγια
626 2707 901 2779 φέροντες.
935 2709 1094 2764 Ἀλλά
1112 2711 1202 2764 τὸν
1228 2716 1557 2786 γραμματέα
1585 2717 1693 2770 τῶν

121 2793 392 2848 Ἰουδαίων
417 2798 550 2868 ἡμῖν
579 2800 608 2851 ό
637 2800 958 2870 Χριστιανὸς
987 2804 1330 2875 προΐσχεται’
1358 2807 1457 2860 οὐκ
1481 2807 1692 2862 ἁκούων

104 2883 207 2936 τοῦ
230 2883 480 2957 Σωτῆρος
507 2887 777 2958 λέγοντος,
811 2891 956 2945 Οὐαὶ
992 2891 1152 2963 ὑμῖν,
1184 2897 1560 2966 γραμματεῖς,
1593 2900 1691 2953 καὶ

108 2977 421 3045 Φαρισαῖοι
440 2981 775 3049 ὑποκριταὶ,
814 2982 1082 3054 θαυμάζει
1110 3003 1169 3038 τε
1212 2987 1374 3042 αὐτὸν
1406 2989 1512 3060 (49)
1546 2991 1693 3064 ὅρκῳ

108 3069 473 3142 πιστούμενον
522 3073 604 3126 ὅτι
642 3072 747 3140 Εἷς
785 3075 956 3130 ἐστιν
995 3081 1027 3132 ὀ
1073 3078 1237 3144 Θεὸς,
1284 3081 1381 3134 καὶ
1423 3084 1535 3137 οὐκ
1560 3085 1691 3138 ἐστι

106 3158 280 3226 πλὴν
320 3161 526 3227 αὑτοῦ,
561 3163 661 3216 οὐκ
692 3163 870 3232 εἰδὼς,
907 3166 988 3221 ὅτι
1020 3168 1116 3222 καὶ
1157 3169 1228 3222 τὰ
1271 3169 1556 3242 (δαιμόνια
1603 3192 1692 3228 πι-

111 3268 131 3301 ι
156 3248 430 3315 στεύουσι,
460 3252 554 3305 καὶ
581 3254 880 3322 φρίττουσι.
908 3273 930 3308 ι
971 3257 1138 3328 Τήρει
1172 3257 1228 3311 δὲ
1247 3259 1394 3323 ὅπως
1426 3260 1484 3327 ἐξ
1511 3262 1691 3316 αὐτῶν

104 3342 218 3397 τῶν
241 3344 600 3414 προφητικῶν
617 3344 870 3416 Γραφῶν,
900 3347 967 3402 τά
999 3350 1127 3422 περὶ
1150 3349 1323 3418 Λόγου
1347 3351 1566 3421 συνάγει
1591 3353 1686 3408 τοῦ

105 3434 219 3486 τῶν
247 3435 535 3506 πρακτέων
574 3437 982 3494 διδαπαλικοῦ·
1016 3443 1075 3496 ὂν
1115 3445 1208 3498 καὶ
1254 3445 1520 3499 Ἰουδαίων
1563 3449 1691 3500 παῖ-

102 3523 194 3588 δες
222 3526 510 3599 γνωρίζειν
535 3530 956 3602 ὁμολογήσουσιν
984 3535 1118 3606 (50),
1146 3535 1240 3590 ἅτε
1264 3537 1370 3608 πρὸ
1398 3540 1429 3608 ἠ
1440 3537 1556 3608 μῶν
1574 3537 1690 3590 τοῦ-

102 3631 201 3668 τον
254 3618 676 3690 παρειληφότες.
738 3623 877 3676 Ἀλλ’
911 3627 1031 3679 οὐδὲ
1072 3627 1234 3691 αὐτὸς
1275 3628 1560 3690 Σαϐέλλιος
1597 3630 1688 3683 τὸν

102 3708 351 3762 τοιοῦτον
383 3712 566 3780 ἠγνόει
586 3714 777 3782 Λόγον.
813 3717 936 3780 Πῶς
955 3713 1047 3771 οὖν
1077 3719 1359 3785 Ἰουδαίους
1387 3721 1478 3774 καὶ
1500 3721 1690 3775 Σαὸέλ-

102 3798 222 3852 λιον
268 3800 505 3868 κόπτων,
546 3804 618 3876 μὴ
652 3806 945 3874 ἐγνωκέναι
995 3809 1086 3862 τὸν
1131 3810 1301 3878 Λόγον
1359 3810 1483 3882 ἔφη,
1517 3811 1582 3865 δι’
1613 3806 1688 3866 ὧν

106 3889 434 3962 παρεθέμην
462 3892 625 3947 αὐτοῦ
661 3897 889 3965 φωνῶν;
936 3899 1046 3952 Καὶ
1085 3900 1270 3972 ἐπειδὴ
1307 3901 1687 3972 ἀποπέφανται

102 3983 132 4035 ό
159 3982 348 4048 αὐτὸς,
388 3985 476 4039 διὰ
513 3986 621 4041 τῶν
648 3987 972 4061 ἔμπροσθεν,
1015 3993 1303 4057 ὼςιούδεὶς
1335 3993 1554 4048 ἐδύνατο
1596 3994 1688 4048 τὸν

102 4073 244 4129 Θεὸν
287 4077 504 4141 εἰδέναι,
535 4080 654 4132 οὐδὲ
681 4082 773 4135 τὸν
802 4082 972 4152 Λόγον
998 4082 1280 4156 γνωρίζειν
1308 4085 1472 4140 αὑτοῦ
1526 4087 1574 4139 εί
1609 4087 1682 4159 μὴ

101 4163 206 4237 τὴν
245 4167 432 4222 εἰκόνα
479 4170 687 4240 εἰλήφει
714 4167 808 4224 τοῦ
865 4170 1094 4245 ἀοράτου
1133 4173 1292 4242 Θεοῦ,
1349 4176 1547 4249 δηλαδὴ
1588 4177 1687 4249 τὴν

104 4256 310 4327 σάρκα,
345 4257 421 4323 ὼς
453 4260 610 4326 αὐτὸς
639 4261 778 4333 ἔφη·
831 4260 940 4333 (διὰ
984 4264 1150 4336 μόνης
1180 4266 1288 4338 γὰρ
1339 4268 1438 4339 τῆς
1479 4269 1684 4334 εἰκόνος

99 4348 469 4420 γνωρίζεσθαι
508 4350 600 4405 τὸν
632 4352 762 4406 Θεὸν
793 4353 886 4407 καὶ
917 4355 1008 4408 τὸν
1054 4355 1239 4408 τούτου
1283 4357 1455 4425 Λόγον
1495 4358 1687 4412 διετεί-

98 4457 257 4505 νατο,
290 4440 389 4512 τὴν
425 4443 600 4514 σάρκα
635 4443 807 4514 λέγων
862 4443 1118 4518 εἶναιτὴν
1151 4447 1332 4501 εἰκόνα
1436 4451 1680 4523 ὺπομνη-
1713 4474 1757 4529 D

101 4530 264 4584 στέον
312 4531 400 4584 διὰ
431 4532 538 4585 τῶν
587 4535 961 4605 προκειμένων
1007 4537 1082 4601 ὡς
1107 4537 1228 4608 δίχα
1279 4538 1377 4609 τῆς
1419 4541 1681 4612 ὲνσάρκου

100 4621 409 4692 παρουσίας
437 4623 672 4677 Ἰουδαῖοι
722 4625 922 4690 πάντες
966 4626 1055 4680 τὸν
1079 4626 1233 4695 λόγον
1276 4627 1368 4680 τοῦ
1401 4628 1559 4692 Θεοῦ,
1592 4630 1686 4682 καὶ

95 4713 229 4776 τοὺς
270 4713 462 4781 λόγους
492 4715 616 4779 τοὺς
654 4717 712 4768 ὲν
735 4721 853 4780 ταῖς
885 4721 1247 4790 προφητικαῖς
1274 4723 1532 4791 γραφαῖς,
1575 4721 1684 4773 τῶν

97 4803 268 4856 ὁσίων
309 4804 486 4877 ἔργων
545 4809 1030 4879 παραγγελτικοὺς,
1075 4811 1317 4882 ἀκριϐῶς
1371 4811 1583 4882 ᾔδεσαν,
1627 4813 1686 4877 ἐξ

98 4893 334 4948 ἁπαλῶν
385 4897 590 4968 ὀνύχων
637 4900 858 4964 τούτους
903 4901 1404 4972 καταμελετῶντες·
1451 4905 1546 4957 καὶ
1595 4904 1685 4959 τὸν

97 4985 239 5038 Θεὸν
263 4986 576 5058 ὡμολόγουν
599 4990 688 5045 τὸν
713 4991 928 5046 πάντων
958 4993 1184 5064 ποιητὴν
1209 4994 1303 5047 καὶ
1323 4993 1646 5066 δημιουργόν
1666 5012 1680 5026 ο

1792 1889 1920 1952 alii,
1953 1889 2115 1944 veluti
2149 1889 2238 1958 qui
2273 1888 2488 1941 doceret
2529 1887 2671 1956 quod
2731 1885 2879 1954 prius
2910 1884 3258 1956 ignorabatur
3295 1884 3373 1938 in.

1799 2003 1817 2034 ι
1845 1992 1924 2038 ter
1952 1984 2217 2049 homines,
2254 1980 2491 2036 Verbum
2545 1979 2932 2049 omnipotentis
2969 1992 3090 2031 eum
3124 1977 3370 2032 nominat

1801 2093 1818 2125 ι
1849 2074 1921 2127 ita
1975 2073 2243 2142 inquiens,
2285 2069 2354 2125 In
2406 2070 2660 2139 principio
2697 2078 2819 2123 erat
2875 2067 3182 2123 Verbum“.
3212 2087 3234 2120 ι
3289 2067 3367 2122 Ita

1794 2165 2068 2220 contendit
2105 2165 2149 2220 is
2169 2179 2266 2232 per
2296 2165 2396 2216 ista
2439 2161 2812 2216 absconditum
2855 2159 3169 2231 mysterium
3201 2159 3368 2214 fuisse

1795 2255 1946 2319 illud,
1970 2255 2136 2309 Deum
2166 2253 2418 2308 habuisse
2452 2252 2713 2308 Verbum.
2751 2250 3062 2319 Scripturas
3091 2264 3222 2304 vero
3250 2264 3367 2302 om-

1795 2361 1892 2401 nes
1914 2359 2086 2415 nuper
2116 2345 2394 2410 recitatas,
2417 2352 2472 2396 et
2490 2343 2762 2412 appositas
2779 2341 3162 2411 prophetarum
3181 2355 3365 2408 voces,

1795 2436 2095 2504 praedicare
2114 2434 2230 2488 vult
2254 2449 2374 2504 quae
2405 2440 2532 2488 sunt
2556 2432 2625 2487 de
2645 2430 2844 2498 Verbo,
2863 2447 2998 2502 quas
3020 2433 3282 2500 plurimas
3309 2433 3364 2487 in

1797 2529 1952 2596 hujus
1971 2527 2047 2582 rei
2066 2526 2428 2582 testimonium
2444 2523 2802 2580 coacervavit.
2821 2521 2899 2577 Ita
2918 2539 3022 2578 non
3037 2531 3155 2578 erat
3167 2522 3366 2592 populo

1795 2616 1868 2671 illi
1909 2615 2077 2687 priori
2103 2616 2406 2685 ignoratum
2439 2614 2542 2669 hoc
2575 2613 2888 2685 mysterium
2921 2612 3188 2670 :universi
3217 2613 3364 2668 enim

1793 2715 2077 2773 noverant,
2110 2712 2163 2760 et
2192 2705 2456 2759 memoria
2488 2706 2749 2760 tenebant
2793 2712 2846 2760 et
2891 2717 2988 2759 ore
3030 2703 3367 2773 usurpabant

1794 2800 2182 2870 prophetarum
2205 2798 2293 2852 illa
2313 2799 2553 2854 oracula.
2569 2799 2640 2851 At
2669 2798 2811 2854 enim
2829 2805 2884 2852 et
2898 2798 2965 2852 de
2979 2795 3180 2852 Iudaeis
3208 2796 3365 2851 nobis

1793 2892 2026 2948 scribam
2063 2899 2417 2961 repraesentat
2443 2889 2792 2944 Christianus
2827 2903 2948 2944 cum
2987 2889 3060 2943 sit
3095 2906 3110 2942 :
3143 2904 3249 2942 non
3281 2897 3364 2942 at-

1796 2984 2021 3036 tendens
2055 2981 2198 3050 quod
2239 2981 2500 3035 Servator
2545 2979 2702 3046 dixit,
2758 2976 2845 3033 γα
2877 2978 3044 3044 uobis,
3079 2975 3279 3032 Scriba
3313 2987 3363 3030 et

1796 3072 2055 3128 Pharisaei
2101 3071 2388 3143 hypocrin
2408 3072 2476 3125 ⁸⁸.
2515 3070 2776 3141 lllumque
2821 3071 3046 3142 suspicit
3071 3071 3212 3140 quod
3240 3087 3361 3125 cum

1787 3163 2137 3236 jurejurando
2165 3163 2385 3231 dixerit,
2411 3161 2566 3230 Quod
2587 3177 2724 3216 unus
2756 3162 2894 3216 Deus
2919 3173 2967 3217 et
2993 3171 3186 3232 prceter
3219 3179 3362 3226 eum,

1791 3271 1894 3309 non
1917 3264 1992 3308 est
2018 3252 2175 3310 alius.
2205 3251 2368 3320 Quasi
2385 3251 2619 3307 nesciret
2641 3252 2782 3322 quod
2808 3260 2864 3306 et
2895 3269 2915 3303 ι
2947 3251 3217 3306 daemones
3243 3267 3366 3306 cre-

1791 3345 1920 3399 dant
1945 3352 1999 3399 et
2029 3343 2474 3400 contremiscant.
2501 3361 2521 3396 ι
2554 3341 2693 3397 Nota
2726 3342 2858 3397 mibi
2887 3351 3068 3397 autem
3101 3342 3363 3411 quemad-

1791 3435 2009 3489 modum
2063 3435 2131 3489 de
2173 3434 2505 3504 propheticis
2532 3433 2831 3503 Scripturis
2864 3433 3072 3502 colligit
3119 3448 3238 3502 qua
3290 3434 3358 3487 ad

1787 3527 2011 3580 verbum
2065 3524 2192 3579 illud
2226 3525 2522 3596 pertinent,
2569 3526 2711 3595 quod
2741 3534 2829 3581 est
2852 3527 3178 3596 agendorum
3211 3541 3362 3581 com-

1790 3616 2236 3673 monefaclorium
2281 3639 2294 3672 :
2347 3617 2490 3686 quod
2518 3617 2690 3686 ipsum
2731 3616 3047 3671 fatebuntur
3098 3631 3158 3672 se
3189 3632 3359 3687 agno-

1789 3720 1940 3762 scere
1974 3703 2055 3760 vel
2087 3703 2282 3768 Judaei,
2329 3704 2490 3758 veluti
2525 3705 2614 3773 qui
2661 3715 2788 3759 ante
2825 3719 2921 3759 nos
2963 3705 3069 3760 hoc
3092 3704 3204 3774 jam
3227 3707 3358 3762 olim

1787 3797 2173 3854 edocebantur.
2209 3795 2317 3852 Sed
2343 3813 2442 3852 nec
2462 3798 2692 3865 ipsemet
2729 3795 2997 3852 Sabellius
3022 3796 3361 3866 hujuscemo-

1786 3890 1839 3946 di
1874 3889 2110 3946 Verbum
2151 3889 2454 3959 ignorabat.
2495 3887 2665 3954 Quam
2707 3888 2978 3942 immerito
3031 3888 3232 3944 idcirco
3263 3887 3358 3944 ﬂa-

1786 3980 2268 4050 gellatSabellium
2321 3990 2376 4036 et
2402 3979 2636 4043 Iudaeos,
2685 3979 2738 4032 in
2785 3981 3053 4050 excerptis
3091 3996 3121 4034 a
3161 3996 3248 4037 me
3289 3981 3358 4036 de

1786 4075 1952 4144 ipsius
1989 4073 2126 4128 libro
2161 4072 2370 4141 positis,
2413 4071 2554 4140 quod
2591 4067 2824 4126 Verbum
2857 4072 3193 4139 ignorabant,
3233 4087 3358 4129 eum

1785 4179 1983 4219 nomen
2011 4163 2064 4217 id
2093 4163 2162 4216 ab
2195 4162 2283 4216 illo
2308 4162 2500 4216 scitum
2535 4161 2629 4224 sit,‘
2661 4161 2802 4230 quod
2833 4160 3000 4216 Deum
3045 4163 3227 4218 videre
3256 4179 3358 4218 ne-

1785 4270 1874 4310 mo
1900 4265 2130 4323 poterat,
2153 4255 2250 4310 sed
2281 4265 2396 4308 nec
2429 4254 2596 4323 ipsius
2621 4251 2859 4308 Verbum
2900 4254 3217 4326 intelligere,
3251 4256 3356 4310 nisi

1785 4347 2074 4419 imaginem
2105 4348 2353 4402 induerat
2399 4347 2685 4402 invisibilis
2723 4348 2852 4413 Dei,
2903 4361 3124 4402 carnem
3161 4362 3357 4416 nempe

1786 4437 2070 4492 intendens
2109 4438 2393 4508 imaginem
2434 4437 2613 4502 illam;
2673 4452 2800 4492 nam
2829 4451 2927 4506 per
2962 4435 3132 4490 solam
3163 4436 3355 4505 imagi-

1786 4543 1908 4582 nem
1937 4528 2189 4598 cognosci
2219 4528 2460 4598 potuisse
2497 4529 2687 4593 Deum,
2717 4536 2770 4581 et
2795 4527 2960 4596 ipsius
2990 4525 3084 4581 Dei
3113 4525 3352 4582 Verbum

1786 4620 2082 4676 contendat
2105 4633 2328 4674 carnem
2358 4633 2610 4674 asserens
2651 4618 2818 4673 fuisse
2862 4618 3148 4688 imaginem
3177 4618 3349 4674 illam.

1788 4712 1894 4768 Sed
1923 4710 2236 4766 meminisse
2270 4710 2527 4764 debemus
2567 4711 2620 4763 in
2672 4710 3042 4780 superioribus
3095 4711 3350 4780 positum,

1786 4805 1926 4877 quod
1954 4805 2158 4873 absque
2197 4801 2398 4856 carnali
2458 4802 2765 4871 praesentia,
2806 4800 2974 4856 Judaei
3017 4816 3204 4857 omnes
3233 4818 3355 4857 ver-

1788 4896 1914 4950 bum
1973 4893 2086 4958 Dei,
2119 4902 2175 4948 et
2203 4894 2366 4948 verba
2413 4891 2539 4957 Dei,
2580 4908 2698 4962 quae
2739 4893 2934 4948 divinis
2969 4897 3353 4963 prophetarum

1789 4986 2088 5056 Scripturis
2146 4986 2349 5051 insunt,
2391 4985 2461 5039 ad
2509 4994 2695 5040 sancta
2743 4999 2908 5054 opera
2968 4985 3351 5051 admonitoria,

95 5077 298 5150 ὥσπερ
330 5075 424 5135 οὖν
464 5083 558 5135 καὶ
579 5083 958 5154 γραμματεὺς,
991 5086 1019 5137 ό
1045 5083 1111 5136 δι’
1141 5084 1303 5155 ὅρκου
1333 5084 1689 5156 πιστούμενος

1796 5079 2136 5137 exactissime
2185 5077 2485 5144 callebant,
2520 5091 2643 5132 cum
2686 5092 2716 5132 a
2778 5079 2978 5133 teneris
3026 5077 3352 5150 unguiculis,

179 5290 244 5348 ἧς
281 5283 382 5340 Ed.
409 5283 585 5344 Paris.
637 5303 755 5361 pag.
792 5289 914 5346 144.
1000 5290 1043 5374 εξ
1076 5289 1236 5346 Joan.
1262 5305 1302 5357 ι,
1337 5289 1388 5344 ι.
1464 5289 1510 5322 δ’
1531 5288 1691 5346 Matth

1796 5302 1891 5342 χιιι
1957 5285 2048 5342 15.

164 5531 263 5605 (ιῖ

163 5602 264 5746 ίὲἓ

329 5530 499 5599 Vulgo
526 5532 747 5588 ἐναντία

323 5601 492 5677 Vulgo
506 5604 666 5677 circa)
687 5606 818 5677 γάρ.

318 5672 642 5742 Θαυμὰζὲτε
667 5672 872 5732 αὐτόν.
912 5675 1046 5746 Ιιηο,
1080 5674 1347 5748 θαυμάζει
1376 5692 1455 5730 τε.
1485 5675 1673 5735 Admi-

264 5531 286 5742 ξ

1777 5541 1932 5589 ratur
1959 5531 2244 5587 Marcellus
2272 5531 2504 5586 scribam
2541 5529 2719 5586 illum.
2750 5529 2822 5584 Μ.

1830 5602 1964 5687 ,(50)
1993 5602 2160 5688 Vulgo
2182 5600 2621 5688 opokoyonVﬁt
2661 5599 3012 5671 ἀποπέφαται
3044 5609 3096 5658 ct
3138 5614 3258 5657 mox
3295 5618 3348 5656 τ.

1781 5669 1961 5747 σάρκα
1989 5669 2130 5728 εἶναι
2166 5669 2267 5744 τῆν
2295 5673 2498 5740 εἰκόνα,
2531 5671 2626 5735 ὡς.
