  <div class='ocr_page' id='page_1' title='image "/cluster/home/n/w/nwhite01/storage/ocr_20150623/24/nnc1.0046978259/606.png"; bbox 0 0 3828 6222; ppageno 0'>
   <div class='ocr_carea' id='block_1_1' title="bbox 135 261 242 322">
    <p class='ocr_par' dir='ltr' id='par_1_1' title="bbox 135 261 242 322">
     <span class='ocr_line' id='line_1_1' title="bbox 135 261 242 322; baseline 0 -6"><span class='ocrx_word' id='word_1_1' title='bbox 135 261 242 322; x_wconf 71' lang='lat'><strong><em>969</em></strong></span> 
     </span>
    </p>
   </div>
   <div class='ocr_carea' id='block_1_2' title="bbox 1075 265 2464 331">
    <p class='ocr_par' dir='ltr' id='par_1_2' title="bbox 1075 265 2464 331">
     <span class='ocr_line' id='line_1_2' title="bbox 1075 265 2464 331; baseline 0.007 -11"><span class='ocrx_word' id='word_1_2' title='bbox 1075 265 1164 321; x_wconf 85' lang='lat' dir='ltr'><strong><em>DE</em></strong></span> <span class='ocrx_word' id='word_1_3' title='bbox 1199 265 1738 326; x_wconf 70' lang='lat' dir='ltr'><strong><em>ECCLESIASTICA</em></strong></span> <span class='ocrx_word' id='word_1_4' title='bbox 1776 269 2169 331; x_wconf 82' lang='lat' dir='ltr'><strong><em>THEOLOGIA</em></strong></span> <span class='ocrx_word' id='word_1_5' title='bbox 2206 271 2338 330; x_wconf 87' lang='lat' dir='ltr'><strong><em>LIB.</em></strong></span> <span class='ocrx_word' id='word_1_6' title='bbox 2374 272 2464 330; x_wconf 84' lang='lat' dir='ltr'><strong><em>Ill.</em></strong></span> 
     </span>
    </p>
   </div>
   <div class='ocr_carea' id='block_1_3' title="bbox 3307 275 3416 333">
    <p class='ocr_par' dir='ltr' id='par_1_3' title="bbox 3307 275 3416 333">
     <span class='ocr_line' id='line_1_3' title="bbox 3307 275 3416 333; baseline 0.009 -2"><span class='ocrx_word' id='word_1_7' title='bbox 3307 275 3416 333; x_wconf 76' lang='lat'><strong><em>970</em></strong></span> 
     </span>
    </p>
   </div>
   <div class='ocr_carea' id='block_1_4' title="bbox 199 379 1720 462">
    <p class='ocr_par' dir='ltr' id='par_1_4' title="bbox 199 379 1720 462">
     <span class='ocr_line' id='line_1_4' title="bbox 199 379 1720 462; baseline -0.001 0"><span class='ocrx_word' id='word_1_8' title='bbox 199 379 321 462; x_wconf 69' lang='grc' dir='ltr'><em>ιέέν</em></span> <span class='ocrx_word' id='word_1_9' title='bbox 348 381 674 462; x_wconf 55' lang='grc' dir='ltr'><em>,ξιιένιεθένςιι</em></span> <span class='ocrx_word' id='word_1_10' title='bbox 712 382 828 462; x_wconf 64' lang='grc' dir='ltr'><strong><em>τὴν</em></strong></span> <span class='ocrx_word' id='word_1_11' title='bbox 848 384 968 440; x_wconf 78' lang='grc' dir='ltr'><strong><em>ἀπὸ</em></strong></span> <span class='ocrx_word' id='word_1_12' title='bbox 996 387 1396 462; x_wconf 47' lang='lat' dir='ltr'><strong><em>summatq?</em></strong></span> <span class='ocrx_word' id='word_1_13' title='bbox 1421 387 1720 462; x_wconf 51' lang='lat' dir='ltr'><strong><em>manl-</em></strong></span> 
     </span>
    </p>
   </div>
   <div class='ocr_carea' id='block_1_5' title="bbox 1837 379 3414 462">
    <p class='ocr_par' dir='ltr' id='par_1_5' title="bbox 1897 391 3414 462">
     <span class='ocr_line' id='line_1_5' title="bbox 1897 391 3414 462; baseline -0.001 -15"><span class='ocrx_word' id='word_1_14' title='bbox 1897 404 2020 448; x_wconf 88' lang='lat' dir='ltr'><strong><em>ante</em></strong></span> <span class='ocrx_word' id='word_1_15' title='bbox 2055 409 2220 448; x_wconf 88' lang='lat' dir='ltr'><strong><em>annos</em></strong></span> <span class='ocrx_word' id='word_1_16' title='bbox 2243 408 2391 458; x_wconf 87' lang='lat' dir='ltr'><strong><em>cccc,</em></strong></span> <span class='ocrx_word' id='word_1_17' title='bbox 2419 393 2576 462; x_wconf 79' lang='lat' dir='ltr'><strong><em>ﬁnem</em></strong></span> <span class='ocrx_word' id='word_1_18' title='bbox 2608 408 2727 448; x_wconf 79' lang='lat' dir='ltr'><strong><em>vero</em></strong></span> <span class='ocrx_word' id='word_1_19' title='bbox 2747 392 3054 448; x_wconf 82' lang='lat' dir='ltr'><strong><em>habiturum</em></strong></span> <span class='ocrx_word' id='word_1_20' title='bbox 3081 391 3136 447; x_wconf 88' lang='lat' dir='ltr'><strong><em>in</em></strong></span> <span class='ocrx_word' id='word_1_21' title='bbox 3163 407 3378 447; x_wconf 89' lang='lat' dir='ltr'><strong><em>consum</em></strong></span> <span class='ocrx_word' id='word_1_22' title='bbox 3397 422 3414 436; x_wconf 76' lang='grc' dir='ltr'><strong><em>ο</em></strong></span> 
     </span>
    </p>
   </div>
   <div class='ocr_carea' id='block_1_6' title="bbox 201 450 1722 523">
    <p class='ocr_par' dir='ltr' id='par_1_6' title="bbox 201 450 1722 523">
     <span class='ocr_line' id='line_1_6' title="bbox 201 450 1722 523; baseline 0.006 -19"><span class='ocrx_word' id='word_1_23' title='bbox 201 451 315 517; x_wconf 76' lang='grc' dir='ltr'><strong><em>λος</em></strong></span> <span class='ocrx_word' id='word_1_24' title='bbox 339 450 406 523; x_wconf 86' lang='grc' dir='ltr'><em>δὲ</em></span> <span class='ocrx_word' id='word_1_25' title='bbox 424 450 670 516; x_wconf 77' lang='grc' dir='ltr'><em>ἐξεινέν</em></span> <span class='ocrx_word' id='word_1_26' title='bbox 698 450 783 523; x_wconf 67' lang='grc' dir='ltr'><strong><em>τῇ</em></strong></span> <span class='ocrx_word' id='word_1_27' title='bbox 805 450 1126 523; x_wconf 69' lang='grc' dir='ltr'><em>συντελείξι</em></span> <span class='ocrx_word' id='word_1_28' title='bbox 1157 450 1722 522; x_wconf 69' lang='grc' dir='ltr'><em>διεϐεϐαιοῦτο,’δια-</em></span> 
     </span>
    </p>
   </div>
   <div class='ocr_carea' id='block_1_7' title="bbox 200 521 1724 660">
    <p class='ocr_par' dir='ltr' id='par_1_7' title="bbox 200 521 1724 660">
     <span class='ocr_line' id='line_1_7' title="bbox 200 521 1724 599; baseline 0.007 -26"><span class='ocrx_word' id='word_1_29' title='bbox 200 521 509 590; x_wconf 84' lang='grc' dir='ltr'><em>στρόφους</em></span> <span class='ocrx_word' id='word_1_30' title='bbox 555 521 907 594; x_wconf 78' lang='grc' dir='ltr'><em>ποιούμενος</em></span> <span class='ocrx_word' id='word_1_31' title='bbox 949 525 1058 594; x_wconf 88' lang='grc' dir='ltr'><strong><em>τὰς</em></strong></span> <span class='ocrx_word' id='word_1_32' title='bbox 1090 521 1207 580; x_wconf 84' lang='grc' dir='ltr'><strong><em>τῶν</em></strong></span> <span class='ocrx_word' id='word_1_33' title='bbox 1243 529 1417 583; x_wconf 84' lang='grc' dir='ltr'><strong><em>θείων</em></strong></span> <span class='ocrx_word' id='word_1_34' title='bbox 1463 529 1724 599; x_wconf 78' lang='grc' dir='ltr'><em>Γραφῶν</em></span> 
     </span>
     <span class='ocr_line' id='line_1_8' title="bbox 202 589 1104 660; baseline 0.009 -18"><span class='ocrx_word' id='word_1_35' title='bbox 202 589 543 660; x_wconf 77' lang='grc' dir='ltr'><em>ἑρμηνείας.</em></span> <span class='ocrx_word' id='word_1_36' title='bbox 1092 605 1104 617; x_wconf 75' lang='lat'><strong>‘</strong></span> 
     </span>
    </p>
   </div>
   <div class='ocr_carea' id='block_1_8' title="bbox 135 633 1727 748">
    <p class='ocr_par' dir='ltr' id='par_1_8' title="bbox 135 633 1727 748">
     <span class='ocr_line' id='line_1_9' title="bbox 135 633 1727 748; baseline 0.008 -37"><span class='ocrx_word' id='word_1_37' title='bbox 633 663 744 733; x_wconf 80' lang='grc' dir='ltr'><em>τῆς</em></span> <span class='ocrx_word' id='word_1_38' title='bbox 774 666 988 736; x_wconf 86' lang='grc' dir='ltr'><em>ὑγιοῦς</em></span> <span class='ocrx_word' id='word_1_39' title='bbox 1015 665 1286 734; x_wconf 80' lang='grc' dir='ltr'><strong><em>διανοίας</em></strong></span> <span class='ocrx_word' id='word_1_40' title='bbox 1312 667 1430 723; x_wconf 82' lang='grc' dir='ltr'><strong><em>τῶν</em></strong></span> <span class='ocrx_word' id='word_1_41' title='bbox 1465 668 1727 740; x_wconf 69' lang='grc' dir='ltr'><em>ἀναγνωη</em></span> 
     </span>
    </p>
   </div>
   <div class='ocr_carea' id='block_1_9' title="bbox 135 746 1726 881">
    <p class='ocr_par' dir='ltr' id='par_1_9' title="bbox 135 746 1726 881">
     <span class='ocr_line' id='line_1_10' title="bbox 207 746 476 789; baseline 0.019 -5"><span class='ocrx_word' id='word_1_42' title='bbox 207 746 254 784; x_wconf 92' lang='grc' dir='ltr'><strong><em>σ</em></strong></span> <span class='ocrx_word' id='word_1_43' title='bbox 297 746 476 789; x_wconf 88' lang='grc' dir='ltr'><em>ατων.</em></span> 
     </span>
     <span class='ocr_line' id='line_1_11' title="bbox 135 749 1726 881; baseline 0.007 -29"><span class='ocrx_word' id='word_1_44' title='bbox 135 749 470 881; x_wconf 39' lang='grc' dir='ltr'><em>ιε’ἐιρπως.</em></span> <span class='ocrx_word' id='word_1_45' title='bbox 488 804 712 881; x_wconf 80' lang='grc' dir='ltr'><em>εἴρηται</em></span> <span class='ocrx_word' id='word_1_46' title='bbox 749 823 780 881; x_wconf 76' lang='lat'><strong><em>¢_</em></strong></span> <span class='ocrx_word' id='word_1_47' title='bbox 922 806 1119 881; x_wconf 65' lang='lat' dir='ltr'><strong><em>mina</em></strong></span> <span class='ocrx_word' id='word_1_48' title='bbox 1146 808 1592 878; x_wconf 75' lang='grc' dir='ltr'><strong><em>ὑποταγήσεται</em></strong></span> <span class='ocrx_word' id='word_1_49' title='bbox 1643 807 1726 875; x_wconf 86' lang='grc' dir='ltr'><em>τῷ</em></span> 
     </span>
    </p>
   </div>
   <div class='ocr_carea' id='block_1_10' title="bbox 217 873 1084 944">
    <p class='ocr_par' dir='ltr' id='par_1_10' title="bbox 217 873 1084 944">
     <span class='ocr_line' id='line_1_12' title="bbox 217 873 1084 944; baseline 0.007 -20"><span class='ocrx_word' id='word_1_50' title='bbox 217 873 346 936; x_wconf 82' lang='grc' dir='ltr'><em>Υίῷ,</em></span> <span class='ocrx_word' id='word_1_51' title='bbox 376 875 476 927; x_wconf 82' lang='grc' dir='ltr'><em>καὶ</em></span> <span class='ocrx_word' id='word_1_52' title='bbox 502 873 684 942; x_wconf 77' lang='grc' dir='ltr'><em>αὐτὸς</em></span> <span class='ocrx_word' id='word_1_53' title='bbox 706 874 786 940; x_wconf 86' lang='grc' dir='ltr'><em>τῷ</em></span> <span class='ocrx_word' id='word_1_54' title='bbox 817 877 1020 944; x_wconf 89' lang='grc' dir='ltr'><em>Πατρί.</em></span> <span class='ocrx_word' id='word_1_55' title='bbox 1064 897 1084 930; x_wconf 71' lang='grc' dir='ltr'><strong><em>ι</em></strong></span> 
     </span>
    </p>
   </div>
   <div class='ocr_carea' id='block_1_11' title="bbox 140 943 1727 1071">
    <p class='ocr_par' dir='ltr' id='par_1_11' title="bbox 140 943 1727 1071">
     <span class='ocr_line' id='line_1_13' title="bbox 140 943 1727 1025; baseline 0.006 -32"><span class='ocrx_word' id='word_1_56' title='bbox 140 948 240 1005; x_wconf 84' lang='grc' dir='ltr'><em>ις’.</em></span> <span class='ocrx_word' id='word_1_57' title='bbox 279 943 478 1010; x_wconf 84' lang='grc' dir='ltr'><strong><em>Ὅπως</em></strong></span> <span class='ocrx_word' id='word_1_58' title='bbox 511 946 735 1013; x_wconf 70' lang='grc' dir='ltr'><em>εἴρηται</em></span> <span class='ocrx_word' id='word_1_59' title='bbox 762 943 1241 1025; x_wconf 44' lang='grc' dir='ltr'><em>τῷηἉέτοστόλῳ·</em></span> <span class='ocrx_word' id='word_1_60' title='bbox 1281 964 1304 1002; x_wconf 81' lang='lat' dir='ltr'><strong><em>s</em></strong></span> <span class='ocrx_word' id='word_1_61' title='bbox 1337 951 1472 1005; x_wconf 87' lang='grc' dir='ltr'><strong><em>Τότε</em></strong></span> <span class='ocrx_word' id='word_1_62' title='bbox 1499 949 1671 1004; x_wconf 79' lang='grc' dir='ltr'><em>ἔσται</em></span> <span class='ocrx_word' id='word_1_63' title='bbox 1693 951 1727 1002; x_wconf 84' lang='grc' dir='ltr'><em>ὁ</em></span> 
     </span>
     <span class='ocr_line' id='line_1_14' title="bbox 207 1012 1048 1071; baseline 0.005 -7"><span class='ocrx_word' id='word_1_64' title='bbox 207 1012 352 1071; x_wconf 82' lang='grc' dir='ltr'><em>Θεὸς</em></span> <span class='ocrx_word' id='word_1_65' title='bbox 377 1014 450 1067; x_wconf 82' lang='grc' dir='ltr'><strong><em>τὰ</em></strong></span> <span class='ocrx_word' id='word_1_66' title='bbox 482 1015 678 1068; x_wconf 76' lang='grc' dir='ltr'><em>πάντα</em></span> <span class='ocrx_word' id='word_1_67' title='bbox 705 1017 773 1069; x_wconf 85' lang='grc' dir='ltr'><em>ὲν</em></span> <span class='ocrx_word' id='word_1_68' title='bbox 797 1031 1006 1071; x_wconf 76' lang='grc' dir='ltr'><em>πασιν.</em></span> <span class='ocrx_word' id='word_1_69' title='bbox 1030 1037 1048 1068; x_wconf 76' lang='grc' dir='ltr'><strong><em>ι</em></strong></span> 
     </span>
    </p>
   </div>
   <div class='ocr_carea' id='block_1_12' title="bbox 137 1029 1726 1158">
    <p class='ocr_par' dir='ltr' id='par_1_12' title="bbox 137 1029 1726 1158">
     <span class='ocr_line' id='line_1_15' title="bbox 207 1029 1048 1078; baseline 0.005 -14"><span class='ocrx_word' id='word_1_70' title='bbox 207 1029 352 1078; x_wconf 78' lang='grc' dir='ltr'><em>σεος</em></span> <span class='ocrx_word' id='word_1_71' title='bbox 377 1031 450 1067; x_wconf 86' lang='grc' dir='ltr'><strong><em>τα</em></strong></span> <span class='ocrx_word' id='word_1_72' title='bbox 482 1029 678 1068; x_wconf 75' lang='grc' dir='ltr'><em>παντα</em></span> <span class='ocrx_word' id='word_1_73' title='bbox 705 1029 773 1069; x_wconf 86' lang='grc' dir='ltr'><strong><em>εν</em></strong></span> <span class='ocrx_word' id='word_1_74' title='bbox 797 1031 1006 1071; x_wconf 76' lang='grc' dir='ltr'><em>πασιν.</em></span> <span class='ocrx_word' id='word_1_75' title='bbox 1030 1037 1048 1068; x_wconf 75' lang='grc' dir='ltr'><strong><em>ι</em></strong></span> 
     </span>
     <span class='ocr_line' id='line_1_16' title="bbox 137 1079 1726 1158; baseline 0.005 -25"><span class='ocrx_word' id='word_1_76' title='bbox 137 1079 226 1144; x_wconf 80' lang='grc' dir='ltr'><em>ιζ’.</em></span> <span class='ocrx_word' id='word_1_77' title='bbox 259 1084 537 1158; x_wconf 63' lang='grc' dir='ltr'><em>Ὅπωςὴαί</em></span> <span class='ocrx_word' id='word_1_78' title='bbox 565 1085 711 1158; x_wconf 83' lang='grc' dir='ltr'><em>θεῖαι</em></span> <span class='ocrx_word' id='word_1_79' title='bbox 743 1088 973 1158; x_wconf 79' lang='grc' dir='ltr'><em>Γραφαὶ</em></span> <span class='ocrx_word' id='word_1_80' title='bbox 1008 1087 1080 1141; x_wconf 84' lang='grc' dir='ltr'><em>τὰ</em></span> <span class='ocrx_word' id='word_1_81' title='bbox 1104 1088 1236 1158; x_wconf 77' lang='grc' dir='ltr'><em>περὶ</em></span> <span class='ocrx_word' id='word_1_82' title='bbox 1264 1087 1372 1157; x_wconf 84' lang='grc' dir='ltr'><em>τῆς</em></span> <span class='ocrx_word' id='word_1_83' title='bbox 1394 1088 1502 1143; x_wconf 91' lang='grc' dir='ltr'><strong><em>τοῦ</em></strong></span> <span class='ocrx_word' id='word_1_84' title='bbox 1525 1086 1694 1158; x_wconf 86' lang='grc' dir='ltr'><em>Σωτῆ</em></span> <span class='ocrx_word' id='word_1_85' title='bbox 1711 1117 1726 1130; x_wconf 88' lang='lat'><strong>-</strong></span> 
     </span>
    </p>
   </div>
   <div class='ocr_carea' id='block_1_13' title="bbox 200 1156 1722 1226">
    <p class='ocr_par' dir='ltr' id='par_1_13' title="bbox 200 1156 1722 1226">
     <span class='ocr_line' id='line_1_17' title="bbox 200 1156 1722 1226; baseline 0.003 -20"><span class='ocrx_word' id='word_1_86' title='bbox 200 1170 309 1221; x_wconf 88' lang='grc' dir='ltr'><strong><em>ρος</em></strong></span> <span class='ocrx_word' id='word_1_87' title='bbox 346 1156 522 1226; x_wconf 64' lang='grc' dir='ltr'><em>ήμῶν</em></span> <span class='ocrx_word' id='word_1_88' title='bbox 563 1157 964 1222; x_wconf 73' lang='grc' dir='ltr'><strong><em>ἀτελευτήτου</em></strong></span> <span class='ocrx_word' id='word_1_89' title='bbox 1012 1156 1338 1226; x_wconf 79' lang='grc' dir='ltr'><em>,ϐασιλείας</em></span> <span class='ocrx_word' id='word_1_90' title='bbox 1363 1156 1722 1226; x_wconf 81' lang='grc' dir='ltr'><em>παριστῶσι,</em></span> 
     </span>
    </p>
   </div>
   <div class='ocr_carea' id='block_1_14' title="bbox 203 1224 1724 1300">
    <p class='ocr_par' dir='ltr' id='par_1_14' title="bbox 203 1224 1724 1300">
     <span class='ocr_line' id='line_1_18' title="bbox 203 1224 1724 1300; baseline 0.004 -24"><span class='ocrx_word' id='word_1_91' title='bbox 203 1226 306 1300; x_wconf 79' lang='grc' dir='ltr'><em>καὶ</em></span> <span class='ocrx_word' id='word_1_92' title='bbox 325 1224 404 1289; x_wconf 86' lang='grc' dir='ltr'><em>ὡς</em></span> <span class='ocrx_word' id='word_1_93' title='bbox 432 1225 786 1300; x_wconf 79' lang='grc' dir='ltr'><em>Μάρκελλος</em></span> <span class='ocrx_word' id='word_1_94' title='bbox 815 1227 1013 1296; x_wconf 79' lang='grc' dir='ltr'><em>γυμνῇ</em></span> <span class='ocrx_word' id='word_1_95' title='bbox 1045 1228 1120 1297; x_wconf 78' lang='grc' dir='ltr'><strong><em>τῇ</em></strong></span> <span class='ocrx_word' id='word_1_96' title='bbox 1158 1224 1391 1300; x_wconf 75' lang='grc' dir='ltr'><em>κεφαλῇ</em></span> <span class='ocrx_word' id='word_1_97' title='bbox 1415 1224 1724 1296; x_wconf 55' lang='grc' dir='ltr'><em>καυθήσε-</em></span> 
     </span>
    </p>
   </div>
   <div class='ocr_carea' id='block_1_15' title="bbox 203 1296 1481 1369">
    <p class='ocr_par' dir='ltr' id='par_1_15' title="bbox 203 1296 1481 1369">
     <span class='ocr_line' id='line_1_19' title="bbox 203 1296 1481 1369; baseline 0.007 -25"><span class='ocrx_word' id='word_1_98' title='bbox 203 1296 346 1369; x_wconf 72' lang='grc' dir='ltr'><em>σθιιι</em></span> <span class='ocrx_word' id='word_1_99' title='bbox 380 1296 568 1369; x_wconf 82' lang='grc' dir='ltr'><em>αὑτοῦ</em></span> <span class='ocrx_word' id='word_1_100' title='bbox 602 1296 718 1369; x_wconf 76' lang='grc' dir='ltr'><em>τῂν</em></span> <span class='ocrx_word' id='word_1_101' title='bbox 737 1299 1068 1361; x_wconf 77' lang='grc' dir='ltr'><em>βασιλείαν</em></span> <span class='ocrx_word' id='word_1_102' title='bbox 1091 1296 1481 1369; x_wconf 72' lang='grc' dir='ltr'><em>ἀπεφαίνετο.</em></span> 
     </span>
    </p>
   </div>
   <div class='ocr_carea' id='block_1_16' title="bbox 135 1364 1728 1440">
    <p class='ocr_par' dir='ltr' id='par_1_16' title="bbox 135 1364 1728 1440">
     <span class='ocr_line' id='line_1_20' title="bbox 135 1364 1728 1440; baseline 0.004 -25"><span class='ocrx_word' id='word_1_103' title='bbox 135 1370 227 1434; x_wconf 86' lang='grc' dir='ltr'><em>ιη’.</em></span> <span class='ocrx_word' id='word_1_104' title='bbox 269 1364 459 1440; x_wconf 82' lang='grc' dir='ltr'><em>Ὅπως</em></span> <span class='ocrx_word' id='word_1_105' title='bbox 491 1367 562 1419; x_wconf 71' lang='grc' dir='ltr'><em>ἐν</em></span> <span class='ocrx_word' id='word_1_106' title='bbox 588 1365 662 1435; x_wconf 79' lang='grc' dir='ltr'><strong><em>τῇ</em></strong></span> <span class='ocrx_word' id='word_1_107' title='bbox 694 1369 985 1440; x_wconf 74' lang='grc' dir='ltr'><em>,Βασιλείᾳ</em></span> <span class='ocrx_word' id='word_1_108' title='bbox 1017 1370 1125 1423; x_wconf 87' lang='grc' dir='ltr'><strong><em>τοῦ</em></strong></span> <span class='ocrx_word' id='word_1_109' title='bbox 1161 1364 1296 1424; x_wconf 75' lang='grc' dir='ltr'><em>Υἱοῦ</em></span> <span class='ocrx_word' id='word_1_110' title='bbox 1326 1370 1397 1423; x_wconf 85' lang='grc' dir='ltr'><strong><em>ἐν</em></strong></span> <span class='ocrx_word' id='word_1_111' title='bbox 1433 1368 1728 1440; x_wconf 79' lang='grc' dir='ltr'><em>γενήσον-</em></span> 
     </span>
    </p>
   </div>
   <div class='ocr_carea' id='block_1_17' title="bbox 204 1434 1719 1509">
    <p class='ocr_par' dir='ltr' id='par_1_17' title="bbox 204 1434 1719 1509">
     <span class='ocr_line' id='line_1_21' title="bbox 204 1434 1719 1509; baseline 0.003 -23"><span class='ocrx_word' id='word_1_112' title='bbox 204 1449 299 1486; x_wconf 87' lang='grc' dir='ltr'><strong><em>ται</em></strong></span> <span class='ocrx_word' id='word_1_113' title='bbox 348 1434 571 1502; x_wconf 84' lang='grc' dir='ltr'><em>πάντες</em></span> <span class='ocrx_word' id='word_1_114' title='bbox 613 1441 666 1491; x_wconf 89' lang='lat' dir='ltr'><strong><em>ol</em></strong></span> <span class='ocrx_word' id='word_1_115' title='bbox 706 1437 816 1506; x_wconf 84' lang='grc' dir='ltr'><em>τῆς</em></span> <span class='ocrx_word' id='word_1_116' title='bbox 863 1439 997 1492; x_wconf 85' lang='grc' dir='ltr'><em>τότε</em></span> <span class='ocrx_word' id='word_1_117' title='bbox 1038 1434 1477 1509; x_wconf 73' lang='grc' dir='ltr'><em>μακαριότητος</em></span> <span class='ocrx_word' id='word_1_118' title='bbox 1513 1434 1719 1503; x_wconf 75' lang='grc' dir='ltr'><strong><em>ἀξιού⁴</em></strong></span> 
     </span>
    </p>
   </div>
   <div class='ocr_carea' id='block_1_18' title="bbox 135 1520 1720 1647">
    <p class='ocr_par' dir='ltr' id='par_1_18' title="bbox 135 1520 1720 1647">
     <span class='ocr_line' id='line_1_22' title="bbox 135 1520 1720 1647; baseline 0.004 -21"><span class='ocrx_word' id='word_1_119' title='bbox 135 1520 390 1630; x_wconf 45' lang='grc' dir='ltr'><em>ιθιίιῗῖέὶ</em></span> <span class='ocrx_word' id='word_1_120' title='bbox 432 1573 633 1643; x_wconf 82' lang='grc' dir='ltr'><em>ὥσπερ</em></span> <span class='ocrx_word' id='word_1_121' title='bbox 661 1579 694 1630; x_wconf 86' lang='grc' dir='ltr'><strong><em>ό</em></strong></span> <span class='ocrx_word' id='word_1_122' title='bbox 734 1578 937 1647; x_wconf 82' lang='grc' dir='ltr'><em>Πατὴρ</em></span> <span class='ocrx_word' id='word_1_123' title='bbox 963 1580 1060 1634; x_wconf 77' lang='grc' dir='ltr'><em>καὶ</em></span> <span class='ocrx_word' id='word_1_124' title='bbox 1095 1583 1128 1635; x_wconf 80' lang='grc' dir='ltr'><em>ὁ</em></span> <span class='ocrx_word' id='word_1_125' title='bbox 1161 1579 1292 1646; x_wconf 77' lang='grc' dir='ltr'><strong><em>Υἱὸς</em></strong></span> <span class='ocrx_word' id='word_1_126' title='bbox 1334 1579 1404 1634; x_wconf 85' lang='grc' dir='ltr'><strong><em>ἐν</em></strong></span> <span class='ocrx_word' id='word_1_127' title='bbox 1431 1575 1584 1633; x_wconf 81' lang='grc' dir='ltr'><em>εῖναι</em></span> <span class='ocrx_word' id='word_1_128' title='bbox 1615 1578 1720 1633; x_wconf 82' lang='grc' dir='ltr'><em>λέ-</em></span> 
     </span>
    </p>
   </div>
   <div class='ocr_carea' id='block_1_19' title="bbox 203 1647 1551 1720">
    <p class='ocr_par' dir='ltr' id='par_1_19' title="bbox 203 1647 1551 1720">
     <span class='ocr_line' id='line_1_23' title="bbox 203 1647 1551 1720; baseline 0.005 -23"><span class='ocrx_word' id='word_1_129' title='bbox 203 1661 435 1720; x_wconf 71' lang='grc' dir='ltr'><em>γονται,</em></span> <span class='ocrx_word' id='word_1_130' title='bbox 467 1647 619 1699; x_wconf 79' lang='grc' dir='ltr'><em>οὕτω</em></span> <span class='ocrx_word' id='word_1_131' title='bbox 639 1648 743 1720; x_wconf 13' lang='grc' dir='ltr'><em>καὶ,</em></span> <span class='ocrx_word' id='word_1_132' title='bbox 764 1649 1264 1720; x_wconf 32' lang='grc' dir='ltr'><em>πάηεςῌὲσονται</em></span> <span class='ocrx_word' id='word_1_133' title='bbox 1295 1654 1349 1704; x_wconf 73' lang='grc' dir='ltr'><em>οἱ</em></span> <span class='ocrx_word' id='word_1_134' title='bbox 1378 1651 1551 1720; x_wconf 80' lang='grc' dir='ltr'><em>ἅγιοι.</em></span> 
     </span>
    </p>
   </div>
   <div class='ocr_carea' id='block_1_20' title="bbox 1902 464 3412 532">
    <p class='ocr_par' dir='ltr' id='par_1_20' title="bbox 1902 464 3412 532">
     <span class='ocr_line' id='line_1_24' title="bbox 1902 464 3412 532; baseline 0.002 -17"><span class='ocrx_word' id='word_1_135' title='bbox 1902 465 2132 516; x_wconf 86' lang='lat' dir='ltr'><strong><em>matione</em></strong></span> <span class='ocrx_word' id='word_1_136' title='bbox 2183 465 2364 518; x_wconf 72' lang='lat' dir='ltr'><strong><em>swcnli</em></strong></span> <span class='ocrx_word' id='word_1_137' title='bbox 2397 477 2417 516; x_wconf 90' lang='lat'><strong><em>:</em></strong></span> <span class='ocrx_word' id='word_1_138' title='bbox 2449 474 2504 516; x_wconf 89' lang='lat' dir='ltr'><strong><em>ut</em></strong></span> <span class='ocrx_word' id='word_1_139' title='bbox 2556 464 2654 517; x_wconf 78' lang='lat' dir='ltr'><strong><em>hoc</em></strong></span> <span class='ocrx_word' id='word_1_140' title='bbox 2685 479 2838 516; x_wconf 88' lang='lat' dir='ltr'><strong><em>suum</em></strong></span> <span class='ocrx_word' id='word_1_141' title='bbox 2881 467 3073 532; x_wconf 87' lang='lat' dir='ltr'><strong><em>dogma</em></strong></span> <span class='ocrx_word' id='word_1_142' title='bbox 3115 465 3412 532; x_wconf 77' lang='lat' dir='ltr'><strong><em>conﬁrmet,</em></strong></span> 
     </span>
    </p>
   </div>
   <div class='ocr_carea' id='block_1_21' title="bbox 1896 533 3082 604">
    <p class='ocr_par' dir='ltr' id='par_1_21' title="bbox 1896 533 3082 604">
     <span class='ocr_line' id='line_1_25' title="bbox 1896 533 3082 604; baseline 0.002 -18"><span class='ocrx_word' id='word_1_143' title='bbox 1896 549 2053 602; x_wconf 90' lang='lat' dir='ltr'><strong><em>quam</em></strong></span> <span class='ocrx_word' id='word_1_144' title='bbox 2085 551 2322 602; x_wconf 76' lang='lat' dir='ltr'><strong><em>peruerse</em></strong></span> <span class='ocrx_word' id='word_1_145' title='bbox 2355 533 2662 604; x_wconf 86' lang='lat' dir='ltr'><strong><em>Scripturas</em></strong></span> <span class='ocrx_word' id='word_1_146' title='bbox 2687 537 3082 603; x_wconf 88' lang='lat' dir='ltr'><strong><em>interpretetur.</em></strong></span> 
     </span>
    </p>
   </div>
   <div class='ocr_carea' id='block_1_22' title="bbox 1831 659 3420 738">
    <p class='ocr_par' dir='ltr' id='par_1_22' title="bbox 1831 659 3420 738">
     <span class='ocr_line' id='line_1_26' title="bbox 1831 659 3420 738; baseline 0.001 -16"><span class='ocrx_word' id='word_1_147' title='bbox 1831 669 1918 724; x_wconf 73' lang='grc' dir='ltr'><em>Η.</em></span> <span class='ocrx_word' id='word_1_148' title='bbox 1952 659 2250 738; x_wconf 78' lang='lat' dir='ltr'><strong><em>Explicatio</em></strong></span> <span class='ocrx_word' id='word_1_149' title='bbox 2283 672 2412 725; x_wconf 90' lang='lat' dir='ltr'><strong><em>recti</em></strong></span> <span class='ocrx_word' id='word_1_150' title='bbox 2462 680 2512 726; x_wconf 86' lang='lat' dir='ltr'><strong><em>et</em></strong></span> <span class='ocrx_word' id='word_1_151' title='bbox 2539 688 2656 726; x_wconf 83' lang='lat' dir='ltr'><strong><em>sant</em></strong></span> <span class='ocrx_word' id='word_1_152' title='bbox 2701 689 2883 727; x_wconf 79' lang='lat' dir='ltr'><strong><em>sensus</em></strong></span> <span class='ocrx_word' id='word_1_153' title='bbox 2912 671 3150 726; x_wconf 88' lang='lat' dir='ltr'><strong><em>locorum</em></strong></span> <span class='ocrx_word' id='word_1_154' title='bbox 3196 671 3420 725; x_wconf 36' lang='lat' dir='ltr'><strong><em>allecto.-</em></strong></span> 
     </span>
    </p>
   </div>
   <div class='ocr_carea' id='block_1_23' title="bbox 1903 757 2040 793">
    <p class='ocr_par' dir='ltr' id='par_1_23' title="bbox 1903 757 2040 793">
     <span class='ocr_line' id='line_1_27' title="bbox 1903 757 2040 793; baseline 0 0"><span class='ocrx_word' id='word_1_155' title='bbox 1903 757 1964 793; x_wconf 74' lang='grc' dir='ltr'><strong><em>νιι</em></strong></span> <span class='ocrx_word' id='word_1_156' title='bbox 1972 758 2018 793; x_wconf 84' lang='grc' dir='ltr'><strong><em>ηι</em></strong></span> <span class='ocrx_word' id='word_1_157' title='bbox 2027 781 2040 793; x_wconf 92' lang='grc'><strong>.</strong></span> 
     </span>
    </p>
   </div>
   <div class='ocr_carea' id='block_1_24' title="bbox 1827 809 3419 882">
    <p class='ocr_par' dir='ltr' id='par_1_24' title="bbox 1827 809 3419 882">
     <span class='ocr_line' id='line_1_28' title="bbox 1827 809 3419 882; baseline 0.001 -17"><span class='ocrx_word' id='word_1_158' title='bbox 1827 809 1917 866; x_wconf 73' lang='grc'><strong><em>15.</em></strong></span> <span class='ocrx_word' id='word_1_159' title='bbox 1944 811 2219 882; x_wconf 76' lang='lat' dir='ltr'><strong><em>Quomodo</em></strong></span> <span class='ocrx_word' id='word_1_160' title='bbox 2236 811 2452 882; x_wconf 81' lang='lat' dir='ltr'><strong><em>dicitur,</em></strong></span> <span class='ocrx_word' id='word_1_161' title='bbox 2487 829 2506 862; x_wconf 76' lang='grc' dir='ltr'><strong><em>ι</em></strong></span> <span class='ocrx_word' id='word_1_162' title='bbox 2530 810 2722 866; x_wconf 87' lang='lat' dir='ltr'><strong><em>Omnia</em></strong></span> <span class='ocrx_word' id='word_1_163' title='bbox 2748 813 2982 882; x_wconf 87' lang='lat' dir='ltr'><strong><em>subjecta</em></strong></span> <span class='ocrx_word' id='word_1_164' title='bbox 3011 811 3138 880; x_wconf 79' lang='lat' dir='ltr'><strong><em>ﬁent</em></strong></span> <span class='ocrx_word' id='word_1_165' title='bbox 3164 809 3333 878; x_wconf 78' lang='lat' dir='ltr'><strong><em>Filio,</em></strong></span> <span class='ocrx_word' id='word_1_166' title='bbox 3364 818 3419 868; x_wconf 75' lang='lat' dir='ltr'><strong><em>et</em></strong></span> 
     </span>
    </p>
   </div>
   <div class='ocr_carea' id='block_1_25' title="bbox 1899 879 2723 950">
    <p class='ocr_par' dir='ltr' id='par_1_25' title="bbox 1899 879 2723 950">
     <span class='ocr_line' id='line_1_29' title="bbox 1899 879 2723 950; baseline 0 -17"><span class='ocrx_word' id='word_1_167' title='bbox 1899 883 2009 949; x_wconf 87' lang='lat' dir='ltr'><strong><em>ipse</em></strong></span> <span class='ocrx_word' id='word_1_168' title='bbox 2036 879 2344 950; x_wconf 78' lang='lat' dir='ltr'><strong><em>subjiciatur</em></strong></span> <span class='ocrx_word' id='word_1_169' title='bbox 2377 881 2528 936; x_wconf 87' lang='lat' dir='ltr'><strong><em>Patri</em></strong></span> <span class='ocrx_word' id='word_1_170' title='bbox 2557 899 2672 936; x_wconf 90' lang='lat' dir='ltr'><strong><em>suo.</em></strong></span> <span class='ocrx_word' id='word_1_171' title='bbox 2704 901 2723 933; x_wconf 74' lang='grc' dir='ltr'><strong><em>ι</em></strong></span> 
     </span>
    </p>
   </div>
   <div class='ocr_carea' id='block_1_26' title="bbox 1829 949 3413 1020">
    <p class='ocr_par' dir='ltr' id='par_1_26' title="bbox 1829 949 3413 1020">
     <span class='ocr_line' id='line_1_30' title="bbox 1829 949 3413 1020; baseline 0.001 -16"><span class='ocrx_word' id='word_1_172' title='bbox 1829 949 1916 1006; x_wconf 78' lang='lat' dir='ltr'><strong><em>l6.</em></strong></span> <span class='ocrx_word' id='word_1_173' title='bbox 1945 951 2061 1016; x_wconf 90' lang='lat' dir='ltr'><strong><em>Quo</em></strong></span> <span class='ocrx_word' id='word_1_174' title='bbox 2093 949 2248 1005; x_wconf 80' lang='lat' dir='ltr'><strong><em>sensu</em></strong></span> <span class='ocrx_word' id='word_1_175' title='bbox 2280 953 2343 1004; x_wconf 93' lang='lat' dir='ltr'><strong><em>ab</em></strong></span> <span class='ocrx_word' id='word_1_176' title='bbox 2371 951 2624 1019; x_wconf 84' lang='lat' dir='ltr'><strong><em>Apostolo</em></strong></span> <span class='ocrx_word' id='word_1_177' title='bbox 2648 952 2848 1005; x_wconf 90' lang='lat' dir='ltr'><strong><em>dictum</em></strong></span> <span class='ocrx_word' id='word_1_178' title='bbox 2880 962 2980 1020; x_wconf 85' lang='lat' dir='ltr'><strong><em>est,</em></strong></span> <span class='ocrx_word' id='word_1_179' title='bbox 3017 971 3034 1004; x_wconf 82' lang='grc' dir='ltr'><strong><em>ι</em></strong></span> <span class='ocrx_word' id='word_1_180' title='bbox 3060 951 3228 1006; x_wconf 89' lang='lat' dir='ltr'><strong><em>Deum</em></strong></span> <span class='ocrx_word' id='word_1_181' title='bbox 3260 951 3413 1020; x_wconf 77' lang='lat' dir='ltr'><strong><em>futu-</em></strong></span> 
     </span>
    </p>
   </div>
   <div class='ocr_carea' id='block_1_27' title="bbox 1901 1022 2665 1076">
    <p class='ocr_par' dir='ltr' id='par_1_27' title="bbox 1901 1022 2665 1076">
     <span class='ocr_line' id='line_1_31' title="bbox 1901 1022 2665 1076; baseline 0 -2"><span class='ocrx_word' id='word_1_182' title='bbox 1901 1037 2020 1074; x_wconf 87' lang='lat' dir='ltr'><strong><em>rum</em></strong></span> <span class='ocrx_word' id='word_1_183' title='bbox 2049 1023 2226 1075; x_wconf 90' lang='lat' dir='ltr'><strong><em>omnia</em></strong></span> <span class='ocrx_word' id='word_1_184' title='bbox 2267 1023 2320 1074; x_wconf 90' lang='lat' dir='ltr'><strong><em>in</em></strong></span> <span class='ocrx_word' id='word_1_185' title='bbox 2357 1022 2620 1076; x_wconf 88' lang='lat' dir='ltr'><strong><em>omnibus.</em></strong></span> <span class='ocrx_word' id='word_1_186' title='bbox 2647 1041 2665 1074; x_wconf 72' lang='grc' dir='ltr'><strong><em>ι</em></strong></span> 
     </span>
    </p>
   </div>
   <div class='ocr_carea' id='block_1_28' title="bbox 1830 1090 3413 1161">
    <p class='ocr_par' dir='ltr' id='par_1_28' title="bbox 1830 1090 3413 1161">
     <span class='ocr_line' id='line_1_32' title="bbox 1830 1090 3413 1161; baseline 0.001 -16"><span class='ocrx_word' id='word_1_187' title='bbox 1830 1090 1928 1161; x_wconf 73' lang='lat' dir='ltr'><strong><em>i7.</em></strong></span> <span class='ocrx_word' id='word_1_188' title='bbox 1955 1091 2107 1156; x_wconf 90' lang='lat' dir='ltr'><strong><em>Quod</em></strong></span> <span class='ocrx_word' id='word_1_189' title='bbox 2154 1107 2323 1146; x_wconf 69' lang='lat' dir='ltr'><strong><em>sacra:</em></strong></span> <span class='ocrx_word' id='word_1_190' title='bbox 2355 1091 2646 1159; x_wconf 66' lang='lat' dir='ltr'><strong><em>Scriptura:</em></strong></span> <span class='ocrx_word' id='word_1_191' title='bbox 2673 1092 2738 1146; x_wconf 86' lang='lat' dir='ltr'><strong><em>de</em></strong></span> <span class='ocrx_word' id='word_1_192' title='bbox 2778 1091 3221 1146; x_wconf 80' lang='lat' dir='ltr'><strong><em>indeterminabili</em></strong></span> <span class='ocrx_word' id='word_1_193' title='bbox 3254 1108 3413 1161; x_wconf 88' lang='lat' dir='ltr'><strong><em>regno</em></strong></span> 
     </span>
    </p>
   </div>
   <div class='ocr_carea' id='block_1_29' title="bbox 1901 1160 3413 1230">
    <p class='ocr_par' dir='ltr' id='par_1_29' title="bbox 1901 1160 3413 1230">
     <span class='ocr_line' id='line_1_33' title="bbox 1901 1160 3413 1230; baseline -0.001 -14"><span class='ocrx_word' id='word_1_194' title='bbox 1901 1160 2196 1216; x_wconf 85' lang='lat' dir='ltr'><strong><em>Servatoris</em></strong></span> <span class='ocrx_word' id='word_1_195' title='bbox 2226 1163 2398 1216; x_wconf 88' lang='lat' dir='ltr'><strong><em>nostri</em></strong></span> <span class='ocrx_word' id='word_1_196' title='bbox 2425 1163 2722 1216; x_wconf 74' lang='lat' dir='ltr'><strong><em>doctrinam</em></strong></span> <span class='ocrx_word' id='word_1_197' title='bbox 2754 1172 3134 1230; x_wconf 66' lang='lat' dir='ltr'><strong><em>repraesentant</em></strong></span> <span class='ocrx_word' id='word_1_198' title='bbox 3159 1179 3178 1216; x_wconf 91' lang='lat'><strong><em>:</em></strong></span> <span class='ocrx_word' id='word_1_199' title='bbox 3197 1173 3245 1215; x_wconf 90' lang='lat' dir='ltr'><strong><em>et</em></strong></span> <span class='ocrx_word' id='word_1_200' title='bbox 3271 1160 3413 1230; x_wconf 89' lang='lat' dir='ltr'><strong><em>quod</em></strong></span> 
     </span>
    </p>
   </div>
   <div class='ocr_carea' id='block_1_30' title="bbox 1901 1231 3413 1301">
    <p class='ocr_par' dir='ltr' id='par_1_30' title="bbox 1901 1231 3413 1301">
     <span class='ocr_line' id='line_1_34' title="bbox 1901 1231 3413 1301; baseline -0.001 -15"><span class='ocrx_word' id='word_1_201' title='bbox 1901 1231 2187 1286; x_wconf 80' lang='lat' dir='ltr'><strong><em>Marcellus</em></strong></span> <span class='ocrx_word' id='word_1_202' title='bbox 2216 1232 2470 1301; x_wconf 80' lang='lat' dir='ltr'><strong><em>perfricta</em></strong></span> <span class='ocrx_word' id='word_1_203' title='bbox 2499 1234 2673 1300; x_wconf 76' lang='lat' dir='ltr'><strong><em>fronte</em></strong></span> <span class='ocrx_word' id='word_1_204' title='bbox 2707 1243 2972 1287; x_wconf 73' lang='lat' dir='ltr'><strong><em>asseverat</em></strong></span> <span class='ocrx_word' id='word_1_205' title='bbox 3005 1233 3314 1287; x_wconf 82' lang='lat' dir='ltr'><strong><em>habiturum</em></strong></span> <span class='ocrx_word' id='word_1_206' title='bbox 3343 1231 3413 1301; x_wconf 74' lang='lat' dir='ltr'><strong><em>ﬁ-</em></strong></span> 
     </span>
    </p>
   </div>
   <div class='ocr_carea' id='block_1_31' title="bbox 1901 1304 2430 1371">
    <p class='ocr_par' dir='ltr' id='par_1_31' title="bbox 1901 1304 2430 1371">
     <span class='ocr_line' id='line_1_35' title="bbox 1901 1304 2430 1371; baseline 0.002 -16"><span class='ocrx_word' id='word_1_207' title='bbox 1901 1318 2018 1356; x_wconf 89' lang='lat' dir='ltr'><strong><em>nem</em></strong></span> <span class='ocrx_word' id='word_1_208' title='bbox 2040 1304 2153 1364; x_wconf 83' lang='lat' dir='ltr'><strong><em>eius</em></strong></span> <span class='ocrx_word' id='word_1_209' title='bbox 2189 1319 2430 1371; x_wconf 80' lang='lat' dir='ltr'><strong><em>regnum.</em></strong></span> 
     </span>
    </p>
   </div>
   <div class='ocr_carea' id='block_1_32' title="bbox 1831 1371 3412 1443">
    <p class='ocr_par' dir='ltr' id='par_1_32' title="bbox 1831 1371 3412 1443">
     <span class='ocr_line' id='line_1_36' title="bbox 1831 1371 3412 1443; baseline 0.001 -17"><span class='ocrx_word' id='word_1_210' title='bbox 1831 1371 1918 1426; x_wconf 76' lang='lat' dir='ltr'><strong><em>l8.</em></strong></span> <span class='ocrx_word' id='word_1_211' title='bbox 1949 1371 2066 1436; x_wconf 87' lang='lat' dir='ltr'><strong><em>Quo</em></strong></span> <span class='ocrx_word' id='word_1_212' title='bbox 2090 1389 2244 1427; x_wconf 84' lang='lat' dir='ltr'><strong><em>sensu</em></strong></span> <span class='ocrx_word' id='word_1_213' title='bbox 2284 1375 2340 1426; x_wconf 90' lang='lat' dir='ltr'><strong><em>in</em></strong></span> <span class='ocrx_word' id='word_1_214' title='bbox 2389 1388 2546 1443; x_wconf 88' lang='lat' dir='ltr'><strong><em>regno</em></strong></span> <span class='ocrx_word' id='word_1_215' title='bbox 2575 1371 2705 1426; x_wconf 82' lang='lat' dir='ltr'><strong><em>Filii</em></strong></span> <span class='ocrx_word' id='word_1_216' title='bbox 2741 1388 2904 1425; x_wconf 87' lang='lat' dir='ltr'><strong><em>unum</em></strong></span> <span class='ocrx_word' id='word_1_217' title='bbox 2933 1373 3058 1443; x_wconf 80' lang='lat' dir='ltr'><strong><em>ﬁent</em></strong></span> <span class='ocrx_word' id='word_1_218' title='bbox 3089 1388 3268 1426; x_wconf 90' lang='lat' dir='ltr'><strong><em>omnes</em></strong></span> <span class='ocrx_word' id='word_1_219' title='bbox 3318 1373 3412 1442; x_wconf 91' lang='lat' dir='ltr'><strong><em>qui</em></strong></span> 
     </span>
    </p>
   </div>
   <div class='ocr_carea' id='block_1_33' title="bbox 1901 1442 3092 1512">
    <p class='ocr_par' dir='ltr' id='par_1_33' title="bbox 1901 1442 3092 1512">
     <span class='ocr_line' id='line_1_37' title="bbox 1901 1442 3092 1512; baseline 0.003 -18"><span class='ocrx_word' id='word_1_220' title='bbox 1901 1452 2026 1496; x_wconf 88' lang='lat' dir='ltr'><strong><em>tunc</em></strong></span> <span class='ocrx_word' id='word_1_221' title='bbox 2051 1443 2372 1498; x_wconf 72' lang='lat' dir='ltr'><strong><em>beatitudine</em></strong></span> <span class='ocrx_word' id='word_1_222' title='bbox 2405 1442 2504 1496; x_wconf 88' lang='lat' dir='ltr'><strong><em>illa</em></strong></span> <span class='ocrx_word' id='word_1_223' title='bbox 2540 1454 2693 1497; x_wconf 86' lang='lat' dir='ltr'><strong><em>erant</em></strong></span> <span class='ocrx_word' id='word_1_224' title='bbox 2727 1443 2875 1512; x_wconf 86' lang='lat' dir='ltr'><strong><em>digni</em></strong></span> <span class='ocrx_word' id='word_1_225' title='bbox 2905 1442 3092 1497; x_wconf 83' lang='lat' dir='ltr'><strong><em>habiti.</em></strong></span> 
     </span>
    </p>
   </div>
   <div class='ocr_carea' id='block_1_34' title="bbox 1831 1571 3410 1646">
    <p class='ocr_par' dir='ltr' id='par_1_34' title="bbox 1831 1571 3410 1646">
     <span class='ocr_line' id='line_1_38' title="bbox 1831 1571 3410 1646; baseline 0.002 -19"><span class='ocrx_word' id='word_1_226' title='bbox 1831 1571 1919 1646; x_wconf 73' lang='grc'><strong><em>19.</em></strong></span> <span class='ocrx_word' id='word_1_227' title='bbox 1947 1575 2102 1640; x_wconf 83' lang='lat' dir='ltr'><strong><em>Quod</em></strong></span> <span class='ocrx_word' id='word_1_228' title='bbox 2131 1575 2574 1646; x_wconf 85' lang='lat' dir='ltr'><strong><em>quemadmodum</em></strong></span> <span class='ocrx_word' id='word_1_229' title='bbox 2611 1576 2769 1630; x_wconf 85' lang='lat' dir='ltr'><strong><em>Pater</em></strong></span> <span class='ocrx_word' id='word_1_230' title='bbox 2796 1587 2846 1630; x_wconf 90' lang='lat' dir='ltr'><strong><em>et</em></strong></span> <span class='ocrx_word' id='word_1_231' title='bbox 2882 1574 3054 1630; x_wconf 84' lang='lat' dir='ltr'><strong><em>Filius</em></strong></span> <span class='ocrx_word' id='word_1_232' title='bbox 3078 1593 3242 1631; x_wconf 89' lang='lat' dir='ltr'><strong><em>unum</em></strong></span> <span class='ocrx_word' id='word_1_233' title='bbox 3267 1586 3410 1642; x_wconf 88' lang='lat' dir='ltr'><strong><em>sunt,</em></strong></span> 
     </span>
    </p>
   </div>
   <div class='ocr_carea' id='block_1_35' title="bbox 1902 1645 3168 1717">
    <p class='ocr_par' dir='ltr' id='par_1_35' title="bbox 1902 1645 3168 1717">
     <span class='ocr_line' id='line_1_39' title="bbox 1902 1645 3168 1717; baseline 0.003 -20"><span class='ocrx_word' id='word_1_234' title='bbox 1902 1645 1988 1717; x_wconf 92' lang='lat' dir='ltr'><strong><em>ita_</em></strong></span> <span class='ocrx_word' id='word_1_235' title='bbox 2005 1645 2208 1717; x_wconf 84' lang='lat' dir='ltr'><strong><em>quoque</em></strong></span> <span class='ocrx_word' id='word_1_236' title='bbox 2240 1647 2411 1717; x_wconf 77' lang='lat' dir='ltr'><strong><em>sancti</em></strong></span> <span class='ocrx_word' id='word_1_237' title='bbox 2439 1664 2615 1701; x_wconf 89' lang='lat' dir='ltr'><strong><em>omnes</em></strong></span> <span class='ocrx_word' id='word_1_238' title='bbox 2638 1647 2808 1717; x_wconf 84' lang='lat' dir='ltr'><strong><em>futuri</em></strong></span> <span class='ocrx_word' id='word_1_239' title='bbox 2836 1657 2955 1700; x_wconf 89' lang='lat' dir='ltr'><strong><em>sunt</em></strong></span> <span class='ocrx_word' id='word_1_240' title='bbox 2977 1664 3168 1717; x_wconf 67' lang='lat' dir='ltr'><strong><em>unum.</em></strong></span> 
     </span>
    </p>
   </div>
   <div class='ocr_carea' id='block_1_36' title="bbox 133 1713 1720 1812">
    <p class='ocr_par' dir='ltr' id='par_1_36' title="bbox 133 1713 1720 1812">
     <span class='ocr_line' id='line_1_40' title="bbox 133 1713 1720 1812; baseline 0.003 -45"><span class='ocrx_word' id='word_1_241' title='bbox 133 1715 556 1812; x_wconf 48' lang='lat' dir='ltr'><strong><em>Z&#39;.r:0ﬂ‘(i)cnd</em></strong></span> <span class='ocrx_word' id='word_1_242' title='bbox 597 1718 805 1812; x_wconf 46' lang='lat' dir='ltr'><strong><em>Hat‘hpl</em></strong></span> <span class='ocrx_word' id='word_1_243' title='bbox 838 1720 908 1773; x_wconf 86' lang='grc' dir='ltr'><strong><em>ἐν</em></strong></span> <span class='ocrx_word' id='word_1_244' title='bbox 941 1713 1183 1812; x_wconf 32' lang='lat' dir='ltr'><strong><em>fﬁrth</em></strong></span> <span class='ocrx_word' id='word_1_245' title='bbox 1231 1723 1328 1804; x_wconf 60' lang='lat' dir='ltr'><strong><em>x92</em></strong></span> <span class='ocrx_word' id='word_1_246' title='bbox 1372 1713 1506 1786; x_wconf 69' lang='grc' dir='ltr'><em>Υἱὸς</em></span> <span class='ocrx_word' id='word_1_247' title='bbox 1535 1721 1612 1812; x_wconf 59' lang='grc' dir='ltr'><strong><em>ἐν</em></strong></span> <span class='ocrx_word' id='word_1_248' title='bbox 1647 1717 1720 1783; x_wconf 84' lang='grc' dir='ltr'><em>τῷ</em></span> 
     </span>
    </p>
   </div>
   <div class='ocr_carea' id='block_1_37' title="bbox 1837 1713 3416 1812">
    <p class='ocr_par' dir='ltr' id='par_1_37' title="bbox 1837 1713 3416 1812">
     <span class='ocr_line' id='line_1_41' title="bbox 1837 1713 3416 1812; baseline 0.003 -45"><span class='ocrx_word' id='word_1_249' title='bbox 1837 1713 1920 1767; x_wconf 72' lang='grc' dir='ltr'><strong><em>ΞΟ.</em></strong></span> <span class='ocrx_word' id='word_1_250' title='bbox 1954 1713 2108 1798; x_wconf 81' lang='lat' dir='ltr'><strong><em>Quod</em></strong></span> <span class='ocrx_word' id='word_1_251' title='bbox 2121 1713 2274 1812; x_wconf 66' lang='lat' dir='ltr'><strong><em>sicut</em></strong></span> <span class='ocrx_word' id='word_1_252' title='bbox 2303 1716 2571 1798; x_wconf 40' lang='lat' dir='ltr'><strong><em>Pater.est</em></strong></span> <span class='ocrx_word' id='word_1_253' title='bbox 2605 1713 2935 1812; x_wconf 27' lang='lat' dir='ltr'><strong><em>infitiante!</em></strong></span> <span class='ocrx_word' id='word_1_254' title='bbox 2966 1715 3141 1772; x_wconf 88' lang='lat' dir='ltr'><strong><em>Filius</em></strong></span> <span class='ocrx_word' id='word_1_255' title='bbox 3162 1717 3219 1772; x_wconf 91' lang='lat' dir='ltr'><strong><em>in</em></strong></span> <span class='ocrx_word' id='word_1_256' title='bbox 3250 1714 3416 1772; x_wconf 86' lang='lat' dir='ltr'><strong><em>Patre</em></strong></span> 
     </span>
    </p>
   </div>
   <div class='ocr_carea' id='block_1_38' title="bbox 203 1785 1722 1859">
    <p class='ocr_par' dir='ltr' id='par_1_38' title="bbox 203 1785 1722 1859">
     <span class='ocr_line' id='line_1_42' title="bbox 203 1785 1722 1859; baseline 0.002 -22"><span class='ocrx_word' id='word_1_257' title='bbox 203 1785 408 1859; x_wconf 75' lang='grc' dir='ltr'><em>Πατρὶ,</em></span> <span class='ocrx_word' id='word_1_258' title='bbox 445 1788 600 1859; x_wconf 84' lang='grc' dir='ltr'><em>οὕτω</em></span> <span class='ocrx_word' id='word_1_259' title='bbox 635 1785 846 1844; x_wconf 26' lang='grc' dir='ltr'><em>καὶήέν</em></span> <span class='ocrx_word' id='word_1_260' title='bbox 873 1789 999 1855; x_wconf 84' lang='grc' dir='ltr'><em>τοῖς</em></span> <span class='ocrx_word' id='word_1_261' title='bbox 1029 1785 1218 1859; x_wconf 79' lang='grc' dir='ltr'><em>ἁγίοις</em></span> <span class='ocrx_word' id='word_1_262' title='bbox 1255 1785 1493 1845; x_wconf 79' lang='grc' dir='ltr'><em>ἅπασιν</em></span> <span class='ocrx_word' id='word_1_263' title='bbox 1527 1789 1722 1842; x_wconf 75' lang='grc' dir='ltr'><em>ἔσται.</em></span> 
     </span>
    </p>
   </div>
   <div class='ocr_carea' id='block_1_39' title="bbox 133 1857 1729 1930">
    <p class='ocr_par' dir='ltr' id='par_1_39' title="bbox 133 1857 1729 1930">
     <span class='ocr_line' id='line_1_43' title="bbox 133 1857 1729 1930; baseline 0 -19"><span class='ocrx_word' id='word_1_264' title='bbox 133 1857 609 1930; x_wconf 44' lang='grc' dir='ltr'><em>κακβοπωςχρὴ</em></span> <span class='ocrx_word' id='word_1_265' title='bbox 638 1859 802 1913; x_wconf 83' lang='grc' dir='ltr'><em>νοεῖν</em></span> <span class='ocrx_word' id='word_1_266' title='bbox 828 1859 915 1924; x_wconf 86' lang='grc' dir='ltr'><em>τὸ,</em></span> <span class='ocrx_word' id='word_1_267' title='bbox 940 1879 958 1911; x_wconf 74' lang='grc' dir='ltr'><strong><em>ι</em></strong></span> <span class='ocrx_word' id='word_1_268' title='bbox 981 1861 1047 1914; x_wconf 83' lang='lat'><strong><em>&#39;0</em></strong></span> <span class='ocrx_word' id='word_1_269' title='bbox 1073 1857 1344 1928; x_wconf 78' lang='grc' dir='ltr'><em>ἑωρακὼς</em></span> <span class='ocrx_word' id='word_1_270' title='bbox 1372 1859 1478 1930; x_wconf 80' lang='grc' dir='ltr'><em>ἐμὲ</em></span> <span class='ocrx_word' id='word_1_271' title='bbox 1507 1859 1729 1930; x_wconf 79' lang='grc' dir='ltr'><em>ἑώρακε</em></span> 
     </span>
    </p>
   </div>
   <div class='ocr_carea' id='block_1_40' title="bbox 207 1924 630 1995">
    <p class='ocr_par' dir='ltr' id='par_1_40' title="bbox 207 1924 630 1995">
     <span class='ocr_line' id='line_1_44' title="bbox 207 1924 630 1995; baseline -0.002 -14"><span class='ocrx_word' id='word_1_272' title='bbox 207 1924 314 1981; x_wconf 84' lang='grc' dir='ltr'><em>τὸν</em></span> <span class='ocrx_word' id='word_1_273' title='bbox 337 1924 586 1995; x_wconf 60' lang='grc' dir='ltr'><em>Πατέρα</em></span> <span class='ocrx_word' id='word_1_274' title='bbox 599 1924 630 1980; x_wconf 59' lang='grc'><strong><em>“›</em></strong></span> 
     </span>
    </p>
   </div>
   <div class='ocr_carea' id='block_1_41' title="bbox 793 2177 1072 2228">
    <p class='ocr_par' dir='ltr' id='par_1_41' title="bbox 793 2177 1072 2228">
     <span class='ocr_line' id='line_1_45' title="bbox 793 2177 1072 2228; baseline 0 0"><span class='ocrx_word' id='word_1_275' title='bbox 793 2177 949 2228; x_wconf 79' lang='grc' dir='ltr'><strong><em>ΚΕΦ.</em></strong></span> <span class='ocrx_word' id='word_1_276' title='bbox 993 2177 1072 2228; x_wconf 71' lang='grc' dir='ltr'><strong><em>Αν.</em></strong></span> 
     </span>
    </p>
   </div>
   <div class='ocr_carea' id='block_1_42' title="bbox 145 2264 1727 2336">
    <p class='ocr_par' dir='ltr' id='par_1_42' title="bbox 145 2264 1727 2336">
     <span class='ocr_line' id='line_1_46' title="bbox 145 2264 1727 2336; baseline 0.003 -19"><span class='ocrx_word' id='word_1_277' title='bbox 145 2264 247 2332; x_wconf 82' lang='grc' dir='ltr'><em>Ὠς</em></span> <span class='ocrx_word' id='word_1_278' title='bbox 299 2265 676 2336; x_wconf 83' lang='grc' dir='ltr'><em>διαστρόφως</em></span> <span class='ocrx_word' id='word_1_279' title='bbox 718 2266 1073 2334; x_wconf 84' lang='grc' dir='ltr'><em>Μάρκελλος</em></span> <span class='ocrx_word' id='word_1_280' title='bbox 1117 2269 1224 2333; x_wconf 83' lang='grc' dir='ltr'><strong><em>τὰς</em></strong></span> <span class='ocrx_word' id='word_1_281' title='bbox 1273 2266 1437 2333; x_wconf 87' lang='grc' dir='ltr'><em>θείας</em></span> <span class='ocrx_word' id='word_1_282' title='bbox 1483 2267 1727 2336; x_wconf 83' lang='grc' dir='ltr'><em>Γραφὰς</em></span> 
     </span>
    </p>
   </div>
   <div class='ocr_carea' id='block_1_43' title="bbox 606 2336 1263 2406">
    <p class='ocr_par' dir='ltr' id='par_1_43' title="bbox 606 2336 1263 2406">
     <span class='ocr_line' id='line_1_47' title="bbox 606 2336 1263 2406; baseline -0.003 -13"><span class='ocrx_word' id='word_1_283' title='bbox 606 2391 608 2393; x_wconf 73' lang='lat'><strong><em>.</em></strong></span> <span class='ocrx_word' id='word_1_284' title='bbox 623 2336 977 2406; x_wconf 79' lang='grc' dir='ltr'><em>ἑρμηνεύειν</em></span> <span class='ocrx_word' id='word_1_285' title='bbox 1016 2336 1263 2406; x_wconf 84' lang='grc' dir='ltr'><em>ἐτόλμα.</em></span> 
     </span>
    </p>
   </div>
   <div class='ocr_carea' id='block_1_44' title="bbox 219 2421 1727 2501">
    <p class='ocr_par' dir='ltr' id='par_1_44' title="bbox 219 2421 1727 2501">
     <span class='ocr_line' id='line_1_48' title="bbox 219 2421 1727 2501; baseline -0.001 -20"><span class='ocrx_word' id='word_1_286' title='bbox 219 2428 280 2481; x_wconf 90' lang='lat'><strong><em>&#39;0</em></strong></span> <span class='ocrx_word' id='word_1_287' title='bbox 311 2428 412 2499; x_wconf 83' lang='grc' dir='ltr'><em>μὲν</em></span> <span class='ocrx_word' id='word_1_288' title='bbox 444 2421 536 2481; x_wconf 80' lang='grc' dir='ltr'><em>οὖν</em></span> <span class='ocrx_word' id='word_1_289' title='bbox 573 2428 746 2499; x_wconf 83' lang='grc' dir='ltr'><em>μέγας</em></span> <span class='ocrx_word' id='word_1_290' title='bbox 775 2428 1165 2500; x_wconf 81' lang='grc' dir='ltr'><em>εὐαγγελιστὴς</em></span> <span class='ocrx_word' id='word_1_291' title='bbox 1207 2429 1460 2501; x_wconf 82' lang='grc' dir='ltr'><em>Ἰωάννης</em></span> <span class='ocrx_word' id='word_1_292' title='bbox 1505 2427 1602 2500; x_wconf 80' lang='grc' dir='ltr'><em>τὴν</em></span> <span class='ocrx_word' id='word_1_293' title='bbox 1633 2427 1727 2481; x_wconf 75' lang='grc' dir='ltr'><strong><em>τοῦ</em></strong></span> 
     </span>
    </p>
   </div>
   <div class='ocr_carea' id='block_1_45' title="bbox 129 2521 1731 2594">
    <p class='ocr_par' dir='ltr' id='par_1_45' title="bbox 129 2521 1731 2594">
     <span class='ocr_line' id='line_1_49' title="bbox 129 2521 1731 2594; baseline 0 -16"><span class='ocrx_word' id='word_1_294' title='bbox 129 2522 390 2593; x_wconf 80' lang='grc' dir='ltr'><em>Σωτῆρος</em></span> <span class='ocrx_word' id='word_1_295' title='bbox 421 2521 576 2593; x_wconf 82' lang='grc' dir='ltr'><em>ἡμῶν</em></span> <span class='ocrx_word' id='word_1_296' title='bbox 604 2521 882 2591; x_wconf 83' lang='grc' dir='ltr'><em>θεολογίαν</em></span> <span class='ocrx_word' id='word_1_297' title='bbox 912 2523 1004 2576; x_wconf 84' lang='grc' dir='ltr'><em>τὸν</em></span> <span class='ocrx_word' id='word_1_298' title='bbox 1031 2522 1362 2578; x_wconf 83' lang='grc' dir='ltr'><em>ἀποδοθέντα</em></span> <span class='ocrx_word' id='word_1_299' title='bbox 1392 2523 1594 2594; x_wconf 79' lang='grc' dir='ltr'><strong><em>τρόπον</em></strong></span> <span class='ocrx_word' id='word_1_300' title='bbox 1617 2523 1731 2578; x_wconf 85' lang='grc' dir='ltr'><em>δια-</em></span> 
     </span>
    </p>
   </div>
   <div class='ocr_carea' id='block_1_46' title="bbox 131 2613 1733 2687">
    <p class='ocr_par' dir='ltr' id='par_1_46' title="bbox 131 2613 1733 2687">
     <span class='ocr_line' id='line_1_50' title="bbox 131 2613 1733 2687; baseline 0.001 -21"><span class='ocrx_word' id='word_1_301' title='bbox 131 2615 320 2685; x_wconf 72' lang='grc' dir='ltr'><em>φόρως</em></span> <span class='ocrx_word' id='word_1_302' title='bbox 347 2613 748 2685; x_wconf 80' lang='grc' dir='ltr'><em>εὐηγγελίζετο.</em></span> <span class='ocrx_word' id='word_1_303' title='bbox 798 2614 1119 2685; x_wconf 80' lang='grc' dir='ltr'><em>Μάρκελλος</em></span> <span class='ocrx_word' id='word_1_304' title='bbox 1154 2615 1198 2668; x_wconf 88' lang='grc' dir='ltr'><em>δ’</em></span> <span class='ocrx_word' id='word_1_305' title='bbox 1225 2616 1374 2678; x_wconf 83' lang='grc' dir='ltr'><em>ὅπως</em></span> <span class='ocrx_word' id='word_1_306' title='bbox 1407 2615 1610 2686; x_wconf 85' lang='grc' dir='ltr'><em>ταύτην</em></span> <span class='ocrx_word' id='word_1_307' title='bbox 1637 2617 1733 2687; x_wconf 80' lang='grc' dir='ltr'><em>ἀρ-</em></span> 
     </span>
    </p>
   </div>
   <div class='ocr_carea' id='block_1_47' title="bbox 129 2705 1730 2777">
    <p class='ocr_par' dir='ltr' id='par_1_47' title="bbox 129 2705 1730 2777">
     <span class='ocr_line' id='line_1_51' title="bbox 129 2705 1730 2777; baseline 0 -20"><span class='ocrx_word' id='word_1_308' title='bbox 129 2706 442 2776; x_wconf 82' lang='grc' dir='ltr'><em>νησάμενος</em></span> <span class='ocrx_word' id='word_1_309' title='bbox 485 2706 577 2758; x_wconf 72' lang='grc' dir='ltr'><em>ἐπὶ</em></span> <span class='ocrx_word' id='word_1_310' title='bbox 623 2706 722 2777; x_wconf 78' lang='grc' dir='ltr'><em>τὴν</em></span> <span class='ocrx_word' id='word_1_311' title='bbox 768 2706 1066 2777; x_wconf 81' lang='grc' dir='ltr'><em>Ἰουδαῖκὴν</em></span> <span class='ocrx_word' id='word_1_312' title='bbox 1122 2705 1406 2770; x_wconf 78' lang='grc' dir='ltr'><em>ἐξώκειλεν</em></span> <span class='ocrx_word' id='word_1_313' title='bbox 1452 2705 1730 2769; x_wconf 81' lang='grc' dir='ltr'><em>ἀπιστίαν,</em></span> 
     </span>
    </p>
   </div>
   <div class='ocr_carea' id='block_1_48' title="bbox 128 2792 1734 2869">
    <p class='ocr_par' dir='ltr' id='par_1_48' title="bbox 128 2792 1734 2869">
     <span class='ocr_line' id='line_1_52' title="bbox 128 2792 1734 2869; baseline -0.001 -18"><span class='ocrx_word' id='word_1_314' title='bbox 128 2797 430 2869; x_wconf 78' lang='grc' dir='ltr'><em>δεδήλωται</em></span> <span class='ocrx_word' id='word_1_315' title='bbox 468 2797 579 2868; x_wconf 81' lang='grc'><strong><em>(5-1)</em></strong></span> <span class='ocrx_word' id='word_1_316' title='bbox 613 2798 680 2850; x_wconf 86' lang='grc' dir='ltr'><em>δι’</em></span> <span class='ocrx_word' id='word_1_317' title='bbox 718 2792 793 2851; x_wconf 82' lang='grc' dir='ltr'><em>ὧν</em></span> <span class='ocrx_word' id='word_1_318' title='bbox 825 2797 1181 2868; x_wconf 81' lang='grc' dir='ltr'><em>ὲλήλεγκται·</em></span> <span class='ocrx_word' id='word_1_319' title='bbox 1235 2798 1312 2861; x_wconf 85' lang='grc' dir='ltr'><em>ὡς</em></span> <span class='ocrx_word' id='word_1_320' title='bbox 1359 2797 1418 2851; x_wconf 82' lang='grc' dir='ltr'><em>δὲ</em></span> <span class='ocrx_word' id='word_1_321' title='bbox 1477 2798 1568 2850; x_wconf 80' lang='grc' dir='ltr'><em>καὶ</em></span> <span class='ocrx_word' id='word_1_322' title='bbox 1624 2797 1734 2850; x_wconf 88' lang='grc' dir='ltr'><em>δια-</em></span> 
     </span>
    </p>
   </div>
   <div class='ocr_carea' id='block_1_49' title="bbox 131 2888 1733 2961">
    <p class='ocr_par' dir='ltr' id='par_1_49' title="bbox 131 2888 1733 2961">
     <span class='ocr_line' id='line_1_53' title="bbox 131 2888 1733 2961; baseline -0.001 -17"><span class='ocrx_word' id='word_1_323' title='bbox 131 2889 388 2960; x_wconf 78' lang='grc' dir='ltr'><em>στρόφως</em></span> <span class='ocrx_word' id='word_1_324' title='bbox 410 2888 508 2952; x_wconf 82' lang='grc' dir='ltr'><em>τὰς</em></span> <span class='ocrx_word' id='word_1_325' title='bbox 536 2889 973 2960; x_wconf 80' lang='grc' dir='ltr'><em>ὁμολογουμένας</em></span> <span class='ocrx_word' id='word_1_326' title='bbox 1000 2889 1092 2942; x_wconf 71' lang='grc' dir='ltr'><em>καὶ</em></span> <span class='ocrx_word' id='word_1_327' title='bbox 1127 2891 1319 2959; x_wconf 84' lang='grc' dir='ltr'><em>σαφεῖς</em></span> <span class='ocrx_word' id='word_1_328' title='bbox 1344 2889 1584 2961; x_wconf 75' lang='grc' dir='ltr'><em>περὶτοῦ</em></span> <span class='ocrx_word' id='word_1_329' title='bbox 1615 2890 1733 2942; x_wconf 69' lang='grc' dir='ltr'><strong><em>Σωο</em></strong></span> 
     </span>
    </p>
   </div>
   <div class='ocr_carea' id='block_1_50' title="bbox 130 2975 1720 3053">
    <p class='ocr_par' dir='ltr' id='par_1_50' title="bbox 130 2980 1720 3053">
     <span class='ocr_line' id='line_1_54' title="bbox 130 2980 1720 3053; baseline 0 -19"><span class='ocrx_word' id='word_1_330' title='bbox 130 2980 306 3051; x_wconf 80' lang='grc' dir='ltr'><em>τῆρος</em></span> <span class='ocrx_word' id='word_1_331' title='bbox 325 2983 358 3052; x_wconf 83' lang='grc' dir='ltr'><strong>ἡ</strong></span> <span class='ocrx_word' id='word_1_332' title='bbox 368 2981 484 3052; x_wconf 85' lang='grc' dir='ltr'><strong><em>μῶν</em></strong></span> <span class='ocrx_word' id='word_1_333' title='bbox 515 2997 662 3053; x_wconf 88' lang='grc' dir='ltr'><em>παρη</em></span> <span class='ocrx_word' id='word_1_334' title='bbox 674 2982 909 3053; x_wconf 85' lang='grc' dir='ltr'><em>ρμήνευε</em></span> <span class='ocrx_word' id='word_1_335' title='bbox 934 2981 1304 3045; x_wconf 81' lang='grc' dir='ltr'><em>διδασκαλίας,</em></span> <span class='ocrx_word' id='word_1_336' title='bbox 1338 2981 1528 3052; x_wconf 84' lang='grc' dir='ltr'><em>μάθοις</em></span> <span class='ocrx_word' id='word_1_337' title='bbox 1551 2981 1616 3034; x_wconf 86' lang='grc' dir='ltr'><em>ἂν</em></span> <span class='ocrx_word' id='word_1_338' title='bbox 1642 2984 1720 3034; x_wconf 79' lang='grc' dir='ltr'><em>κα¹</em></span> 
     </span>
    </p>
   </div>
   <div class='ocr_carea' id='block_1_51' title="bbox 1837 2975 3499 3053">
    <p class='ocr_par' dir='ltr' id='par_1_51' title="bbox 1839 2975 3499 3051">
     <span class='ocr_line' id='line_1_55' title="bbox 1839 2975 3499 3051; baseline 0.001 -20"><span class='ocrx_word' id='word_1_339' title='bbox 1839 2975 2133 3046; x_wconf 73' lang='lat' dir='ltr'><strong><em>Scriptura:</em></strong></span> <span class='ocrx_word' id='word_1_340' title='bbox 2171 2977 2497 3043; x_wconf 76' lang='lat' dir='ltr'><strong><em>doctrinam,</em></strong></span> <span class='ocrx_word' id='word_1_341' title='bbox 2545 2993 2671 3034; x_wconf 91' lang='lat' dir='ltr'><strong><em>cum</em></strong></span> <span class='ocrx_word' id='word_1_342' title='bbox 2697 2993 2728 3034; x_wconf 89' lang='lat' dir='ltr'><strong><em>e</em></strong></span> <span class='ocrx_word' id='word_1_343' title='bbox 2760 2977 2943 3034; x_wconf 86' lang='lat' dir='ltr'><strong><em>multis</em></strong></span> <span class='ocrx_word' id='word_1_344' title='bbox 2982 2979 3104 3036; x_wconf 87' lang='lat' dir='ltr'><strong><em>aliis</em></strong></span> <span class='ocrx_word' id='word_1_345' title='bbox 3127 2980 3295 3051; x_wconf 84' lang='lat' dir='ltr'><strong><em>ipsius</em></strong></span> <span class='ocrx_word' id='word_1_346' title='bbox 3329 2982 3415 3034; x_wconf 85' lang='lat' dir='ltr'><strong><em>iu-</em></strong></span> <span class='ocrx_word' id='word_1_347' title='bbox 3495 3010 3499 3016; x_wconf 66' lang='grc' dir='ltr'><strong><em>ι</em></strong></span> 
     </span>
    </p>
   </div>
   <div class='ocr_carea' id='block_1_52' title="bbox 130 3071 1733 3147">
    <p class='ocr_par' dir='ltr' id='par_1_52' title="bbox 130 3071 1733 3147">
     <span class='ocr_line' id='line_1_56' title="bbox 130 3071 1733 3147; baseline 0.003 -25"><span class='ocrx_word' id='word_1_348' title='bbox 130 3071 194 3137; x_wconf 82' lang='grc' dir='ltr'><em>ἐξ</em></span> <span class='ocrx_word' id='word_1_349' title='bbox 226 3071 430 3142; x_wconf 79' lang='grc' dir='ltr'><em>ἑτέρων</em></span> <span class='ocrx_word' id='word_1_350' title='bbox 465 3072 562 3143; x_wconf 81' lang='grc' dir='ltr'><em>μὲν</em></span> <span class='ocrx_word' id='word_1_351' title='bbox 585 3073 850 3126; x_wconf 75' lang='grc' dir='ltr'><em>πλείστων</em></span> <span class='ocrx_word' id='word_1_352' title='bbox 879 3073 1018 3125; x_wconf 84' lang='grc' dir='ltr'><em>ὅσων</em></span> <span class='ocrx_word' id='word_1_353' title='bbox 1039 3073 1204 3126; x_wconf 78' lang='grc' dir='ltr'><em>αὐτοῦ</em></span> <span class='ocrx_word' id='word_1_354' title='bbox 1239 3073 1566 3145; x_wconf 83' lang='grc' dir='ltr'><em>διηγήσεων,</em></span> <span class='ocrx_word' id='word_1_355' title='bbox 1590 3073 1733 3147; x_wconf 74' lang='grc' dir='ltr'><em>ἀτὰρ</em></span> 
     </span>
    </p>
   </div>
   <div class='ocr_carea' id='block_1_53' title="bbox 126 3164 1734 3238">
    <p class='ocr_par' dir='ltr' id='par_1_53' title="bbox 126 3164 1734 3238">
     <span class='ocr_line' id='line_1_57' title="bbox 126 3164 1734 3238; baseline 0.002 -20"><span class='ocrx_word' id='word_1_356' title='bbox 126 3164 200 3236; x_wconf 81' lang='grc' dir='ltr'><em>δὴ</em></span> <span class='ocrx_word' id='word_1_357' title='bbox 258 3166 354 3218; x_wconf 70' lang='grc' dir='ltr'><em>καὶ</em></span> <span class='ocrx_word' id='word_1_358' title='bbox 408 3167 474 3218; x_wconf 79' lang='grc' dir='ltr'><strong><em>ἐκ</em></strong></span> <span class='ocrx_word' id='word_1_359' title='bbox 518 3165 618 3236; x_wconf 79' lang='grc' dir='ltr'><em>τῆς</em></span> <span class='ocrx_word' id='word_1_360' title='bbox 676 3165 847 3229; x_wconf 73' lang='grc' dir='ltr'><em>οὕτως</em></span> <span class='ocrx_word' id='word_1_361' title='bbox 889 3165 1121 3236; x_wconf 78' lang='grc' dir='ltr'><em>ἐχούσης</em></span> <span class='ocrx_word' id='word_1_362' title='bbox 1151 3170 1210 3220; x_wconf 82' lang='grc' dir='ltr'><em>ὲν</em></span> <span class='ocrx_word' id='word_1_363' title='bbox 1264 3171 1377 3230; x_wconf 82' lang='grc' dir='ltr'><em>τοῖς</em></span> <span class='ocrx_word' id='word_1_364' title='bbox 1423 3166 1734 3238; x_wconf 86' lang='grc' dir='ltr'><em>Σολομῶνος</em></span> 
     </span>
    </p>
   </div>
   <div class='ocr_carea' id='block_1_54' title="bbox 130 3257 1734 3330">
    <p class='ocr_par' dir='ltr' id='par_1_54' title="bbox 130 3257 1734 3330">
     <span class='ocr_line' id='line_1_58' title="bbox 130 3257 1734 3330; baseline -0.001 -20"><span class='ocrx_word' id='word_1_365' title='bbox 130 3257 486 3329; x_wconf 80' lang='grc' dir='ltr'><em>Παροιμίαις.</em></span> <span class='ocrx_word' id='word_1_366' title='bbox 533 3257 824 3325; x_wconf 80' lang='grc' dir='ltr'><em>Εἰσάγεται</em></span> <span class='ocrx_word' id='word_1_367' title='bbox 852 3258 884 3328; x_wconf 77' lang='grc' dir='ltr'>ἡ</span> <span class='ocrx_word' id='word_1_368' title='bbox 918 3257 1089 3325; x_wconf 70' lang='grc' dir='ltr'><em>Σοφία</em></span> <span class='ocrx_word' id='word_1_369' title='bbox 1128 3257 1572 3328; x_wconf 79' lang='grc' dir='ltr'><em>αὐτοπροσὼπως</em></span> <span class='ocrx_word' id='word_1_370' title='bbox 1603 3257 1734 3330; x_wconf 77' lang='grc' dir='ltr'><em>περὶ</em></span> 
     </span>
    </p>
   </div>
   <div class='ocr_carea' id='block_1_55' title="bbox 129 3348 1731 3421">
    <p class='ocr_par' dir='ltr' id='par_1_55' title="bbox 129 3348 1731 3421">
     <span class='ocr_line' id='line_1_59' title="bbox 129 3348 1731 3421; baseline 0 -19"><span class='ocrx_word' id='word_1_371' title='bbox 129 3350 336 3421; x_wconf 77' lang='grc' dir='ltr'><em>ἑαυτῆς</em></span> <span class='ocrx_word' id='word_1_372' title='bbox 358 3349 530 3402; x_wconf 81' lang='grc' dir='ltr'><em>ταῦτα</em></span> <span class='ocrx_word' id='word_1_373' title='bbox 550 3348 928 3420; x_wconf 82' lang='grc' dir='ltr'><em>διεξερχομένη</em></span> <span class='ocrx_word' id='word_1_374' title='bbox 955 3348 1087 3420; x_wconf 70' lang='grc'>(52)·</span> <span class='ocrx_word' id='word_1_375' title='bbox 1116 3348 1263 3419; x_wconf 87' lang='grc' dir='ltr'><strong><em>Ἐγὼ</em></strong></span> <span class='ocrx_word' id='word_1_376' title='bbox 1296 3350 1335 3416; x_wconf 74' lang='grc' dir='ltr'>ἢ</span> <span class='ocrx_word' id='word_1_377' title='bbox 1372 3350 1560 3419; x_wconf 82' lang='grc' dir='ltr'><em>Σοφία</em></span> <span class='ocrx_word' id='word_1_378' title='bbox 1591 3365 1731 3403; x_wconf 89' lang='grc' dir='ltr'><em>κατ-</em></span> 
     </span>
    </p>
   </div>
   <div class='ocr_carea' id='block_1_56' title="bbox 132 3437 1733 3510">
    <p class='ocr_par' dir='ltr' id='par_1_56' title="bbox 132 3437 1733 3510">
     <span class='ocr_line' id='line_1_60' title="bbox 132 3437 1733 3510; baseline 0 -16"><span class='ocrx_word' id='word_1_379' title='bbox 132 3440 466 3508; x_wconf 81' lang='grc' dir='ltr'><em>εσκήνωσα</em></span> <span class='ocrx_word' id='word_1_380' title='bbox 491 3438 758 3508; x_wconf 79' lang='grc' dir='ltr'><em>βουλὴν,</em></span> <span class='ocrx_word' id='word_1_381' title='bbox 790 3439 889 3492; x_wconf 80' lang='grc' dir='ltr'><em>καὶ</em></span> <span class='ocrx_word' id='word_1_382' title='bbox 917 3438 1162 3510; x_wconf 83' lang='grc' dir='ltr'><em>γνῶσιν,</em></span> <span class='ocrx_word' id='word_1_383' title='bbox 1209 3440 1306 3493; x_wconf 81' lang='grc' dir='ltr'><em>καὶ</em></span> <span class='ocrx_word' id='word_1_384' title='bbox 1347 3441 1590 3494; x_wconf 78' lang='grc' dir='ltr'><em>ἔννοιαν</em></span> <span class='ocrx_word' id='word_1_385' title='bbox 1619 3437 1733 3510; x_wconf 77' lang='grc' dir='ltr'><em>ἐγὼ</em></span> 
     </span>
    </p>
   </div>
   <div class='ocr_carea' id='block_1_57' title="bbox 128 3533 1734 3603">
    <p class='ocr_par' dir='ltr' id='par_1_57' title="bbox 128 3533 1734 3603">
     <span class='ocr_line' id='line_1_61' title="bbox 128 3533 1734 3603; baseline 0 -17"><span class='ocrx_word' id='word_1_386' title='bbox 128 3533 621 3603; x_wconf 79' lang='grc' dir='ltr'><em>ἑπεκαλεσάμην.</em></span> <span class='ocrx_word' id='word_1_387' title='bbox 651 3533 838 3599; x_wconf 80' lang='grc' dir='ltr'><em>Φόϐος</em></span> <span class='ocrx_word' id='word_1_388' title='bbox 863 3533 1084 3600; x_wconf 85' lang='grc' dir='ltr'><em>Κυρίου</em></span> <span class='ocrx_word' id='word_1_389' title='bbox 1102 3533 1274 3602; x_wconf 89' lang='grc' dir='ltr'><em>μισεῖ</em></span> <span class='ocrx_word' id='word_1_390' title='bbox 1292 3533 1528 3598; x_wconf 87' lang='grc' dir='ltr'><em>κακίαν,</em></span> <span class='ocrx_word' id='word_1_391' title='bbox 1563 3533 1734 3600; x_wconf 82' lang='grc' dir='ltr'><em>ὓϐριν</em></span> 
     </span>
    </p>
   </div>
   <div class='ocr_carea' id='block_1_58' title="bbox 131 3623 1733 3694">
    <p class='ocr_par' dir='ltr' id='par_1_58' title="bbox 131 3623 1733 3694">
     <span class='ocr_line' id='line_1_62' title="bbox 131 3623 1733 3694; baseline 0.002 -20"><span class='ocrx_word' id='word_1_392' title='bbox 131 3639 203 3676; x_wconf 84' lang='grc' dir='ltr'><strong><em>τε</em></strong></span> <span class='ocrx_word' id='word_1_393' title='bbox 230 3624 330 3678; x_wconf 80' lang='grc' dir='ltr'><em>καὶ</em></span> <span class='ocrx_word' id='word_1_394' title='bbox 358 3625 799 3693; x_wconf 68' lang='grc' dir='ltr'><em>ὑπερηφανίαν,</em></span> <span class='ocrx_word' id='word_1_395' title='bbox 845 3623 944 3677; x_wconf 78' lang='grc' dir='ltr'><em>καὶ</em></span> <span class='ocrx_word' id='word_1_396' title='bbox 975 3625 1152 3688; x_wconf 79' lang='grc' dir='ltr'><em>ὀδοὺς</em></span> <span class='ocrx_word' id='word_1_397' title='bbox 1185 3625 1484 3694; x_wconf 75' lang='grc' dir='ltr'><em>πονηρῶν,</em></span> <span class='ocrx_word' id='word_1_398' title='bbox 1522 3625 1733 3694; x_wconf 86' lang='grc' dir='ltr'><em>ἐμίση-</em></span> 
     </span>
    </p>
   </div>
   <div class='ocr_carea' id='block_1_59' title="bbox 131 3713 1728 3786">
    <p class='ocr_par' dir='ltr' id='par_1_59' title="bbox 131 3713 1728 3786">
     <span class='ocr_line' id='line_1_63' title="bbox 131 3713 1728 3786; baseline -0.001 -18"><span class='ocrx_word' id='word_1_399' title='bbox 131 3729 224 3768; x_wconf 86' lang='grc' dir='ltr'><strong><em>σα</em></strong></span> <span class='ocrx_word' id='word_1_400' title='bbox 272 3713 342 3768; x_wconf 86' lang='grc' dir='ltr'><em>δὲ</em></span> <span class='ocrx_word' id='word_1_401' title='bbox 398 3714 512 3785; x_wconf 87' lang='grc' dir='ltr'><em>ἐγὼ</em></span> <span class='ocrx_word' id='word_1_402' title='bbox 561 3713 1035 3786; x_wconf 84' lang='grc' dir='ltr'><em>διεστραμμένας</em></span> <span class='ocrx_word' id='word_1_403' title='bbox 1091 3715 1269 3782; x_wconf 80' lang='grc' dir='ltr'><em>ὁδοὺς</em></span> <span class='ocrx_word' id='word_1_404' title='bbox 1322 3715 1540 3769; x_wconf 82' lang='grc' dir='ltr'><em>κακῶν.</em></span> <span class='ocrx_word' id='word_1_405' title='bbox 1590 3715 1728 3784; x_wconf 83' lang='grc' dir='ltr'><em>Ἐμὴ</em></span> 
     </span>
    </p>
   </div>
   <div class='ocr_carea' id='block_1_60' title="bbox 124 3806 1727 3877">
    <p class='ocr_par' dir='ltr' id='par_1_60' title="bbox 124 3806 1727 3877">
     <span class='ocr_line' id='line_1_64' title="bbox 124 3806 1727 3877; baseline 0 -17"><span class='ocrx_word' id='word_1_406' title='bbox 124 3807 338 3875; x_wconf 76' lang='grc' dir='ltr'><em>,ϐουλὴ</em></span> <span class='ocrx_word' id='word_1_407' title='bbox 363 3806 464 3860; x_wconf 86' lang='grc' dir='ltr'><em>καὶ</em></span> <span class='ocrx_word' id='word_1_408' title='bbox 486 3806 786 3877; x_wconf 84' lang='grc' dir='ltr'><em>ἀσφάλεια</em></span> <span class='ocrx_word' id='word_1_409' title='bbox 805 3824 818 3837; x_wconf 73' lang='grc' dir='ltr'><strong><em>ο</em></strong></span> <span class='ocrx_word' id='word_1_410' title='bbox 845 3806 957 3876; x_wconf 84' lang='grc' dir='ltr'><em>ἐμὴ</em></span> <span class='ocrx_word' id='word_1_411' title='bbox 988 3809 1260 3874; x_wconf 85' lang='grc' dir='ltr'><em>σύνεσις.</em></span> <span class='ocrx_word' id='word_1_412' title='bbox 1290 3806 1403 3877; x_wconf 80' lang='grc' dir='ltr'><em>ἐμὴ</em></span> <span class='ocrx_word' id='word_1_413' title='bbox 1438 3807 1506 3859; x_wconf 91' lang='grc' dir='ltr'><em>δὲ</em></span> <span class='ocrx_word' id='word_1_414' title='bbox 1529 3808 1727 3876; x_wconf 83' lang='grc' dir='ltr'><em>ἰσχύς.</em></span> 
     </span>
    </p>
   </div>
   <div class='ocr_carea' id='block_1_61' title="bbox 132 3895 1732 3967">
    <p class='ocr_par' dir='ltr' id='par_1_61' title="bbox 132 3895 1732 3967">
     <span class='ocr_line' id='line_1_65' title="bbox 132 3895 1732 3967; baseline -0.001 -18"><span class='ocrx_word' id='word_1_415' title='bbox 132 3897 218 3949; x_wconf 86' lang='grc' dir='ltr'><strong><em>Δι’</em></strong></span> <span class='ocrx_word' id='word_1_416' title='bbox 243 3897 392 3967; x_wconf 83' lang='grc' dir='ltr'><em>ἐμοῦ</em></span> <span class='ocrx_word' id='word_1_417' title='bbox 425 3897 712 3962; x_wconf 77' lang='grc' dir='ltr'><em>βασιλεῖς</em></span> <span class='ocrx_word' id='word_1_418' title='bbox 738 3896 1165 3960; x_wconf 74' lang='grc' dir='ltr'><em>βασιλεύουσι,</em></span> <span class='ocrx_word' id='word_1_419' title='bbox 1216 3895 1313 3948; x_wconf 79' lang='grc' dir='ltr'><em>καὶ</em></span> <span class='ocrx_word' id='word_1_420' title='bbox 1355 3899 1406 3948; x_wconf 77' lang='grc' dir='ltr'><em>οἱ</em></span> <span class='ocrx_word' id='word_1_421' title='bbox 1435 3895 1732 3949; x_wconf 81' lang='grc' dir='ltr'><em>δυνάσται</em></span> 
     </span>
    </p>
   </div>
   <div class='ocr_carea' id='block_1_62' title="bbox 134 3986 1734 4059">
    <p class='ocr_par' dir='ltr' id='par_1_62' title="bbox 134 3986 1734 4059">
     <span class='ocr_line' id='line_1_66' title="bbox 134 3986 1734 4059; baseline -0.002 -17"><span class='ocrx_word' id='word_1_422' title='bbox 134 3988 438 4059; x_wconf 62' lang='grc' dir='ltr'><em>’γράφουσι</em></span> <span class='ocrx_word' id='word_1_423' title='bbox 463 3989 874 4058; x_wconf 82' lang='grc' dir='ltr'><em>δικαιοσύνην.</em></span> <span class='ocrx_word' id='word_1_424' title='bbox 909 3991 987 4042; x_wconf 87' lang='grc' dir='ltr'><strong><em>Δι’</em></strong></span> <span class='ocrx_word' id='word_1_425' title='bbox 1011 3989 1158 4059; x_wconf 83' lang='grc' dir='ltr'><em>ἐμοῦ</em></span> <span class='ocrx_word' id='word_1_426' title='bbox 1175 3986 1534 4059; x_wconf 80' lang='grc' dir='ltr'><em>μεγιστᾶνες</em></span> <span class='ocrx_word' id='word_1_427' title='bbox 1553 4003 1734 4057; x_wconf 89' lang='grc' dir='ltr'><em>μεγα-</em></span> 
     </span>
    </p>
   </div>
   <div class='ocr_carea' id='block_1_63' title="bbox 131 4076 1727 4150">
    <p class='ocr_par' dir='ltr' id='par_1_63' title="bbox 131 4076 1727 4150">
     <span class='ocr_line' id='line_1_67' title="bbox 131 4076 1727 4150; baseline -0.001 -17"><span class='ocrx_word' id='word_1_428' title='bbox 131 4080 448 4143; x_wconf 84' lang='grc' dir='ltr'><em>λύνονται,</em></span> <span class='ocrx_word' id='word_1_429' title='bbox 488 4079 589 4135; x_wconf 77' lang='grc' dir='ltr'><em>καὶ</em></span> <span class='ocrx_word' id='word_1_430' title='bbox 630 4081 911 4150; x_wconf 87' lang='grc' dir='ltr'><em>τύραννοι</em></span> <span class='ocrx_word' id='word_1_431' title='bbox 956 4079 1029 4132; x_wconf 87' lang='grc' dir='ltr'><em>δι’</em></span> <span class='ocrx_word' id='word_1_432' title='bbox 1077 4079 1222 4149; x_wconf 82' lang='grc' dir='ltr'><em>ἐμοῦ</em></span> <span class='ocrx_word' id='word_1_433' title='bbox 1262 4077 1550 4146; x_wconf 81' lang='grc' dir='ltr'><em>κρατοῦσι</em></span> <span class='ocrx_word' id='word_1_434' title='bbox 1594 4076 1727 4147; x_wconf 86' lang='grc' dir='ltr'><em>γῆς.</em></span> 
     </span>
    </p>
   </div>
   <div class='ocr_carea' id='block_1_64' title="bbox 148 4168 1731 4242">
    <p class='ocr_par' dir='ltr' id='par_1_64' title="bbox 148 4168 1731 4242">
     <span class='ocr_line' id='line_1_68' title="bbox 148 4168 1731 4242; baseline -0.001 -18"><span class='ocrx_word' id='word_1_435' title='bbox 148 4169 301 4239; x_wconf 72' lang='grc' dir='ltr'><em>Ἐγὼ</em></span> <span class='ocrx_word' id='word_1_436' title='bbox 344 4170 488 4237; x_wconf 86' lang='grc' dir='ltr'><em>τοὺς</em></span> <span class='ocrx_word' id='word_1_437' title='bbox 521 4171 625 4242; x_wconf 84' lang='grc' dir='ltr'><em>ἐμὲ</em></span> <span class='ocrx_word' id='word_1_438' title='bbox 663 4169 993 4241; x_wconf 73' lang='grc' dir='ltr'><em>φιλοῦντας</em></span> <span class='ocrx_word' id='word_1_439' title='bbox 1028 4170 1260 4242; x_wconf 80' lang='grc' dir='ltr'><em>ἀγαπῶ,</em></span> <span class='ocrx_word' id='word_1_440' title='bbox 1311 4173 1366 4223; x_wconf 81' lang='grc' dir='ltr'><em>οἱ</em></span> <span class='ocrx_word' id='word_1_441' title='bbox 1398 4170 1465 4223; x_wconf 88' lang='grc' dir='ltr'><em>δὲ</em></span> <span class='ocrx_word' id='word_1_442' title='bbox 1495 4168 1600 4238; x_wconf 86' lang='grc' dir='ltr'><em>ἐμὲ</em></span> <span class='ocrx_word' id='word_1_443' title='bbox 1624 4168 1731 4236; x_wconf 79' lang='grc' dir='ltr'><strong><em>ζη-</em></strong></span> 
     </span>
    </p>
   </div>
   <div class='ocr_carea' id='block_1_65' title="bbox 132 4257 1730 4330">
    <p class='ocr_par' dir='ltr' id='par_1_65' title="bbox 132 4257 1730 4330">
     <span class='ocr_line' id='line_1_69' title="bbox 132 4257 1730 4330; baseline 0 -18"><span class='ocrx_word' id='word_1_444' title='bbox 132 4257 390 4324; x_wconf 83' lang='grc' dir='ltr'><em>τοῦντες</em></span> <span class='ocrx_word' id='word_1_445' title='bbox 412 4258 743 4329; x_wconf 84' lang='grc' dir='ltr'><em>εὑρήσουσι</em></span> <span class='ocrx_word' id='word_1_446' title='bbox 773 4260 969 4330; x_wconf 84' lang='grc' dir='ltr'><em>χάριν.</em></span> <span class='ocrx_word' id='word_1_447' title='bbox 997 4259 1269 4324; x_wconf 78' lang='grc' dir='ltr'><em>Πλοῦτος</em></span> <span class='ocrx_word' id='word_1_448' title='bbox 1300 4258 1398 4312; x_wconf 79' lang='grc' dir='ltr'><em>καὶ</em></span> <span class='ocrx_word' id='word_1_449' title='bbox 1422 4258 1571 4322; x_wconf 82' lang='grc' dir='ltr'><em>δόξα</em></span> <span class='ocrx_word' id='word_1_450' title='bbox 1599 4257 1730 4325; x_wconf 76' lang='grc' dir='ltr'><em>ἐμοὶ</em></span> 
     </span>
    </p>
   </div>
   <div class='ocr_carea' id='block_1_66' title="bbox 131 4349 1726 4421">
    <p class='ocr_par' dir='ltr' id='par_1_66' title="bbox 131 4349 1726 4421">
     <span class='ocr_line' id='line_1_70' title="bbox 131 4349 1726 4421; baseline 0.002 -17"><span class='ocrx_word' id='word_1_451' title='bbox 131 4349 416 4419; x_wconf 80' lang='grc' dir='ltr'><em>ὑπάρχει,</em></span> <span class='ocrx_word' id='word_1_452' title='bbox 461 4351 558 4406; x_wconf 77' lang='grc' dir='ltr'><em>καὶ</em></span> <span class='ocrx_word' id='word_1_453' title='bbox 614 4352 830 4421; x_wconf 85' lang='grc' dir='ltr'><em>κτῆσις</em></span> <span class='ocrx_word' id='word_1_454' title='bbox 884 4351 1150 4416; x_wconf 81' lang='grc' dir='ltr'><em>πολλῶν,</em></span> <span class='ocrx_word' id='word_1_455' title='bbox 1201 4351 1297 4405; x_wconf 80' lang='grc' dir='ltr'><em>καὶ</em></span> <span class='ocrx_word' id='word_1_456' title='bbox 1350 4352 1726 4421; x_wconf 83' lang='grc' dir='ltr'><em>δικαιοσύνη.</em></span> 
     </span>
    </p>
   </div>
   <div class='ocr_carea' id='block_1_67' title="bbox 130 4440 1732 4513">
    <p class='ocr_par' dir='ltr' id='par_1_67' title="bbox 130 4440 1732 4513">
     <span class='ocr_line' id='line_1_71' title="bbox 130 4440 1732 4513; baseline 0.002 -18"><span class='ocrx_word' id='word_1_457' title='bbox 130 4440 392 4495; x_wconf 81' lang='grc' dir='ltr'><em>Βέλτιον</em></span> <span class='ocrx_word' id='word_1_458' title='bbox 420 4441 523 4511; x_wconf 84' lang='grc' dir='ltr'><em>ἐμὲ</em></span> <span class='ocrx_word' id='word_1_459' title='bbox 547 4441 926 4511; x_wconf 62' lang='grc' dir='ltr'><em>καρπίζεσθαι</em></span> <span class='ocrx_word' id='word_1_460' title='bbox 960 4443 1113 4513; x_wconf 80' lang='grc' dir='ltr'><em>ὑπὲρ</em></span> <span class='ocrx_word' id='word_1_461' title='bbox 1135 4443 1391 4512; x_wconf 70' lang='grc' dir='ltr'><em>χρυσίον</em></span> <span class='ocrx_word' id='word_1_462' title='bbox 1424 4443 1524 4496; x_wconf 77' lang='grc' dir='ltr'><em>καὶ</em></span> <span class='ocrx_word' id='word_1_463' title='bbox 1555 4445 1732 4498; x_wconf 80' lang='grc' dir='ltr'><em>λίθον</em></span> 
     </span>
    </p>
   </div>
   <div class='ocr_carea' id='block_1_68' title="bbox 131 4532 1696 4604">
    <p class='ocr_par' dir='ltr' id='par_1_68' title="bbox 131 4532 1696 4604">
     <span class='ocr_line' id='line_1_72' title="bbox 131 4532 1696 4604; baseline 0.001 -17"><span class='ocrx_word' id='word_1_464' title='bbox 131 4535 354 4602; x_wconf 89' lang='grc' dir='ltr'><em>τίμιον,</em></span> <span class='ocrx_word' id='word_1_465' title='bbox 380 4534 454 4588; x_wconf 88' lang='grc' dir='ltr'><strong><em>τὰ</em></strong></span> <span class='ocrx_word' id='word_1_466' title='bbox 473 4533 540 4587; x_wconf 79' lang='grc' dir='ltr'><em>δὲ</em></span> <span class='ocrx_word' id='word_1_467' title='bbox 554 4535 665 4604; x_wconf 84' lang='grc' dir='ltr'><strong><em>ἐμὰ</em></strong></span> <span class='ocrx_word' id='word_1_468' title='bbox 683 4532 1020 4604; x_wconf 82' lang='grc' dir='ltr'><em>γεννήματα</em></span> <span class='ocrx_word' id='word_1_469' title='bbox 1035 4536 1296 4602; x_wconf 83' lang='grc' dir='ltr'><em>κρείσσω</em></span> <span class='ocrx_word' id='word_1_470' title='bbox 1314 4535 1598 4603; x_wconf 81' lang='grc' dir='ltr'><em>ἀργυρίου</em></span> <span class='ocrx_word' id='word_1_471' title='bbox 1627 4535 1696 4588; x_wconf 85' lang='grc' dir='ltr'><strong><em>ἐκ</em></strong></span> 
     </span>
    </p>
   </div>
   <div class='ocr_carea' id='block_1_69' title="bbox 129 4622 1730 4695">
    <p class='ocr_par' dir='ltr' id='par_1_69' title="bbox 129 4622 1730 4695">
     <span class='ocr_line' id='line_1_73' title="bbox 129 4622 1730 4695; baseline 0.001 -16"><span class='ocrx_word' id='word_1_472' title='bbox 129 4624 396 4679; x_wconf 84' lang='grc' dir='ltr'><em>λέκτου·</em></span> <span class='ocrx_word' id='word_1_473' title='bbox 451 4625 522 4678; x_wconf 85' lang='grc' dir='ltr'><strong><em>ἐν</em></strong></span> <span class='ocrx_word' id='word_1_474' title='bbox 571 4625 732 4692; x_wconf 76' lang='grc' dir='ltr'><em>ὁδοῖς</em></span> <span class='ocrx_word' id='word_1_475' title='bbox 791 4624 1185 4692; x_wconf 85' lang='grc' dir='ltr'><em>δικαιοσύνης</em></span> <span class='ocrx_word' id='word_1_476' title='bbox 1245 4622 1565 4695; x_wconf 78' lang='grc' dir='ltr'><em>περιπατῶ,</em></span> <span class='ocrx_word' id='word_1_477' title='bbox 1629 4625 1730 4680; x_wconf 78' lang='grc' dir='ltr'><em>καὶ</em></span> 
     </span>
    </p>
   </div>
   <div class='ocr_carea' id='block_1_70' title="bbox 133 4714 1726 4786">
    <p class='ocr_par' dir='ltr' id='par_1_70' title="bbox 133 4714 1726 4786">
     <span class='ocr_line' id='line_1_74' title="bbox 133 4714 1726 4786; baseline 0.002 -19"><span class='ocrx_word' id='word_1_478' title='bbox 133 4714 256 4768; x_wconf 84' lang='grc' dir='ltr'><em>ἀνὰ</em></span> <span class='ocrx_word' id='word_1_479' title='bbox 283 4714 475 4781; x_wconf 82' lang='grc' dir='ltr'><em>μέσον</em></span> <span class='ocrx_word' id='word_1_480' title='bbox 501 4715 614 4786; x_wconf 81' lang='lat'><strong><em>(5&#39;5)</em></strong></span> <span class='ocrx_word' id='word_1_481' title='bbox 655 4715 811 4770; x_wconf 76' lang='grc' dir='ltr'><em>ὁδῶν</em></span> <span class='ocrx_word' id='word_1_482' title='bbox 833 4715 1220 4784; x_wconf 82' lang='grc' dir='ltr'><em>δικαιώματος</em></span> <span class='ocrx_word' id='word_1_483' title='bbox 1258 4715 1726 4786; x_wconf 67' lang='grc' dir='ltr'><em>ἀναστρέφομαι,</em></span> 
     </span>
    </p>
   </div>
   <div class='ocr_carea' id='block_1_71' title="bbox 133 4804 1730 4878">
    <p class='ocr_par' dir='ltr' id='par_1_71' title="bbox 133 4804 1730 4878">
     <span class='ocr_line' id='line_1_75' title="bbox 133 4804 1730 4878; baseline 0.001 -19"><span class='ocrx_word' id='word_1_484' title='bbox 133 4808 239 4860; x_wconf 78' lang='grc' dir='ltr'><em>ἵνα</em></span> <span class='ocrx_word' id='word_1_485' title='bbox 265 4808 494 4875; x_wconf 88' lang='grc' dir='ltr'><em>μερίσω</em></span> <span class='ocrx_word' id='word_1_486' title='bbox 521 4807 645 4874; x_wconf 85' lang='grc' dir='ltr'><em>τοῖς</em></span> <span class='ocrx_word' id='word_1_487' title='bbox 671 4807 775 4878; x_wconf 83' lang='grc' dir='ltr'><em>ἐμὲ</em></span> <span class='ocrx_word' id='word_1_488' title='bbox 811 4804 1124 4876; x_wconf 81' lang='grc' dir='ltr'><em>ἀγαπῶσιν</em></span> <span class='ocrx_word' id='word_1_489' title='bbox 1152 4805 1434 4874; x_wconf 76' lang='grc' dir='ltr'><em>ὕπαρξιν,</em></span> <span class='ocrx_word' id='word_1_490' title='bbox 1465 4807 1565 4859; x_wconf 75' lang='grc' dir='ltr'><strong><em>καὶ</em></strong></span> <span class='ocrx_word' id='word_1_491' title='bbox 1587 4807 1730 4874; x_wconf 88' lang='grc' dir='ltr'><em>τοὺς</em></span> 
     </span>
    </p>
   </div>
   <div class='ocr_carea' id='block_1_72' title="bbox 132 4897 1728 4968">
    <p class='ocr_par' dir='ltr' id='par_1_72' title="bbox 132 4897 1728 4968">
     <span class='ocr_line' id='line_1_76' title="bbox 132 4897 1728 4968; baseline 0.001 -17"><span class='ocrx_word' id='word_1_492' title='bbox 132 4897 484 4966; x_wconf 82' lang='grc' dir='ltr'><em>θησαυροὺς</em></span> <span class='ocrx_word' id='word_1_493' title='bbox 522 4897 718 4951; x_wconf 84' lang='grc' dir='ltr'><em>αὐτῶν</em></span> <span class='ocrx_word' id='word_1_494' title='bbox 747 4897 1036 4967; x_wconf 80' lang='grc' dir='ltr'><em>ἐμπλήσω</em></span> <span class='ocrx_word' id='word_1_495' title='bbox 1080 4897 1336 4967; x_wconf 71' lang='grc' dir='ltr'><em>ἀγαθῶν.</em></span> <span class='ocrx_word' id='word_1_496' title='bbox 1383 4898 1518 4953; x_wconf 82' lang='grc' dir='ltr'><em>Ἐὰν</em></span> <span class='ocrx_word' id='word_1_497' title='bbox 1544 4899 1728 4968; x_wconf 89' lang='grc' dir='ltr'><em>ἀναγ-</em></span> 
     </span>
    </p>
   </div>
   <div class='ocr_carea' id='block_1_73' title="bbox 132 4988 1726 5060">
    <p class='ocr_par' dir='ltr' id='par_1_73' title="bbox 132 4988 1726 5060">
     <span class='ocr_line' id='line_1_77' title="bbox 132 4988 1726 5060; baseline 0.003 -19"><span class='ocrx_word' id='word_1_498' title='bbox 132 4990 318 5059; x_wconf 77' lang='grc' dir='ltr'><em>τείλω</em></span> <span class='ocrx_word' id='word_1_499' title='bbox 345 4989 489 5059; x_wconf 85' lang='grc' dir='ltr'><em>ὑμῖν</em></span> <span class='ocrx_word' id='word_1_500' title='bbox 508 4990 581 5044; x_wconf 81' lang='grc' dir='ltr'><strong><em>τὰ</em></strong></span> <span class='ocrx_word' id='word_1_501' title='bbox 610 4991 737 5044; x_wconf 84' lang='grc' dir='ltr'><em>καθ’</em></span> <span class='ocrx_word' id='word_1_502' title='bbox 765 4988 994 5059; x_wconf 76' lang='grc' dir='ltr'><em>ἡμέραν</em></span> <span class='ocrx_word' id='word_1_503' title='bbox 1016 4989 1353 5059; x_wconf 78' lang='grc' dir='ltr'><em>γιγνόμενα,</em></span> <span class='ocrx_word' id='word_1_504' title='bbox 1381 4992 1726 5060; x_wconf 87' lang='grc' dir='ltr'><em>μνημονεύ-</em></span> 
     </span>
    </p>
   </div>
   <div class='ocr_carea' id='block_1_74' title="bbox 128 5080 1726 5153">
    <p class='ocr_par' dir='ltr' id='par_1_74' title="bbox 128 5080 1726 5153">
     <span class='ocr_line' id='line_1_78' title="bbox 128 5080 1726 5153; baseline 0.002 -19"><span class='ocrx_word' id='word_1_505' title='bbox 128 5096 228 5134; x_wconf 82' lang='grc' dir='ltr'><strong><em>σω</em></strong></span> <span class='ocrx_word' id='word_1_506' title='bbox 278 5081 354 5135; x_wconf 87' lang='grc' dir='ltr'><em>τὰ</em></span> <span class='ocrx_word' id='word_1_507' title='bbox 393 5081 462 5146; x_wconf 81' lang='grc' dir='ltr'><em>ἐξ</em></span> <span class='ocrx_word' id='word_1_508' title='bbox 504 5081 718 5149; x_wconf 72' lang='grc' dir='ltr'><em>αἰῶνος</em></span> <span class='ocrx_word' id='word_1_509' title='bbox 761 5080 1108 5151; x_wconf 85' lang='grc' dir='ltr'><em>ἀριθμῆσαι.</em></span> <span class='ocrx_word' id='word_1_510' title='bbox 1161 5082 1379 5148; x_wconf 85' lang='grc' dir='ltr'><em>Κύριος</em></span> <span class='ocrx_word' id='word_1_511' title='bbox 1421 5081 1623 5137; x_wconf 78' lang='grc' dir='ltr'><em>ἐκτισέ</em></span> <span class='ocrx_word' id='word_1_512' title='bbox 1647 5100 1726 5153; x_wconf 81' lang='grc' dir='ltr'><strong><em>με</em></strong></span> 
     </span>
    </p>
   </div>
   <div class='ocr_carea' id='block_1_75' title="bbox 129 5171 1725 5243">
    <p class='ocr_par' dir='ltr' id='par_1_75' title="bbox 129 5171 1725 5243">
     <span class='ocr_line' id='line_1_79' title="bbox 129 5171 1725 5243; baseline 0.002 -17"><span class='ocrx_word' id='word_1_513' title='bbox 129 5173 339 5242; x_wconf 80' lang='grc' dir='ltr'><em>ἀρχὴν</em></span> <span class='ocrx_word' id='word_1_514' title='bbox 365 5171 521 5227; x_wconf 80' lang='grc' dir='ltr'><em>ὁδῶν</em></span> <span class='ocrx_word' id='word_1_515' title='bbox 548 5173 736 5227; x_wconf 86' lang='grc' dir='ltr'><em>αὑτοῦ</em></span> <span class='ocrx_word' id='word_1_516' title='bbox 767 5175 855 5239; x_wconf 87' lang='grc' dir='ltr'><em>εὶς</em></span> <span class='ocrx_word' id='word_1_517' title='bbox 883 5174 1027 5243; x_wconf 76' lang='grc' dir='ltr'><em>ἔργα</em></span> <span class='ocrx_word' id='word_1_518' title='bbox 1057 5173 1271 5227; x_wconf 84' lang='grc' dir='ltr'><em>αὐτοῦ·</em></span> <span class='ocrx_word' id='word_1_519' title='bbox 1304 5172 1418 5241; x_wconf 75' lang='grc' dir='ltr'><strong><em>πρὸ</em></strong></span> <span class='ocrx_word' id='word_1_520' title='bbox 1443 5172 1550 5227; x_wconf 86' lang='grc' dir='ltr'><strong><em>τοῦ</em></strong></span> <span class='ocrx_word' id='word_1_521' title='bbox 1587 5174 1725 5229; x_wconf 82' lang='grc' dir='ltr'><em>αὶῶ-</em></span> 
     </span>
    </p>
   </div>
   <div class='ocr_carea' id='block_1_76' title="bbox 211 5303 1644 5386">
    <p class='ocr_par' dir='ltr' id='par_1_76' title="bbox 211 5303 1644 5386">
     <span class='ocr_line' id='line_1_80' title="bbox 211 5303 1644 5386; baseline 0.003 -17"><span class='ocrx_word' id='word_1_522' title='bbox 211 5320 273 5379; x_wconf 60' lang='grc' dir='ltr'><strong><em>ἦ(</em></strong></span> <span class='ocrx_word' id='word_1_523' title='bbox 310 5314 411 5370; x_wconf 91' lang='lat' dir='ltr'><strong><em>Ed.</em></strong></span> <span class='ocrx_word' id='word_1_524' title='bbox 443 5313 640 5382; x_wconf 83' lang='lat' dir='ltr'><strong><em>Paris.,</em></strong></span> <span class='ocrx_word' id='word_1_525' title='bbox 676 5330 800 5386; x_wconf 79' lang='lat' dir='ltr'><strong><em>pag.</em></strong></span> <span class='ocrx_word' id='word_1_526' title='bbox 833 5315 959 5370; x_wconf 73' lang='grc'><strong><em>148.</em></strong></span> <span class='ocrx_word' id='word_1_527' title='bbox 1033 5303 1274 5370; x_wconf 60' lang='lat' dir='ltr'><strong><em>“Prov.</em></strong></span> <span class='ocrx_word' id='word_1_528' title='bbox 1313 5332 1434 5383; x_wconf 83' lang='lat' dir='ltr'><strong><em>vm,</em></strong></span> <span class='ocrx_word' id='word_1_529' title='bbox 1458 5317 1644 5374; x_wconf 75' lang='grc'><strong><em>12-51.</em></strong></span> 
     </span>
    </p>
   </div>
   <div class='ocr_carea' id='block_1_77' title="bbox 210 5477 1721 5553">
    <p class='ocr_par' dir='ltr' id='par_1_77' title="bbox 210 5477 1721 5553">
     <span class='ocr_line' id='line_1_81' title="bbox 210 5477 1721 5553; baseline 0.007 -20"><span class='ocrx_word' id='word_1_530' title='bbox 210 5477 424 5550; x_wconf 80' lang='grc' dir='ltr'><strong><em>(51)Δι’</em></strong></span> <span class='ocrx_word' id='word_1_531' title='bbox 450 5477 536 5553; x_wconf 78' lang='grc' dir='ltr'><strong><em>ῶν</em></strong></span> <span class='ocrx_word' id='word_1_532' title='bbox 582 5481 890 5553; x_wconf 82' lang='grc' dir='ltr'><em>λέλεκται.</em></span> <span class='ocrx_word' id='word_1_533' title='bbox 942 5481 998 5553; x_wconf 89' lang='lat' dir='ltr'><strong><em>l_n</em></strong></span> <span class='ocrx_word' id='word_1_534' title='bbox 1049 5482 1216 5553; x_wconf 84' lang='lat' dir='ltr'><strong><em>priori</em></strong></span> <span class='ocrx_word' id='word_1_535' title='bbox 1254 5483 1416 5538; x_wconf 90' lang='lat' dir='ltr'><strong><em>libro.</em></strong></span> <span class='ocrx_word' id='word_1_536' title='bbox 1459 5485 1590 5552; x_wconf 65' lang='lat' dir='ltr'><strong><em>Quae</em></strong></span> <span class='ocrx_word' id='word_1_537' title='bbox 1627 5501 1721 5542; x_wconf 79' lang='lat' dir='ltr'><strong><em>se-</em></strong></span> 
     </span>
    </p>
   </div>
   <div class='ocr_carea' id='block_1_78' title="bbox 128 5550 1722 5629">
    <p class='ocr_par' dir='ltr' id='par_1_78' title="bbox 128 5550 1722 5629">
     <span class='ocr_line' id='line_1_82' title="bbox 128 5550 1722 5629; baseline 0.008 -27"><span class='ocrx_word' id='word_1_538' title='bbox 128 5560 383 5629; x_wconf 74' lang='lat' dir='ltr'><strong><em>quuntur</em></strong></span> <span class='ocrx_word' id='word_1_539' title='bbox 407 5550 471 5603; x_wconf 87' lang='lat' dir='ltr'><strong><em>ad</em></strong></span> <span class='ocrx_word' id='word_1_540' title='bbox 491 5551 634 5629; x_wconf 75' lang='lat' dir='ltr'><strong><em>hunc</em></strong></span> <span class='ocrx_word' id='word_1_541' title='bbox 655 5550 1208 5629; x_wconf 52' lang='lat' dir='ltr'><strong><em>liprumjel&#39;eru&#39;utur,</em></strong></span> <span class='ocrx_word' id='word_1_542' title='bbox 1233 5550 1579 5629; x_wconf 67' lang='lat' dir='ltr'><strong><em>cujus_vcluti</em></strong></span> <span class='ocrx_word' id='word_1_543' title='bbox 1603 5558 1722 5629; x_wconf 86' lang='lat' dir='ltr'><strong><em>epi-</em></strong></span> 
     </span>
    </p>
   </div>
   <div class='ocr_carea' id='block_1_79' title="bbox 131 5619 1499 5694">
    <p class='ocr_par' dir='ltr' id='par_1_79' title="bbox 131 5619 1499 5694">
     <span class='ocr_line' id='line_1_83' title="bbox 131 5619 1499 5694; baseline 0.002 -19"><span class='ocrx_word' id='word_1_544' title='bbox 131 5627 323 5694; x_wconf 59' lang='lat' dir='ltr'><strong><em>louten</em></strong></span> <span class='ocrx_word' id='word_1_545' title='bbox 357 5622 837 5694; x_wconf 32' lang='lat' dir='ltr'><strong><em>com-prehendunt.</em></strong></span> <span class='ocrx_word' id='word_1_546' title='bbox 851 5619 933 5694; x_wconf 86' lang='lat' dir='ltr'><strong><em>_M.</em></strong></span> <span class='ocrx_word' id='word_1_547' title='bbox 957 5651 1028 5662; x_wconf 89' lang='lat'><strong><em>-—</em></strong></span> <span class='ocrx_word' id='word_1_548' title='bbox 1053 5621 1174 5694; x_wconf 59' lang='lat' dir='ltr'><strong><em>Mos</em></strong></span> <span class='ocrx_word' id='word_1_549' title='bbox 1193 5619 1352 5694; x_wconf 55' lang='lat' dir='ltr'><strong><em>vulg&#39;o</em></strong></span> <span class='ocrx_word' id='word_1_550' title='bbox 1371 5624 1499 5678; x_wconf 88' lang='grc' dir='ltr'><em>Σαλ.</em></span> 
     </span>
    </p>
   </div>
   <div class='ocr_carea' id='block_1_80' title="bbox 208 5688 1717 5762">
    <p class='ocr_par' dir='ltr' id='par_1_80' title="bbox 208 5688 1717 5762">
     <span class='ocr_line' id='line_1_84' title="bbox 208 5688 1717 5762; baseline 0.005 -18"><span class='ocrx_word' id='word_1_551' title='bbox 208 5689 326 5762; x_wconf 74' lang='lat'><strong><em>(52)</em></strong></span> <span class='ocrx_word' id='word_1_552' title='bbox 352 5688 505 5762; x_wconf 58' lang='grc' dir='ltr'><strong><em>ξιξχῲ</em></strong></span> <span class='ocrx_word' id='word_1_553' title='bbox 519 5691 569 5762; x_wconf 69' lang='lat'><strong><em>1)</em></strong></span> <span class='ocrx_word' id='word_1_554' title='bbox 606 5691 814 5760; x_wconf 85' lang='grc' dir='ltr'><em>Σοφία.</em></span> <span class='ocrx_word' id='word_1_555' title='bbox 849 5689 1022 5746; x_wconf 88' lang='lat' dir='ltr'><strong><em>Locus</em></strong></span> <span class='ocrx_word' id='word_1_556' title='bbox 1043 5701 1126 5748; x_wconf 89' lang='lat' dir='ltr'><strong><em>est</em></strong></span> <span class='ocrx_word' id='word_1_557' title='bbox 1150 5688 1312 5762; x_wconf 60' lang='lat' dir='ltr'><strong><em>Prov:</em></strong></span> <span class='ocrx_word' id='word_1_558' title='bbox 1343 5709 1460 5759; x_wconf 81' lang='lat' dir='ltr'><strong><em>vui,</em></strong></span> <span class='ocrx_word' id='word_1_559' title='bbox 1491 5695 1596 5762; x_wconf 77' lang='lat' dir='ltr'><strong><em>l2;</em></strong></span> <span class='ocrx_word' id='word_1_560' title='bbox 1628 5711 1717 5751; x_wconf 84' lang='lat' dir='ltr'><strong><em>se-</em></strong></span> 
     </span>
    </p>
   </div>
   <div class='ocr_carea' id='block_1_81' title="bbox 127 5757 1714 5836">
    <p class='ocr_par' dir='ltr' id='par_1_81' title="bbox 127 5757 1714 5836">
     <span class='ocr_line' id='line_1_85' title="bbox 127 5757 1714 5836; baseline 0.006 -22"><span class='ocrx_word' id='word_1_561' title='bbox 127 5757 330 5834; x_wconf 81' lang='lat' dir='ltr'><strong><em>quitur</em></strong></span> <span class='ocrx_word' id='word_1_562' title='bbox 351 5757 491 5814; x_wconf 82' lang='lat' dir='ltr'><strong><em>LXX</em></strong></span> <span class='ocrx_word' id='word_1_563' title='bbox 519 5757 802 5823; x_wconf 83' lang='lat' dir='ltr'><strong><em>Eusebius,</em></strong></span> <span class='ocrx_word' id='word_1_564' title='bbox 831 5775 860 5814; x_wconf 87' lang='lat' dir='ltr'><strong><em>a</em></strong></span> <span class='ocrx_word' id='word_1_565' title='bbox 892 5763 1090 5830; x_wconf 85' lang='lat' dir='ltr'><strong><em>quibus</em></strong></span> <span class='ocrx_word' id='word_1_566' title='bbox 1128 5761 1309 5819; x_wconf 72' lang='lat' dir='ltr'><strong><em>diﬂ‘ert</em></strong></span> <span class='ocrx_word' id='word_1_567' title='bbox 1335 5757 1714 5836; x_wconf 78' lang='lat' dir='ltr'><strong><em>interpretatio</em></strong></span> 
     </span>
    </p>
   </div>
   <div class='ocr_carea' id='block_1_82' title="bbox 540 5854 1236 5922">
    <p class='ocr_par' dir='ltr' id='par_1_82' title="bbox 540 5854 1236 5922">
     <span class='ocr_line' id='line_1_86' title="bbox 540 5854 1236 5922; baseline 0.009 -8"><span class='ocrx_word' id='word_1_568' title='bbox 540 5855 813 5919; x_wconf 72' lang='grc' dir='ltr'><em>ΡΑτιιοι.</em></span> <span class='ocrx_word' id='word_1_569' title='bbox 847 5854 964 5917; x_wconf 73' lang='lat' dir='ltr'><strong><em>Gn.</em></strong></span> <span class='ocrx_word' id='word_1_570' title='bbox 1000 5855 1236 5922; x_wconf 81' lang='lat' dir='ltr'><strong><em>XXIV.</em></strong></span> 
     </span>
    </p>
   </div>
   <div class='ocr_carea' id='block_1_83' title="bbox 1903 1787 2928 1851">
    <p class='ocr_par' dir='ltr' id='par_1_83' title="bbox 1903 1787 2928 1851">
     <span class='ocr_line' id='line_1_87' title="bbox 1903 1787 2928 1851; baseline 0.001 -13"><span class='ocrx_word' id='word_1_571' title='bbox 1903 1802 2020 1851; x_wconf 92' lang='lat' dir='ltr'><strong><em>suo,</em></strong></span> <span class='ocrx_word' id='word_1_572' title='bbox 2050 1787 2128 1839; x_wconf 88' lang='lat' dir='ltr'><strong><em>ita</em></strong></span> <span class='ocrx_word' id='word_1_573' title='bbox 2159 1797 2206 1839; x_wconf 91' lang='lat' dir='ltr'><strong><em>et</em></strong></span> <span class='ocrx_word' id='word_1_574' title='bbox 2233 1789 2288 1840; x_wconf 91' lang='lat' dir='ltr'><strong><em>in</em></strong></span> <span class='ocrx_word' id='word_1_575' title='bbox 2317 1787 2513 1841; x_wconf 89' lang='lat' dir='ltr'><strong><em>sanctis</em></strong></span> <span class='ocrx_word' id='word_1_576' title='bbox 2542 1789 2780 1841; x_wconf 85' lang='lat' dir='ltr'><strong><em>omnibus</em></strong></span> <span class='ocrx_word' id='word_1_577' title='bbox 2806 1790 2928 1841; x_wconf 87' lang='lat' dir='ltr'><strong><em>erit.</em></strong></span> 
     </span>
    </p>
   </div>
   <div class='ocr_carea' id='block_1_84' title="bbox 1833 1854 3416 1926">
    <p class='ocr_par' dir='ltr' id='par_1_84' title="bbox 1833 1854 3416 1926">
     <span class='ocr_line' id='line_1_88' title="bbox 1833 1854 3416 1926; baseline 0.002 -17"><span class='ocrx_word' id='word_1_578' title='bbox 1833 1855 1924 1910; x_wconf 80' lang='grc'><strong><em>21.</em></strong></span> <span class='ocrx_word' id='word_1_579' title='bbox 1955 1854 2070 1919; x_wconf 89' lang='lat' dir='ltr'><strong><em>Quo</em></strong></span> <span class='ocrx_word' id='word_1_580' title='bbox 2099 1873 2252 1910; x_wconf 86' lang='lat' dir='ltr'><strong><em>sensu</em></strong></span> <span class='ocrx_word' id='word_1_581' title='bbox 2293 1859 2492 1926; x_wconf 80' lang='lat' dir='ltr'><strong><em>dictum</em></strong></span> <span class='ocrx_word' id='word_1_582' title='bbox 2529 1856 2661 1911; x_wconf 88' lang='lat' dir='ltr'><strong><em>illud</em></strong></span> <span class='ocrx_word' id='word_1_583' title='bbox 2692 1859 2912 1926; x_wconf 81' lang='lat' dir='ltr'><strong><em>intelligi</em></strong></span> <span class='ocrx_word' id='word_1_584' title='bbox 2955 1857 3122 1924; x_wconf 84' lang='lat' dir='ltr'><strong><em>debet,</em></strong></span> <span class='ocrx_word' id='word_1_585' title='bbox 3165 1876 3185 1910; x_wconf 79' lang='grc' dir='ltr'><strong><em>ι</em></strong></span> <span class='ocrx_word' id='word_1_586' title='bbox 3210 1857 3314 1926; x_wconf 88' lang='lat' dir='ltr'><strong><em>Qui</em></strong></span> <span class='ocrx_word' id='word_1_587' title='bbox 3335 1873 3416 1912; x_wconf 83' lang='lat' dir='ltr'><strong><em>me</em></strong></span> 
     </span>
    </p>
   </div>
   <div class='ocr_carea' id='block_1_85' title="bbox 1907 1924 2676 1993">
    <p class='ocr_par' dir='ltr' id='par_1_85' title="bbox 1907 1924 2676 1993">
     <span class='ocr_line' id='line_1_89' title="bbox 1907 1924 2676 1993; baseline 0 -13"><span class='ocrx_word' id='word_1_588' title='bbox 1907 1928 2059 1993; x_wconf 80' lang='lat' dir='ltr'><strong><em>uiuit,</em></strong></span> <span class='ocrx_word' id='word_1_589' title='bbox 2093 1930 2138 1981; x_wconf 91' lang='lat' dir='ltr'><strong><em>is</em></strong></span> <span class='ocrx_word' id='word_1_590' title='bbox 2161 1929 2289 1980; x_wconf 82' lang='lat' dir='ltr'><strong><em>vidit</em></strong></span> <span class='ocrx_word' id='word_1_591' title='bbox 2307 1937 2357 1982; x_wconf 91' lang='lat' dir='ltr'><strong><em>et</em></strong></span> <span class='ocrx_word' id='word_1_592' title='bbox 2391 1924 2626 1982; x_wconf 88' lang='lat' dir='ltr'><strong><em>Patrem.</em></strong></span> <span class='ocrx_word' id='word_1_593' title='bbox 2657 1945 2676 1980; x_wconf 72' lang='grc' dir='ltr'><strong><em>ι</em></strong></span> 
     </span>
    </p>
   </div>
   <div class='ocr_carea' id='block_1_86' title="bbox 2461 2170 2771 2237">
    <p class='ocr_par' dir='ltr' id='par_1_86' title="bbox 2461 2170 2771 2237">
     <span class='ocr_line' id='line_1_90' title="bbox 2461 2170 2771 2237; baseline -0.01 -10"><span class='ocrx_word' id='word_1_594' title='bbox 2461 2177 2520 2237; x_wconf 58' lang='lat'><strong><em>&gt;3</em></strong></span> <span class='ocrx_word' id='word_1_595' title='bbox 2545 2170 2698 2226; x_wconf 87' lang='lat' dir='ltr'><strong><em>CAP.</em></strong></span> <span class='ocrx_word' id='word_1_596' title='bbox 2733 2170 2771 2224; x_wconf 97' lang='lat' dir='ltr'><strong><em>I.</em></strong></span> 
     </span>
    </p>
   </div>
   <div class='ocr_carea' id='block_1_87' title="bbox 1827 2263 3414 2336">
    <p class='ocr_par' dir='ltr' id='par_1_87' title="bbox 1827 2263 3414 2336">
     <span class='ocr_line' id='line_1_91' title="bbox 1827 2263 3414 2336; baseline -0.001 -17"><span class='ocrx_word' id='word_1_597' title='bbox 1827 2267 1998 2334; x_wconf 84' lang='lat' dir='ltr'><strong><em>Quam</em></strong></span> <span class='ocrx_word' id='word_1_598' title='bbox 2038 2282 2277 2336; x_wconf 85' lang='lat' dir='ltr'><strong><em>perverse</em></strong></span> <span class='ocrx_word' id='word_1_599' title='bbox 2317 2263 2972 2336; x_wconf 65' lang='lat' dir='ltr'><strong><em>Marcellusinterpretari</em></strong></span> <span class='ocrx_word' id='word_1_600' title='bbox 3016 2280 3180 2319; x_wconf 90' lang='lat' dir='ltr'><strong><em>ausus</em></strong></span> <span class='ocrx_word' id='word_1_601' title='bbox 3213 2273 3291 2319; x_wconf 90' lang='lat' dir='ltr'><strong><em>est</em></strong></span> <span class='ocrx_word' id='word_1_602' title='bbox 3322 2280 3414 2318; x_wconf 89' lang='lat' dir='ltr'><strong><em>sa-</em></strong></span> 
     </span>
    </p>
   </div>
   <div class='ocr_carea' id='block_1_88' title="bbox 2433 2332 2812 2388">
    <p class='ocr_par' dir='ltr' id='par_1_88' title="bbox 2433 2332 2812 2388">
     <span class='ocr_line' id='line_1_92' title="bbox 2433 2332 2812 2388; baseline -0.005 0"><span class='ocrx_word' id='word_1_603' title='bbox 2433 2351 2549 2388; x_wconf 89' lang='lat' dir='ltr'><strong><em>cras</em></strong></span> <span class='ocrx_word' id='word_1_604' title='bbox 2569 2332 2812 2388; x_wconf 86' lang='lat' dir='ltr'><strong><em>Litteras.</em></strong></span> 
     </span>
    </p>
   </div>
   <div class='ocr_carea' id='block_1_89' title="bbox 1897 2423 3416 2500">
    <p class='ocr_par' dir='ltr' id='par_1_89' title="bbox 1897 2423 3416 2500">
     <span class='ocr_line' id='line_1_93' title="bbox 1897 2423 3416 2500; baseline -0.001 -16"><span class='ocrx_word' id='word_1_605' title='bbox 1897 2427 2124 2500; x_wconf 81' lang='lat' dir='ltr'><strong><em>Magnus</em></strong></span> <span class='ocrx_word' id='word_1_606' title='bbox 2151 2427 2271 2484; x_wconf 86' lang='lat' dir='ltr'><strong><em>ideo</em></strong></span> <span class='ocrx_word' id='word_1_607' title='bbox 2307 2426 2653 2498; x_wconf 80' lang='lat' dir='ltr'><strong><em>Evangelista</em></strong></span> <span class='ocrx_word' id='word_1_608' title='bbox 2687 2425 2946 2494; x_wconf 85' lang='lat' dir='ltr'><strong><em>Joannes,</em></strong></span> <span class='ocrx_word' id='word_1_609' title='bbox 2976 2423 3285 2483; x_wconf 84' lang='lat' dir='ltr'><strong><em>Servatoris</em></strong></span> <span class='ocrx_word' id='word_1_610' title='bbox 3319 2441 3416 2482; x_wconf 75' lang='lat' dir='ltr'><strong><em>no—</em></strong></span> 
     </span>
    </p>
   </div>
   <div class='ocr_carea' id='block_1_90' title="bbox 1832 2517 3419 2587">
    <p class='ocr_par' dir='ltr' id='par_1_90' title="bbox 1832 2517 3419 2587">
     <span class='ocr_line' id='line_1_94' title="bbox 1832 2517 3419 2587; baseline 0 -13"><span class='ocrx_word' id='word_1_611' title='bbox 1832 2519 1931 2574; x_wconf 87' lang='lat' dir='ltr'><strong><em>stri</em></strong></span> <span class='ocrx_word' id='word_1_612' title='bbox 1980 2519 2342 2585; x_wconf 81' lang='lat' dir='ltr'><strong><em>divinitatem,</em></strong></span> <span class='ocrx_word' id='word_1_613' title='bbox 2377 2526 2436 2572; x_wconf 92' lang='lat' dir='ltr'><strong><em>ut</em></strong></span> <span class='ocrx_word' id='word_1_614' title='bbox 2467 2517 2773 2587; x_wconf 63' lang='lat' dir='ltr'><strong><em>praefertur,</em></strong></span> <span class='ocrx_word' id='word_1_615' title='bbox 2808 2532 2912 2572; x_wconf 90' lang='lat' dir='ltr'><strong><em>non</em></strong></span> <span class='ocrx_word' id='word_1_616' title='bbox 2969 2533 3076 2573; x_wconf 85' lang='lat' dir='ltr'><strong><em>uno</em></strong></span> <span class='ocrx_word' id='word_1_617' title='bbox 3133 2518 3294 2574; x_wconf 84' lang='lat' dir='ltr'><strong><em>modo</em></strong></span> <span class='ocrx_word' id='word_1_618' title='bbox 3318 2533 3419 2574; x_wconf 78' lang='lat' dir='ltr'><strong><em>sn-</em></strong></span> 
     </span>
    </p>
   </div>
   <div class='ocr_carea' id='block_1_91' title="bbox 1833 2608 3418 2680">
    <p class='ocr_par' dir='ltr' id='par_1_91' title="bbox 1833 2608 3418 2680">
     <span class='ocr_line' id='line_1_95' title="bbox 1833 2608 3418 2680; baseline 0 -15"><span class='ocrx_word' id='word_1_619' title='bbox 1833 2613 2122 2667; x_wconf 76' lang='lat' dir='ltr'><strong><em>nuntiavit.</em></strong></span> <span class='ocrx_word' id='word_1_620' title='bbox 2173 2610 2456 2680; x_wconf 84' lang='lat' dir='ltr'><strong><em>Quomodo</em></strong></span> <span class='ocrx_word' id='word_1_621' title='bbox 2490 2618 2670 2664; x_wconf 88' lang='lat' dir='ltr'><strong><em>autem</em></strong></span> <span class='ocrx_word' id='word_1_622' title='bbox 2731 2609 2878 2663; x_wconf 87' lang='lat' dir='ltr'><strong><em>illam</em></strong></span> <span class='ocrx_word' id='word_1_623' title='bbox 2930 2608 3213 2666; x_wconf 83' lang='lat' dir='ltr'><strong><em>Marcellus</em></strong></span> <span class='ocrx_word' id='word_1_624' title='bbox 3249 2610 3418 2666; x_wconf 84' lang='lat' dir='ltr'><strong><em>abne-</em></strong></span> 
     </span>
    </p>
   </div>
   <div class='ocr_carea' id='block_1_92' title="bbox 1833 2701 3418 2775">
    <p class='ocr_par' dir='ltr' id='par_1_92' title="bbox 1833 2701 3418 2775">
     <span class='ocr_line' id='line_1_96' title="bbox 1833 2701 3418 2775; baseline 0.001 -19"><span class='ocrx_word' id='word_1_625' title='bbox 1833 2703 2010 2775; x_wconf 78' lang='lat' dir='ltr'><strong><em>gando</em></strong></span> <span class='ocrx_word' id='word_1_626' title='bbox 2050 2703 2117 2758; x_wconf 88' lang='lat' dir='ltr'><strong><em>ad</em></strong></span> <span class='ocrx_word' id='word_1_627' title='bbox 2163 2702 2446 2758; x_wconf 68' lang='lat' dir='ltr'><strong><em>Iudaicam</em></strong></span> <span class='ocrx_word' id='word_1_628' title='bbox 2481 2701 2763 2772; x_wconf 84' lang='lat' dir='ltr'><strong><em>perﬁdiam</em></strong></span> <span class='ocrx_word' id='word_1_629' title='bbox 2810 2701 3009 2770; x_wconf 87' lang='lat' dir='ltr'><strong><em>erupit,</em></strong></span> <span class='ocrx_word' id='word_1_630' title='bbox 3061 2702 3136 2758; x_wconf 89' lang='lat' dir='ltr'><strong><em>ibi</em></strong></span> <span class='ocrx_word' id='word_1_631' title='bbox 3183 2703 3418 2758; x_wconf 82' lang='lat' dir='ltr'><strong><em>manife-</em></strong></span> 
     </span>
    </p>
   </div>
   <div class='ocr_carea' id='block_1_93' title="bbox 1835 2791 3419 2862">
    <p class='ocr_par' dir='ltr' id='par_1_93' title="bbox 1835 2791 3419 2862">
     <span class='ocr_line' id='line_1_97' title="bbox 1835 2791 3419 2862; baseline 0.002 -14"><span class='ocrx_word' id='word_1_632' title='bbox 1835 2801 2031 2848; x_wconf 85' lang='lat' dir='ltr'><strong><em>statur.</em></strong></span> <span class='ocrx_word' id='word_1_633' title='bbox 2069 2795 2352 2860; x_wconf 89' lang='lat' dir='ltr'><strong><em>Quomodo</em></strong></span> <span class='ocrx_word' id='word_1_634' title='bbox 2384 2806 2515 2848; x_wconf 87' lang='lat' dir='ltr'><strong><em>vero</em></strong></span> <span class='ocrx_word' id='word_1_635' title='bbox 2566 2804 2821 2861; x_wconf 81' lang='lat' dir='ltr'><strong><em>perverse</em></strong></span> <span class='ocrx_word' id='word_1_636' title='bbox 2857 2791 3247 2862; x_wconf 86' lang='lat' dir='ltr'><strong><em>interpretatus</em></strong></span> <span class='ocrx_word' id='word_1_637' title='bbox 3271 2806 3419 2851; x_wconf 86' lang='lat' dir='ltr'><strong><em>esset</em></strong></span> 
     </span>
    </p>
   </div>
   <div class='ocr_carea' id='block_1_94' title="bbox 1836 2881 3418 2954">
    <p class='ocr_par' dir='ltr' id='par_1_94' title="bbox 1836 2881 3418 2954">
     <span class='ocr_line' id='line_1_98' title="bbox 1836 2881 3418 2954; baseline 0.004 -16"><span class='ocrx_word' id='word_1_638' title='bbox 1836 2893 2077 2954; x_wconf 88' lang='lat' dir='ltr'><strong><em>apertam</em></strong></span> <span class='ocrx_word' id='word_1_639' title='bbox 2111 2895 2168 2939; x_wconf 90' lang='lat' dir='ltr'><strong><em>et</em></strong></span> <span class='ocrx_word' id='word_1_640' title='bbox 2200 2885 2252 2939; x_wconf 91' lang='lat' dir='ltr'><strong><em>in</em></strong></span> <span class='ocrx_word' id='word_1_641' title='bbox 2279 2883 2526 2939; x_wconf 76' lang='lat' dir='ltr'><strong><em>confesso</em></strong></span> <span class='ocrx_word' id='word_1_642' title='bbox 2565 2881 2790 2951; x_wconf 84' lang='lat' dir='ltr'><strong><em>positam</em></strong></span> <span class='ocrx_word' id='word_1_643' title='bbox 2817 2883 2882 2937; x_wconf 90' lang='lat' dir='ltr'><strong><em>de</em></strong></span> <span class='ocrx_word' id='word_1_644' title='bbox 2909 2884 3098 2939; x_wconf 90' lang='lat' dir='ltr'><strong><em>eodem</em></strong></span> <span class='ocrx_word' id='word_1_645' title='bbox 3129 2885 3418 2944; x_wconf 78' lang='lat' dir='ltr'><strong><em>Servatore</em></strong></span> 
     </span>
    </p>
   </div>
   <div class='ocr_carea' id='block_1_95' title="bbox 1835 3068 3416 3143">
    <p class='ocr_par' dir='ltr' id='par_1_95' title="bbox 1835 3068 3416 3143">
     <span class='ocr_line' id='line_1_99' title="bbox 1835 3068 3416 3143; baseline 0.002 -21"><span class='ocrx_word' id='word_1_646' title='bbox 1835 3069 2316 3136; x_wconf 79' lang='lat' dir='ltr'><strong><em>terpretationibus</em></strong></span> <span class='ocrx_word' id='word_1_647' title='bbox 2354 3068 2546 3138; x_wconf 86' lang='lat' dir='ltr'><strong><em>liquet,</em></strong></span> <span class='ocrx_word' id='word_1_648' title='bbox 2606 3079 2717 3126; x_wconf 91' lang='lat' dir='ltr'><strong><em>tum</em></strong></span> <span class='ocrx_word' id='word_1_649' title='bbox 2751 3073 3020 3143; x_wconf 67' lang='lat' dir='ltr'><strong><em>praecipue</em></strong></span> <span class='ocrx_word' id='word_1_650' title='bbox 3069 3085 3136 3124; x_wconf 81' lang='lat' dir='ltr'><strong><em>ex</em></strong></span> <span class='ocrx_word' id='word_1_651' title='bbox 3193 3071 3306 3137; x_wconf 89' lang='lat' dir='ltr'><strong><em>illa,</em></strong></span> <span class='ocrx_word' id='word_1_652' title='bbox 3347 3070 3416 3125; x_wconf 80' lang='lat' dir='ltr'><strong><em>de</em></strong></span> 
     </span>
    </p>
   </div>
   <div class='ocr_carea' id='block_1_96' title="bbox 1831 3156 3416 3232">
    <p class='ocr_par' dir='ltr' id='par_1_96' title="bbox 1831 3156 3416 3232">
     <span class='ocr_line' id='line_1_100' title="bbox 1831 3156 3416 3232; baseline 0.003 -21"><span class='ocrx_word' id='word_1_653' title='bbox 1831 3156 2145 3214; x_wconf 87' lang='lat' dir='ltr'><strong><em>Proverblis</em></strong></span> <span class='ocrx_word' id='word_1_654' title='bbox 2204 3158 2532 3226; x_wconf 88' lang='lat' dir='ltr'><strong><em>Salomonis,</em></strong></span> <span class='ocrx_word' id='word_1_655' title='bbox 2585 3159 2676 3216; x_wconf 90' lang='lat' dir='ltr'><strong><em>ubi</em></strong></span> <span class='ocrx_word' id='word_1_656' title='bbox 2725 3159 3086 3216; x_wconf 86' lang='lat' dir='ltr'><strong><em>introducitur</em></strong></span> <span class='ocrx_word' id='word_1_657' title='bbox 3139 3160 3416 3232; x_wconf 71' lang='lat' dir='ltr'><strong><em>Sapientia</em></strong></span> 
     </span>
    </p>
   </div>
   <div class='ocr_carea' id='block_1_97' title="bbox 1831 3251 3417 3325">
    <p class='ocr_par' dir='ltr' id='par_1_97' title="bbox 1831 3251 3417 3325">
     <span class='ocr_line' id='line_1_101' title="bbox 1831 3251 3417 3325; baseline 0.002 -19"><span class='ocrx_word' id='word_1_658' title='bbox 1831 3252 2192 3320; x_wconf 82' lang='lat' dir='ltr'><strong><em>personaliter</em></strong></span> <span class='ocrx_word' id='word_1_659' title='bbox 2215 3251 2280 3306; x_wconf 88' lang='lat' dir='ltr'><strong><em>de</em></strong></span> <span class='ocrx_word' id='word_1_660' title='bbox 2310 3253 2488 3321; x_wconf 87' lang='lat' dir='ltr'><strong><em>seipsa</em></strong></span> <span class='ocrx_word' id='word_1_661' title='bbox 2519 3253 2593 3307; x_wconf 89' lang='lat' dir='ltr'><strong><em>ita</em></strong></span> <span class='ocrx_word' id='word_1_662' title='bbox 2622 3253 2900 3324; x_wconf 87' lang='lat' dir='ltr'><strong><em>prolocuta</em></strong></span> <span class='ocrx_word' id='word_1_663' title='bbox 2921 3253 2966 3285; x_wconf 75' lang='grc' dir='ltr'><em>θ’</em></span> <span class='ocrx_word' id='word_1_664' title='bbox 2999 3266 3015 3307; x_wconf 87' lang='lat'><strong>:</strong></span> <span class='ocrx_word' id='word_1_665' title='bbox 3044 3252 3159 3325; x_wconf 87' lang='lat' dir='ltr'><strong><em>Ego</em></strong></span> <span class='ocrx_word' id='word_1_666' title='bbox 3190 3253 3417 3324; x_wconf 83' lang='lat' dir='ltr'><strong><em>Sapien-</em></strong></span> 
     </span>
    </p>
   </div>
   <div class='ocr_carea' id='block_1_98' title="bbox 1833 3343 3413 3415">
    <p class='ocr_par' dir='ltr' id='par_1_98' title="bbox 1833 3343 3413 3415">
     <span class='ocr_line' id='line_1_102' title="bbox 1833 3343 3413 3415; baseline 0.003 -19"><span class='ocrx_word' id='word_1_667' title='bbox 1833 3344 1909 3396; x_wconf 91' lang='lat' dir='ltr'><strong><em>tia</em></strong></span> <span class='ocrx_word' id='word_1_668' title='bbox 1940 3343 2118 3397; x_wconf 81' lang='lat' dir='ltr'><strong><em>habito</em></strong></span> <span class='ocrx_word' id='word_1_669' title='bbox 2144 3344 2201 3397; x_wconf 89' lang='lat' dir='ltr'><strong><em>in</em></strong></span> <span class='ocrx_word' id='word_1_670' title='bbox 2233 3343 2475 3407; x_wconf 87' lang='lat' dir='ltr'><strong><em>consilio,</em></strong></span> <span class='ocrx_word' id='word_1_671' title='bbox 2520 3354 2568 3398; x_wconf 90' lang='lat' dir='ltr'><strong><em>et</em></strong></span> <span class='ocrx_word' id='word_1_672' title='bbox 2606 3345 2830 3400; x_wconf 86' lang='lat' dir='ltr'><strong><em>eruditis</em></strong></span> <span class='ocrx_word' id='word_1_673' title='bbox 2856 3344 3108 3399; x_wconf 86' lang='lat' dir='ltr'><strong><em>intersum</em></strong></span> <span class='ocrx_word' id='word_1_674' title='bbox 3137 3347 3413 3415; x_wconf 84' lang='lat' dir='ltr'><strong><em>cogitatio-</em></strong></span> 
     </span>
    </p>
   </div>
   <div class='ocr_carea' id='block_1_99' title="bbox 1832 3434 3416 3507">
    <p class='ocr_par' dir='ltr' id='par_1_99' title="bbox 1832 3434 3416 3507">
     <span class='ocr_line' id='line_1_103' title="bbox 1832 3434 3416 3507; baseline 0.003 -20"><span class='ocrx_word' id='word_1_675' title='bbox 1832 3436 2007 3492; x_wconf 81' lang='lat' dir='ltr'><strong><em>nibus.</em></strong></span> <span class='ocrx_word' id='word_1_676' title='bbox 2064 3434 2246 3489; x_wconf 86' lang='lat' dir='ltr'><strong><em>Timor</em></strong></span> <span class='ocrx_word' id='word_1_677' title='bbox 2279 3435 2486 3490; x_wconf 90' lang='lat' dir='ltr'><strong><em>Domini</em></strong></span> <span class='ocrx_word' id='word_1_678' title='bbox 2535 3437 2644 3490; x_wconf 91' lang='lat' dir='ltr'><strong><em>odit</em></strong></span> <span class='ocrx_word' id='word_1_679' title='bbox 2694 3437 2916 3502; x_wconf 89' lang='lat' dir='ltr'><strong><em>malum,</em></strong></span> <span class='ocrx_word' id='word_1_680' title='bbox 2973 3439 3332 3507; x_wconf 89' lang='lat' dir='ltr'><strong><em>arrogantiam</em></strong></span> <span class='ocrx_word' id='word_1_681' title='bbox 3364 3449 3416 3492; x_wconf 90' lang='lat' dir='ltr'><strong><em>et</em></strong></span> 
     </span>
    </p>
   </div>
   <div class='ocr_carea' id='block_1_100' title="bbox 1831 3523 3412 3598">
    <p class='ocr_par' dir='ltr' id='par_1_100' title="bbox 1831 3523 3412 3598">
     <span class='ocr_line' id='line_1_104' title="bbox 1831 3523 3412 3598; baseline 0.002 -19"><span class='ocrx_word' id='word_1_682' title='bbox 1831 3523 2152 3593; x_wconf 79' lang='lat' dir='ltr'><strong><em>superbiam,</em></strong></span> <span class='ocrx_word' id='word_1_683' title='bbox 2191 3537 2238 3580; x_wconf 94' lang='lat' dir='ltr'><strong><em>et</em></strong></span> <span class='ocrx_word' id='word_1_684' title='bbox 2265 3526 2404 3580; x_wconf 79' lang='lat' dir='ltr'><strong><em>viam</em></strong></span> <span class='ocrx_word' id='word_1_685' title='bbox 2437 3542 2656 3595; x_wconf 83' lang='lat' dir='ltr'><strong><em>pravam</em></strong></span> <span class='ocrx_word' id='word_1_686' title='bbox 2689 3543 2709 3582; x_wconf 88' lang='lat'><strong><em>:</em></strong></span> <span class='ocrx_word' id='word_1_687' title='bbox 2736 3537 2785 3580; x_wconf 92' lang='lat' dir='ltr'><strong><em>et</em></strong></span> <span class='ocrx_word' id='word_1_688' title='bbox 2815 3544 2872 3581; x_wconf 92' lang='lat' dir='ltr'><strong><em>os</em></strong></span> <span class='ocrx_word' id='word_1_689' title='bbox 2903 3527 3132 3598; x_wconf 89' lang='lat' dir='ltr'><strong><em>bilingue</em></strong></span> <span class='ocrx_word' id='word_1_690' title='bbox 3161 3530 3412 3582; x_wconf 88' lang='lat' dir='ltr'><strong><em>detestor.</em></strong></span> 
     </span>
    </p>
   </div>
   <div class='ocr_carea' id='block_1_101' title="bbox 1831 3615 3412 3688">
    <p class='ocr_par' dir='ltr' id='par_1_101' title="bbox 1831 3615 3412 3688">
     <span class='ocr_line' id='line_1_105' title="bbox 1831 3615 3412 3688; baseline 0.003 -19"><span class='ocrx_word' id='word_1_691' title='bbox 1831 3615 2008 3670; x_wconf 80' lang='lat' dir='ltr'><strong><em>Meum</em></strong></span> <span class='ocrx_word' id='word_1_692' title='bbox 2033 3630 2109 3671; x_wconf 90' lang='lat' dir='ltr'><strong><em>est</em></strong></span> <span class='ocrx_word' id='word_1_693' title='bbox 2133 3619 2411 3672; x_wconf 84' lang='lat' dir='ltr'><strong><em>consilium</em></strong></span> <span class='ocrx_word' id='word_1_694' title='bbox 2432 3626 2483 3672; x_wconf 88' lang='lat' dir='ltr'><strong><em>et</em></strong></span> <span class='ocrx_word' id='word_1_695' title='bbox 2514 3620 2756 3686; x_wconf 76' lang='lat' dir='ltr'><strong><em>aequitas,</em></strong></span> <span class='ocrx_word' id='word_1_696' title='bbox 2806 3635 2919 3673; x_wconf 88' lang='lat' dir='ltr'><strong><em>mea</em></strong></span> <span class='ocrx_word' id='word_1_697' title='bbox 2940 3626 3018 3673; x_wconf 89' lang='lat' dir='ltr'><strong><em>est</em></strong></span> <span class='ocrx_word' id='word_1_698' title='bbox 3039 3629 3086 3673; x_wconf 91' lang='lat' dir='ltr'><strong><em>et</em></strong></span> <span class='ocrx_word' id='word_1_699' title='bbox 3112 3621 3412 3688; x_wconf 81' lang='lat' dir='ltr'><strong><em>prudentia,</em></strong></span> 
     </span>
    </p>
   </div>
   <div class='ocr_carea' id='block_1_102' title="bbox 1833 3708 3417 3780">
    <p class='ocr_par' dir='ltr' id='par_1_102' title="bbox 1833 3708 3417 3780">
     <span class='ocr_line' id='line_1_106' title="bbox 1833 3708 3417 3780; baseline 0.001 -18"><span class='ocrx_word' id='word_1_700' title='bbox 1833 3725 1950 3763; x_wconf 88' lang='lat' dir='ltr'><strong><em>mea</em></strong></span> <span class='ocrx_word' id='word_1_701' title='bbox 1991 3719 2068 3763; x_wconf 87' lang='lat' dir='ltr'><strong><em>est</em></strong></span> <span class='ocrx_word' id='word_1_702' title='bbox 2097 3711 2381 3779; x_wconf 76' lang='lat' dir='ltr'><strong><em>fortitudo.</em></strong></span> <span class='ocrx_word' id='word_1_703' title='bbox 2408 3708 2516 3764; x_wconf 86' lang='lat' dir='ltr'><strong><em>Per</em></strong></span> <span class='ocrx_word' id='word_1_704' title='bbox 2547 3725 2629 3763; x_wconf 87' lang='lat' dir='ltr'><strong><em>me</em></strong></span> <span class='ocrx_word' id='word_1_705' title='bbox 2660 3725 2804 3780; x_wconf 86' lang='lat' dir='ltr'><strong><em>reges</em></strong></span> <span class='ocrx_word' id='word_1_706' title='bbox 2826 3719 3071 3780; x_wconf 86' lang='lat' dir='ltr'><strong><em>regnant,</em></strong></span> <span class='ocrx_word' id='word_1_707' title='bbox 3105 3721 3154 3766; x_wconf 93' lang='lat' dir='ltr'><strong><em>et</em></strong></span> <span class='ocrx_word' id='word_1_708' title='bbox 3180 3712 3417 3766; x_wconf 83' lang='lat' dir='ltr'><strong><em>condito-</em></strong></span> 
     </span>
    </p>
   </div>
   <div class='ocr_carea' id='block_1_103' title="bbox 1833 3799 3414 3874">
    <p class='ocr_par' dir='ltr' id='par_1_103' title="bbox 1833 3799 3414 3874">
     <span class='ocr_line' id='line_1_107' title="bbox 1833 3799 3414 3874; baseline 0.003 -21"><span class='ocrx_word' id='word_1_709' title='bbox 1833 3816 1912 3854; x_wconf 89' lang='lat' dir='ltr'><strong><em>res</em></strong></span> <span class='ocrx_word' id='word_1_710' title='bbox 1943 3801 2112 3871; x_wconf 88' lang='lat' dir='ltr'><strong><em>legum</em></strong></span> <span class='ocrx_word' id='word_1_711' title='bbox 2153 3803 2305 3870; x_wconf 88' lang='lat' dir='ltr'><strong><em>justa</em></strong></span> <span class='ocrx_word' id='word_1_712' title='bbox 2334 3803 2639 3856; x_wconf 88' lang='lat' dir='ltr'><strong><em>decernunt.</em></strong></span> <span class='ocrx_word' id='word_1_713' title='bbox 2687 3799 2794 3857; x_wconf 88' lang='lat' dir='ltr'><strong><em>Per</em></strong></span> <span class='ocrx_word' id='word_1_714' title='bbox 2821 3819 2902 3858; x_wconf 85' lang='lat' dir='ltr'><strong><em>me</em></strong></span> <span class='ocrx_word' id='word_1_715' title='bbox 2954 3804 3212 3874; x_wconf 83' lang='lat' dir='ltr'><strong><em>principes</em></strong></span> <span class='ocrx_word' id='word_1_716' title='bbox 3245 3804 3414 3873; x_wconf 86' lang='lat' dir='ltr'><strong><em>impe-</em></strong></span> 
     </span>
    </p>
   </div>
   <div class='ocr_carea' id='block_1_104' title="bbox 1834 3894 3414 3966">
    <p class='ocr_par' dir='ltr' id='par_1_104' title="bbox 1834 3894 3414 3966">
     <span class='ocr_line' id='line_1_108' title="bbox 1834 3894 3414 3966; baseline 0.003 -22"><span class='ocrx_word' id='word_1_717' title='bbox 1834 3903 1974 3959; x_wconf 90' lang='lat' dir='ltr'><strong><em>rant,</em></strong></span> <span class='ocrx_word' id='word_1_718' title='bbox 2002 3905 2048 3946; x_wconf 93' lang='lat' dir='ltr'><strong><em>et</em></strong></span> <span class='ocrx_word' id='word_1_719' title='bbox 2087 3903 2320 3962; x_wconf 87' lang='lat' dir='ltr'><strong><em>potentes</em></strong></span> <span class='ocrx_word' id='word_1_720' title='bbox 2351 3895 2634 3948; x_wconf 87' lang='lat' dir='ltr'><strong><em>decernunt</em></strong></span> <span class='ocrx_word' id='word_1_721' title='bbox 2673 3895 2962 3964; x_wconf 88' lang='lat' dir='ltr'><strong><em>justitiam.</em></strong></span> <span class='ocrx_word' id='word_1_722' title='bbox 2997 3894 3110 3966; x_wconf 89' lang='lat' dir='ltr'><strong><em>Ego</em></strong></span> <span class='ocrx_word' id='word_1_723' title='bbox 3139 3895 3414 3966; x_wconf 86' lang='lat' dir='ltr'><strong><em>diligentes</em></strong></span> 
     </span>
    </p>
   </div>
   <div class='ocr_carea' id='block_1_105' title="bbox 1831 3985 3416 4058">
    <p class='ocr_par' dir='ltr' id='par_1_105' title="bbox 1831 3985 3416 4058">
     <span class='ocr_line' id='line_1_109' title="bbox 1831 3985 3416 4058; baseline 0.004 -22"><span class='ocrx_word' id='word_1_724' title='bbox 1831 3999 1913 4036; x_wconf 88' lang='lat' dir='ltr'><strong><em>me</em></strong></span> <span class='ocrx_word' id='word_1_725' title='bbox 1934 3985 2121 4054; x_wconf 84' lang='lat' dir='ltr'><strong><em>diligo,</em></strong></span> <span class='ocrx_word' id='word_1_726' title='bbox 2150 3993 2202 4038; x_wconf 91' lang='lat' dir='ltr'><strong><em>et</em></strong></span> <span class='ocrx_word' id='word_1_727' title='bbox 2233 3987 2322 4054; x_wconf 87' lang='lat' dir='ltr'><strong><em>qui</em></strong></span> <span class='ocrx_word' id='word_1_728' title='bbox 2347 3997 2703 4057; x_wconf 70' lang='lat' dir='ltr'><strong><em>quazruntme,</em></strong></span> <span class='ocrx_word' id='word_1_729' title='bbox 2747 3989 3004 4042; x_wconf 81' lang='lat' dir='ltr'><strong><em>invenient</em></strong></span> <span class='ocrx_word' id='word_1_730' title='bbox 3025 3990 3272 4058; x_wconf 88' lang='lat' dir='ltr'><strong><em>gratiam.</em></strong></span> <span class='ocrx_word' id='word_1_731' title='bbox 3298 3986 3416 4042; x_wconf 77' lang='lat' dir='ltr'><strong><em>Me-</em></strong></span> 
     </span>
    </p>
   </div>
   <div class='ocr_carea' id='block_1_106' title="bbox 1832 4078 3409 4150">
    <p class='ocr_par' dir='ltr' id='par_1_106' title="bbox 1832 4078 3409 4150">
     <span class='ocr_line' id='line_1_110' title="bbox 1832 4078 3409 4150; baseline 0.006 -22"><span class='ocrx_word' id='word_1_732' title='bbox 1832 4091 1950 4128; x_wconf 89' lang='lat' dir='ltr'><strong><em>cum</em></strong></span> <span class='ocrx_word' id='word_1_733' title='bbox 1980 4087 2102 4130; x_wconf 90' lang='lat' dir='ltr'><strong><em>sunt</em></strong></span> <span class='ocrx_word' id='word_1_734' title='bbox 2135 4078 2357 4142; x_wconf 67' lang='lat' dir='ltr'><strong><em>divitiae,</em></strong></span> <span class='ocrx_word' id='word_1_735' title='bbox 2394 4089 2442 4133; x_wconf 93' lang='lat' dir='ltr'><strong><em>et</em></strong></span> <span class='ocrx_word' id='word_1_736' title='bbox 2482 4079 2676 4150; x_wconf 86' lang='lat' dir='ltr'><strong><em>gloria,</em></strong></span> <span class='ocrx_word' id='word_1_737' title='bbox 2702 4096 2821 4148; x_wconf 81' lang='lat' dir='ltr'><strong><em>Opes</em></strong></span> <span class='ocrx_word' id='word_1_738' title='bbox 2846 4080 3081 4147; x_wconf 74' lang='lat' dir='ltr'><strong><em>superba:</em></strong></span> <span class='ocrx_word' id='word_1_739' title='bbox 3107 4090 3154 4134; x_wconf 91' lang='lat' dir='ltr'><strong><em>et</em></strong></span> <span class='ocrx_word' id='word_1_740' title='bbox 3176 4081 3409 4150; x_wconf 74' lang='lat' dir='ltr'><strong><em>iustitia.</em></strong></span> 
     </span>
    </p>
   </div>
   <div class='ocr_carea' id='block_1_107' title="bbox 1833 4168 3411 4244">
    <p class='ocr_par' dir='ltr' id='par_1_107' title="bbox 1833 4168 3411 4244">
     <span class='ocr_line' id='line_1_111' title="bbox 1833 4168 3411 4244; baseline 0.006 -22"><span class='ocrx_word' id='word_1_741' title='bbox 1833 4168 2026 4222; x_wconf 79' lang='lat' dir='ltr'><strong><em>Melior</em></strong></span> <span class='ocrx_word' id='word_1_742' title='bbox 2056 4178 2133 4224; x_wconf 90' lang='lat' dir='ltr'><strong><em>est</em></strong></span> <span class='ocrx_word' id='word_1_743' title='bbox 2170 4170 2375 4239; x_wconf 80' lang='lat' dir='ltr'><strong><em>fructus</em></strong></span> <span class='ocrx_word' id='word_1_744' title='bbox 2413 4189 2558 4227; x_wconf 86' lang='lat' dir='ltr'><strong><em>meus</em></strong></span> <span class='ocrx_word' id='word_1_745' title='bbox 2600 4189 2732 4228; x_wconf 88' lang='lat' dir='ltr'><strong><em>auro</em></strong></span> <span class='ocrx_word' id='word_1_746' title='bbox 2770 4185 2818 4228; x_wconf 89' lang='lat' dir='ltr'><strong><em>et</em></strong></span> <span class='ocrx_word' id='word_1_747' title='bbox 2852 4175 3026 4244; x_wconf 90' lang='lat' dir='ltr'><strong><em>lapide</em></strong></span> <span class='ocrx_word' id='word_1_748' title='bbox 3061 4177 3288 4244; x_wconf 89' lang='lat' dir='ltr'><strong><em>pretioso</em></strong></span> <span class='ocrx_word' id='word_1_749' title='bbox 3317 4189 3338 4229; x_wconf 89' lang='lat'><strong><em>:</em></strong></span> <span class='ocrx_word' id='word_1_750' title='bbox 3361 4183 3411 4231; x_wconf 83' lang='lat' dir='ltr'><strong><em>et</em></strong></span> 
     </span>
    </p>
   </div>
   <div class='ocr_carea' id='block_1_108' title="bbox 1831 4261 3410 4336">
    <p class='ocr_par' dir='ltr' id='par_1_108' title="bbox 1831 4261 3410 4336">
     <span class='ocr_line' id='line_1_112' title="bbox 1831 4261 3410 4336; baseline 0.007 -24"><span class='ocrx_word' id='word_1_751' title='bbox 1831 4261 2097 4330; x_wconf 87' lang='lat' dir='ltr'><strong><em>genimina</em></strong></span> <span class='ocrx_word' id='word_1_752' title='bbox 2124 4278 2236 4315; x_wconf 86' lang='lat' dir='ltr'><strong><em>mea</em></strong></span> <span class='ocrx_word' id='word_1_753' title='bbox 2261 4275 2476 4334; x_wconf 86' lang='lat' dir='ltr'><strong><em>argento</em></strong></span> <span class='ocrx_word' id='word_1_754' title='bbox 2505 4266 2685 4321; x_wconf 90' lang='lat' dir='ltr'><strong><em>electo.</em></strong></span> <span class='ocrx_word' id='word_1_755' title='bbox 2723 4266 2790 4321; x_wconf 78' lang='lat' dir='ltr'><strong><em>In</em></strong></span> <span class='ocrx_word' id='word_1_756' title='bbox 2815 4268 2908 4321; x_wconf 87' lang='lat' dir='ltr'><strong><em>viis</em></strong></span> <span class='ocrx_word' id='word_1_757' title='bbox 2927 4267 3149 4336; x_wconf 84' lang='lat' dir='ltr'><strong><em>justitite</em></strong></span> <span class='ocrx_word' id='word_1_758' title='bbox 3175 4268 3410 4323; x_wconf 87' lang='lat' dir='ltr'><strong><em>ambulo.</em></strong></span> 
     </span>
    </p>
   </div>
   <div class='ocr_carea' id='block_1_109' title="bbox 1835 4349 3415 4424">
    <p class='ocr_par' dir='ltr' id='par_1_109' title="bbox 1835 4349 3415 4424">
     <span class='ocr_line' id='line_1_113' title="bbox 1835 4349 3415 4424; baseline 0.006 -21"><span class='ocrx_word' id='word_1_759' title='bbox 1835 4349 1902 4404; x_wconf 86' lang='lat' dir='ltr'><strong><em>In</em></strong></span> <span class='ocrx_word' id='word_1_760' title='bbox 1937 4352 2106 4406; x_wconf 90' lang='lat' dir='ltr'><strong><em>medio</em></strong></span> <span class='ocrx_word' id='word_1_761' title='bbox 2142 4354 2450 4408; x_wconf 89' lang='lat' dir='ltr'><strong><em>semitarum</em></strong></span> <span class='ocrx_word' id='word_1_762' title='bbox 2477 4356 2672 4424; x_wconf 86' lang='lat' dir='ltr'><strong><em>judicii</em></strong></span> <span class='ocrx_word' id='word_1_763' title='bbox 2709 4374 3002 4422; x_wconf 88' lang='lat' dir='ltr'><strong><em>conversor,</em></strong></span> <span class='ocrx_word' id='word_1_764' title='bbox 3036 4367 3093 4412; x_wconf 89' lang='lat' dir='ltr'><strong><em>ut</em></strong></span> <span class='ocrx_word' id='word_1_765' title='bbox 3135 4359 3295 4413; x_wconf 86' lang='lat' dir='ltr'><strong><em>ditem</em></strong></span> <span class='ocrx_word' id='word_1_766' title='bbox 3327 4360 3415 4412; x_wconf 79' lang='lat' dir='ltr'><strong><em>di-</em></strong></span> 
     </span>
    </p>
   </div>
   <div class='ocr_carea' id='block_1_110' title="bbox 1829 4441 3412 4518">
    <p class='ocr_par' dir='ltr' id='par_1_110' title="bbox 1829 4441 3412 4518">
     <span class='ocr_line' id='line_1_114' title="bbox 1829 4441 3412 4518; baseline 0.006 -23"><span class='ocrx_word' id='word_1_767' title='bbox 1829 4441 2045 4513; x_wconf 75' lang='lat' dir='ltr'><strong><em>ligentes</em></strong></span> <span class='ocrx_word' id='word_1_768' title='bbox 2078 4461 2180 4512; x_wconf 89' lang='lat' dir='ltr'><strong><em>me,</em></strong></span> <span class='ocrx_word' id='word_1_769' title='bbox 2228 4455 2276 4500; x_wconf 91' lang='lat' dir='ltr'><strong><em>et</em></strong></span> <span class='ocrx_word' id='word_1_770' title='bbox 2317 4446 2590 4504; x_wconf 79' lang='lat' dir='ltr'><strong><em>thesauros</em></strong></span> <span class='ocrx_word' id='word_1_771' title='bbox 2627 4466 2805 4504; x_wconf 87' lang='lat' dir='ltr'><strong><em>eorum</em></strong></span> <span class='ocrx_word' id='word_1_772' title='bbox 2840 4451 3088 4518; x_wconf 89' lang='lat' dir='ltr'><strong><em>repleam.</em></strong></span> <span class='ocrx_word' id='word_1_773' title='bbox 3116 4449 3175 4504; x_wconf 91' lang='lat' dir='ltr'><strong><em>Si</em></strong></span> <span class='ocrx_word' id='word_1_774' title='bbox 3198 4467 3412 4504; x_wconf 83' lang='lat' dir='ltr'><strong><em>annun-</em></strong></span> 
     </span>
    </p>
   </div>
   <div class='ocr_carea' id='block_1_111' title="bbox 1832 4539 3412 4611">
    <p class='ocr_par' dir='ltr' id='par_1_111' title="bbox 1832 4539 3412 4611">
     <span class='ocr_line' id='line_1_115' title="bbox 1832 4539 3412 4611; baseline 0.006 -22"><span class='ocrx_word' id='word_1_775' title='bbox 1832 4539 2029 4592; x_wconf 73' lang='lat' dir='ltr'><strong><em>tiavero</em></strong></span> <span class='ocrx_word' id='word_1_776' title='bbox 2055 4539 2218 4611; x_wconf 66' lang='lat' dir='ltr'><strong><em>{vobis</em></strong></span> <span class='ocrx_word' id='word_1_777' title='bbox 2269 4557 2386 4610; x_wconf 68' lang='lat' dir='ltr'><strong><em>quae</em></strong></span> <span class='ocrx_word' id='word_1_778' title='bbox 2415 4559 2509 4611; x_wconf 86' lang='lat' dir='ltr'><strong><em>per</em></strong></span> <span class='ocrx_word' id='word_1_779' title='bbox 2528 4543 2643 4597; x_wconf 88' lang='lat' dir='ltr'><strong><em>dies</em></strong></span> <span class='ocrx_word' id='word_1_780' title='bbox 2697 4545 3038 4609; x_wconf 87' lang='lat' dir='ltr'><strong><em>creabantur,</em></strong></span> <span class='ocrx_word' id='word_1_781' title='bbox 3095 4545 3412 4599; x_wconf 89' lang='lat' dir='ltr'><strong><em>numeratim</em></strong></span> 
     </span>
    </p>
   </div>
   <div class='ocr_carea' id='block_1_112' title="bbox 1831 4633 3410 4712">
    <p class='ocr_par' dir='ltr' id='par_1_112' title="bbox 1831 4633 3410 4712">
     <span class='ocr_line' id='line_1_116' title="bbox 1831 4633 3410 4712; baseline 0.007 -31"><span class='ocrx_word' id='word_1_782' title='bbox 1831 4633 2146 4685; x_wconf 86' lang='lat' dir='ltr'><strong><em>recordabar</em></strong></span> <span class='ocrx_word' id='word_1_783' title='bbox 2197 4649 2379 4686; x_wconf 86' lang='lat' dir='ltr'><strong><em>eorum</em></strong></span> <span class='ocrx_word' id='word_1_784' title='bbox 2411 4651 2530 4706; x_wconf 74' lang='lat' dir='ltr'><strong><em>qua:</em></strong></span> <span class='ocrx_word' id='word_1_785' title='bbox 2574 4654 2607 4689; x_wconf 87' lang='lat' dir='ltr'><strong><em>a</em></strong></span> <span class='ocrx_word' id='word_1_786' title='bbox 2631 4637 2847 4693; x_wconf 63' lang='lat' dir='ltr'><strong><em>sarculo.</em></strong></span> <span class='ocrx_word' id='word_1_787' title='bbox 2886 4637 3140 4693; x_wconf 90' lang='lat' dir='ltr'><strong><em>Dominus</em></strong></span> <span class='ocrx_word' id='word_1_788' title='bbox 3179 4641 3410 4712; x_wconf 89' lang='lat' dir='ltr'><strong><em>possedit</em></strong></span> 
     </span>
    </p>
   </div>
   <div class='ocr_carea' id='block_1_113' title="bbox 1829 4725 3410 4800">
    <p class='ocr_par' dir='ltr' id='par_1_113' title="bbox 1829 4725 3410 4800">
     <span class='ocr_line' id='line_1_117' title="bbox 1829 4725 3410 4800; baseline 0.009 -27"><span class='ocrx_word' id='word_1_789' title='bbox 1829 4736 1912 4776; x_wconf 87' lang='lat' dir='ltr'><strong><em>me</em></strong></span> <span class='ocrx_word' id='word_1_790' title='bbox 1953 4733 2164 4778; x_wconf 79' lang='lat' dir='ltr'><strong><em>tmttum</em></strong></span> <span class='ocrx_word' id='word_1_791' title='bbox 2194 4725 2397 4780; x_wconf 78' lang='lat' dir='ltr'><strong><em>ciarum</em></strong></span> <span class='ocrx_word' id='word_1_792' title='bbox 2429 4743 2648 4780; x_wconf 90' lang='lat' dir='ltr'><strong><em>suarum</em></strong></span> <span class='ocrx_word' id='word_1_793' title='bbox 2680 4731 2750 4782; x_wconf 89' lang='lat' dir='ltr'><strong><em>ad</em></strong></span> <span class='ocrx_word' id='word_1_794' title='bbox 2793 4747 2950 4800; x_wconf 86' lang='lat' dir='ltr'><strong><em>opera</em></strong></span> <span class='ocrx_word' id='word_1_795' title='bbox 2992 4748 3111 4798; x_wconf 89' lang='lat' dir='ltr'><strong><em>sua,</em></strong></span> <span class='ocrx_word' id='word_1_796' title='bbox 3153 4743 3273 4787; x_wconf 88' lang='lat' dir='ltr'><strong><em>ante</em></strong></span> <span class='ocrx_word' id='word_1_797' title='bbox 3303 4749 3410 4788; x_wconf 76' lang='lat' dir='ltr'><strong><em>sa:-</em></strong></span> 
     </span>
    </p>
   </div>
   <div class='ocr_carea' id='block_1_114' title="bbox 1831 4814 3410 4890">
    <p class='ocr_par' dir='ltr' id='par_1_114' title="bbox 1831 4814 3410 4890">
     <span class='ocr_line' id='line_1_118' title="bbox 1831 4814 3410 4890; baseline 0.008 -25"><span class='ocrx_word' id='word_1_798' title='bbox 1831 4814 1949 4866; x_wconf 86' lang='lat' dir='ltr'><strong><em>cula</em></strong></span> <span class='ocrx_word' id='word_1_799' title='bbox 1982 4815 2224 4882; x_wconf 76' lang='lat' dir='ltr'><strong><em>[undavit</em></strong></span> <span class='ocrx_word' id='word_1_800' title='bbox 2255 4833 2374 4882; x_wconf 86' lang='lat' dir='ltr'><strong><em>me;</em></strong></span> <span class='ocrx_word' id='word_1_801' title='bbox 2422 4819 2476 4873; x_wconf 88' lang='lat' dir='ltr'><strong><em>in</em></strong></span> <span class='ocrx_word' id='word_1_802' title='bbox 2527 4821 2804 4888; x_wconf 87' lang='lat' dir='ltr'><strong><em>principio,</em></strong></span> <span class='ocrx_word' id='word_1_803' title='bbox 2856 4822 3162 4890; x_wconf 87' lang='lat' dir='ltr'><strong><em>priusquam</em></strong></span> <span class='ocrx_word' id='word_1_804' title='bbox 3211 4831 3410 4878; x_wconf 81' lang='lat' dir='ltr'><strong><em>terram</em></strong></span> 
     </span>
    </p>
   </div>
   <div class='ocr_carea' id='block_1_115' title="bbox 1829 4905 3410 4984">
    <p class='ocr_par' dir='ltr' id='par_1_115' title="bbox 1829 4905 3410 4984">
     <span class='ocr_line' id='line_1_119' title="bbox 1829 4905 3410 4984; baseline 0.009 -29"><span class='ocrx_word' id='word_1_805' title='bbox 1829 4905 2091 4959; x_wconf 85' lang='lat' dir='ltr'><strong><em>conderet.</em></strong></span> <span class='ocrx_word' id='word_1_806' title='bbox 2124 4905 2378 4962; x_wconf 86' lang='lat' dir='ltr'><strong><em>Nondum</em></strong></span> <span class='ocrx_word' id='word_1_807' title='bbox 2407 4919 2553 4964; x_wconf 88' lang='lat' dir='ltr'><strong><em>erant</em></strong></span> <span class='ocrx_word' id='word_1_808' title='bbox 2587 4913 2785 4984; x_wconf 79' lang='lat' dir='ltr'><strong><em>abyssi,</em></strong></span> <span class='ocrx_word' id='word_1_809' title='bbox 2823 4922 2874 4966; x_wconf 89' lang='lat' dir='ltr'><strong><em>et</em></strong></span> <span class='ocrx_word' id='word_1_810' title='bbox 2903 4931 2994 4984; x_wconf 88' lang='lat' dir='ltr'><strong><em>ego</em></strong></span> <span class='ocrx_word' id='word_1_811' title='bbox 3015 4914 3130 4984; x_wconf 90' lang='lat' dir='ltr'><strong><em>jam</em></strong></span> <span class='ocrx_word' id='word_1_812' title='bbox 3157 4925 3410 4984; x_wconf 86' lang='lat' dir='ltr'><strong><em>concepta</em></strong></span> 
     </span>
    </p>
   </div>
   <div class='ocr_carea' id='block_1_116' title="bbox 1828 4995 3408 5072">
    <p class='ocr_par' dir='ltr' id='par_1_116' title="bbox 1828 4995 3408 5072">
     <span class='ocr_line' id='line_1_120' title="bbox 1828 4995 3408 5072; baseline 0.01 -25"><span class='ocrx_word' id='word_1_813' title='bbox 1828 4995 1908 5064; x_wconf 81' lang='lat' dir='ltr'><strong><em>fui</em></strong></span> <span class='ocrx_word' id='word_1_814' title='bbox 1943 5012 1961 5049; x_wconf 91' lang='lat'><strong><em>:</em></strong></span> <span class='ocrx_word' id='word_1_815' title='bbox 1997 4999 2215 5052; x_wconf 84' lang='lat' dir='ltr'><strong><em>necdum</em></strong></span> <span class='ocrx_word' id='word_1_816' title='bbox 2262 4999 2432 5069; x_wconf 80' lang='lat' dir='ltr'><strong><em>fontes</em></strong></span> <span class='ocrx_word' id='word_1_817' title='bbox 2489 5019 2748 5072; x_wconf 88' lang='lat' dir='ltr'><strong><em>aquarum</em></strong></span> <span class='ocrx_word' id='word_1_818' title='bbox 2804 5017 3082 5071; x_wconf 89' lang='lat' dir='ltr'><strong><em>eruperant</em></strong></span> <span class='ocrx_word' id='word_1_819' title='bbox 3121 5023 3142 5061; x_wconf 87' lang='lat'><strong><em>:</em></strong></span> <span class='ocrx_word' id='word_1_820' title='bbox 3187 5010 3408 5062; x_wconf 79' lang='lat' dir='ltr'><strong><em>necdum</em></strong></span> 
     </span>
    </p>
   </div>
   <div class='ocr_carea' id='block_1_117' title="bbox 1829 5093 3408 5161">
    <p class='ocr_par' dir='ltr' id='par_1_117' title="bbox 1829 5093 3408 5161">
     <span class='ocr_line' id='line_1_121' title="bbox 1829 5093 3408 5161; baseline 0.009 -19"><span class='ocrx_word' id='word_1_821' title='bbox 1829 5100 2028 5144; x_wconf 90' lang='lat' dir='ltr'><strong><em>montes</em></strong></span> <span class='ocrx_word' id='word_1_822' title='bbox 2085 5093 2231 5161; x_wconf 86' lang='lat' dir='ltr'><strong><em>gravi</em></strong></span> <span class='ocrx_word' id='word_1_823' title='bbox 2277 5093 2412 5147; x_wconf 88' lang='lat' dir='ltr'><strong><em>male</em></strong></span> <span class='ocrx_word' id='word_1_824' title='bbox 2443 5097 2803 5154; x_wconf 89' lang='lat' dir='ltr'><strong><em>constiterant.</em></strong></span> <span class='ocrx_word' id='word_1_825' title='bbox 2837 5099 2972 5154; x_wconf 80' lang='lat' dir='ltr'><strong><em>Ante</em></strong></span> <span class='ocrx_word' id='word_1_826' title='bbox 3022 5100 3180 5154; x_wconf 86' lang='lat' dir='ltr'><strong><em>colles</em></strong></span> <span class='ocrx_word' id='word_1_827' title='bbox 3229 5118 3408 5158; x_wconf 87' lang='lat' dir='ltr'><strong><em>omnes</em></strong></span> 
     </span>
    </p>
   </div>
   <div class='ocr_carea' id='block_1_118' title="bbox 1827 5184 3408 5260">
    <p class='ocr_par' dir='ltr' id='par_1_118' title="bbox 1827 5184 3408 5260">
     <span class='ocr_line' id='line_1_122' title="bbox 1827 5184 3408 5260; baseline 0.009 -28"><span class='ocrx_word' id='word_1_828' title='bbox 1827 5195 1921 5250; x_wconf 85' lang='lat' dir='ltr'><strong><em>ego</em></strong></span> <span class='ocrx_word' id='word_1_829' title='bbox 1949 5184 2304 5248; x_wconf 82' lang='lat' dir='ltr'><strong><em>parturiebar.</em></strong></span> <span class='ocrx_word' id='word_1_830' title='bbox 2350 5184 2608 5242; x_wconf 86' lang='lat' dir='ltr'><strong><em>Dominus</em></strong></span> <span class='ocrx_word' id='word_1_831' title='bbox 2633 5188 2752 5260; x_wconf 78' lang='lat' dir='ltr'><strong><em>fecit</em></strong></span> <span class='ocrx_word' id='word_1_832' title='bbox 2783 5192 3040 5260; x_wconf 86' lang='lat' dir='ltr'><strong><em>regiones,</em></strong></span> <span class='ocrx_word' id='word_1_833' title='bbox 3067 5202 3114 5246; x_wconf 90' lang='lat' dir='ltr'><strong><em>et</em></strong></span> <span class='ocrx_word' id='word_1_834' title='bbox 3134 5194 3408 5247; x_wconf 72' lang='lat' dir='ltr'><strong><em>inhabita-</em></strong></span> 
     </span>
    </p>
   </div>
   <div class='ocr_carea' id='block_1_119' title="bbox 1831 5492 3404 5572">
    <p class='ocr_par' dir='ltr' id='par_1_119' title="bbox 1831 5492 3404 5572">
     <span class='ocr_line' id='line_1_123' title="bbox 1831 5492 3404 5572; baseline 0.005 -26"><span class='ocrx_word' id='word_1_835' title='bbox 1831 5492 2225 5572; x_wconf 71' lang='lat' dir='ltr'><strong><em>vulgaris;_.pro</em></strong></span> <span class='ocrx_word' id='word_1_836' title='bbox 2256 5494 2473 5572; x_wconf 80' lang='grc' dir='ltr'><em>βουλήν.</em></span> <span class='ocrx_word' id='word_1_837' title='bbox 2509 5496 2867 5572; x_wconf 73' lang='lat' dir='ltr'><strong><em>Symmachus</em></strong></span> <span class='ocrx_word' id='word_1_838' title='bbox 2898 5498 3136 5572; x_wconf 81' lang='lat' dir='ltr'><strong><em>habebat</em></strong></span> <span class='ocrx_word' id='word_1_839' title='bbox 3161 5515 3404 5572; x_wconf 80' lang='grc' dir='ltr'><em>πανουρ-</em></span> 
     </span>
    </p>
   </div>
   <div class='ocr_carea' id='block_1_120' title="bbox 1839 5563 3376 5632">
    <p class='ocr_par' dir='ltr' id='par_1_120' title="bbox 1839 5563 3376 5632">
     <span class='ocr_line' id='line_1_124' title="bbox 1839 5563 3376 5632; baseline 0.005 -16"><span class='ocrx_word' id='word_1_840' title='bbox 1839 5563 1976 5632; x_wconf 71' lang='lat' dir='ltr'><strong><em>(la),</em></strong></span> <span class='ocrx_word' id='word_1_841' title='bbox 2007 5563 2146 5617; x_wconf 81' lang='lat' dir='ltr'><strong><em>male</em></strong></span> <span class='ocrx_word' id='word_1_842' title='bbox 2173 5567 2225 5620; x_wconf 91' lang='lat' dir='ltr'><strong><em>in</em></strong></span> <span class='ocrx_word' id='word_1_843' title='bbox 2257 5563 2381 5621; x_wconf 75' lang='lat' dir='ltr'><strong><em>cod.</em></strong></span> <span class='ocrx_word' id='word_1_844' title='bbox 2409 5563 2601 5623; x_wconf 71' lang='lat' dir='ltr'><strong><em>nostra</em></strong></span> <span class='ocrx_word' id='word_1_845' title='bbox 2629 5568 2844 5623; x_wconf 77' lang='grc' dir='ltr'><em>εὔνοιαν</em></span> <span class='ocrx_word' id='word_1_846' title='bbox 2877 5579 3025 5626; x_wconf 82' lang='lat' dir='ltr'><strong><em>esset</em></strong></span> <span class='ocrx_word' id='word_1_847' title='bbox 3051 5570 3284 5626; x_wconf 65' lang='grc' dir='ltr'><em>ἔννοιαν.</em></span> <span class='ocrx_word' id='word_1_848' title='bbox 3307 5563 3376 5624; x_wconf 71' lang='lat' dir='ltr'><strong><em>M&#39;.</em></strong></span> 
     </span>
    </p>
   </div>
   <div class='ocr_carea' id='block_1_121' title="bbox 1823 5633 3406 5775">
    <p class='ocr_par' dir='ltr' id='par_1_121' title="bbox 1823 5633 3406 5775">
     <span class='ocr_line' id='line_1_125' title="bbox 1823 5633 3406 5775; baseline 0.004 -86"><span class='ocrx_word' id='word_1_849' title='bbox 1823 5633 2240 5775; x_wconf 56' lang='lat' dir='ltr'><strong><em>le</em></strong></span> <span class='ocrx_word' id='word_1_850' title='bbox 2284 5633 2692 5708; x_wconf 82' lang='grc' dir='ltr'><em>δικαιώματος.</em></span> <span class='ocrx_word' id='word_1_851' title='bbox 2747 5639 2853 5695; x_wconf 84' lang='lat' dir='ltr'><strong><em>Alii</em></strong></span> <span class='ocrx_word' id='word_1_852' title='bbox 2893 5638 3099 5711; x_wconf 78' lang='grc' dir='ltr'><em>τριϐῶν</em></span> <span class='ocrx_word' id='word_1_853' title='bbox 3145 5639 3406 5714; x_wconf 78' lang='grc' dir='ltr'><em>ἀληθείας</em></span> 
     </span>
    </p>
   </div>
   <div class='ocr_carea' id='block_1_122' title="bbox 3001 5870 3072 5937">
    <p class='ocr_par' dir='ltr' id='par_1_122' title="bbox 3001 5870 3072 5937">
     <span class='ocr_line' id='line_1_126' title="bbox 3001 5870 3072 5937; baseline 0.099 -7"><span class='ocrx_word' id='word_1_854' title='bbox 3001 5870 3072 5937; x_wconf 84' lang='grc'><strong><em>31</em></strong></span> 
     </span>
    </p>
   </div>
  </div>
