3828 6222
460 280 562 341 971

1126 276 1400 335 EUSEBII
1439 271 1919 333 CESARIENSIS
1958 270 2112 330 OPP.
2148 269 2340 363 ~PARS
2377 269 2470 328 IV.
2511 302 2581 313 -
2619 269 3041 331 DOGMATICA.

3628 273 3723 332 972

463 398 612 467 biles,
646 409 695 454 et
735 397 1061 454 summitates
1113 399 1377 454 habitatas
1411 398 1505 453 sub
1538 396 1686 451 caelo.
1728 401 1787 460 ᾖ(
1820 394 2047 461 Quando

2179 410 2256 459 ὀς
2293 391 2653 463 ἐθεμελίωσέ
2696 410 2775 463 με
2794 410 2809 424 ’
2866 394 2937 448 ἐν
2975 392 3138 463 ἀρχῇ
3172 392 3285 462 πρὸ
3327 390 3437 448 τοῦ
3476 389 3588 460 τὴν
3624 389 3726 461 τῆν

460 490 795 561 praeparabat
825 489 1000 557 ccelos,
1027 492 1242 545 aderam
1264 491 1332 545 ei.
1379 490 1605 557 Quando
1633 490 1909 558 separabat
1948 486 2048 541 sibi

2179 484 2430 554 ποιῆσαι,
2479 485 2594 554 πρὸ
2641 485 2748 540 τοῦ
2794 485 2901 552 τὰς
2951 486 3267 552 ἀϐύσσους
3298 482 3547 553 ποιῆσαι
3568 500 3582 514 ·
3625 484 3725 551 πρὸ

460 584 707 637 thronum
737 600 893 652 super
919 593 1113 638 uentos.
1147 584 1376 649 Quando
1397 583 1646 652 ﬁrmabat
1678 583 1836 635 nubes
1862 595 2043 649 supra,

2153 576 2260 631 τοῦ
2290 576 2607 645 προελθεῖν
2641 576 2748 644 τὰς
2794 577 2990 648 πηγὰς
3023 576 3148 631 τῶν
3186 576 3423 631 ὑδάτων
3444 592 3461 606 ο
3495 573 3605 645 πρὸ
3633 573 3725 628 τοῦ

459 685 507 728 et
541 674 771 730 librabat
805 674 975 746 fontes
1020 689 1278 747 aquarum
1332 676 1516 729 subter
1561 674 1768 728 ctelum.
1814 672 2043 738 Quando

2179 669 2260 739 ipa
2289 667 2676 739 ἑδρασθῆναι,
2713 671 2826 741 πρὸ
2846 671 2916 726 δὲ
2941 670 3053 743 (δι)
3081 669 3325 724 πάντων
3344 666 3591 734 ,Βουνῶν
3609 684 3724 737 τεν-

459 767 789 836 appendebat
831 768 1180 837 fundamenta
1219 777 1396 831 term,
1444 782 1563 819 cum
1588 781 1649 820 eo
1680 781 1823 819 eram
1852 778 2042 819 cuncta

2179 760 2228 828 ’ᾷ
2249 778 2345 831 με.
2377 763 2594 831 Κύριος
2631 762 2885 831 ἐποίησε
2929 760 3123 832 χώρας
3149 762 3250 815 καὶ
3275 760 3614 827 ἀοικήτους,
3642 758 3728 811 καὶ

458 874 792 929 componens.
842 860 1155 915 Delectabar
1178 874 1272 928 per
1301 857 1536 928 singulos
1571 858 1704 922 dies,
1729 857 1915 911 ludens
1948 874 2036 911 co-

2149 853 2302 923 ᾶκρα
2342 854 2664 924 οἰκούμενα
2697 852 2807 922 τῆς
2836 854 2949 926 (55)
2976 856 3080 908 ὑπ’
3115 852 3408 922 οὐρανῶν.
3451 851 3648 906 Ἠνίκα
3668 851 3729 917 ή-

458 967 573 1006 ram
607 968 687 1016 eo,
737 952 924 1007 ludens
974 953 1027 1007 in
1064 954 1187 1007 orbe
1232 963 1521 1007 terrarum.
1560 948 1629 1003 Et
1681 950 1884 1006 delicia:
1912 966 2043 1005 mete

2179 944 2383 1016 ὀίμαζε
2410 945 2520 1000 τὸν
2555 946 2845 1014 οὐρανὸν,
2886 943 3305 1015 συμπαρήμην
3322 941 3504 1008 αὐτῷ.
3548 942 3733 995 Ἡνίκα

457 1057 568 1097 esse
604 1057 721 1096 cum
754 1042 880 1111 ﬁliis
914 1044 1205 1097 hominum.

2148 1036 2396 1108 ἀφώριζε
2436 1036 2545 1091 τὸν
2582 1036 2801 1093 ἑαυτοῦ
2851 1038 3069 1107 θρόνον
3112 1036 3205 1090 ἐπ’
3234 1033 3509 1106 ἀνέμων.
3547 1032 3734 1089 Ἠνίκα

457 1138 678 1208 ισχυρὰ
714 1139 900 1193 ἐποίει
936 1138 1047 1209 (56)
1081 1143 1154 1192 τὰ
1183 1138 1304 1192 ἅνω
1336 1137 1511 1209 νέφη,
1545 1136 1744 1204 ωὶὼς
1774 1134 2075 1205 ἀσφαλεῖς
2110 1135 2292 1190 ἐτίθει
2323 1132 2521 1203 πηγὰς
2559 1133 2670 1200 τὰς
2707 1132 2811 1188 ὑπ’
2852 1130 3138 1202 οὐρανὸν,
3182 1129 3281 1184 καὶ
3313 1127 3533 1199 ισχυρὰ
3561 1126 3734 1181 ἐποίει

453 1229 527 1285 τὰ
559 1228 800 1301 θεμέλια
828 1228 940 1298 τῆς
968 1228 1102 1300 γῆς,
1158 1227 1321 1299 ἤμην
1355 1232 1490 1300 παρ’
1510 1226 1670 1294 αὐτῷ
1695 1226 2067 1297 ἁρμόζουσα·
2107 1223 2224 1295 ἐγὼ
2254 1223 2420 1293 ἤμην
2448 1218 2490 1296 ᾖ
2528 1221 2896 1293 προσέχαιρε
2954 1223 3085 1277 καθ’
3117 1219 3381 1290 ἡμέραν·
3420 1218 3733 1288 ηὐφραινό-

449 1339 576 1393 μην
605 1321 675 1377 δὲ
700 1323 771 1377 ἐν
801 1321 1100 1392 προσώπῳ
1130 1321 1317 1377 αὐτοῦ
1346 1323 1417 1376 ἐν
1462 1321 1642 1375 παντί
1691 1318 1874 1390 καιρῷ
1891 1335 1905 1349 ·
1946 1318 2046 1373 ὅτε
2084 1318 2451 1387 ηὐφραίνετο
2519 1315 2635 1384 τὴν
2663 1313 3029 1386 οἰκουμένην
3085 1311 3486 1380 συντελέσας,
3507 1310 3604 1365 καὶ
3639 1312 3734 1379 ηὐ-

452 1418 735 1487 φραίνετο
758 1417 852 1488 ἐφ’
889 1415 1042 1483 vich
1065 1416 1178 1488 (57)
1208 1415 1556 1485 ἀνθρώπων.

540 1508 543 1515 ’
1111 1506 1265 1564 CAP.
1307 1509 1371 1566 ll.

453 1601 730 1669 Quomodo
767 1600 925 1665 illud,
978 1620 997 1653 ι
1030 1600 1285 1655 Dominus
1315 1600 1547 1655 condidit
1594 1617 1675 1656 me
1719 1600 2034 1669 principium

517 1674 723 1728 uiarum
752 1673 889 1739 ejus,
917 1691 936 1723 ι
974 1685 1019 1725 et
1049 1686 1166 1741 qua:
1193 1682 1500 1738 sequuntur,
1528 1672 1755 1741 intelligi
1788 1671 2031 1726 debeant.

518 1742 590 1813 Et
631 1743 889 1813 quomodo
944 1741 1227 1796 Marcellus
1268 1757 1334 1795 ea
1382 1741 1654 1797 transtulit
1705 1745 1774 1796 ad
1823 1758 2035 1797 carnem

519 1812 819 1869 Seruatoris
844 1822 1163 1881 susceptam.

516 1905 645 1962 Haec
679 1905 747 1960 de
780 1905 958 1975 seipsa
994 1904 1048 1960 in
1082 1902 1399 1960 Proverbiis
1429 1902 1728 1975 Sapientia.
1762 1905 2036 1977 [ntegrum

444 2011 576 2054 vero
608 1996 788 2052 locum
822 1996 1132 2052 necessario
1164 1996 1454 2066 descripsi,
1497 2009 1554 2053 ut
1598 2007 1856 2068 appareat
1887 2014 2038 2055 eam-

442 2087 569 2144 dem
601 2101 889 2157 personam
938 2087 1055 2143 haac
1098 2088 1282 2142 omnia
1322 2086 1557 2142 locutam
1589 2102 1606 2143 :
1638 2103 1736 2144 nec
1782 2091 2037 2146 transitio

442 2179 518 2236 sit
553 2178 874 2234 intermedia
911 2177 978 2233 de
1007 2175 1239 2249 persona
1265 2176 1333 2231 ad
1367 2193 1678 2248 personam.
1718 2178 1843 2235 Haec
1870 2182 2038 2252 igitur

445 2272 514 2326 de
548 2270 724 2341 seipsa
758 2269 921 2326 docet
970 2279 1026 2325 et
1075 2271 1313 2326 ostendit
1354 2270 1655 2340 Sapientia.
1708 2270 1813 2327 Ubi
1867 2272 2037 2344 inpri-

444 2362 552 2418 mis
613 2369 855 2428 notetur,
914 2360 1059 2431 quod
1113 2375 1174 2416 se
1224 2361 1503 2419 indeﬁnite
1561 2362 1896 2434 Sapientiam
1943 2378 2038 2420 vo-

438 2463 526 2509 cet
554 2470 568 2506 :
598 2449 711 2523 Ego
736 2452 896 2514 enim.
914 2450 1109 2520 inquit,
1125 2452 1372 2506 constitui
1398 2451 1717 2516 consilium;
1743 2467 1856 2509 non
1887 2453 2032 2524 adji-

438 2544 603 2610 citur,
628 2541 911 2612 Sapientia
960 2541 1078 2596 Dei.
1116 2540 1224 2596 Sed
1258 2553 1418 2612 prout
1457 2542 1719 2597 scribitur
1761 2543 1832 2599 ab
1868 2558 2036 2599 evan-

435 2634 651 2705 gelista,
694 2632 764 2687 In
804 2633 1064 2701 principio
1104 2641 1215 2686 erat
1272 2628 1496 2685 Verbum
1512 2631 1584 2699 ⁸³,
1623 2630 1927 2688 indeﬁnite.
1967 2632 2035 2687 Et

437 2740 651 2791 rursus,
694 2723 920 2780 Verbum
962 2734 1076 2778 erat
1121 2722 1263 2793 apud
1319 2723 1484 2777 Deum
1502 2723 1549 2757 ⁸³
1589 2740 1604 2778 :
1643 2738 1743 2778 nec
1795 2725 2030 2788 dicitur,

444 2815 673 2874 Verbum
713 2817 829 2881 Dei,
858 2830 927 2872 ne
963 2815 1088 2886 quis
1120 2825 1376 2885 tanquam
1408 2815 1666 2886 quiddam
1697 2814 1920 2871 relative
1949 2817 2034 2870 di-

2081 1519 2125 1575 Β
2798 1498 2958 1551 xeo.
2993 1494 3070 1552 ιιι.

2144 1591 2335 1653 Ὅπως
2344 1587 2435 1655 τὸ,
2453 1605 2472 1639 ι
2484 1588 2701 1657 Κύριος
2710 1586 2912 1642 ἕκτισέ
2920 1604 2999 1657 με
3013 1585 3212 1657 ἀρχὴν
3223 1583 3380 1641 ὁδῶν
3390 1583 3600 1657 αὐτοῦ,
3611 1602 3631 1636 ι
3642 1584 3738 1657 grai

2207 1660 2283 1714 τὰ
2332 1653 2523 1724 τούτῳ
2566 1653 2937 1728 συνημμένα
2964 1653 3208 1728 νοεῖταιο
3245 1658 3345 1728 καὶ
3374 1656 3536 1728 ὄπῳς
3557 1653 3739 1709 ταῦτα

2209 1729 2574 1798 Μάρκελλος
2623 1726 2872 1788 ἐπὶτὴν
2918 1727 3117 1799 σάρκα
3171 1727 3280 1782 τοῦ
3325 1726 3600 1795 Σωτῆρος
3613 1742 3740 1795 μετ-

2210 1818 2340 1872 nra-

2209 1890 2396 1964 Ταῦτα
2423 1890 2522 1963 μὲν
2538 1891 2599 1946 ὲν
2614 1890 2947 1964 Παροιμίαις
2963 1892 3093 1962 περὶ
3115 1889 3321 1960 ἑαυτῆς
3339 1890 3373 1960 ἡ
3395 1888 3589 1958 Σοφία.
3604 1886 3740 1941 Ὅλα

2136 1983 2181 2037 δ’
2212 1986 2462 2060 ἐπιτηδὲς
2489 1988 2809 2056 ἀναγκαίως
2831 1985 3178 2059 παρεθέμην,
3210 1984 3430 2046 δεικνὺς
3450 1984 3527 2046 ὡς
3545 1982 3606 2035 ἓν
3628 1983 3741 2035 ἐστι

2141 2079 2437 2149 πρόσωπον
2467 2079 2530 2133 τὸ
2557 2080 2728 2134 ταῦτα
2775 2080 2956 2149 λέγον,
2987 2078 3109 2133 οὐδὲ
3145 2079 3277 2150 μιᾶς
3324 2079 3382 2131 ὲν
3423 2075 3503 2147 τῷ
3541 2073 3740 2147 μεταξὺ

2137 2175 2439 2247 γενομένης
2463 2175 2772 2248 μεταϐολῆς
2787 2174 2883 2229 τοῦ
2912 2175 3183 2244 λέγοντοςθ
3205 2173 3485 2228 δείκνυται
3501 2170 3681 2225 τοίνυν
3704 2171 3738 2239 ἠ

2138 2267 2308 2337 Σοφία
2335 2267 2511 2322 ταῦτα
2545 2268 2677 2340 περὶ
2707 2267 2911 2338 ἑαυτῆς
2949 2266 3299 2321 διδάσκουσα.
3336 2262 3637 2319 Κάνταῦθα
3687 2262 3741 2313 δὲ

2139 2358 2359 2430 πρῶτον
2382 2358 2769 2431 ὲπιτηρητέον,
2788 2359 2864 2423 ὡς
2893 2357 3178 2421 ἁπολύτως
3203 2355 3377 2427 Σοφία
3401 2354 3739 2425 ὠνόμασται·

2150 2448 2298 2521 Ἐγὼ
2325 2449 2468 2521 γὰρ,
2512 2451 2669 2523 φησὶ,
2725 2449 3166 2520 κατεσκήνωσα
3202 2448 3473 2517 βουλὴν,
3504 2448 3603 2501 καὶ
3643 2447 3742 2500 οὐκ

2137 2532 2376 2613 εἴρηται,
2403 2543 2597 2612 Σοφία
2626 2543 2735 2599 τοῦ
2766 2543 2915 2598 Θεοῦ
2934 2560 2949 2574 υ
2977 2542 3094 2597 ἀλλ’
3130 2540 3320 2617 ὥσπερ
3361 2540 3517 2613 παρὰ
3543 2537 3625 2609 τῷ
3650 2539 3739 2591 eb-

2136 2635 2436 2708 αγγελιστῇ
2489 2637 2572 2702 τὸ,
2617 2637 2714 2690 Ἐν
2742 2635 2903 2707 ἀρχῇ
2952 2633 3033 2709 ἦν
3080 2639 3114 2692 ό
3162 2636 3395 2705 Λόγος,
3452 2632 3740 2694 ἁπολύτως

2137 2727 2430 2799 ἐγράφετο,
2458 2729 2553 2782 καὶ
2583 2728 2770 2793 πάλιν,
2816 2730 2879 2783 '0
2912 2730 3106 2798 Λόγος
3133 2723 3215 2799 ἦν
3248 2726 3401 2796 πρὸς
3436 2726 3546 2779 τὸν
3565 2724 3737 2780 θεόν.

2138 2821 2235 2873 καὶ
2261 2820 2361 2874 οὐκ
2386 2819 2499 2892 (58)
2530 2819 2742 2894 εἴρητο,
2775 2824 2809 2875 ό
2833 2822 3026 2893 Λόγος
3055 2820 3163 2874 τοῦ
3200 2817 3373 2881 Θεοῦ,
3400 2817 3491 2872 ἵνα
3520 2817 3598 2888 μὴ
3630 2816 3741 2868 τῶν

435 2922 585 2969 ctum
625 2919 912 2966 autumet:
950 2924 1127 2980 neque
1162 2918 1420 2979 tanquam
1454 2908 1709 2964 accidens
1754 2905 2063 2977 quoddam‘

2179 2913 2272 2980 ρός
2297 2930 2352 2968 τι
2373 2913 2573 2985 νομίσῃ
2603 2893 2689 2979 τις
2732 2914 2897 2969 αὐτὸν
2931 2912 3225 2984 λέγεσθαι,
3265 2910 3390 2983 μηδ’
3418 2911 3496 2975 ὼς
3532 2908 3741 2980 συμϐε-

439 3003 570 3068 Dei;
606 3000 702 3055 sed
744 3008 804 3055 ut
843 3000 1033 3055 vivens
1072 3007 1128 3056 et
1160 2998 1511 3055 subsistens:
1556 2998 1698 3053 unde
1741 2997 1924 3064 addit,
1956 2996 2031 3052 Et

434 3093 578 3148 Deus
607 3102 742 3158 erat,
779 3107 889 3147 non
921 3091 1017 3147 Dei
1049 3098 1190 3154 erat,
1228 3088 1480 3145 Verbum.
1513 3089 1873 3155 Adeumdem
1914 3106 2031 3147 mo-

434 3183 564 3239 dum
603 3182 673 3239 de
697 3182 977 3252 Sapientia
1024 3181 1286 3254 loquitur.
1325 3180 1502 3238 Unum
1535 3193 1657 3239 erat
1683 3184 1828 3239 enim
1863 3195 2028 3256 atque

436 3277 580 3332 idem
612 3276 757 3332 Deus
794 3273 1029 3331 Verbum
1078 3283 1136 3330 et
1178 3273 1485 3348 Sapientia.
1521 3274 1792 3344 Quocirca
1826 3280 2025 3335 dicitur

433 3365 715 3422 indeﬁnite
747 3366 800 3421 in
834 3364 1169 3431 Proverbiis,
1203 3381 1310 3420 non
1341 3365 1520 3421 solum
1544 3367 1598 3422 in
1624 3382 1788 3438 supra
1817 3384 2025 3424 memo-

432 3458 588 3523 ratis,
633 3459 728 3514 sed
764 3457 885 3512 istis
915 3455 1178 3525 insuper:
1212 3455 1410 3512 Beatus
1437 3458 1519 3513 vir
1554 3459 1643 3528 qui
1687 3458 1880 3513 invenit
1916 3456 2023 3513 Sa-

427 3551 685 3623 pientiam
701 3550 768 3606 ⁸³.
797 3548 885 3618 Ει,
909 3547 1049 3603 Deus
1074 3549 1129 3602 in
1154 3545 1430 3617 Sapientia
1459 3548 1704 3619 [undavit
1738 3560 1932 3606 terram
1950 3550 2018 3604 ⁸⁸.

428 3644 518 3709 Et,
549 3640 675 3697 Dixi
705 3640 996 3710 Sapientia:
1017 3654 1036 3694 :
1059 3638 1228 3695 Soror
1252 3640 1381 3694 mihi
1409 3656 1463 3694 es
1484 3640 1551 3694 ⁸⁷.
1581 3640 1668 3707 Et,
1703 3644 1778 3696 Tu
1811 3658 2021 3696 annun-

427 3736 560 3789 tiato
606 3731 956 3802 Sapientiam,
1000 3740 1057 3785 ut
1117 3731 1257 3786 adsit
1310 3731 1403 3786 tibi
1456 3733 1807 3804 intelligentia
1835 3733 1903 3787 ⁸⁸.
1933 3734 2017 3797 Ει,

428 3821 787 3880 Prtestantior
817 3834 889 3877 est
921 3820 1196 3892 Sapientia
1225 3822 1490 3892 lapidibus
1510 3826 1751 3895 pretiosis
1767 3825 1833 3879 ⁸³.
1851 3829 1909 3888 ›Ῑ‹
1932 3825 2018 3891 Ει,

428 3915 707 3985 Sapientia
740 3914 1025 3985 tediﬁcavit
1056 3915 1157 3969 sibi
1187 3916 1409 3977 domum
1437 3930 1458 3970 ι
1488 3925 1538 3970 et
1568 3916 1762 3970 excidit
1816 3916 2021 3972 colum-

426 4020 525 4060 nas
552 4014 746 4072 septem
759 4003 830 4069 ",
860 4013 916 4060 et
949 4017 1070 4072 quae
1097 4003 1184 4059 bis
1212 4004 1535 4075 congemina
1563 4003 1617 4059 in
1658 4006 1850 4061 eodem
1881 4008 2019 4064 libro

427 4092 793 4163 reperiuntur.
836 4090 1051 4162 Ubique
1110 4091 1388 4148 indeﬁnite
1447 4102 1676 4148 vocatur
1712 4092 2017 4165 Sapientia,

424 4198 696 4254 nusquam
729 4198 883 4250 vero,
930 4184 1025 4237 Dei
1052 4181 1350 4249 Sapientia,
1383 4193 1444 4238 ut
1468 4198 1535 4239 ne
1574 4184 1727 4241 illam
1757 4187 2015 4243 accidens

421 4274 695 4346 quoddam
747 4273 858 4330 Deo
885 4275 1249 4341 arbitremur;
1289 4284 1349 4329 ut
1381 4274 1666 4332 scientiam
1701 4277 1754 4331 in
1785 4279 1904 4333 viro
1935 4280 2017 4334 iu-

424 4366 689 4438 telligenti
716 4384 731 4421 :
760 4366 857 4422 sed
907 4366 1296 4422 subsistentem
1336 4376 1392 4423 et
1437 4367 1613 4422 vivam
1650 4367 2011 4439 Sapientiam,

419 4457 669 4511 eamdem
702 4454 880 4526 ipsam
911 4470 1034 4510 cum
1071 4454 1210 4511 Filio
1244 4456 1361 4513 Dei.
1394 4457 1548 4525 Quod
1586 4459 1633 4514 si
1667 4460 1790 4531 quis
1826 4463 2015 4518 existi-

420 4557 534 4605 met
561 4549 704 4628 hane
724 4547 1059 4618 Sapientiam
1085 4548 1329 4603 habitqu
1356 4563 1476 4604 esse
1497 4551 1789 4620 quemdam
1818 4553 1872 4606 in
1902 4553 2014 4609 Deo

421 4642 744 4713 sapientem,
776 4641 1075 4696 secundum
1121 4656 1280 4712 quem
1334 4642 1536 4698 dicitur
1567 4642 1715 4698 Deus
1750 4646 1965 4714 sapiens
1994 4664 2009 4702 :

421 4732 608 4787 audiat
657 4732 703 4787 is
753 4732 1094 4801 Scripturam
1147 4734 1444 4800 dicentem,
1499 4733 1630 4790 Dixi
1683 4733 2013 4806 Sapientiam

419 4840 654 4879 sororem
701 4826 925 4880 tuam”.
963 4826 1097 4891 Quis
1143 4841 1274 4881 vero
1321 4827 1458 4883 adeo
1487 4827 1618 4882 velit
1656 4827 1921 4896 insanire,
1953 4840 2013 4884 ut

424 4916 591 4972 Deum
621 4917 921 4984 existimet,
951 4917 1044 4988 qui
1076 4927 1160 4975 est
1201 4934 1368 4990 super
1397 4919 1602 4984 omnia,
1635 4929 1692 4976 et
1735 4935 1892 4977 suam
1926 4938 2017 4979 sa-

497 5127 557 5196 gi
592 5122 692 5178 Ed.
725 5122 925 5188 Paris..
962 5142 1086 5196 pag.
1134 5127 1260 5194 ιιι),
1293 5129 1419 5185 150.

420 5191 468 5222 "
496 5193 655 5248 Prov.
700 5209 850 5259 nix,
890 5196 945 5251 5.

494 5368 611 5440 (ει)
638 5367 812 5440 vulgo
845 5386 957 5427 om.
984 5373 1063 5428 δέ.

492 5433 606 5516 (ἕξ)
638 5433 1251 5516 Ϋριέρὺπερουρανίωνο

656 5510 1125 5599 ’ςινίκαεὶὸζχύρὰ
1164 5516 1374 5599 ἐποίει.
1422 5518 1644 5599 Rectius
1694 5528 1993 5599 apudux,

431 5578 632 5666 ξίν-[κα
663 5582 896 5666 έσχγρᾲ
945 5578 1145 5666 ἐποίει.
1185 5587 1263 5642 τὰ
1286 5588 1441 5666 ’ἄνῳ
1495 5578 1997 5666 rem-{T252755

418 5653 718 5719 ἀσφαλεῖς
761 5653 940 5707 ἐτίθει
997 5656 1192 5778 πηέ-ὰς
1240 5656 1351 5738 τῇς
1407 5661 1509 5714 ὑπ’
1563 5653 1827 5733 οὐρανόν
1853 5686 1868 5702 .
1896 5653 1995 5723 καὶ

423 5719 645 5778 ισχυρὰ
666 5721 854 5774 ἐποίει
877 5722 952 5778 τὰ
968 5725 1073 5778 θειι
1096 5729 1212 5778 ’λιιι
1238 5744 1350 5778 τηι-
1378 5728 1510 5778 m‘ip-
1546 5731 1826 5778 Οιιηηιηιιη
1854 5750 1902 5778 οι
1940 5741 1990 5778 in

423 5719 645 5789 ίσχυρὰ
666 5721 854 5774 ἐποίει
877 5722 952 5778 τὰ
968 5719 1212 5795 θεμέλια
1378 5728 1510 5800 γῆς.
1546 5719 1826 5799 Quomodo

1531 5131 1580 5164 ⁸³
1607 5128 1763 5187 Joan.
1796 5149 1840 5198 I,
1867 5133 1923 5190 1.
2001 5135 2051 5169 ⁸⁸
2072 5136 2205 5198 ibid.

1051 5197 1096 5230 ⁸⁸
1123 5198 1285 5255 Prov.
1330 5216 1413 5267 ιιι,
1445 5201 1533 5257 15.
1623 5202 1670 5234 ⁸⁸
1698 5197 1858 5278 Prov.
1894 5221 1973 5275 Ix,
2015 5208 2068 5265 1.
2146 5197 2382 5266 "Prov.
2419 5226 2516 5279 vn,
2555 5211 2612 5266 4.

2133 3006 2342 3080 δηκότα
2372 3009 2433 3061 ὲν
2479 3006 2560 3079 τῷ
2607 3005 2748 3078 Θεῷ,
2794 3007 2909 3062 ἀλλ’
2936 3006 3012 3071 ὡς
3059 3005 3350 3077 ὑφεστῶτα
3389 3005 3485 3058 καὶ
3519 3003 3737 3069 ζῶντα·

2128 3099 2210 3154 διὸ
2240 3099 2503 3168 ἐπιλέγει,
2534 3100 2648 3155 Καὶ
2688 3100 2835 3168 Θεὸς
2859 3096 2940 3170 ἦν
2965 3102 2998 3154 ὁ
3023 3100 3238 3170 Λόγος,
3278 3098 3381 3152 οὐκ
3416 3095 3616 3160 εἰπὼν,
3640 3098 3739 3150 καί

2131 3193 2280 3249 Θεοῦ
2293 3190 2372 3265 ἦν
2392 3196 2426 3248 ό
2458 3196 2669 3266 Λόγος.
2704 3193 2862 3249 Οὕτω
2895 3193 2991 3247 καὶ
3028 3192 3124 3245 ἐπὶ
3145 3192 3244 3263 τῆς
3278 3190 3501 3258 Σοφίας·
3530 3188 3592 3240 ἓν
3625 3189 3737 3259 γὰρ

2126 3286 2224 3340 καὶ
2244 3284 2444 3338 ταύτὸν
2462 3280 2532 3358 ἦν
2552 3287 2580 3338 ὁ
2600 3284 2735 3350 Θεὸς
2753 3284 2928 3354 Λόγος
2949 3284 3045 3338 καὶ
3065 3285 3098 3355 ἡ
3121 3281 3314 3353 Σοφία.
3333 3281 3424 3334 Διὸ
3448 3280 3743 3342 ἁπολύτως

2126 3380 2186 3433 ὲν
2209 3381 2330 3442 ταῖς
2343 3378 2678 3451 Παροιμίαις
2708 3375 3057 3449 ὀνομάζεται,
3092 3373 3149 3427 ἔν
3183 3390 3245 3427 τε
3282 3375 3397 3436 τοῖς
3423 3372 3745 3444 προτεθεῖσι

2126 3472 2313 3542 ῥητοῖς
2341 3487 2354 3501 ·
2373 3470 2434 3522 οὐ
2456 3469 2565 3541 μὴν
2589 3468 2726 3523 ἀλλὰ
2752 3468 2849 3523 καί
2863 3468 2929 3523 δι’
2951 3461 3028 3522 ὧν
3046 3466 3160 3539 (59)
3193 3465 3383 3520 τοῦτον
3398 3466 3621 3537 εἴρηται
3648 3466 3746 3519 τὸν

2121 3559 2343 3631 τρόπον’
2364 3557 2667 3627 Μακάριος
2685 3556 2839 3627 ἀνὴρ
2855 3557 2924 3624 ὃς
2939 3552 3078 3625 εὗρε
3094 3556 3343 3626 Σοφίαν·
3365 3555 3483 3618 καὶ,
3502 3554 3567 3608 '0
3590 3555 3746 3621 Θεὸς

2121 3648 2201 3719 τῇ
2220 3651 2412 3720 Σοφίᾳ
2437 3650 2799 3719 ἐθεμελίωσε
2824 3649 2942 3718 τὴν
2970 3647 3108 3719 γῆν·
3125 3649 3241 3712 καὶ,
3262 3643 3458 3701 Εἶπον
3472 3645 3596 3716 τὴν
3626 3651 3745 3701 Σο-

2120 3738 2390 3812 φίαν(60)
2403 3739 2529 3809 σὴν
2542 3738 2820 3810 ἀδελφὴν
2829 3735 3002 3793 εἶναι·
3018 3739 3227 3803 scabri)
3244 3737 3607 3808 τὴνΣοφίαν
3634 3739 3745 3809 κή-

2111 3830 2327 3898 ρυξον,
2344 3830 2445 3883 ἵνα
2455 3830 2754 3900 φρόνησίς
2764 3846 2861 3884 σοι
2873 3828 3369 3898 ἐπακολουθήση·
3384 3829 3500 3892 καὶ,
3514 3830 3745 3896 [ipsia-

2119 3937 2249 3976 σων
2260 3921 2369 3992 γὰρ
2379 3923 2569 3991 Σοφία
2581 3921 2767 3976 λιθῶν
2777 3920 3152 3976 πολυτελῶν
3169 3923 3285 3985 καὶ,
3303 3922 3365 3978 Ἠ
3381 3921 3582 3991 Σοφία
3591 3922 3747 3990 ᾠκο-

2118 4012 2388 4082 δόμησεν
2414 4013 2601 4084 ἑαυτῇ
2616 4010 2804 4079 οἷκον,
2828 4013 2930 4068 καὶ
2949 4013 3247 4082 ὑπήρεισε
3269 4014 3542 4079 στόλους
3560 4013 3742 4075 ἑπτὰ,

2119 4108 2215 4161 καὶ
2231 4105 2366 4162 ἄλλα
2392 4107 2604 4173 τούτοις
2631 4106 2838 4178 ἀδελφὰ
2856 4109 2914 4163 ἐν
2939 4109 3005 4180 τῇ
3029 4108 3168 4180 αὐτῇ
3193 4106 3421 4179 φέρεται
3441 4106 3644 4179 βίϐλῳ.
3662 4106 3743 4161 Δι’

2119 4190 2195 4253 ὧν
2222 4199 2463 4271 οὐδαμοῦ
2483 4200 2679 4271 Σοφία
2707 4199 2855 4255 Θεοῦ
2887 4200 3230 4271 ὠνόμασται·
3251 4197 3392 4253 ἀλλὰ
3404 4198 3744 4271 ἀδιορίστως

2122 4294 2158 4364 ᾑ
2169 4291 2361 4362 Σοφία,
2375 4293 2462 4346 ἵνα
2480 4294 2556 4366 μὴ
2574 4293 2638 4347 σύ
2646 4293 2842 4365 μὸαμά
2856 4311 2908 4347 τι
2924 4292 3240 4366 νομίσωμεν
3253 4292 3426 4365 αὐτὴν
3441 4288 3594 4347 εἶναι
3610 4294 3740 4365 περὶ

2121 4381 2212 4435 τὸν
2246 4381 2401 4447 Θεὸν,
2434 4383 2511 4448 ὡς
2531 4385 2589 4438 ἐν
2612 4384 2690 4457 τῷ
2712 4386 3041 4458 ὲπιστήμονι
3071 4385 3229 4457 ἀνδρὶ
3262 4384 3361 4456 τὴν
3387 4387 3739 4457 ἐπιστήμην,

2114 4472 2569 4544 ἀλλ’ὐφεστῶσαν
2594 4478 2689 4530 καὶ
2706 4475 2887 4543 ζῶσαν
2921 4477 3123 4548 Σοφίαν
3134 4476 3232 4549 τὴν
3249 4476 3422 4549 αὐτὴν
3443 4474 3624 4533 οὖσαν
3659 4479 3742 4549 τῷ

2122 4565 2239 4638 Υίῷ
2265 4566 2358 4621 τοῦ
2385 4568 2541 4624 Θεοῦ.
2566 4570 2629 4622 El
2651 4570 2709 4623 δέ
2731 4587 2816 4634 τις
2848 4569 2962 4635 ἕξιν
2998 4571 3058 4626 ὲν
3085 4567 3164 4643 τῷ
3189 4570 3311 4641 Θεῷ
3338 4571 3511 4643 σοφὴν
3549 4572 3687 4627 καθ’
3708 4574 3739 4624 ὃ

2120 4657 2349 4730 νοοῦμεν
2375 4660 2467 4714 τὸν
2497 4660 2631 4716 Θεὸν
2666 4660 2831 4732 σοφὸν
2861 4661 3125 4716 ὑπολάϐοι
3166 4657 3307 4716 εἶναι
3350 4662 3451 4735 τὴν
3484 4663 3740 4718 ἐνταῦθα

2112 4746 2421 4823 λεγομένην
2436 4752 2656 4821 Σοφίαν,
2693 4754 3053 4808 ἐπακουσάτω
3072 4753 3340 4823 λεγούσης
3354 4754 3457 4824 τῆς
3474 4754 3735 4826 Γραφῆς.

2108 4833 2312 4894 ,Εἶπον
2347 4838 2463 4908 τὴν
2490 4842 2720 4911 Σοφίαν
2751 4842 2879 4911 σὴν
2915 4841 3191 4911 ἀδελφὴν
3221 4838 3398 4898 εἶναι.
3443 4842 3545 4907 Τίς
3587 4844 3636 4897 δ’
3670 4844 3736 4896 ἂν

2119 4928 2264 4983 οὕτω
2292 4932 2509 5004 μανείη,
2542 4932 2619 4998 ὡς
2647 4934 2738 4988 τὸν
2772 4936 2866 4989 ἐπὶ
2914 4934 3133 4990 πάντων
3174 4933 3310 4989 Θεὸν
3329 4976 3345 5001 ,
3389 4937 3487 4989 καὶ
3535 4934 3647 5006 τὴν
3675 4936 3735 4987 ἐν

2321 5138 2369 5173 ⁸⁸
2385 5139 2553 5196 Prov.
2584 5157 2666 5209 ιιι,
2694 5141 2783 5198 15.
2810 5141 2856 5174 ⁸⁸
2876 5142 3012 5197 ὶιιίιι.
3045 5141 3134 5197 19.
3243 5140 3288 5172 ’τ
3316 5139 3485 5199 Prov.
3528 5156 3642 5205 τιι,
3676 5140 3733 5195 ὅ.

2095 5390 2549 5531 1Bodleiano
2579 5388 2876 5460 legebatur.
2911 5389 3092 5465 M.[Et
3116 5391 3233 5449 haec
3260 5392 3318 5449 in
3365 5401 3586 5450 textum
3640 5410 3736 5450 re-

2319 5530 2494 5603 Yulgo
2521 5530 2632 5603 τῶν
2666 5530 2827 5603 ἀνθρ.

2169 5600 2282 5673 (58)
2316 5600 2483 5673 [uligo
2516 5602 2758 5673 εἴρηται.

2170 5670 2284 5742 (59)
2322 5670 2494 5742 Vulgo
2519 5670 2704 5725 τοῦτο.

2168 5740 2281 5818 (5“)
2322 5740 2489 5813 Vulgo
2516 5746 2631 5813 τήν.
2726 5742 2727 5745 “

3781 94 3783 189 l
