3828 6222
209 288 311 345 975

1218 288 1309 345 DE
1349 287 1891 347 ECCLESIASTICA
1932 289 2327 349 THEOLOGIA
2364 291 2497 350 LIB.
2536 292 2628 349 Ill.

205 404 353 479 αὐτῷ
380 405 493 478 (61)
528 405 700 479 σοφὴν
727 403 840 472 ἕξιν
878 405 1175 461 ὑπολαϐεῖν
1207 405 1441 479 ἀδελφήν
1466 404 1575 460 τῶν
1608 406 1666 459 ὲν
1691 405 1789 460 ἀν-

1892 405 2174 477 pientiam,
2198 421 2444 469 sororem
2473 406 2622 463 dicat
2649 406 2970 463 nominatim
2998 406 3242 463 habitum
3291 421 3482 467 eorum

207 497 444 573 θρώποις
474 498 885 571 κατορθούντων
910 498 1200 570 λέγεσθαι;
1226 499 1291 552 El
1316 498 1375 554 δὲ
1400 497 1493 552 ἐπὶ
1528 497 1621 552 τὸν
1654 498 1793 571 Χρι-

209 592 329 647 στὸν
359 591 456 646 τοῦ
484 590 621 645 Θεοῦ
657 591 912 656 ἒκλάϐοις
948 592 1010 646 τὸ
1042 591 1355 665 εἰρημένον,
1400 589 1637 663 Χριστὸς
1686 589 1796 661 γὰρ

208 683 338 740 Θεοῦ
362 685 593 755 δύναμις
622 684 719 739 καὶ
759 684 895 739 Θεοῦ
927 685 1128 754 Σοφία,
1164 684 1316 738 οὐδὲν
1357 682 1610 755 ἐμποδὼν
1644 682 1796 735 ἔσται

205 780 274 850 τῇ
318 777 556 849 διανοίᾳ,
599 776 723 832 ἐπεὶ
757 778 851 833 καὶ
889 777 987 849 τὴν
1019 778 1157 850 πρὸς
1197 779 1345 850 ἡμᾶς
1373 777 1476 830 οὑκ
1514 776 1795 830 ἀναίνεται

209 871 545 944 ἀδελφότητα
592 872 659 925 δι’
690 871 997 944 ὑπερϐολὴν
1046 870 1481 943 φιλανθρωπίας.
1541 871 1606 924 Ei
1636 870 1715 924 δὲ’
1735 870 1795 925 ἓν

208 965 302 1020 καὶ
319 964 514 1019 ταύτὸν
534 958 604 1034 ἦν
636 963 665 1016 ὁ
688 962 845 1029 Θεὸς,
883 964 979 1019 καὶ
1016 965 1050 1036 ἡ
1079 965 1137 1018 ὲν
1157 965 1279 1026 ταῖς
1307 962 1639 1034 Παροιμίαις
1682 962 1795 1016 εἰσ-

207 1056 446 1128 αγομένη
459 1055 631 1126 Σοφία
642 1055 754 1121 ἕξις
770 1050 904 1110 οὖσα
927 1057 1065 1128 σοφὴ
1093 1057 1151 1110 ὲν
1180 1055 1330 1127 αὐτῷ
1353 1055 1639 1128 νοουμένη,
1661 1054 1796 1110 καθὸ

207 1143 369 1212 σοφὸς
394 1145 424 1197 ὁ
453 1143 605 1207 Θεὸς,
640 1145 695 1197 τί
719 1143 957 1215 ἐκώλυεν
985 1144 1107 1199 ἀντὶ
1148 1147 1251 1217 τῆς
1299 1144 1501 1214 Σοφίας
1543 1145 1634 1199 τὸν
1660 1144 1794 1199 Θεὸν

204 1235 634 1308 ἀναγεγράφθαι;
651 1234 792 1290 ὥστε
803 1237 885 1305 τὸ,
918 1236 1182 1306 ἨΣοερία
1201 1237 1590 1307 ᾠκοδόμησεν
1608 1236 1795 1308 ἑαυτῇ

203 1323 391 1394 οἷκον,
413 1327 510 1381 καὶ
545 1327 839 1396 ὐπήρεισε
866 1329 1134 1396 στύλους
1161 1327 1330 1395 ἑπτὰ,
1360 1332 1455 1383 καὶ
1483 1331 1552 1383 τὰ
1585 1331 1795 1396 τούτοις

204 1420 525 1493 συνημμένα
561 1421 809 1493 εἰρῆσθαι
842 1422 965 1477 ἀντ)⁸
992 1421 1109 1487 τοῦ,
1146 1422 1198 1475 Ὀ
1228 1423 1375 1488 Θεὸς
1403 1423 1794 1495 ᾠκοδόμησεν

202 1509 393 1577 ἑαυτῷ
406 1508 595 1581 οἶκον,
610 1514 704 1567 καὶ
726 1513 795 1567 τὰ
817 1513 946 1585 ἑξῆς
972 1531 985 1544 ⁸
1010 1518 1108 1568 καὶ
1131 1513 1296 1568 πάλιν
1321 1516 1445 1569 ἀντὶ
1462 1517 1576 1571 τοῦ·
1599 1515 1792 1573 Εἶπον

202 1603 317 1673 τὴν
345 1604 575 1673 Σοφίαν
606 1604 732 1673 σὴν
761 1596 1041 1674 ἀδελφὴν
1070 1600 1255 1671 εἶναι,
1291 1604 1543 1678 λελέχθαι
1567 1649 1581 1674 ,
1602 1604 1792 1664 Εἶπον

199 1695 310 1750 τὸν
340 1695 491 1750 Θεὸν
520 1696 639 1750 σὸν
663 1696 936 1766 ἀδελφὸν
964 1693 1139 1752 εἶναι.
1195 1697 1335 1750 Ἀλλ’
1383 1700 1517 1771 ὁρᾷς
1565 1700 1641 1765 ὡς
1690 1701 1789 1774 τὴν

200 1786 370 1859 ἀκοὴν
413 1787 638 1860 πλήττει
682 1790 714 1860 ή
755 1788 978 1861 τοιαύτη
1015 1789 1189 1861 φωνὴ,
1234 1791 1334 1844 οὐκ
1371 1790 1572 1862 ἔχουσα
1618 1793 1789 1864 ἁρμο-

199 1880 338 1934 νίαν.
365 1881 430 1934 Εἰ
446 1880 495 1935 δ’
527 1881 621 1935 ἐπὶ
643 1881 737 1934 τὸν
765 1882 893 1936 Υἱὸν
917 1882 1168 1946 ἐκλάϐοις
1190 1882 1258 1936 τά
1288 1882 1468 1953 λόγια,
1493 1884 1659 1949 αὐτὸς
1675 1885 1788 1958 γὰρ

198 1965 327 2043 ἧνή
363 1972 552 2043 Σοφία,
596 1972 775 2026 πάντα
811 1990 895 2026 σοι
933 1972 1211 2046 εὑροήσει,
1242 1972 1470 2045 μηδενὸς
1494 1974 1788 2040 δυσσεϐοῦς

195 2065 467 2137 νοήματος
519 2064 771 2137 ἐμποδὼν
834 2065 1122 2137 ἱσταμένου
1146 2105 1161 2131 ,
1189 2066 1787 2140 συνεπιμαρτυροῦντος

194 2158 291 2212 τοῦ
329 2157 623 2213 ἀποστόλου
668 2156 906 2224 Παύλου,
950 2157 1009 2222 ὃς
1053 2157 1146 2212 τὸν
1191 2159 1420 2230 Σωτῆρα
1451 2160 1545 2214 καὶ
1580 2160 1785 2234 Κύριον

195 2251 354 2323 ήμῶν
395 2250 601 2321 Ἰησοῦν
629 2251 863 2324 Χριστὸν
895 2250 1124 2322 λαμπρᾷ
1145 2254 1212 2324 τῇ
1247 2253 1399 2324 φωνῇ
1431 2252 1631 2322 Σοφίαν
1651 2252 1787 2307 ώνό-

197 2360 371 2415 μασεν
401 2341 589 2398 εἰπών·
616 2342 871 2412 Χριστὸς
897 2342 1045 2397 Θεοῦ
1079 2342 1333 2414 δύναμις
1365 2343 1465 2398 καὶ
1500 2344 1648 2400 Θεοῦ
1677 2349 1787 2401 Σο-

192 2435 324 2503 salu.
348 2434 566 2489 Τούτων
595 2428 701 2489 ὧδέ
749 2452 827 2506 πη
878 2435 1446 2506 κατασκευασμένων,
1491 2435 1786 2491 ἀκόλουθόν

192 2528 313 2580 ἐστι
336 2526 475 2601 μετά
497 2526 605 2581 τῶν
626 2526 1066 2600 προεκτεθέντων
1099 2528 1376 2592 ἁπάντων,
1404 2525 1465 2594 ἐξ
1496 2529 1660 2583 αὑτοῦ
1688 2529 1784 2583 τοῦ

191 2618 490 2693 προσώπου
517 2619 721 2685 καὶτὸ,
760 2620 975 2690 Κύριος
1005 2620 1210 2675 ἐκτισέ
1255 2637 1333 2690 με
1376 2621 1576 2691 ἀρχὴν
1629 2619 1786 2675 ὁδῶν

188 2708 380 2766 αὐτοῦ
408 2712 494 2775 είς
518 2703 665 2782 ἔργα
694 2710 905 2774 αὑτοῦ,
937 2708 1220 2780 λελέχθαι’
1267 2711 1317 2764 εί
1346 2710 1402 2764 δὲ
1434 2710 1581 2780 λέγοι
1634 2712 1785 2766 ἐκτίη

193 2801 320 2856 σθαι
365 2801 477 2872 (62)
518 2803 733 2869 ἑαυτὸν,
775 2803 876 2874 οὐχ
909 2803 986 2867 ὡς
1031 2806 1097 2859 ἐκ
1138 2803 1234 2857 τοῦ
1288 2804 1362 2875 μὴ
1407 2803 1560 2869 ὄντος
1602 2807 1683 2870 εἰς
1722 2804 1786 2859 τὸ

189 2890 335 2950 εἶναι
379 2894 689 2967 παρελθὼν,
721 2894 867 2950 τοῦτ’
900 2895 966 2950 ἂν
997 2895 1163 2961 εῐποι,
1194 2897 1306 2950 οὐδ’
1332 2896 1408 2959 ώς
1435 2896 1635 2969 ὁμοίως
1667 2900 1783 2963 τοῖς

186 2987 399 3053 λοιποῖς
431 2987 714 3062 κτίσμασι,
750 2989 845 3043 καὶ
888 2987 1053 3052 αὐτὸς
1084 2988 1153 3041 ὲκ
1189 2988 1284 3042 τοῦ
1332 2987 1408 3061 μὴ
1440 2988 1593 3053 ὄντος
1619 3005 1782 3059 γεγο-

185 3078 320 3144 νὼς,
348 3074 383 3155 ᾖ
406 3097 550 3145 τινες
577 3081 677 3135 οὐκ
700 3079 875 3156 ὀρθῶς
898 3079 1282 3152 ὑπειλήφασιν,
1301 3080 1415 3135 ἀλλ’
1437 3081 1509 3145 ὼς
1535 3079 1784 3150 ὑφεστὼς
1809 3118 1852 3178 C

188 3172 296 3243 μὲν
339 3173 435 3226 καλ⁵
480 3172 608 3239 ζῶν,
654 3171 839 3244 προών
878 3189 939 3225 τε
982 3171 1079 3224 καὶ
1117 3173 1488 3247 προῦπάρχων
1536 3173 1638 3244 τῆς
1681 3172 1777 3226 τοῦ

185 3263 397 3328 πάντος
425 3263 631 3337 κόσμου
668 3263 1001 3327 συστάσεως,
1030 3263 1219 3335 ἄρχειν
1253 3263 1309 3318 δὲ
1339 3264 1449 3319 τῶν
1492 3265 1629 3318 ὅλων
1671 3263 1780 3317 ὑπὸ

182 3357 400 3431 Κυρίου
415 3355 510 3411 τοῦ
538 3354 701 3412 αὐτοῦ
720 3356 932 3430 Πατρὸς
955 3356 1430 3430 κατατεταγμένος
1453 3374 1466 3387 ·
1486 3356 1604 3424 τοῦ,
1623 3357 1782 3411 ἔκτι-

185 3463 327 3516 σεν,
360 3450 595 3506 ἐνταῦθα
631 3450 751 3505 ἀντὶ
780 3450 899 3517 τοῦ,
933 3450 1279 3516 κατέταξεν,
1316 3449 1777 3523 ἢκατέστησεν,

181 3544 504 3617 εἰρημένου.
536 3544 842 3618 Διαρρήδην
856 3543 986 3613 γοῦν
1008 3545 1134 3609 τοὺς
1158 3545 1217 3597 ὲν
1247 3542 1557 3615 ἀνθρώποις
1585 3543 1780 3616 ἄρχον-

180 3653 287 3702 τας
314 3637 411 3693 καὶ
439 3638 715 3709 ἡγεμόνας
746 3638 923 3693 κτίσιν
943 3635 1228 3709 ὠνόμασεν
1255 3637 1283 3689 ὁ
1312 3636 1483 3690 εἰπὼν
1517 3636 1779 3690 Ἀπόστο-

180 3732 299 3797 λοςο
353 3728 720 3800 Ὑποτάγητε
765 3728 934 3800 πάσῃ
982 3728 1177 3784 κτίσει
1226 3727 1572 3799 ἀνθρωπίνῃ
1599 3767 1614 3795 ,
1678 3727 1778 3783 διὰ

180 3824 297 3880 τὸν
338 3823 589 3892 Κύριονο
629 3820 752 3876 εἴτε
775 3820 1051 3887 βασιλεῖ,
1099 3821 1180 3885 ὡς
1223 3818 1610 3889 ὑπερέχοντι·
1655 3817 1778 3872 εἴτε

178 3913 502 3985 ἡγεμόσιν,
528 3913 609 3978 ὡς
641 3910 717 3965 δι’
741 3911 930 3967 αὐτοῦ
954 3910 1380 3982 πεμπομένοις.
1404 3908 1515 3963 Ka‘t
1539 3909 1568 3961 ὁ
1605 3905 1777 3962 εἰπὼν

175 4006 241 4063 δὲ
252 4004 564 4079 προφήτης,
593 3998 930 4071 Ἐτοιμάζου
951 4001 1058 4056 τοῦ
1073 4000 1487 4056 ἐπικαλεῖσθαι
1502 3997 1612 4054 τὸν
1627 3998 1777 4053 Θεόν

175 4110 303 4153 σου
355 4093 625 4164 Ἰσραήλ’
658 4092 812 4148 διότι
862 4092 991 4148 ἰδοὺ
1024 4092 1291 4161 στερεῶν
1326 4092 1620 4160 βρόντην,
1670 4088 1772 4144 καὶ

172 4186 396 4250 κτίζων
421 4185 680 4256 πνεῦμα,
714 4185 814 4239 καὶ
866 4184 1258 4258 ἀναγγέλλων
1285 4185 1372 4250 εὶς
1422 4180 1775 4252 ἀνθρώπους

172 4281 292 4336 τὸν
318 4278 581 4348 Χριστὸν
620 4277 825 4334 αὐτοῦ.
857 4277 971 4331 Καὶ
999 4277 1081 4341 τὸ,
1115 4274 1414 4347 Γραφήτω
1456 4273 1568 4347 (63)
1617 4274 1773 4343 αὕτη

169 4374 267 4439 εις
306 4370 524 4442 γενεὰν
544 4369 776 4439 ἑτέραν,
804 4368 905 4424 καὶ
932 4368 1084 4437 λαὸς
1114 4372 1147 4423 ό
1177 4367 1516 4438 κτιζόμενος
1543 4365 1774 4421 αἰνέσει

1894 498 1985 569 qui
2039 498 2182 555 inter
2233 499 2484 556 homines
2556 510 2707 554 recta
2787 500 3125 570 operantur?
3158 498 3310 568 Quod
3341 503 3385 557 si
3417 503 3485 556 de

1894 591 2114 648 Christo
2145 591 2239 647 Dei
2281 593 2516 662 accipiat
2546 593 2671 663 quis
2712 592 2846 648 illud
2886 591 3089 647 dictum
3119 576 3287 648 :nan’.
3316 591 3484 648 Chri-

1895 692 2013 738 stus
2061 681 2156 737 Dei
2211 692 2450 751 potestas
2495 692 2581 738 cst
2624 690 2679 737 et
2723 681 3024 754 Sapientia,
3076 682 3214 738 nihil
3258 683 3485 753 impedit

1896 774 2037 831 hanc
2080 775 2517 848 intelligentiam,
2563 774 3003 846 quandoquidem
3050 777 3120 830 ob
3152 775 3482 831 immensum

1895 884 2053 924 suum
2090 869 2144 923 in
2189 869 2490 925 humanum
2534 884 2703 939 genus
2751 883 2991 925 amorem
3045 885 3153 924 non
3210 871 3485 926 recusavit

1894 959 2039 1034 hanc
2084 961 2508 1018 fraternitatem.
2557 962 2710 1031 Quod
2758 964 2804 1020 si
2850 979 3014 1018 unum
3064 972 3183 1018 erat
3224 963 3480 1034 idemque

1895 1056 2062 1124 Deus,
2092 1066 2147 1113 et
2186 1072 2308 1129 quae
2348 1059 2401 1112 in
2444 1056 2754 1115 Proverbiis
2786 1057 3149 1114 introducitur
3177 1057 3479 1129 Sapientia,

1893 1164 2017 1220 quae
2045 1151 2262 1222 sapiens
2291 1150 2510 1221 quidam
2558 1151 2779 1207 habitus
2808 1161 2892 1208 est
2921 1152 2977 1207 in
3015 1150 3106 1208 illo
3133 1151 3479 1216 intellectus,

1893 1243 1950 1297 in
1977 1253 2242 1312 quantum
2272 1243 2417 1299 Deus
2464 1244 2703 1313 sapiens,
2737 1244 2868 1315 quid
2898 1244 3151 1311 prohibet
3188 1245 3356 1300 Deum
3388 1244 3482 1300 hic

1892 1350 1991 1407 pro
2025 1333 2306 1407 Sapientia
2347 1337 2572 1393 rescribi
2602 1354 2617 1392 :
2650 1346 2708 1392 ut
2747 1337 2827 1393 sic
2869 1337 2960 1393 ubi
3005 1337 3207 1392 dictum
3237 1346 3345 1404 est,
3378 1335 3482 1392 Sa-

1890 1426 2089 1495 pientia
2117 1427 2398 1498 wdiﬁcavit
2430 1428 2536 1482 sibi
2578 1428 2813 1494 domum,
2844 1438 2892 1482 et
2926 1416 3175 1483 solidavit
3203 1428 3478 1482 columnas

1890 1529 2103 1589 septem,
2139 1530 2193 1574 et
2216 1534 2337 1589 qua!
2357 1527 2680 1591 sequuntur,
2701 1520 2905 1575 dictum
2936 1519 3008 1574 sit
3035 1534 3154 1590 pro,
3182 1516 3322 1573 Deus
3347 1519 3482 1573 ardi-

1891 1611 2065 1680 ﬁcavit
2109 1611 2208 1666 sibi
2234 1612 2629 1681 domum,etc.;
2666 1619 2722 1667 et
2751 1611 2945 1667 iterum
2978 1626 3075 1683 pro
3101 1625 3186 1677 eo,
3220 1610 3344 1665 Dixi
3369 1608 3478 1665 Sa-

1891 1703 2145 1771 pientiam
2165 1720 2398 1758 sororem
2427 1714 2597 1771 tuam,
2628 1704 2863 1767 dicatur,
2903 1703 3028 1758 Dixi
3062 1703 3229 1758 Deum
3255 1703 3477 1773 fratrem

1820 1774 1861 1830 Β
1891 1805 2057 1849 tuum.
2088 1795 2194 1851 Sed
2229 1804 2288 1849 ut
2316 1810 2477 1851 aures
2509 1796 2785 1866 percutiat
2814 1795 2915 1852 ista
2948 1795 3136 1860 dictio,
3169 1796 3321 1851 vides
3364 1803 3477 1849 tam

1890 1883 2203 1956 incongrua.
2262 1884 2417 1953 Quod
2465 1885 2512 1941 si
2562 1885 2631 1941 de
2687 1885 2826 1941 Filio
2880 1885 3216 1957 Sapientiam
3265 1884 3475 1954 capias,

1886 1978 2068 2032 omnia
2103 1978 2241 2033 bene
2272 1978 2440 2032 ﬂuent
2468 1994 2484 2032 :
2514 1992 2617 2033 nec
2645 1985 2902 2032 occurret
2925 1976 3020 2031 tibi
3053 1975 3349 2046 quidquam
3384 1973 3476 2028 hic

1889 2068 2201 2137 impietatis,
2232 2084 2356 2125 cum
2392 2070 2678 2141 perhibeat
2728 2069 2823 2124 tibi
2860 2068 3230 2125 testimonium
3277 2067 3477 2122 beatus

1886 2160 2084 2217 Paulus
2108 2160 2518 2232 apostolus,qni
2535 2161 2857 2233 pronuntiat
2878 2160 3024 2217 clare
3046 2159 3394 2215 Servatorem
3418 2165 3477 2213 et

1887 2249 2173 2306 Dominum
2204 2259 2447 2307 nostrum
2478 2249 2662 2306 Jesum
2688 2249 2970 2306 Christum
3012 2249 3106 2305 Dei
3137 2248 3475 2317 Sapientiam

1886 2345 2303 2411 nominandum,
2354 2344 2446 2399 ubi
2488 2345 2585 2410 ait,
2619 2332 2862 2399 Christus
2895 2342 2989 2396 Dei
3032 2342 3265 2413 potentia
3297 2350 3345 2395 et
3373 2338 3476 2395 Sa-

1884 2440 2084 2512 pientia
2104 2441 2172 2494 ".
2198 2437 2297 2495 llis
2323 2439 2389 2494 ad
2421 2440 2565 2495 hunc
2594 2437 2810 2493 modum
2842 2436 2915 2490 ita
2947 2435 3345 2507 apparatis,‘ad
3377 2448 3473 2489 su-

1882 2523 2069 2602 perius
2095 2532 2367 2602 proposita
2404 2545 2744 2602 consequens
2781 2539 2864 2584 est
2904 2528 3026 2594 hoc,
3052 2527 3313 2583 Dominus
3341 2543 3472 2581 con-

1885 2622 2025 2679 didit
2055 2640 2137 2678 me
2155 2624 2474 2694 principium
2505 2624 2707 2678 viarum
2735 2637 2956 2675 suarum
2984 2621 3053 2675 ad
3076 2637 3234 2690 opera
3258 2619 3374 2690 ejus
3399 2618 3472 2687 ”,

1886 2730 1918 2771 e
1972 2730 2206 2787 persona
2253 2713 2371 2785 ejus
2417 2714 2692 2786 usurpari.
2728 2714 2882 2783 Quod
2912 2713 2957 2769 si
3005 2714 3154 2768 dicat
3190 2714 3471 2769 conditum

1887 2807 2036 2862 illum
2063 2806 2252 2873 fuisse,
2281 2822 2386 2863 non
2416 2808 2489 2862 ita
2515 2807 2669 2875 dixit,
2694 2807 2849 2880 quasi
2882 2805 3041 2860 vellet
3067 2804 3319 2875 intelligi,
3345 2819 3470 2861 eum

1885 2898 1952 2954 de
1985 2914 2094 2955 non
2124 2908 2254 2955 ente
2283 2899 2349 2955 ad
2377 2913 2497 2955 esse
2527 2898 3015 2969 processissemec
3044 2897 3208 2968 quod,
3241 2897 3310 2952 ad
3355 2912 3473 2952 mo.

1884 2989 2012 3045 dum
2051 3001 2426 3047 creaturarum
2458 2990 2815 3062 reliquarum,
2853 2991 2920 3046 de
2969 3006 3076 3046 non
3108 2999 3235 3046 ente
3264 2989 3469 3060 produ-

1885 3082 2132 3148 cebatur,
2160 3082 2307 3151 quod
2340 3080 2588 3138 nonnulli
2625 3081 2807 3137 minus
2836 3096 2983 3138 recte
3013 3090 3140 3136 sunt
3169 3080 3420 3136 arbitrati
3452 3098 3468 3133 :

1885 3171 1980 3225 sed
2011 3172 2153 3243 quod
2182 3172 2486 3228 subsistens
2534 3180 2591 3226 et
2626 3173 2838 3239 vivens,
2887 3173 2982 3229 sed
3025 3172 3169 3243 quod
3212 3173 3473 3242 pricexsi-

1886 3272 2058 3328 stens,
2088 3271 2143 3317 et
2172 3264 2616 3333 pracsubsistens,
2658 3273 2789 3320 ante
2821 3279 3039 3320 omnem
3073 3264 3257 3319 mundi
3283 3264 3473 3319 condi-

1888 3353 2087 3409 tionem
2116 3367 2274 3410 erat:
2306 3361 2365 3422 ὦ
2394 3357 2651 3427 quodque
2682 3371 2713 3410 a
2755 3355 2983 3412 Domino
3010 3371 3109 3412 suo
3143 3356 3304 3413 Patre
3338 3372 3472 3412 con-

1883 3447 2106 3503 Stitutus
2151 3456 2234 3502 est
2261 3448 2504 3502 omnium
2542 3447 2873 3514 dominator,
2904 3447 3084 3518 posito
3125 3447 3236 3514 illo,
3288 3449 3472 3503 condi-

1884 3539 1980 3604 dit,
2038 3539 2145 3594 hoc
2194 3539 2250 3593 in
2297 3538 2438 3603 loco,
2486 3554 2585 3610 pro
2629 3540 2925 3606 constituit,
2956 3538 3040 3593 vel
3074 3538 3358 3594 ordinavit.
3385 3539 3473 3594 Di-

1883 3631 2045 3685 sertis
2070 3630 2250 3686 verbis
2276 3631 2550 3701 principes
2575 3640 2631 3686 et
2657 3632 2824 3687 duces
2847 3631 2992 3686 inter
3013 3630 3283 3694 homines,
3315 3646 3472 3687 crea-

1885 3731 2060 3777 turam
2092 3721 2384 3792 Apostolus
2423 3710 2869 3790 nominavit,‘ubi
2894 3723 3010 3777 ait:
3041 3721 3279 3791 Subjecti
3306 3733 3471 3778 estote

1883 3811 2024 3865 omni
2059 3811 2307 3867 humana:
2348 3823 2609 3870 creaturae
2641 3821 2854 3884 propter
2888 3811 3200 3880 Dominum,
3226 3815 3333 3868 sive
3361 3815 3473 3889 regi

1882 3911 1938 3956 ut
1969 3902 2265 3972 excellenti,
2289 3904 2396 3959 sive
2417 3905 2741 3977 principibus
2779 3915 2839 3959 ut
2874 3904 2939 3960 ab
2972 3904 3069 3959 illo
3096 3904 3273 3960 missis
3288 3903 3354 3960 “.
3402 3905 3472 3959 Et
3562 3944 3565 3947 -

1882 3996 2147 4065 propheta
2180 3997 2270 4066 qui
2305 3997 2443 4053 dixit
2472 4014 2487 4051 :
2518 3994 2862 4067 Prwparare,
2893 4006 2950 4051 ut
2981 4007 3190 4052 uocetur
3223 4012 3381 4067 super
3418 4004 3471 4050 te

1881 4085 2025 4141 Deus
2048 4087 2220 4143 Israel
2253 4104 2272 4143 :
2295 4098 2573 4160 propterea
2607 4105 2724 4143 ecce
2757 4088 2941 4159 ﬁrmat
2966 4088 3189 4154 tonitru,
3213 4097 3262 4142 et
3287 4087 3470 4142 condit

1872 4170 2078 4247 uentos,
2114 4188 2167 4238 et
2189 4181 2477 4235 annuntiat
2506 4181 2642 4235 inter
2679 4180 2916 4235 homines
2941 4179 3210 4235 Christum
3236 4180 3465 4235 suum“.

1885 4270 1950 4325 Et
1984 4270 2131 4336 illud,
2164 4272 2447 4328 Scribatur
2474 4273 2569 4327 illa
2603 4273 2660 4327 in
2689 4272 3084 4343 generationem
3124 4271 3375 4337 alteram,
3407 4281 3470 4326 ut

1879 4361 2104 4433 populus
2127 4364 2220 4434 qui
2235 4365 2483 4418 conditur
2500 4364 2674 4419 laudet
2690 4363 3049 4419 Dominum”.
3068 4362 3204 4418 lllutl
3229 4363 3470 4419 condidit

170 4464 292 4519 τόν
311 4464 552 4533 Κύριονο
572 4462 654 4527 τὸ,
676 4460 908 4526 κτίζων,
921 4461 1015 4515 ἐπὶ
1032 4458 1127 4514 τοῦ
1144 4458 1427 4531 γεγονότος
1446 4458 1506 4525 ἐξ
1521 4459 1769 4530 ἀνυπαρ-

1887 4469 1978 4523 pro
2009 4470 2076 4511 eo
2109 4456 2252 4526 quod
2290 4454 2396 4510 fuit
2422 4467 2697 4527 sumptum
2733 4464 2840 4523 est,
2865 4457 2990 4526 quia
3013 4456 3126 4528 jam
3173 4464 3302 4512 ante
3323 4465 3466 4510 erat.

170 4556 299 4626 ξίας
333 4554 687 4628 παρείληφεν.
708 4553 783 4607 Οὐ
799 4553 908 4623 γὰρ
940 4551 1061 4607 τότε
1083 4551 1298 4606 ἔκτισεν
1313 4552 1342 4604 ὁ
1362 4549 1494 4614 Θεὸς
1525 4549 1586 4602 τὸ
1607 4546 1773 4602 πνεῦ-

168 4664 281 4721 μα,
306 4646 398 4700 ὅτε
419 4645 509 4700 τὸν
528 4644 762 4717 Χριστὸν
793 4641 958 4698 αὑτοῦ
986 4643 1052 4697 δι’
1070 4640 1236 4699 αὐτοῦ
1266 4641 1432 4695 πᾶσιν
1461 4638 1768 4712 ἀνθρώποις

165 4734 573 4808 κατήγγειλεν·
601 4734 751 4791 οὐδὲν
801 4733 910 4806 γὰρ
960 4732 1273 4809 πρόσφατον
1311 4730 1416 4784 ὑπὸ
1456 4730 1548 4784 τὸν
1595 4729 1767 4800 ἥλιον.

179 4828 334 4885 Ἀλλ’
349 4823 418 4902 ἦν
454 4827 575 4900 μὲν,
597 4828 693 4882 καὶ
711 4826 1089 4901 προϋπῆρχεν,
1109 4822 1470 4877 ἀπεστέλλετο
1490 4822 1547 4876 δὲ
1568 4822 1688 4876 καθ’
1705 4821 1766 4876 ὃν

162 4920 373 4993 καιρὸν
418 4915 559 4991 ἦσαν
600 4920 650 4973 οἱ
695 4917 983 4974 ἀπόστολοι
1031 4914 1361 4988 συνηγμένοι
1389 4931 1403 4945 ο
1456 4915 1546 4968 ὅτε
1597 4913 1762 4984 δίκην

162 5013 433 5087 βροντῆς,
460 5013 675 5082 ἐγένετο
693 5006 826 5083 ἦχος
852 5012 916 5065 ὲκ
943 5006 1039 5063 τοῦ
1063 5006 1324 5080 ούρανοῦ,
1380 5004 1572 5078 ὥσπερ
1601 5021 1766 5077 φερο-

162 5105 353 5178 μένης
401 5106 570 5176 πνοῆς
623 5103 838 5174 βιαίας,
888 5097 1288 5173 ἐπληρώθησαν
1332 5115 1393 5152 τε
1446 5096 1766 5168 Πνεύματος

158 5195 367 5265 ἁγίουο
400 5194 494 5252 καὶ
521 5192 693 5258 οὕτως
717 5195 798 5256 είς
821 5192 1030 5256 πάντας
1057 5188 1378 5263 ἀνθρώπους
1403 5190 1496 5244 τὸν
1527 5188 1765 5263 Χριστὸν

153 5285 264 5341 τοῦ
298 5284 435 5339 Θεοῦ
462 5284 851 5358 κατήγγειλαν,
874 5281 1185 5346 ἀκολούθως
1215 5283 1284 5354 τῇ
1317 5280 1628 5353 προφητεία
1656 5295 1764 5349 φη-

231 5475 301 5534 FB
337 5467 439 5524 Ed.
469 5465 679 5529 Paris.,
705 5480 827 5538 pag.
859 5464 985 5520 151.
1061 5463 1108 5496 ⁹¹
1140 5464 1162 5517 1
1191 5462 1320 5520 Cor.
1345 5479 1386 5529 ι,
1421 5461 1513 5518 24.

152 5542 212 5575 τ’
243 5540 400 5596 Psal.
431 5554 505 5607 CI,
530 5538 618 5593 l9.

249 5723 363 5794 [61)
393 5721 566 5794 fulgo
601 5721 815 5794 σοφίαν,
848 5720 964 5790 ’ἐξιν
989 5728 1042 5776 et
1076 5734 1200 5777 mox
1230 5718 1472 5775 ὲκλάδοι.

249 5724 333 5780 ’61
393 5723 566 5794 Vulgo
601 5723 815 5793 σοφίαν,
848 5723 964 5790 ἕξιν
989 5728 1042 5776 et
1076 5734 1200 5777 mox
1230 5723 1472 5775 ικλάδοι.

236 5723 363 5867 ἶοεξ
396 5792 568 5865 Vulgo
593 5790 776 5848 αὑτόν.
1490 5851 1496 5856 ,

1616 5461 1663 5493 "
1675 5459 1836 5518 Prov.
1864 5476 1985 5530 vni,
2004 5461 2097 5517 22.

1876 4546 2063 4618 Neque
2090 4551 2235 4604 enim
2270 4559 2382 4604 tum
2412 4550 2653 4607 condidit
2676 4550 2818 4605 Deus
2843 4551 3115 4622 spiritum,
3148 4565 3273 4605 cum
3307 4548 3470 4604 Chri-

1876 4653 2018 4698 smm
2053 4659 2210 4698 suum
2243 4658 2341 4714 per
2382 4643 2537 4698 illum
2588 4643 2857 4698 universis
2902 4641 3218 4699 hominibus
3255 4657 3469 4698 annuno

1880 4735 2036 4789 tiaret
2063 4751 2077 4790 :
2109 4735 2234 4804 quia
2274 4734 2407 4791 nihil
2451 4736 2575 4791 novi
2620 4743 2705 4790 est
2754 4733 2858 4791 sub
2911 4735 3025 4791 sole
3070 4734 3212 4790 :sed
3249 4743 3368 4789 erat
3412 4742 3469 4789 et

1875 4826 2171 4882 exsistebat
2201 4834 2328 4882 ante
2353 4845 2366 4882 :
2396 4827 2716 4885 mittebatur
2750 4835 2933 4884 autem
2965 4841 3031 4882 eo
3062 4837 3305 4897 tempore
3338 4841 3464 4881 cum

1876 4915 1928 4969 in
1963 4930 2128 4970 unum
2158 4916 2470 4988 congregati
2513 4915 2746 4987 apostoli
2790 4924 2949 4971 erant
2976 4935 2989 4972 :
3018 4930 3143 4971 cum
3186 4915 3253 4969 ad
3292 4915 3467 4971 instar

1877 5009 2113 5065 tonitrus
2149 5008 2325 5064 factus
2360 5016 2443 5064 est
2487 5007 2701 5064 sonitus
2735 5006 2929 5078 ingens
2976 5008 3044 5062 de
3088 5005 3230 5062 coelo
3258 5024 3273 5063 :
3297 5006 3465 5063 veluti

1876 5099 2237 5156 descendente
2274 5100 2474 5171 spiritu
2513 5099 2942 5165 vehementiore,
2994 5108 3051 5155 et
3096 5099 3313 5168 repleti’
3336 5109 3467 5154 sunt

1876 5191 2082 5262 Spiritu
2109 5201 2321 5247 sancto.
2347 5193 2524 5264 Atque
2552 5191 2627 5247 ita
2644 5191 2923 5247 Christum
2951 5189 3187 5257 Domini,
3226 5190 3278 5246 in
3307 5206 3466 5245 mun-

1876 5281 2004 5337 dum
2067 5283 2384 5339 universum
2455 5281 3087 5352 annuntiaruntsjuxta
3146 5282 3465 5338 vaticinium

2211 5460 2460 5518 "lPetr.
2496 5476 2560 5528 ιι,
2585 5461 2676 5529 15,
2718 5462 2806 5518 l4.
2897 5461 3223 5529 "Amosiv,
3254 5460 3344 5530 12,
3373 5459 3461 5520 15.

1943 5714 2057 5788 (63)
2096 5713 2267 5787 Vulgo
2298 5714 2437 5788 αὐτή
2460 5754 2476 5782 ,
2503 5722 2556 5772 et
2588 5729 2710 5772 mox
2742 5713 2952 5782 αἱνὴσε.

3377 297 3485 356 97s
3598 362 3614 373 .
