3828 6222
445 375 561 433 955

1118 365 1387 424 EUSEBll
1426 357 1903 419 CAESARIENSIS
1939 352 2010 410 Οῐ

2131 351 2311 409 PARS
2349 350 2441 408 ιν.
2482 380 2552 391 -
2588 312 3033 406 nonnum.

3584 335 3715 393 956.

449 494 737 550 Abraham.
763 496 814 544 et
837 486 1019 551 Isaae,
1042 495 1091 540 et
1117 485 1281 540 Jacob
1304 485 1371 536 δ’.
1417 481 1575 536 Vides
1599 489 1658 534 ut
1684 493 1744 533 se
1777 474 2010 530 aﬂirmat

2123 466 2264 536 Ἐγὼ
2289 467 2522 536 Κύριος,
2536 463 2634 518 και
2656 458 2989 551 agam-(tu
3005 448 3699 551 πξὸςᾈῷαὰιξξαῑξριξς

445 584 694 657 patribus
759 579 1098 651 apparuisse.
1166 576 1393 644 Quando
1457 584 1634 627 autem
1704 567 2015 640 apparuerit

445 675 733 744 Scriptura
775 671 965 734 docet,
995 669 1281 738 inquiens,
1317 663 1576 733 Apparuit
1606 661 1749 714 Deus
1786 657 2015 713 Abrahae

441 767 515 823 ad
542 780 792 836 quercum
823 761 1061 816 Mambre
1084 799 1100 826 ,
1127 760 1252 812 dum
1293 759 1494 811 sederet
1523 755 1592 807 ad
1627 754 1818 807 ostium
1844 750 2017 807 taber-

447 857 625 912 naculi
650 856 737 911 sui
766 853 837 909 “.
867 853 985 921 Qua
1016 863 1194 908 autem
1236 850 1434 918 ﬁgura,
1459 849 1563 901 nisi
1598 848 1832 903 humana
1859 860 2018 914 appa-

443 948 595 1004 ruit?
635 946 768 1015 Quis
799 955 981 1001 autem
1020 943 1113 999 ille
1145 952 1328 1007 esset,
1375 942 1479 995 nisi
1511 940 1677 995 Filius
1705 939 1837 1003 Dei,
1866 949 1923 992 ut
1957 938 2012 991 in

445 1038 741 1111 Evangelio
766 1039 884 1110 ipse
909 1036 1070 1092 docet
1118 1034 1334 1090 Iudaeos
1386 1034 1697 1102 alloquens,
1748 1033 2013 1085 Abraham

448 1130 613 1187 Pater
640 1140 806 1187 vester
832 1127 1117 1183 exsultavit
1149 1137 1207 1180 ut
1249 1125 1446 1180 videret
1484 1128 1624 1179 diem
1645 1140 1813 1178 meum
1833 1138 1853 1177 :
1886 1125 2015 1178 vidit

444 1234 645 1288 autem,
680 1231 728 1277 et
752 1222 966 1292 gavisus
993 1230 1069 1274 est
1096 1217 1141 1250 ⁸⁷
1174 1236 1188 1272 :
1224 1219 1469 1272 attonitis
1494 1228 1676 1271 autem
1705 1218 1772 1270 ad
1809 1230 2016 1271 sermo-

449 1330 574 1371 nem
625 1312 734 1369 illis
781 1310 981 1380 adjecit
1009 1351 1036 1377 ,,
1062 1308 1380 1381 Priusquam
1425 1309 1692 1363 Abraham
1731 1316 1885 1374 esset,
1926 1323 2017 1377 ego

444 1397 569 1464 s’um
586 1406 654 1461 “.
705 1405 807 1463 Ubi
835 1421 989 1460 suam
1036 1403 1397 1472 liquidissimo
1424 1403 1877 1472 prmexistentiam
1921 1400 2019 1455 do-

447 1510 554 1557 cet.
582 1498 725 1566 Quid
781 1499 925 1554 enim
959 1496 1107 1550 aliud
1156 1495 1429 1550 intimavit
1477 1494 1565 1547 illa
1595 1494 1761 1548 dictio
1786 1533 1802 1558 ,
1855 1508 2016 1562 quam

450 1593 594 1661 quod
631 1591 862 1660 ipsemet
886 1589 1059 1645 Filius
1078 1590 1167 1643 Dei
1194 1589 1504 1658 ἠίθεοι,ηυί
1523 1602 1644 1642 cum
1675 1587 2019 1656 Moseloque-

444 1686 604 1738 batur
625 1690 681 1737 et
708 1681 941 1745 dicebat,
977 1677 1090 1748 Ego
1114 1696 1252 1742 sum,
1280 1678 1376 1747 qui
1404 1695 1519 1731 sum
1545 1679 1571 1733 ?
1598 1678 1731 1733 Nam
1778 1692 1838 1733 se
1890 1676 2015 1746 qui-

445 1777 568 1832 dem
594 1777 904 1832 Abraliamo
933 1775 1104 1829 visum
1163 1773 1414 1829 aﬂirmat.
1447 1771 1566 1828 Jam
1617 1774 1849 1843 qualiter
1894 1783 2016 1829 erat
2043 1815 2088 1871 Β

447 1870 552 1936 Qui
577 1879 674 1934 est,
703 1877 985 1924 ostensum
1012 1875 1115 1921 est.
1145 1865 1250 1921 Sed
1278 1876 1330 1920 et
1365 1880 1591 1935 magnus
1619 1865 1709 1921 ille
1738 1864 2014 1936 apostolus

445 1961 686 2021 Paulus,
729 1960 975 2031 agnoscit
1028 1958 1223 2013 Filium
1280 1958 1372 2012 Dei
1426 1957 1625 2012 iactum
1659 1958 2012 2013 mediatorem

442 2053 579 2123 legis
607 2068 704 2123 per
731 2052 930 2107 Mosem
958 2052 1116 2114 datae,
1153 2052 1207 2105 in
1241 2049 1436 2121 quibus
1470 2050 1730 2119 loquitur,
1758 2048 1869 2104 Lex
1903 2061 2016 2103 tra-

443 2146 557 2199 dita
580 2162 672 2214 per
692 2146 903 2215 angelos
934 2146 992 2198 in
1044 2161 1205 2198 manu
1237 2144 1566 2198 mediatoris.
1601 2144 1726 2198 Jam
1757 2145 2016 2198 mediator

442 2237 601 2294 unius
634 2254 736 2292 non
758 2247 857 2302 est,
886 2236 1024 2289 Deus
1049 2245 1225 2289 autem
1246 2252 1383 2289 unus
1411 2247 1485 2291 est
1513 2237 1580 2291 ⁸³.
1617 2242 1676 2301 ᾖ
1703 2235 1779 2291 lta
1807 2237 2013 2291 media-

441 2343 530 2388 tor
552 2333 800 2405 erat,qui
830 2333 1239 2403 colloquebatur
1262 2331 1416 2397 Mosi,
1442 2332 1604 2386 etiam
1637 2341 1764 2385 ante
1794 2343 2010 2386 carnem

439 2434 799 2494 assumptam,
832 2424 1099 2479 mediator
1121 2424 1374 2480 humanm
1395 2423 1605 2479 salutis.
1656 2421 1810 2478 Hunc
1846 2423 2013 2479 fuisse

441 2532 607 2588 porro
653 2516 838 2574 Jesum
872 2517 1147 2575 Christum
1184 2518 1377 2573 statuit
1399 2518 1693 2589 Apostolus
1720 2516 2009 2586 inquiens,

444 2604 595 2663 Unus
628 2607 809 2676 Deus,
859 2625 994 2663 unus
1044 2610 1308 2663 mediator
1355 2608 1449 2664 Dei
1496 2618 1653 2675 atque
1699 2607 2009 2670 hominum,

440 2700 596 2754 homo
620 2699 778 2755 Iesus
809 2699 1052 2755 Christus
1080 2702 1149 2755 '°.
1180 2699 1317 2755 Hinc
1352 2700 1518 2771 igitur
1554 2699 1915 2770 personaliter
1943 2698 2011 2752 de

450 2792 751 2849 se-locutus
794 2806 878 2850 est
916 2796 1056 2864 apud
1093 2794 1317 2860 Mosen),
1354 2794 1465 2865 Ego
1487 2810 1603 2848 sum
1634 2794 1701 2860 ³³,
1742 2796 1857 2850 sive
1908 2792 2010 2848 fuit

436 2882 625 2949 Pater,
658 2885 750 2955 qui
805 2901 902 2956 per
936 2902 1060 2942 eum
1109 2888 1249 2942 hanc
1277 2887 1676 2942 emisitvocem
1730 2904 1744 2940 :
1803 2887 2010 2942 utrovis

440 2975 603 3031 modo
654 2990 740 3031 res
776 2986 858 3031 est
899 2991 1020 3030 cum
1051 2977 1280 3033 veritate
1334 2978 1646 3048 conjuncta.
1702 2975 1780 3032 Ne
1807 2977 2010 3034 haereat

440 3077 573 3133 ergo
609 3065 787 3119 adhuc
808 3063 1093 3121 Marcellus
1122 3104 1139 3131 ,
1182 3064 1540 3121 inextricabili
1569 3080 1719 3133 usus,
1749 3066 2009 3135 quemad-

2130 535 2328 611 Ἰσαὰκ
2351 535 2450 608 καὶ
2466 551 2617 622 πρὸς
2653 548 2881 612 Ἰακὼϐ,
2902 544 3034 606 Θεὸς
3061 540 3135 596 ὣν
3156 538 3333 594 αὐτῶν
3357 535 3490 607 (12).
3531 536 3697 607 Ὁρᾷς

2117 647 2264 709 ὅπως
2292 639 2470 714 ὦφθαι
2494 641 2683 697 ἑαυτὸν
2701 642 2812 702 τοῖς
2833 635 3099 709 πατράσιν
3121 632 3247 703 ἔφη.
3272 629 3409 682 Πότε
3430 627 3488 681 δὲ
3511 626 3697 696 ὤφθη,

2118 734 2278 790 πάλιν
2297 737 2331 807 ἡ
2350 734 2539 809 Γραφὴ
2561 732 2828 804 μαρτυρεί
2852 728 3082 797 λέγουσα
3103 741 3118 755 °
3149 723 3336 791 Ὠφθη
3363 718 3421 772 δὲ
3440 717 3554 789 (15)
3576 717 3698 809 Κιξ-

2110 843 2243 896 ριος
2265 830 2297 882 ὀ
2320 806 2464 891 Θεὸς
2492 822 2571 891 τῷ
2607 820 2873 891 Ἀϐραὰμ,
2896 817 3045 887 πρὸς
3068 814 3143 885 τῇ
3162 811 3306 882 ’δρυῒ
3318 810 3394 879 τῇ
3419 806 3701 878 Μαμϐρῆ.

2119 917 2463 987 καθημένου
2506 912 2699 970 αὑτοῦ
2721 911 2871 983 πρὸς
2898 907 2972 978 τῇ
2994 907 3161 975 θύρᾳ.
3188 901 3314 966 Πῶς
3337 901 3395 954 δὲ
3421 899 3578 971 ὤφθη
3601 898 3697 952 ἄλ-

2116 1008 2275 1079 λωςῆ
2306 1007 2416 1080 (14)
2451 1010 2509 1062 ὲν
2531 1009 2770 1080 σχήματι
2804 999 3159 1074 ἀνθρωπίνῳ;
3202 994 3324 1048 τίνα
3345 992 3404 1047 δὲ
3425 991 3539 1063 (15)
3589 987 3701 1060 χρὴ

2117 1098 2390 1152 πιστεύειν
2413 1094 2553 1152 εἶναι
2577 1094 2785 1159 τοῦτον,
2811 1092 2957 1164 ἢτὸν
2987 1088 3114 1143 Υἱῖν
3132 1085 3224 1141 τοῦ
3250 1083 3408 1148 Θεοῦ,
3435 1082 3465 1136 ὃ
3500 1082 3565 1150 δὴ
3598 1080 3699 1134 καὶ

2118 1190 2280 1256 αὐτὸς
2300 1192 2357 1244 ὲν
2379 1186 2743 1258 Εὐαγγελίοις⁴
2760 1183 2998 1256 παρίστη
3030 1178 3203 1247 λέγων
3232 1175 3369 1246 πρὸς
3395 1175 3521 1236 τοὺς
3558 1172 3700 1225 Ἰου-

2115 1284 2300 1346 δαίους
2319 1300 2333 1313 ·
2374 1280 2623 1350 Ἀϐραὰμ
2657 1282 2689 1334 ό
2719 1275 2914 1345 πατὴρ
2941 1270 3108 1343 ὑμῶν
3133 1265 3570 1338 ἠγαλλιάσατο,
3595 1264 3704 1316 ἵνα

2119 1372 2216 1441 ῑδῃ
2238 1370 2353 1439 τὴν
2376 1368 2606 1440 ἡμέραν
2624 1367 2736 1439 (16)
2763 1354 2878 1434 τὴν
2904 1362 3079 1433 ἐμὴν,
3096 1360 3195 1414 καὶ
3214 1355 3339 1413 etde
3360 1354 3460 1410 καὶ
3482 1353 3700 1425 ἐχάρη.

2119 1461 2244 1515 Ὅτι
2272 1461 2369 1518 καὶ
2392 1460 2791 1532 θαυμασάντων
2835 1456 2928 1510 ὲπὶ
2969 1452 3047 1524 τῷ
3071 1450 3236 1521 λόγῳ,
3272 1446 3581 1520 προσέθηκε
3614 1444 3713 1509 τὸ,

2116 1551 2269 1619 Πρὶν
2314 1552 2572 1622 Ἀϐραὰμ
2601 1547 2877 1621 γενέσθαι
2931 1540 3046 1613 ἐγώ
3095 1543 3237 1610 ειμι,
3270 1539 3371 1610 τὴν
3402 1537 3704 1610 προϋπαρ-

2121 1641 2201 1708 ξιν
2234 1642 2432 1696 ἑαυτοῦ
2467 1639 2740 1714 παριστὰς
2768 1636 3087 1691 λευκότατα.
3135 1630 3201 1684 Τί
3231 1630 3295 1700 δὴ
3319 1624 3413 1683 οὖν
3439 1626 3706 1697 συνίστη-

2121 1747 2205 1790 σιν
2239 1737 2268 1788 6
2299 1734 2455 1804 λόγος
2479 1731 2614 1803 (17),
2648 1731 2683 1802 ἢ
2729 1728 2888 1784 αὐτὸν
2938 1722 3215 1780 εἷναι-τὸν
3235 1720 3364 1775 Υίὺν
3401 1719 3497 1774 τοῦ
3532 1718 3705 1783 Θεοῦ,

2113 1826 2206 1879 τὸν
2237 1824 2651 1898 χρηματίσαντα
2677 1821 2756 1893 τῷ
2777 1822 2983 1884 Μωσεῖ,
3014 1816 3119 1871 και
3138 1815 3415 1886 εἰρηκότα,
3447 1810 3592 1881 Ὲτώ
3617 1812 3710 1865 ει-

2109 1936 2177 1988 μι
2210 1922 2242 1972 ὁ
2273 1917 2393 1981 ὠν;
2423 1916 2585 1979 αὐτὸς
2614 1913 2724 1986 γὰρ
2750 1912 2829 1985 τῷ
2866 1909 3116 1983 Ἀϐραὰμ
3155 1898 3339 1973 ὦφθαι
3362 1903 3553 1958 ἑαυτὸν
3586 1901 3707 1956 ἐδί-

2112 2010 2286 2075 δαξεν.
2343 2009 2533 2071 ’Ὀπως
2589 2006 2647 2059 δὲ
2698 2001 2767 2077 ἦν
2821 2003 2983 2068 αὐτὸς
3023 2006 3056 2059 ό
3092 2002 3178 2058 ὢν
3222 2001 3454 2074 εῐρηται.
3510 1995 3624 2049 Καὶ
3670 1996 3707 2047 ὁ

2116 2100 2289 2172 μέγας
2334 2099 2392 2154 δὲ
2445 2096 2746 2161 ἀπόστολος
2794 2094 3008 2160 Παῦλος
3027 2090 3135 2148 οἶδε
3170 2095 3262 2148 τὸν
3278 2092 3407 2146 rm
3432 2089 3528 2143 τοῦ
3557 2085 3704 2142 Θεοῦ

2116 2193 2341 2265 μεσίτην
2366 2190 2656 2261 γενόμενον
2675 2188 2775 2259 τῆς
2796 2186 2886 2241 διὰ
2909 2186 3154 2251 Μωσέως
3171 2182 3512 2257 νομοθεσίας,
3534 2183 3596 2235 ὲν
3616 2174 3709 2244 οἷς

2110 2283 2352 2338 διδάσκει
2372 2278 2565 2349 λέγων,
2600 2278 2663 2331 '0
2695 2277 2879 2347 νόμος
2905 2275 3202 2346 διαταγεὶς
3229 2274 3304 2328 δι’
3329 2273 3603 2344 ἀγγέλων
3630 2271 3711 2325 ἐν

2111 2374 2262 2445 χειρὶ
2306 2371 2558 2442 μεσίτου
2575 2386 2589 2400 ο
2617 2371 2650 2423 ὁ
2678 2367 2748 2422 δὲ
2769 2367 3023 2438 μεσίτης
3052 2365 3191 2433 ἐνὸς
3212 2367 3324 2420 οὐκ
3363 2364 3536 2419 ἔστιν
3557 2360 3733 2433 (18)..

2111 2461 2320 2518 Οὐκοῦν
2348 2462 2378 2515 6
2418 2458 2767 2533 χρηματίσας
2811 2456 2891 2529 τῷ
2931 2458 3120 2512 Μωσεῖ
3162 2457 3193 2509 6
3239 2453 3472 2525 μεσίτης
3500 2446 3593 2524 ἦν,
3638 2450 3731 2517 ἐξ,

2112 2554 2319 2608 ἐκείνου
2341 2550 2641 2624 μεσιτεύων
2666 2552 2735 2622 τῇ
2756 2548 2866 2603 τῶν
2891 2546 3194 2620 ἀνθρώπων
3222 2544 3489 2616 σωτηρίᾳ,
3512 2542 3644 2615 eam
3662 2542 3705 2614 ἦ

2109 2645 2207 2717 τὴν
2236 2645 2414 2716 σάρκα
2442 2641 2753 2697 ἀναλαϐεῖν.
2779 2640 2980 2695 Τοῦτον
2999 2639 3057 2693 δὲ
3073 2633 3213 2692 εἶναι
3239 2632 3448 2707 Ἰησοῦν
3463 2631 3709 2705 Χριστὸν

2108 2739 2137 2791 6
2165 2737 2326 2802 αὐτὸς
2364 2734 2684 2798 Ἀπόστολος
2714 2733 3025 2806 παρέστησε
3040 2731 3239 2802 φήσας,
3280 2722 3388 2794 Εἷς
3418 2725 3587 2793 Θεὸς,
3611 2719 3710 2791 εἷς

2109 2829 2207 2884 καὶ
2222 2829 2476 2899 μεσίτης
2496 2827 2645 2883 Θεοῦ
2670 2826 2767 2881 καὶ
2781 2823 3126 2892 ἀνθμῦπων,
3138 2823 3450 2891 ἄνθρωπος
3463 2815 3710 2886 Ἰησοῦς

2107 2919 2377 2988 Χριστός.
2403 2917 2518 2971 Εἶτ’
2567 2911 2662 2970 οὖν
2716 2917 2775 2983 ὲξ
2821 2913 2984 2970 αὑτοῦ
3015 2911 3306 2986 προσώπου
3342 2909 3560 2978 λέγοιτο
3596 2926 3713 2963 πα-

2110 3011 2179 3082 ρὰ
2199 3011 2404 3075 Μωσεί,
2426 3009 2489 3062 τὸ
2526 3006 2673 3076 Ἓτώ
2706 3010 2823 3077 ειμι
2858 3009 2892 3061 ὀ
2927 3005 3034 3073 ὢν,
3062 3005 3161 3060 εἷθ’
3189 3004 3219 3057 6
3246 2999 3435 3072 Πατὴρ
3457 2996 3551 3072 ἦν,
3581 3002 3612 3055 6
3633 3001 3709 3057 δι’

2107 3100 2271 3154 αὑτοῦ
2298 3099 2501 3171 ταύτην
2529 3098 2852 3171 προϊέμενος
2881 3097 2983 3168 τὴν
3015 3095 3221 3166 φωνὴν,
3256 3097 3537 3166 ἑκατέρως
3568 3093 3710 3164 ἀλη-

440 3155 662 3209 modum
692 3154 810 3225 ipse
832 3166 1001 3222 retur,
1038 3156 1350 3228 syllogismo
1389 3158 1479 3212 ubi
1510 3158 1702 3213 scribit
1733 3156 1824 3229 [Β.
1850 3155 2006 3213 LVlll

2122 3190 2263 3244 θεύοι
2312 3190 2385 3244 ἂν·
2412 3154 2653 3258 ius.
2692 3154 2801 3260 ’Μὴ
2831 3154 2906 3258 ὸὴ
2938 3154 3040 3241 ᾉῠᾴ
3073 3154 3349 3255 ἀπορείτω
3377 3154 3710 3259 ιέάρέιελλᾶς

441 3244 568 3301 coll.
598 3262 651 3317 p.
686 3247 790 3302 150
814 3245 880 3319 1)]
911 3265 924 3301 :
959 3247 1287 3314 «Quemnam
1308 3248 1419 3316 iam
1433 3249 1711 3304 existimat
1739 3264 1859 3306 esse
1887 3266 2011 3306 eum

446 3354 468 3390 ι
505 3326 772 3401 Asterius,
800 3338 892 3408 qui
913 3338 1068 3404 dixit,
1098 3339 1209 3408 Ego
1238 3357 1355 3394 sum
1382 3341 1408 3395 ?
1451 3341 1722 3398 Filiumne
1744 3384 1760 3409 ,
1811 3358 1879 3398 an
1909 3342 2012 3398 Pa-

444 3447 465 3482 ι
506 3431 695 3485 trem?
744 3431 987 3486 inferens
1021 3431 1215 3487 deinde
1260 3448 1275 3487 :
1332 3433 1392 3488 Si
1431 3433 1650 3503 quidem
1693 3433 1857 3490 Pater
1893 3446 2013 3490 erat

444 3539 465 3573 ι
503 3521 592 3589 qui
621 3521 703 3577 sic
730 3520 1027 3592 inquiebat,
1060 3524 1173 3591 Ego
1202 3539 1355 3588 sum,
1409 3533 1520 3578 tum
1572 3540 1676 3580 non
1713 3535 1799 3581 est
1842 3526 2013 3582 Filius

443 3633 464 3665 ι
509 3614 671 3678 Deus,
706 3612 850 3683 quod
881 3628 948 3668 ex
976 3614 1224 3683 Opposito
1247 3652 1263 3679 ,
1292 3612 1415 3669 Non
1443 3617 1739 3670 exsistemis
1764 3655 1782 3680 ,
1841 3619 1910 3674 de
1953 3632 2013 3673 se

445 3722 465 3756 ι
507 3705 662 3771 dixit,
700 3703 811 3775 Ego
838 3721 978 3760 sum.
1029 3704 1086 3759 Si
1135 3704 1332 3761 Filium
1364 3706 1641 3778 bypostasi
1673 3707 2011 3765 differenten:

444 3815 466 3849 ι
504 3801 607 3856 hoc
630 3801 804 3869 ipsum
825 3801 1114 3870 protulisse
1141 3801 1309 3865 dicat,
1341 3798 1455 3871 Ego
1485 3816 1627 3866 sum,
1659 3801 1801 3856 idem
1824 3816 2013 3858 rursus

444 3914 464 3947 ι
505 3894 577 3950 de
634 3894 798 3955 Patre
864 3911 1160 3965 usurpasse
1235 3897 1662 3952 existimabitur.
1723 3916 1744 3949 ι
1806 3897 2010 3953 Horum

439 3986 760 4055 utrumlibet
789 3986 937 4042 dicat
959 3988 1183 4058 impium
1210 3997 1297 4043 est
1330 4007 1344 4042 :
1378 3999 1430 4044 et
1468 3997 1650 4043 tamen
1683 3988 1799 4044 huic
1827 3990 1901 4044 ita
1920 3991 2011 4046 ubi

438 4087 746 4142 statuerat,
795 4078 1115 4134 alterutrum
1167 4081 1284 4149 ipse
1345 4080 1396 4134 in
1449 4081 1741 4137 absurdum
1798 4082 2009 4152 incidit,

436 4176 610 4223 unum
654 4169 781 4224 dum
804 4172 995 4225 statuit
1025 4184 1147 4227 esse
1174 4185 1299 4227 eum
1355 4172 1461 4238 Qui
1488 4183 1590 4240 est,
1627 4173 1859 4229 alterum
1897 4189 2014 4245 per-

439 4274 667 4331 negans.
694 4260 863 4328 Quem
906 4277 1036 4318 vero
1081 4264 1343 4319 tandem?
1397 4264 1538 4321 forte
1577 4267 1694 4337 ipse
1741 4268 1911 4322 novit.
1951 4267 2010 4324 Si

436 4351 655 4410 Patrem
702 4354 976 4420 admittat,
1036 4355 1255 4425 negabit
1284 4354 1481 4411 Filium
1543 4374 1557 4412 :
1622 4368 1717 4413 aut
1751 4358 1888 4414 Filio
1915 4359 2012 4413 ad-

2116 3280 2458 3353 συλλογισμῷ
2500 3279 2803 3352 χρώμενος,
2858 3278 2935 3341 ὡς
2990 3277 3183 3343 οἴεται,
3236 3277 3490 3349 ἀφύκτῳ,
3542 3275 3612 3329 δι’
3641 3267 3710 3329 οὗ

2112 3391 2267 3445 φησι,
2291 3392 2309 3425 ι
2333 3373 2467 3427 Τίνα
2483 3372 2661 3426 τοίνυν
2679 3369 2771 3424 τὸν
2798 3368 2937 3438 Ἐγώ
2957 3370 3075 3439 εἰμι
3101 3373 3135 3423 ὁ
3154 3368 3241 3422 ὢν
3256 3369 3487 3439 λέγοντα
3512 3367 3711 3420 ’Δστέ-

2118 3484 2136 3516 ι
2176 3480 2287 3535 ριος
2312 3459 2451 3517 εἶναι
2476 3462 2646 3515 οίεται
2669 3477 2684 3526 ;
2709 3459 2800 3512 τὸν
2825 3457 2955 3512 Υἰὸν
2985 3458 3018 3529 ἢ
3046 3457 3140 3514 τὸν
3168 3459 3420 3531 Πατέρα;
3447 3452 3552 3511 εἷθ’
3572 3456 3710 3526 ἑξῆς

2118 3570 2136 3604 ι
2176 3552 2442 3621 συνάγων,
2495 3547 2572 3614 ὡς
2611 3550 2661 3602 εἰ
2697 3549 2796 3620 μὲν
2847 3549 2876 3600 6
2914 3547 3105 3620 Πατὴρ
3142 3549 3229 3621 εἴη
3275 3551 3305 3602 6
3338 3547 3437 3615 ὢν,
3477 3549 3584 3602 οὐκ
3623 3538 3711 3601 ἔτ’

2118 3664 2136 3696 ι
2179 3643 2325 3697 ἔσται
2352 3645 2380 3696 6
2396 3642 2523 3705 Υίὸς
2547 3641 2701 3706 Θεὸς,
2733 3642 2816 3695 ὅτι
2833 3642 2951 3696 κατ’
2969 3642 3375 3714 ἀντιδιαστολὴν
3399 3640 3496 3696 τοῦ
3516 3640 3594 3713 μὴ
3611 3641 3711 3695 ὕν-

2119 3755 2139 3788 ι
2176 3753 2286 3800 τος,
2323 3736 2352 3788 6
2389 3733 2464 3788 ὢν
2488 3731 2682 3787 ἑαυτὸν
2722 3728 2864 3787 εἷναί
2902 3750 3087 3804 φησιν.
3118 3734 3182 3787 Et
3218 3733 3277 3787 δὲ
3307 3734 3419 3806 (19)
3445 3733 3542 3787 τὸν
3573 3733 3717 3788 Υἱὸν

2117 3845 2137 3878 ι
2177 3825 2473 3879 ὑποστάσει
2498 3824 2826 3897 διῃρημένον
2854 3823 3011 3878 τοῦτο
3033 3824 3232 3895 φάσκοι
3256 3823 3437 3893 λέγειν
3464 3825 3529 3878 τὸ
3562 3825 3715 3895 Ἐτώ

2118 3936 2137 3969 ι
2173 3920 2289 3988 εἰμι
2309 3920 2342 3971 ό
2365 3914 2471 3978 ὢν,
2502 3915 2696 3969 ταύτὸν
2719 3911 2874 3981 αὖθις
2894 3915 3137 3988 περὶτοῦ
3163 3916 3378 3987 Πατρὸς
3399 3914 3588 3985 λέγειν
3612 3935 3712 3971 νο-

2117 4028 2137 4061 (
2182 4007 2525 4081 μισθήσεται.
2562 4026 2580 4059 ι
2636 4007 2927 4079 Ἑκάτερον
2957 4008 3016 4063 δὲ
3040 4008 3243 4062 τούτων
3264 4008 3483 4072 ἀσεϐές.
3511 4008 3712 4065 Ταῦτα

2109 4100 2167 4154 δὲ
2209 4099 2381 4167 λέγων
2425 4099 2454 4152 6
2489 4098 2671 4163 αὐτὸς,
2711 4099 2955 4172 ἐκατέρῳ
2999 4100 3421 4170 περιπέπτωκεν
3469 4102 3706 4173 ἀτόπῳ’

2109 4190 2208 4245 ἕνα
2235 4190 2334 4262 μὲν
2361 4188 2676 4262 ὁριζόμενος
2708 4185 2846 4244 εἷναι
2875 4190 2967 4244 τὸν
2984 4190 3135 4257 ὅντα,
3158 4189 3385 4264 θάτερον
3415 4192 3477 4246 δὲ
3502 4193 3712 4265 ἀρνού-

2115 4301 2293 4355 μενος.
2329 4283 2438 4337 Kal
2468 4282 2588 4337 τίνα
2617 4280 2807 4337 τοῦτον
2829 4282 2993 4348 αὐτὸς
3030 4283 3096 4339 ἂν
3129 4285 3335 4356 eidem;
3362 4284 3428 4338 El
3464 4286 3579 4359 γὰρ
3608 4287 3707 4342 τὸν

2111 4375 2330 4447 Πατέρα
2371 4374 2518 4440 δοὺς,
2552 4373 2645 4428 τὸν
2674 4374 2802 4428 Υἱὸν
2830 4376 3127 4447 ἀρνήσεται
3146 4394 3161 4409 ο
3192 4376 3227 4448 ἢ
3249 4377 3341 4431 τὸν
3370 4377 3504 4431 Υίὸν
3536 4380 3706 4449 μόνον

435 4445 644 4513 misso,
684 4445 1010 4501 annibilabit
1058 4446 1298 4510 Patrem.
1337 4446 1434 4503 Vel
1475 4449 1653 4518 potius
1693 4465 1870 4519 neque
1902 4449 2008 4506 Pa-

2122 4445 2575 4538 παραὸεξάμενος,
2599 4466 2856 4538 ἀθετήσει
2873 4445 2975 4522 τὸν
2998 4445 3239 4540 Πατέρα’
3269 4468 3472 4539 μᾶλλον
3574 4468 3705 4523 οὔτε

438 4550 574 4595 trem
611 4539 854 4610 posuisse
887 4554 1062 4609 neque
1086 4538 1283 4594 Filium
1308 4539 1676 4606 convincatur,
1699 4557 1820 4597 cum
1838 4558 2006 4598 unum

433 4630 609 4687 solum
632 4631 902 4698 admittat,
936 4631 1168 4686 alterum
1197 4640 1469 4687 amoveat.
1514 4631 1805 4702 Utcunque
1836 4636 2005 4690 Deum

432 4724 617 4778 audiat
638 4723 930 4786 dicentem,
954 4722 1066 4791 Ego
1089 4721 1344 4777 Dominus
1382 4724 1521 4778 Deus
1556 4734 1699 4791 tuus,
1725 4727 1819 4796 qui
1844 4728 2005 4782 eduxi

432 4825 485 4872 te
518 4816 585 4869 de
630 4826 772 4870 terra
800 4812 1053 4885 ﬁgypti,
1083 4816 1149 4870 de
1182 4817 1337 4872 domo
1377 4818 1683 4885 servitutis,
1713 4836 1816 4874 non
1851 4828 2005 4875 erunt

430 4909 527 4965 tibi
557 4910 633 4963 dii
650 4909 748 4962 alii
775 4924 957 4963 coram
987 4926 1070 4964 me
1088 4909 1134 4941 ⁵³
1166 4926 1180 4962 :
1207 4922 1276 4965 ne
1298 4910 1676 4980 conturbetur,
1695 4929 1794 4971 uec
1820 4925 2002 4973 mente

498 5105 556 5164 »Β
591 5100 918 5173 Ειίηριιτίβ..
945 5118 1069 5172 pag.
1100 5105 1224 5161 158.
1300 5106 1345 5139 ’⁵⁸
1371 5106 1539 5161 Exod.
1577 5122 1652 5173 v1,
1674 5107 1729 5171 2.
1756 5110 1812 5165 5.

429 5183 514 5234 ιιι,
563 5172 649 5235 19,
683 5172 779 5228 20.
871 5173 964 5227 ⁸⁸1
995 5173 1231 5231 Timoth.
1261 5190 1324 5240 ιι,
1350 5176 1406 5232 5.
1479 5176 1525 5208 ⁸¹
1569 5172 1741 5235 Exod.
1775 5180 1971 5246 111,14.

500 5324 612 5404 (ll)
637 5325 808 5404 W80
830 5328 1019 5404 ῷφθην
1042 5329 1130 5404 τῷ
1146 5330 1298 5404 Ἀδρ-
1314 5331 1409 5385 καὶ
1429 5330 1508 5404 τῷ
1540 5333 1636 5404 ἰσ-

501 5383 615 5472 (12)
653 5383 799 5465 sed};
831 5383 935 5455 (υὲο.
962 5383 1046 5472 ἰη
1091 5383 1520 5472 anagnia.
1552 5383 1754 5472 iam,
1788 5416 1933 5462 recte
1987 5425 2002 5461 :

430 5468 856 5546 Ιιειιειιιιυιιιετρι
877 5468 1242 5546 ΙιὶιξκΘεὸς-ὣν
1271 5470 1472 5546 abstini.
1489 5474 1672 5545 Ὁρᾷς,
1699 5468 1827 5546 non,
1861 5487 1919 5533 ut
1949 5478 2004 5533 in

430 5538 615 5613 codice
645 5540 770 5613 fuit,
803 5540 899 5593 ὢν.
929 5541 1106 5613 Αυτὸν
1131 5542 1285 5613 ὁρᾷς.
1308 5540 1378 5595 Μ.

505 5607 617 5673 (15)
645 5608 815 5673 Vulgo
840 5627 927 5662 om
987 5610 1065 5664 δέ.

508 5675 622 5749 (li)
655 5678 792 5749 ᾏλλ⁹
821 5681 879 5730 ἐν
907 5680 1012 5749 Μυ-

510 5742 624 5818 (95)
647 5747 824 5818 linis"
849 5748 936 5818 δή·

506 5813 618 5883 (ιθ)
646 5815 769 5869 Ἵνα
823 5813 921 5886 ῖδέι
954 5818 1065 5889 τὴν
1118 5822 1359 5890 ἡμέραν.
1391 5822 1505 5878 Νυη
1553 5828 1770 5882 memini
1818 5827 2007 5881 Ιρςιξεει·

2113 4557 2353 4630 Πατέρα,
2383 4556 2507 4611 οὔτε
2531 4557 2660 4614 Υίὸν
2680 4556 2836 4622 εἰδὼς
2860 4557 3268 4631 ἐλεγχθήσεται,
3298 4560 3398 4614 ἕνα
3422 4559 3588 4630 μόνον
3615 4560 3705 4614 δι-

2111 4648 2256 4714 δοὺς,
2293 4650 2383 4705 τὸν
2409 4650 2468 4704 δὲ
2505 4650 2689 4723 ἕτερον
2712 4649 2953 4704 ἐκποδὼν
2987 4651 3245 4723 μεθιστὰς
3262 4668 3276 4682 ο
3307 4651 3413 4706 κᾶν
3436 4651 3617 4725 ἀκούῃ
3638 4652 3703 4706 δὲ

2111 4740 2361 4811 λέγοντος
2390 4742 2483 4796 τοῦ
2515 4740 2673 4809 Θεοῦ,
2709 4741 2853 4813 Ἐγὼ
2883 4744 3099 4813 Κύριος
3118 4747 3152 4799 ό
3168 4746 3315 4812 Θεός
3350 4758 3495 4810 σου,
3529 4744 3702 4817 ό(Ξο)

2108 4832 2413 4903 ἐξαγαγών
2431 4848 2506 4887 σε
2523 4833 2593 4887 ἐκ
2618 4831 2734 4904 γῆς
2747 4835 3068 4904 Αἰγύπτου,
3096 4835 3166 4901 ἐξ
3185 4836 3357 4891 οἴκου
3382 4836 3699 4903 δουλείας,

2110 4926 2223 4980 οὐκ
2242 4924 2488 4980 ἔσονταί
2518 4940 2617 4980 σοι
2636 4924 2760 4982 θεοὶ
2780 4925 2968 4997 ἕτεροι
2986 4926 3154 4997 πλὴν
3172 4927 3341 4998 ἐμοῦ.
3370 4928 3547 4985 Πάλιν
3572 4931 3702 4986 ua»-

1886 5110 2007 5168 καί,

2134 5128 2290 5176 xvm,
2332 5115 2385 5169 1.
2460 5114 2505 5145 ⁸⁷
2537 5111 2694 5168 Joan.
2724 5127 2843 5178 vm,
2866 5111 2955 5169 56.
3030 5112 3079 5147 ⁸⁸
3110 5115 3239 5172 ibid.
3266 5114 3358 5173 48.
3437 5119 3486 5152 ⁸³
3513 5117 3693 5176 Galat.

2072 5183 2118 5215 δ’
2141 5184 2316 5242 Exod.
2354 5199 2450 5250 xx,
2477 5184 2536 5252 2,
2565 5183 2636 5252 5;
2667 5182 2845 5238 Levit.
2872 5199 2982 5251 xix,
3005 5183 3096 5241 36.

2113 5338 2240 5392 alibi
2267 5339 2407 5393 hanc
2451 5338 2991 5407 interpretationem;
3029 5355 3133 5395 non
3164 5342 3398 5397 habetur
3422 5343 3567 5398 inter
3596 5360 3696 5401 eas

2109 5423 2244 5533 sums
2275 5409 2771 5532 multassétoglgessit
2790 5409 3194 5466 eruditissimus
3220 5412 3585 5480 Maldonatus,
3615 5421 3689 5471 ad

2142 5495 2264 5532 oan.
2302 5494 2423 5533 vm.
2523 5518 2535 5530 .
2612 5517 2626 5530 .

2142 5495 2264 5532 oan.
2302 5494 2423 5539 VIII,
2450 5494 2535 5532 50.
2555 5494 2626 5531 M.

2180 5547 2293 5622 (l_7)
2313 5548 2685 5622 Συηέστῃσιν
2736 5552 2774 5622 d_
2788 5618 2802 5622 Α
2820 5550 3022 5621 reg-ag.
3065 5547 3268 5619 Nempe
3295 5553 3445 5622 quod
3478 5552 3690 5614 locutus

2109 5626 2189 5673 est
2221 5616 2381 5676 Deus,
2419 5616 2559 5685 Ἐγὼ
2592 5618 2728 5685 είμι.

2184 5686 2295 5756 (18)
2328 5685 2452 5756 Mss.
2488 5683 2518 5739 6
2547 5687 2603 5740 δὲ
2623 5683 2755 5751 Θεὸς
2775 5683 2857 5752 εἷς
2880 5687 3046 5741 ἐστιν.

2328 5755 2495 5831 ytilgo
2519 5756 2581 5827 δή
2602 5797 2616 5819 ,
2655 5775 2775 5831 mox
2808 5759 2962 5830 vulgo
2991 5758 3312 5831 ἁρνήσηται.

2188 5826 2299 5877 (“Illi
2328 5824 2494 5882 Vuth
2528 5824 2634 5883 oin.
2663 5829 2710 5881 6.
