3828 6222
114 378 227 434 957

1044 374 1142 432 DE
1176 371 1719 432 ECCLESIASTICA
1748 369 2143 429 THEOLOGIA
2166 368 2297 428 LIB.
2336 366 2391 427 ιι

3267 364 3373 421 958

113 492 291 549 ταῦθα
323 491 405 567 μὴν
424 491 774 564 πραττέσθω
793 470 890 563 τὴν
915 490 1116 562 ψυχὴν,
1144 489 1283 545 ἀλλὰ
1300 490 1397 544 καὶ
1428 488 1538 543 τῶν
1570 487 1698 560 ἑξῆς

1807 487 2058 558 trepidet,
2089 486 2184 542 sed
2225 484 2475 541 attendat
2502 497 2625 555 qua:
2659 488 2962 553 sequuntur
2989 481 3192 539 statim.
3236 480 3372 538 Cum

116 585 477 656 συνημμένων
504 584 779 638 ἀκουέτω·
805 581 973 637 εἰπὼν
1004 583 1134 654 γὰρ,
1174 584 1296 637 Οὐκ
1323 581 1570 636 ἔσονταί
1598 595 1699 636 σοι

116 677 240 731 θεοὶ
298 675 483 753 ἕτεροι
527 674 695 743 πλὴν
725 674 892 745 ἐμοῦ,
948 673 1258 744 ἐπήγαγεν*
1301 674 1385 727 Οὐ
1424 670 1698 739 ποιήσεις

113 767 353 833 σεαυτῷ
364 765 760 838 (Ξ1)εῑδωλον,
784 765 928 820 οὐδὲ
948 764 1175 831 παντὸς
1189 765 1471 835 ὁμοίωμα,
1494 764 1612 819 ὅσα
1629 764 1700 818 ἐν

114 856 199 923 τῷ
224 856 454 925 οὐρανῷ
473 856 616 922 ἀνω,
633 857 733 911 καὶ
746 856 864 912 ὅσα
885 857 955 911 ἐν
976 857 1052 926 τῇ
1068 856 1146 927 τῇ
1173 857 1350 921 κάτω,
1373 857 1471 911 καὶ
1497 855 1615 911 ὅσα
1628 856 1699 910 ἐν

113 952 243 1017 τοῖς
268 950 487 1006 ὕδασιν
509 947 787 1005 ὑποκάτω
813 948 926 1019 τῆς
944 948 1078 1019 γῆς.
1118 950 1200 1003 Οὐ
1246 948 1699 1018 προσκυνήσεις

113 1043 343 1111 αὐτοῖς,
358 1042 591 1115 οὐδὲμὴ
603 1042 954 1113 λατρεύσεις
967 1038 1191 1106 αὐτοῖς,
1203 1038 1318 1110 ἐγὼ
1330 1038 1441 1109 γάρ
1455 1041 1573 1110 ειμι
1585 1041 1700 1095 Κύ-

108 1154 247 1210 ριος
272 1135 303 1190 ὁ
330 1136 475 1201 Θεός
499 1149 639 1200 σου,
691 1135 909 1204 Κύριος
928 1131 1213 1202 ζηλωτής.
1250 1132 1411 1204 Ὁρᾷς
1436 1133 1585 1197 ὅπως
1617 1132 1696 1186 διο

117 1229 397 1283 εστέλλετο
413 1228 544 1300 (22),
553 1227 627 1300 μὴ
643 1230 710 1299 τῇ
729 1226 837 1280 τῶν
853 1225 1020 1281 ἐθνῶν
1035 1224 1284 1296 πολυθέῳ
1302 1225 1480 1299 πλάνῃ
1494 1242 1699 1279 συναπ-

118 1319 369 1389 ἀγεσθαι,
393 1321 552 1391 μόνον
579 1318 638 1373 δὲ
665 1318 827 1373 αὐτὸν
851 1318 1048 1373 εἰδέναι
1073 1318 1206 1371 Θεὸν
1228 1318 1323 1372 καὶ
1349 1317 1574 1389 Κύριον.
1604 1316 1699 1381 Τίς

117 1413 166 1467 δ’
195 1408 289 1467 οὖν
330 1404 520 1477 οῦτος;
558 1412 617 1466 '0
637 1411 765 1475 Υἱὸς
781 1410 878 1482 τὴν
902 1410 1087 1464 εἰκόνα
1115 1411 1208 1465 τοῦ
1242 1410 1456 1481 Πατρὸς
1475 1409 1616 1481 ἔχων
1638 1409 1698 1462 ὲν

118 1504 316 1577 ἐαυτῷ,
353 1503 411 1571 ἐξ
442 1500 753 1566 αὐθεντετας
790 1519 851 1555 τε
885 1500 1052 1556 αὐτοῦ
1093 1503 1208 1564 τοῖς
1256 1499 1698 1572 εἰδωλολατρείαν

118 1595 335 1649 νοσοῦσι
367 1592 539 1649 ταῦτα
565 1593 999 1663 διαταττόμενος.
1041 1592 1128 1656 Ὧς
1155 1592 1263 1666 γὰρ
1296 1592 1473 1646 πάντα
1499 1590 1567 1646 δι’
1601 1590 1699 1645 αὑ-

119 1686 217 1741 τοῦ
241 1685 476 1755 ἐγένετο,
506 1684 599 1738 τοῦ
618 1684 833 1756 Πατρὸς
857 1683 944 1737 διὰ
968 1682 1063 1736 τοῦ
1084 1683 1337 1756 Σωτῆρος
1354 1682 1453 1754 τὴν
1470 1681 1579 1736 τῶν
1601 1699 1699 1752 γε·-

119 1776 298 1848 νητῶν
340 1776 597 1831 ἁπάντων
644 1775 839 1830 οὐσίαν
870 1773 980 1848 (25)
1024 1773 1493 1846 ὑποστησαμένου,
1524 1772 1699 1837 οὕτως

119 1836 284 1931 αῦτὺς
308 1863 376 1939 ἦν
402 1869 431 1921 6
463 1866 652 1938 Πατὴρ
679 1866 779 1937 τὴν
807 1836 888 1929 εἰς
906 1836 1068 1919 αῦτὸν
1098 1836 1387 1935 γνῶσιν-τε
1417 1836 1513 1920 καὶ
1537 1836 1696 1919 εὗσέ-ξ
1726 1836 1770 1889 Β

120 1957 274 2011 σειαν
309 1956 398 2012 διὰ
445 1956 663 2027 μεσίτου
710 1954 804 2008 τοῦ
840 1955 970 2009 Υῐοῦ
1002 1955 1329 2028 παραδιδοὺς
1368 1953 1694 2027 ἀνθρώποις.

121 2049 306 2103 Τοῦτο
335 2049 394 2104 δὲ
423 2049 519 2103 καὶ
546 2050 575 2103 ὁ
616 2047 940 2112 Ἀπόστολος
973 2048 1158 2112 αὐτοῖς
1188 2048 1395 2120 ῥήμασι
1431 2045 1699 2111 Γαλάταις

118 2140 349 2213 γράφων
372 2139 637 2205 ἐδίδασκε,
661 2138 727 2193 δι’
753 2134 828 2195 ὧν
854 2139 960 2211 ἔφη
975 2155 991 2171 ·
1027 2140 1081 2192 Ὀ
1106 2139 1290 2209 νόμος
1306 2137 1602 2207 διαταγεὶς
1621 2137 1697 2192 δι’

118 2234 395 2305 ἀγγέλων
420 2233 491 2287 ἐν
525 2230 675 2301 χειρὶ
697 2233 951 2301 μεσίτου
968 2248 986 2265 ε
1007 2234 1040 2286 ό
1062 2230 1131 2285 δὲ
1146 2231 1398 2301 μεσίτης
1424 2229 1563 2296 ἐνὸς
1584 2230 1699 2284 οὐκ

119 2324 297 2380 ἐστιν
312 2341 331 2357 ι
357 2323 391 2378 ὁ
416 2323 485 2377 δὲ
505 2321 651 2388 Θεὸς
675 2316 765 2389 εἷς
789 2322 965 2378 ἐστιν
984 2321 1120 2395 (24).
1146 2322 1270 2377 Κᾶν
1292 2321 1426 2395 λέγῃ
1443 2338 1459 2352 ·
1488 2321 1696 2387 Ἴδετε,

120 2416 216 2472 ὅτι
250 2415 363 2486 ἐγώ
392 2417 528 2487 ειμι,
564 2417 663 2471 καὶ
694 2417 805 2470 οὐκ
825 2416 957 2470 ἔστι
985 2414 1132 2481 Θεὸς
1176 2413 1347 2484 πλὴν
1392 2414 1559 2484 ἐμοῦ,
1595 2414 1700 2468 πά-

118 2508 209 2562 λιν
237 2508 267 2560 ὁ
299 2506 487 2578 Πατὴρ
513 2501 604 2578 ἦν,
633 2506 709 2571 ὡς
736 2504 825 2558 διὰ
852 2505 1058 2569 εἰκόνος
1084 2505 1178 2559 καὶ
1211 2505 1451 2576 μεσίτου,
1484 2504 1575 2559 διὰ
1602 2504 1698 2560 τοῦ

120 2599 258 2654 Υεοῦ
276 2598 432 2653 τοῦτο
447 2597 672 2668 φάσκων
691 2614 707 2629 ο
722 2597 783 2652 οὐ
795 2595 901 2669 γὰρ
911 2595 975 2669 δὴ
988 2596 1236 2666 λέγοντος
1253 2596 1351 2668 μὲν
1364 2595 1584 2651 Ἡσαΐου
1605 2595 1699 2651 τοῦ

120 2690 428 2762 προφήτου,
465 2689 639 2758 Υιοὺς
683 2690 985 2760 ἐγέννησα
1008 2689 1106 2744 καὶ
1135 2689 1372 2759 ὕψωσα,
1398 2690 1493 2744 καὶ
1517 2689 1697 2756 πάλιν,

133 2783 375 2852 Ἰσραὴλ
391 2782 458 2837 δέ
480 2799 559 2853 με
582 2785 695 2838 οὐκ
726 2784 898 2853 ἔγνω,
925 2781 1021 2838 καὶ
1060 2783 1094 2837 ὁ
1127 2783 1278 2849 λαός
1301 2800 1377 2853 με
1408 2784 1480 2838 οὐ
1508 2781 1702 2852 συνῆ-

122 2892 218 2943 κε,
257 2876 353 2929 καὶ
383 2871 556 2942 αὖθις,
613 2874 754 2946 Ἐγὼ
781 2872 931 2931 πᾶσι
968 2875 1093 2943 τοῖς
1130 2875 1374 2946 ἄστροις
1406 2874 1701 2930 ἐνετειλά-

117 2982 268 3037 μην,
296 2966 407 3033 καὶ,
430 2964 511 3036 Τῇ
556 2965 709 3036 χειρί
746 2982 867 3036 μου
898 2965 1235 3035 ἐστερέωσα
1274 2965 1385 3021 τὸν
1415 2965 1699 3035 οὐρανὸν,

122 3056 222 3110 καὶ
253 3057 353 3110 ὅσα
387 3056 521 3111 ἄλλα
544 3057 788 3126 τοιαῦτα,
823 3056 883 3110 οὐ
920 3057 1013 3112 τὸν
1056 3057 1283 3113 Ἡσαΐαν
1321 3057 1492 3113 ταῦτα
1522 3059 1702 3128 λέγειν

1799 579 1949 634 enim
1984 578 2196 635 dixerat
2225 617 2242 641 ,
2299 574 2428 631 Non
2472 584 2624 631 erunt
2671 575 2768 629 tibi
2808 573 2888 628 dii
2912 572 3008 628 alii
3047 584 3241 644 praeter
3269 591 3373 639 me,

1800 669 2107 735 subintulit,
2143 666 2272 722 Non
2301 668 2461 736 [acies
2492 667 2587 720 tibi
2617 664 2817 720 idolum
2842 705 2859 732 ,
2885 680 3049 735 neque
3078 680 3279 720 omnem
3302 669 3375 720 si-

1800 760 2155 816 militudinem
2185 776 2365 815 eorum
2393 773 2510 829 qua:
2538 764 2666 813 sunt
2692 757 2749 811 in
2773 755 2903 811 ecelo
2942 771 3173 823 sursum,
3205 757 3375 811 autin

1800 866 1943 911 terra
1974 855 2244 920 deorsum,
2276 861 2370 906 aut
2391 867 2510 922 quae
2543 851 2743 905 suntin
2775 850 2925 914 aquis
2954 850 3373 914 subter-terram;

1800 962 1906 1000 non
1935 944 2182 999 adorabis
2212 943 2330 1009 illa,
2370 958 2474 996 non
2499 941 2750 997 inservies
2781 940 2912 1004 illis,
2946 938 3059 1011 Ego
3091 940 3233 994 enim
3256 955 3376 993 sum

1798 1038 2062 1093 Dominus
2100 1034 2243 1091 Deus
2287 1045 2442 1101 tuus,
2475 1033 2616 1089 Deus
2647 1032 2839 1087 zelotes
2864 1033 2934 1089 ⁸⁸.
2965 1031 3128 1088 Vides
3149 1039 3209 1087 ut
3234 1045 3373 1102 prte-

1798 1125 2006 1197 ceperit
2031 1125 2084 1181 id
2108 1125 2304 1190 solum,
2336 1139 2407 1185 ne
2432 1124 2501 1179 ab
2526 1138 2715 1179 errore
2747 1122 3034 1193 gentilitio,
3057 1123 3124 1179 de
3145 1121 3373 1177 deorum

1800 1218 2167 1283 multitudine,
2225 1216 2627 1273 abducerentur
2653 1254 2670 1281 ,
2704 1215 2804 1270 sed
2836 1214 3010 1271 solum
3061 1214 3238 1284 ipsum
3268 1213 3375 1268 Do-

1800 1310 2006 1365 minum
2041 1319 2203 1378 atque
2237 1309 2402 1363 Deum
2461 1313 2840 1377 agnoscerent.
2892 1303 3025 1374 Quis
3071 1312 3191 1358 erat
3222 1303 3324 1359 iste
3349 1303 3375 1356 ?

1800 1417 1994 1472 nempe
2019 1401 2190 1457 Filius
2227 1399 2400 1455 Patris
2451 1398 2741 1469 imaginem
2789 1397 2844 1452 in
2889 1411 2947 1452 se
2994 1395 3247 1452 habens:
3279 1395 3374 1466 qui

1798 1508 1898 1564 pro
1950 1508 2045 1549 sua
2098 1507 2258 1562 quam
2317 1490 2504 1546 habuit
2536 1489 2877 1562 auctoritate
2927 1488 3234 1544 idololatris
3267 1489 3374 1544 ista

1800 1582 1855 1638 iu
1908 1582 2179 1637 mandatis
2228 1581 2397 1637 dedit.
2454 1580 2588 1634 Nam
2657 1587 2718 1633 ut
2768 1578 2952 1634 omnia
3000 1577 3161 1633 Pater
3209 1575 3373 1633 fecis—

1800 1689 1862 1730 se
1916 1673 2113 1729 dicitur
2175 1686 2272 1742 per
2340 1669 2684 1728 Set-valerem
2716 1709 2732 1735 ,
2790 1668 2883 1737 qui
2948 1667 3186 1737 suscepit
3241 1680 3372 1722 om-

1800 1767 1949 1820 nium
2004 1763 2360 1820 substantiam
2420 1776 2542 1831 qua:
2605 1768 2989 1829 generantur;
3050 1758 3129 1811 ita
3185 1766 3241 1811 et
3308 1761 3369 1821 ᾖ

1798 1857 1914 1927 ipse
1953 1855 2113 1911 Pater
2140 1852 2243 1909 fuit
2288 1854 2378 1924 qui
2426 1866 2522 1923 per
2582 1850 2778 1905 Filium
2819 1849 3215 1915 mediatorem,
3248 1847 3363 1917 pie-

1800 1958 1959 2004 tatem
1988 1957 2041 2002 et
2066 1948 2147 2002 sui
2183 1945 2547 2017 cognitionem
2580 1940 2894 1997 hominibus
2918 1935 3365 1994 communicavit.

1798 2041 1911 2096 lloc
1940 2039 2161 2094 totidem
2194 2036 2391 2099 verbis,
2433 2035 2501 2090 ad
2531 2032 2759 2089 Galatas
2802 2031 3050 2087 scribens
3077 2027 3368 2098 Apostolus

1797 2132 2045 2193 docebat,
2077 2127 2187 2182 Lex
2218 2127 2465 2182 ordinata
2515 2141 2609 2197 per
2649 2122 2859 2195 angelos
2899 2123 2953 2177 in
2984 2135 3144 2174 manu
3171 2119 3375 2173 media-

1799 2220 1951 2275 toris.
1993 2218 2260 2272 Mediator
2294 2226 2470 2271 autem
2507 2215 2667 2269 unius
2703 2227 2806 2267 non
2839 2221 2915 2266 est
2955 2224 2976 2264 .'
3024 2208 3166 2263 Deus
3200 2218 3375 2261 autem

1798 2328 1932 2366 unus
1978 2320 2053 2365 est
2096 2309 2163 2364 “.
2225 2309 2293 2363 Et
2331 2307 2459 2362 alibi
2482 2306 2577 2372 ait,
2655 2302 2830 2358 Videte
2895 2300 3034 2372 quod
3096 2315 3188 2369 ego
3233 2313 3374 2360 sum,

1797 2414 1847 2460 et
1877 2413 2067 2473 praeter
2104 2418 2185 2455 me
2223 2416 2326 2454 non
2355 2410 2433 2455 est
2471 2398 2610 2451 alius
2652 2395 2794 2450 Deus
2819 2394 2886 2448 ⁸⁸.
2930 2391 3090 2447 Pater
3128 2390 3219 2445 hic
3254 2396 3377 2445 erat

1799 2497 1892 2568 qui
1926 2510 2021 2566 per
2060 2493 2279 2557 Filium,
2308 2501 2567 2561 tanquam
2596 2486 2889 2558 imaginem
2921 2493 2977 2540 et
3013 2481 3370 2538 mediatorem

1802 2590 1907 2645 ista
1941 2587 2119 2642 dixit:
2158 2599 2265 2639 non
2302 2582 2447 2637 enim
2491 2594 2614 2635 cum
2649 2576 2841 2632 Isaiam
2866 2573 3115 2630 audimus
3145 2569 3376 2642 prophe-

1803 2689 1909 2736 tam
1937 2679 2229 2741 dicentem,
2253 2672 2426 2728 Filios
2455 2671 2608 2742 genui
2640 2677 2690 2724 et
2720 2664 3048 2729 exaltani“;
3078 2670 3133 2718 et
3154 2663 3376 2726 iterum,

1801 2769 1973 2826 Israel
2013 2770 2189 2823 autem
2216 2781 2297 2819 me
2327 2779 2431 2817 non
2462 2759 2724 2831 cognovit,
2750 2769 2799 2812 et
2830 2755 3052 2827 papulus
3083 2768 3228 2808 meus
3271 2767 3378 2805 non

1803 2860 2055 2917 intellexit
2077 2859 2163 2927 '7;
2194 2865 2250 2913 et
2296 2869 2504 2918 rursus,
2549 2851 2804 2907 Omnibus
2847 2846 3108 2902 sideribus
3144 2860 3237 2915 ego
3277 2843 3380 2896 im-

1802 2955 1978 3027 peravi
2001 2970 2021 3020 ;
2054 2960 2130 3019 ct,
2152 2967 2313 3004 manu
2339 2965 2453 3002 mea
2481 2944 2687 3016 ﬁrmavi
2720 2941 2908 2997 caelum
2927 2940 2997 3006 ⁸⁸,
3027 2948 3080 2995 et
3107 2952 3226 3008 qua:
3253 2945 3381 2992 sunt

1802 3046 2036 3112 similia;
2059 3058 2166 3099 non
2200 3041 2268 3097 ab
2285 3039 2419 3096 Isaia
2449 3038 2574 3104 ista,
2603 3037 2846 3104 inquam,
2879 3032 3091 3102 prolata
3109 3032 3376 3095 dicemus,

125 3150 395 3220 φήσομεν,
426 3148 493 3202 δι’
514 3148 678 3204 αὐτοῦ
717 3125 779 3205 δὲ(
818 3149 909 3204 τὸν
952 3151 1011 3204 ὲν
1055 3149 1203 3221 αὐτῷ
1238 3148 1503 3205 λαλοῦντα
1538 3125 1700 3206 Θεόνο

1807 3141 1900 3196 sed
1925 3154 1957 3193 a
1988 3138 2097 3194 Deo
2124 3152 2178 3191 In
2208 3136 2324 3205 ipso
2367 3134 2642 3202 loquente.
2672 3129 2938 3196 Quocirca
2968 3126 3145 3182 eritne
3189 3125 3379 3180 incon-

2058 3228 2091 3243 ιο
2139 3227 2151 3239 ι
2193 3240 2238 3243 --
2300 3225 2512 3243 η-.--..-
2559 3235 2658 3243 ..-..
2696 3218 2885 3243 una“...
2937 3232 3094 3243 nn...“
3131 3215 3347 3243 ..ηῗηιιηξ

122 3239 250 3310 οὐχ).
277 3239 334 3293 δὲ
360 3240 455 3294 καὶ
484 3240 577 3293 ἐπὶ
608 3238 699 3294 τοῦ
743 3239 1063 3311 μονογενοῦς
1081 3239 1215 3294 Υἱοῦ
1245 3238 1338 3295 τοῦ
1375 3239 1512 3294 Θεοῦ
1530 3281 1544 3306 ,
1571 3240 1705 3313 πρέ-

124 3347 222 3384 ποι
249 3329 315 3384 ἂν
341 3331 433 3383 τὸν
470 3330 686 3401 Πατέρα
703 3330 771 3384 δι’
798 3328 963 3385 αὐτοῦ
988 3329 1185 3402 χρῆναι
1214 3329 1388 3385 ταῦτα
1414 3330 1706 3404 διαμαρτύ-

129 3418 328 3492 ρασθαι
357 3422 469 3484 τοῖς
493 3419 601 3473 τῶν
637 3419 856 3473 τοιῶνδε
887 3418 1361 3491 παραγγελμάτων
1397 3419 1702 3489 δεομένοιςς

126 3506 509 3580 εἰδωλολάτραι
537 3507 583 3562 δ’
604 3503 748 3589 ¹ἦσαν
766 3501 932 3575 οὗτοι,
965 3507 1042 3572 ὡς
1065 3509 1099 3580 ἡ
1129 3509 1268 3580 αὑτὴ
1295 3506 1535 3562 διδάσκει
1562 3508 1705 3580 Γρα-

126 3600 206 3672 cpi)
237 3599 488 3669 λέγουσα·
522 3600 633 3654 Καὶ
665 3595 787 3654 εἶπε
827 3599 1054 3672 Κύριος*
1108 3618 1128 3651 ι
1157 3598 1269 3653 Ποῦ
1302 3599 1444 3653 εἰσιν
1496 3601 1545 3653 οἱ
1593 3598 1708 3653 Θεοὶ

132 3711 155 3745 ‹
198 3691 410 3759 αὐτῶν;
467 3693 553 3762 ἐφ’
598 3687 680 3757 οἷς
723 3690 1105 3745 ἐπεποίθεισαν
1156 3692 1242 3744 ἐπ’
1286 3691 1489 3755 αὐτοῖς,
1539 3682 1614 3744 ὧν
1645 3690 1708 3744 τὸ

134 3803 154 3835 ι
199 3783 365 3857 στέαρ
387 3783 496 3839 τῶν
531 3784 731 3838 θυσιῶν
760 3782 937 3837 αὐτῶν
975 3782 1214 3853 ὴσθίετε,
1240 3782 1333 3836 καὶ⁸
1365 3782 1579 3836 ὲπίνετε
1613 3781 1707 3836 τὸν

134 3893 154 3925 ι
196 3871 341 3928 οἶνον
390 3873 500 3928 τῶν
555 3873 796 3929 σπονδῶν
848 3873 1047 3930 αὐτῶν.
1119 3875 1552 3944 Ἀναστήτωσαν,
1612 3872 1710 3928 καὶ

135 3986 157 4018 s
210 3965 633 4038 βοηθησάτωσαν
677 3966 825 4036 ὑμῖν,
867 3966 962 4019 καὶ
993 3964 1379 4037 γενηθήτωσαν
1402 3962 1552 4035 ὑμῶν
1580 3980 1709 4017 σκε-

134 4076 157 4111 ι
201 4057 425 4113 πασταί.
482 4077 502 4112 ι
558 4059 781 4123 Τούτοις
835 4058 945 4131 γὰρ
1004 4056 1272 4130 συνῆπται
1324 4054 1421 4124 τὸ,
1451 4073 1472 4108 ι
1516 4057 1708 4121 Ἴδετε,

135 4169 155 4201 s
195 4148 337 4203 ἴδετε
394 4150 479 4204 ὅτι
533 4150 644 4222 ἐγώ
705 4152 844 4223 εἰμι,
912 4149 1007 4204 καὶ
1077 4149 1178 4202 οὐκ
1233 4146 1348 4202 ἐστι
1397 4146 1529 4213 Θεὸς
1571 4146 1711 4220 πλὴν

136 4261 155 4294 ι
200 4239 362 4313 ἐμοῦ.
411 4261 433 4296 ι

763 4335 921 4390 ΚΕΦ.
951 4334 1081 4391 KB’.

130 4431 267 4485 Ὀτι
291 4430 390 4485 καὶ
421 4429 492 4485 ἐν
518 4428 641 4495 τοῖς
666 4427 1121 4555 πέέἓφήέαιςηδιὰ
1148 4427 1254 4483 τοῦ
1284 4426 1422 4483 Υἰοῦ
1451 4431 1484 4483 ό
1508 4424 1714 4496 Πατὴρ

795 4517 859 4555 εο
901 4516 1112 4555 οτειτο.
1468 4540 1479 4553 .

795 4516 1112 4571 εουιοτειτο.
1468 4540 1479 4553 .

196 4590 324 4646 Κᾶν
342 4590 601 4663 μυριάκις
612 4588 791 4643 τοίνυν
813 4588 901 4642 διὰ
917 4588 1014 4642 τοῦ
1035 4589 1314 4662 προφήτου
1338 4586 1475 4659 βοῶν
1503 4588 1709 4659 φάσκῃ,

131 4682 314 4753 Πλὴν
337 4682 484 4753 ἐμοῦ
514 4684 626 4737 οὐκ
648 4682 781 4737 ἐστι
802 4681 965 4748 Θεὸς,
994 4682 1089 4736 καὶ
1115 4680 1282 4750 πλὴν
1296 4680 1442 4750 ἐμοῦ
1459 4682 1570 4734 οὐκ
1584 4679 1717 4735 ἐστι

128 4775 370 4842 δίκαιος
382 4773 482 4829 καὶ
500 4773 727 4843 Σωτὴρ,
772 4775 865 4828 καὶ
886 4774 1034 4828 Θεὸν
1064 4772 1233 4841 πλὴν
1243 4773 1389 4843 ἐμοῦ
1404 4775 1476 4828 οὐ
1491 4773 1716 4843 γνώσῃ,

129 4868 232 4921 καὶ
250 4866 455 4928 σώζων
483 4868 596 4922 οὐκ
626 4867 762 4921 ἔστι
785 4866 978 4935 παρὲξ
1009 4865 1124 4938 (25)
1144 4866 1312 4937 ἐμοῦ,
1335 4866 1430 4919 καὶ
1462 4867 1562 4920 ὅσα
1583 4864 1719 4920 ἄλλα

126 4960 347 5022 τούτοις
387 4957 591 5028 ἀδελφὰ
629 4961 687 5014 ὲν
731 4961 842 5023 τοῖς
873 4957 1080 5023 λοιποῖς
1121 4958 1344 5029 φέρεται
1381 4958 1712 5029 προφήταις,

131 5051 288 5118 Θεὸς
304 5047 402 5121 ἦν,
424 5052 521 5105 καὶ
539 5051 609 5115 ἐξ
628 5036 862 5106 ἐκείνου
895 5050 965 5105 ἐν
989 5047 1219 5119 Χριστῷ
1244 5050 1476 5118 κόσμον
1489 5051 1714 5103 καταλ-

133 5143 397 5200 λάσσων
415 5144 632 5210 ἑαυτῷ,
651 5145 746 5198 καὶ
766 5142 928 5207 αὐτὸς
946 5139 1014 5214 ἦν
1045 5141 1075 5194 6
1104 5141 1295 5213 Πατὴρ
1313 5139 1488 5194 ταῦτα
1503 5139 1594 5194 διὰ
1612 5137 1710 5193 τοῦ

137 5234 465 5308 μονογενοῦς
497 5235 652 5302 Υἱοῦ,
703 5230 792 5289 οἷα
822 5235 890 5290 δι’
915 5233 1216 5307 ἑρμηνέως,
1248 5230 1557 5304 ἀνθρώποις
1577 5231 1711 5284 ὑπο-

1805 3245 2000 3303 gruum
2041 3227 2268 3290 dixisse,
2299 3225 2516 3279 Patrem
2559 3235 2658 3291 per
2694 3218 2888 3274 Filium
2937 3232 3096 3273 suum
3131 3215 3381 3286 unigeni-

1805 3335 1916 3379 tum
1945 3323 2061 3378 haec
2093 3319 2446 3392 pradocutum
2478 3313 2752 3369 aliinmare
2806 3310 2945 3383 apud
3003 3323 3099 3364 eos
3134 3308 3226 3376 qui
3262 3307 3382 3363 istis

1803 3415 2116 3487 indigebant
2145 3410 2413 3467 mandatis
2454 3417 2510 3464 et
2560 3403 3055 3462 admonitionibus?
3084 3402 3255 3456 Erant
3283 3415 3381 3453 au-

1803 3514 1911 3562 tem
1959 3504 2103 3575 quod
2143 3509 2371 3558 testatur
2420 3497 2724 3565 Scriptura,
2760 3495 2813 3548 bi
2862 3491 3183 3548 idololatrze.
3235 3488 3384 3543 Dixit

1803 3596 1947 3653 enim
1966 3592 2223 3649 Dominus
2253 3609 2271 3646 :
2310 3588 2410 3644 Ubi
2433 3596 2559 3644 sunt
2586 3586 2664 3640 dii
2689 3584 2902 3639 illorum
2927 3585 2953 3640 ?
2976 3583 3031 3637 in
3047 3582 3233 3653 quibus
3258 3596 3386 3634 con.

1803 3686 2078 3757 fidebant,
2120 3698 2344 3755 quorum
2399 3681 2464 3734 de
2523 3676 2799 3745 sacriﬁciis
2832 3675 3037 3744 adipem
3064 3671 3381 3738 comedistis,

1804 3788 1851 3834 et
1889 3777 2091 3831 bibistis
2128 3774 2303 3830 uinum
2335 3773 2400 3826 de
2427 3771 2595 3840 epulis
2654 3783 2835 3823 eorum
2861 3783 2879 3820 :
2910 3773 3130 3834 surgant
3154 3771 3201 3817 et
3226 3762 3384 3832 adju-

1805 3881 1922 3928 vent
1953 3888 2062 3937 vos,
2112 3878 2162 3923 et
2192 3867 2323 3937 ﬁant
2358 3862 2738 3921 obumbracula
2789 3860 2931 3915 vobis
2956 3860 3022 3913 ⁵³.
3055 3855 3210 3914 Nunc
3231 3855 3384 3911 hisce

1807 3962 1989 4019 verbis
2021 3960 2242 4016 adunita
2295 3967 2457 4022 sunt,
2497 3954 2707 4021 Videte,
2752 3953 2916 4009 videte
2946 3949 3085 4022 quod
3103 3964 3196 4020 ego
3231 3961 3381 4014 sum,

1807 4066 1855 4112 et
1892 4070 1996 4111 non
2024 4062 2103 4110 est
2137 4051 2275 4108 alius
2302 4060 2492 4120 prwter
2524 4062 2604 4102 me
2625 4045 2693 4102 ⁸⁸.

2405 4318 2559 4376 CAP.
2600 4314 2770 4373 XX“.

1815 4417 1967 4485 Quod
1995 4415 2151 4472 etiam
2183 4414 2238 4470 in
2263 4410 2533 4535 prophetas
2565 4410 2725 4534 (ἕλοιεν
2749 4420 2840 4476 per
2855 4401 3055 4457 Filium
3080 4399 3221 4454 Deus
3247 4411 3385 4467 prae-

2518 4498 2564 4534 lc
2624 4496 2654 4532 u
2693 4516 2707 4529 .

2518 4496 2707 4534 tentur.

1884 4580 2034 4635 Licet
2063 4591 2192 4647 ergo
2231 4573 2425 4629 millies
2462 4587 2558 4642 per
2588 4568 2903 4641 prophetam
2935 4562 3159 4624 clamet,
3188 4556 3391 4611 Prwter

1815 4689 1896 4728 me
1933 4687 2038 4726 non
2079 4678 2155 4725 est
2193 4668 2366 4732 Deus,
2410 4674 2467 4721 et
2511 4674 2705 4734 prwter
2744 4675 2825 4712 me
2866 4672 2970 4712 non
3014 4662 3089 4709 est
3116 4651 3295 4722 justus
3339 4657 3389 4701 et

1818 4766 2084 4831 Servator,
2107 4773 2182 4830 et,
2209 4761 2376 4815 Deum
2405 4774 2508 4812 non
2536 4767 2812 4824 cognosces
2838 4757 3029 4820 praeter
3053 4761 3156 4813 me,
3183 4752 3236 4798 et
3265 4740 3390 4795 Non

1817 4868 1895 4914 est
1923 4858 2016 4924 qui
2058 4861 2444 4924 servetmraeter
2474 4863 2576 4915 me,
2600 4855 2655 4901 et
2682 4859 2802 4913 qua:
2836 4841 2920 4896 his
2959 4836 3278 4908 congemina
3313 4831 3390 4888 le-

1820 4960 2013 5007 runtur
2038 4951 2092 5004 in
2124 4942 2405 5018 prophetis
2432 4939 2664 5004 caneris,
2692 4936 2832 4991 Deus
2870 4941 2984 4988 erat
3009 4941 3057 4985 et
3095 4930 3150 4983 in
3178 4925 3388 4983 Christo

1818 5043 2072 5097 mundum
2109 5016 2209 5094 sibi
2237 5033 2580 5092 reconcilians
2607 5031 2672 5093 “,
2698 5038 2753 5084 et
2781 5028 2897 5097 ipse
2936 5032 3058 5080 erat
3087 5020 3250 5075 Pater
3289 5016 3390 5071 ista

1816 5150 1914 5205 per
1967 5131 2162 5187 Filium
2229 5128 2602 5200 unigenitum,
2656 5122 2819 5177 veluti
2887 5131 2982 5187 per
3040 5114 3388 5205 initer-(infima

1817 5197 2106 5297 quemdam
2166 5197 2474 5278 hominibus
2511 5216 2895 5274 subinsiuuans
2939 5228 2954 5264 :
2990 5204 3084 5262 sed
3131 5213 3187 5256 et
3224 5197 3394 5253 Filius

215 5398 278 5457 >Ι⁴
314 5391 410 5446 ΕεΙο
441 5391 640 5462 Parim.
670 5391 921 5462 pagl39.
996 5389 1228 5445 “Exod.
1257 5403 1351 5462 κδ),
1372 5387 1425 5462 ιε,
1460 5387 1530 5453 5;
1560 5384 2030 5462 ιςνὶιάξνιέβ.
2080 5384 2128 5415 δι
2163 5379 2343 5462 Galatn.
2369 5371 2957 5462 111,.1‘9,'2tl)‘.u':Dt:I‘I‘l.
2984 5383 3059 5434 vr,
3087 5364 3139 5421 4.
3202 5363 3250 5396 ⁸⁸
3289 5362 3392 5419 lsa.

137 5479 179 5533 ι,
218 5464 277 5519 2.
352 5462 398 5495 ⁸⁷
435 5462 568 5518 ibid.
598 5457 686 5517 5.’
746 5461 793 5494 ⁵⁸
849 5463 950 5517 lsa.
989 5474 1083 5529 LI,
1109 5462 1198 5517 15.
1289 5459 1335 5492 ⁸⁵
1375 5457 1485 5515 Jer.
1512 5473 1572 5525 ιι,
1601 5457 1692 5514 28.

205 5637 325 5710 et)
360 5634 532 5710 Υιιιεο

209 5707 328 5776 (2:2)
360 5707 529 5777 Vulgo
551 5707 867 5762 διετέλλετο.

213 5771 329 5845 HS)
379 5771 907 5848 Ὑσῖοστησαμένου
964 5774 1106 5842 Quid
1136 5771 1461 5848 vultnescio
1519 5788 1533 5824 :
1586 5772 1711 5848 nisi,

137 5852 233 5922 qui
283 5844 690 5907 subsistendum
726 5850 897 5911 dedit.
931 5855 983 5904 et
1017 5862 1138 5905 esse
1182 5845 1557 5903 universorum
1583 5844 1709 5900 sub-

1786 5456 1832 5489 ⁶⁰
1875 5439 2028 5511 Deut.
2057 5468 2229 5519 xxxii,
2276 5451 2367 5507 39.
2440 5439 2497 5481 ’ω
2538 5445 2581 5500 ll
2617 5445 2743 5501 Cor.
2769 5456 2826 5508 ν,
2860 5439 2948 5494 19.

1818 5627 2054 5688 stantite,
2080 5625 2182 5687 hoc
2199 5633 2306 5688 est,
2338 5624 2391 5677 in
2422 5636 2543 5688 esse
2570 5617 2843 5688 produxit.
2875 5613 2948 5688 bl.
3038 5602 3043 5609 ’

1891 5697 2006 5767 (24)
2032 5681 2213 5767 :Yulgo
2238 5681 2392 5767 ἐστιν
2426 5686 2527 5755 εἷς.
2562 5681 2673 5743 Καὶ
2696 5687 2866 5767 λέγει,
2905 5683 3044 5736 ἴδετε
3068 5681 3170 5767 ὅτι.

1891 5698 1983 5767 (24
2039 5697 2213 5766 Vulgo
2244 5697 2392 5748 ἐστιν
2426 5697 2527 5755 εἰς.
2563 5697 2673 5743 Καὶ
2699 5697 2866 5756 λέγει,
2905 5697 3044 5736 tos-cs
3068 5697 3170 5735 οτι.
3354 5722 3357 5725 .

1891 5697 2006 5840 (25)
2030 5763 2471 5840 ΥυΙςζο-ὲκείνου,
2505 5770 2563 5840 et
2602 5775 2746 5828 mox,
2796 5757 2997 5826 κόσμον
3025 5753 3178 5822 vulgo
3205 5761 3389 5806 errore

1820 5832 1954 5908 out;
1986 5832 2109 5895 dein
2134 5832 2293 5906 iulgo
2322 5836 2433 5898 τοῖς
2468 5832 2659 5901 εὐαγγ.
