3828 6222
463 324 572 386 959

1138 320 1413 379 EUSEBII
1452 321 1934 380 CESARIENSIS
1972 323 2126 381 OPP.
2168 321 2350 380 PARS
2392 323 2484 382 IV.
2520 323 3021 382 —DOGMATICA.

3632 326 3740 383 960

465 458 679 516 quoque
709 444 762 499 in
799 440 1115 515 Evangelio,
1146 444 1258 515 ipse
1295 461 1462 500 unum
1503 446 1676 502 solum
1714 447 1882 506 Deum
1916 448 2026 503 inti-

2175 447 2536 519 ιθεγγόμενος.
2581 445 2640 500 '0
2668 443 2726 497 δὲ
2755 443 2851 498 κα).
2875 443 3037 506 αὐτὸς
3063 443 3092 495 ὁ
3114 440 3248 505 Υἱὸς
3289 441 3348 495 ὲν
3379 439 3740 509 Εὐαγγελίοις

463 550 616 591 mare
675 535 890 591 videtur
941 536 1236 607 inquiens:
1283 539 1413 593 Ηίεο
1469 547 1546 591 est
1605 549 1780 594 autem
1831 545 1890 604 >14
1941 540 2045 595 vita

463 637 685 695 a'terna,
711 637 768 683 ut
795 639 1114 700 cognoscant
1136 640 1185 685 te
1213 647 1374 685 unum
1403 631 1570 687 solum
1599 632 1782 695 Deum,
1809 643 1860 688 et
1893 650 2045 702 quem

459 719 654 775 misisti
681 719 862 775 Iesum
887 719 1151 776 Christum
1173 721 1239 775 “.
1281 722 1372 777 Ille
1400 734 1518 777 erat
1539 738 1668 793 ergo
1689 738 1850 779 verus
1880 723 2040 779 Deus:

461 812 557 882 qui
588 827 727 868 unus
765 811 912 868 solus
947 819 1051 879 est,
1087 821 1143 868 et
1173 828 1282 868 non
1317 824 1402 868 est
1439 813 1579 868 alius
1609 825 1807 882 praeter
1845 816 2039 886 ipsum.

463 903 564 970 Qui
604 918 713 959 non
751 903 927 959 solum
979 919 1077 974 per
1120 905 1430 974 prophetas,
1479 909 1573 962 sed
1614 917 1668 962 et
1717 922 1812 976 per
1847 907 2041 962 Filium

461 1008 618 1050 suum
667 995 768 1050 ista
826 994 1055 1064 tempori
1109 996 1521 1061 convenientia,
1563 996 1896 1054 idololatrico
1945 999 2042 1054 Ju-

461 1086 704 1142 daeorum
751 1086 949 1157 popqu
983 1087 1350 1157 praecipiebat.
1401 1087 1664 1155 Quocirca
1705 1087 1890 1157 Isaias,
1949 1100 2042 1146 aut

464 1177 607 1232 Deus
641 1177 820 1247 potius
870 1193 968 1248 per
1009 1179 1201 1234 Isaiam
1243 1179 1320 1235 ait
1359 1197 1376 1235 ε
1421 1181 1626 1235 Prwter
1668 1199 1750 1236 me
1811 1198 1917 1238 non
1965 1194 2040 1238 est

460 1267 604 1322 Deus
633 1283 652 1322 :
682 1265 813 1334 Quis
855 1278 911 1322 ut
947 1285 1061 1339 ego,
1098 1277 1207 1328 etc.
1244 1269 1349 1325 Vos
1381 1272 1503 1326 estis
1547 1280 1702 1326 testes
1731 1272 1780 1326 si
1822 1274 1939 1343 quis
1969 1274 2036 1328 sit

460 1358 604 1413 Deus
656 1368 850 1426 prceter
899 1375 980 1412 me
1014 1359 1081 1414 “.
1133 1359 1484 1416 Subintulit:
1533 1359 1685 1426 Quod
1732 1377 1834 1416 non
1883 1372 2036 1416 erant

459 1461 585 1504 tunc
626 1452 719 1520 qui
766 1451 1030 1522 ﬁngebant
1076 1461 1127 1507 et
1175 1451 1515 1520 sculpebant,
1561 1468 1738 1507 omnes
1781 1455 1903 1509 vani
1950 1454 2036 1524 fa-

460 1539 651 1595 cientes
699 1558 818 1611 quw
862 1541 1137 1611 placebant
1185 1542 1294 1598 illis
1333 1543 1400 1598 “.
1455 1543 1666 1614 Ubique
1711 1551 1890 1601 autem
1941 1561 2038 1617 per

457 1629 602 1686 illius
659 1632 998 1702 prophetiam
1060 1634 1184 1689 licet
1235 1635 1665 1701 animadvertas,
1711 1637 2037 1696 inanimatas

458 1721 578 1778 illas
623 1733 832 1781 statuas
867 1724 1165 1796 ﬂagellatas
1199 1745 1214 1782 :
1251 1737 1308 1784 et
1339 1727 1587 1784 similiter
1619 1730 1760 1800 apud
1799 1731 2036 1802 singulos

457 1814 843 1884 prophetarum
902 1834 1068 1873 unum
1108 1820 1274 1874 Deum
1314 1820 1555 1877 invenies
1588 1823 1939 1890 celebratum,
1977 1836 2036 1880 ut
2066 1807 2108 1862 Β

458 1915 774 1960 avertantur
802 1908 1048 1964 homines
1073 1925 1104 1965 a
1135 1909 1357 1964 deorum
1389 1910 1750 1968 multitudine.
1779 1913 1859 1968 Ad
1889 1930 2038 1970 eum-

458 1993 580 2050 dem
614 1997 828 2053 modum
863 2015 961 2054 uos
994 2001 1048 2055 in
1087 2017 1378 2072 congressu
1411 2017 1733 2074 quocunque
1769 2021 1891 2060 cum
1936 2021 2036 2077 pa-

456 2087 613 2157 ganis
644 2088 879 2146 solemus
917 2092 1221 2149 doctrinam
1249 2095 1315 2148 de
1341 2093 1561 2150 Christo
1602 2096 1656 2152 in
1689 2107 1899 2168 tempus
1937 2115 2034 2170 op-

452 2189 744 2248 portorium
777 2198 1066 2253 reponere,
1101 2195 1156 2243 et
1183 2187 1234 2241 in
1271 2189 1520 2258 praesenti
1565 2191 1765 2246 erroris
1808 2191 2036 2247 idolola-

454 2271 580 2326 trici
635 2275 1072 2345 redargutionem
1130 2291 1468 2348 proponere,
1518 2288 1574 2335 et
1627 2281 1720 2337 Dei
1773 2284 2033 2340 unitatem

454 2361 900 2422 demonstrativis
962 2368 1266 2426 rationibus
1329 2370 1591 2428 stabilire.
1670 2373 1852 2431 Discat
1911 2377 2034 2433 ideo

452 2451 759 2522 Marcellus,
802 2458 848 2514 si
882 2467 1058 2516 tamen
1090 2463 1183 2530 qui
1226 2462 1624 2520 obveteraverit
1667 2482 1792 2522 cum
1823 2469 2038 2538 episco-

448 2555 582 2616 patu
637 2549 691 2604 in
731 2549 971 2606 Ecclesia
1027 2553 1229 2610 Christi
1273 2556 1509 2610 nondum
1561 2557 1840 2626 didicerit,
1888 2562 2031 2630 quod

450 2639 695 2708 mysterii
747 2640 891 2696 illius
928 2643 1228 2700 absconditi
1268 2645 1660 2717 intelligentia,
1705 2658 1918 2705 vetusto
1950 2650 2028 2705 illi

449 2727 649 2796 populo
694 2743 800 2784 non
861 2734 1361 2790 communicabatur
1415 2738 1482 2792 de
1530 2737 1670 2794 Filio
1715 2739 1846 2805 Deo,
1893 2756 2026 2810 pro-

448 2826 635 2884 pterea
676 2821 818 2889 quod
868 2823 935 2877 ab
978 2824 1281 2880 idololatria
1321 2827 1664 2897 impendebat
1711 2830 1780 2886 iis
1811 2831 2029 2900 pericu-

448 2908 559 2964 lum
584 2949 600 2976 ,
623 2921 678 2968 et
704 2913 844 2983 quod
875 2913 1128 2972 Ecclesiae
1160 2919 1528 2975 tantummodo
1556 2923 1871 2994 mysterium
1901 2925 2029 2980 illud

447 3015 478 3053 a
513 3001 729 3068 saeculo,
768 3012 823 3058 et
868 3008 1304 3075 generationibus
1355 3011 1728 3066 absconditum
1777 3029 2028 3069 reserva-

446 3089 610 3146 batur
637 3092 985 3160 aperiendum
1014 3095 1083 3150 ab
1134 3095 1302 3164 ipsius
1333 3099 1527 3168 gratia.
1556 3098 1614 3152 In
1640 3115 1746 3169 quo
1770 3105 2028 3174 mysterio

448 3179 518 3234 de
553 3192 737 3237 sancta
772 3182 1037 3240 Trinitate
1065 3186 1226 3253 ratio,
1266 3188 1334 3243 de
1376 3187 1558 3256 Patre,
1592 3189 1752 3256 Filio,
1796 3202 1854 3248 et
1901 3193 2024 3261 Spi-

446 3270 556 3325 ritu
581 3281 792 3339 sancto,
824 3274 1078 3330 nimirum
1109 3278 1688 3349 comprehendebatur.
1717 3283 1878 3354 Atqui
1913 3292 2022 3338 tam

447 3360 618 3416 multa
665 3363 884 3436 collegit
931 3367 986 3422 in
1035 3384 1236 3433 unum,
1281 3380 1414 3440 quot
1465 3371 1550 3428 vel
1597 3373 1666 3429 de
1715 3374 2021 3431 Iudaeorum

446 3463 609 3521 gente
671 3455 988 3514 circumcisa
1040 3459 1299 3531 magister
1353 3461 1406 3516 in
1459 3460 1685 3518 Iudaica
1739 3463 2022 3537 Synagoga

443 3546 923 3604 concionabun'dus
958 3562 1354 3620 coacervasset,
1396 3562 1454 3609 et
1495 3554 1758 3625 gloriatur
1797 3571 1858 3613 se
1905 3559 2022 3613 haec

446 3635 651 3692 Christi
703 3639 982 3710 discipulis
1035 3643 1332 3711 exhibere,
1412 3647 1540 3702 dum
1593 3649 1807 3720 ignorat
1877 3652 2022 3721 quod

446 3725 618 3782 multa
657 3729 830 3785 adhuc
867 3731 1017 3800 plura
1048 3731 1264 3790 Iudaeus
1307 3737 1602 3794 secundum
1635 3753 1855 3794 carnem
1889 3756 2020 3810 pro-

450 3817 680 3874 tulisset.
721 3820 923 3877 Horum
973 3826 1147 3895 gratia
1187 3827 1277 3884 hic
1324 3829 1589 3885 insultat;
1623 3847 1729 3888 non
1758 3848 2022 3890 verecun-

442 3908 604 3964 datur
654 3923 834 3969 autem
863 3917 1004 3984 quod
1039 3917 1390 3990 theologicam
1426 3923 1767 3979 verissimam
1796 3924 1864 3980 de
1893 3925 2020 3982 Ser-

442 4008 843 4061 vatoreruostro
873 4012 1134 4064 rationem
1166 4013 1448 4080 pervertit.

987 4105 1047 4163 Β
1078 4100 1229 4156 CAP.
1276 4103 1464 4158 XXIII.

640 4186 795 4253 Quod
829 4187 1070 4246 Ecclesia
1099 4209 1202 4247 non
1235 4196 1487 4263 praedicat
1516 4197 1640 4252 deos
1669 4197 1824 4254 duos.

511 4278 760 4348 .nprimis
805 4297 910 4336 non
969 4281 1226 4354 intelligit
1273 4285 1475 4340 dictum
1529 4288 1692 4344 divini
1739 4289 2013 4359 Apostoli,

439 4366 532 4435 qui
573 4367 934 4426 diversimode
973 4371 1131 4428 docet
1177 4388 1302 4429 esse
1341 4375 1488 4430 illum
1543 4377 1636 4433 Dei
1686 4379 2013 4450 imaginem,

439 4460 620 4516 verbis
653 4477 682 4516 a
713 4477 798 4518 me
838 4466 1128 4535 propositis
1155 4483 1171 4522 :
1200 4469 1342 4522 unde
1371 4485 1469 4539 par
1501 4470 1605 4526 fuit
1641 4483 1701 4528 ut
1746 4474 2016 4546 intellige-

438 4557 544 4620 ret,
593 4553 735 4620 quod
779 4555 1018 4611 Ecclesia
1065 4557 1161 4614 Dei
1207 4573 1314 4614 non
1364 4563 1621 4631 praedicat
1669 4565 1806 4622 duos
1858 4566 2010 4623 deos.

435 4639 571 4696 Nam
620 4659 719 4700 nec
747 4646 883 4702 duos
917 4649 1183 4718 ingenitas
1211 4653 1384 4708 credit
1413 4662 1506 4709 aut
1552 4655 2011 4728 imprincipiatos,

435 4741 498 4786 ut
529 4749 635 4788 non
664 4737 830 4792 semel
864 4740 1120 4807 diximus,
1151 4743 1247 4798 sed
1280 4759 1380 4801 nec
1412 4745 1548 4803 duas
1579 4750 1916 4807 substantias
1943 4766 2011 4808 ex

434 4822 662 4879 adverso
699 4827 1036 4886 introductas
1082 4832 1288 4888 honore
1326 4849 1484 4904 pares
1526 4838 1724 4892 asserit
1765 4854 1780 4893 :
1828 4839 2012 4908 itaque

432 4930 611 4985 neque
639 4918 772 4975 duos
800 4919 949 4988 deos,
999 4924 1092 4978 sed
1124 4925 1344 4980 unicum
1386 4927 1712 4997 principium
1745 4937 1800 4983 et
1837 4929 2005 4984 Deum

433 5007 692 5072 prazdicat
732 5025 852 5064 esse
885 5011 1098 5068 Patrem
1143 5015 1353 5072 scilicet
1395 5017 1656 5088 unigeniti
1713 5029 1768 5075 et
1823 5020 2009 5078 dilecti

431 5095 587 5164 Filii,
617 5113 778 5154 unam
816 5117 1031 5173 quoque
1069 5105 1358 5176 imaginem
1401 5107 1692 5166 invisibilis
1723 5109 1841 5178 Dei,
1889 5128 2009 5182 quas

493 5287 552 5348 ἧι
591 5284 687 5340 Ed.
716 5284 918 5354 Paris.,
953 5303 1078 5361 pag.
1113 5290 1238 5358 I40,
1279 5291 1400 5347 141.
1516 5296 1561 5329 ⁸³
1600 5297 1764 5358 Joan.
1795 5303 1940 5370 xvii,
1981 5303 2039 5362 5.

501 5465 614 5535 (ἳϐ)
645 5469 814 5540 Vulgo
846 5470 1010 5582 είμή.

501 5536 609 5582 (27)
647 5541 816 5582 anon
839 5559 906 5582 νη
964 5558 1010 5582 ui

647 5536 816 5620 [alio
839 5536 933 5620 κ-αἱ
962 5536 1233 5620 μάρτ.,.ει
1263 5558 1410 5620 mox,
1431 5546 1714 5620 ἐπήγαγεν
1741 5550 1790 5606 ό.

502 5607 615 5674 (28)
651 5611 791 5683 Περί
816 5612 926 5680 τῆς
963 5607 1244 5683 ἐκίνομῆς.
1277 5607 1405 5671 Νοιι
1436 5607 1642 5674 θεῖ”όέ
1679 5620 2003 5676 circumcisa

435 5687 594 5760 gente
649 5682 930 5760 magister,
977 5691 1038 5760 ut
1082 5682 1459 5760 inversione,
1510 5689 1667 5760 quasi
1721 5690 2001 5760 legendum

436 5755 581 5804 esset
615 5749 763 5817 παρὰ
794 5760 887 5806 aut
910 5751 1016 5805 ἀπὸ
1046 5753 1146 5825 τῆς
1177 5749 1498 5828 περιτομῆς.
1529 5749 1634 5816 Sed
1668 5749 1816 5817 recte
1846 5761 2004 5817 lectio

2146 539 2456 612 παρεδίδου,
2486 538 2583 592 ἕνα
2621 536 2780 608 μόνον
2814 534 3012 588 εἰδέναι
3053 532 3320 588 διδάσκων
3366 532 3522 597 Θεὸν,
3560 534 3623 586 ὲν
3658 529 3741 598 οἷς

2144 632 2348 703 ἔλεγεν,
2363 632 2526 700 Αὕτη
2543 630 2612 685 δέ
2624 631 2800 684 ἐστιν
2815 629 2852 697 ἡ
2869 626 3103 692 αίώνιος
3123 624 3256 694 ζωὴ,
3275 626 3376 679 ἵνα
3390 623 3742 695 γινώσκωσι

2143 745 2218 784 σε
2246 728 2356 783 τὸν
2376 728 2567 798 μόνον
2607 723 2904 793 ἀληθινὸν
2937 720 3107 786 Θεὸν,
3136 720 3234 774 καί
3264 719 3338 774 ὃν
3365 718 3740 785 ἀπέστειλας

2156 819 2393 888 Ἰησοῦν
2422 817 2708 886 Χριστόν.
2743 808 2912 878 Οὗτος
2943 807 3036 866 οὖν
3084 812 3114 865 6
3151 809 3402 880 ἀληθινὸς
3427 805 3497 880 ἦν
3526 809 3685 874 Θεὸς,
3711 808 3741 862 ό

2141 905 2224 974 εἷς
2257 909 2436 980 μόνος,
2473 909 2569 962 καὶ
2598 906 2786 978 ἕτερος
2827 903 2928 957 οὐκ
2963 903 3078 956 ἐστι
3107 900 3246 972 πλὴν
3275 898 3464 962 αὑτοῦ,
3511 897 3632 969 (26)
3663 898 3740 970 μὴ

2145 1000 2303 1073 μόνον
2319 999 2407 1054 διὰ
2421 998 2530 1053 τῶν
2547 997 2864 1071 προφητῶν,
2885 995 3022 1050 ἀλλά
3035 993 3124 1048 διὰ
3138 992 3232 1047 τοῦ
3254 991 3385 1045 ἰδίου
3403 989 3536 1045 Υίοῦ
3563 989 3744 1043 ταῦτα

2141 1094 2262 1147 κατ’
2313 1094 2491 1146 ἐκεῖνο
2543 1089 2738 1161 καιροῦ
2778 1085 3284 1159 εἰδωλολατρεύοντι
3330 1082 3408 1154 τῷ
3465 1082 3748 1136 Ἰουδαίων

2140 1183 2560 1255 ἐγκελευόμενος
2591 1182 2754 1236 ἔθνει.
2778 1179 2987 1234 Αὐτίκα
3002 1179 3048 1232 δ’
3072 1174 3166 1232 οὖν
3185 1179 3214 1230 6
3243 1177 3493 1242 Ἡσαΐας,
3531 1174 3742 1246 μᾶλλον

2137 1277 2196 1331 δὲ
2226 1279 2254 1330 6
2287 1275 2418 1339 Θεὸς
2465 1276 2532 1330 δι’
2560 1273 2748 1334 αὐτοῦ,
2790 1271 2962 1326 εἰπών
2985 1287 2998 1302 ·
3035 1269 3214 1337 Πλὴν
3255 1267 3402 1339 ἐμοῦ
3442 1270 3558 1321 οὐκ
3603 1265 3744 1321 ἐστι

2142 1369 2305 1434 Θεός.
2323 1367 2424 1434 Τίς
2435 1364 2638 1436 ὥσπερ
2657 1363 2794 1434 ἑγώ;
2819 1365 2912 1418 καὶ
2934 1361 3080 1434 ἑξῆς·
3106 1361 3414 1432 Μάρτιιρες
3427 1361 3540 1431 (27)
3563 1361 3748 1431 ὑμεῖς

2136 1460 2296 1524 ἐστε,
2332 1461 2382 1514 εί
2427 1460 2562 1514 ἐστι
2613 1457 2759 1523 Θεὸς
2795 1454 2965 1524 πλὴν
2999 1455 3169 1526 ἐμοῦ,
3211 1454 3460 1527 ἐπήγαγε
3496 1453 3584 1506 τό·
3625 1453 3743 1507 Καὶ

2137 1553 2248 1606 οὐκ
2274 1547 2439 1622 ἦσαν
2483 1550 2616 1604 τότε
2657 1552 2711 1603 οἱ
2743 1547 3131 1613 πλάσσοντες
3163 1545 3260 1600 καί
3303 1547 3360 1598 οὶ
3391 1546 3740 1616 quassarth

2136 1640 2360 1708 πάντες
2384 1640 2643 1711 μάταιοι,
2680 1637 2998 1705 ποιοῦντες
3022 1638 3098 1692 τὰ
3128 1637 3464 1706 καταθύμια
3505 1634 3746 1694 αὐτῶν.

2136 1730 2249 1784 Καὶ
2277 1731 2344 1783 δι’
2374 1729 2503 1801 ὅλης
2531 1729 2589 1783 δὲ
2620 1730 2719 1802 τῆς
2751 1727 2916 1783 αὑτοῦ
2951 1727 3289 1801 προφητείας
3315 1725 3498 1798 εὕροις
3537 1727 3610 1781 ἂν
3641 1743 3746 1780 κο-

2137 1820 2380 1892 πτόμενα
2411 1819 2478 1874 τὰ
2504 1819 2688 1891 ἀψυχα
2732 1818 2917 1884 ξόανα,
2949 1819 3045 1872 καὶ
3083 1817 3214 1888 παρ’
3247 1816 3464 1886 ἑκάστῳ
3491 1814 3550 1868 δὲ
3597 1831 3745 1886 προ⁹

2138 1913 2283 1985 φήτῃ
2330 1911 2532 1983 ὁμοίως
2575 1912 2657 1975 είς
2695 1910 3017 1984 ἀποτροπὴν
3057 1909 3158 1981 τῆς
3201 1908 3465 1963 πολυθέου
3517 1908 3744 1979 πλάνης

2135 2003 2226 2057 τὸν
2255 2004 2351 2057 ἕνα
2381 2003 2512 2058 Θεὸν
2536 2004 2942 2075 κηρυττόμενον
2968 2002 3027 2054 εὐ
3037 2003 3240 2074 ρήσεις.
3271 1999 3428 2054 Οὕτω
3447 2000 3545 2054 καὶ
3567 2001 3748 2071 ἡμεῖς

2135 2097 2406 2170 εἰώθαμεν
2445 2097 2713 2171 Ἐλλήνων
2741 2101 2854 2161 τοῖς
2899 2097 3307 2167 δεισιδαίμοσιν,
3339 2096 3398 2148 ὲν
3440 2097 3556 2158 τοῖς
3591 2095 3739 2168 πρὸς

2135 2191 2331 2254 αὐτοὺς
2352 2190 2638 2260 διαλόγοις,
2672 2190 2772 2262 τὴν
2796 2189 2894 2260 μὲν
2919 2189 3050 2260 περὶ
3077 2188 3169 2241 τοῦ
3198 2187 3439 2258 Χριστοῦ
3470 2186 3739 2239 διδασκα-

2137 2283 2278 2347 λίαν,
2304 2285 2383 2346 είς
2422 2282 2681 2355 εὔκαιρον
2721 2280 3100 2352 ταμιεύεσθαι,
3135 2280 3274 2343 τέως
3309 2280 3367 2332 δὲ
3409 2280 3598 2342 αὐτοῖς
3625 2278 3737 2348 τῆς

2131 2371 2516 2444 εἰδωλολάτρου
2566 2371 2776 2442 πλάνης
2818 2369 3077 2440 ἐλέγχους
3124 2371 3458 2442 προσφέρειν
3494 2368 3596 2422 καὶ
3635 2368 3740 2421 τὸν

2131 2463 2227 2516 ἕνα
2272 2458 2410 2516 εἶναι
2451 2461 2586 2516 Θεὸν
2621 2462 3022 2523 ἀποδεικτικοῖς
3057 2459 3492 2523 κατασκευάζειν
3519 2457 3732 2526 λόγοις.

2130 2555 2464 2610 Μανθανέτω
2503 2555 2684 2608 τοίνυν
2732 2552 3073 2625 Μάρκελλος,
3123 2553 3172 2606 εἰ
3221 2551 3621 2624 καταγηράσας
3671 2552 3734 2604 ὲν

2130 2645 2403 2716 ἐπισκοπῇ
2442 2644 2543 2716 τῆς
2594 2643 2834 2718 Χριστοῦ
2892 2643 3240 2714 Ἐκκλησίας,
3287 2641 3443 2696 οὔπω
3495 2641 3596 2696 καὶ
3629 2640 3732 2694 νῦν

2131 2734 2475 2806 μεμάθηκεν,
2503 2735 2586 2788 ὅτι
2613 2733 2692 2804 τῷ
2721 2733 2935 2804 παλαιῷ
2963 2734 3076 2804 λαῷ
3106 2736 3140 2804 ἡ
3168 2733 3263 2787 τοῦ
3290 2732 3734 2804 ἀποκεκρυμμέ-

2129 2837 2221 2874 νου
2253 2821 2555 2894 μυστηρίου
2581 2825 2709 2895 περὶ
2735 2824 2831 2876 τοῦ
2861 2822 2992 2876 Υίοῦ
3023 2822 3117 2877 τοῦ
3137 2823 3273 2876 Θεοῦ
3296 2823 3500 2892 γνῶσις
3527 2823 3734 2876 κατάλ-

2128 2910 2288 2983 ληλος
2317 2913 2565 2984 οὐδαμῶς
2597 2910 2686 2986 ἦν,
2727 2913 3032 2986 ὀλισθηρῶς
3064 2914 3239 2986 ἔχοντι
3267 2916 3404 2988 πρὸς
3432 2914 3731 2969 εἰδωλολα-

2127 3005 2336 3078 τρείαν,
2363 3006 2458 3059 καὶ
2477 3006 2552 3069 ὡς
2576 3006 2715 3080 μόνῃ
2734 3009 2801 3078 τῇ
2821 3007 2986 3061 αὑτοῦ
3021 3009 3318 3080 Ἐκκλησία
3339 2999 3401 3060 τὸ
3419 3009 3732 3080 μυστήριον

2129 3096 2190 3149 τὸ
2218 3098 2707 3170 ἀποκεκρυμμένον
2755 3099 2864 3152 ἀπὸ
2897 3100 3004 3154 τῶν
3043 3099 3276 3165 αἰώνων,
3314 3100 3412 3154 καὶ
3459 3100 3576 3154 ἀπὸ
3612 3100 3732 3155 τῶν

2130 3187 2351 3258 γενεῶν,
2376 3187 2465 3242 διὰ
2491 3192 2591 3261 τῆς
2623 3188 2787 3243 αὐτοῦ
2811 3190 3032 3262 χάριτος
3059 3190 3510 3262 ὲταμιεύετο.”Εν
3543 3185 3591 3259 ᾧ
3622 3209 3730 3260 μυ-

2131 3280 2338 3351 στηρίῳ
2373 3282 2403 3334 ὁ
2430 3282 2560 3352 περὶ
2593 3282 2693 3353 τῆς
2719 3281 2878 3351 ἁγίας
2905 3282 3136 3354 Τριάδος
3165 3283 3380 3357 Πατρὸς
3420 3285 3518 3336 καὶ
3561 3283 3729 3347 Υίοῦ,

2129 3371 2224 3425 καὶ
2247 3372 2400 3441 ἁγίου
2427 3373 2742 3445 Πνεύματος
2770 3374 3076 3446 περιείχετο
3099 3375 3276 3444 λόγος.
3311 3376 3370 3429 'O
3397 3375 3456 3429 δὲ
3476 3375 3732 3430 τοσαῦτα

2132 3462 2472 3532 συναγαγὼν,
2526 3465 2627 3518 ὅσα
2672 3464 2739 3518 ἂν
2788 3465 2932 3519 εἴποι
2984 3465 3080 3519 καὶ
3142 3465 3417 3520 Ἰουδαίων
3459 3466 3728 3520 διδάσκα-

2127 3549 2219 3616 λος
2235 3554 2364 3624 περί
2395 3552 2495 3625 τῆς
2531 3555 2770 3627 ἑκτομῆς
2807 3556 2921 3627 (28)
2952 3555 3156 3628 ὁμιλῶν
3183 3557 3244 3609 ὲν
3295 3557 3571 3610 Ἰουδαίων
3597 3574 3730 3611 συν-

2128 3646 2344 3716 αγωγῇ,
2397 3644 2722 3716 σεμνύνεται
2761 3649 2875 3710 τοῖς
2925 3647 3165 3719 Χριστοῦ
3219 3646 3492 3718 μαθηταῖς
3543 3648 3730 3702 ταῦτα

2128 3735 2581 3808 προϐαλλόμενος
2628 3739 2732 3793 οὐκ
2768 3738 2924 3804 εἰδὼς
2939 3742 3023 3794 ὅτι
3055 3740 3279 3796 πλείονα
3294 3740 3461 3794 αὑτοῦ
3479 3743 3627 3796 εἴποι
3656 3743 3730 3797 ἂν

2126 3831 2156 3882 6
2187 3831 2498 3902 σωματικὺς
2537 3832 2810 3898 Ἰουδαῖος,
2828 3835 2951 3888 Ἐπὶ
2982 3834 3195 3898 τούτοις
3230 3835 3331 3905 μὲν
3380 3829 3478 3888 οὖν
3534 3837 3724 3907 αὐχεῖ,

2127 3923 2250 3994 (29)
2273 3924 2370 3989 τὰς
2398 3925 2444 3978 δ’
2483 3924 2703 3997 ἀληθεῖς
2747 3928 2877 3998 περί
2912 3927 3007 3981 τοῦ
3053 3927 3306 3999 Σωτῆρος
3339 3928 3500 3999 ἡμῶν
3537 3927 3727 3982 θεολο⁹

2125 4019 2251 4088 γίας
2277 4020 2618 4092 διαστρέφων
2648 4022 2749 4075 οὐκ
2781 4021 3199 4090 ἐγκαλύπτεται.

2759 4111 2918 4166 ΚΕΦ.
2951 4113 3079 4166 Kl".

2231 4201 2354 4257 Ὅτι
2377 4203 2464 4273 μὴ
2495 4203 2604 4258 δύο
2636 4204 2816 4271 θεοὺς
2844 4206 2884 4274 ή
2931 4205 3273 4273 Ἐκκλησία
3302 4205 3608 4274 κηρύττει.

2194 4291 2402 4345 Αὐτίκα
2418 4293 2462 4345 δ’
2491 4288 2584 4346 οὖν
2605 4294 2665 4346 οὺ
2689 4292 2904 4365 συνίησι
2932 4292 3034 4356 τὰς
3053 4292 3238 4362 φωνὰς
3259 4292 3356 4347 τοῦ
3374 4292 3523 4347 θείου
3563 4293 3723 4347 Ἀπο-

2125 4383 2331 4447 στόλου,
2365 4383 2638 4457 διαφόρως
2667 4383 2997 4451 διδάξαντος,
3035 4385 3200 4440 αὐτὸν
3231 4381 3371 4440 εἶναι
3403 4385 3595 4440 εἰκόνα
3623 4387 3720 4440 τοῦ

2122 4474 2280 4541 Θεοῦ,
2317 4476 2384 4530 δι’
2417 4470 2493 4530 ὧν
2532 4476 2799 4548 ὲξεθέμην
2832 4476 2998 4532 αὐτοῦ
3031 4476 3232 4542 λέξεων
3253 4494 3268 4507 ⁸
3299 4475 3422 4532 δέον
3460 4476 3721 4531 ἐντεῦθεν

2123 4569 2382 4632 συνεῖναι,
2410 4566 2486 4632 ὡς
2517 4568 2580 4621 οὐ
2606 4567 2700 4622 δύο
2735 4568 2892 4634 θεοὺς
2923 4570 2957 4641 ή
2994 4569 3292 4641 Ἐκκλησία
3320 4567 3415 4622 τοῦ
3450 4567 3593 4622 Θεοῦ
3615 4586 3720 4639 κη-

2123 4656 2327 4731 ρύττει·
2363 4659 2425 4711 οὐ
2453 4659 2562 4731 γὰρ
2603 4659 2696 4712 δύο
2737 4661 3029 4732 ἀγέννητα,
3073 4661 3194 4714 οὐδὲ
3233 4659 3328 4714 δύο
3348 4660 3589 4732 άναρχα,
3640 4661 3720 4724 ὡς

2119 4750 2380 4816 πολλάκις
2409 4753 2542 4824 ἡμῖν
2571 4753 2808 4825 εἴρηται,
2835 4752 2958 4807 οὐδὲ
2987 4752 3081 4807 δύο
3122 4752 3311 4817 οὐσίας
3341 4752 3401 4820 ἐξ
3439 4755 3717 4824 ἰσοτιμίας

2116 4841 2692 4915 ἀντιπαρεξαγομὲνας
2737 4843 2998 4916 ἀλλήλαις
3032 4844 3143 4916 (50)
3183 4845 3416 4912 εἰσάγει·
3457 4843 3544 4897 διὸ
3590 4843 3714 4898 οὐδὲ

2111 4932 2207 4988 δύο
2236 4934 2423 5001 θεοὺς,
2451 4935 2589 4990 ἀλλὰ
2617 4936 2746 5007 μίαν
2767 4937 2944 5011 ἀρχὴν
2963 4937 3057 4990 καὶ
3076 4935 3210 4990 Θεὸν
3235 4933 3400 5001 εἶναι,
3430 4935 3528 4989 τὸν
3549 4936 3715 4988 αὑτὸν

2113 5026 2333 5100 Πατέρα
2360 5027 2686 5083 διδάσκουσα
2717 5027 2856 5085 εἶναι
2877 5029 2973 5082 τοῦ
3013 5028 3334 5101 μονογενοῦς
3359 5029 3459 5082 καὶ
3486 5029 3712 5098 ἀγαπη-

2112 5117 2208 5171 τοῦ
2241 5118 2394 5186 Υἱοῦ,
2425 5119 2689 5185 ὡσαύτως
2717 5121 2774 5175 δὲ
2808 5121 2904 5174 καὶ
2951 5121 3081 5193 μίαν
3109 5120 3295 5174 εἰκόνα
3317 5117 3416 5173 τοῦ
3449 5118 3585 5173 Θεοῦ
3614 5117 3710 5172 τοῦ

2113 5305 2158 5338 ⁸³
2199 5304 2298 5363 Isa.
2327 5323 2452 5374 ην,
2483 5308 2571 5379 Η,
2601 5309 2686 5374 I8,
2720 5309 2808 5375 I9,
2837 5309 2931 5365 2|.
3008 5308 3055 5340 “
3094 5307 3228 5365 ibid.
3250 5305 3347 5365 20.

2111 5495 2196 5559 est
2235 5487 2496 5559 ἐκτομῆς,
2526 5487 2595 5543 de
2642 5484 2945 5559 excisione,
2987 5493 3045 5540 et
3094 5483 3472 5559 eradicatione
3524 5484 3702 5556 gentis

2111 5557 2180 5613 ab
2211 5555 2517 5628 idololatria
2543 5575 2558 5623 ;
2601 5557 2810 5628 statim,
2834 5556 2930 5611 καὶ
2962 5555 3308 5628 σεμνύνεται.
3350 5555 3424 5612 Μ.

2180 5627 2296 5698 (29)
2327 5629 2498 5698 Vulgo
2529 5627 2629 5698 μὲν
2661 5627 2841 5698 αὐχεῖ.

2183 5697 2296 5771 (⁸50)
2330 5697 2500 5771 Vulgo
2523 5697 2794 5770 ἀλλήλοις.
