3828 6222
53 341 138 397 961
984 332 1073 390 DE
1113 333 1649 392 ECCLESIASTICA
1687 333 2085 393 THEOLOGIA
2136 335 2266 394 LIB.
2304 335 2364 396 ll.

3199 334 3306 394 962

53 459 297 533 ὶοράτου,
338 457 441 530 τὴν
482 455 656 529 αὐτὴν
705 447 873 509 οὖσαν
912 452 991 525 τῷ
1034 457 1313 526 μονογενεί
1358 454 1452 508 καὶ
1498 454 1633 523 ἀγα-

1737 458 1924 512 eadem
1966 457 2038 513 sit
2081 471 2202 513 cum
2239 454 2520 527 unigenito
2560 464 2618 511 et
2648 455 2846 512 dilecto
2885 453 3062 510 Filio:
3092 452 3308 513 etiamsi

53 551 201 623 τητῷ
217 549 331 620 Υἰῷ
353 548 538 616 αὑτοῦ,
563 547 669 601 κᾶν
684 546 820 620 λέγῃ
838 544 894 599 δὲ
921 548 949 599 ὁ
984 545 1327 611 Ἀπόστολος,
1362 544 1627 614 Θεολογῶν

53 644 132 696 τὸν
160 642 397 712 Πατέρα·
434 640 497 694 '0
522 638 815 710 μακάριος
839 638 937 691 καὶ
966 638 1156 707 μόνος
1177 636 1506 705 δυνάστης,
1534 637 1629 692 καὶ

53 734 225 787 πάλιν·
246 734 299 785 Ὀ
305 734 496 803 μόνος
511 732 668 801 ἔχων
681 729 1041 794 ἀθανασίαν,
1056 728 1182 798 φῶς
1204 727 1384 783 οἰκῶν
1409 729 1631 797 ἀπρόσ-

54 841 205 887 ιτον,
262 824 356 876 καὶ
403 817 580 884 αὖθις·
636 818 721 886 Τῷ
772 818 842 873 δὲ
899 819 1155 884 ,βασιλεῖ
1206 818 1327 873 τῶν
1375 820 1624 885 αἰώνων,

54 917 338 986 ὶρθάρτῳ,
381 913 629 985 ἀοράτῳ,
672 914 840 984 μόνῳ
894 911 1035 978 Θεῷ,
1088 912 1180 966 καὶ
1222 912 1403 967 πάλιν·
1450 917 1630 980 Μόνῳ

54 1007 215 1076 705.τῷ
258 1006 380 1073 Θεῷ
420 1006 519 1061 διὰ
561 1003 758 1074 Ἰησοῦ
801 1003 1062 1073 Χριστοῦ
1098 1005 1137 1073 ἠ
1171 1003 1321 1069 δόξα
1360 1007 1447 1072 εἰς
1486 1004 1630 1071 τοὺς

54 1098 281 1165 κλῶνας,
315 1097 497 1167 ἀμήν.
527 1095 647 1150 Κᾶν
672 1094 873 1148 τούτων
914 1094 993 1148 ἔτι
1027 1095 1247 1149 πλείονα
1289 1095 1499 1165 λέγοιτο
1548 1097 1629 1159 εἰς

53 1190 349 1259 Ξοξολογίαν
381 1188 476 1243 τοῦ
502 1188 621 1253 ἐνὸς
652 1189 746 1242 καὶ
771 1188 866 1240 ἐπὶ
894 1187 1110 1241 πάντων
1136 1187 1270 1242 Θεοῦ
1301 1189 1395 1243 καὶ
1422 1188 1628 1242 τούτων

53 1284 298 1337 ὶπάντων
322 1280 434 1354 χρὴ
466 1284 605 1337 νοεῖν
637 1279 824 1335 εἰκόνα
870 1278 1010 1337 εἶναι
1048 1281 1142 1334 τὸν
1193 1282 1457 1353 μονογενῆ
1500 1280 1628 1336 Υἰὸν

53 1376 135 1431 ιοῦ
182 1375 318 1430 Θεοῦ
349 1376 447 1446 οὐχ
479 1373 555 1438 ὡς
588 1374 784 1445 ἀψύχῳ
819 1374 942 1448 ὕλῃ,
973 1374 1087 1428 ἀλλ’
1121 1374 1198 1438 ὡς
1229 1377 1287 1427 ὲν
1321 1372 1437 1444 Υἰῷ
1466 1371 1629 1437 ζῶντι

53 1463 508 1536 ιεμορςρωμένηνο
540 1463 644 1516 κᾶν
677 1464 839 1527 αὐτὸς
868 1466 896 1517 ό
946 1462 1137 1535 Σωτὴρ
1180 1462 1342 1534 μόνον
1370 1462 1628 1534 ἀληθινὸν

53 1557 177 1611 θεὸν
223 1557 452 1631 διδάσκῃ
493 1551 635 1611 εἶναι
680 1556 773 1610 τὸν
799 1556 1022 1629 Πατέρα
1055 1556 1252 1625 λέγων,
1289 1557 1417 1611 Ἵνα
1458 1556 1629 1627 γινώ-

53 1651 241 1705 τκωσι
285 1663 359 1704 σε
401 1650 510 1705 τὸν
563 1652 759 1719 μόνον
807 1648 1101 1719 ἀληθινὸν
1147 1648 1316 1715 Θεὸν,
1364 1649 1479 1703 ἀλλ’
1527 1651 1629 1706 οὐκ

53 1742 382 1814 Ξιποκνητέον
410 1744 505 1797 καὶ
541 1742 702 1796 αὐτὸν
748 1741 880 1795 Θεὸν
922 1741 1172 1813 ἀληθινὸν
1214 1742 1517 1813 ὁμολογεῖν,
1550 1742 1628 1807 ὡς

1730 548 1875 603 dicat
1915 548 2237 620 Apostolus,
2278 550 2540 605 deincans
2589 548 2840 617 Patrem,
2888 549 2995 616 Qui
3036 548 3219 604 beatus
3258 560 3309 606 et

1728 644 1874 701 solus
1912 655 2092 715 potens
2127 656 2200 701 est
2226 647 2292 699 “.
2325 645 2394 701 Et
2440 660 2655 711 rursus,
2698 644 2801 711 Qui
2833 646 2978 699 solus
3008 644 3158 699 habet
3207 646 3312 699 inse

1728 736 2125 803 mortalitatem,
2155 738 2323 793 lucem
2362 738 2605 793 habitans
2654 741 2977 793 inaccessam
2999 737 3065 792 “.
3100 738 3168 793 Et
3210 740 3313 795 ξιο-

1731 844 1873 894 rum,
1917 827 2046 899 Regi
2076 838 2251 884 autem
2283 830 2623 895 circulorum,
2662 829 3085 898 incorruptibili,
3122 830 3310 885 invisi-

1731 919 1841 983 bili,
1886 918 1987 973 soli
2024 918 2128 973 Deo
2157 919 2222 973 ⁸⁷.
2254 918 2320 973 Et
2356 921 2575 983 iterum,
2620 917 2738 974 Soli
2782 920 3009 988 sapienti
3046 918 3174 984 Deo,
3214 934 3309 988 per

1728 1009 1910 1067 Iesum
1959 1009 2227 1065 Christum
2268 1012 2339 1065 sit
2386 1012 2556 1081 gloria
2603 1012 2663 1066 in
2709 1011 2907 1066 saecula
2957 1011 3307 1078 saeculorum,

1729 1102 1893 1157 Amen
1929 1102 1994 1157 “.
2049 1102 2212 1157 Plura
2270 1102 2449 1157 adhuc
2501 1116 2626 1157 cum
2683 1110 2934 1173 poterant
2985 1100 3205 1171 allegari
3254 1100 3310 1156 in

1728 1194 1908 1250 Patris
1948 1194 2289 1266 doxologiam
2314 1236 2332 1261 ,
2372 1195 2465 1265 qui
2500 1210 2639 1251 unus
2669 1203 2785 1261 est,
2830 1203 2888 1250 et
2932 1210 3096 1265 super
3126 1196 3309 1250 omnia

1730 1285 1905 1350 Deus,
1935 1301 2167 1357 quorum
2212 1289 2454 1342 omnium
2498 1300 2650 1342 mens
2691 1295 2809 1352 est,
2851 1295 2909 1339 ut
2945 1285 3310 1357 intelligamus

1728 1376 1925 1445 Filium
1977 1379 2314 1449 unigenitum
2365 1379 2457 1435 Dei
2508 1392 2632 1434 esse
2678 1377 2965 1448 imaginem
3016 1392 3122 1431 non
3164 1387 3221 1431 ut
3252 1378 3310 1433 in

1729 1468 1951 1523 materia
1988 1467 2235 1535 inanimi,
2274 1468 2370 1523 sed
2400 1477 2456 1524 ut
2489 1470 2543 1524 in
2583 1466 2721 1523 Filio
2751 1468 2874 1522 vivo
2916 1467 3307 1532 assimilatam;

1728 1561 1858 1631 quin
1900 1569 1955 1615 et
1993 1560 2109 1630 ipse
2141 1559 2399 1617 Servator
2436 1575 2559 1616 cum
2590 1561 2760 1616 Deum
2801 1574 2965 1614 unum
3007 1560 3179 1615 solum
3220 1574 3313 1615 ve-

1729 1664 1847 1704 rum
1878 1663 1999 1706 esse
2034 1650 2246 1715 doceat,
2293 1649 2566 1719 inquiens,
2605 1647 2676 1702 Ut
2718 1658 3028 1717 cognoscant
3063 1659 3112 1703 te
3149 1664 3311 1703 unum

1729 1741 1895 1797 solum
1922 1758 2100 1797 verum
2134 1745 2302 1797 Deum
2325 1741 2369 1773 ⁸⁸
2395 1760 2411 1809 ;
2446 1742 2544 1798 sed
2571 1756 2677 1797 non
2711 1751 2889 1798 tamen
2916 1756 3225 1812 gravemur,
3255 1750 3312 1797 et

53 1854 101 1888 εν
132 1808 323 1901 εἰκόνι,
367 1834 464 1889 καὶ
508 1834 665 1888 τοῦτο
708 1808 1066 1906 κεκτημένον
1113 1833 1201 1888 ἵνα
1322 1808 1417 1887 τοῦ
1464 1833 1628 1905 μόνου

1735 1850 1915 1890 verum
1947 1834 2111 1889 Deum
2140 1808 2412 1899 conﬁteri,
2441 1843 2498 1890 et
2525 1832 2724 1889 Filium
2768 1808 2941 1886 veluti
2975 1831 3028 1886 in
3076 1832 3313 1902 imagine

53 1927 330 1999 προσθήκη
363 1926 509 1998 μόνῳ
539 1926 618 1998 τῷ
641 1927 838 1998 Πατρί,
864 1926 940 1990 ὼς
969 1925 1036 1981 ἂν
1067 1924 1179 1996 (51)
1212 1925 1504 1997 ἀρχετύπῳ
1532 1927 1631 1997 τῆς

53 2018 271 2084 εἰκόνος,
318 2017 552 2089 άρμόζῃ.
593 2016 917 2086 Σαφέστατα
950 2015 1081 2085 γοῦν
1109 2014 1296 2069 εἰκόνα
1335 2016 1429 2069 καὶ
1454 2017 1632 2070 ἀπαύ-

53 2126 234 2180 γασμα
258 2108 352 2162 τοῦ
376 2109 588 2178 Πατρὸς
612 2109 671 2161 ὲν
701 2109 883 2179 μορφῇ
906 2124 968 2160 τε
998 2106 1092 2161 τοῦ
1119 2105 1256 2160 Θεοῦ
1289 2102 1435 2161 εἶναι
1466 2108 1631 2162 αὑτὸν

53 2204 69 2253 5
114 2199 399 2263 θεσπέσιος
434 2197 640 2263 ἐδίδαξε
673 2198 907 2265 Παῦλος,
946 2197 1023 2263 ὡς
1052 2198 1140 2253 διὰ
1182 2198 1292 2252 τῶν
1321 2198 1631 2270 ἔμπροσθεν

53 2288 418 2341 ὶποδέδεικται
452 2304 465 2317 ·
538 2286 730 2360 ὥσπερ
791 2282 885 2341 οὖν
961 2287 1083 2351 ὲνὸς
1145 2286 1457 2357 ὑφεστῶτος
1520 2289 1634 2341 Πα-

53 2378 193 2449 τρὺς,
243 2378 335 2432 καὶ
395 2377 519 2443 ἑνὸς
582 2376 713 2431 Υἱοῦ
770 2376 967 2447 φύντος
1000 2379 1067 2431 ὲκ
1116 2377 1211 2432 τοῦ
1258 2377 1470 2449 Πατρὸς
1532 2378 1632 2432 οὐκ

53 2472 109 2524 iv
156 2488 242 2534 τις
282 2468 558 2543 εὐφρονῶν
601 2468 745 2523 εῐποι
775 2470 869 2523 δύο
910 2470 1155 2542 πατέρας
1196 2470 1483 2542 ὑπάρχειν,
1510 2471 1632 2526 οὐδὲ

53 2562 196 2625 »ἰοὺς
237 2561 352 2617 δύο.
396 2562 507 2616 Καὶ
552 2561 743 2634 ὥσπερ
802 2562 1069 2632 βασιλέως
1117 2563 1449 2634 κρατοῦντος
1492 2564 1630 2630 ἑνὸς,

53 2653 255 2717 εἰκόνος
286 2653 344 2706 δὲ
371 2653 536 2708 αὑτοῦ
585 2653 865 2724 πανταχοῦ
900 2654 1004 2725 γῆς
1048 2654 1465 2726 προφερομένης
1495 2655 1631 2726 (52),

53 2745 147 2795 >ὑκ
196 2743 262 2798 ἄν
306 2761 391 2808 τις
437 2744 729 2817 σωφρονῶν
776 2744 870 2798 δύο
913 2746 1056 2798 εἴποι
1102 2745 1229 2810 τοὺς
1276 2744 1631 2817 κρατοῦντας,

53 2835 162 2888 αλλ’
189 2834 286 2890 ἕνα
313 2836 403 2889 τὸν
427 2835 628 2889 καὶδιὰ
649 2838 749 2907 τῆς
779 2835 987 2900 εἰκόνος
1014 2836 1342 2907 τιμώμενον·
1369 2836 1510 2890 κατὰ
1542 2836 1634 2891 τὸν

53 2927 215 2981 αὑτὸν
228 2927 449 2999 τρόπον,
463 2927 538 2991 ὡς
553 2927 648 2981 καὶ
667 2927 927 2992 πολλάκις
953 2929 1085 2999 ἡμῖν
1100 2926 1336 2999 εἴρηται,
1354 2928 1448 2981 καὶ
1464 2930 1497 2999 ἡ
1513 2928 1636 2981 Ἐκ-

53 3018 249 3089 κλησία
284 3017 375 3071 τοῦ
420 3017 555 3071 Θεοῦ
589 3018 686 3073 ἕνα
719 3017 1111 3091 παραλαϐοῦσα
1150 3018 1283 3072 Θεὸν
1330 3017 1508 3074 σέϐειν
1542 3018 1635 3072 τὸν

1733 1926 2107 1994 resultantem,
2156 1937 2219 1982 ut
2281 1925 2488 1981 additio
2535 1924 2628 1981 illa
2675 1924 2845 1991 solus,
2889 1924 2989 1979 soli
3028 1922 3175 1978 Patri
3214 1924 3312 1977 ad-

1732 2024 1962 2086 aptetur,
1984 2024 2172 2086 utpole
2184 2016 2275 2085 qui
2302 2012 2555 2085 imaginis
2578 2013 2650 2069 sit
2669 2013 3024 2083 archetypon.
3043 2008 3310 2077 Quocirca

1730 2108 2032 2163 clarissime
2056 2107 2293 2163 ostendit
2324 2106 2541 2161 divinus
2570 2103 2794 2170 Paulus,
2823 2104 2997 2175 ipsum
3025 2116 3144 2157 esse
3173 2101 3313 2155 ima-

1730 2202 1908 2272 ginem
1946 2198 2271 2265 eﬂlueutem,
2320 2199 2493 2255 lucem
2538 2197 2749 2264 Patris,
2793 2206 2849 2253 et
2893 2198 2945 2250 in
2986 2195 3158 2250 forma
3214 2193 3311 2249 Dei

1730 2292 2039 2359 exstitisse;
2072 2291 2214 2362 quod
2252 2291 2307 2346 in
2338 2290 2709 2362 superioribus
2736 2287 2973 2359 positum
3018 2296 3103 2342 est
3140 2302 3168 2339 a
3211 2300 3313 2340 no-

1730 2386 1815 2441 bis
1854 2402 1870 2442 :
1913 2384 2083 2440 veluti
2125 2384 2293 2453 igitur
2335 2398 2460 2441 cum
2512 2395 2651 2437 unus
2721 2380 2985 2438 subsistat
3030 2377 3212 2446 Pater,
3256 2386 3312 2433 et

1730 2497 1871 2537 unus
1898 2482 1964 2536 de
1992 2479 2153 2535 Patre
2181 2478 2251 2534 sit
2278 2488 2431 2533 ortus
2457 2476 2650 2541 Filius,
2687 2488 2848 2529 nemo
2893 2472 3135 2544 prudens
3163 2468 3311 2525 οων-

1732 2574 1961 2629 maverit
1988 2570 2123 2626 duos
2157 2578 2363 2641 patres,
2401 2576 2496 2622 aut
2536 2566 2677 2622 ﬁlios
2717 2565 2884 2632 duos;
2911 2572 2967 2619 et
3004 2562 3168 2618 veluti
3217 2560 3313 2617 ubi

1733 2680 1832 2722 rex
1856 2678 1993 2719 unus
2027 2671 2113 2718 est
2147 2676 2269 2717 cum
2301 2659 2548 2731 imperio,
2577 2658 2735 2729 cujus
2774 2658 2949 2726 imago
2979 2656 3177 2726 ubique
3204 2662 3315 2708 ter-

1732 2774 1919 2814 rarum
1961 2756 2256 2821 deferatur,
2302 2767 2461 2808 nemo
2501 2752 2741 2822 prudens
2770 2749 2905 2804 duos
2951 2745 3150 2802 dixerit
3191 2758 3315 2801 esse

1735 2864 1927 2921 reges:
1957 2847 2051 2904 sed
2082 2861 2247 2901 unum
2291 2844 2381 2914 qui
2421 2858 2519 2913 per
2547 2852 2603 2898 et
2646 2841 2698 2895 in
2731 2839 2968 2910 imagine
3005 2853 3102 2893 sua
3141 2836 3314 2892 bono-

1734 2953 1905 2997 ratur.
1932 2938 2137 2995 Eodem
2167 2938 2328 2992 modo
2355 2945 2415 2990 ut
2450 2935 2564 3006 jam
2607 2931 2816 3004 pluries
2847 2931 3051 2986 dictum
3079 2938 3183 2993 est,
3213 2928 3317 2982 Ee-

1735 3031 1898 3088 clesia
1921 3029 2039 3096 Dei,
2063 3044 2185 3098 quae
2212 3026 2423 3097 accepit
2456 3025 2614 3079 unius
2630 3028 2689 3087 >14
2705 3022 3044 3090 Deicultum,
3066 3018 3313 3076 eumdem

55 3111 235 3177 ιύτὸν,
272 3111 365 3165 καὶ
401 3111 488 3166 διὰ
520 3109 615 3165 τοῦ
648 3109 800 3177 Υἰοῦ,
859 3110 934 3175 ὡς
988 3110 1079 3163 διὰ
1122 3108 1263 3183 [τοῦ]
1295 3110 1402 3181 (55)
1427 3110 1633 3173 εἰκόνος

1737 3123 1904 3178 Deum
1949 3137 2047 3193 per
2076 3120 2274 3176 Filium
2319 3117 2608 3189 imaginem
2647 3130 2802 3171 suam
2842 3112 3051 3169 scilicet
3086 3111 3316 3168 adorare

55 3203 203 3273 μένει
234 3202 637 3273 προσκυνοῦσα.
675 3204 742 3256 Ἀ
768 3201 834 3274 δὴ
860 3202 955 3256 καὶ
980 3202 1056 3275 μὴ
1084 3202 1263 3266 συνεὶς
1290 3201 1627 3273 Μάρκελλος,

55 3297 149 3369 τὴν
193 3295 378 3349 εἰκόνα
419 3293 513 3348 τοῦ
552 3292 689 3347 Θεοῦ
736 3293 833 3348 τοῦ
861 3294 1092 3365 ἀοράτου
1124 3292 1223 3365 τὴν
1262 3292 1463 3362 σάρκα
1493 3289 1631 3348 εἶναι

57 3388 146 3442 τοῦ
193 3388 443 3460 Σωτῆρος
483 3387 823 3460 ἀπεφήνατο,
856 3389 923 3459 ἢν
965 3389 993 3441 ὁ
1044 3386 1365 3451 Ἀπόστολος
1388 3384 1634 3458 μορφὴν

58 3480 210 3553 τοῦ]
259 3480 482 3535 δούλου
537 3480 825 3551 κέκληκεν·
879 3480 941 3532 οὐ
986 3479 1361 3551 λογισάμενος,
1406 3479 1488 3532 δτι
1538 3476 1636 3532 καὶ

59 3574 254 3637 πάντες
279 3572 575 3645 ἄνθρωποι,
606 3572 744 3626 κατὰ
766 3572 861 3644 τὴν
885 3571 1084 3643 σάρκα,
1108 3570 1201 3625 τοῦ
1228 3570 1480 3640 Σωτῆρος
1507 3584 1637 3637 τυγ-

59 3666 276 3736 (ἀνουσι
304 3663 747 3736 μεμορφωμένοι.
781 3664 894 3717 Καὶ
928 3662 990 3715 τὸ
1025 3663 1123 3733 μὲν
1153 3661 1315 3732 σῶμα
1356 3660 1385 3714 ὃ
1420 3658 1634 3730 ἀνείλη-

59 3772 153 3824 φεν
184 3756 211 3807 ό
236 3753 447 3826 Σωτὴρ,
478 3753 578 3825 τῆς
608 3754 903 3824 ἀγεννήτου
928 3752 1023 3805 καὶ
1053 3752 1295 3824 ἀρρήτου
1322 3751 1415 3804 καὶ
1442 3766 1638 3821 πατρι-

61 3846 158 3917 κῆς
190 3845 441 3915 θεότητος
474 3845 658 3899 εἰκόνα
690 3842 829 3898 εἶναι
861 3843 1272 3917 διῖσχυρίζεται·
1306 3843 1399 3896 τὸν
1425 3841 1482 3894 δὲ
1508 3840 1636 3895 Υἰὺν

61 3939 148 3993 τοῦ
206 3938 341 3992 Θεοῦ
383 3939 473 3992 τὸν
523 3938 805 4010 μονογενῆ,
858 3936 924 3990 δι’
969 3930 1030 3990 οὗ
1072 3935 1142 3990 τὰ
1187 3934 1367 3990 πάντα
1404 3933 1635 4005 συνέστη

64 4033 297 4101 [Harsa
325 4028 435 4100 γὰρ
473 4030 547 4083 δι’
587 4028 773 4083 αὐτοῦ
806 4026 1065 4097 ἐγένετο,
1098 4026 1196 4080 καὶ
1236 4026 1418 4097 χωρὶς
1450 4024 1637 4081 αὐτοῦ

63 4123 285 4194 ἐγένετο
317 4121 458 4177 οὐδὲ
480 4121 587 4192 ἓν),
611 4122 854 4193 ἀρνεῖται
880 4116 1017 4173 εἶναι
1040 4120 1225 4173 εἰκόνα
1253 4118 1348 4173 τοῦ
1374 4118 1509 4173 Θεοῦ
1543 4119 1640 4174 αὐ-

65 4220 173 4281 ταῖς
209 4214 499 4279 συλλαϐαῖς
536 4213 731 4282 λέγων,
780 4231 801 4267 ε
849 4211 1059 4266 Οὐκοῦν
1092 4212 1378 4284 πρόδηλον,
1420 4212 1502 4265 ὅτι
1533 4211 1640 4284 πρὸ

65 4330 76 4362 ι
117 4310 220 4381 τῆς
267 4306 360 4361 τοῦ
412 4306 678 4378 ἡμετέρου
726 4304 976 4377 σώματος
1021 4304 1365 4376 ἀναλήψεως,
1413 4306 1442 4358 ὁ
1465 4304 1641 4373 Λόγος

65 4422 76 4455 ι
118 4401 249 4458 καθ’
303 4399 492 4454 ἑαυτὸν
542 4400 642 4451 οὐκ
687 4394 755 4470 ἦν
800 4397 963 4451 εἰκὼν
998 4397 1091 4451 τοῦ
1133 4397 1362 4468 ἀοράτου
1406 4394 1562 4451 Θεοῦ.
1614 4413 1634 4448 ι

1733 3220 2061 3287 perseverat.
2105 3209 2259 3277 Quod
2287 3223 2412 3264 cum
2454 3204 2739 3261 Marcellus
2769 3203 3075 3273 ignoraret,
3118 3198 3312 3269 imagi-

1733 3319 1859 3360 nem
1893 3302 2038 3359 illam
2071 3300 2162 3356 Dei
2196 3298 2482 3354 invisibilis
2509 3296 2645 3351 dixit
2686 3309 2811 3351 esse
2849 3308 3064 3347 carnem
3105 3288 3308 3345 Serva-

1736 3396 1890 3461 toris,
1916 3409 2078 3465 quam
2110 3390 2401 3463 Apostolus
2438 3390 2572 3444 servi
2620 3388 2850 3457 formam
2872 3384 2916 3415 ⁷⁸
2965 3382 3308 3437 nominavit:

1734 3487 1959 3543 minime
1993 3482 2302 3551 recogitans
2348 3480 2492 3551 quod
2530 3476 2826 3532 secundum
2859 3488 3079 3529 carnem
3119 3474 3318 3527 Serva-

1737 3577 1870 3633 toris
1893 3575 2140 3629 homines
2165 3570 2363 3642 singuli
2401 3568 2692 3639 imaginem
2724 3566 3149 3633 circumgestent
3175 3561 3313 3631 ejus.

1736 3670 1941 3738 Corpus
1986 3667 2167 3734 itaque
2218 3663 2360 3734 quod
2410 3659 2701 3729 assumpsit
2745 3657 3021 3720 Servatur,
3073 3652 3166 3708 ille
3195 3666 3317 3709 esse

1738 3761 2022 3833 ingenitae,
2070 3755 2395 3821 ineﬂ‘abilis,
2444 3762 2685 3824 paternae
2749 3748 2973 3805 deitatis
3023 3745 3315 3816 imaginem

1737 3860 2013 3909 asseverat
2052 3867 2067 3905 :
2114 3848 2311 3903 Filium
2356 3857 2539 3902 autem
2588 3843 2961 3913 unigenitum,
3007 3853 3105 3909 per
3154 3852 3317 3908 quem

1738 3944 1918 4000 omnia
1948 3942 2269 4005 subsistunt,
2298 3937 2439 3993 Nam
2464 3936 2642 3992 omnia
2669 3950 2762 4005 per
2790 3932 2939 3986 illum
2971 3929 3117 4001 facta
3145 3936 3269 3983 sunt
3295 3966 3315 3993 ,

1737 4045 1785 4089 et
1811 4034 1921 4090 sine
1947 4033 2039 4087 illo
2072 4034 2273 4101 factum
2300 4036 2377 4083 est
2408 4025 2542 4081 nihil
2566 4025 2610 4056 τί
2633 4063 2650 4091 ,
2683 4028 2846 4094 negat
2874 4020 3165 4091 imaginem
3195 4032 3318 4074 esse

1739 4126 1874 4193 Dei,
1919 4125 2140 4182 totidem
2196 4123 2378 4177 verbis
2433 4119 2719 4176 scribens:
2760 4134 2779 4169 ι
2809 4114 3073 4184 Quocirca
3130 4120 3316 4181 patet,

1745 4239 1765 4273 ι
1810 4220 1951 4289 quod
1998 4226 2124 4273 ante
2164 4224 2501 4285 assumptum
2531 4226 2727 4281 corpus
2760 4218 3038 4271 nostrum,
3080 4204 3317 4260 Verbum

1747 4329 1768 4364 ι
1813 4326 1909 4381 per
1944 4325 2004 4366 se
2046 4324 2153 4365 non
2203 4316 2322 4362 erat
2371 4307 2547 4376 imago
2594 4302 2840 4360 Patris.»
2900 4297 3109 4355 Videsis
3152 4311 3317 4365 quam

1740 4411 2016 4478 pervertat
2088 4398 2494 4469 interpretando
2549 4393 2795 4465 Apostoli
2871 4400 3142 4454 mentem,
3190 4403 3315 4443 cum

67 4496 234 4567 Ὁρᾷς
268 4493 368 4565 ὅσῃ
400 4492 695 4562 διαστροφῇ
726 4489 987 4562 κέχρηται
1016 4490 1114 4560 τῆς
1141 4488 1502 4561 άποστολικῆς
1544 4490 1633 4563 ὲρ-

1745 4496 1982 4553 Joannes
2008 4492 2334 4563 evangelista
2360 4488 2675 4561 mysterium
2706 4483 2857 4549 illud,
2886 4481 3028 4552 quod
3060 4477 3229 4573 μογειί
3262 4485 3321 4533 et

67 4586 312 4659 αηνείας.
336 4584 491 4638 Οὕτω
509 4584 567 4637 δὲ
587 4582 679 4636 τοῦ
699 4582 1083 4652 εὐαγγελιστοῦ
1124 4582 1394 4646 Ἰωάννου,
1414 4582 1475 4635 τὺ
1495 4583 1633 4655 παρὰ

1741 4586 2019 4659 prophetis
2047 4581 2350 4640 abstrusius
2377 4588 2534 4647 erat,
2562 4576 2840 4647 cognitum
2876 4569 3226 4625 annuntiaret
3258 4576 3317 4621 et

69 4683 255 4735 νιωσεί
310 4680 404 4733 καὶ
454 4680 569 4742 τοῖς
619 4678 825 4740 λοιποῖς
883 4678 1191 4749 προφήταις
1247 4678 1645 4749 κεκρυμμένως

69 4770 406 4843 ἐγνωσμένον
441 4770 757 4841 μυστήριον,
800 4769 1284 4840 εὐαγγελιζομένου
1316 4769 1412 4823 καὶ
1443 4771 1645 4824 ἀνακα-

69 4866 377 4927 ἰώτττοντος,
409 4860 620 4935 μεγάλῃ
642 4878 701 4914 τε
732 4861 843 4933 (54)
880 4861 1243 4935 κηρύττοντος
1284 4859 1380 4931 βοῇ
1420 4860 1501 4913 τό·
1542 4860 1645 4913 Ἐν

72 4958 223 5031 ἀρχῇ
242 4953 321 5028 ἦν
357 4960 389 5011 o'
417 4956 626 5026 Λόγος,
650 4954 748 5009 καὶ
772 4958 803 5009 ό
824 4956 1014 5024 Λόγος
1042 4949 1121 5024 ἦν
1156 4953 1306 5022 πρὸς
1332 4951 1439 5006 τὸν
1473 4952 1640 5019 Θεὸν,

71 5052 162 5105 καὶ
186 5048 332 5116 Θεὸς
348 5045 425 5119 ἦν
446 5052 479 5102 ό
496 5049 704 5117 Λόγοςο
736 5044 934 5099 πάντα
952 5044 1026 5099 δι’
1045 5045 1231 5099 αὑτοῦ
1252 5043 1487 5115 ἐγένετο
1504 5044 1641 5117 [(55)

73 5143 164 5198 καὶ
186 5142 368 5211 χωρὶς
395 5140 580 5196 αὐτοῦ
602 5138 838 5209 ἐγένετο
863 5136 1007 5191 οὐδὲ
1031 5135 1146 5209 Er],
1178 5138 1269 5191 καὶ
1298 5136 1647 5209 μαρτυρομέ-

73 5254 180 5301 νου,
211 5236 295 5289 ὅτι
320 5230 388 5306 ἦν
416 5234 477 5287 τὸ
508 5232 621 5303 φῶς
652 5230 882 5301 φωτίζον
910 5229 1084 5283 πάντα
1107 5228 1391 5301 ἄνθρωπον
1419 5228 1647 5301 ἐρχόμε-

134 5446 199 5504 νῙ<
234 5439 333 5495 Ed.
366 5437 567 5501 Paris.,
597 5450 720 5507 pag.
753 5434 877 5507 [42.
899 5504 939 5507 __
967 5433 1011 5507 ξ’
1050 5431 1066 5485 Ι
1100 5430 1448 5507 Tim.v1,__15_.

1562 5428 1608 5461 ⁶⁶
1646 5428 1775 5484 ibid.
1804 5427 1892 5483 16.
1968 5426 2011 5459 ⁸⁷
2040 5426 2062 5480 ι
2091 5424 2231 5479 Tim.
2260 5422 2410 5491 ι,17.
2487 5421 2533 5454 ⁸⁸
2568 5419 2727 5476 Rom.
2746 5431 2861 5485 xu,
2884 5415 2977 5471 27.

1739 4678 1957 4736 efferret
1986 4689 2176 4744 magna
2209 4672 2551 4743 praedicantis
2584 4682 2718 4722 voce
2753 4683 2768 4720 :
2802 4663 2869 4718 In
2900 4662 3161 4733 principio
3204 4667 3318 4713 erat

1752 4768 1998 4834 Verbum,
2029 4778 2075 4821 et
2117 4764 2339 4819 Verbum
2380 4768 2494 4815 erat
2533 4757 2674 4829 apud
2723 4755 2910 4819 Deum,
2941 4764 2989 4807 et
3025 4752 3163 4806 Deus
3203 4759 3317 4803 erat

1750 4862 2021 4919 Verbum:
2053 4859 2232 4914 omnia
2272 4871 2366 4926 per
2400 4856 2573 4924 ipsum
2606 4852 2752 4922 facta
2790 4856 2943 4912 sunt,
2976 4857 3023 4900 et
3064 4846 3174 4898 sine
3205 4844 3318 4911 ipso

1748 4954 1951 5022 factum
1980 4959 2056 5006 est
2090 4947 2223 5003 nihil
2241 4948 2317 5014 π’,
2347 4958 2578 5014 cumque
2602 4949 2831 4997 testetur
2861 4952 2983 4995 eum
3014 4937 3189 4992 lucem
3219 4949 3321 4987 ex.

1749 5045 1956 5101 stitisse
2000 5041 2392 5098 illuminantem
2431 5049 2651 5092 omnem
2696 5031 2967 5087 hominem
3013 5028 3318 5081 venientem

1750 5134 1804 5189 in
1841 5135 1984 5189 hunc
2014 5130 2315 5185 mundum:
2359 5125 2427 5180 In
2467 5124 2663 5178 mundo
2703 5129 2851 5186 erat,
2881 5129 2926 5174 et
2957 5116 3186 5171 mundus
3227 5130 3322 5183 per

1750 5226 1918 5295 ipsum
1964 5224 2136 5294 {actus
2174 5229 2283 5287 est,
2326 5229 2374 5275 et
2410 5216 2633 5272 mundus
2677 5229 2795 5268 eum
2838 5226 2941 5266 non
2985 5206 3222 5280 cognovit
3252 5206 3319 5264 ⁷³.

3077 5414 3124 5448 ⁸⁸
3158 5412 3327 5473 Joan.

75 5496 217 5578 xvii,
241 5511 295 5566 5.
373 5496 826 5578 ⁷⁰Ριιὶ1’ίιὶρ.”ιι,7.
898 5502 1162 5568 "Joan.|,
1193 5502 1247 5557 5.
1323 5502 1368 5531 "
1406 5498 1565 5556 Joan.
1592 5516 1630 5567 ι,
1658 5500 1708 5563 1,
1741 5500 1797 5554 5.
1871 5496 1918 5528 "
1957 5498 2087 5553 ibid.
2117 5496 2206 5552 10.

140 5686 259 5821 ἱῦι)
292 5682 465 5752 Vulgo
490 5682 641 5738 deest
668 5682 751 5737 ἄν.

173 5756 264 5821 32)
292 5752 403 5821 Mp.
434 5768 689 5821 περιφερ.

173 5756 264 5825 δε)
292 5752 403 5825 MP:
434 5768 689 5825 περιφςρ.

152 5760 241 5821 [52
292 5760 403 5821 Mp.
434 5768 560 5823 περι
608 5770 689 5825 ερ.

152 5760 266 5897 (35;
297 5821 405 5877 Τοῦ
434 5768 665 5917 οω.ῗιίτ
694 5829 745 5881 et
768 5836 892 5880 mox
921 5820 1099 5887 codd.;
1126 5833 1250 5875 mox
1278 5816 1437 5891 vulgo
1469 5814 1503 5872 ἃ
1525 5816 1604 5871 δέ.

1822 5677 1936 5747 (54)
1962 5676 2134 5748 Vulso
2168 5674 2378 5748 μεγάλῃ
2402 5676 2492 5747 “cii.

1819 5734 1933 5821 (55}
1969 5734 2097 5806 0m:
2122 5734 2281 5837 codd.
2307 5734 2424 5803 Mox
2442 5734 2617 5801 "vulso
2643 5740 2759 5813 φῶς
2782 5734 2850 5814 ἦν
2882 5737 2962 5794 τδ.

2444 5904 2500 5917 σ-
