3828 6222
477 245 583 301 963

1143 243 1416 303 EUSEBII
1456 238 1933 298 CESARIENSIS
1970 238 2120 297 OPP.
2163 239 2340 296 PARS
2377 239 2466 296 IV.
2505 269 2575 279 ——
2612 237 3034 297 DOGMATILA.

3620 238 3716 294 96b

475 366 680 432 Quibus
698 364 920 418 vocibus
943 361 1247 419 clarissime
1269 361 1538 433 signiﬁcat
1559 359 1898 423 ﬁlialitatem,
1919 371 2041 412 cum

2169 372 2306 408 ιενον
2334 356 2415 419 είς
2441 353 2532 407 τὸν
2563 353 2786 424 κόσμον·
2836 353 2939 407 Ἐν
2964 351 3047 418 τῷ
3066 352 3282 422 σκόσμῳ
3305 347 3405 424 ἦν,
3432 350 3534 406 καί
3560 353 3595 406 ό
3630 355 3720 406 κόν

473 459 541 511 de
570 455 729 511 Patre
779 455 964 510 dicat:
1007 454 1174 509 Deum
1212 469 1370 508 nemo
1416 453 1542 507 uidit
1590 466 1822 520 unquam
1846 448 1935 502 ἠε
1972 449 2041 502 de

2169 460 2301 517 mog-
2337 445 2413 500 δι’
2443 445 2630 500 αὐτοῦ
2655 444 2913 514 ἐγένετο,
2941 444 3042 496 καὶ
3067 447 3100 499 ὁ
3132 445 3363 514 κόσμος
3398 442 3593 497 αὑτὸν
3621 445 3721 497 οὐκ

471 547 636 604 Filio:
673 547 990 617 Unigenitus
1019 545 1193 602 Filius
1227 545 1318 615 qui
1348 552 1466 600 erat
1507 543 1559 598 in
1590 542 1713 598 sinu
1757 539 1955 605 Patris,
1997 539 2043 593 is

2169 537 2318 608 ἔγνω,
2347 537 2444 608 τήν
2468 553 2528 588 τε
2559 535 2780 604 υἱότητα
2803 535 2986 603 σαφῶς
3011 535 3384 606 παριστῶντος
3411 535 3472 588 ὲν
3498 533 3579 604 τῷ
3607 533 3725 602 περί

473 658 595 695 eum
627 641 909 699 revelavit.

2151 628 2250 698 μὲν
2269 627 2361 680 τοῦ
2382 625 2592 696 Πατρὸς
2609 624 2806 692 λέγειν’
2829 625 2977 678 Θεὸν
2997 623 3199 692 οὐδεὶς
3218 623 3438 694 edicam
3472 624 3724 686 πώποτε,

474 731 604 807 περὶ
633 734 692 788 δὲ
719 733 815 788 τοῦ
839 733 992 788 Υἰοῦ·
1036 734 1094 788 '0
1127 729 1419 804 μονογενὴς
1443 731 1572 796 Υἱὸς
1597 732 1627 785 ὁ
1652 729 1728 786 ὢν
1749 732 1829 794 εἰς
1852 728 1945 783 τὸν
1974 725 2174 781 κόλπον
2206 719 2302 775 τοῦ
2337 718 2572 790 Πατρὸς,
2603 719 2809 780 ἐκεῖνος
2841 713 3165 788 ἐξηγήσατο.

1063 828 1214 884 CAP.
1249 828 1440 884 XXIV.

471 942 627 1009 Quod
665 942 952 998 Marcellus
980 943 1306 1012 unigenitum
1341 939 1544 994 Filium
1589 939 1840 1012 Verbum.
1873 942 2043 996 verbis

694 1013 794 1068 Dei
835 1011 1152 1084 agendorum
1182 1013 1508 1066 instructivis
1541 1011 1818 1066 assimiiet.

539 1145 900 1200 Admirandus
945 1145 1046 1200 iste
1093 1145 1380 1199 verborum
1402 1139 1613 1198 ‘Christi
1657 1144 1868 1208 doctor,
1903 1157 2044 1214 prae-

470 1246 626 1307 cepta
676 1235 770 1290 Dei
815 1245 870 1290 et
922 1235 1249 1305 agendorum
1303 1233 1818 1290 commonefacmria
1860 1236 2044 1300 verba,

469 1329 830 1397 undecunque
865 1328 932 1381 de
974 1325 1272 1396 Scripturis
1311 1325 1568 1397 colligens
1599 1325 1922 1394 ejuscemodi
1957 1328 2045 1382 de-

2778 815 2935 868 ΚΕΦ.
2969 815 3093 868 ΚΔ’.

2147 908 2348 973 Ὅπως
2376 903 2730 974 Μάρκελλος
2756 903 2882 968 τοῖς
2901 905 3107 974 λόγοις
3128 902 3239 974 τοῦ
3267 902 3436 966 Θεοῦ,
3462 899 3597 974 τοῖς
3617 903 3728 957 τῶν

2216 972 2526 1101 ἔρακτῗων
2558 973 3054 1044 παραγγελτικοῖς
3078 972 3187 1026 τὸν
3206 973 3515 1044 μονογενῆ
3539 977 3728 1044 Λόγον

2262 1064 2424 1101 φωιιο
2451 1063 2541 1100 ου.

2258 1063 2541 1116 φωμοιου.

2218 1138 2329 1210 (56)
2372 1135 2438 1190 ’Ὅ
2467 1135 2777 1208 Θαυμαστὸς
2801 1127 2956 1200 οὗτος
2979 1135 3090 1190 τῶν
3119 1132 3354 1206 Χριστοῦ
3379 1135 3559 1206 λόγων
3589 1135 3730 1189 διδά-

2149 1229 2370 1294 σκαλος,
2395 1229 2496 1293 τὰς
2532 1227 2754 1290 ἐντολὰς
2790 1227 2882 1280 τοῦ
2909 1225 3066 1290 Θεοῦ,
3092 1227 3186 1280 καὶ
3214 1227 3341 1290 τοὺς
3366 1226 3734 1298 παραγγελτι·

2146 1322 2280 1385 κους
2317 1322 2426 1374 τῶν
2451 1319 2737 1392 πρακτέων
2761 1319 2970 1389 λόγους,
2995 1319 3104 1373 ἀπὸ
3123 1319 3222 1388 τῆς
3247 1318 3396 1380 Θείας
3415 1317 3735 1387 συναγαγὼν

470 1420 696 1487 scribit,
741 1418 894 1486 Quod
941 1419 997 1472 in
1035 1419 1296 1488 principio
1345 1428 1455 1472 erat
1514 1416 1766 1472 Verbum.
1813 1419 2046 1472 Attende

2169 1413 2392 1485 Ὓραφῆς,
2418 1412 2658 1466 τοιοῦτόν
2681 1428 2803 1465 τινα
2829 1411 3078 1483 -ὁρίζεται
3110 1411 3202 1464 τὸν
3229 1410 3300 1464 ἐν
3329 1409 3490 1479 ιψχῇ
3517 1412 3731 1479 Λόγον.

471 1519 675 1574 autem,
715 1508 985 1579 quomodo
1018 1509 1120 1564 hoc
1157 1509 1274 1563 vult
1309 1508 1580 1577 probare:
1634 1507 1823 1563 scribit
1859 1515 2044 1562 autem

474 1601 567 1674 [R.
598 1600 734 1672 XLI]
759 1623 774 1658 :
799 1601 998 1656 Eorum
1026 1606 1085 1665 ᾖ
1107 1601 1358 1656 doctores
1387 1615 1508 1655 cum
1529 1609 1734 1654 tantum
1761 1615 1866 1654 non
1893 1613 2048 1655 vere-

473 1701 663 1748 rentur
691 1691 1020 1746 mentionem
1063 1690 1223 1746 Verbi
1254 1691 1434 1745 facere
1453 1731 1469 1756 ,
1500 1689 1640 1760 quod
1656 1689 1730 1743 ad
1758 1691 1897 1744 hunc
1926 1703 2044 1744 mo-

2158 1506 2490 1560 Ἐπάκουσον
2521 1503 2599 1569 δὲ,
2631 1504 2780 1567 ὅπως
2804 1502 2980 1556 ταῦτα
3009 1503 3263 1572 συνιστᾷν
3297 1503 3585 1572 πειρᾶται,
3615 1501 3735 1555 τοῦ·

2145 1614 2239 1650 τον
2261 1595 2489 1668 γράφων
2514 1595 2604 1649 τὸν
2632 1595 2853 1666 τρόπον·
2897 1593 3018 1647 Τῶν
3045 1594 3104 1647 δὲ
3137 1593 3502 1648 διδασκόντων
3535 1595 3737 1659 αὐτοὺς

2148 1687 2338 1759 ὥσπερ
2375 1686 2710 1758 αἰδουμένων
2748 1687 2859 1758 (57)
2915 1686 3226 1758 μεμνῆσθαι
3279 1687 3376 1740 τοῦ
3425 1687 3627 1756 Λόγου,
3678 1688 3736 1740 ὃν

473 1784 600 1838 dum
624 1796 809 1838 omnes
849 1782 1043 1837 divinas
1074 1780 1366 1852 Scriptura:
1392 1781 1706 1842 praedicant.
1729 1779 1879 1835 Unus
1903 1781 2047 1834 enim

2169 1779 2294 1834 ιῦτω
2327 1782 2496 1834 πᾶσαι
2525 1781 2582 1833 αἱ
2604 1780 2745 1834 θεῖαι
2783 1779 3111 1851 κηρύττουσι
3143 1781 3391 1852 Γραφαι’
3429 1782 3458 1834 ὁ
3491 1779 3594 1852 μὲν
3626 1781 3736 1852 γὰρ

473 1875 627 1940 dicit,
663 1873 829 1928 Verbo
855 1874 1070 1928 Domini
1109 1873 1309 1940 ﬁrmati
1335 1881 1454 1927 sunt
1482 1872 1684 1927 creti".
1717 1872 1782 1926 Et
1831 1871 2048 1938 iterum,

2151 1872 2280 1944 περὶ
2304 1871 2470 1926 αὐτοῦ
2493 1871 2662 1940 λέγει·
2694 1870 2785 1937 Τῷ
2807 1872 2969 1940 λόγῳ
2990 1870 3211 1940 Κυρίου
3231 1875 3286 1926 οί
3303 1872 3546 1940 οὐρανοί
3571 1872 3736 1926 ἐστε-

474 1963 666 2021 Emisit
682 1965 917 2023 Verbum
941 1983 1096 2022 suum
1117 1976 1166 2021 et
1191 1967 1393 2021 sanavit
1414 1967 1570 2020 eos“.
1592 1965 1660 2019 Et
1682 1964 1936 2020 Salomon
1955 1965 2049 2031 ait,

2169 1961 2494 2031 λεώθησαν·
2549 1956 2706 2026 αὖθίς
2750 1979 2810 2016 τε
2857 1965 2886 2016 ὁ
2931 1962 3119 2027 αὐτὸς,
3159 1962 3590 2028 Ἐξαπέστειλε
3634 1966 3736 2017 τὸν

475 2058 722 2124 Qua-rent
753 2074 833 2112 me
870 2057 1115 2127 improbi,
1155 2067 1202 2110 et
1233 2072 1337 2109 non
1379 2056 1637 2109 invenient
1677 2069 1696 2108 :
1723 2054 1940 2108 oderunt
1972 2067 2050 2108 et-

474 2151 612 2204 enim
623 2147 964 2215 sapientiam,
983 2158 1029 2202 et
1056 2146 1283 2201 Verbum
1304 2147 1514 2200 Domini
1536 2163 1638 2200 non
1660 2148 2047 2201 curaverunt".

474 2239 640 2294 Isaias
670 2253 932 2309 "quoque:
979 2239 1057 2292 De
1091 2237 1223 2294 Sion
1255 2230 1415 2292 exibit
1451 2239 1556 2302 lex,
1589 2247 1638 2290 et
1685 2236 1909 2291 Verbum
1954 2239 2055 2292 Do-

474 2332 606 2384 mini
649 2331 713 2383 de
739 2328 1032 2385 Jerusalem
1054 2331 1123 2388 ⁷⁸.
1170 2329 1236 2384 Et
1276 2327 1562 2394 Jeremias,
1616 2326 1896 2399 Pudefacli
1931 2337 2050 2382 sunt

473 2424 754 2490 sapientes,
789 2431 838 2476 et
900 2421 1171 2491 terrefacti
1227 2432 1374 2485 sunt,
1425 2430 1474 2476 et
1511 2420 1674 2475 locuti
1726 2430 1866 2484 sum,
1914 2421 2050 2490 quod

487 2508 709 2567 Verbum
739 2512 950 2567 Domini
975 2512 1268 2581 reiecerunt
1291 2513 1358 2565 7°.
1398 2513 1466 2565 Et
1486 2510 1672 2576 Oseas,
1732 2511 1967 2568 Oderunt
1996 2513 2050 2564 in

473 2605 641 2674 portis
690 2605 1068 2674 increpantem,
1122 2614 1169 2658 et
1221 2605 1431 2659 uerbum
1481 2615 1718 2658 sanctum
1761 2601 2051 2657 abominati

474 2707 594 2749 sunt
618 2696 688 2750 ⁸³.
724 2694 982 2750 Michaaas
1005 2695 1254 2751 similiter
1277 2695 1439 2752 Verbi
1480 2695 1748 2762 meminit,
1779 2703 1840 2749 ut
1861 2694 2048 2761 Isaias,

475 2787 555 2841 De
581 2785 732 2855 Sion,
773 2787 1049 2856 inquiens,
1095 2789 1254 2841 exibit
1285 2788 1392 2850 lex.
1423 2797 1473 2842 et
1497 2786 1726 2842 Verbum
1758 2789 1966 2842 Domini
1989 2791 2052 2842 de

474 2875 795 2932 Jerusalem.
828 2877 962 2932 Haec
988 2887 1270 2948 postquam
1299 2889 1356 2934 et
1407 2880 1492 2934 bis
1533 2879 1728 2933 similia
1759 2893 2052 2952 coacervae

475 2975 650 3032 verat,
687 2967 1060 3024 conﬁrmatam
1083 2983 1234 3023 suam
1266 2979 1416 3024 retur
1443 2968 1520 3022 ab
1545 2969 1665 3024 istis
1697 2970 2047 3024 sententiam.

2151 2056 2344 2125 Λόγον
2371 2055 2582 2120 αὐτοῦ,
2608 2055 2706 2109 καί
2743 2055 2952 2109 ἰάσατο
2976 2057 3220 2122 αὐτούς.
3238 2055 3491 2128 Σολομῶν
3518 2056 3598 2121 δὲ,
3625 2060 3735 2124 Ζη-

2150 2145 2412 2213 τήσουσί
2427 2163 2505 2216 με
2528 2147 2723 2210 κακοὶ,
2749 2147 2846 2200 καὶ
2874 2147 2987 2217 οὐχ
3015 2146 3404 2216 εὑρήσουσιν,
3433 2148 3739 2218 ἐμίσησαν

2149 2235 2262 2305 γὰρ
2289 2236 2535 2305 σοφίαν,
2556 2233 2662 2288 τὸν
2690 2234 2759 2288 δὲ
2779 2235 2974 2304 Λόγον
2993 2235 3220 2303 Κυρίου
3256 2237 3328 2289 οὑ
3359 2235 3735 2304 προείλοντο.

2163 2326 2388 2390 Ἡσαΐας
2426 2339 2510 2378 τε*
2551 2326 2654 2380 Ἐκ
2686 2325 2838 2379 Σιὼν
2867 2327 3254 2390 ἐξελεύσεται
3282 2325 3394 2396 (38)
3426 2327 3616 2396 νόμος
3642 2327 3740 2380 καί

2151 2418 2341 2486 Λόγος
2357 2418 2576 2485 Κυρίου
2599 2417 2670 2484 ἐξ
2706 2416 3119 2488 Ἰερουσαλήμο
3140 2419 3233 2471 καὶ
3257 2415 3412 2482 αὖθις
3445 2418 3740 2490 Ἱερεμίας·

2163 2509 2594 2580 ᾙσχύνθησαν
2627 2511 2833 2579 σοφοὶ,
2865 2510 3020 2581 φησὶ,
3057 2510 3157 2564 καὶ
3183 2509 3600 2578 ἐπτοήθησαν,
3644 2510 3744 2564 καὶ

2149 2601 2489 2671 ἐλάλησαν,
2525 2600 2616 2656 ὅτι
2639 2601 2749 2656 τὸν
2776 2602 2963 2671 λόγον
2999 2599 3152 2674 [τοῦ]
3207 2600 3318 2673 (59)
3351 2602 3581 2671 Κυρίου
3632 2603 3744 2656 ἀπο

2149 2691 2536 2762 εδοκίμασαν.
2556 2693 2668 2746 Καὶ
2708 2694 2866 2766 Ὠσηὲ
2896 2693 3008 2765 (40)
3041 2694 3099 2747 δὲ
3125 2697 3154 2748 ὁ
3182 2695 3486 2766 προφήτης,
3511 2695 3747 2765 Ἐμίση-

2150 2795 2290 2848 σαν,
2316 2783 2442 2856 ἔφη,
2477 2785 2547 2838 ἐν
2574 2785 2791 2852 πύλαις
2819 2785 3169 2854 ἐλέγχοντα,
3205 2786 3303 2839 καί
3337 2787 3528 2856 λόγον
3571 2786 3750 2842 ὅσιον

2149 2873 2568 2938 ἐϐδελύξαντο.
2602 2876 2840 2947 Μιχαίας
2861 2895 2920 2930 τε
2949 2878 3150 2948 ὁμοίως
3174 2880 3266 2931 καὶ
3294 2879 3458 2943 αὐτὸς
3487 2880 3624 2952 περὶ
3653 2880 3745 2934 τοῦ

2151 2965 2323 3035 Λόγου
2353 2966 2725 3038 μνημονεύων,
2762 2969 2862 3024 Ἐκ
2882 2969 3047 3035 Σιὼν,
3077 2970 3201 3040 ἔφη,
3227 2971 3618 3036 ἐξελεύσεται
3643 2977 3745 3028 νό-

478 3055 614 3114 Vide
641 3071 818 3115 autem
848 3060 993 3130 quod
1033 3060 1245 3116 diversa
1280 3060 1348 3115 de
1376 3059 1675 3128 Scripturis
1710 3059 1933 3116 collecta
1973 3071 2050 3114 te-

2169 3075 2284 3124 10¢,
2332 3058 2648 3130 καίΛόγος
2697 3062 2922 3130 Κυρίου
2973 3061 3042 3128 ἐξ
3101 3063 3515 3133 Ἰερουσαλήμ.
3558 3064 3747 3119 Ταῦτα

477 3146 734 3202 stimonia
764 3148 816 3202 in
842 3163 1006 3203 unum
1033 3147 1263 3218 coniecit
1292 3161 1308 3201 :
1333 3147 1554 3204 missum
1586 3148 1679 3203 Dei
1706 3147 1940 3204 Verbum
1976 3164 2058 3205 sa-s

2159 3149 2262 3222 [δὲ]
2280 3147 2394 3221 (41)
2413 3153 2509 3205 καὶ
2529 3151 2599 3205 τὰ
2614 3151 2824 3218 τούτοις
2839 3153 3042 3224 ἀδελφὰ
3059 3154 3404 3224 συναγαγὼν,
3449 3156 3746 3229 κρατύνειν

475 3236 754 3292 lutii‘erum
781 3237 909 3294 illud
937 3248 993 3296 et
1021 3239 1347 3305 curativum,
1377 3239 1710 3296 confundens
1731 3255 1853 3296 cum
1878 3242 2050 3297 admo

2169 3240 2244 3294 Sid
2261 3240 2465 3296 τούτων
2480 3242 2578 3315 τὴν
2599 3244 2792 3298 ἑαυτοῦ
2811 3245 2967 3311 δόξαν
2987 3248 3224 3317 ἡγεῖται.
3248 3247 3392 3319 Ὅρα
3407 3247 3464 3300 δὲ
3487 3249 3610 3312 πῶς
3635 3248 3745 3319 (42)

479 3327 681 3382 nitorio
715 3329 1047 3397 agendorum
1083 3328 1270 3385 verbo.
1304 3327 1435 3384 Illud
1480 3331 1701 3395 etenim,
1723 3329 1969 3386 Oderunt
2000 3333 2057 3386 in

477 3420 645 3487 portis
692 3420 1067 3486 increpantem,
1117 3433 1164 3475 et
1194 3419 1428 3474 Verbum
1475 3432 1714 3474 sanctum
1772 3422 2056 3476 abominati

479 3517 599 3560 sunt
633 3523 652 3561 :
685 3509 957 3578 quodnam
989 3510 1145 3566 nobis
1193 3510 1496 3566 subindicat
1535 3509 1803 3566 Verbum?
1834 3525 2057 3581 prorsus

476 3597 612 3653 illud
642 3613 752 3668 quo
777 3600 844 3656 de
899 3600 1060 3669 justis
1099 3601 1405 3656 actionibus
1457 3609 1513 3656 et
1553 3603 1757 3656 sanctis
1812 3603 2057 3658 homines

481 3689 905 3745 commoneﬁunt
938 3708 954 3746 :
994 3690 1237 3757 omnino,
1291 3691 1503 3763 quidvis
1544 3693 1720 3760 potius
1761 3705 1920 3762 quam
1964 3693 2055 3748 Fi-

477 3777 611 3833 lium
645 3778 738 3834 Dei
763 3779 1003 3848 proﬁteri
1028 3780 1159 3847 vult,
1191 3791 1443 3852 tanquam
1469 3783 1558 3850 qui
1589 3781 1910 3838 mentionem
1939 3782 2057 3852 ejus

483 3869 664 3924 facere
692 3879 984 3925 metueret.
1010 3871 1117 3926 Nos
1148 3873 1400 3929 novimus
1431 3871 1525 3928 Dei
1565 3872 1758 3928 Filium
1794 3877 2055 3945 pr0priis-

482 3961 621 4015 sime
665 3976 785 4018 esse
827 3962 1050 4029 Filium,
1082 3978 1211 4019 vere
1265 3965 1595 4035 unigenitum
1627 3965 1765 4020 Dei:
1817 3965 2054 4024 Verbum

481 4067 697 4122 quoque
725 4056 972 4110 eumdem
998 4069 1120 4112 esse
1139 4057 1306 4126 probe
1338 4059 1617 4124 novimus;
1650 4059 1745 4114 sed
1770 4075 1876 4114 non
1907 4061 2057 4116 simi-

479 4143 532 4198 )e
565 4143 804 4199 humano
861 4145 1168 4215 cuicunque
1218 4147 1402 4202 verbo.
1459 4149 1528 4201 At
1575 4147 1734 4218 quale
1761 4158 1931 4218 paret,
1985 4167 2056 4206 az-

480 4249 648 4302 quum
695 4245 781 4290 est
832 4246 1049 4292 exstare
1099 4234 1333 4292 Verbum
1361 4237 1457 4293 Dei
1499 4237 1701 4302 vivum,
1736 4241 2055 4309 subsistens,

479 4337 737 4397 tanquam
765 4328 854 4397 qui
886 4330 956 4383 sit
981 4329 1167 4384 Filius.
1200 4328 1254 4384 is
1274 4345 1402 4384 vero
1429 4329 1659 4385 Verbum
1681 4331 2052 4400 indicativum,

2157 3332 2332 3404 φορὰς
2377 3334 2477 3398 τὰς
2505 3336 2614 3389 ἀπὸ
2645 3337 2747 3407 τῆς
2798 3336 2948 3402 Θείας
2980 3339 3204 3410 Γραφῆς
3252 3343 3560 3413 μαρτυρίας
3608 3341 3745 3412 ὁμοῦ

2159 3424 2456 3495 συνήγαγε,
2487 3426 2694 3481 καὶτὸν
2720 3428 3184 3500 ἁποστελλὸμενον
3211 3429 3327 3501 (45)
3357 3431 3453 3485 τοῦ
3485 3432 3628 3486 Θεοῦ
3651 3434 3749 3486 Λό-

2155 3534 2273 3588 γον,
2329 3520 2420 3574 τὸν
2463 3521 2749 3593 σωτήριον,
2781 3522 2876 3575 καὶ
2922 3523 3151 3587 ἰατικὺν,
3195 3524 3289 3577 καὶ
3327 3525 3420 3578 τὸν
3461 3524 3576 3578 τῶν
3601 3543 3750 3598 πρα-

2155 3611 2330 3665 κτέων
2349 3613 2884 3684 παραγγελτικόν.Τὸ
2910 3617 3038 3689 γὰρ,
3071 3619 3406 3688 Ἐμίσησαν
3423 3621 3496 3674 ἐν
3513 3623 3747 3686 πύλαις

2154 3703 2501 3775 ἐλέγχοντα,
2541 3708 2639 3761 καὶ
2672 3709 2858 3779 λόγον
2893 3709 3066 3764 ὅσιον
3114 3712 3540 3779 ἐϐδελύξαντο,
3592 3718 3754 3768 ποῖον

2157 3793 2467 3867 ὑποτίθεται
2493 3796 2699 3864 Λόγον;
2728 3798 2760 3870 ἢ
2791 3795 3010 3863 πάντως
3043 3816 3145 3852 που
3175 3799 3266 3852 τὸν
3287 3801 3420 3872 περὶ
3447 3800 3558 3853 τῶν
3580 3801 3755 3854 ὁσίων

2157 3883 2267 3955 (44)
2315 3887 2408 3939 καὶ
2437 3887 2662 3942 δικαίων
2683 3889 2934 3961 πράξεων
2987 3891 3446 3962 παραγγελτικὸνο
3480 3892 3667 3946 πάντα
3692 3911 3752 3947 τε

2160 3975 2359 4045 μᾶλλον
2405 3976 2441 4048 ἢ
2490 3978 2580 4033 τὸν
2625 3979 2754 4033 Υἰὸν
2797 3978 2891 4033 τοῦ
2942 3979 3076 4035 Θεοῦ
3127 3983 3409 4054 ὁμολογεῖν
3468 3985 3749 4056 βούλεται,

2154 4066 2342 4140 ὥσπερ
2365 4070 2678 4142 αἰδούμενος
2709 4072 3079 4143 μνημονεῦσαι
3109 4075 3202 4129 τοῦ
3228 4075 3376 4129 Υίοῦ.
3419 4076 3618 4148 Ἦμεῖς
3648 4078 3750 4148 μὲν

2154 4157 2264 4230 γὰρ
2319 4159 2540 4231 οἴδαμεν
2585 4162 2676 4215 τὸν
2724 4164 2851 4218 Υἰὸν
2901 4165 2995 4218 τοῦ
3038 4166 3174 4220 Θεοῦ
3215 4166 3559 4239 κυριώτατον
3614 4171 3749 4224 ὄντα

2155 4248 2305 4313 Υίὸν,
2346 4251 2443 4304 καὶ
2475 4251 2692 4324 ἀληθῶς
2725 4256 2986 4327 μονογενῆ
3029 4256 3126 4310 τοῦ
3155 4257 3312 4323 Θεοῦ,
3346 4260 3442 4313 καὶ
3481 4261 3662 4330 Λόγον
3689 4261 3750 4316 δι

2153 4339 2318 4392 αὑτὸν
2347 4340 2590 4412 ἀκριϐῶς
2625 4342 2789 4413 ἴσμεν
2820 4345 2917 4414 οὐχ
2948 4345 3130 4415 ὅμοιον
3167 4343 3246 4416 τῷ
3290 4347 3348 4398 ὲν
3390 4346 3710 4419 ἀνθρώποις
3730 4365 3746 4379 ·

477 4427 534 4470 et
565 4417 896 4486 agendorum
928 4417 1505 4474 commonefactorium
1539 4420 1904 4489 introducens,
1945 4446 2050 4478 ιιυιι

2169 4429 2267 4482 nr
2289 4427 2404 4484 οἷον
2431 4435 2698 4503 προσήκει
2727 4438 2866 4489 νοεῖν
2902 4436 3016 4506 (45)
3049 4437 3185 4491 Θεοῦ
3213 4438 3406 4506 Λόγον,
3437 4417 3625 4503 ζῶντα
3655 4445 3748 4495 καὶ

478 4506 749 4564 immerito
768 4507 966 4564 Filium
995 4509 1090 4566 Dei
1121 4510 1365 4566 conﬁteri
1395 4519 1650 4581 gravatur
1676 4525 1835 4580 quem
1871 4515 2051 4584 reipsa

477 4599 792 4669 abnegavit.

2157 4520 2442 4588 ὑφεστῶτα
2468 4525 2545 4586 ὡς
2577 4524 2704 4577 Υίόν
2740 4525 2872 4597 (46)·
2909 4528 2938 4579 ὁ
2969 4527 3027 4581 δὲ
3060 4527 3218 4597 λόγον
3273 4533 3617 4600 σημαντικὸν
3654 4535 3748 4587 καὶ

2153 4609 2260 4662 τῶν
2280 4611 2569 4681 πρακτέων
2591 4615 3026 4686 παραγγελτικδν
3048 4619 3305 4688 εἰσάγων,
3324 4620 3554 4686 εἰκότως
3574 4621 3748 4676 ὤκνει

2152 4698 2245 4752 τὸν
2271 4700 2398 4756 Υἰὸν
2421 4704 2724 4775 ὁμολογεῖν,
2757 4706 2818 4760 ὃν
2850 4708 2998 4780 αὐτῷ
3025 4709 3172 4783 ἔργῳ
3198 4712 3437 4783 ἠρνεῖτο.

554 4829 616 4914 >1:
653 4824 976 4914 Edaltaris"
1006 4843 1130 4914 pag;
1168 4829 1412 4914 “in”
1449 4826 1675 4914 Joan_._l,
1710 4830 1797 4887 18.
1870 4833 1916 4866 "
1949 4833 2093 4890 Psal.
2128 4854 2276 4896 xuu
2333 4843 2391 4897 7.
2461 4842 2510 4876 "
2539 4844 2682 4902 Psal.
2715 4863 2826 4914 CVI,
2859 4848 2948 4904 20.
3000 4850 3047 4882 '"
3086 4849 3248 4906 Prov.
3277 4867 3391 4909 nv.
3425 4851 3480 4910 6.
3559 4855 3612 4886 ⁷⁸
3641 4856 3744 4910 lsa.

483 4907 546 4957 ιι,
580 4895 635 4949 5.
719 4897 765 4928 ⁷⁸
795 4897 910 4953 Jer.
951 4895 1153 4964 vrit,'9.
1229 4900 1276 4933 ⁸⁸
1307 4898 1433 4956 Ose.
1465 4915 1543 4966 ιιι,
1575 4900 1663 4955 17.

556 5037 670 5113 (36)
700 5037 874 5113 Caput
908 5039 978 5093 24
1017 5040 1328 5113 immediate
1357 5037 1630 5113 dependet
1671 5053 1700 5094 a
1735 5043 2030 5113 superiore,

483 5107 748 5179 pendente
773 5109 950 5164 adhuc
984 5110 1249 5179 sententia
1288 5110 1505 5179 prioris.
1532 5107 1600 5179 bl.

555 5175 667 5249 (57)
701 5175 1359 5249 Ὥσπερ-αἰδουμένων.
1424 5177 1872 5249 Sic_|egendum,
1940 5197 2047 5239 non

479 5245 815 5320 αἰδούμενος.
848 5245 1196 5320 M.[S_ec_utus
1221 5265 1340 5305 sum
1369 5245 1554 5320 codd]

575 5245 815 5316 σύμενος.
848 5245 1196 5383 Μέδοσιιιὺε
1221 5265 1264 5305 sl

575 5317 666 5389 §8)
694 5317 872 5389 Vulgo
895 5320 922 5371 ὲ
957 5318 1264 5389 ελευσηται.

551 5317 666 5526 ἓῦὃξ
705 5317 872 5396 Vu_lgo
895 5317 1142 5389 ὲξελεύση

575 5387 642 5440 59
693 5386 801 5439 Teo
839 5403 948 5444 om.
986 5389 1142 5442 codd.

573 5455 642 5526 40
697 5455 809 5510 luto
858 5457 1038 5526 Ἀμώς
1082 5473 1134 5522 v,

480 5455 809 5595 ὐμὲἶίἐζίιιιο
858 5457 1038 5528 Ἀμώς
1082 5473 1134 5522 v,
1189 5459 1278 5516 IO.
1339 5457 1460 5514 Mox
1519 5455 1678 5528 vulgo
1731 5458 1894 5526 αὐτὸς
1957 5462 2051 5517 καὶ

2218 5049 2331 5132 (ίὲ)
2354 5051 2794 5132 ς’ρττωςφόρας.
2840 5054 3040 5132 Facilis
3100 5057 3414 5132 corr_ectio,_
3440 5059 3742 5132 διαφοράς·

2155 5121 2248 5200 sed
2276 5123 2404 5202 quid
2433 5126 2476 5178 si
2504 5121 2680 5202 φύρας
2703 5126 2950 5202 legatur?
2975 5136 3122 5181 certe
3146 5129 3290 5202 enim
3326 5129 3443 5202 vult
3465 5121 3594 5202 enin
3622 5121 3746 5198 ’ρεξ-

2150 5195 2433 5269 miscuisse
2455 5201 2638 5248 omnia
2671 5210 2869 5262 susque
2901 5195 3112 5269 deque;
3143 5199 3325 5269 st_a_tim
3353 5199 3571 5269 legend.
3596 5195 3741 5254 ἄπο-

2152 5259 2525 5336 στελλόμενον,
2548 5273 2607 5336 ut
2633 5274 2766 5336 erat
2783 5259 2837 5319 in
2863 5259 3143 5336 margine.
3187 5267 3258 5321 Μ.

2348 5331 2529 5404 Vulgo
2549 5333 2928 5404 ἁποστολικόν.

2364 5399 2534 5478 Vulgo
2560 5404 2777 5468 πάντως
2803 5403 2991 5478 τοῦτον
3020 5405 3152 5476 περὶ
3187 5405 3286 5478 τὴν
3314 5407 3504 5463 ὁσίων.

2225 5470 2338 5542 (45⁷)
2364 5470 2534 5542 Vulgo
2573 5489 2681 5528 om.
2715 5477 2876 5530 νοεῖν.

2219 5540 2645 5623 (iugcerm.
2683 5543 2858 5614 Deest,
2889 5545 3102 5617 opinor,
3120 5545 3365 5618 νομίζειν
3395 5560 3517 5619 post
3555 5566 3732 5623 προσ-

714 5592 905 5652 Omitt.
936 5595 1117 5665 codd.;
1157 5597 1282 5654 dein
1305 5596 1463 5667 vulgo
1509 5597 1604 5652 καὶ
1637 5598 1846 5665 τούτοις
1876 5601 2040 5674 ὅμοια

2169 5592 2290 5680 ῇκὲὶ.
2314 5592 2377 5666 ’M.

483 5675 675 5729 συναγ.
