  <div class='ocr_page' id='page_1' title='image "/cluster/home/n/w/nwhite01/storage/ocr_20150623/24/nnc1.0046978259/614.png"; bbox 0 0 3828 6222; ppageno 0'>
   <div class='ocr_carea' id='block_1_1' title="bbox 106 315 213 375">
    <p class='ocr_par' dir='ltr' id='par_1_1' title="bbox 106 315 213 375">
     <span class='ocr_line' id='line_1_1' title="bbox 106 315 213 375; baseline 0 -4"><span class='ocrx_word' id='word_1_1' title='bbox 106 315 213 375; x_wconf 79' lang='grc' dir='ltr'><strong>9θῦ</strong></span> 
     </span>
    </p>
   </div>
   <div class='ocr_carea' id='block_1_2' title="bbox 721 428 1058 484">
    <p class='ocr_par' dir='ltr' id='par_1_2' title="bbox 721 428 1058 484">
     <span class='ocr_line' id='line_1_2' title="bbox 721 428 1058 484; baseline 0.003 -1"><span class='ocrx_word' id='word_1_2' title='bbox 721 428 887 483; x_wconf 71' lang='grc' dir='ltr'><strong>-ΚΕΦ-</strong></span> <span class='ocrx_word' id='word_1_3' title='bbox 930 429 1058 484; x_wconf 72' lang='lat' dir='ltr'><strong>KE&#39;.</strong></span> 
     </span>
    </p>
   </div>
   <div class='ocr_carea' id='block_1_3' title="bbox 296 520 1506 593">
    <p class='ocr_par' dir='ltr' id='par_1_3' title="bbox 296 520 1506 593">
     <span class='ocr_line' id='line_1_3' title="bbox 296 520 1506 593; baseline 0.004 -20"><span class='ocrx_word' id='word_1_4' title='bbox 296 520 552 585; x_wconf 75' lang='grc' dir='ltr'>Ὀπωςό</span> <span class='ocrx_word' id='word_1_5' title='bbox 572 520 753 585; x_wconf 83' lang='grc' dir='ltr'>αὐτὸς</span> <span class='ocrx_word' id='word_1_6' title='bbox 781 521 969 586; x_wconf 79' lang='grc' dir='ltr'>ἑαυτῷ</span> <span class='ocrx_word' id='word_1_7' title='bbox 991 522 1234 576; x_wconf 76' lang='grc' dir='ltr'><em>ἐναντία</em></span> <span class='ocrx_word' id='word_1_8' title='bbox 1265 523 1506 593; x_wconf 55' lang='lat' dir='ltr'><strong>emata-8.</strong></span> 
     </span>
    </p>
   </div>
   <div class='ocr_carea' id='block_1_4' title="bbox 175 608 1678 689">
    <p class='ocr_par' dir='ltr' id='par_1_4' title="bbox 175 608 1678 689">
     <span class='ocr_line' id='line_1_4' title="bbox 175 608 1678 689; baseline 0.002 -23"><span class='ocrx_word' id='word_1_9' title='bbox 175 608 306 666; x_wconf 77' lang='grc' dir='ltr'>Εἶτα</span> <span class='ocrx_word' id='word_1_10' title='bbox 336 613 429 666; x_wconf 78' lang='grc' dir='ltr'><strong>καὶ</strong></span> <span class='ocrx_word' id='word_1_11' title='bbox 466 611 626 676; x_wconf 79' lang='grc' dir='ltr'>αὐτὸς</span> <span class='ocrx_word' id='word_1_12' title='bbox 662 612 839 684; x_wconf 79' lang='grc' dir='ltr'>ἐαυτῷ</span> <span class='ocrx_word' id='word_1_13' title='bbox 875 615 1136 668; x_wconf 85' lang='grc' dir='ltr'>τάναντία</span> <span class='ocrx_word' id='word_1_14' title='bbox 1166 615 1279 685; x_wconf 69' lang='grc'><strong>(47)</strong></span> <span class='ocrx_word' id='word_1_15' title='bbox 1320 616 1547 689; x_wconf 88' lang='grc' dir='ltr'>γράφων</span> <span class='ocrx_word' id='word_1_16' title='bbox 1577 633 1678 669; x_wconf 89' lang='grc' dir='ltr'><strong>ουκ</strong></span> 
     </span>
    </p>
   </div>
   <div class='ocr_carea' id='block_1_5' title="bbox 103 702 1676 779">
    <p class='ocr_par' dir='ltr' id='par_1_5' title="bbox 103 702 1676 779">
     <span class='ocr_line' id='line_1_5' title="bbox 103 702 1676 779; baseline 0.004 -25"><span class='ocrx_word' id='word_1_17' title='bbox 103 702 368 758; x_wconf 78' lang='grc' dir='ltr'>αῖσθεται.</span> <span class='ocrx_word' id='word_1_18' title='bbox 409 704 497 757; x_wconf 87' lang='grc' dir='ltr'><strong>Ἐν</strong></span> <span class='ocrx_word' id='word_1_19' title='bbox 523 703 856 774; x_wconf 81' lang='grc' dir='ltr'>ὲτέροιςμὲν</span> <span class='ocrx_word' id='word_1_20' title='bbox 886 703 995 774; x_wconf 86' lang='grc' dir='ltr'>γὰρ</span> <span class='ocrx_word' id='word_1_21' title='bbox 1025 705 1434 775; x_wconf 78' lang='grc' dir='ltr'>διῖσχυρίζεται,</span> <span class='ocrx_word' id='word_1_22' title='bbox 1473 707 1676 779; x_wconf 80' lang='grc' dir='ltr'><strong>μηδένα</strong></span> 
     </span>
    </p>
   </div>
   <div class='ocr_carea' id='block_1_6' title="bbox 103 790 1672 865">
    <p class='ocr_par' dir='ltr' id='par_1_6' title="bbox 103 790 1672 865">
     <span class='ocr_line' id='line_1_6' title="bbox 103 790 1672 865; baseline 0.006 -23"><span class='ocrx_word' id='word_1_23' title='bbox 103 790 199 842; x_wconf 89' lang='grc' dir='ltr'><strong>τοῦ</strong></span> <span class='ocrx_word' id='word_1_24' title='bbox 243 791 502 862; x_wconf 76' lang='grc' dir='ltr'>προτέρου</span> <span class='ocrx_word' id='word_1_25' title='bbox 547 791 698 856; x_wconf 86' lang='grc' dir='ltr'>λαοῦ,</span> <span class='ocrx_word' id='word_1_26' title='bbox 731 792 800 846; x_wconf 84' lang='grc' dir='ltr'>τὰ</span> <span class='ocrx_word' id='word_1_27' title='bbox 848 793 990 846; x_wconf 89' lang='grc' dir='ltr'><strong>κατά</strong></span> <span class='ocrx_word' id='word_1_28' title='bbox 1032 793 1123 847; x_wconf 89' lang='grc' dir='ltr'><strong>τὸν</strong></span> <span class='ocrx_word' id='word_1_29' title='bbox 1150 795 1322 862; x_wconf 84' lang='grc' dir='ltr'><strong>Λόγον</strong></span> <span class='ocrx_word' id='word_1_30' title='bbox 1358 799 1672 865; x_wconf 80' lang='grc' dir='ltr'>ἐγνωκέναι.</span> 
     </span>
    </p>
   </div>
   <div class='ocr_carea' id='block_1_7' title="bbox 102 879 1673 960">
    <p class='ocr_par' dir='ltr' id='par_1_7' title="bbox 102 879 1673 960">
     <span class='ocr_line' id='line_1_7' title="bbox 102 879 1673 960; baseline 0.006 -27"><span class='ocrx_word' id='word_1_31' title='bbox 102 883 414 954; x_wconf 80' lang='grc' dir='ltr'>Μυστήριον</span> <span class='ocrx_word' id='word_1_32' title='bbox 441 882 547 954; x_wconf 82' lang='grc' dir='ltr'>γὰρ</span> <span class='ocrx_word' id='word_1_33' title='bbox 562 879 698 936; x_wconf 79' lang='grc' dir='ltr'>εἶναι</span> <span class='ocrx_word' id='word_1_34' title='bbox 727 884 1239 957; x_wconf 79' lang='grc' dir='ltr'><strong>ἀποκεκρυμμένον.</strong></span> <span class='ocrx_word' id='word_1_35' title='bbox 1265 889 1468 960; x_wconf 80' lang='grc' dir='ltr'>Γράφει</span> <span class='ocrx_word' id='word_1_36' title='bbox 1490 889 1546 942; x_wconf 85' lang='grc' dir='ltr'>δὲ</span> <span class='ocrx_word' id='word_1_37' title='bbox 1572 883 1673 944; x_wconf 84' lang='grc' dir='ltr'>ὧδε</span> 
     </span>
    </p>
   </div>
   <div class='ocr_carea' id='block_1_8' title="bbox 105 973 1670 1054">
    <p class='ocr_par' dir='ltr' id='par_1_8' title="bbox 105 973 1670 1054">
     <span class='ocr_line' id='line_1_8' title="bbox 105 973 1670 1054; baseline 0.009 -30"><span class='ocrx_word' id='word_1_38' title='bbox 105 973 294 1037; x_wconf 79' lang='grc' dir='ltr'>αὑταῖς</span> <span class='ocrx_word' id='word_1_39' title='bbox 321 973 499 1041; x_wconf 80' lang='grc' dir='ltr'><strong>λέξεσι</strong></span> <span class='ocrx_word' id='word_1_40' title='bbox 517 991 532 1006; x_wconf 79' lang='grc' dir='ltr'><strong><em>ο</em></strong></span> <span class='ocrx_word' id='word_1_41' title='bbox 568 994 587 1026; x_wconf 80' lang='grc' dir='ltr'><strong>ι</strong></span> <span class='ocrx_word' id='word_1_42' title='bbox 612 975 677 1027; x_wconf 87' lang='grc' dir='ltr'>Τί</span> <span class='ocrx_word' id='word_1_43' title='bbox 702 976 810 1047; x_wconf 85' lang='grc' dir='ltr'><strong>γὰρ</strong></span> <span class='ocrx_word' id='word_1_44' title='bbox 834 976 1018 1049; x_wconf 78' lang='grc' dir='ltr'>ἕτερον</span> <span class='ocrx_word' id='word_1_45' title='bbox 1053 976 1122 1050; x_wconf 77' lang='grc' dir='ltr'>ἦν</span> <span class='ocrx_word' id='word_1_46' title='bbox 1149 981 1638 1054; x_wconf 83' lang='grc' dir='ltr'>ἀποκεκρυμμένον</span> <span class='ocrx_word' id='word_1_47' title='bbox 1656 1024 1670 1049; x_wconf 93' lang='grc'><strong>,</strong></span> 
     </span>
    </p>
   </div>
   <div class='ocr_carea' id='block_1_9' title="bbox 112 1065 1674 1145">
    <p class='ocr_par' dir='ltr' id='par_1_9' title="bbox 112 1065 1674 1145">
     <span class='ocr_line' id='line_1_9' title="bbox 112 1065 1674 1145; baseline 0.01 -30"><span class='ocrx_word' id='word_1_48' title='bbox 112 1069 437 1136; x_wconf 79' lang='grc' dir='ltr'>«μυστήριον</span> <span class='ocrx_word' id='word_1_49' title='bbox 457 1065 490 1136; x_wconf 79' lang='grc' dir='ltr'>ἢ</span> <span class='ocrx_word' id='word_1_50' title='bbox 518 1066 575 1118; x_wconf 88' lang='grc' dir='ltr'><strong>τὸ</strong></span> <span class='ocrx_word' id='word_1_51' title='bbox 600 1066 740 1120; x_wconf 84' lang='grc' dir='ltr'>κατὰ</span> <span class='ocrx_word' id='word_1_52' title='bbox 761 1068 853 1120; x_wconf 83' lang='grc' dir='ltr'><strong>τὸν</strong></span> <span class='ocrx_word' id='word_1_53' title='bbox 874 1069 1043 1138; x_wconf 84' lang='grc' dir='ltr'>Λόγον</span> <span class='ocrx_word' id='word_1_54' title='bbox 1070 1070 1243 1135; x_wconf 83' lang='grc' dir='ltr'>;οὖτω</span> <span class='ocrx_word' id='word_1_55' title='bbox 1257 1073 1313 1126; x_wconf 86' lang='grc' dir='ltr'>δὲ</span> <span class='ocrx_word' id='word_1_56' title='bbox 1331 1074 1442 1145; x_wconf 77' lang='grc'><strong>(48)</strong></span> <span class='ocrx_word' id='word_1_57' title='bbox 1459 1071 1525 1145; x_wconf 84' lang='grc' dir='ltr'>ἦν</span> <span class='ocrx_word' id='word_1_58' title='bbox 1540 1076 1674 1129; x_wconf 87' lang='grc' dir='ltr'>ἀπο-</span> 
     </span>
    </p>
   </div>
   <div class='ocr_carea' id='block_1_10' title="bbox 109 1151 1675 1236">
    <p class='ocr_par' dir='ltr' id='par_1_10' title="bbox 109 1151 1675 1236">
     <span class='ocr_line' id='line_1_10' title="bbox 109 1151 1675 1236; baseline 0.009 -30"><span class='ocrx_word' id='word_1_59' title='bbox 109 1172 128 1204; x_wconf 77' lang='grc'><strong>(</strong></span> <span class='ocrx_word' id='word_1_60' title='bbox 151 1155 525 1226; x_wconf 80' lang='grc' dir='ltr'>κεκρυμμένον</span> <span class='ocrx_word' id='word_1_61' title='bbox 549 1157 608 1209; x_wconf 87' lang='grc' dir='ltr'>ὲν</span> <span class='ocrx_word' id='word_1_62' title='bbox 635 1151 868 1229; x_wconf 74' lang='grc' dir='ltr'><strong>τῴθεῷ,</strong></span> <span class='ocrx_word' id='word_1_63' title='bbox 904 1161 1054 1214; x_wconf 77' lang='grc' dir='ltr'>τουτὶ</span> <span class='ocrx_word' id='word_1_64' title='bbox 1087 1162 1350 1234; x_wconf 89' lang='grc' dir='ltr'>πρότερον</span> <span class='ocrx_word' id='word_1_65' title='bbox 1384 1165 1444 1217; x_wconf 89' lang='grc' dir='ltr'><strong>τὸ</strong></span> <span class='ocrx_word' id='word_1_66' title='bbox 1472 1167 1675 1236; x_wconf 83' lang='grc' dir='ltr'>μυστή-</span> 
     </span>
    </p>
   </div>
   <div class='ocr_carea' id='block_1_11' title="bbox 107 1245 1674 1325">
    <p class='ocr_par' dir='ltr' id='par_1_11' title="bbox 107 1245 1674 1325">
     <span class='ocr_line' id='line_1_11' title="bbox 107 1245 1674 1325; baseline 0.011 -30"><span class='ocrx_word' id='word_1_67' title='bbox 107 1263 128 1295; x_wconf 83' lang='grc'><strong><em>‹</em></strong></span> <span class='ocrx_word' id='word_1_68' title='bbox 159 1263 291 1316; x_wconf 91' lang='grc' dir='ltr'>ριον,</span> <span class='ocrx_word' id='word_1_69' title='bbox 314 1247 454 1300; x_wconf 81' lang='grc' dir='ltr'>ὥστε</span> <span class='ocrx_word' id='word_1_70' title='bbox 491 1245 694 1319; x_wconf 82' lang='grc' dir='ltr'>μηδένα</span> <span class='ocrx_word' id='word_1_71' title='bbox 736 1250 830 1303; x_wconf 84' lang='grc' dir='ltr'><strong>τοῦ</strong></span> <span class='ocrx_word' id='word_1_72' title='bbox 866 1251 1129 1322; x_wconf 86' lang='grc' dir='ltr'>προτέρου</span> <span class='ocrx_word' id='word_1_73' title='bbox 1164 1253 1316 1320; x_wconf 85' lang='grc' dir='ltr'>λαοῦ,</span> <span class='ocrx_word' id='word_1_74' title='bbox 1374 1257 1560 1325; x_wconf 87' lang='grc' dir='ltr'>σαφῶς</span> <span class='ocrx_word' id='word_1_75' title='bbox 1607 1259 1674 1313; x_wconf 81' lang='grc' dir='ltr'><strong>τὰ</strong></span> 
     </span>
    </p>
   </div>
   <div class='ocr_carea' id='block_1_12' title="bbox 104 1335 1675 1418">
    <p class='ocr_par' dir='ltr' id='par_1_12' title="bbox 104 1335 1675 1418">
     <span class='ocr_line' id='line_1_12' title="bbox 104 1335 1675 1418; baseline 0.01 -32"><span class='ocrx_word' id='word_1_76' title='bbox 104 1351 125 1384; x_wconf 77' lang='grc' dir='ltr'><strong>ι</strong></span> <span class='ocrx_word' id='word_1_77' title='bbox 143 1335 282 1387; x_wconf 88' lang='grc' dir='ltr'><strong>κατά</strong></span> <span class='ocrx_word' id='word_1_78' title='bbox 302 1335 390 1389; x_wconf 86' lang='grc' dir='ltr'><strong>τὸν</strong></span> <span class='ocrx_word' id='word_1_79' title='bbox 417 1336 588 1406; x_wconf 86' lang='grc' dir='ltr'>Λόγον</span> <span class='ocrx_word' id='word_1_80' title='bbox 608 1337 831 1392; x_wconf 82' lang='grc' dir='ltr'>εἰδέναι·</span> <span class='ocrx_word' id='word_1_81' title='bbox 862 1339 974 1393; x_wconf 85' lang='grc' dir='ltr'>ἀλλ’</span> <span class='ocrx_word' id='word_1_82' title='bbox 1002 1342 1168 1412; x_wconf 82' lang='grc' dir='ltr'>ἡμᾶς,</span> <span class='ocrx_word' id='word_1_83' title='bbox 1195 1343 1288 1397; x_wconf 87' lang='grc' dir='ltr'><strong>τοῦ</strong></span> <span class='ocrx_word' id='word_1_84' title='bbox 1319 1343 1549 1400; x_wconf 89' lang='grc' dir='ltr'>πλούτου</span> <span class='ocrx_word' id='word_1_85' title='bbox 1575 1348 1675 1418; x_wconf 83' lang='grc' dir='ltr'><strong>τῆς</strong></span> 
     </span>
    </p>
   </div>
   <div class='ocr_carea' id='block_1_13' title="bbox 103 1424 1672 1509">
    <p class='ocr_par' dir='ltr' id='par_1_13' title="bbox 103 1424 1672 1509">
     <span class='ocr_line' id='line_1_13' title="bbox 103 1424 1672 1509; baseline 0.012 -33"><span class='ocrx_word' id='word_1_86' title='bbox 103 1442 124 1475; x_wconf 77' lang='grc' dir='ltr'><strong>ι</strong></span> <span class='ocrx_word' id='word_1_87' title='bbox 152 1424 308 1497; x_wconf 80' lang='grc' dir='ltr'>δόξης</span> <span class='ocrx_word' id='word_1_88' title='bbox 365 1427 457 1480; x_wconf 75' lang='grc' dir='ltr'>καὶ</span> <span class='ocrx_word' id='word_1_89' title='bbox 500 1426 593 1481; x_wconf 88' lang='grc' dir='ltr'><strong>τοῦ</strong></span> <span class='ocrx_word' id='word_1_90' title='bbox 642 1429 1132 1504; x_wconf 83' lang='grc' dir='ltr'>ἀποκεκρυμμένου</span> <span class='ocrx_word' id='word_1_91' title='bbox 1194 1439 1490 1509; x_wconf 77' lang='grc' dir='ltr'>μυστηρίου</span> <span class='ocrx_word' id='word_1_92' title='bbox 1538 1441 1672 1494; x_wconf 82' lang='grc' dir='ltr'>ἀπο-</span> 
     </span>
    </p>
   </div>
   <div class='ocr_carea' id='block_1_14' title="bbox 105 1515 1676 1602">
    <p class='ocr_par' dir='ltr' id='par_1_14' title="bbox 105 1515 1676 1602">
     <span class='ocr_line' id='line_1_14' title="bbox 105 1515 1676 1602; baseline 0.011 -34"><span class='ocrx_word' id='word_1_93' title='bbox 105 1534 127 1567; x_wconf 76' lang='grc' dir='ltr'><strong>ι</strong></span> <span class='ocrx_word' id='word_1_94' title='bbox 151 1515 336 1572; x_wconf 88' lang='grc' dir='ltr'>λαύειν</span> <span class='ocrx_word' id='word_1_95' title='bbox 356 1518 491 1573; x_wconf 91' lang='grc' dir='ltr'>νυνί.</span> <span class='ocrx_word' id='word_1_96' title='bbox 519 1539 538 1571; x_wconf 73' lang='grc' dir='ltr'><strong>ι</strong></span> <span class='ocrx_word' id='word_1_97' title='bbox 559 1520 668 1574; x_wconf 83' lang='grc' dir='ltr'>Καὶ</span> <span class='ocrx_word' id='word_1_98' title='bbox 696 1517 850 1586; x_wconf 77' lang='grc' dir='ltr'>αὖθις</span> <span class='ocrx_word' id='word_1_99' title='bbox 882 1524 1142 1594; x_wconf 77' lang='grc' dir='ltr'>ἐπιλέγει,</span> <span class='ocrx_word' id='word_1_100' title='bbox 1163 1547 1182 1579; x_wconf 77' lang='grc' dir='ltr'><strong>ι</strong></span> <span class='ocrx_word' id='word_1_101' title='bbox 1206 1528 1263 1580; x_wconf 81' lang='lat' dir='ltr'><strong>’U</strong></span> <span class='ocrx_word' id='word_1_102' title='bbox 1279 1529 1334 1582; x_wconf 82' lang='grc' dir='ltr'>δὲ</span> <span class='ocrx_word' id='word_1_103' title='bbox 1370 1528 1511 1602; x_wconf 87' lang='grc' dir='ltr'>ἱερὸς</span> <span class='ocrx_word' id='word_1_104' title='bbox 1540 1532 1676 1585; x_wconf 86' lang='grc' dir='ltr'>ἀπό-</span> 
     </span>
    </p>
   </div>
   <div class='ocr_carea' id='block_1_15' title="bbox 107 1608 1674 1692">
    <p class='ocr_par' dir='ltr' id='par_1_15' title="bbox 107 1608 1674 1692">
     <span class='ocr_line' id='line_1_15' title="bbox 107 1608 1674 1692; baseline 0.011 -32"><span class='ocrx_word' id='word_1_105' title='bbox 107 1626 126 1660; x_wconf 78' lang='grc' dir='ltr'><strong>ι</strong></span> <span class='ocrx_word' id='word_1_106' title='bbox 147 1608 328 1672; x_wconf 89' lang='grc' dir='ltr'>στολός</span> <span class='ocrx_word' id='word_1_107' title='bbox 353 1627 413 1662; x_wconf 89' lang='grc' dir='ltr'><strong>τε</strong></span> <span class='ocrx_word' id='word_1_108' title='bbox 443 1613 535 1665; x_wconf 75' lang='grc' dir='ltr'><strong>καὶ</strong></span> <span class='ocrx_word' id='word_1_109' title='bbox 564 1612 807 1685; x_wconf 78' lang='grc' dir='ltr'>μαθητὴς</span> <span class='ocrx_word' id='word_1_110' title='bbox 832 1615 924 1668; x_wconf 84' lang='grc' dir='ltr'><strong>τοῦ</strong></span> <span class='ocrx_word' id='word_1_111' title='bbox 952 1617 1155 1688; x_wconf 82' lang='grc' dir='ltr'>Κυρίου</span> <span class='ocrx_word' id='word_1_112' title='bbox 1193 1620 1462 1692; x_wconf 78' lang='grc' dir='ltr'><strong>Ἰωάννης,</strong></span> <span class='ocrx_word' id='word_1_113' title='bbox 1488 1623 1674 1692; x_wconf 84' lang='grc' dir='ltr'>σαφῶς</span> 
     </span>
    </p>
   </div>
   <div class='ocr_carea' id='block_1_16' title="bbox 104 1701 1670 1780">
    <p class='ocr_par' dir='ltr' id='par_1_16' title="bbox 104 1701 1670 1780">
     <span class='ocr_line' id='line_1_16' title="bbox 104 1701 1670 1780; baseline 0.012 -29"><span class='ocrx_word' id='word_1_114' title='bbox 104 1718 122 1751; x_wconf 83' lang='grc' dir='ltr'><strong>ι</strong></span> <span class='ocrx_word' id='word_1_115' title='bbox 147 1701 243 1753; x_wconf 74' lang='grc' dir='ltr'><strong>καὶ</strong></span> <span class='ocrx_word' id='word_1_116' title='bbox 285 1701 577 1774; x_wconf 74' lang='grc' dir='ltr'>διαρρήδην</span> <span class='ocrx_word' id='word_1_117' title='bbox 603 1705 659 1756; x_wconf 83' lang='grc' dir='ltr'><strong>ἑν</strong></span> <span class='ocrx_word' id='word_1_118' title='bbox 704 1705 843 1778; x_wconf 85' lang='grc' dir='ltr'>ἀρχῇ</span> <span class='ocrx_word' id='word_1_119' title='bbox 879 1707 975 1761; x_wconf 84' lang='grc' dir='ltr'><strong>τοῦ</strong></span> <span class='ocrx_word' id='word_1_120' title='bbox 1014 1710 1345 1780; x_wconf 77' lang='grc' dir='ltr'>Εὑαγγελίου</span> <span class='ocrx_word' id='word_1_121' title='bbox 1383 1714 1670 1780; x_wconf 79' lang='grc' dir='ltr'>διδάσκων,</span> 
     </span>
    </p>
   </div>
   <div class='ocr_carea' id='block_1_17' title="bbox 1069 316 2421 379">
    <p class='ocr_par' dir='ltr' id='par_1_17' title="bbox 1069 316 2421 379">
     <span class='ocr_line' id='line_1_17' title="bbox 1069 316 2421 379; baseline 0.006 -9"><span class='ocrx_word' id='word_1_122' title='bbox 1069 316 1156 372; x_wconf 87' lang='lat' dir='ltr'><strong>DE</strong></span> <span class='ocrx_word' id='word_1_123' title='bbox 1195 317 1730 376; x_wconf 75' lang='lat' dir='ltr'><strong>ECCLESIASTICA</strong></span> <span class='ocrx_word' id='word_1_124' title='bbox 1765 321 2152 377; x_wconf 80' lang='lat' dir='ltr'><strong>THEOLOCIA</strong></span> <span class='ocrx_word' id='word_1_125' title='bbox 2192 323 2318 379; x_wconf 85' lang='lat' dir='ltr'><strong>LIB.</strong></span> <span class='ocrx_word' id='word_1_126' title='bbox 2363 321 2421 378; x_wconf 89' lang='lat' dir='ltr'><strong>ll.</strong></span> 
     </span>
    </p>
   </div>
   <div class='ocr_carea' id='block_1_18' title="bbox 1709 441 1756 497">
    <p class='ocr_par' dir='ltr' id='par_1_18' title="bbox 1709 441 1756 497">
     <span class='ocr_line' id='line_1_18' title="bbox 1709 441 1756 497; baseline 0 0"><span class='ocrx_word' id='word_1_127' title='bbox 1709 441 1756 497; x_wconf 77' lang='grc' dir='ltr'><strong>Α</strong></span> 
     </span>
    </p>
   </div>
   <div class='ocr_carea' id='block_1_19' title="bbox 3247 318 3354 378">
    <p class='ocr_par' dir='ltr' id='par_1_19' title="bbox 3247 318 3354 378">
     <span class='ocr_line' id='line_1_19' title="bbox 3247 318 3354 378; baseline -0.019 -1"><span class='ocrx_word' id='word_1_128' title='bbox 3247 318 3354 378; x_wconf 82' lang='lat'><strong>966</strong></span> 
     </span>
    </p>
   </div>
   <div class='ocr_carea' id='block_1_20' title="bbox 2388 431 2738 490">
    <p class='ocr_par' dir='ltr' id='par_1_20' title="bbox 2388 431 2738 490">
     <span class='ocr_line' id='line_1_20' title="bbox 2388 431 2738 490; baseline 0 0"><span class='ocrx_word' id='word_1_129' title='bbox 2388 434 2539 490; x_wconf 76' lang='lat' dir='ltr'><strong>CAP.</strong></span> <span class='ocrx_word' id='word_1_130' title='bbox 2576 431 2738 490; x_wconf 80' lang='lat' dir='ltr'><strong>XXV.</strong></span> 
     </span>
    </p>
   </div>
   <div class='ocr_carea' id='block_1_21' title="bbox 2047 523 3079 596">
    <p class='ocr_par' dir='ltr' id='par_1_21' title="bbox 2047 523 3079 596">
     <span class='ocr_line' id='line_1_21' title="bbox 2047 523 3079 596; baseline 0 -16"><span class='ocrx_word' id='word_1_131' title='bbox 2047 525 2288 592; x_wconf 76' lang='lat' dir='ltr'><strong>Qualiter</strong></span> <span class='ocrx_word' id='word_1_132' title='bbox 2313 528 2412 580; x_wconf 78' lang='lat' dir='ltr'><strong>sibi</strong></span> <span class='ocrx_word' id='word_1_133' title='bbox 2445 528 2545 596; x_wconf 77' lang='lat' dir='ltr'><strong>ipsi</strong></span> <span class='ocrx_word' id='word_1_134' title='bbox 2575 526 2839 580; x_wconf 81' lang='lat' dir='ltr'><strong>contraria</strong></span> <span class='ocrx_word' id='word_1_135' title='bbox 2866 523 3079 580; x_wconf 80' lang='lat' dir='ltr'><strong>scribat.</strong></span> 
     </span>
    </p>
   </div>
   <div class='ocr_carea' id='block_1_22' title="bbox 1846 615 3350 688">
    <p class='ocr_par' dir='ltr' id='par_1_22' title="bbox 1846 615 3350 688">
     <span class='ocr_line' id='line_1_22' title="bbox 1846 615 3350 688; baseline -0.001 -18"><span class='ocrx_word' id='word_1_136' title='bbox 1846 615 1961 670; x_wconf 84' lang='lat' dir='ltr'><strong>Non</strong></span> <span class='ocrx_word' id='word_1_137' title='bbox 2013 617 2260 688; x_wconf 84' lang='lat' dir='ltr'><strong>intelligit</strong></span> <span class='ocrx_word' id='word_1_138' title='bbox 2292 633 2454 688; x_wconf 91' lang='lat' dir='ltr'><strong>porro</strong></span> <span class='ocrx_word' id='word_1_139' title='bbox 2485 619 2629 688; x_wconf 91' lang='lat' dir='ltr'><strong>quod</strong></span> <span class='ocrx_word' id='word_1_140' title='bbox 2673 615 2773 670; x_wconf 87' lang='lat' dir='ltr'><strong>sibi</strong></span> <span class='ocrx_word' id='word_1_141' title='bbox 2805 615 2904 684; x_wconf 87' lang='lat' dir='ltr'><strong>ipsi</strong></span> <span class='ocrx_word' id='word_1_142' title='bbox 2933 615 3350 671; x_wconf 87' lang='lat' dir='ltr'><strong>contradictoria</strong></span> 
     </span>
    </p>
   </div>
   <div class='ocr_carea' id='block_1_23' title="bbox 1777 703 3352 776">
    <p class='ocr_par' dir='ltr' id='par_1_23' title="bbox 1777 703 3352 776">
     <span class='ocr_line' id='line_1_23' title="bbox 1777 703 3352 776; baseline -0.004 -13"><span class='ocrx_word' id='word_1_143' title='bbox 1777 709 1987 764; x_wconf 87' lang='lat' dir='ltr'><strong>scribit.</strong></span> <span class='ocrx_word' id='word_1_144' title='bbox 2025 706 2236 762; x_wconf 81' lang='lat' dir='ltr'><strong>Alicubi</strong></span> <span class='ocrx_word' id='word_1_145' title='bbox 2277 708 2544 776; x_wconf 85' lang='lat' dir='ltr'><strong>siquidem</strong></span> <span class='ocrx_word' id='word_1_146' title='bbox 2571 715 2955 762; x_wconf 83' lang='lat' dir='ltr'><strong>asseveranter</strong></span> <span class='ocrx_word' id='word_1_147' title='bbox 2989 703 3198 770; x_wconf 87' lang='lat' dir='ltr'><strong>statuit,</strong></span> <span class='ocrx_word' id='word_1_148' title='bbox 3229 703 3352 758; x_wconf 91' lang='lat' dir='ltr'><strong>nul-</strong></span> 
     </span>
    </p>
   </div>
   <div class='ocr_carea' id='block_1_24' title="bbox 1777 794 3351 868">
    <p class='ocr_par' dir='ltr' id='par_1_24' title="bbox 1777 794 3351 868">
     <span class='ocr_line' id='line_1_24' title="bbox 1777 794 3351 868; baseline -0.003 -16"><span class='ocrx_word' id='word_1_149' title='bbox 1777 799 1884 852; x_wconf 91' lang='lat' dir='ltr'><strong>lum</strong></span> <span class='ocrx_word' id='word_1_150' title='bbox 1926 800 2146 868; x_wconf 75' lang='lat' dir='ltr'><strong>penitus</strong></span> <span class='ocrx_word' id='word_1_151' title='bbox 2187 799 2252 854; x_wconf 88' lang='lat' dir='ltr'><strong>de</strong></span> <span class='ocrx_word' id='word_1_152' title='bbox 2294 798 2515 868; x_wconf 89' lang='lat' dir='ltr'><strong>antiquo</strong></span> <span class='ocrx_word' id='word_1_153' title='bbox 2568 797 2660 852; x_wconf 90' lang='lat' dir='ltr'><strong>illo</strong></span> <span class='ocrx_word' id='word_1_154' title='bbox 2711 795 2906 866; x_wconf 91' lang='lat' dir='ltr'><strong>populo</strong></span> <span class='ocrx_word' id='word_1_155' title='bbox 2955 794 3244 864; x_wconf 89' lang='lat' dir='ltr'><strong>quidquam</strong></span> <span class='ocrx_word' id='word_1_156' title='bbox 3282 795 3351 848; x_wconf 86' lang='lat' dir='ltr'><strong>dc</strong></span> 
     </span>
    </p>
   </div>
   <div class='ocr_carea' id='block_1_25' title="bbox 1778 885 3351 959">
    <p class='ocr_par' dir='ltr' id='par_1_25' title="bbox 1778 885 3351 959">
     <span class='ocr_line' id='line_1_25' title="bbox 1778 885 3351 959; baseline -0.003 -16"><span class='ocrx_word' id='word_1_157' title='bbox 1778 889 1954 946; x_wconf 88' lang='lat' dir='ltr'><strong>Verbo</strong></span> <span class='ocrx_word' id='word_1_158' title='bbox 1985 891 2319 959; x_wconf 79' lang='lat' dir='ltr'><strong>cognovisse.</strong></span> <span class='ocrx_word' id='word_1_159' title='bbox 2369 889 2505 944; x_wconf 87' lang='lat' dir='ltr'><strong>Nam</strong></span> <span class='ocrx_word' id='word_1_160' title='bbox 2535 897 2652 943; x_wconf 88' lang='lat' dir='ltr'><strong>erat</strong></span> <span class='ocrx_word' id='word_1_161' title='bbox 2674 887 2992 958; x_wconf 82' lang='lat' dir='ltr'><strong>mysterium</strong></span> <span class='ocrx_word' id='word_1_162' title='bbox 3031 892 3091 949; x_wconf 51' lang='grc' dir='ltr'><strong>ᾗ</strong></span> <span class='ocrx_word' id='word_1_163' title='bbox 3117 885 3351 940; x_wconf 88' lang='lat' dir='ltr'><strong>abscon-</strong></span> 
     </span>
    </p>
   </div>
   <div class='ocr_carea' id='block_1_26' title="bbox 1777 975 3349 1052">
    <p class='ocr_par' dir='ltr' id='par_1_26' title="bbox 1777 975 3349 1052">
     <span class='ocr_line' id='line_1_26' title="bbox 1777 975 3349 1052; baseline -0.004 -18"><span class='ocrx_word' id='word_1_164' title='bbox 1777 983 1966 1048; x_wconf 87' lang='lat' dir='ltr'><strong>ditum,</strong></span> <span class='ocrx_word' id='word_1_165' title='bbox 1995 983 2188 1052; x_wconf 82' lang='lat' dir='ltr'><strong>inquit.</strong></span> <span class='ocrx_word' id='word_1_166' title='bbox 2223 975 2398 1035; x_wconf 86' lang='lat' dir='ltr'><strong>Verba</strong></span> <span class='ocrx_word' id='word_1_167' title='bbox 2430 977 2544 1050; x_wconf 83' lang='lat' dir='ltr'><strong>ejus</strong></span> <span class='ocrx_word' id='word_1_168' title='bbox 2568 989 2696 1034; x_wconf 84' lang='lat' dir='ltr'><strong>sunt</strong></span> <span class='ocrx_word' id='word_1_169' title='bbox 2717 977 2818 1050; x_wconf 60' lang='lat' dir='ltr'><strong>TR.</strong></span> <span class='ocrx_word' id='word_1_170' title='bbox 2844 978 3005 1044; x_wconf 84' lang='lat' dir='ltr'><strong>XLV,</strong></span> <span class='ocrx_word' id='word_1_171' title='bbox 3042 977 3165 1032; x_wconf 89' lang='lat' dir='ltr'><strong>coll.</strong></span> <span class='ocrx_word' id='word_1_172' title='bbox 3196 993 3249 1040; x_wconf 87' lang='lat' dir='ltr'><strong>p.</strong></span> <span class='ocrx_word' id='word_1_173' title='bbox 3277 976 3349 1029; x_wconf 77' lang='grc'><strong>40</strong></span> 
     </span>
    </p>
   </div>
   <div class='ocr_carea' id='block_1_27' title="bbox 1778 1065 3345 1144">
    <p class='ocr_par' dir='ltr' id='par_1_27' title="bbox 1778 1065 3345 1144">
     <span class='ocr_line' id='line_1_27' title="bbox 1778 1065 3345 1144; baseline -0.004 -18"><span class='ocrx_word' id='word_1_174' title='bbox 1778 1065 1842 1144; x_wconf 87' lang='lat' dir='ltr'><strong>D]</strong></span> <span class='ocrx_word' id='word_1_175' title='bbox 1876 1090 1890 1127; x_wconf 91' lang='lat'><strong>:</strong></span> <span class='ocrx_word' id='word_1_176' title='bbox 1933 1092 1950 1124; x_wconf 82' lang='grc' dir='ltr'><strong>ι</strong></span> <span class='ocrx_word' id='word_1_177' title='bbox 1969 1067 2112 1138; x_wconf 79' lang='lat' dir='ltr'><strong>Quid</strong></span> <span class='ocrx_word' id='word_1_178' title='bbox 2141 1072 2284 1127; x_wconf 86' lang='lat' dir='ltr'><strong>aliud</strong></span> <span class='ocrx_word' id='word_1_179' title='bbox 2311 1081 2426 1125; x_wconf 76' lang='lat' dir='ltr'><strong>erat</strong></span> <span class='ocrx_word' id='word_1_180' title='bbox 2457 1075 2769 1142; x_wconf 83' lang='lat' dir='ltr'><strong>mysterium</strong></span> <span class='ocrx_word' id='word_1_181' title='bbox 2795 1071 2922 1124; x_wconf 85' lang='lat' dir='ltr'><strong>illud</strong></span> <span class='ocrx_word' id='word_1_182' title='bbox 2946 1071 3345 1128; x_wconf 86' lang='lat' dir='ltr'><strong>absconditum,</strong></span> 
     </span>
    </p>
   </div>
   <div class='ocr_carea' id='block_1_28' title="bbox 1781 1157 3344 1233">
    <p class='ocr_par' dir='ltr' id='par_1_28' title="bbox 1781 1157 3344 1233">
     <span class='ocr_line' id='line_1_28' title="bbox 1781 1157 3344 1233; baseline -0.003 -17"><span class='ocrx_word' id='word_1_183' title='bbox 1781 1183 1800 1215; x_wconf 79' lang='grc' dir='ltr'><strong>ι</strong></span> <span class='ocrx_word' id='word_1_184' title='bbox 1825 1179 1982 1233; x_wconf 87' lang='lat' dir='ltr'><strong>quam</strong></span> <span class='ocrx_word' id='word_1_185' title='bbox 2013 1161 2138 1218; x_wconf 90' lang='lat' dir='ltr'><strong>illud</strong></span> <span class='ocrx_word' id='word_1_186' title='bbox 2175 1163 2237 1218; x_wconf 91' lang='lat' dir='ltr'><strong>de</strong></span> <span class='ocrx_word' id='word_1_187' title='bbox 2258 1157 2479 1217; x_wconf 81' lang='lat' dir='ltr'><strong>Verbo?</strong></span> <span class='ocrx_word' id='word_1_188' title='bbox 2533 1163 2663 1216; x_wconf 85' lang='lat' dir='ltr'><strong>Nam</strong></span> <span class='ocrx_word' id='word_1_189' title='bbox 2697 1171 2815 1217; x_wconf 88' lang='lat' dir='ltr'><strong>erat</strong></span> <span class='ocrx_word' id='word_1_190' title='bbox 2877 1163 2978 1216; x_wconf 84' lang='lat' dir='ltr'><strong>hoc</strong></span> <span class='ocrx_word' id='word_1_191' title='bbox 3026 1161 3344 1231; x_wconf 77' lang='lat' dir='ltr'><strong>mysterium</strong></span> 
     </span>
    </p>
   </div>
   <div class='ocr_carea' id='block_1_29' title="bbox 1780 1253 3348 1324">
    <p class='ocr_par' dir='ltr' id='par_1_29' title="bbox 1780 1253 3348 1324">
     <span class='ocr_line' id='line_1_29' title="bbox 1780 1253 3348 1324; baseline 0 -18"><span class='ocrx_word' id='word_1_192' title='bbox 1780 1276 1798 1306; x_wconf 75' lang='grc' dir='ltr'><strong>ι</strong></span> <span class='ocrx_word' id='word_1_193' title='bbox 1823 1256 1957 1311; x_wconf 87' lang='lat' dir='ltr'><strong>adeo</strong></span> <span class='ocrx_word' id='word_1_194' title='bbox 1982 1255 2106 1308; x_wconf 90' lang='lat' dir='ltr'><strong>olim</strong></span> <span class='ocrx_word' id='word_1_195' title='bbox 2140 1256 2192 1310; x_wconf 93' lang='lat' dir='ltr'><strong>in</strong></span> <span class='ocrx_word' id='word_1_196' title='bbox 2222 1253 2341 1309; x_wconf 86' lang='lat' dir='ltr'><strong>Deo</strong></span> <span class='ocrx_word' id='word_1_197' title='bbox 2366 1255 2761 1320; x_wconf 89' lang='lat' dir='ltr'><strong>absconditum,</strong></span> <span class='ocrx_word' id='word_1_198' title='bbox 2796 1263 2856 1308; x_wconf 90' lang='lat' dir='ltr'><strong>ut</strong></span> <span class='ocrx_word' id='word_1_199' title='bbox 2887 1267 2918 1308; x_wconf 88' lang='lat' dir='ltr'><strong>e</strong></span> <span class='ocrx_word' id='word_1_200' title='bbox 2940 1254 3104 1324; x_wconf 83' lang='lat' dir='ltr'><strong>priori</strong></span> <span class='ocrx_word' id='word_1_201' title='bbox 3135 1253 3224 1307; x_wconf 86' lang='lat' dir='ltr'><strong>illo</strong></span> <span class='ocrx_word' id='word_1_202' title='bbox 3251 1267 3348 1322; x_wconf 91' lang='lat' dir='ltr'><strong>po-</strong></span> 
     </span>
    </p>
   </div>
   <div class='ocr_carea' id='block_1_30' title="bbox 1780 1344 3348 1416">
    <p class='ocr_par' dir='ltr' id='par_1_30' title="bbox 1780 1344 3348 1416">
     <span class='ocr_line' id='line_1_30' title="bbox 1780 1344 3348 1416; baseline 0.002 -20"><span class='ocrx_word' id='word_1_203' title='bbox 1780 1365 1799 1396; x_wconf 87' lang='grc'><strong><em>‹</em></strong></span> <span class='ocrx_word' id='word_1_204' title='bbox 1822 1347 1966 1416; x_wconf 82' lang='lat' dir='ltr'><strong>pulo,</strong></span> <span class='ocrx_word' id='word_1_205' title='bbox 1995 1347 2169 1402; x_wconf 90' lang='lat' dir='ltr'><strong>nullus</strong></span> <span class='ocrx_word' id='word_1_206' title='bbox 2195 1347 2352 1416; x_wconf 84' lang='lat' dir='ltr'><strong>plane</strong></span> <span class='ocrx_word' id='word_1_207' title='bbox 2382 1347 2484 1402; x_wconf 89' lang='lat' dir='ltr'><strong>hoc</strong></span> <span class='ocrx_word' id='word_1_208' title='bbox 2518 1349 2691 1416; x_wconf 92' lang='lat' dir='ltr'><strong>ipsum</strong></span> <span class='ocrx_word' id='word_1_209' title='bbox 2733 1345 3071 1416; x_wconf 69' lang='lat' dir='ltr'><strong>intelligeret.</strong></span> <span class='ocrx_word' id='word_1_210' title='bbox 3105 1344 3209 1400; x_wconf 85' lang='lat' dir='ltr'><strong>Sed</strong></span> <span class='ocrx_word' id='word_1_211' title='bbox 3248 1359 3348 1399; x_wconf 85' lang='lat' dir='ltr'><strong>no-</strong></span> 
     </span>
    </p>
   </div>
   <div class='ocr_carea' id='block_1_31' title="bbox 1781 1437 3347 1506">
    <p class='ocr_par' dir='ltr' id='par_1_31' title="bbox 1781 1437 3347 1506">
     <span class='ocr_line' id='line_1_31' title="bbox 1781 1437 3347 1506; baseline 0.001 -17"><span class='ocrx_word' id='word_1_212' title='bbox 1781 1437 1905 1491; x_wconf 70' lang='lat' dir='ltr'><strong>cbis</strong></span> <span class='ocrx_word' id='word_1_213' title='bbox 1945 1437 2056 1506; x_wconf 87' lang='lat' dir='ltr'><strong>jam</strong></span> <span class='ocrx_word' id='word_1_214' title='bbox 2103 1452 2354 1492; x_wconf 89' lang='lat' dir='ltr'><strong>concessa</strong></span> <span class='ocrx_word' id='word_1_215' title='bbox 2411 1447 2494 1492; x_wconf 91' lang='lat' dir='ltr'><strong>est</strong></span> <span class='ocrx_word' id='word_1_216' title='bbox 2554 1437 2740 1493; x_wconf 85' lang='lat' dir='ltr'><strong>fruitio</strong></span> <span class='ocrx_word' id='word_1_217' title='bbox 2793 1437 3103 1492; x_wconf 81' lang='lat' dir='ltr'><strong>divitiarum</strong></span> <span class='ocrx_word' id='word_1_218' title='bbox 3163 1437 3347 1504; x_wconf 72' lang='lat' dir='ltr'><strong>gloriae</strong></span> 
     </span>
    </p>
   </div>
   <div class='ocr_carea' id='block_1_32' title="bbox 1780 1514 3346 1602">
    <p class='ocr_par' dir='ltr' id='par_1_32' title="bbox 1780 1514 3346 1602">
     <span class='ocr_line' id='line_1_32' title="bbox 1780 1514 3346 1602; baseline 0.001 -22"><span class='ocrx_word' id='word_1_219' title='bbox 1780 1549 1798 1580; x_wconf 77' lang='grc' dir='ltr'><strong>ι</strong></span> <span class='ocrx_word' id='word_1_220' title='bbox 1827 1529 2012 1599; x_wconf 89' lang='lat' dir='ltr'><strong>ipsius,</strong></span> <span class='ocrx_word' id='word_1_221' title='bbox 2050 1538 2104 1584; x_wconf 90' lang='lat' dir='ltr'><strong>ct</strong></span> <span class='ocrx_word' id='word_1_222' title='bbox 2144 1529 2395 1602; x_wconf 85' lang='lat' dir='ltr'><strong>mysterii</strong></span> <span class='ocrx_word' id='word_1_223' title='bbox 2430 1529 2572 1584; x_wconf 83' lang='lat' dir='ltr'><strong>illius</strong></span> <span class='ocrx_word' id='word_1_224' title='bbox 2617 1514 3107 1585; x_wconf 50' lang='lat' dir='ltr'><strong>reconditissimid</strong></span> <span class='ocrx_word' id='word_1_225' title='bbox 3149 1529 3346 1581; x_wconf 81' lang='lat' dir='ltr'><strong>Statim</strong></span> 
     </span>
    </p>
   </div>
   <div class='ocr_carea' id='block_1_33' title="bbox 1775 1617 3344 1692">
    <p class='ocr_par' dir='ltr' id='par_1_33' title="bbox 1775 1617 3344 1692">
     <span class='ocr_line' id='line_1_33' title="bbox 1775 1617 3344 1692; baseline -0.001 -19"><span class='ocrx_word' id='word_1_226' title='bbox 1775 1637 1905 1676; x_wconf 85' lang='lat' dir='ltr'><strong>vero</strong></span> <span class='ocrx_word' id='word_1_227' title='bbox 1967 1620 2232 1675; x_wconf 85' lang='lat' dir='ltr'><strong>subinfert</strong></span> <span class='ocrx_word' id='word_1_228' title='bbox 2267 1619 2359 1692; x_wconf 71' lang='grc' dir='ltr'><strong>[Β.</strong></span> <span class='ocrx_word' id='word_1_229' title='bbox 2392 1618 2556 1674; x_wconf 78' lang='lat' dir='ltr'><strong>XLVI</strong></span> <span class='ocrx_word' id='word_1_230' title='bbox 2602 1620 2726 1676; x_wconf 91' lang='lat' dir='ltr'><strong>coll.</strong></span> <span class='ocrx_word' id='word_1_231' title='bbox 2779 1634 2836 1689; x_wconf 87' lang='lat' dir='ltr'><strong>p.</strong></span> <span class='ocrx_word' id='word_1_232' title='bbox 2883 1619 2954 1675; x_wconf 78' lang='lat'><strong>&#39;56</strong></span> <span class='ocrx_word' id='word_1_233' title='bbox 2998 1620 3041 1674; x_wconf 93' lang='lat' dir='ltr'><strong>D</strong></span> <span class='ocrx_word' id='word_1_234' title='bbox 3091 1619 3192 1674; x_wconf 84' lang='lat' dir='ltr'><strong>H8</strong></span> <span class='ocrx_word' id='word_1_235' title='bbox 3219 1617 3282 1690; x_wconf 66' lang='lat' dir='ltr'><strong>Cl</strong></span> <span class='ocrx_word' id='word_1_236' title='bbox 3327 1635 3344 1672; x_wconf 85' lang='lat'><strong>:</strong></span> 
     </span>
    </p>
   </div>
   <div class='ocr_carea' id='block_1_34' title="bbox 1783 1710 3348 1782">
    <p class='ocr_par' dir='ltr' id='par_1_34' title="bbox 1783 1710 3348 1782">
     <span class='ocr_line' id='line_1_34' title="bbox 1783 1710 3348 1782; baseline -0.001 -17"><span class='ocrx_word' id='word_1_237' title='bbox 1783 1713 2211 1768; x_wconf 73' lang='lat' dir='ltr'><strong>cSanctissi-mus</strong></span> <span class='ocrx_word' id='word_1_238' title='bbox 2259 1727 2386 1767; x_wconf 84' lang='lat' dir='ltr'><strong>vero</strong></span> <span class='ocrx_word' id='word_1_239' title='bbox 2434 1712 2726 1782; x_wconf 79' lang='lat' dir='ltr'><strong>apostolus,</strong></span> <span class='ocrx_word' id='word_1_240' title='bbox 2775 1720 2830 1766; x_wconf 90' lang='lat' dir='ltr'><strong>et</strong></span> <span class='ocrx_word' id='word_1_241' title='bbox 2860 1710 3068 1764; x_wconf 91' lang='lat' dir='ltr'><strong>Domini</strong></span> <span class='ocrx_word' id='word_1_242' title='bbox 3111 1710 3348 1780; x_wconf 86' lang='lat' dir='ltr'><strong>discipu-</strong></span> 
     </span>
    </p>
   </div>
   <div class='ocr_carea' id='block_1_35' title="bbox 100 1783 1668 1875">
    <p class='ocr_par' dir='ltr' id='par_1_35' title="bbox 100 1791 1668 1875">
     <span class='ocr_line' id='line_1_35' title="bbox 100 1791 1668 1875; baseline 0.012 -33"><span class='ocrx_word' id='word_1_243' title='bbox 100 1810 118 1841; x_wconf 81' lang='grc' dir='ltr'><strong>ι</strong></span> <span class='ocrx_word' id='word_1_244' title='bbox 143 1791 219 1856; x_wconf 82' lang='grc' dir='ltr'>ὡς</span> <span class='ocrx_word' id='word_1_245' title='bbox 229 1793 420 1860; x_wconf 85' lang='grc' dir='ltr'>ἀγνοού</span> <span class='ocrx_word' id='word_1_246' title='bbox 430 1812 587 1865; x_wconf 87' lang='grc' dir='ltr'>μενον</span> <span class='ocrx_word' id='word_1_247' title='bbox 608 1797 665 1848; x_wconf 81' lang='grc' dir='ltr'><strong>ἐν</strong></span> <span class='ocrx_word' id='word_1_248' title='bbox 687 1798 991 1870; x_wconf 84' lang='grc' dir='ltr'>ἀνθρώποις</span> <span class='ocrx_word' id='word_1_249' title='bbox 1010 1803 1292 1875; x_wconf 88' lang='grc' dir='ltr'>πρότερον,</span> <span class='ocrx_word' id='word_1_250' title='bbox 1320 1806 1491 1873; x_wconf 86' lang='grc' dir='ltr'>Λόγον</span> <span class='ocrx_word' id='word_1_251' title='bbox 1508 1808 1668 1861; x_wconf 88' lang='grc' dir='ltr'>αὐτὸν</span> 
     </span>
    </p>
   </div>
   <div class='ocr_carea' id='block_1_36' title="bbox 1774 1783 3348 1875">
    <p class='ocr_par' dir='ltr' id='par_1_36' title="bbox 1779 1803 3348 1874">
     <span class='ocr_line' id='line_1_36' title="bbox 1779 1803 3348 1874; baseline 0.001 -18"><span class='ocrx_word' id='word_1_252' title='bbox 1779 1827 1794 1856; x_wconf 81' lang='grc' dir='ltr'><strong>ι</strong></span> <span class='ocrx_word' id='word_1_253' title='bbox 1822 1807 1900 1860; x_wconf 92' lang='lat' dir='ltr'><strong>Ins</strong></span> <span class='ocrx_word' id='word_1_254' title='bbox 1925 1805 2180 1870; x_wconf 77' lang='lat' dir='ltr'><strong>Joannes,</strong></span> <span class='ocrx_word' id='word_1_255' title='bbox 2216 1805 2450 1860; x_wconf 75' lang='lat' dir='ltr'><strong>exertim</strong></span> <span class='ocrx_word' id='word_1_256' title='bbox 2483 1810 2540 1858; x_wconf 85' lang='lat' dir='ltr'><strong>et</strong></span> <span class='ocrx_word' id='word_1_257' title='bbox 2580 1813 2767 1874; x_wconf 88' lang='lat' dir='ltr'><strong>aperte</strong></span> <span class='ocrx_word' id='word_1_258' title='bbox 2795 1803 2846 1857; x_wconf 91' lang='lat' dir='ltr'><strong>in</strong></span> <span class='ocrx_word' id='word_1_259' title='bbox 2879 1813 3072 1858; x_wconf 77' lang='lat' dir='ltr'><strong>exortu</strong></span> <span class='ocrx_word' id='word_1_260' title='bbox 3111 1803 3348 1870; x_wconf 82' lang='lat' dir='ltr'><strong>Evange-</strong></span> 
     </span>
    </p>
   </div>
   <div class='ocr_carea' id='block_1_37' title="bbox 100 1882 1670 1971">
    <p class='ocr_par' dir='ltr' id='par_1_37' title="bbox 100 1882 1670 1971">
     <span class='ocr_line' id='line_1_37' title="bbox 100 1882 1670 1971; baseline 0.014 -37"><span class='ocrx_word' id='word_1_261' title='bbox 100 1901 117 1933; x_wconf 85' lang='grc' dir='ltr'><strong>ι</strong></span> <span class='ocrx_word' id='word_1_262' title='bbox 145 1882 242 1936; x_wconf 85' lang='grc' dir='ltr'><strong>τοῦ</strong></span> <span class='ocrx_word' id='word_1_263' title='bbox 278 1887 712 1961; x_wconf 84' lang='grc' dir='ltr'>παντοκράτορος</span> <span class='ocrx_word' id='word_1_264' title='bbox 747 1890 1048 1962; x_wconf 84' lang='grc' dir='ltr'>ὀνομάζων,</span> <span class='ocrx_word' id='word_1_265' title='bbox 1082 1895 1250 1961; x_wconf 77' lang='grc' dir='ltr'>οὕτως</span> <span class='ocrx_word' id='word_1_266' title='bbox 1275 1897 1400 1970; x_wconf 74' lang='grc' dir='ltr'>ἔφη,</span> <span class='ocrx_word' id='word_1_267' title='bbox 1444 1901 1540 1953; x_wconf 76' lang='grc' dir='ltr'><strong>Ἐν</strong></span> <span class='ocrx_word' id='word_1_268' title='bbox 1574 1903 1670 1971; x_wconf 79' lang='grc' dir='ltr'><strong>ἀρ-</strong></span> 
     </span>
    </p>
   </div>
   <div class='ocr_carea' id='block_1_38' title="bbox 87 1973 1669 2064">
    <p class='ocr_par' dir='ltr' id='par_1_38' title="bbox 87 1973 1669 2064">
     <span class='ocr_line' id='line_1_38' title="bbox 87 1973 1669 2064; baseline 0.013 -37"><span class='ocrx_word' id='word_1_269' title='bbox 87 1994 119 2026; x_wconf 72' lang='grc'>’1</span> <span class='ocrx_word' id='word_1_270' title='bbox 144 1974 230 2046; x_wconf 75' lang='grc' dir='ltr'>κῇ</span> <span class='ocrx_word' id='word_1_271' title='bbox 252 1973 329 2048; x_wconf 77' lang='grc' dir='ltr'><strong>ἦν</strong></span> <span class='ocrx_word' id='word_1_272' title='bbox 355 1981 388 2031; x_wconf 88' lang='grc' dir='ltr'>ὁ</span> <span class='ocrx_word' id='word_1_273' title='bbox 416 1980 623 2049; x_wconf 78' lang='grc' dir='ltr'>Λόγος.</span> <span class='ocrx_word' id='word_1_274' title='bbox 654 2001 674 2033; x_wconf 75' lang='grc' dir='ltr'><strong>ι</strong></span> <span class='ocrx_word' id='word_1_275' title='bbox 720 1983 808 2036; x_wconf 90' lang='grc' dir='ltr'>Ἐν</span> <span class='ocrx_word' id='word_1_276' title='bbox 840 1984 1050 2050; x_wconf 86' lang='grc' dir='ltr'><strong>τούτοις</strong></span> <span class='ocrx_word' id='word_1_277' title='bbox 1075 1987 1173 2058; x_wconf 87' lang='grc' dir='ltr'><strong>μὲν</strong></span> <span class='ocrx_word' id='word_1_278' title='bbox 1203 1986 1296 2043; x_wconf 83' lang='grc' dir='ltr'><strong>οὖν</strong></span> <span class='ocrx_word' id='word_1_279' title='bbox 1321 1992 1669 2064; x_wconf 81' lang='grc' dir='ltr'>ἀποκεκρυμ-</span> 
     </span>
    </p>
   </div>
   <div class='ocr_carea' id='block_1_39' title="bbox 80 2068 1710 2152">
    <p class='ocr_par' dir='ltr' id='par_1_39' title="bbox 80 2068 1710 2152">
     <span class='ocr_line' id='line_1_39' title="bbox 80 2068 1710 2152; baseline 0.011 -31"><span class='ocrx_word' id='word_1_280' title='bbox 80 2068 258 2138; x_wconf 86' lang='grc' dir='ltr'>μένον</span> <span class='ocrx_word' id='word_1_281' title='bbox 283 2072 578 2143; x_wconf 87' lang='grc' dir='ltr'>μυστήριον</span> <span class='ocrx_word' id='word_1_282' title='bbox 623 2073 911 2146; x_wconf 80' lang='grc' dir='ltr'>διορίζεται</span> <span class='ocrx_word' id='word_1_283' title='bbox 941 2072 1078 2132; x_wconf 73' lang='grc' dir='ltr'>εἶναι</span> <span class='ocrx_word' id='word_1_284' title='bbox 1099 2079 1179 2142; x_wconf 90' lang='grc' dir='ltr'><strong>τὸ,</strong></span> <span class='ocrx_word' id='word_1_285' title='bbox 1215 2082 1344 2152; x_wconf 75' lang='grc' dir='ltr'>περὶ</span> <span class='ocrx_word' id='word_1_286' title='bbox 1369 2082 1467 2136; x_wconf 87' lang='grc' dir='ltr'><strong>τοῦ</strong></span> <span class='ocrx_word' id='word_1_287' title='bbox 1497 2085 1668 2152; x_wconf 62' lang='grc' dir='ltr'>Λόγον</span> <span class='ocrx_word' id='word_1_288' title='bbox 1705 2093 1710 2098; x_wconf 87' lang='grc'><strong><em>“</em></strong></span> 
     </span>
    </p>
   </div>
   <div class='ocr_carea' id='block_1_40' title="bbox 85 2161 1671 2246">
    <p class='ocr_par' dir='ltr' id='par_1_40' title="bbox 85 2161 1671 2246">
     <span class='ocr_line' id='line_1_40' title="bbox 85 2161 1671 2246; baseline 0.01 -35"><span class='ocrx_word' id='word_1_289' title='bbox 85 2161 240 2230; x_wconf 77' lang='grc' dir='ltr'>ἔχειν</span> <span class='ocrx_word' id='word_1_290' title='bbox 257 2161 346 2214; x_wconf 88' lang='grc' dir='ltr'><strong>τὸν</strong></span> <span class='ocrx_word' id='word_1_291' title='bbox 369 2161 519 2230; x_wconf 85' lang='grc' dir='ltr'>Θεὸν,</span> <span class='ocrx_word' id='word_1_292' title='bbox 553 2164 610 2218; x_wconf 81' lang='grc' dir='ltr'><strong>ἐν</strong></span> <span class='ocrx_word' id='word_1_293' title='bbox 642 2165 698 2218; x_wconf 86' lang='grc' dir='ltr'>δὲ</span> <span class='ocrx_word' id='word_1_294' title='bbox 725 2169 846 2230; x_wconf 88' lang='grc' dir='ltr'>ταῖς</span> <span class='ocrx_word' id='word_1_295' title='bbox 874 2163 1074 2240; x_wconf 82' lang='grc' dir='ltr'>ἀρτίως</span> <span class='ocrx_word' id='word_1_296' title='bbox 1099 2172 1518 2240; x_wconf 81' lang='grc' dir='ltr'>παρατεθείσαις</span> <span class='ocrx_word' id='word_1_297' title='bbox 1543 2193 1671 2246; x_wconf 87' lang='grc' dir='ltr'>προ-</span> 
     </span>
    </p>
   </div>
   <div class='ocr_carea' id='block_1_41' title="bbox 85 2256 1666 2335">
    <p class='ocr_par' dir='ltr' id='par_1_41' title="bbox 85 2256 1666 2335">
     <span class='ocr_line' id='line_1_41' title="bbox 85 2256 1666 2335; baseline 0.009 -31"><span class='ocrx_word' id='word_1_298' title='bbox 85 2256 353 2323; x_wconf 74' lang='grc' dir='ltr'>φητικαῖς</span> <span class='ocrx_word' id='word_1_299' title='bbox 379 2257 600 2323; x_wconf 82' lang='grc' dir='ltr'>φωναῖς,</span> <span class='ocrx_word' id='word_1_300' title='bbox 620 2257 798 2321; x_wconf 88' lang='grc' dir='ltr'>πάσας</span> <span class='ocrx_word' id='word_1_301' title='bbox 820 2258 916 2323; x_wconf 88' lang='grc' dir='ltr'>τὰς</span> <span class='ocrx_word' id='word_1_302' title='bbox 943 2259 1092 2324; x_wconf 86' lang='grc' dir='ltr'>θείας</span> <span class='ocrx_word' id='word_1_303' title='bbox 1115 2261 1666 2335; x_wconf 59' lang='grc' dir='ltr'>Γραφὰς,κηρύττειν,</span> 
     </span>
    </p>
   </div>
   <div class='ocr_carea' id='block_1_42' title="bbox 72 2346 1668 2427">
    <p class='ocr_par' dir='ltr' id='par_1_42' title="bbox 72 2346 1668 2427">
     <span class='ocr_line' id='line_1_42' title="bbox 72 2346 1668 2427; baseline 0.008 -28"><span class='ocrx_word' id='word_1_304' title='bbox 72 2346 163 2400; x_wconf 79' lang='grc' dir='ltr'>’τά</span> <span class='ocrx_word' id='word_1_305' title='bbox 198 2348 339 2418; x_wconf 74' lang='grc' dir='ltr'>’περὶ</span> <span class='ocrx_word' id='word_1_306' title='bbox 389 2348 552 2402; x_wconf 86' lang='grc' dir='ltr'>αὑτοῦ</span> <span class='ocrx_word' id='word_1_307' title='bbox 604 2350 902 2422; x_wconf 87' lang='grc' dir='ltr'>συνίστησι,</span> <span class='ocrx_word' id='word_1_308' title='bbox 943 2352 1038 2405; x_wconf 74' lang='grc' dir='ltr'>καὶ</span> <span class='ocrx_word' id='word_1_309' title='bbox 1089 2353 1307 2422; x_wconf 80' lang='grc' dir='ltr'>συνάγει</span> <span class='ocrx_word' id='word_1_310' title='bbox 1341 2357 1468 2427; x_wconf 79' lang='grc' dir='ltr'>περὶ</span> <span class='ocrx_word' id='word_1_311' title='bbox 1496 2357 1668 2425; x_wconf 86' lang='grc' dir='ltr'>Λόγου</span> 
     </span>
    </p>
   </div>
   <div class='ocr_carea' id='block_1_43' title="bbox 90 2434 1673 2516">
    <p class='ocr_par' dir='ltr' id='par_1_43' title="bbox 90 2434 1673 2516">
     <span class='ocr_line' id='line_1_43' title="bbox 90 2434 1673 2516; baseline 0.008 -29"><span class='ocrx_word' id='word_1_312' title='bbox 90 2434 253 2501; x_wconf 92' lang='grc' dir='ltr'>Θεοῦ,</span> <span class='ocrx_word' id='word_1_313' title='bbox 284 2436 540 2502; x_wconf 80' lang='grc' dir='ltr'>πλείστας</span> <span class='ocrx_word' id='word_1_314' title='bbox 560 2437 692 2501; x_wconf 82' lang='grc' dir='ltr'>ὅσας</span> <span class='ocrx_word' id='word_1_315' title='bbox 723 2441 1047 2514; x_wconf 87' lang='grc' dir='ltr'>μαρτυρίας.</span> <span class='ocrx_word' id='word_1_316' title='bbox 1073 2443 1185 2496; x_wconf 88' lang='grc' dir='ltr'>Οὐκ</span> <span class='ocrx_word' id='word_1_317' title='bbox 1213 2439 1320 2515; x_wconf 85' lang='grc' dir='ltr'>ἆρα</span> <span class='ocrx_word' id='word_1_318' title='bbox 1348 2440 1416 2516; x_wconf 85' lang='grc' dir='ltr'>ἦν</span> <span class='ocrx_word' id='word_1_319' title='bbox 1450 2446 1673 2514; x_wconf 85' lang='grc' dir='ltr'>ἀγνοού-</span> 
     </span>
    </p>
   </div>
   <div class='ocr_carea' id='block_1_44' title="bbox 70 2527 1669 2606">
    <p class='ocr_par' dir='ltr' id='par_1_44' title="bbox 70 2527 1669 2606">
     <span class='ocr_line' id='line_1_44' title="bbox 70 2527 1669 2606; baseline 0.005 -22"><span class='ocrx_word' id='word_1_320' title='bbox 70 2545 257 2598; x_wconf 83' lang='grc' dir='ltr'>-μενος</span> <span class='ocrx_word' id='word_1_321' title='bbox 283 2527 361 2599; x_wconf 82' lang='grc' dir='ltr'>τῷ</span> <span class='ocrx_word' id='word_1_322' title='bbox 392 2530 641 2602; x_wconf 85' lang='grc' dir='ltr'>προτέρῳ</span> <span class='ocrx_word' id='word_1_323' title='bbox 667 2531 798 2603; x_wconf 73' lang='grc' dir='ltr'>λαῷ*</span> <span class='ocrx_word' id='word_1_324' title='bbox 831 2533 1031 2598; x_wconf 90' lang='grc' dir='ltr'>πάντες</span> <span class='ocrx_word' id='word_1_325' title='bbox 1059 2535 1167 2606; x_wconf 85' lang='grc' dir='ltr'><strong>γὰρ</strong></span> <span class='ocrx_word' id='word_1_326' title='bbox 1195 2537 1371 2600; x_wconf 76' lang='grc' dir='ltr'>αὐτοὶ,</span> <span class='ocrx_word' id='word_1_327' title='bbox 1407 2539 1532 2602; x_wconf 82' lang='grc' dir='ltr'>τοὺς</span> <span class='ocrx_word' id='word_1_328' title='bbox 1559 2556 1669 2591; x_wconf 90' lang='grc' dir='ltr'>τοι-</span> 
     </span>
    </p>
   </div>
   <div class='ocr_carea' id='block_1_45' title="bbox 83 2618 1673 2701">
    <p class='ocr_par' dir='ltr' id='par_1_45' title="bbox 83 2618 1673 2701">
     <span class='ocr_line' id='line_1_45' title="bbox 83 2618 1673 2701; baseline 0.008 -30"><span class='ocrx_word' id='word_1_329' title='bbox 83 2618 281 2683; x_wconf 87' lang='grc' dir='ltr'>ούτους</span> <span class='ocrx_word' id='word_1_330' title='bbox 311 2620 502 2690; x_wconf 89' lang='grc' dir='ltr'>λόγους</span> <span class='ocrx_word' id='word_1_331' title='bbox 533 2622 728 2693; x_wconf 69' lang='grc' dir='ltr'>ᾔδεσαν</span> <span class='ocrx_word' id='word_1_332' title='bbox 765 2622 870 2676; x_wconf 86' lang='grc' dir='ltr'>ἀνὰ</span> <span class='ocrx_word' id='word_1_333' title='bbox 896 2624 1088 2696; x_wconf 86' lang='grc' dir='ltr'>στόμα,</span> <span class='ocrx_word' id='word_1_334' title='bbox 1124 2628 1218 2680; x_wconf 76' lang='grc' dir='ltr'>καὶ</span> <span class='ocrx_word' id='word_1_335' title='bbox 1242 2627 1330 2681; x_wconf 85' lang='grc' dir='ltr'>διὰ</span> <span class='ocrx_word' id='word_1_336' title='bbox 1363 2631 1581 2701; x_wconf 80' lang='grc' dir='ltr'>μνήμης</span> <span class='ocrx_word' id='word_1_337' title='bbox 1603 2630 1673 2684; x_wconf 80' lang='grc' dir='ltr'><strong>τά</strong></span> 
     </span>
    </p>
   </div>
   <div class='ocr_carea' id='block_1_46' title="bbox 86 2714 1670 2794">
    <p class='ocr_par' dir='ltr' id='par_1_46' title="bbox 86 2714 1670 2794">
     <span class='ocr_line' id='line_1_46' title="bbox 86 2714 1670 2794; baseline 0.009 -31"><span class='ocrx_word' id='word_1_338' title='bbox 86 2727 308 2783; x_wconf 81' lang='grc' dir='ltr'>προφητ</span> <span class='ocrx_word' id='word_1_339' title='bbox 317 2714 406 2766; x_wconf 87' lang='grc' dir='ltr'><strong>ικά</strong></span> <span class='ocrx_word' id='word_1_340' title='bbox 426 2714 580 2783; x_wconf 90' lang='grc' dir='ltr'>λόγια</span> <span class='ocrx_word' id='word_1_341' title='bbox 603 2715 879 2788; x_wconf 90' lang='grc' dir='ltr'>φέροντες.</span> <span class='ocrx_word' id='word_1_342' title='bbox 912 2717 1070 2772; x_wconf 86' lang='grc' dir='ltr'>Ἀλλά</span> <span class='ocrx_word' id='word_1_343' title='bbox 1090 2719 1180 2773; x_wconf 89' lang='grc' dir='ltr'><strong>τὸν</strong></span> <span class='ocrx_word' id='word_1_344' title='bbox 1205 2724 1534 2794; x_wconf 87' lang='grc' dir='ltr'>γραμματέα</span> <span class='ocrx_word' id='word_1_345' title='bbox 1562 2724 1670 2777; x_wconf 90' lang='grc' dir='ltr'><strong>τῶν</strong></span> 
     </span>
    </p>
   </div>
   <div class='ocr_carea' id='block_1_47' title="bbox 101 2804 1670 2883">
    <p class='ocr_par' dir='ltr' id='par_1_47' title="bbox 101 2804 1670 2883">
     <span class='ocr_line' id='line_1_47' title="bbox 101 2804 1670 2883; baseline 0.01 -28"><span class='ocrx_word' id='word_1_346' title='bbox 101 2804 370 2858; x_wconf 85' lang='grc' dir='ltr'>Ἰουδαίων</span> <span class='ocrx_word' id='word_1_347' title='bbox 395 2808 527 2877; x_wconf 82' lang='grc' dir='ltr'>ἡμῖν</span> <span class='ocrx_word' id='word_1_348' title='bbox 557 2809 586 2860; x_wconf 88' lang='grc' dir='ltr'><strong>ό</strong></span> <span class='ocrx_word' id='word_1_349' title='bbox 615 2809 934 2880; x_wconf 84' lang='grc' dir='ltr'>Χριστιανὸς</span> <span class='ocrx_word' id='word_1_350' title='bbox 965 2812 1308 2883; x_wconf 72' lang='grc' dir='ltr'>προΐοχεταιο</span> <span class='ocrx_word' id='word_1_351' title='bbox 1335 2815 1434 2868; x_wconf 83' lang='grc' dir='ltr'><strong>οὐκ</strong></span> <span class='ocrx_word' id='word_1_352' title='bbox 1459 2816 1670 2870; x_wconf 88' lang='grc' dir='ltr'>ἀκούων</span> 
     </span>
    </p>
   </div>
   <div class='ocr_carea' id='block_1_48' title="bbox 85 2893 1669 2974">
    <p class='ocr_par' dir='ltr' id='par_1_48' title="bbox 85 2893 1669 2974">
     <span class='ocr_line' id='line_1_48' title="bbox 85 2893 1669 2974; baseline 0.011 -30"><span class='ocrx_word' id='word_1_353' title='bbox 85 2893 185 2946; x_wconf 82' lang='grc' dir='ltr'><strong>τοῦ</strong></span> <span class='ocrx_word' id='word_1_354' title='bbox 207 2893 458 2966; x_wconf 76' lang='grc' dir='ltr'>Σωτῆρος</span> <span class='ocrx_word' id='word_1_355' title='bbox 485 2897 755 2966; x_wconf 86' lang='grc' dir='ltr'>λέγοντος,</span> <span class='ocrx_word' id='word_1_356' title='bbox 789 2900 934 2954; x_wconf 77' lang='grc' dir='ltr'><strong>Οὐαὶ</strong></span> <span class='ocrx_word' id='word_1_357' title='bbox 969 2899 1130 2971; x_wconf 75' lang='grc' dir='ltr'>ὑμῖν,</span> <span class='ocrx_word' id='word_1_358' title='bbox 1161 2905 1538 2974; x_wconf 77' lang='grc' dir='ltr'>γραμματεῖς,</span> <span class='ocrx_word' id='word_1_359' title='bbox 1570 2907 1669 2961; x_wconf 73' lang='grc' dir='ltr'>καὶ</span> 
     </span>
    </p>
   </div>
   <div class='ocr_carea' id='block_1_49' title="bbox 88 2986 1670 3071">
    <p class='ocr_par' dir='ltr' id='par_1_49' title="bbox 88 2986 1670 3071">
     <span class='ocr_line' id='line_1_49' title="bbox 88 2986 1670 3071; baseline 0.009 -33"><span class='ocrx_word' id='word_1_360' title='bbox 88 2986 399 3054; x_wconf 80' lang='grc' dir='ltr'>Φαρισαῖοι</span> <span class='ocrx_word' id='word_1_361' title='bbox 418 2990 752 3058; x_wconf 75' lang='grc' dir='ltr'>ὑποκριταὶ,</span> <span class='ocrx_word' id='word_1_362' title='bbox 792 2991 1060 3062; x_wconf 77' lang='grc' dir='ltr'>θαυμάζει</span> <span class='ocrx_word' id='word_1_363' title='bbox 1088 3012 1147 3047; x_wconf 89' lang='grc' dir='ltr'><strong>τε</strong></span> <span class='ocrx_word' id='word_1_364' title='bbox 1189 2995 1352 3050; x_wconf 87' lang='grc' dir='ltr'>αὑτὸν</span> <span class='ocrx_word' id='word_1_365' title='bbox 1384 2997 1490 3068; x_wconf 69' lang='grc'><strong>(49)</strong></span> <span class='ocrx_word' id='word_1_366' title='bbox 1523 2999 1670 3071; x_wconf 83' lang='grc' dir='ltr'>ὅρκῳ</span> 
     </span>
    </p>
   </div>
   <div class='ocr_carea' id='block_1_50' title="bbox 89 3079 1670 3152">
    <p class='ocr_par' dir='ltr' id='par_1_50' title="bbox 89 3079 1670 3152">
     <span class='ocr_line' id='line_1_50' title="bbox 89 3079 1670 3152; baseline 0.009 -21"><span class='ocrx_word' id='word_1_367' title='bbox 89 3079 451 3151; x_wconf 86' lang='grc' dir='ltr'>πιστούμενον</span> <span class='ocrx_word' id='word_1_368' title='bbox 501 3082 582 3134; x_wconf 88' lang='grc' dir='ltr'>ὃτι</span> <span class='ocrx_word' id='word_1_369' title='bbox 621 3081 726 3149; x_wconf 85' lang='grc' dir='ltr'><strong>Εἷς</strong></span> <span class='ocrx_word' id='word_1_370' title='bbox 763 3085 934 3139; x_wconf 81' lang='grc' dir='ltr'>ἐστιν</span> <span class='ocrx_word' id='word_1_371' title='bbox 972 3089 1005 3141; x_wconf 85' lang='grc' dir='ltr'><strong>ό</strong></span> <span class='ocrx_word' id='word_1_372' title='bbox 1051 3086 1215 3152; x_wconf 86' lang='grc' dir='ltr'>Θεὸς,</span> <span class='ocrx_word' id='word_1_373' title='bbox 1261 3089 1358 3142; x_wconf 77' lang='grc' dir='ltr'>καὶ</span> <span class='ocrx_word' id='word_1_374' title='bbox 1401 3092 1513 3144; x_wconf 86' lang='grc' dir='ltr'>οὐκ</span> <span class='ocrx_word' id='word_1_375' title='bbox 1538 3093 1670 3145; x_wconf 81' lang='grc' dir='ltr'>ἐστι</span> 
     </span>
    </p>
   </div>
   <div class='ocr_carea' id='block_1_51' title="bbox 88 3168 1670 3250">
    <p class='ocr_par' dir='ltr' id='par_1_51' title="bbox 88 3168 1670 3250">
     <span class='ocr_line' id='line_1_51' title="bbox 88 3168 1670 3250; baseline 0.007 -27"><span class='ocrx_word' id='word_1_376' title='bbox 88 3168 258 3236; x_wconf 78' lang='grc' dir='ltr'><strong>πλὴν</strong></span> <span class='ocrx_word' id='word_1_377' title='bbox 298 3171 505 3236; x_wconf 85' lang='grc' dir='ltr'>αὐτοῦ,</span> <span class='ocrx_word' id='word_1_378' title='bbox 540 3171 640 3225; x_wconf 84' lang='grc' dir='ltr'><strong>οὐκ</strong></span> <span class='ocrx_word' id='word_1_379' title='bbox 671 3172 848 3240; x_wconf 83' lang='grc' dir='ltr'>εἰδὼς,</span> <span class='ocrx_word' id='word_1_380' title='bbox 885 3175 966 3229; x_wconf 83' lang='grc' dir='ltr'>ὅτι</span> <span class='ocrx_word' id='word_1_381' title='bbox 998 3176 1094 3230; x_wconf 77' lang='grc' dir='ltr'><strong>καὶ</strong></span> <span class='ocrx_word' id='word_1_382' title='bbox 1135 3177 1205 3230; x_wconf 90' lang='grc' dir='ltr'><strong>τά</strong></span> <span class='ocrx_word' id='word_1_383' title='bbox 1249 3177 1534 3250; x_wconf 78' lang='grc' dir='ltr'>«δαιμόνια</span> <span class='ocrx_word' id='word_1_384' title='bbox 1581 3199 1670 3236; x_wconf 88' lang='grc' dir='ltr'>πι-</span> 
     </span>
    </p>
   </div>
   <div class='ocr_carea' id='block_1_52' title="bbox 92 3257 1669 3336">
    <p class='ocr_par' dir='ltr' id='par_1_52' title="bbox 92 3257 1669 3336">
     <span class='ocr_line' id='line_1_52' title="bbox 92 3257 1669 3336; baseline 0.008 -26"><span class='ocrx_word' id='word_1_385' title='bbox 92 3278 111 3310; x_wconf 81' lang='grc' dir='ltr'><strong>ι</strong></span> <span class='ocrx_word' id='word_1_386' title='bbox 136 3257 409 3324; x_wconf 86' lang='grc' dir='ltr'>στεύουσι,</span> <span class='ocrx_word' id='word_1_387' title='bbox 439 3261 532 3314; x_wconf 80' lang='grc' dir='ltr'><strong>καὶ</strong></span> <span class='ocrx_word' id='word_1_388' title='bbox 561 3262 859 3331; x_wconf 83' lang='grc' dir='ltr'>φρίττουσι.</span> <span class='ocrx_word' id='word_1_389' title='bbox 887 3282 908 3317; x_wconf 74' lang='grc' dir='ltr'><strong>ι</strong></span> <span class='ocrx_word' id='word_1_390' title='bbox 949 3264 1116 3336; x_wconf 89' lang='grc' dir='ltr'>Τήρει</span> <span class='ocrx_word' id='word_1_391' title='bbox 1150 3265 1206 3319; x_wconf 86' lang='grc' dir='ltr'>δὲ</span> <span class='ocrx_word' id='word_1_392' title='bbox 1225 3267 1372 3331; x_wconf 83' lang='grc' dir='ltr'>ὅπως</span> <span class='ocrx_word' id='word_1_393' title='bbox 1404 3268 1462 3335; x_wconf 78' lang='grc' dir='ltr'><strong>ἐξ</strong></span> <span class='ocrx_word' id='word_1_394' title='bbox 1489 3269 1669 3323; x_wconf 78' lang='grc' dir='ltr'>αὐτῶν</span> 
     </span>
    </p>
   </div>
   <div class='ocr_carea' id='block_1_53' title="bbox 86 3351 1664 3430">
    <p class='ocr_par' dir='ltr' id='par_1_53' title="bbox 86 3351 1664 3430">
     <span class='ocr_line' id='line_1_53' title="bbox 86 3351 1664 3430; baseline 0.008 -28"><span class='ocrx_word' id='word_1_395' title='bbox 86 3351 196 3406; x_wconf 88' lang='grc' dir='ltr'><strong>τῶν</strong></span> <span class='ocrx_word' id='word_1_396' title='bbox 220 3352 578 3424; x_wconf 81' lang='grc' dir='ltr'>προφητικῶν</span> <span class='ocrx_word' id='word_1_397' title='bbox 597 3353 848 3425; x_wconf 87' lang='grc' dir='ltr'>Γραφῶν,</span> <span class='ocrx_word' id='word_1_398' title='bbox 879 3355 946 3410; x_wconf 77' lang='grc' dir='ltr'>τὰ</span> <span class='ocrx_word' id='word_1_399' title='bbox 978 3358 1105 3430; x_wconf 72' lang='grc' dir='ltr'>περὶ</span> <span class='ocrx_word' id='word_1_400' title='bbox 1129 3357 1302 3426; x_wconf 87' lang='grc' dir='ltr'>Λόγου</span> <span class='ocrx_word' id='word_1_401' title='bbox 1324 3359 1544 3428; x_wconf 84' lang='grc' dir='ltr'>συνάγει</span> <span class='ocrx_word' id='word_1_402' title='bbox 1569 3360 1664 3415; x_wconf 77' lang='grc' dir='ltr'><strong>τοῦ</strong></span> 
     </span>
    </p>
   </div>
   <div class='ocr_carea' id='block_1_54' title="bbox 86 3443 1668 3516">
    <p class='ocr_par' dir='ltr' id='par_1_54' title="bbox 86 3443 1668 3516">
     <span class='ocr_line' id='line_1_54' title="bbox 86 3443 1668 3516; baseline 0.008 -22"><span class='ocrx_word' id='word_1_403' title='bbox 86 3443 197 3496; x_wconf 87' lang='grc' dir='ltr'><strong>τῶν</strong></span> <span class='ocrx_word' id='word_1_404' title='bbox 225 3445 514 3516; x_wconf 88' lang='grc' dir='ltr'>πρακτέων</span> <span class='ocrx_word' id='word_1_405' title='bbox 553 3446 960 3504; x_wconf 63' lang='grc' dir='ltr'>διδαπαλικοῦ·</span> <span class='ocrx_word' id='word_1_406' title='bbox 995 3451 1054 3504; x_wconf 89' lang='grc' dir='ltr'><strong>ὃν</strong></span> <span class='ocrx_word' id='word_1_407' title='bbox 1093 3452 1186 3507; x_wconf 81' lang='grc' dir='ltr'><strong>καὶ</strong></span> <span class='ocrx_word' id='word_1_408' title='bbox 1233 3453 1498 3507; x_wconf 89' lang='grc' dir='ltr'>Ἰουδαίων</span> <span class='ocrx_word' id='word_1_409' title='bbox 1541 3456 1668 3507; x_wconf 79' lang='grc' dir='ltr'><strong>παῖ-</strong></span> 
     </span>
    </p>
   </div>
   <div class='ocr_carea' id='block_1_55' title="bbox 85 3533 1669 3616">
    <p class='ocr_par' dir='ltr' id='par_1_55' title="bbox 85 3533 1669 3616">
     <span class='ocr_line' id='line_1_55' title="bbox 85 3533 1669 3616; baseline 0.008 -31"><span class='ocrx_word' id='word_1_410' title='bbox 85 3533 173 3597; x_wconf 89' lang='grc' dir='ltr'><strong>δες</strong></span> <span class='ocrx_word' id='word_1_411' title='bbox 201 3535 489 3608; x_wconf 80' lang='grc' dir='ltr'>γνωρίζειν</span> <span class='ocrx_word' id='word_1_412' title='bbox 513 3539 934 3610; x_wconf 82' lang='grc' dir='ltr'>ὁμολογήσουσιν</span> <span class='ocrx_word' id='word_1_413' title='bbox 963 3543 1096 3614; x_wconf 77' lang='grc'>(50),</span> <span class='ocrx_word' id='word_1_414' title='bbox 1124 3545 1218 3598; x_wconf 79' lang='grc' dir='ltr'><strong>ἅτε</strong></span> <span class='ocrx_word' id='word_1_415' title='bbox 1243 3545 1348 3616; x_wconf 87' lang='grc' dir='ltr'><strong>πρὸ</strong></span> <span class='ocrx_word' id='word_1_416' title='bbox 1376 3544 1535 3616; x_wconf 81' lang='grc' dir='ltr'>ἡμῶν</span> <span class='ocrx_word' id='word_1_417' title='bbox 1552 3544 1669 3598; x_wconf 83' lang='grc' dir='ltr'>τοῦ·</span> 
     </span>
    </p>
   </div>
   <div class='ocr_carea' id='block_1_56' title="bbox 85 3627 1667 3699">
    <p class='ocr_par' dir='ltr' id='par_1_56' title="bbox 85 3627 1667 3699">
     <span class='ocr_line' id='line_1_56' title="bbox 85 3627 1667 3699; baseline 0.009 -23"><span class='ocrx_word' id='word_1_418' title='bbox 85 3641 180 3677; x_wconf 88' lang='grc' dir='ltr'><strong>τον</strong></span> <span class='ocrx_word' id='word_1_419' title='bbox 232 3627 655 3699; x_wconf 81' lang='grc' dir='ltr'>παρειληφότες.</span> <span class='ocrx_word' id='word_1_420' title='bbox 717 3632 856 3685; x_wconf 84' lang='grc' dir='ltr'>Ἀλλ’</span> <span class='ocrx_word' id='word_1_421' title='bbox 889 3634 1010 3687; x_wconf 78' lang='grc' dir='ltr'>οὐδὲ</span> <span class='ocrx_word' id='word_1_422' title='bbox 1051 3635 1212 3699; x_wconf 81' lang='grc' dir='ltr'>αὐτὸς</span> <span class='ocrx_word' id='word_1_423' title='bbox 1254 3636 1538 3698; x_wconf 81' lang='grc' dir='ltr'>Σαϐέλλιος</span> <span class='ocrx_word' id='word_1_424' title='bbox 1577 3637 1667 3691; x_wconf 89' lang='grc' dir='ltr'><strong>τὸν</strong></span> 
     </span>
    </p>
   </div>
   <div class='ocr_carea' id='block_1_57' title="bbox 86 3717 1668 3793">
    <p class='ocr_par' dir='ltr' id='par_1_57' title="bbox 86 3717 1668 3793">
     <span class='ocr_line' id='line_1_57' title="bbox 86 3717 1668 3793; baseline 0.008 -25"><span class='ocrx_word' id='word_1_425' title='bbox 86 3717 331 3771; x_wconf 86' lang='grc' dir='ltr'>τοιοῦτον</span> <span class='ocrx_word' id='word_1_426' title='bbox 363 3721 545 3789; x_wconf 79' lang='grc' dir='ltr'>ἠγνόει</span> <span class='ocrx_word' id='word_1_427' title='bbox 566 3722 756 3792; x_wconf 89' lang='grc' dir='ltr'>Λόγον.</span> <span class='ocrx_word' id='word_1_428' title='bbox 793 3725 916 3788; x_wconf 90' lang='grc' dir='ltr'>Πῶς</span> <span class='ocrx_word' id='word_1_429' title='bbox 934 3721 1026 3779; x_wconf 81' lang='grc' dir='ltr'>οὖν</span> <span class='ocrx_word' id='word_1_430' title='bbox 1056 3727 1338 3793; x_wconf 85' lang='grc' dir='ltr'>Ἰουδαίους</span> <span class='ocrx_word' id='word_1_431' title='bbox 1367 3729 1457 3781; x_wconf 74' lang='grc' dir='ltr'><strong>καὶ</strong></span> <span class='ocrx_word' id='word_1_432' title='bbox 1479 3729 1668 3783; x_wconf 77' lang='grc' dir='ltr'>Σαϐέλ-</span> 
     </span>
    </p>
   </div>
   <div class='ocr_carea' id='block_1_58' title="bbox 85 3808 1668 3890">
    <p class='ocr_par' dir='ltr' id='par_1_58' title="bbox 85 3808 1668 3890">
     <span class='ocr_line' id='line_1_58' title="bbox 85 3808 1668 3890; baseline 0.009 -30"><span class='ocrx_word' id='word_1_433' title='bbox 85 3808 201 3861; x_wconf 89' lang='grc' dir='ltr'>λιον</span> <span class='ocrx_word' id='word_1_434' title='bbox 246 3809 484 3877; x_wconf 83' lang='grc' dir='ltr'>κόπτων,</span> <span class='ocrx_word' id='word_1_435' title='bbox 525 3813 598 3884; x_wconf 79' lang='grc' dir='ltr'>μὴ</span> <span class='ocrx_word' id='word_1_436' title='bbox 631 3815 924 3883; x_wconf 76' lang='grc' dir='ltr'>ἐγνωκέναι</span> <span class='ocrx_word' id='word_1_437' title='bbox 974 3817 1065 3870; x_wconf 88' lang='grc' dir='ltr'><strong>τὸν</strong></span> <span class='ocrx_word' id='word_1_438' title='bbox 1110 3818 1280 3887; x_wconf 90' lang='grc' dir='ltr'>Λόγον</span> <span class='ocrx_word' id='word_1_439' title='bbox 1338 3818 1462 3890; x_wconf 79' lang='grc' dir='ltr'>ἔφη,</span> <span class='ocrx_word' id='word_1_440' title='bbox 1496 3819 1560 3873; x_wconf 85' lang='grc' dir='ltr'>δι’</span> <span class='ocrx_word' id='word_1_441' title='bbox 1592 3814 1668 3873; x_wconf 85' lang='grc' dir='ltr'>ὦν</span> 
     </span>
    </p>
   </div>
   <div class='ocr_carea' id='block_1_59' title="bbox 89 3898 1665 3980">
    <p class='ocr_par' dir='ltr' id='par_1_59' title="bbox 89 3898 1665 3980">
     <span class='ocr_line' id='line_1_59' title="bbox 89 3898 1665 3980; baseline 0.008 -29"><span class='ocrx_word' id='word_1_442' title='bbox 89 3898 413 3971; x_wconf 84' lang='grc' dir='ltr'>παρεθέμην</span> <span class='ocrx_word' id='word_1_443' title='bbox 441 3901 604 3956; x_wconf 81' lang='grc' dir='ltr'>αὐτοῦ</span> <span class='ocrx_word' id='word_1_444' title='bbox 641 3905 868 3974; x_wconf 84' lang='grc' dir='ltr'>φωνῶν;</span> <span class='ocrx_word' id='word_1_445' title='bbox 916 3908 1025 3960; x_wconf 70' lang='grc' dir='ltr'><strong>Καὶ</strong></span> <span class='ocrx_word' id='word_1_446' title='bbox 1065 3909 1249 3980; x_wconf 79' lang='grc' dir='ltr'>ἐπειδὴ</span> <span class='ocrx_word' id='word_1_447' title='bbox 1286 3909 1665 3980; x_wconf 83' lang='grc' dir='ltr'>ἀποπέφανται</span> 
     </span>
    </p>
   </div>
   <div class='ocr_carea' id='block_1_60' title="bbox 85 3992 1667 4069">
    <p class='ocr_par' dir='ltr' id='par_1_60' title="bbox 85 3992 1667 4069">
     <span class='ocr_line' id='line_1_60' title="bbox 85 3992 1667 4069; baseline 0.008 -25"><span class='ocrx_word' id='word_1_448' title='bbox 85 3993 114 4044; x_wconf 86' lang='grc' dir='ltr'><strong>ό</strong></span> <span class='ocrx_word' id='word_1_449' title='bbox 139 3992 327 4056; x_wconf 78' lang='grc' dir='ltr'>αὐτὸς,</span> <span class='ocrx_word' id='word_1_450' title='bbox 367 3993 455 4048; x_wconf 76' lang='grc' dir='ltr'>διὰ</span> <span class='ocrx_word' id='word_1_451' title='bbox 493 3995 601 4050; x_wconf 89' lang='grc' dir='ltr'><strong>τῶν</strong></span> <span class='ocrx_word' id='word_1_452' title='bbox 627 3997 952 4069; x_wconf 74' lang='grc' dir='ltr'>ἔμπροσθεν,</span> <span class='ocrx_word' id='word_1_453' title='bbox 994 4000 1283 4065; x_wconf 74' lang='grc' dir='ltr'>ὡςιούδεὶς</span> <span class='ocrx_word' id='word_1_454' title='bbox 1314 4001 1534 4055; x_wconf 85' lang='grc' dir='ltr'>ἐδύνατο</span> <span class='ocrx_word' id='word_1_455' title='bbox 1575 4002 1667 4056; x_wconf 90' lang='grc' dir='ltr'><strong>τὸν</strong></span> 
     </span>
    </p>
   </div>
   <div class='ocr_carea' id='block_1_61' title="bbox 85 4083 1662 4166">
    <p class='ocr_par' dir='ltr' id='par_1_61' title="bbox 85 4083 1662 4166">
     <span class='ocr_line' id='line_1_61' title="bbox 85 4083 1662 4166; baseline 0.007 -30"><span class='ocrx_word' id='word_1_456' title='bbox 85 4083 223 4139; x_wconf 86' lang='grc' dir='ltr'>Θεὸν</span> <span class='ocrx_word' id='word_1_457' title='bbox 266 4086 484 4151; x_wconf 80' lang='grc' dir='ltr'>εἰδέναι,</span> <span class='ocrx_word' id='word_1_458' title='bbox 515 4088 634 4141; x_wconf 82' lang='grc' dir='ltr'>οὐδὲ</span> <span class='ocrx_word' id='word_1_459' title='bbox 661 4091 752 4144; x_wconf 90' lang='grc' dir='ltr'><strong>τὸν</strong></span> <span class='ocrx_word' id='word_1_460' title='bbox 782 4091 952 4160; x_wconf 90' lang='grc' dir='ltr'>Λόγον</span> <span class='ocrx_word' id='word_1_461' title='bbox 978 4090 1260 4165; x_wconf 78' lang='grc' dir='ltr'>γνωρίζειν</span> <span class='ocrx_word' id='word_1_462' title='bbox 1287 4093 1451 4148; x_wconf 83' lang='grc' dir='ltr'>αὐτοῦ</span> <span class='ocrx_word' id='word_1_463' title='bbox 1505 4095 1553 4147; x_wconf 86' lang='grc' dir='ltr'><strong>εί</strong></span> <span class='ocrx_word' id='word_1_464' title='bbox 1588 4095 1662 4166; x_wconf 80' lang='grc' dir='ltr'>μὴ</span> 
     </span>
    </p>
   </div>
   <div class='ocr_carea' id='block_1_62' title="bbox 84 4173 1666 4256">
    <p class='ocr_par' dir='ltr' id='par_1_62' title="bbox 84 4173 1666 4256">
     <span class='ocr_line' id='line_1_62' title="bbox 84 4173 1666 4256; baseline 0.008 -30"><span class='ocrx_word' id='word_1_465' title='bbox 84 4173 184 4247; x_wconf 80' lang='grc' dir='ltr'>τὴν</span> <span class='ocrx_word' id='word_1_466' title='bbox 224 4176 411 4230; x_wconf 81' lang='grc' dir='ltr'>εἰκόνα</span> <span class='ocrx_word' id='word_1_467' title='bbox 458 4179 667 4248; x_wconf 78' lang='grc' dir='ltr'>εἰλήφει</span> <span class='ocrx_word' id='word_1_468' title='bbox 694 4176 788 4233; x_wconf 81' lang='grc' dir='ltr'><strong>τοῦ</strong></span> <span class='ocrx_word' id='word_1_469' title='bbox 846 4182 1074 4254; x_wconf 87' lang='grc' dir='ltr'>ἀοράτου</span> <span class='ocrx_word' id='word_1_470' title='bbox 1113 4181 1271 4249; x_wconf 75' lang='grc' dir='ltr'>Θεοῦ,</span> <span class='ocrx_word' id='word_1_471' title='bbox 1328 4183 1526 4256; x_wconf 80' lang='grc' dir='ltr'>δηλαδὴ</span> <span class='ocrx_word' id='word_1_472' title='bbox 1567 4185 1666 4256; x_wconf 82' lang='grc' dir='ltr'><strong>τὴν</strong></span> 
     </span>
    </p>
   </div>
   <div class='ocr_carea' id='block_1_63' title="bbox 86 4266 1664 4346">
    <p class='ocr_par' dir='ltr' id='par_1_63' title="bbox 86 4266 1664 4346">
     <span class='ocr_line' id='line_1_63' title="bbox 86 4266 1664 4346; baseline 0.008 -28"><span class='ocrx_word' id='word_1_473' title='bbox 86 4266 289 4336; x_wconf 87' lang='grc' dir='ltr'>σάρκα,</span> <span class='ocrx_word' id='word_1_474' title='bbox 325 4267 400 4332; x_wconf 84' lang='grc' dir='ltr'>ὡς</span> <span class='ocrx_word' id='word_1_475' title='bbox 432 4269 591 4335; x_wconf 86' lang='grc' dir='ltr'>αὐτὸς</span> <span class='ocrx_word' id='word_1_476' title='bbox 619 4270 757 4342; x_wconf 77' lang='grc' dir='ltr'>ἔφη’</span> <span class='ocrx_word' id='word_1_477' title='bbox 811 4272 919 4343; x_wconf 86' lang='grc' dir='ltr'>(διὰ</span> <span class='ocrx_word' id='word_1_478' title='bbox 964 4273 1130 4344; x_wconf 86' lang='grc' dir='ltr'>μόνης</span> <span class='ocrx_word' id='word_1_479' title='bbox 1160 4274 1268 4346; x_wconf 85' lang='grc' dir='ltr'>γὰρ</span> <span class='ocrx_word' id='word_1_480' title='bbox 1319 4276 1417 4346; x_wconf 86' lang='grc' dir='ltr'>τῆς</span> <span class='ocrx_word' id='word_1_481' title='bbox 1458 4277 1664 4341; x_wconf 88' lang='grc' dir='ltr'>εἰκόνος</span> 
     </span>
    </p>
   </div>
   <div class='ocr_carea' id='block_1_64' title="bbox 81 4357 1666 4433">
    <p class='ocr_par' dir='ltr' id='par_1_64' title="bbox 81 4357 1666 4433">
     <span class='ocr_line' id='line_1_64' title="bbox 81 4357 1666 4433; baseline 0.007 -25"><span class='ocrx_word' id='word_1_482' title='bbox 81 4357 449 4429; x_wconf 80' lang='grc' dir='ltr'>γνωρίζεσθαι</span> <span class='ocrx_word' id='word_1_483' title='bbox 487 4359 580 4415; x_wconf 89' lang='grc' dir='ltr'><strong>τὸν</strong></span> <span class='ocrx_word' id='word_1_484' title='bbox 612 4361 742 4414; x_wconf 86' lang='grc' dir='ltr'>Θεὸν</span> <span class='ocrx_word' id='word_1_485' title='bbox 774 4362 867 4416; x_wconf 78' lang='grc' dir='ltr'><strong>καὶ</strong></span> <span class='ocrx_word' id='word_1_486' title='bbox 897 4363 988 4416; x_wconf 92' lang='grc' dir='ltr'><strong>τὸν</strong></span> <span class='ocrx_word' id='word_1_487' title='bbox 1034 4363 1219 4417; x_wconf 83' lang='grc' dir='ltr'>τούτου</span> <span class='ocrx_word' id='word_1_488' title='bbox 1263 4365 1434 4433; x_wconf 88' lang='grc' dir='ltr'>Λόγον</span> <span class='ocrx_word' id='word_1_489' title='bbox 1475 4366 1666 4420; x_wconf 90' lang='grc' dir='ltr'>διετεί-</span> 
     </span>
    </p>
   </div>
   <div class='ocr_carea' id='block_1_65' title="bbox 80 4450 1737 4536">
    <p class='ocr_par' dir='ltr' id='par_1_65' title="bbox 80 4450 1737 4536">
     <span class='ocr_line' id='line_1_65' title="bbox 80 4450 1737 4536; baseline 0.005 -34"><span class='ocrx_word' id='word_1_490' title='bbox 80 4467 237 4514; x_wconf 86' lang='grc' dir='ltr'>νατο,</span> <span class='ocrx_word' id='word_1_491' title='bbox 270 4450 370 4522; x_wconf 82' lang='grc' dir='ltr'><strong>τὴν</strong></span> <span class='ocrx_word' id='word_1_492' title='bbox 404 4451 580 4523; x_wconf 87' lang='grc' dir='ltr'>σάρκα</span> <span class='ocrx_word' id='word_1_493' title='bbox 615 4453 788 4522; x_wconf 89' lang='grc' dir='ltr'>λέγων</span> <span class='ocrx_word' id='word_1_494' title='bbox 842 4451 1098 4526; x_wconf 79' lang='grc' dir='ltr'>εἶναιτὴν</span> <span class='ocrx_word' id='word_1_495' title='bbox 1131 4456 1312 4509; x_wconf 79' lang='grc' dir='ltr'>εἰκόνα</span> <span class='ocrx_word' id='word_1_496' title='bbox 1416 4459 1660 4530; x_wconf 82' lang='grc' dir='ltr'>ὑπομνη-</span> <span class='ocrx_word' id='word_1_497' title='bbox 1694 4481 1737 4536; x_wconf 75' lang='lat' dir='ltr'><strong>D</strong></span> 
     </span>
    </p>
   </div>
   <div class='ocr_carea' id='block_1_66' title="bbox 79 4540 1661 4619">
    <p class='ocr_par' dir='ltr' id='par_1_66' title="bbox 79 4540 1661 4619">
     <span class='ocr_line' id='line_1_66' title="bbox 79 4540 1661 4619; baseline 0.005 -27"><span class='ocrx_word' id='word_1_498' title='bbox 79 4540 244 4592; x_wconf 83' lang='grc' dir='ltr'>στέον</span> <span class='ocrx_word' id='word_1_499' title='bbox 292 4540 379 4594; x_wconf 82' lang='grc' dir='ltr'>διὰ</span> <span class='ocrx_word' id='word_1_500' title='bbox 411 4542 518 4594; x_wconf 89' lang='grc' dir='ltr'><strong>τῶν</strong></span> <span class='ocrx_word' id='word_1_501' title='bbox 567 4543 941 4614; x_wconf 85' lang='grc' dir='ltr'>προκειμένων</span> <span class='ocrx_word' id='word_1_502' title='bbox 987 4545 1062 4608; x_wconf 85' lang='grc' dir='ltr'>ὼς</span> <span class='ocrx_word' id='word_1_503' title='bbox 1087 4545 1208 4616; x_wconf 88' lang='grc' dir='ltr'>δίχα</span> <span class='ocrx_word' id='word_1_504' title='bbox 1259 4546 1357 4616; x_wconf 82' lang='grc' dir='ltr'>τῆς</span> <span class='ocrx_word' id='word_1_505' title='bbox 1399 4547 1661 4619; x_wconf 82' lang='grc' dir='ltr'>ὲνσάρκου</span> 
     </span>
    </p>
   </div>
   <div class='ocr_carea' id='block_1_67' title="bbox 79 4631 1666 4703">
    <p class='ocr_par' dir='ltr' id='par_1_67' title="bbox 79 4631 1666 4703">
     <span class='ocr_line' id='line_1_67' title="bbox 79 4631 1666 4703; baseline 0.004 -20"><span class='ocrx_word' id='word_1_506' title='bbox 79 4631 389 4702; x_wconf 79' lang='grc' dir='ltr'>παρουσίας</span> <span class='ocrx_word' id='word_1_507' title='bbox 417 4632 653 4686; x_wconf 88' lang='grc' dir='ltr'>Ἰουδαῖοι</span> <span class='ocrx_word' id='word_1_508' title='bbox 702 4634 902 4698; x_wconf 85' lang='grc' dir='ltr'>πάντες</span> <span class='ocrx_word' id='word_1_509' title='bbox 946 4634 1036 4688; x_wconf 91' lang='grc' dir='ltr'><strong>τὸν</strong></span> <span class='ocrx_word' id='word_1_510' title='bbox 1059 4634 1212 4703; x_wconf 89' lang='grc' dir='ltr'>λόγον</span> <span class='ocrx_word' id='word_1_511' title='bbox 1255 4635 1348 4688; x_wconf 85' lang='grc' dir='ltr'><strong>τοῦ</strong></span> <span class='ocrx_word' id='word_1_512' title='bbox 1381 4635 1539 4700; x_wconf 85' lang='grc' dir='ltr'>Θεοῦ,</span> <span class='ocrx_word' id='word_1_513' title='bbox 1572 4637 1666 4690; x_wconf 76' lang='grc' dir='ltr'><strong>καὶ</strong></span> 
     </span>
    </p>
   </div>
   <div class='ocr_carea' id='block_1_68' title="bbox 72 4722 1664 4798">
    <p class='ocr_par' dir='ltr' id='par_1_68' title="bbox 72 4722 1664 4798">
     <span class='ocr_line' id='line_1_68' title="bbox 72 4722 1664 4798; baseline 0.004 -25"><span class='ocrx_word' id='word_1_514' title='bbox 72 4724 210 4785; x_wconf 80' lang='grc' dir='ltr'>τοὺς</span> <span class='ocrx_word' id='word_1_515' title='bbox 251 4722 443 4790; x_wconf 88' lang='grc' dir='ltr'>λόγους</span> <span class='ocrx_word' id='word_1_516' title='bbox 473 4723 597 4787; x_wconf 78' lang='grc' dir='ltr'>τοὺς</span> <span class='ocrx_word' id='word_1_517' title='bbox 634 4726 691 4777; x_wconf 84' lang='grc' dir='ltr'><strong>ὲν</strong></span> <span class='ocrx_word' id='word_1_518' title='bbox 715 4729 833 4788; x_wconf 85' lang='grc' dir='ltr'>ταῖς</span> <span class='ocrx_word' id='word_1_519' title='bbox 865 4729 1228 4798; x_wconf 86' lang='grc' dir='ltr'>προφητικαῖς</span> <span class='ocrx_word' id='word_1_520' title='bbox 1254 4730 1513 4798; x_wconf 86' lang='grc' dir='ltr'>γραφαῖς,</span> <span class='ocrx_word' id='word_1_521' title='bbox 1555 4728 1664 4780; x_wconf 89' lang='grc' dir='ltr'><strong>τῶν</strong></span> 
     </span>
    </p>
   </div>
   <div class='ocr_carea' id='block_1_69' title="bbox 75 4812 1666 4890">
    <p class='ocr_par' dir='ltr' id='par_1_69' title="bbox 75 4812 1666 4890">
     <span class='ocr_line' id='line_1_69' title="bbox 75 4812 1666 4890; baseline 0.006 -26"><span class='ocrx_word' id='word_1_522' title='bbox 75 4812 248 4866; x_wconf 76' lang='grc' dir='ltr'>ὁσίων</span> <span class='ocrx_word' id='word_1_523' title='bbox 290 4813 467 4886; x_wconf 76' lang='grc' dir='ltr'>ἔργων</span> <span class='ocrx_word' id='word_1_524' title='bbox 525 4817 1010 4888; x_wconf 79' lang='grc' dir='ltr'>παραγγελτικοὺς,</span> <span class='ocrx_word' id='word_1_525' title='bbox 1056 4819 1297 4890; x_wconf 81' lang='grc' dir='ltr'>ἀκριϐῶς</span> <span class='ocrx_word' id='word_1_526' title='bbox 1351 4819 1564 4890; x_wconf 77' lang='grc' dir='ltr'>ᾔδεσαν,</span> <span class='ocrx_word' id='word_1_527' title='bbox 1607 4821 1666 4884; x_wconf 78' lang='grc' dir='ltr'>ἐξ</span> 
     </span>
    </p>
   </div>
   <div class='ocr_carea' id='block_1_70' title="bbox 78 4903 1666 4980">
    <p class='ocr_par' dir='ltr' id='par_1_70' title="bbox 78 4903 1666 4980">
     <span class='ocr_line' id='line_1_70' title="bbox 78 4903 1666 4980; baseline 0.006 -25"><span class='ocrx_word' id='word_1_528' title='bbox 78 4903 314 4958; x_wconf 79' lang='grc' dir='ltr'>ἁπαλῶν</span> <span class='ocrx_word' id='word_1_529' title='bbox 365 4905 570 4977; x_wconf 84' lang='grc' dir='ltr'>ὀνύχων</span> <span class='ocrx_word' id='word_1_530' title='bbox 617 4908 838 4972; x_wconf 87' lang='grc' dir='ltr'>τούτους</span> <span class='ocrx_word' id='word_1_531' title='bbox 885 4909 1384 4980; x_wconf 74' lang='grc' dir='ltr'>καταμελετῶντεςο</span> <span class='ocrx_word' id='word_1_532' title='bbox 1432 4913 1527 4964; x_wconf 76' lang='grc' dir='ltr'><strong>καὶ</strong></span> <span class='ocrx_word' id='word_1_533' title='bbox 1575 4911 1666 4966; x_wconf 80' lang='grc' dir='ltr'><strong>τὸν</strong></span> 
     </span>
    </p>
   </div>
   <div class='ocr_carea' id='block_1_71' title="bbox 77 4995 1660 5073">
    <p class='ocr_par' dir='ltr' id='par_1_71' title="bbox 77 4995 1660 5073">
     <span class='ocr_line' id='line_1_71' title="bbox 77 4995 1660 5073; baseline 0.006 -28"><span class='ocrx_word' id='word_1_534' title='bbox 77 4995 220 5047; x_wconf 80' lang='grc' dir='ltr'>Θεὸν</span> <span class='ocrx_word' id='word_1_535' title='bbox 243 4995 557 5067; x_wconf 80' lang='grc' dir='ltr'>ὡμολόγουν</span> <span class='ocrx_word' id='word_1_536' title='bbox 579 4998 669 5054; x_wconf 89' lang='grc' dir='ltr'><strong>τὸν</strong></span> <span class='ocrx_word' id='word_1_537' title='bbox 693 5000 908 5055; x_wconf 73' lang='grc' dir='ltr'>πάντων</span> <span class='ocrx_word' id='word_1_538' title='bbox 939 5002 1165 5073; x_wconf 83' lang='grc' dir='ltr'>ποιητὴν</span> <span class='ocrx_word' id='word_1_539' title='bbox 1190 5002 1283 5056; x_wconf 78' lang='grc' dir='ltr'><strong>καὶ</strong></span> <span class='ocrx_word' id='word_1_540' title='bbox 1303 5001 1626 5073; x_wconf 87' lang='grc' dir='ltr'>δημιουργόν</span> <span class='ocrx_word' id='word_1_541' title='bbox 1647 5020 1660 5033; x_wconf 91' lang='grc'><strong>·</strong></span> 
     </span>
    </p>
   </div>
   <div class='ocr_carea' id='block_1_72' title="bbox 77 5084 1670 5164">
    <p class='ocr_par' dir='ltr' id='par_1_72' title="bbox 77 5084 1670 5164">
     <span class='ocr_line' id='line_1_72' title="bbox 77 5084 1670 5164; baseline 0.004 -25"><span class='ocrx_word' id='word_1_542' title='bbox 77 5087 278 5160; x_wconf 80' lang='grc' dir='ltr'>ὥσπερ</span> <span class='ocrx_word' id='word_1_543' title='bbox 311 5084 405 5144; x_wconf 83' lang='grc' dir='ltr'><strong>οῦν</strong></span> <span class='ocrx_word' id='word_1_544' title='bbox 445 5092 539 5144; x_wconf 77' lang='grc' dir='ltr'>καὶ</span> <span class='ocrx_word' id='word_1_545' title='bbox 560 5092 939 5164; x_wconf 84' lang='grc' dir='ltr'>γραμματεὺς,</span> <span class='ocrx_word' id='word_1_546' title='bbox 972 5094 1000 5145; x_wconf 86' lang='grc' dir='ltr'>ὁ</span> <span class='ocrx_word' id='word_1_547' title='bbox 1027 5091 1092 5145; x_wconf 88' lang='grc' dir='ltr'>δι’</span> <span class='ocrx_word' id='word_1_548' title='bbox 1123 5092 1284 5164; x_wconf 82' lang='grc' dir='ltr'>ὅρκου</span> <span class='ocrx_word' id='word_1_549' title='bbox 1314 5091 1670 5164; x_wconf 86' lang='grc' dir='ltr'>πιστούμενος</span> 
     </span>
    </p>
   </div>
   <div class='ocr_carea' id='block_1_73' title="bbox 1768 1889 3349 1964">
    <p class='ocr_par' dir='ltr' id='par_1_73' title="bbox 1768 1889 3349 1964">
     <span class='ocr_line' id='line_1_73' title="bbox 1768 1889 3349 1964; baseline -0.001 -19"><span class='ocrx_word' id='word_1_550' title='bbox 1768 1896 1896 1959; x_wconf 55' lang='lat' dir='ltr'><strong>alii,</strong></span> <span class='ocrx_word' id='word_1_551' title='bbox 1931 1895 2092 1950; x_wconf 84' lang='lat' dir='ltr'><strong>veluti</strong></span> <span class='ocrx_word' id='word_1_552' title='bbox 2124 1896 2215 1964; x_wconf 87' lang='lat' dir='ltr'><strong>qui</strong></span> <span class='ocrx_word' id='word_1_553' title='bbox 2249 1895 2464 1947; x_wconf 84' lang='lat' dir='ltr'><strong>doceret</strong></span> <span class='ocrx_word' id='word_1_554' title='bbox 2505 1892 2648 1962; x_wconf 87' lang='lat' dir='ltr'><strong>quod</strong></span> <span class='ocrx_word' id='word_1_555' title='bbox 2707 1891 2855 1960; x_wconf 90' lang='lat' dir='ltr'><strong>prius</strong></span> <span class='ocrx_word' id='word_1_556' title='bbox 2885 1890 3234 1961; x_wconf 74' lang='lat' dir='ltr'><strong>ignorabatur</strong></span> <span class='ocrx_word' id='word_1_557' title='bbox 3271 1889 3349 1943; x_wconf 79' lang='lat' dir='ltr'><strong>in.</strong></span> 
     </span>
    </p>
   </div>
   <div class='ocr_carea' id='block_1_74' title="bbox 1775 1983 3347 2055">
    <p class='ocr_par' dir='ltr' id='par_1_74' title="bbox 1775 1983 3347 2055">
     <span class='ocr_line' id='line_1_74' title="bbox 1775 1983 3347 2055; baseline -0.004 -13"><span class='ocrx_word' id='word_1_558' title='bbox 1775 2010 1793 2042; x_wconf 80' lang='grc' dir='ltr'><strong>ι</strong></span> <span class='ocrx_word' id='word_1_559' title='bbox 1821 1999 1900 2045; x_wconf 88' lang='lat' dir='ltr'><strong>ter</strong></span> <span class='ocrx_word' id='word_1_560' title='bbox 1929 1991 2193 2055; x_wconf 85' lang='lat' dir='ltr'><strong>homines,</strong></span> <span class='ocrx_word' id='word_1_561' title='bbox 2232 1987 2467 2043; x_wconf 82' lang='lat' dir='ltr'><strong>Verbum</strong></span> <span class='ocrx_word' id='word_1_562' title='bbox 2521 1985 2908 2055; x_wconf 84' lang='lat' dir='ltr'><strong>omnipotentis</strong></span> <span class='ocrx_word' id='word_1_563' title='bbox 2945 1997 3066 2037; x_wconf 89' lang='lat' dir='ltr'><strong>eum</strong></span> <span class='ocrx_word' id='word_1_564' title='bbox 3101 1983 3347 2037; x_wconf 85' lang='lat' dir='ltr'><strong>nominat</strong></span> 
     </span>
    </p>
   </div>
   <div class='ocr_carea' id='block_1_75' title="bbox 1777 2072 3343 2149">
    <p class='ocr_par' dir='ltr' id='par_1_75' title="bbox 1777 2072 3343 2149">
     <span class='ocr_line' id='line_1_75' title="bbox 1777 2072 3343 2149; baseline -0.004 -17"><span class='ocrx_word' id='word_1_565' title='bbox 1777 2100 1794 2132; x_wconf 83' lang='grc' dir='ltr'><strong>ι</strong></span> <span class='ocrx_word' id='word_1_566' title='bbox 1825 2082 1898 2135; x_wconf 90' lang='lat' dir='ltr'><strong>ita</strong></span> <span class='ocrx_word' id='word_1_567' title='bbox 1951 2080 2219 2149; x_wconf 85' lang='lat' dir='ltr'><strong>inquiens,</strong></span> <span class='ocrx_word' id='word_1_568' title='bbox 2261 2077 2330 2132; x_wconf 80' lang='lat' dir='ltr'><strong>In</strong></span> <span class='ocrx_word' id='word_1_569' title='bbox 2383 2077 2636 2146; x_wconf 85' lang='lat' dir='ltr'><strong>principio</strong></span> <span class='ocrx_word' id='word_1_570' title='bbox 2675 2084 2795 2129; x_wconf 77' lang='lat' dir='ltr'><strong>erat</strong></span> <span class='ocrx_word' id='word_1_571' title='bbox 2852 2073 3158 2128; x_wconf 64' lang='lat' dir='ltr'><strong>Verbum“.</strong></span> <span class='ocrx_word' id='word_1_572' title='bbox 3189 2092 3210 2126; x_wconf 70' lang='grc' dir='ltr'><strong>ι</strong></span> <span class='ocrx_word' id='word_1_573' title='bbox 3264 2072 3343 2127; x_wconf 83' lang='lat' dir='ltr'><strong>lla</strong></span> 
     </span>
    </p>
   </div>
   <div class='ocr_carea' id='block_1_76' title="bbox 1770 2164 3344 2239">
    <p class='ocr_par' dir='ltr' id='par_1_76' title="bbox 1770 2164 3344 2239">
     <span class='ocr_line' id='line_1_76' title="bbox 1770 2164 3344 2239; baseline -0.005 -12"><span class='ocrx_word' id='word_1_574' title='bbox 1770 2173 2044 2227; x_wconf 85' lang='lat' dir='ltr'><strong>contendit</strong></span> <span class='ocrx_word' id='word_1_575' title='bbox 2081 2172 2126 2226; x_wconf 90' lang='lat' dir='ltr'><strong>is</strong></span> <span class='ocrx_word' id='word_1_576' title='bbox 2146 2187 2243 2239; x_wconf 89' lang='lat' dir='ltr'><strong>per</strong></span> <span class='ocrx_word' id='word_1_577' title='bbox 2273 2173 2372 2224; x_wconf 91' lang='lat' dir='ltr'><strong>ista</strong></span> <span class='ocrx_word' id='word_1_578' title='bbox 2415 2168 2788 2223; x_wconf 89' lang='lat' dir='ltr'><strong>absconditum</strong></span> <span class='ocrx_word' id='word_1_579' title='bbox 2831 2165 3146 2237; x_wconf 86' lang='lat' dir='ltr'><strong>mysterium</strong></span> <span class='ocrx_word' id='word_1_580' title='bbox 3177 2164 3344 2219; x_wconf 83' lang='lat' dir='ltr'><strong>fuisse</strong></span> 
     </span>
    </p>
   </div>
   <div class='ocr_carea' id='block_1_77' title="bbox 1770 2256 3344 2327">
    <p class='ocr_par' dir='ltr' id='par_1_77' title="bbox 1770 2256 3344 2327">
     <span class='ocr_line' id='line_1_77' title="bbox 1770 2256 3344 2327; baseline -0.007 -9"><span class='ocrx_word' id='word_1_581' title='bbox 1770 2263 1923 2327; x_wconf 88' lang='lat' dir='ltr'><strong>illud,</strong></span> <span class='ocrx_word' id='word_1_582' title='bbox 1947 2263 2112 2316; x_wconf 90' lang='lat' dir='ltr'><strong>Deum</strong></span> <span class='ocrx_word' id='word_1_583' title='bbox 2143 2261 2395 2315; x_wconf 77' lang='lat' dir='ltr'><strong>habuisse</strong></span> <span class='ocrx_word' id='word_1_584' title='bbox 2429 2259 2690 2314; x_wconf 78' lang='lat' dir='ltr'><strong>Verbum.</strong></span> <span class='ocrx_word' id='word_1_585' title='bbox 2728 2256 3038 2325; x_wconf 74' lang='lat' dir='ltr'><strong>Scripturas</strong></span> <span class='ocrx_word' id='word_1_586' title='bbox 3068 2269 3198 2308; x_wconf 85' lang='lat' dir='ltr'><strong>vero</strong></span> <span class='ocrx_word' id='word_1_587' title='bbox 3227 2269 3344 2307; x_wconf 88' lang='lat' dir='ltr'><strong>om-</strong></span> 
     </span>
    </p>
   </div>
   <div class='ocr_carea' id='block_1_78' title="bbox 1771 2346 3341 2422">
    <p class='ocr_par' dir='ltr' id='par_1_78' title="bbox 1771 2346 3341 2422">
     <span class='ocr_line' id='line_1_78' title="bbox 1771 2346 3341 2422; baseline -0.004 -14"><span class='ocrx_word' id='word_1_588' title='bbox 1771 2369 1868 2409; x_wconf 87' lang='lat' dir='ltr'><strong>nes</strong></span> <span class='ocrx_word' id='word_1_589' title='bbox 1891 2367 2062 2422; x_wconf 90' lang='lat' dir='ltr'><strong>nnper</strong></span> <span class='ocrx_word' id='word_1_590' title='bbox 2092 2353 2372 2416; x_wconf 65' lang='lat' dir='ltr'><strong>recitatae,</strong></span> <span class='ocrx_word' id='word_1_591' title='bbox 2394 2359 2449 2403; x_wconf 92' lang='lat' dir='ltr'><strong>et</strong></span> <span class='ocrx_word' id='word_1_592' title='bbox 2466 2349 2739 2418; x_wconf 89' lang='lat' dir='ltr'><strong>appositas</strong></span> <span class='ocrx_word' id='word_1_593' title='bbox 2756 2346 3140 2416; x_wconf 77' lang='lat' dir='ltr'><strong>prophetarum</strong></span> <span class='ocrx_word' id='word_1_594' title='bbox 3158 2361 3341 2413; x_wconf 83' lang='lat' dir='ltr'><strong>voces,</strong></span> 
     </span>
    </p>
   </div>
   <div class='ocr_carea' id='block_1_79' title="bbox 1773 2436 3340 2512">
    <p class='ocr_par' dir='ltr' id='par_1_79' title="bbox 1773 2436 3340 2512">
     <span class='ocr_line' id='line_1_79' title="bbox 1773 2436 3340 2512; baseline -0.004 -16"><span class='ocrx_word' id='word_1_595' title='bbox 1773 2443 2072 2512; x_wconf 56' lang='lat' dir='ltr'><strong>praedicare</strong></span> <span class='ocrx_word' id='word_1_596' title='bbox 2092 2441 2207 2495; x_wconf 84' lang='lat' dir='ltr'><strong>vult</strong></span> <span class='ocrx_word' id='word_1_597' title='bbox 2230 2455 2350 2510; x_wconf 81' lang='lat' dir='ltr'><strong>quae</strong></span> <span class='ocrx_word' id='word_1_598' title='bbox 2382 2447 2509 2495; x_wconf 90' lang='lat' dir='ltr'><strong>sunt</strong></span> <span class='ocrx_word' id='word_1_599' title='bbox 2533 2438 2602 2493; x_wconf 91' lang='lat' dir='ltr'><strong>de</strong></span> <span class='ocrx_word' id='word_1_600' title='bbox 2621 2436 2820 2504; x_wconf 85' lang='lat' dir='ltr'><strong>Verbo,</strong></span> <span class='ocrx_word' id='word_1_601' title='bbox 2839 2452 2975 2507; x_wconf 87' lang='lat' dir='ltr'><strong>quas</strong></span> <span class='ocrx_word' id='word_1_602' title='bbox 2997 2438 3258 2505; x_wconf 83' lang='lat' dir='ltr'><strong>plurimas</strong></span> <span class='ocrx_word' id='word_1_603' title='bbox 3285 2438 3340 2491; x_wconf 92' lang='lat' dir='ltr'><strong>in</strong></span> 
     </span>
    </p>
   </div>
   <div class='ocr_carea' id='block_1_80' title="bbox 1774 2527 3342 2603">
    <p class='ocr_par' dir='ltr' id='par_1_80' title="bbox 1774 2527 3342 2603">
     <span class='ocr_line' id='line_1_80' title="bbox 1774 2527 3342 2603; baseline -0.006 -12"><span class='ocrx_word' id='word_1_604' title='bbox 1774 2537 1929 2603; x_wconf 80' lang='lat' dir='ltr'><strong>huius</strong></span> <span class='ocrx_word' id='word_1_605' title='bbox 1947 2534 2024 2589; x_wconf 91' lang='lat' dir='ltr'><strong>rei</strong></span> <span class='ocrx_word' id='word_1_606' title='bbox 2043 2533 2405 2588; x_wconf 89' lang='lat' dir='ltr'><strong>testimonium</strong></span> <span class='ocrx_word' id='word_1_607' title='bbox 2421 2529 2778 2586; x_wconf 85' lang='lat' dir='ltr'><strong>coacervavit.</strong></span> <span class='ocrx_word' id='word_1_608' title='bbox 2799 2527 2876 2582; x_wconf 89' lang='lat' dir='ltr'><strong>lta</strong></span> <span class='ocrx_word' id='word_1_609' title='bbox 2895 2544 2998 2583; x_wconf 91' lang='lat' dir='ltr'><strong>non</strong></span> <span class='ocrx_word' id='word_1_610' title='bbox 3013 2536 3132 2583; x_wconf 88' lang='lat' dir='ltr'><strong>erat</strong></span> <span class='ocrx_word' id='word_1_611' title='bbox 3144 2527 3342 2597; x_wconf 88' lang='lat' dir='ltr'><strong>populo</strong></span> 
     </span>
    </p>
   </div>
   <div class='ocr_carea' id='block_1_81' title="bbox 1772 2617 3340 2694">
    <p class='ocr_par' dir='ltr' id='par_1_81' title="bbox 1772 2617 3340 2694">
     <span class='ocr_line' id='line_1_81' title="bbox 1772 2617 3340 2694; baseline -0.004 -16"><span class='ocrx_word' id='word_1_612' title='bbox 1772 2624 1845 2678; x_wconf 90' lang='lat' dir='ltr'><strong>illi</strong></span> <span class='ocrx_word' id='word_1_613' title='bbox 1887 2623 2054 2694; x_wconf 89' lang='lat' dir='ltr'><strong>priori</strong></span> <span class='ocrx_word' id='word_1_614' title='bbox 2081 2623 2383 2692; x_wconf 80' lang='lat' dir='ltr'><strong>ignoratum</strong></span> <span class='ocrx_word' id='word_1_615' title='bbox 2416 2620 2519 2675; x_wconf 87' lang='lat' dir='ltr'><strong>hoc</strong></span> <span class='ocrx_word' id='word_1_616' title='bbox 2553 2619 2866 2691; x_wconf 79' lang='lat' dir='ltr'><strong>mysterium</strong></span> <span class='ocrx_word' id='word_1_617' title='bbox 2898 2617 3165 2674; x_wconf 86' lang='lat' dir='ltr'><strong>:universi</strong></span> <span class='ocrx_word' id='word_1_618' title='bbox 3194 2618 3340 2674; x_wconf 86' lang='lat' dir='ltr'><strong>enim</strong></span> 
     </span>
    </p>
   </div>
   <div class='ocr_carea' id='block_1_82' title="bbox 1771 2708 3344 2780">
    <p class='ocr_par' dir='ltr' id='par_1_82' title="bbox 1771 2708 3344 2780">
     <span class='ocr_line' id='line_1_82' title="bbox 1771 2708 3344 2780; baseline -0.002 -12"><span class='ocrx_word' id='word_1_619' title='bbox 1771 2721 2054 2780; x_wconf 84' lang='lat' dir='ltr'><strong>noverant,</strong></span> <span class='ocrx_word' id='word_1_620' title='bbox 2088 2719 2140 2768; x_wconf 91' lang='lat' dir='ltr'><strong>et</strong></span> <span class='ocrx_word' id='word_1_621' title='bbox 2168 2712 2433 2766; x_wconf 88' lang='lat' dir='ltr'><strong>memoria</strong></span> <span class='ocrx_word' id='word_1_622' title='bbox 2466 2712 2725 2766; x_wconf 84' lang='lat' dir='ltr'><strong>tenebant</strong></span> <span class='ocrx_word' id='word_1_623' title='bbox 2769 2717 2823 2765; x_wconf 89' lang='lat' dir='ltr'><strong>et</strong></span> <span class='ocrx_word' id='word_1_624' title='bbox 2869 2723 2965 2764; x_wconf 89' lang='lat' dir='ltr'><strong>ore</strong></span> <span class='ocrx_word' id='word_1_625' title='bbox 3008 2708 3344 2778; x_wconf 80' lang='lat' dir='ltr'><strong>usurpabant</strong></span> 
     </span>
    </p>
   </div>
   <div class='ocr_carea' id='block_1_83' title="bbox 1771 2800 3342 2878">
    <p class='ocr_par' dir='ltr' id='par_1_83' title="bbox 1771 2800 3342 2878">
     <span class='ocr_line' id='line_1_83' title="bbox 1771 2800 3342 2878; baseline -0.004 -17"><span class='ocrx_word' id='word_1_626' title='bbox 1771 2807 2159 2878; x_wconf 88' lang='lat' dir='ltr'><strong>prophetarum</strong></span> <span class='ocrx_word' id='word_1_627' title='bbox 2182 2804 2270 2859; x_wconf 89' lang='lat' dir='ltr'><strong>illa</strong></span> <span class='ocrx_word' id='word_1_628' title='bbox 2290 2805 2530 2861; x_wconf 82' lang='lat' dir='ltr'><strong>oracula.</strong></span> <span class='ocrx_word' id='word_1_629' title='bbox 2546 2805 2617 2857; x_wconf 87' lang='lat' dir='ltr'><strong>At</strong></span> <span class='ocrx_word' id='word_1_630' title='bbox 2647 2804 2788 2859; x_wconf 89' lang='lat' dir='ltr'><strong>enim</strong></span> <span class='ocrx_word' id='word_1_631' title='bbox 2807 2811 2861 2858; x_wconf 90' lang='lat' dir='ltr'><strong>et</strong></span> <span class='ocrx_word' id='word_1_632' title='bbox 2876 2805 2942 2858; x_wconf 86' lang='lat' dir='ltr'><strong>de</strong></span> <span class='ocrx_word' id='word_1_633' title='bbox 2956 2800 3158 2857; x_wconf 62' lang='lat' dir='ltr'><strong>Iudaeis</strong></span> <span class='ocrx_word' id='word_1_634' title='bbox 3185 2801 3342 2856; x_wconf 83' lang='lat' dir='ltr'><strong>nobis</strong></span> 
     </span>
    </p>
   </div>
   <div class='ocr_carea' id='block_1_84' title="bbox 1771 2893 3342 2968">
    <p class='ocr_par' dir='ltr' id='par_1_84' title="bbox 1771 2893 3342 2968">
     <span class='ocr_line' id='line_1_84' title="bbox 1771 2893 3342 2968; baseline -0.006 -13"><span class='ocrx_word' id='word_1_635' title='bbox 1771 2899 2003 2955; x_wconf 85' lang='lat' dir='ltr'><strong>scribam</strong></span> <span class='ocrx_word' id='word_1_636' title='bbox 2040 2905 2394 2968; x_wconf 64' lang='lat' dir='ltr'><strong>repraesentat</strong></span> <span class='ocrx_word' id='word_1_637' title='bbox 2420 2895 2770 2950; x_wconf 72' lang='lat' dir='ltr'><strong>Christianus</strong></span> <span class='ocrx_word' id='word_1_638' title='bbox 2804 2909 2925 2949; x_wconf 93' lang='lat' dir='ltr'><strong>cum</strong></span> <span class='ocrx_word' id='word_1_639' title='bbox 2964 2893 3038 2948; x_wconf 86' lang='lat' dir='ltr'><strong>sit</strong></span> <span class='ocrx_word' id='word_1_640' title='bbox 3072 2911 3087 2946; x_wconf 91' lang='lat'><strong>:</strong></span> <span class='ocrx_word' id='word_1_641' title='bbox 3121 2909 3227 2947; x_wconf 86' lang='lat' dir='ltr'><strong>non</strong></span> <span class='ocrx_word' id='word_1_642' title='bbox 3258 2902 3342 2946; x_wconf 87' lang='lat' dir='ltr'><strong>at-</strong></span> 
     </span>
    </p>
   </div>
   <div class='ocr_carea' id='block_1_85' title="bbox 1773 2981 3341 3057">
    <p class='ocr_par' dir='ltr' id='par_1_85' title="bbox 1773 2981 3341 3057">
     <span class='ocr_line' id='line_1_85' title="bbox 1773 2981 3341 3057; baseline -0.005 -14"><span class='ocrx_word' id='word_1_643' title='bbox 1773 2991 1998 3044; x_wconf 89' lang='lat' dir='ltr'><strong>tendens</strong></span> <span class='ocrx_word' id='word_1_644' title='bbox 2033 2988 2175 3057; x_wconf 91' lang='lat' dir='ltr'><strong>quod</strong></span> <span class='ocrx_word' id='word_1_645' title='bbox 2217 2988 2478 3041; x_wconf 85' lang='lat' dir='ltr'><strong>Servator</strong></span> <span class='ocrx_word' id='word_1_646' title='bbox 2523 2985 2680 3052; x_wconf 82' lang='lat' dir='ltr'><strong>dixit,</strong></span> <span class='ocrx_word' id='word_1_647' title='bbox 2736 2982 2822 3039; x_wconf 69' lang='lat' dir='ltr'><strong>Vae</strong></span> <span class='ocrx_word' id='word_1_648' title='bbox 2855 2984 3022 3050; x_wconf 77' lang='lat' dir='ltr'><strong>vobis,</strong></span> <span class='ocrx_word' id='word_1_649' title='bbox 3057 2981 3256 3038; x_wconf 70' lang='lat' dir='ltr'><strong>Scriba:</strong></span> <span class='ocrx_word' id='word_1_650' title='bbox 3291 2993 3341 3036; x_wconf 81' lang='lat' dir='ltr'><strong>et</strong></span> 
     </span>
    </p>
   </div>
   <div class='ocr_carea' id='block_1_86' title="bbox 1775 3077 3338 3150">
    <p class='ocr_par' dir='ltr' id='par_1_86' title="bbox 1775 3077 3338 3150">
     <span class='ocr_line' id='line_1_86' title="bbox 1775 3077 3338 3150; baseline -0.004 -16"><span class='ocrx_word' id='word_1_651' title='bbox 1775 3079 2033 3135; x_wconf 66' lang='lat' dir='ltr'><strong>Pharisaei</strong></span> <span class='ocrx_word' id='word_1_652' title='bbox 2079 3079 2366 3150; x_wconf 75' lang='lat' dir='ltr'><strong>hypocrin</strong></span> <span class='ocrx_word' id='word_1_653' title='bbox 2385 3079 2453 3131; x_wconf 77' lang='grc'>⁸⁸.</span> <span class='ocrx_word' id='word_1_654' title='bbox 2493 3077 2754 3147; x_wconf 89' lang='lat' dir='ltr'><strong>lllumque</strong></span> <span class='ocrx_word' id='word_1_655' title='bbox 2799 3077 3023 3147; x_wconf 87' lang='lat' dir='ltr'><strong>suspicit</strong></span> <span class='ocrx_word' id='word_1_656' title='bbox 3049 3077 3190 3146; x_wconf 90' lang='lat' dir='ltr'><strong>quod</strong></span> <span class='ocrx_word' id='word_1_657' title='bbox 3218 3092 3338 3130; x_wconf 84' lang='lat' dir='ltr'><strong>cum</strong></span> 
     </span>
    </p>
   </div>
   <div class='ocr_carea' id='block_1_87' title="bbox 1765 3167 3339 3244">
    <p class='ocr_par' dir='ltr' id='par_1_87' title="bbox 1765 3167 3339 3244">
     <span class='ocr_line' id='line_1_87' title="bbox 1765 3167 3339 3244; baseline -0.004 -17"><span class='ocrx_word' id='word_1_658' title='bbox 1765 3171 2115 3244; x_wconf 84' lang='lat' dir='ltr'><strong>jurejurando</strong></span> <span class='ocrx_word' id='word_1_659' title='bbox 2142 3169 2362 3237; x_wconf 78' lang='lat' dir='ltr'><strong>dixerit,</strong></span> <span class='ocrx_word' id='word_1_660' title='bbox 2389 3167 2544 3236; x_wconf 83' lang='lat' dir='ltr'><strong>Quod</strong></span> <span class='ocrx_word' id='word_1_661' title='bbox 2565 3185 2702 3223; x_wconf 78' lang='lat' dir='ltr'><strong>unus</strong></span> <span class='ocrx_word' id='word_1_662' title='bbox 2733 3168 2872 3223; x_wconf 76' lang='lat' dir='ltr'><strong>Deus</strong></span> <span class='ocrx_word' id='word_1_663' title='bbox 2896 3178 2945 3222; x_wconf 88' lang='lat' dir='ltr'><strong>et</strong></span> <span class='ocrx_word' id='word_1_664' title='bbox 2970 3177 3164 3238; x_wconf 61' lang='lat' dir='ltr'><strong>preter</strong></span> <span class='ocrx_word' id='word_1_665' title='bbox 3197 3184 3339 3231; x_wconf 84' lang='lat' dir='ltr'><strong>eum,</strong></span> 
     </span>
    </p>
   </div>
   <div class='ocr_carea' id='block_1_88' title="bbox 1769 3257 3344 3328">
    <p class='ocr_par' dir='ltr' id='par_1_88' title="bbox 1769 3257 3344 3328">
     <span class='ocr_line' id='line_1_88' title="bbox 1769 3257 3344 3328; baseline -0.003 -13"><span class='ocrx_word' id='word_1_666' title='bbox 1769 3278 1872 3316; x_wconf 85' lang='lat' dir='ltr'><strong>non</strong></span> <span class='ocrx_word' id='word_1_667' title='bbox 1896 3271 1970 3316; x_wconf 81' lang='lat' dir='ltr'><strong>est</strong></span> <span class='ocrx_word' id='word_1_668' title='bbox 1996 3259 2152 3317; x_wconf 76' lang='lat' dir='ltr'><strong>alius.</strong></span> <span class='ocrx_word' id='word_1_669' title='bbox 2183 3258 2345 3327; x_wconf 83' lang='lat' dir='ltr'><strong>Quasi</strong></span> <span class='ocrx_word' id='word_1_670' title='bbox 2363 3258 2596 3314; x_wconf 86' lang='lat' dir='ltr'><strong>nesciret</strong></span> <span class='ocrx_word' id='word_1_671' title='bbox 2620 3258 2760 3328; x_wconf 91' lang='lat' dir='ltr'><strong>quod</strong></span> <span class='ocrx_word' id='word_1_672' title='bbox 2785 3266 2842 3312; x_wconf 91' lang='lat' dir='ltr'><strong>et</strong></span> <span class='ocrx_word' id='word_1_673' title='bbox 2873 3274 2894 3309; x_wconf 82' lang='grc' dir='ltr'><strong>ι</strong></span> <span class='ocrx_word' id='word_1_674' title='bbox 2925 3257 3195 3312; x_wconf 64' lang='lat' dir='ltr'><strong>daemones</strong></span> <span class='ocrx_word' id='word_1_675' title='bbox 3221 3271 3344 3311; x_wconf 82' lang='lat' dir='ltr'><strong>cre-</strong></span> 
     </span>
    </p>
   </div>
   <div class='ocr_carea' id='block_1_89' title="bbox 1769 3347 3341 3417">
    <p class='ocr_par' dir='ltr' id='par_1_89' title="bbox 1769 3347 3341 3417">
     <span class='ocr_line' id='line_1_89' title="bbox 1769 3347 3341 3417; baseline -0.004 -11"><span class='ocrx_word' id='word_1_676' title='bbox 1769 3352 1899 3406; x_wconf 89' lang='lat' dir='ltr'><strong>dant</strong></span> <span class='ocrx_word' id='word_1_677' title='bbox 1923 3359 1977 3406; x_wconf 87' lang='lat' dir='ltr'><strong>et</strong></span> <span class='ocrx_word' id='word_1_678' title='bbox 2008 3350 2452 3406; x_wconf 81' lang='lat' dir='ltr'><strong>contremiscam.</strong></span> <span class='ocrx_word' id='word_1_679' title='bbox 2478 3367 2499 3402; x_wconf 71' lang='grc' dir='ltr'><strong>ι</strong></span> <span class='ocrx_word' id='word_1_680' title='bbox 2533 3348 2671 3404; x_wconf 74' lang='lat' dir='ltr'><strong>Nota</strong></span> <span class='ocrx_word' id='word_1_681' title='bbox 2705 3348 2835 3403; x_wconf 89' lang='lat' dir='ltr'><strong>mihi</strong></span> <span class='ocrx_word' id='word_1_682' title='bbox 2865 3355 3046 3403; x_wconf 90' lang='lat' dir='ltr'><strong>autem</strong></span> <span class='ocrx_word' id='word_1_683' title='bbox 3079 3347 3341 3417; x_wconf 86' lang='lat' dir='ltr'><strong>quemad-</strong></span> 
     </span>
    </p>
   </div>
   <div class='ocr_carea' id='block_1_90' title="bbox 1769 3438 3337 3511">
    <p class='ocr_par' dir='ltr' id='par_1_90' title="bbox 1769 3438 3337 3511">
     <span class='ocr_line' id='line_1_90' title="bbox 1769 3438 3337 3511; baseline -0.003 -15"><span class='ocrx_word' id='word_1_684' title='bbox 1769 3441 1987 3497; x_wconf 90' lang='lat' dir='ltr'><strong>modum</strong></span> <span class='ocrx_word' id='word_1_685' title='bbox 2042 3441 2109 3496; x_wconf 89' lang='lat' dir='ltr'><strong>de</strong></span> <span class='ocrx_word' id='word_1_686' title='bbox 2151 3441 2482 3511; x_wconf 86' lang='lat' dir='ltr'><strong>propheticis</strong></span> <span class='ocrx_word' id='word_1_687' title='bbox 2510 3439 2810 3509; x_wconf 87' lang='lat' dir='ltr'><strong>Scripturis</strong></span> <span class='ocrx_word' id='word_1_688' title='bbox 2843 3438 3051 3508; x_wconf 77' lang='lat' dir='ltr'><strong>colligit</strong></span> <span class='ocrx_word' id='word_1_689' title='bbox 3097 3453 3216 3508; x_wconf 64' lang='lat' dir='ltr'><strong>qua</strong></span> <span class='ocrx_word' id='word_1_690' title='bbox 3268 3439 3337 3492; x_wconf 87' lang='lat' dir='ltr'><strong>ad</strong></span> 
     </span>
    </p>
   </div>
   <div class='ocr_carea' id='block_1_91' title="bbox 1766 3531 3340 3602">
    <p class='ocr_par' dir='ltr' id='par_1_91' title="bbox 1766 3531 3340 3602">
     <span class='ocr_line' id='line_1_91' title="bbox 1766 3531 3340 3602; baseline -0.001 -14"><span class='ocrx_word' id='word_1_691' title='bbox 1766 3533 1990 3588; x_wconf 86' lang='lat' dir='ltr'><strong>verbum</strong></span> <span class='ocrx_word' id='word_1_692' title='bbox 2043 3531 2170 3586; x_wconf 91' lang='lat' dir='ltr'><strong>illud</strong></span> <span class='ocrx_word' id='word_1_693' title='bbox 2207 3532 2500 3602; x_wconf 86' lang='lat' dir='ltr'><strong>pertinent,</strong></span> <span class='ocrx_word' id='word_1_694' title='bbox 2547 3533 2690 3602; x_wconf 88' lang='lat' dir='ltr'><strong>quod</strong></span> <span class='ocrx_word' id='word_1_695' title='bbox 2719 3541 2808 3587; x_wconf 89' lang='lat' dir='ltr'><strong>est</strong></span> <span class='ocrx_word' id='word_1_696' title='bbox 2831 3533 3156 3602; x_wconf 88' lang='lat' dir='ltr'><strong>agendorum</strong></span> <span class='ocrx_word' id='word_1_697' title='bbox 3189 3547 3340 3586; x_wconf 89' lang='lat' dir='ltr'><strong>com-</strong></span> 
     </span>
    </p>
   </div>
   <div class='ocr_carea' id='block_1_92' title="bbox 1769 3622 3337 3692">
    <p class='ocr_par' dir='ltr' id='par_1_92' title="bbox 1769 3622 3337 3692">
     <span class='ocr_line' id='line_1_92' title="bbox 1769 3622 3337 3692; baseline -0.001 -13"><span class='ocrx_word' id='word_1_698' title='bbox 1769 3623 2214 3680; x_wconf 81' lang='lat' dir='ltr'><strong>monefactorium</strong></span> <span class='ocrx_word' id='word_1_699' title='bbox 2259 3645 2272 3678; x_wconf 88' lang='lat'>:</span> <span class='ocrx_word' id='word_1_700' title='bbox 2325 3623 2468 3692; x_wconf 91' lang='lat' dir='ltr'><strong>quod</strong></span> <span class='ocrx_word' id='word_1_701' title='bbox 2497 3623 2670 3692; x_wconf 89' lang='lat' dir='ltr'><strong>ipsum</strong></span> <span class='ocrx_word' id='word_1_702' title='bbox 2709 3622 3026 3677; x_wconf 83' lang='lat' dir='ltr'><strong>fatebuntur</strong></span> <span class='ocrx_word' id='word_1_703' title='bbox 3077 3636 3137 3677; x_wconf 87' lang='lat' dir='ltr'><strong>se</strong></span> <span class='ocrx_word' id='word_1_704' title='bbox 3168 3638 3337 3692; x_wconf 86' lang='lat' dir='ltr'><strong>agno-</strong></span> 
     </span>
    </p>
   </div>
   <div class='ocr_carea' id='block_1_93' title="bbox 1767 3709 3337 3780">
    <p class='ocr_par' dir='ltr' id='par_1_93' title="bbox 1767 3709 3337 3780">
     <span class='ocr_line' id='line_1_93' title="bbox 1767 3709 3337 3780; baseline -0.003 -10"><span class='ocrx_word' id='word_1_705' title='bbox 1767 3727 1919 3770; x_wconf 86' lang='lat' dir='ltr'><strong>scere</strong></span> <span class='ocrx_word' id='word_1_706' title='bbox 1953 3710 2034 3767; x_wconf 91' lang='lat' dir='ltr'><strong>vel</strong></span> <span class='ocrx_word' id='word_1_707' title='bbox 2066 3709 2260 3774; x_wconf 71' lang='lat' dir='ltr'><strong>Judaei,</strong></span> <span class='ocrx_word' id='word_1_708' title='bbox 2307 3711 2468 3764; x_wconf 89' lang='lat' dir='ltr'><strong>veluti</strong></span> <span class='ocrx_word' id='word_1_709' title='bbox 2503 3711 2593 3780; x_wconf 90' lang='lat' dir='ltr'><strong>qui</strong></span> <span class='ocrx_word' id='word_1_710' title='bbox 2639 3721 2766 3764; x_wconf 88' lang='lat' dir='ltr'><strong>ante</strong></span> <span class='ocrx_word' id='word_1_711' title='bbox 2803 3725 2900 3764; x_wconf 91' lang='lat' dir='ltr'><strong>nos</strong></span> <span class='ocrx_word' id='word_1_712' title='bbox 2943 3711 3048 3766; x_wconf 86' lang='lat' dir='ltr'><strong>hoc</strong></span> <span class='ocrx_word' id='word_1_713' title='bbox 3071 3709 3183 3780; x_wconf 87' lang='lat' dir='ltr'><strong>jam</strong></span> <span class='ocrx_word' id='word_1_714' title='bbox 3206 3713 3337 3767; x_wconf 90' lang='lat' dir='ltr'><strong>olim</strong></span> 
     </span>
    </p>
   </div>
   <div class='ocr_carea' id='block_1_94' title="bbox 1766 3801 3340 3872">
    <p class='ocr_par' dir='ltr' id='par_1_94' title="bbox 1766 3801 3340 3872">
     <span class='ocr_line' id='line_1_94' title="bbox 1766 3801 3340 3872; baseline -0.002 -10"><span class='ocrx_word' id='word_1_715' title='bbox 1766 3804 2152 3862; x_wconf 89' lang='lat' dir='ltr'><strong>edocebantur.</strong></span> <span class='ocrx_word' id='word_1_716' title='bbox 2188 3801 2295 3858; x_wconf 90' lang='lat' dir='ltr'><strong>Sed</strong></span> <span class='ocrx_word' id='word_1_717' title='bbox 2321 3819 2420 3858; x_wconf 88' lang='lat' dir='ltr'><strong>nec</strong></span> <span class='ocrx_word' id='word_1_718' title='bbox 2441 3805 2670 3872; x_wconf 91' lang='lat' dir='ltr'><strong>ipsemet</strong></span> <span class='ocrx_word' id='word_1_719' title='bbox 2707 3801 2976 3858; x_wconf 86' lang='lat' dir='ltr'><strong>Sabellius</strong></span> <span class='ocrx_word' id='word_1_720' title='bbox 3000 3801 3340 3872; x_wconf 87' lang='lat' dir='ltr'><strong>hujuscemo-</strong></span> 
     </span>
    </p>
   </div>
   <div class='ocr_carea' id='block_1_95' title="bbox 1765 3893 3337 3966">
    <p class='ocr_par' dir='ltr' id='par_1_95' title="bbox 1765 3893 3337 3966">
     <span class='ocr_line' id='line_1_95' title="bbox 1765 3893 3337 3966; baseline -0.003 -13"><span class='ocrx_word' id='word_1_721' title='bbox 1765 3899 1818 3953; x_wconf 92' lang='lat' dir='ltr'><strong>di</strong></span> <span class='ocrx_word' id='word_1_722' title='bbox 1853 3897 2088 3954; x_wconf 81' lang='lat' dir='ltr'><strong>Verbum</strong></span> <span class='ocrx_word' id='word_1_723' title='bbox 2129 3895 2433 3966; x_wconf 80' lang='lat' dir='ltr'><strong>ignorabat.</strong></span> <span class='ocrx_word' id='word_1_724' title='bbox 2473 3894 2644 3960; x_wconf 83' lang='lat' dir='ltr'><strong>Quam</strong></span> <span class='ocrx_word' id='word_1_725' title='bbox 2685 3894 2957 3948; x_wconf 92' lang='lat' dir='ltr'><strong>immerito</strong></span> <span class='ocrx_word' id='word_1_726' title='bbox 3011 3893 3211 3949; x_wconf 88' lang='lat' dir='ltr'><strong>idcirco</strong></span> <span class='ocrx_word' id='word_1_727' title='bbox 3242 3893 3337 3948; x_wconf 79' lang='lat' dir='ltr'><strong>ﬂa-</strong></span> 
     </span>
    </p>
   </div>
   <div class='ocr_carea' id='block_1_96' title="bbox 1766 3985 3337 4057">
    <p class='ocr_par' dir='ltr' id='par_1_96' title="bbox 1766 3985 3337 4057">
     <span class='ocr_line' id='line_1_96' title="bbox 1766 3985 3337 4057; baseline -0.003 -14"><span class='ocrx_word' id='word_1_728' title='bbox 1766 3987 2247 4057; x_wconf 76' lang='lat' dir='ltr'><strong>gellatSabellinm</strong></span> <span class='ocrx_word' id='word_1_729' title='bbox 2300 3996 2355 4042; x_wconf 91' lang='lat' dir='ltr'><strong>et</strong></span> <span class='ocrx_word' id='word_1_730' title='bbox 2381 3985 2615 4048; x_wconf 70' lang='lat' dir='ltr'><strong>Iudaeos,</strong></span> <span class='ocrx_word' id='word_1_731' title='bbox 2664 3985 2716 4040; x_wconf 91' lang='lat' dir='ltr'><strong>in</strong></span> <span class='ocrx_word' id='word_1_732' title='bbox 2764 3987 3032 4056; x_wconf 81' lang='lat' dir='ltr'><strong>excerptis</strong></span> <span class='ocrx_word' id='word_1_733' title='bbox 3070 4001 3100 4040; x_wconf 87' lang='lat' dir='ltr'><strong>a</strong></span> <span class='ocrx_word' id='word_1_734' title='bbox 3139 4001 3227 4042; x_wconf 92' lang='lat' dir='ltr'><strong>me</strong></span> <span class='ocrx_word' id='word_1_735' title='bbox 3268 3985 3337 4040; x_wconf 90' lang='lat' dir='ltr'><strong>de</strong></span> 
     </span>
    </p>
   </div>
   <div class='ocr_carea' id='block_1_97' title="bbox 1766 4074 3337 4151">
    <p class='ocr_par' dir='ltr' id='par_1_97' title="bbox 1766 4074 3337 4151">
     <span class='ocr_line' id='line_1_97' title="bbox 1766 4074 3337 4151; baseline -0.001 -15"><span class='ocrx_word' id='word_1_736' title='bbox 1766 4083 1932 4151; x_wconf 87' lang='lat' dir='ltr'><strong>ipsius</strong></span> <span class='ocrx_word' id='word_1_737' title='bbox 1968 4080 2105 4135; x_wconf 91' lang='lat' dir='ltr'><strong>libro</strong></span> <span class='ocrx_word' id='word_1_738' title='bbox 2139 4079 2349 4148; x_wconf 87' lang='lat' dir='ltr'><strong>positis,</strong></span> <span class='ocrx_word' id='word_1_739' title='bbox 2391 4077 2534 4147; x_wconf 88' lang='lat' dir='ltr'><strong>quod</strong></span> <span class='ocrx_word' id='word_1_740' title='bbox 2570 4074 2804 4131; x_wconf 82' lang='lat' dir='ltr'><strong>Verbum</strong></span> <span class='ocrx_word' id='word_1_741' title='bbox 2837 4078 3172 4144; x_wconf 84' lang='lat' dir='ltr'><strong>ignorabant,</strong></span> <span class='ocrx_word' id='word_1_742' title='bbox 3213 4093 3337 4134; x_wconf 87' lang='lat' dir='ltr'><strong>cum</strong></span> 
     </span>
    </p>
   </div>
   <div class='ocr_carea' id='block_1_98' title="bbox 1765 4166 3337 4236">
    <p class='ocr_par' dir='ltr' id='par_1_98' title="bbox 1765 4166 3337 4236">
     <span class='ocr_line' id='line_1_98' title="bbox 1765 4166 3337 4236; baseline -0.001 -10"><span class='ocrx_word' id='word_1_743' title='bbox 1765 4186 1963 4226; x_wconf 87' lang='lat' dir='ltr'><strong>nomen</strong></span> <span class='ocrx_word' id='word_1_744' title='bbox 1990 4170 2043 4225; x_wconf 91' lang='lat' dir='ltr'><strong>id</strong></span> <span class='ocrx_word' id='word_1_745' title='bbox 2073 4169 2141 4223; x_wconf 90' lang='lat' dir='ltr'><strong>ab</strong></span> <span class='ocrx_word' id='word_1_746' title='bbox 2175 4169 2262 4222; x_wconf 89' lang='lat' dir='ltr'><strong>illo</strong></span> <span class='ocrx_word' id='word_1_747' title='bbox 2287 4169 2478 4223; x_wconf 88' lang='lat' dir='ltr'><strong>scitum</strong></span> <span class='ocrx_word' id='word_1_748' title='bbox 2514 4167 2608 4230; x_wconf 80' lang='lat' dir='ltr'><strong>sit,’</strong></span> <span class='ocrx_word' id='word_1_749' title='bbox 2639 4167 2782 4236; x_wconf 90' lang='lat' dir='ltr'><strong>quod</strong></span> <span class='ocrx_word' id='word_1_750' title='bbox 2812 4166 2979 4222; x_wconf 88' lang='lat' dir='ltr'><strong>Deum</strong></span> <span class='ocrx_word' id='word_1_751' title='bbox 3023 4169 3206 4223; x_wconf 87' lang='lat' dir='ltr'><strong>videre</strong></span> <span class='ocrx_word' id='word_1_752' title='bbox 3235 4184 3337 4224; x_wconf 83' lang='lat' dir='ltr'><strong>ne-</strong></span> 
     </span>
    </p>
   </div>
   <div class='ocr_carea' id='block_1_99' title="bbox 1765 4257 3335 4332">
    <p class='ocr_par' dir='ltr' id='par_1_99' title="bbox 1765 4257 3335 4332">
     <span class='ocr_line' id='line_1_99' title="bbox 1765 4257 3335 4332; baseline -0.001 -16"><span class='ocrx_word' id='word_1_753' title='bbox 1765 4277 1854 4318; x_wconf 88' lang='lat' dir='ltr'><strong>mo</strong></span> <span class='ocrx_word' id='word_1_754' title='bbox 1879 4272 2109 4330; x_wconf 87' lang='lat' dir='ltr'><strong>poterat,</strong></span> <span class='ocrx_word' id='word_1_755' title='bbox 2133 4263 2228 4317; x_wconf 89' lang='lat' dir='ltr'><strong>sed</strong></span> <span class='ocrx_word' id='word_1_756' title='bbox 2261 4276 2360 4315; x_wconf 91' lang='lat' dir='ltr'><strong>nec</strong></span> <span class='ocrx_word' id='word_1_757' title='bbox 2407 4261 2576 4329; x_wconf 87' lang='lat' dir='ltr'><strong>ipsius</strong></span> <span class='ocrx_word' id='word_1_758' title='bbox 2600 4257 2838 4313; x_wconf 81' lang='lat' dir='ltr'><strong>Verbum</strong></span> <span class='ocrx_word' id='word_1_759' title='bbox 2879 4259 3196 4332; x_wconf 76' lang='lat' dir='ltr'><strong>intelligere,</strong></span> <span class='ocrx_word' id='word_1_760' title='bbox 3230 4261 3335 4315; x_wconf 89' lang='lat' dir='ltr'><strong>nisi</strong></span> 
     </span>
    </p>
   </div>
   <div class='ocr_carea' id='block_1_100' title="bbox 1764 4353 3336 4426">
    <p class='ocr_par' dir='ltr' id='par_1_100' title="bbox 1764 4353 3336 4426">
     <span class='ocr_line' id='line_1_100' title="bbox 1764 4353 3336 4426; baseline -0.004 -15"><span class='ocrx_word' id='word_1_761' title='bbox 1764 4355 2053 4426; x_wconf 81' lang='lat' dir='ltr'><strong>imaginem</strong></span> <span class='ocrx_word' id='word_1_762' title='bbox 2083 4355 2333 4409; x_wconf 87' lang='lat' dir='ltr'><strong>induerat</strong></span> <span class='ocrx_word' id='word_1_763' title='bbox 2378 4354 2664 4409; x_wconf 89' lang='lat' dir='ltr'><strong>invisibilis</strong></span> <span class='ocrx_word' id='word_1_764' title='bbox 2701 4353 2832 4419; x_wconf 90' lang='lat' dir='ltr'><strong>Dei,</strong></span> <span class='ocrx_word' id='word_1_765' title='bbox 2883 4367 3104 4408; x_wconf 87' lang='lat' dir='ltr'><strong>carnem</strong></span> <span class='ocrx_word' id='word_1_766' title='bbox 3141 4367 3336 4421; x_wconf 86' lang='lat' dir='ltr'><strong>nempe</strong></span> 
     </span>
    </p>
   </div>
   <div class='ocr_carea' id='block_1_101' title="bbox 1765 4441 3334 4514">
    <p class='ocr_par' dir='ltr' id='par_1_101' title="bbox 1765 4441 3334 4514">
     <span class='ocr_line' id='line_1_101' title="bbox 1765 4441 3334 4514; baseline -0.002 -15"><span class='ocrx_word' id='word_1_767' title='bbox 1765 4445 2050 4499; x_wconf 90' lang='lat' dir='ltr'><strong>intendens</strong></span> <span class='ocrx_word' id='word_1_768' title='bbox 2088 4445 2372 4514; x_wconf 79' lang='lat' dir='ltr'><strong>imaginem</strong></span> <span class='ocrx_word' id='word_1_769' title='bbox 2414 4443 2592 4508; x_wconf 90' lang='lat' dir='ltr'><strong>illam;</strong></span> <span class='ocrx_word' id='word_1_770' title='bbox 2653 4457 2780 4498; x_wconf 86' lang='lat' dir='ltr'><strong>nam</strong></span> <span class='ocrx_word' id='word_1_771' title='bbox 2809 4456 2906 4512; x_wconf 89' lang='lat' dir='ltr'><strong>per</strong></span> <span class='ocrx_word' id='word_1_772' title='bbox 2942 4441 3111 4495; x_wconf 79' lang='lat' dir='ltr'><strong>solam</strong></span> <span class='ocrx_word' id='word_1_773' title='bbox 3143 4441 3334 4510; x_wconf 83' lang='lat' dir='ltr'><strong>imagi-</strong></span> 
     </span>
    </p>
   </div>
   <div class='ocr_carea' id='block_1_102' title="bbox 1767 4530 3331 4605">
    <p class='ocr_par' dir='ltr' id='par_1_102' title="bbox 1767 4530 3331 4605">
     <span class='ocr_line' id='line_1_102' title="bbox 1767 4530 3331 4605; baseline -0.003 -15"><span class='ocrx_word' id='word_1_774' title='bbox 1767 4549 1888 4590; x_wconf 89' lang='lat' dir='ltr'><strong>nem</strong></span> <span class='ocrx_word' id='word_1_775' title='bbox 1917 4534 2168 4605; x_wconf 82' lang='lat' dir='ltr'><strong>cognosci</strong></span> <span class='ocrx_word' id='word_1_776' title='bbox 2198 4534 2440 4604; x_wconf 88' lang='lat' dir='ltr'><strong>potuisse</strong></span> <span class='ocrx_word' id='word_1_777' title='bbox 2477 4535 2666 4599; x_wconf 88' lang='lat' dir='ltr'><strong>Deum,</strong></span> <span class='ocrx_word' id='word_1_778' title='bbox 2696 4541 2750 4587; x_wconf 90' lang='lat' dir='ltr'><strong>et</strong></span> <span class='ocrx_word' id='word_1_779' title='bbox 2773 4533 2939 4602; x_wconf 91' lang='lat' dir='ltr'><strong>ipsius</strong></span> <span class='ocrx_word' id='word_1_780' title='bbox 2970 4532 3064 4586; x_wconf 85' lang='lat' dir='ltr'><strong>Dei</strong></span> <span class='ocrx_word' id='word_1_781' title='bbox 3092 4530 3331 4586; x_wconf 81' lang='lat' dir='ltr'><strong>Verbum</strong></span> 
     </span>
    </p>
   </div>
   <div class='ocr_carea' id='block_1_103' title="bbox 1767 4623 3329 4694">
    <p class='ocr_par' dir='ltr' id='par_1_103' title="bbox 1767 4623 3329 4694">
     <span class='ocr_line' id='line_1_103' title="bbox 1767 4623 3329 4694; baseline -0.003 -11"><span class='ocrx_word' id='word_1_782' title='bbox 1767 4627 2062 4683; x_wconf 88' lang='lat' dir='ltr'><strong>contendat</strong></span> <span class='ocrx_word' id='word_1_783' title='bbox 2085 4640 2307 4681; x_wconf 89' lang='lat' dir='ltr'><strong>carnem</strong></span> <span class='ocrx_word' id='word_1_784' title='bbox 2337 4639 2590 4680; x_wconf 88' lang='lat' dir='ltr'><strong>asserens</strong></span> <span class='ocrx_word' id='word_1_785' title='bbox 2631 4624 2797 4678; x_wconf 80' lang='lat' dir='ltr'><strong>fuisse</strong></span> <span class='ocrx_word' id='word_1_786' title='bbox 2842 4623 3128 4694; x_wconf 87' lang='lat' dir='ltr'><strong>imaginem</strong></span> <span class='ocrx_word' id='word_1_787' title='bbox 3157 4623 3329 4679; x_wconf 86' lang='lat' dir='ltr'><strong>illam.</strong></span> 
     </span>
    </p>
   </div>
   <div class='ocr_carea' id='block_1_104' title="bbox 1767 4715 3330 4785">
    <p class='ocr_par' dir='ltr' id='par_1_104' title="bbox 1767 4715 3330 4785">
     <span class='ocr_line' id='line_1_104' title="bbox 1767 4715 3330 4785; baseline -0.004 -10"><span class='ocrx_word' id='word_1_788' title='bbox 1767 4719 1874 4775; x_wconf 90' lang='lat' dir='ltr'><strong>Sed</strong></span> <span class='ocrx_word' id='word_1_789' title='bbox 1903 4717 2216 4773; x_wconf 87' lang='lat' dir='ltr'><strong>meminisse</strong></span> <span class='ocrx_word' id='word_1_790' title='bbox 2251 4716 2507 4771; x_wconf 90' lang='lat' dir='ltr'><strong>debemus</strong></span> <span class='ocrx_word' id='word_1_791' title='bbox 2547 4717 2599 4769; x_wconf 92' lang='lat' dir='ltr'><strong>in</strong></span> <span class='ocrx_word' id='word_1_792' title='bbox 2652 4715 3022 4785; x_wconf 87' lang='lat' dir='ltr'><strong>superioribus</strong></span> <span class='ocrx_word' id='word_1_793' title='bbox 3075 4715 3330 4784; x_wconf 89' lang='lat' dir='ltr'><strong>positum,</strong></span> 
     </span>
    </p>
   </div>
   <div class='ocr_carea' id='block_1_105' title="bbox 1766 4805 3334 4884">
    <p class='ocr_par' dir='ltr' id='par_1_105' title="bbox 1766 4805 3334 4884">
     <span class='ocr_line' id='line_1_105' title="bbox 1766 4805 3334 4884; baseline -0.003 -18"><span class='ocrx_word' id='word_1_794' title='bbox 1766 4812 1906 4884; x_wconf 85' lang='lat' dir='ltr'><strong>quod</strong></span> <span class='ocrx_word' id='word_1_795' title='bbox 1934 4811 2138 4880; x_wconf 88' lang='lat' dir='ltr'><strong>absque</strong></span> <span class='ocrx_word' id='word_1_796' title='bbox 2177 4807 2378 4863; x_wconf 89' lang='lat' dir='ltr'><strong>carnali</strong></span> <span class='ocrx_word' id='word_1_797' title='bbox 2438 4807 2745 4877; x_wconf 65' lang='lat' dir='ltr'><strong>praesentia,</strong></span> <span class='ocrx_word' id='word_1_798' title='bbox 2787 4805 2954 4862; x_wconf 66' lang='lat' dir='ltr'><strong>Judaei</strong></span> <span class='ocrx_word' id='word_1_799' title='bbox 2997 4821 3185 4862; x_wconf 90' lang='lat' dir='ltr'><strong>omnes</strong></span> <span class='ocrx_word' id='word_1_800' title='bbox 3214 4823 3334 4861; x_wconf 86' lang='lat' dir='ltr'><strong>ver-</strong></span> 
     </span>
    </p>
   </div>
   <div class='ocr_carea' id='block_1_106' title="bbox 1768 4897 3333 4968">
    <p class='ocr_par' dir='ltr' id='par_1_106' title="bbox 1768 4897 3333 4968">
     <span class='ocr_line' id='line_1_106' title="bbox 1768 4897 3333 4968; baseline -0.003 -12"><span class='ocrx_word' id='word_1_801' title='bbox 1768 4903 1895 4958; x_wconf 92' lang='lat' dir='ltr'><strong>bum</strong></span> <span class='ocrx_word' id='word_1_802' title='bbox 1953 4900 2066 4964; x_wconf 88' lang='lat' dir='ltr'><strong>Dei,</strong></span> <span class='ocrx_word' id='word_1_803' title='bbox 2100 4908 2155 4955; x_wconf 91' lang='lat' dir='ltr'><strong>et</strong></span> <span class='ocrx_word' id='word_1_804' title='bbox 2184 4900 2347 4954; x_wconf 89' lang='lat' dir='ltr'><strong>verba</strong></span> <span class='ocrx_word' id='word_1_805' title='bbox 2393 4897 2519 4964; x_wconf 92' lang='lat' dir='ltr'><strong>Dei,</strong></span> <span class='ocrx_word' id='word_1_806' title='bbox 2560 4913 2679 4967; x_wconf 72' lang='lat' dir='ltr'><strong>quae</strong></span> <span class='ocrx_word' id='word_1_807' title='bbox 2719 4899 2914 4952; x_wconf 89' lang='lat' dir='ltr'><strong>divinis</strong></span> <span class='ocrx_word' id='word_1_808' title='bbox 2950 4902 3333 4968; x_wconf 88' lang='lat' dir='ltr'><strong>prophetarum</strong></span> 
     </span>
    </p>
   </div>
   <div class='ocr_carea' id='block_1_107' title="bbox 1769 4990 3332 5062">
    <p class='ocr_par' dir='ltr' id='par_1_107' title="bbox 1769 4990 3332 5062">
     <span class='ocr_line' id='line_1_107' title="bbox 1769 4990 3332 5062; baseline -0.004 -13"><span class='ocrx_word' id='word_1_809' title='bbox 1769 4993 2068 5062; x_wconf 88' lang='lat' dir='ltr'><strong>Scripturis</strong></span> <span class='ocrx_word' id='word_1_810' title='bbox 2125 4993 2330 5056; x_wconf 88' lang='lat' dir='ltr'><strong>insunt,</strong></span> <span class='ocrx_word' id='word_1_811' title='bbox 2372 4991 2442 5044; x_wconf 89' lang='lat' dir='ltr'><strong>ad</strong></span> <span class='ocrx_word' id='word_1_812' title='bbox 2489 4999 2676 5046; x_wconf 89' lang='lat' dir='ltr'><strong>sancta</strong></span> <span class='ocrx_word' id='word_1_813' title='bbox 2723 5005 2889 5059; x_wconf 85' lang='lat' dir='ltr'><strong>opera</strong></span> <span class='ocrx_word' id='word_1_814' title='bbox 2949 4990 3332 5056; x_wconf 88' lang='lat' dir='ltr'><strong>admonitoria,</strong></span> 
     </span>
    </p>
   </div>
   <div class='ocr_carea' id='block_1_108' title="bbox 1775 5082 3332 5155">
    <p class='ocr_par' dir='ltr' id='par_1_108' title="bbox 1775 5082 3332 5155">
     <span class='ocr_line' id='line_1_108' title="bbox 1775 5082 3332 5155; baseline -0.003 -12"><span class='ocrx_word' id='word_1_815' title='bbox 1775 5085 2116 5144; x_wconf 84' lang='lat' dir='ltr'><strong>exactissime</strong></span> <span class='ocrx_word' id='word_1_816' title='bbox 2165 5083 2465 5150; x_wconf 84' lang='lat' dir='ltr'><strong>callebant,</strong></span> <span class='ocrx_word' id='word_1_817' title='bbox 2500 5097 2623 5138; x_wconf 90' lang='lat' dir='ltr'><strong>cum</strong></span> <span class='ocrx_word' id='word_1_818' title='bbox 2667 5097 2696 5136; x_wconf 91' lang='lat' dir='ltr'><strong>a</strong></span> <span class='ocrx_word' id='word_1_819' title='bbox 2759 5084 2958 5139; x_wconf 88' lang='lat' dir='ltr'><strong>teneris</strong></span> <span class='ocrx_word' id='word_1_820' title='bbox 3007 5082 3332 5155; x_wconf 83' lang='lat' dir='ltr'><strong>unguiculis,</strong></span> 
     </span>
    </p>
   </div>
   <div class='ocr_carea' id='block_1_109' title="bbox 163 5292 1668 5382">
    <p class='ocr_par' dir='ltr' id='par_1_109' title="bbox 163 5292 1668 5382">
     <span class='ocr_line' id='line_1_109' title="bbox 163 5292 1668 5382; baseline 0.003 -34"><span class='ocrx_word' id='word_1_821' title='bbox 163 5299 226 5358; x_wconf 61' lang='grc' dir='ltr'><strong>»Β</strong></span> <span class='ocrx_word' id='word_1_822' title='bbox 262 5292 364 5350; x_wconf 85' lang='lat' dir='ltr'><strong>Ed.</strong></span> <span class='ocrx_word' id='word_1_823' title='bbox 391 5293 566 5353; x_wconf 84' lang='lat' dir='ltr'><strong>Paris.</strong></span> <span class='ocrx_word' id='word_1_824' title='bbox 619 5312 736 5370; x_wconf 87' lang='lat' dir='ltr'><strong>pag.</strong></span> <span class='ocrx_word' id='word_1_825' title='bbox 773 5298 896 5354; x_wconf 71' lang='grc'>144.</span> <span class='ocrx_word' id='word_1_826' title='bbox 981 5299 1024 5382; x_wconf 62' lang='grc' dir='ltr'><strong>εξ</strong></span> <span class='ocrx_word' id='word_1_827' title='bbox 1057 5296 1217 5355; x_wconf 68' lang='lat' dir='ltr'><strong>Joan.‘</strong></span> <span class='ocrx_word' id='word_1_828' title='bbox 1243 5312 1284 5365; x_wconf 85' lang='grc' dir='ltr'><strong>ι,</strong></span> <span class='ocrx_word' id='word_1_829' title='bbox 1318 5297 1369 5352; x_wconf 79' lang='grc' dir='ltr'><strong>ι.</strong></span> <span class='ocrx_word' id='word_1_830' title='bbox 1445 5297 1490 5330; x_wconf 71' lang='grc' dir='ltr'><strong>δ’</strong></span> <span class='ocrx_word' id='word_1_831' title='bbox 1512 5295 1668 5353; x_wconf 76' lang='lat' dir='ltr'><strong>Matth</strong></span> 
     </span>
    </p>
   </div>
   <div class='ocr_carea' id='block_1_110' title="bbox 1774 5292 2028 5382">
    <p class='ocr_par' dir='ltr' id='par_1_110' title="bbox 1776 5292 2028 5349">
     <span class='ocr_line' id='line_1_110' title="bbox 1776 5292 2028 5349; baseline -0.004 0"><span class='ocrx_word' id='word_1_832' title='bbox 1776 5309 1872 5349; x_wconf 69' lang='grc' dir='ltr'>χιιι</span> <span class='ocrx_word' id='word_1_833' title='bbox 1937 5292 2028 5348; x_wconf 76' lang='grc'><strong>15.</strong></span> 
     </span>
    </p>
   </div>
   <div class='ocr_carea' id='block_1_111' title="bbox 149 5539 729 5612">
    <p class='ocr_par' dir='ltr' id='par_1_111' title="bbox 149 5539 729 5612">
     <span class='ocr_line' id='line_1_111' title="bbox 149 5539 729 5612; baseline 0.003 -18"><span class='ocrx_word' id='word_1_834' title='bbox 149 5540 268 5612; x_wconf 69' lang='grc'><strong>(47)</strong></span> <span class='ocrx_word' id='word_1_835' title='bbox 306 5539 481 5612; x_wconf 64' lang='lat' dir='ltr'><strong>Vulgo</strong></span> <span class='ocrx_word' id='word_1_836' title='bbox 509 5541 729 5597; x_wconf 84' lang='grc' dir='ltr'>ὲναντία</span> 
     </span>
    </p>
   </div>
   <div class='ocr_carea' id='block_1_112' title="bbox 174 5610 799 5686">
    <p class='ocr_par' dir='ltr' id='par_1_112' title="bbox 174 5610 799 5686">
     <span class='ocr_line' id='line_1_112' title="bbox 174 5610 799 5686; baseline 0 0"><span class='ocrx_word' id='word_1_837' title='bbox 174 5610 270 5686; x_wconf 62' lang='grc'><strong>48)</strong></span> <span class='ocrx_word' id='word_1_838' title='bbox 304 5610 474 5686; x_wconf 70' lang='grc' dir='ltr'><strong>Ῡυιςο</strong></span> <span class='ocrx_word' id='word_1_839' title='bbox 488 5612 648 5686; x_wconf 62' lang='grc' dir='ltr'><strong>,ρβτω</strong></span> <span class='ocrx_word' id='word_1_840' title='bbox 668 5615 799 5686; x_wconf 61' lang='grc' dir='ltr'>γάρε</span> 
     </span>
    </p>
   </div>
   <div class='ocr_carea' id='block_1_113' title="bbox 148 5611 1654 5756">
    <p class='ocr_par' dir='ltr' id='par_1_113' title="bbox 148 5611 1654 5756">
     <span class='ocr_line' id='line_1_113' title="bbox 174 5611 799 5686; baseline 0.008 -22"><span class='ocrx_word' id='word_1_841' title='bbox 174 5611 247 5664; x_wconf 76' lang='grc'><strong>48</strong></span> <span class='ocrx_word' id='word_1_842' title='bbox 304 5611 474 5680; x_wconf 83' lang='lat' dir='ltr'><strong>Vulgo</strong></span> <span class='ocrx_word' id='word_1_843' title='bbox 504 5612 648 5666; x_wconf 77' lang='grc' dir='ltr'>οὕτω</span> <span class='ocrx_word' id='word_1_844' title='bbox 668 5615 799 5686; x_wconf 81' lang='grc' dir='ltr'>γάρ.</span> 
     </span>
     <span class='ocr_line' id='line_1_114' title="bbox 148 5611 1654 5756; baseline 0.003 -18"><span class='ocrx_word' id='word_1_845' title='bbox 148 5611 270 5756; x_wconf 50' lang='grc' dir='ltr'><strong>ἱ49ζ</strong></span> <span class='ocrx_word' id='word_1_846' title='bbox 301 5680 624 5750; x_wconf 78' lang='grc' dir='ltr'>Θαυμάζετε</span> <span class='ocrx_word' id='word_1_847' title='bbox 649 5685 854 5740; x_wconf 83' lang='grc' dir='ltr'>αὐτόν.</span> <span class='ocrx_word' id='word_1_848' title='bbox 893 5683 1027 5755; x_wconf 90' lang='lat' dir='ltr'><strong>lmo,</strong></span> <span class='ocrx_word' id='word_1_849' title='bbox 1061 5681 1328 5754; x_wconf 80' lang='grc' dir='ltr'>θαυμάζει</span> <span class='ocrx_word' id='word_1_850' title='bbox 1357 5699 1437 5738; x_wconf 91' lang='grc' dir='ltr'><strong>τε.</strong></span> <span class='ocrx_word' id='word_1_851' title='bbox 1466 5682 1654 5742; x_wconf 78' lang='lat' dir='ltr'><strong>Admi-</strong></span> 
     </span>
    </p>
   </div>
   <div class='ocr_carea' id='block_1_114' title="bbox 1758 5534 2803 5596">
    <p class='ocr_par' dir='ltr' id='par_1_114' title="bbox 1758 5534 2803 5596">
     <span class='ocr_line' id='line_1_115' title="bbox 1758 5534 2803 5596; baseline -0.007 0"><span class='ocrx_word' id='word_1_852' title='bbox 1758 5548 1912 5596; x_wconf 84' lang='lat' dir='ltr'><strong>ratnr</strong></span> <span class='ocrx_word' id='word_1_853' title='bbox 1940 5537 2226 5593; x_wconf 80' lang='lat' dir='ltr'><strong>Marcellus</strong></span> <span class='ocrx_word' id='word_1_854' title='bbox 2253 5536 2486 5591; x_wconf 87' lang='lat' dir='ltr'><strong>scribam</strong></span> <span class='ocrx_word' id='word_1_855' title='bbox 2522 5535 2698 5590; x_wconf 89' lang='lat' dir='ltr'><strong>illum.</strong></span> <span class='ocrx_word' id='word_1_856' title='bbox 2731 5534 2803 5590; x_wconf 86' lang='lat' dir='ltr'><strong>M.</strong></span> 
     </span>
    </p>
   </div>
   <div class='ocr_carea' id='block_1_115' title="bbox 1830 5604 3330 5682">
    <p class='ocr_par' dir='ltr' id='par_1_115' title="bbox 1830 5604 3330 5682">
     <span class='ocr_line' id='line_1_116' title="bbox 1830 5604 3330 5682; baseline -0.003 -17"><span class='ocrx_word' id='word_1_857' title='bbox 1830 5608 1945 5682; x_wconf 81' lang='lat'><strong>(50)</strong></span> <span class='ocrx_word' id='word_1_858' title='bbox 1973 5609 2141 5682; x_wconf 85' lang='lat' dir='ltr'><strong>V_ulgo</strong></span> <span class='ocrx_word' id='word_1_859' title='bbox 2163 5606 2602 5682; x_wconf 51' lang='lat' dir='ltr'><strong>opoltoyofoawet</strong></span> <span class='ocrx_word' id='word_1_860' title='bbox 2642 5604 2993 5676; x_wconf 84' lang='grc' dir='ltr'>ἀποπέφαται</span> <span class='ocrx_word' id='word_1_861' title='bbox 3025 5615 3077 5664; x_wconf 88' lang='lat' dir='ltr'><strong>et</strong></span> <span class='ocrx_word' id='word_1_862' title='bbox 3120 5619 3239 5661; x_wconf 84' lang='lat' dir='ltr'><strong>mox</strong></span> <span class='ocrx_word' id='word_1_863' title='bbox 3276 5623 3330 5660; x_wconf 89' lang='grc' dir='ltr'><strong>τ.</strong></span> 
     </span>
    </p>
   </div>
   <div class='ocr_carea' id='block_1_116' title="bbox 1762 5675 2608 5753">
    <p class='ocr_par' dir='ltr' id='par_1_116' title="bbox 1762 5675 2608 5753">
     <span class='ocr_line' id='line_1_117' title="bbox 1762 5675 2608 5753; baseline -0.002 -18"><span class='ocrx_word' id='word_1_864' title='bbox 1762 5675 1942 5753; x_wconf 78' lang='grc' dir='ltr'>σάρκα</span> <span class='ocrx_word' id='word_1_865' title='bbox 1971 5675 2111 5734; x_wconf 71' lang='grc' dir='ltr'>εἶναι</span> <span class='ocrx_word' id='word_1_866' title='bbox 2148 5675 2248 5750; x_wconf 75' lang='grc' dir='ltr'>τὴν</span> <span class='ocrx_word' id='word_1_867' title='bbox 2276 5678 2480 5746; x_wconf 78' lang='grc' dir='ltr'>εἰκόνα,</span> <span class='ocrx_word' id='word_1_868' title='bbox 2512 5677 2608 5742; x_wconf 88' lang='grc' dir='ltr'>ὡς.</span> 
     </span>
    </p>
   </div>
  </div>
