  <div class='ocr_page' id='page_1' title='image "/cluster/home/n/w/nwhite01/storage/ocr_20150623/24/nnc1.0046978259/617.png"; bbox 0 0 3828 6222; ppageno 0'>
   <div class='ocr_carea' id='block_1_1' title="bbox 1081 287 2945 354">
    <p class='ocr_par' dir='ltr' id='par_1_1' title="bbox 1081 287 2945 354">
     <span class='ocr_line' id='line_1_1' title="bbox 1081 287 2945 354; baseline -0.002 -2"><span class='ocrx_word' id='word_1_1' title='bbox 1081 287 1352 352; x_wconf 77' lang='lat' dir='ltr'><strong>EUSEBII</strong></span> <span class='ocrx_word' id='word_1_2' title='bbox 1382 289 1857 354; x_wconf 67' lang='lat' dir='ltr'><strong>CESARIENSIS</strong></span> <span class='ocrx_word' id='word_1_3' title='bbox 1894 292 2054 353; x_wconf 79' lang='lat' dir='ltr'><strong>OPP.</strong></span> <span class='ocrx_word' id='word_1_4' title='bbox 2086 292 2276 351; x_wconf 65' lang='grc' dir='ltr'><strong>ΡΜὶὸ</strong></span> <span class='ocrx_word' id='word_1_5' title='bbox 2303 291 2393 348; x_wconf 82' lang='lat' dir='ltr'><strong>lV.</strong></span> <span class='ocrx_word' id='word_1_6' title='bbox 2432 323 2503 334; x_wconf 89' lang='lat'><strong>--</strong></span> <span class='ocrx_word' id='word_1_7' title='bbox 2535 290 2945 350; x_wconf 63' lang='lat' dir='ltr'><strong>DOGMATICK.</strong></span> 
     </span>
    </p>
   </div>
   <div class='ocr_carea' id='block_1_2' title="bbox 3524 282 3654 350">
    <p class='ocr_par' dir='ltr' id='par_1_2' title="bbox 3524 282 3654 350">
     <span class='ocr_line' id='line_1_2' title="bbox 3524 282 3654 350; baseline -0.031 0"><span class='ocrx_word' id='word_1_8' title='bbox 3524 282 3654 350; x_wconf 64' lang='grc' dir='ltr'><strong>παῖ’</strong></span> 
     </span>
    </p>
   </div>
   <div class='ocr_carea' id='block_1_3' title="bbox 397 401 1978 485">
    <p class='ocr_par' dir='ltr' id='par_1_3' title="bbox 397 401 1966 485">
     <span class='ocr_line' id='line_1_3' title="bbox 397 401 1966 485; baseline -0.003 -15"><span class='ocrx_word' id='word_1_9' title='bbox 397 407 696 485; x_wconf 73' lang='lat' dir='ltr'><strong>perfectam</strong></span> <span class='ocrx_word' id='word_1_10' title='bbox 749 401 1088 480; x_wconf 79' lang='lat' dir='ltr'><strong>intelligendi</strong></span> <span class='ocrx_word' id='word_1_11' title='bbox 1145 414 1493 478; x_wconf 88' lang='lat' dir='ltr'><strong>potestatem.</strong></span> <span class='ocrx_word' id='word_1_12' title='bbox 1551 408 1812 476; x_wconf 83' lang='lat' dir='ltr'><strong>Quocirca</strong></span> <span class='ocrx_word' id='word_1_13' title='bbox 1866 424 1966 465; x_wconf 92' lang='lat' dir='ltr'><strong>nec</strong></span> 
     </span>
    </p>
   </div>
   <div class='ocr_carea' id='block_1_4' title="bbox 2079 401 3640 485">
    <p class='ocr_par' dir='ltr' id='par_1_4' title="bbox 2079 402 3640 478">
     <span class='ocr_line' id='line_1_4' title="bbox 2079 402 3640 478; baseline 0 -19"><span class='ocrx_word' id='word_1_14' title='bbox 2079 421 2226 471; x_wconf 74' lang='grc' dir='ltr'>ςεως,</span> <span class='ocrx_word' id='word_1_15' title='bbox 2257 408 2316 460; x_wconf 83' lang='grc' dir='ltr'><strong>ὲν</strong></span> <span class='ocrx_word' id='word_1_16' title='bbox 2344 403 2422 478; x_wconf 80' lang='grc' dir='ltr'>τῷ</span> <span class='ocrx_word' id='word_1_17' title='bbox 2451 404 2550 476; x_wconf 82' lang='grc' dir='ltr'>τῆς</span> <span class='ocrx_word' id='word_1_18' title='bbox 2579 404 2936 476; x_wconf 89' lang='grc' dir='ltr'>κοσμοποιίας</span> <span class='ocrx_word' id='word_1_19' title='bbox 2964 402 3128 475; x_wconf 77' lang='grc' dir='ltr'>λόγῳ,</span> <span class='ocrx_word' id='word_1_20' title='bbox 3157 402 3330 456; x_wconf 80' lang='grc' dir='ltr'>καίτοι</span> <span class='ocrx_word' id='word_1_21' title='bbox 3356 402 3470 458; x_wconf 89' lang='grc' dir='ltr'><strong>τῶν</strong></span> <span class='ocrx_word' id='word_1_22' title='bbox 3498 405 3640 474; x_wconf 82' lang='grc' dir='ltr'><strong>μετά</strong></span> 
     </span>
    </p>
   </div>
   <div class='ocr_carea' id='block_1_5' title="bbox 401 499 1967 572">
    <p class='ocr_par' dir='ltr' id='par_1_5' title="bbox 401 499 1967 572">
     <span class='ocr_line' id='line_1_5' title="bbox 401 499 1967 572; baseline -0.007 -9"><span class='ocrx_word' id='word_1_23' title='bbox 401 507 471 563; x_wconf 93' lang='lat' dir='ltr'><strong>de</strong></span> <span class='ocrx_word' id='word_1_24' title='bbox 495 503 730 561; x_wconf 88' lang='lat' dir='ltr'><strong>conditis</strong></span> <span class='ocrx_word' id='word_1_25' title='bbox 759 501 964 572; x_wconf 74' lang='lat' dir='ltr'><strong>angelis</strong></span> <span class='ocrx_word' id='word_1_26' title='bbox 993 499 1122 556; x_wconf 77' lang='lat' dir='ltr'><strong>facit</strong></span> <span class='ocrx_word' id='word_1_27' title='bbox 1153 499 1505 565; x_wconf 76' lang='lat' dir='ltr'><strong>mentionem,</strong></span> <span class='ocrx_word' id='word_1_28' title='bbox 1541 499 1594 555; x_wconf 90' lang='lat' dir='ltr'><strong>in</strong></span> <span class='ocrx_word' id='word_1_29' title='bbox 1636 499 1723 554; x_wconf 90' lang='lat' dir='ltr'><strong>illa</strong></span> <span class='ocrx_word' id='word_1_30' title='bbox 1753 513 1967 557; x_wconf 84' lang='lat' dir='ltr'><strong>cosmo-</strong></span> 
     </span>
    </p>
   </div>
   <div class='ocr_carea' id='block_1_6' title="bbox 401 590 1968 667">
    <p class='ocr_par' dir='ltr' id='par_1_6' title="bbox 401 590 1968 667">
     <span class='ocr_line' id='line_1_6' title="bbox 401 590 1968 667; baseline -0.004 -15"><span class='ocrx_word' id='word_1_31' title='bbox 401 595 557 667; x_wconf 72' lang='lat' dir='ltr'><strong>ptnia:</strong></span> <span class='ocrx_word' id='word_1_32' title='bbox 605 593 811 648; x_wconf 75' lang='lat' dir='ltr'><strong>ratione</strong></span> <span class='ocrx_word' id='word_1_33' title='bbox 852 590 1207 648; x_wconf 82' lang='lat' dir='ltr'><strong>describenda</strong></span> <span class='ocrx_word' id='word_1_34' title='bbox 1253 609 1268 645; x_wconf 89' lang='lat'><strong>:</strong></span> <span class='ocrx_word' id='word_1_35' title='bbox 1323 605 1444 646; x_wconf 91' lang='lat' dir='ltr'><strong>cum</strong></span> <span class='ocrx_word' id='word_1_36' title='bbox 1477 590 1656 646; x_wconf 88' lang='lat' dir='ltr'><strong>tamen</strong></span> <span class='ocrx_word' id='word_1_37' title='bbox 1690 590 1968 660; x_wconf 67' lang='lat' dir='ltr'><strong>propheta</strong></span> 
     </span>
    </p>
   </div>
   <div class='ocr_carea' id='block_1_7' title="bbox 400 681 1966 756">
    <p class='ocr_par' dir='ltr' id='par_1_7' title="bbox 400 681 1966 756">
     <span class='ocr_line' id='line_1_7' title="bbox 400 681 1966 756; baseline -0.004 -13"><span class='ocrx_word' id='word_1_38' title='bbox 400 688 494 744; x_wconf 92' lang='lat' dir='ltr'><strong>illo</strong></span> <span class='ocrx_word' id='word_1_39' title='bbox 519 685 847 756; x_wconf 78' lang='lat' dir='ltr'><strong>posteriores</strong></span> <span class='ocrx_word' id='word_1_40' title='bbox 877 681 1189 752; x_wconf 76' lang='lat' dir='ltr'><strong>angelorum</strong></span> <span class='ocrx_word' id='word_1_41' title='bbox 1230 681 1466 739; x_wconf 79' lang='lat' dir='ltr'><strong>fecerint</strong></span> <span class='ocrx_word' id='word_1_42' title='bbox 1497 681 1843 746; x_wconf 89' lang='lat' dir='ltr'><strong>mentionem,</strong></span> <span class='ocrx_word' id='word_1_43' title='bbox 1882 682 1966 736; x_wconf 82' lang='lat' dir='ltr'><strong>di-</strong></span> 
     </span>
    </p>
   </div>
   <div class='ocr_carea' id='block_1_8' title="bbox 401 775 1974 847">
    <p class='ocr_par' dir='ltr' id='par_1_8' title="bbox 401 775 1974 847">
     <span class='ocr_line' id='line_1_8' title="bbox 401 775 1974 847; baseline -0.001 -17"><span class='ocrx_word' id='word_1_44' title='bbox 401 781 759 842; x_wconf 78' lang='lat' dir='ltr'><strong>vinarumque</strong></span> <span class='ocrx_word' id='word_1_45' title='bbox 785 785 1112 847; x_wconf 89' lang='lat' dir='ltr'><strong>potestatum</strong></span> <span class='ocrx_word' id='word_1_46' title='bbox 1145 784 1199 830; x_wconf 91' lang='lat' dir='ltr'><strong>et</strong></span> <span class='ocrx_word' id='word_1_47' title='bbox 1236 775 1522 845; x_wconf 88' lang='lat' dir='ltr'><strong>spirituum</strong></span> <span class='ocrx_word' id='word_1_48' title='bbox 1550 783 1884 835; x_wconf 86' lang='lat' dir='ltr'><strong>sanctorum,</strong></span> <span class='ocrx_word' id='word_1_49' title='bbox 1914 781 1974 828; x_wconf 87' lang='lat' dir='ltr'><strong>et</strong></span> 
     </span>
    </p>
   </div>
   <div class='ocr_carea' id='block_1_9' title="bbox 399 865 1970 936">
    <p class='ocr_par' dir='ltr' id='par_1_9' title="bbox 399 865 1970 936">
     <span class='ocr_line' id='line_1_9' title="bbox 399 865 1970 936; baseline -0.003 -12"><span class='ocrx_word' id='word_1_50' title='bbox 399 869 496 924; x_wconf 85' lang='lat' dir='ltr'><strong>Dei</strong></span> <span class='ocrx_word' id='word_1_51' title='bbox 547 868 919 923; x_wconf 91' lang='lat' dir='ltr'><strong>ministrorum</strong></span> <span class='ocrx_word' id='word_1_52' title='bbox 950 865 1438 936; x_wconf 74' lang='lat' dir='ltr'><strong>supercmlestium,</strong></span> <span class='ocrx_word' id='word_1_53' title='bbox 1485 867 1548 921; x_wconf 87' lang='lat' dir='ltr'><strong>de</strong></span> <span class='ocrx_word' id='word_1_54' title='bbox 1569 866 1765 935; x_wconf 78' lang='lat' dir='ltr'><strong>quibus</strong></span> <span class='ocrx_word' id='word_1_55' title='bbox 1788 866 1970 921; x_wconf 84' lang='lat' dir='ltr'><strong>docuit</strong></span> 
     </span>
    </p>
   </div>
   <div class='ocr_carea' id='block_1_10' title="bbox 399 956 1970 1026">
    <p class='ocr_par' dir='ltr' id='par_1_10' title="bbox 399 956 1970 1026">
     <span class='ocr_line' id='line_1_10' title="bbox 399 956 1970 1026; baseline -0.004 -9"><span class='ocrx_word' id='word_1_56' title='bbox 399 971 455 1017; x_wconf 89' lang='lat' dir='ltr'><strong>et</strong></span> <span class='ocrx_word' id='word_1_57' title='bbox 503 961 718 1016; x_wconf 86' lang='lat' dir='ltr'><strong>locutus</strong></span> <span class='ocrx_word' id='word_1_58' title='bbox 762 967 848 1016; x_wconf 88' lang='lat' dir='ltr'><strong>est</strong></span> <span class='ocrx_word' id='word_1_59' title='bbox 880 958 1089 1026; x_wconf 86' lang='lat' dir='ltr'><strong>Daniel,</strong></span> <span class='ocrx_word' id='word_1_60' title='bbox 1125 956 1295 1012; x_wconf 79' lang='lat' dir='ltr'><strong>Millia</strong></span> <span class='ocrx_word' id='word_1_61' title='bbox 1340 958 1565 1012; x_wconf 75' lang='lat' dir='ltr'><strong>millium</strong></span> <span class='ocrx_word' id='word_1_62' title='bbox 1596 959 1970 1012; x_wconf 74' lang='lat' dir='ltr'><strong>ministrabant</strong></span> 
     </span>
    </p>
   </div>
   <div class='ocr_carea' id='block_1_11' title="bbox 399 1048 1969 1116">
    <p class='ocr_par' dir='ltr' id='par_1_11' title="bbox 399 1048 1969 1116">
     <span class='ocr_line' id='line_1_11' title="bbox 399 1048 1969 1116; baseline -0.004 -9"><span class='ocrx_word' id='word_1_63' title='bbox 399 1053 447 1107; x_wconf 83' lang='lat' dir='ltr'><strong>ei</strong></span> <span class='ocrx_word' id='word_1_64' title='bbox 471 1061 519 1106; x_wconf 87' lang='lat' dir='ltr'><strong>et</strong></span> <span class='ocrx_word' id='word_1_65' title='bbox 551 1051 721 1106; x_wconf 83' lang='lat' dir='ltr'><strong>decies</strong></span> <span class='ocrx_word' id='word_1_66' title='bbox 747 1051 946 1104; x_wconf 84' lang='lat' dir='ltr'><strong>centies</strong></span> <span class='ocrx_word' id='word_1_67' title='bbox 965 1058 1174 1102; x_wconf 86' lang='lat' dir='ltr'><strong>centena</strong></span> <span class='ocrx_word' id='word_1_68' title='bbox 1200 1049 1370 1100; x_wconf 83' lang='lat' dir='ltr'><strong>millia</strong></span> <span class='ocrx_word' id='word_1_69' title='bbox 1395 1049 1633 1104; x_wconf 75' lang='lat' dir='ltr'><strong>astabant</strong></span> <span class='ocrx_word' id='word_1_70' title='bbox 1665 1049 1713 1104; x_wconf 91' lang='lat' dir='ltr'><strong>ei</strong></span> <span class='ocrx_word' id='word_1_71' title='bbox 1739 1049 1805 1102; x_wconf 84' lang='grc'><strong>³⁸.</strong></span> <span class='ocrx_word' id='word_1_72' title='bbox 1821 1048 1969 1116; x_wconf 88' lang='lat' dir='ltr'><strong>Quu-</strong></span> 
     </span>
    </p>
   </div>
   <div class='ocr_carea' id='block_1_12' title="bbox 371 1140 1971 1211">
    <p class='ocr_par' dir='ltr' id='par_1_12' title="bbox 371 1140 1971 1211">
     <span class='ocr_line' id='line_1_12' title="bbox 371 1140 1971 1211; baseline -0.001 -13"><span class='ocrx_word' id='word_1_73' title='bbox 371 1147 374 1150; x_wconf 82' lang='grc'><strong>’</strong></span> <span class='ocrx_word' id='word_1_74' title='bbox 403 1159 522 1198; x_wconf 90' lang='lat' dir='ltr'><strong>rum</strong></span> <span class='ocrx_word' id='word_1_75' title='bbox 558 1155 740 1200; x_wconf 88' lang='lat' dir='ltr'><strong>tamen</strong></span> <span class='ocrx_word' id='word_1_76' title='bbox 784 1142 1116 1197; x_wconf 87' lang='lat' dir='ltr'><strong>mentionem</strong></span> <span class='ocrx_word' id='word_1_77' title='bbox 1160 1140 1380 1196; x_wconf 90' lang='lat' dir='ltr'><strong>silentio</strong></span> <span class='ocrx_word' id='word_1_78' title='bbox 1415 1155 1638 1211; x_wconf 88' lang='lat' dir='ltr'><strong>prorsus</strong></span> <span class='ocrx_word' id='word_1_79' title='bbox 1668 1141 1845 1198; x_wconf 78' lang='lat' dir='ltr'><strong>Moses</strong></span> <span class='ocrx_word' id='word_1_80' title='bbox 1887 1143 1971 1196; x_wconf 88' lang='lat' dir='ltr'><strong>in-</strong></span> 
     </span>
    </p>
   </div>
   <div class='ocr_carea' id='block_1_13' title="bbox 405 1232 1971 1302">
    <p class='ocr_par' dir='ltr' id='par_1_13' title="bbox 405 1232 1971 1302">
     <span class='ocr_line' id='line_1_13' title="bbox 405 1232 1971 1302; baseline 0.003 -16"><span class='ocrx_word' id='word_1_81' title='bbox 405 1235 674 1298; x_wconf 83' lang='lat' dir='ltr'><strong>volvebat,</strong></span> <span class='ocrx_word' id='word_1_82' title='bbox 713 1249 836 1289; x_wconf 90' lang='lat' dir='ltr'><strong>cum</strong></span> <span class='ocrx_word' id='word_1_83' title='bbox 867 1244 1048 1289; x_wconf 84' lang='lat' dir='ltr'><strong>tamen</strong></span> <span class='ocrx_word' id='word_1_84' title='bbox 1083 1232 1173 1288; x_wconf 89' lang='lat' dir='ltr'><strong>ille</strong></span> <span class='ocrx_word' id='word_1_85' title='bbox 1205 1247 1297 1288; x_wconf 88' lang='lat' dir='ltr'><strong>eos</strong></span> <span class='ocrx_word' id='word_1_86' title='bbox 1323 1247 1428 1287; x_wconf 90' lang='lat' dir='ltr'><strong>non</strong></span> <span class='ocrx_word' id='word_1_87' title='bbox 1463 1233 1755 1302; x_wconf 77' lang='lat' dir='ltr'><strong>ignoraret,</strong></span> <span class='ocrx_word' id='word_1_88' title='bbox 1785 1243 1971 1300; x_wconf 87' lang='lat' dir='ltr'><strong>utpote</strong></span> 
     </span>
    </p>
   </div>
   <div class='ocr_carea' id='block_1_14' title="bbox 403 1323 1970 1398">
    <p class='ocr_par' dir='ltr' id='par_1_14' title="bbox 403 1323 1970 1398">
     <span class='ocr_line' id='line_1_14' title="bbox 403 1323 1970 1398; baseline -0.001 -18"><span class='ocrx_word' id='word_1_89' title='bbox 403 1327 772 1398; x_wconf 83' lang='lat' dir='ltr'><strong>qui-exactam</strong></span> <span class='ocrx_word' id='word_1_90' title='bbox 805 1339 986 1380; x_wconf 90' lang='lat' dir='ltr'><strong>rerum</strong></span> <span class='ocrx_word' id='word_1_91' title='bbox 1017 1325 1256 1380; x_wconf 85' lang='lat' dir='ltr'><strong>omnium</strong></span> <span class='ocrx_word' id='word_1_92' title='bbox 1291 1325 1652 1396; x_wconf 77' lang='lat' dir='ltr'><strong>cognitionem</strong></span> <span class='ocrx_word' id='word_1_93' title='bbox 1692 1326 1759 1381; x_wconf 90' lang='lat' dir='ltr'><strong>ab</strong></span> <span class='ocrx_word' id='word_1_94' title='bbox 1791 1323 1970 1380; x_wconf 76' lang='lat' dir='ltr'><strong>alllatu</strong></span> 
     </span>
    </p>
   </div>
   <div class='ocr_carea' id='block_1_15' title="bbox 406 1415 1973 1488">
    <p class='ocr_par' dir='ltr' id='par_1_15' title="bbox 406 1415 1973 1488">
     <span class='ocr_line' id='line_1_15' title="bbox 406 1415 1973 1488; baseline -0.003 -15"><span class='ocrx_word' id='word_1_95' title='bbox 406 1418 578 1474; x_wconf 83' lang='lat' dir='ltr'><strong>divini</strong></span> <span class='ocrx_word' id='word_1_96' title='bbox 610 1417 846 1488; x_wconf 87' lang='lat' dir='ltr'><strong>Spiritus</strong></span> <span class='ocrx_word' id='word_1_97' title='bbox 873 1424 1181 1486; x_wconf 83' lang='lat' dir='ltr'><strong>acceperat.</strong></span> <span class='ocrx_word' id='word_1_98' title='bbox 1205 1415 1319 1470; x_wconf 81' lang='lat' dir='ltr'><strong>Non</strong></span> <span class='ocrx_word' id='word_1_99' title='bbox 1343 1425 1522 1470; x_wconf 89' lang='lat' dir='ltr'><strong>tamen</strong></span> <span class='ocrx_word' id='word_1_100' title='bbox 1555 1416 1696 1471; x_wconf 86' lang='lat' dir='ltr'><strong>inter</strong></span> <span class='ocrx_word' id='word_1_101' title='bbox 1719 1430 1802 1470; x_wconf 93' lang='lat' dir='ltr'><strong>res</strong></span> <span class='ocrx_word' id='word_1_102' title='bbox 1819 1429 1973 1470; x_wconf 88' lang='lat' dir='ltr'><strong>crea-</strong></span> 
     </span>
    </p>
   </div>
   <div class='ocr_carea' id='block_1_16' title="bbox 405 1504 1972 1563">
    <p class='ocr_par' dir='ltr' id='par_1_16' title="bbox 405 1504 1972 1563">
     <span class='ocr_line' id='line_1_16' title="bbox 405 1504 1972 1563; baseline -0.003 -1"><span class='ocrx_word' id='word_1_103' title='bbox 405 1515 492 1562; x_wconf 86' lang='lat' dir='ltr'><strong>tas</strong></span> <span class='ocrx_word' id='word_1_104' title='bbox 539 1507 921 1563; x_wconf 87' lang='lat' dir='ltr'><strong>memorandas</strong></span> <span class='ocrx_word' id='word_1_105' title='bbox 958 1519 1146 1560; x_wconf 89' lang='lat' dir='ltr'><strong>eorum</strong></span> <span class='ocrx_word' id='word_1_106' title='bbox 1182 1505 1434 1559; x_wconf 89' lang='lat' dir='ltr'><strong>meminit</strong></span> <span class='ocrx_word' id='word_1_107' title='bbox 1473 1521 1502 1558; x_wconf 89' lang='lat' dir='ltr'><strong>a</strong></span> <span class='ocrx_word' id='word_1_108' title='bbox 1561 1504 1670 1560; x_wconf 87' lang='lat' dir='ltr'><strong>Deo</strong></span> <span class='ocrx_word' id='word_1_109' title='bbox 1725 1505 1972 1560; x_wconf 89' lang='lat' dir='ltr'><strong>condito-</strong></span> 
     </span>
    </p>
   </div>
   <div class='ocr_carea' id='block_1_17' title="bbox 404 1597 1970 1670">
    <p class='ocr_par' dir='ltr' id='par_1_17' title="bbox 404 1597 1970 1670">
     <span class='ocr_line' id='line_1_17' title="bbox 404 1597 1970 1670; baseline -0.004 -14"><span class='ocrx_word' id='word_1_110' title='bbox 404 1615 548 1657; x_wconf 89' lang='lat' dir='ltr'><strong>rum.</strong></span> <span class='ocrx_word' id='word_1_111' title='bbox 605 1599 772 1670; x_wconf 83' lang='lat' dir='ltr'><strong>Cujus</strong></span> <span class='ocrx_word' id='word_1_112' title='bbox 805 1599 882 1654; x_wconf 90' lang='lat' dir='ltr'><strong>rei</strong></span> <span class='ocrx_word' id='word_1_113' title='bbox 935 1611 1156 1654; x_wconf 85' lang='lat' dir='ltr'><strong>causam</strong></span> <span class='ocrx_word' id='word_1_114' title='bbox 1185 1612 1292 1652; x_wconf 92' lang='lat' dir='ltr'><strong>non</strong></span> <span class='ocrx_word' id='word_1_115' title='bbox 1325 1597 1484 1652; x_wconf 83' lang='lat' dir='ltr'><strong>aliam</strong></span> <span class='ocrx_word' id='word_1_116' title='bbox 1537 1597 1930 1653; x_wconf 85' lang='lat' dir='ltr'><strong>reddiderimus</strong></span> <span class='ocrx_word' id='word_1_117' title='bbox 1954 1635 1970 1659; x_wconf 94' lang='lat'><strong>,</strong></span> 
     </span>
    </p>
   </div>
   <div class='ocr_carea' id='block_1_18' title="bbox 405 1685 1972 1758">
    <p class='ocr_par' dir='ltr' id='par_1_18' title="bbox 405 1685 1972 1758">
     <span class='ocr_line' id='line_1_18' title="bbox 405 1685 1972 1758; baseline -0.001 -16"><span class='ocrx_word' id='word_1_118' title='bbox 405 1702 567 1758; x_wconf 86' lang='lat' dir='ltr'><strong>quam</strong></span> <span class='ocrx_word' id='word_1_119' title='bbox 597 1685 909 1742; x_wconf 68' lang='lat' dir='ltr'><strong>Judmorum</strong></span> <span class='ocrx_word' id='word_1_120' title='bbox 923 1687 1173 1741; x_wconf 90' lang='lat' dir='ltr'><strong>duritiem</strong></span> <span class='ocrx_word' id='word_1_121' title='bbox 1221 1685 1420 1752; x_wconf 82' lang='lat' dir='ltr'><strong>cordis,</strong></span> <span class='ocrx_word' id='word_1_122' title='bbox 1446 1687 1587 1757; x_wconf 91' lang='lat' dir='ltr'><strong>quod</strong></span> <span class='ocrx_word' id='word_1_123' title='bbox 1619 1695 1674 1742; x_wconf 90' lang='lat' dir='ltr'><strong>et</strong></span> <span class='ocrx_word' id='word_1_124' title='bbox 1700 1687 1814 1756; x_wconf 89' lang='lat' dir='ltr'><strong>ipse</strong></span> <span class='ocrx_word' id='word_1_125' title='bbox 1842 1685 1972 1741; x_wconf 91' lang='lat' dir='ltr'><strong>Ser-</strong></span> 
     </span>
    </p>
   </div>
   <div class='ocr_carea' id='block_1_19' title="bbox 405 1772 1974 1830">
    <p class='ocr_par' dir='ltr' id='par_1_19' title="bbox 405 1772 1974 1830">
     <span class='ocr_line' id='line_1_19' title="bbox 405 1772 1974 1830; baseline -0.001 -1"><span class='ocrx_word' id='word_1_126' title='bbox 405 1783 564 1829; x_wconf 86' lang='lat' dir='ltr'><strong>vator</strong></span> <span class='ocrx_word' id='word_1_127' title='bbox 581 1773 783 1830; x_wconf 86' lang='lat' dir='ltr'><strong>docuit.</strong></span> <span class='ocrx_word' id='word_1_128' title='bbox 812 1773 917 1829; x_wconf 88' lang='lat' dir='ltr'><strong>Sed</strong></span> <span class='ocrx_word' id='word_1_129' title='bbox 941 1783 997 1829; x_wconf 90' lang='lat' dir='ltr'><strong>et</strong></span> <span class='ocrx_word' id='word_1_130' title='bbox 1039 1772 1144 1827; x_wconf 88' lang='lat' dir='ltr'><strong>alia</strong></span> <span class='ocrx_word' id='word_1_131' title='bbox 1177 1783 1432 1827; x_wconf 79' lang='lat' dir='ltr'><strong>sexcenta</strong></span> <span class='ocrx_word' id='word_1_132' title='bbox 1468 1774 1520 1828; x_wconf 92' lang='lat' dir='ltr'><strong>in</strong></span> <span class='ocrx_word' id='word_1_133' title='bbox 1552 1789 1734 1828; x_wconf 90' lang='lat' dir='ltr'><strong>rerum</strong></span> <span class='ocrx_word' id='word_1_134' title='bbox 1757 1783 1974 1829; x_wconf 80' lang='lat' dir='ltr'><strong>exstare</strong></span> 
     </span>
    </p>
   </div>
   <div class='ocr_carea' id='block_1_20' title="bbox 407 1863 1970 1935">
    <p class='ocr_par' dir='ltr' id='par_1_20' title="bbox 407 1863 1970 1935">
     <span class='ocr_line' id='line_1_20' title="bbox 407 1863 1970 1935; baseline -0.001 -12"><span class='ocrx_word' id='word_1_135' title='bbox 407 1866 764 1923; x_wconf 71' lang='lat' dir='ltr'><strong>universitate</strong></span> <span class='ocrx_word' id='word_1_136' title='bbox 797 1865 974 1922; x_wconf 86' lang='lat' dir='ltr'><strong>discas</strong></span> <span class='ocrx_word' id='word_1_137' title='bbox 1006 1878 1102 1935; x_wconf 90' lang='lat' dir='ltr'><strong>per</strong></span> <span class='ocrx_word' id='word_1_138' title='bbox 1121 1863 1253 1920; x_wconf 83' lang='lat' dir='ltr'><strong>Novi</strong></span> <span class='ocrx_word' id='word_1_139' title='bbox 1293 1864 1631 1921; x_wconf 82' lang='lat' dir='ltr'><strong>Testamenti</strong></span> <span class='ocrx_word' id='word_1_140' title='bbox 1663 1865 1970 1934; x_wconf 90' lang='lat' dir='ltr'><strong>lectionem,</strong></span> 
     </span>
    </p>
   </div>
   <div class='ocr_carea' id='block_1_21' title="bbox 409 1955 1976 2026">
    <p class='ocr_par' dir='ltr' id='par_1_21' title="bbox 409 1955 1976 2026">
     <span class='ocr_line' id='line_1_21' title="bbox 409 1955 1976 2026; baseline 0.001 -14"><span class='ocrx_word' id='word_1_141' title='bbox 409 1969 530 2025; x_wconf 85' lang='lat' dir='ltr'><strong>quae</strong></span> <span class='ocrx_word' id='word_1_142' title='bbox 560 1971 824 2026; x_wconf 82' lang='lat' dir='ltr'><strong>nusquam</strong></span> <span class='ocrx_word' id='word_1_143' title='bbox 848 1956 901 2010; x_wconf 92' lang='lat' dir='ltr'><strong>in</strong></span> <span class='ocrx_word' id='word_1_144' title='bbox 929 1955 1153 2012; x_wconf 88' lang='lat' dir='ltr'><strong>historia</strong></span> <span class='ocrx_word' id='word_1_145' title='bbox 1176 1955 1342 2010; x_wconf 81' lang='lat' dir='ltr'><strong>Musis</strong></span> <span class='ocrx_word' id='word_1_146' title='bbox 1363 1965 1696 2025; x_wconf 82' lang='lat' dir='ltr'><strong>comparent.</strong></span> <span class='ocrx_word' id='word_1_147' title='bbox 1721 1956 1835 2011; x_wconf 86' lang='lat' dir='ltr'><strong>Non</strong></span> <span class='ocrx_word' id='word_1_148' title='bbox 1863 1971 1976 2013; x_wconf 77' lang='lat' dir='ltr'><strong>me-</strong></span> 
     </span>
    </p>
   </div>
   <div class='ocr_carea' id='block_1_22' title="bbox 410 2045 1971 2116">
    <p class='ocr_par' dir='ltr' id='par_1_22' title="bbox 410 2045 1971 2116">
     <span class='ocr_line' id='line_1_22' title="bbox 410 2045 1971 2116; baseline 0.002 -18"><span class='ocrx_word' id='word_1_149' title='bbox 410 2045 568 2099; x_wconf 86' lang='lat' dir='ltr'><strong>minit</strong></span> <span class='ocrx_word' id='word_1_150' title='bbox 615 2045 1017 2116; x_wconf 85' lang='lat' dir='ltr'><strong>principatuum</strong></span> <span class='ocrx_word' id='word_1_151' title='bbox 1041 2085 1058 2112; x_wconf 95' lang='lat'><strong>,</strong></span> <span class='ocrx_word' id='word_1_152' title='bbox 1100 2060 1204 2101; x_wconf 92' lang='lat' dir='ltr'><strong>non</strong></span> <span class='ocrx_word' id='word_1_153' title='bbox 1238 2054 1567 2116; x_wconf 87' lang='lat' dir='ltr'><strong>potestatum</strong></span> <span class='ocrx_word' id='word_1_154' title='bbox 1595 2085 1610 2110; x_wconf 95' lang='lat'><strong>,</strong></span> <span class='ocrx_word' id='word_1_155' title='bbox 1648 2062 1752 2101; x_wconf 89' lang='lat' dir='ltr'><strong>non</strong></span> <span class='ocrx_word' id='word_1_156' title='bbox 1785 2047 1971 2102; x_wconf 90' lang='lat' dir='ltr'><strong>mundi</strong></span> 
     </span>
    </p>
   </div>
   <div class='ocr_carea' id='block_1_23' title="bbox 409 2136 1976 2207">
    <p class='ocr_par' dir='ltr' id='par_1_23' title="bbox 409 2136 1976 2207">
     <span class='ocr_line' id='line_1_23' title="bbox 409 2136 1976 2207; baseline 0.003 -17"><span class='ocrx_word' id='word_1_157' title='bbox 409 2136 800 2192; x_wconf 83' lang='lat' dir='ltr'><strong>dominantium</strong></span> <span class='ocrx_word' id='word_1_158' title='bbox 826 2175 843 2202; x_wconf 92' lang='lat'><strong>,</strong></span> <span class='ocrx_word' id='word_1_159' title='bbox 893 2151 1001 2192; x_wconf 90' lang='lat' dir='ltr'><strong>non</strong></span> <span class='ocrx_word' id='word_1_160' title='bbox 1042 2138 1327 2207; x_wconf 85' lang='lat' dir='ltr'><strong>spirituum</strong></span> <span class='ocrx_word' id='word_1_161' title='bbox 1357 2138 1653 2207; x_wconf 81' lang='lat' dir='ltr'><strong>iniquitatis</strong></span> <span class='ocrx_word' id='word_1_162' title='bbox 1674 2179 1689 2203; x_wconf 92' lang='lat'><strong>,</strong></span> <span class='ocrx_word' id='word_1_163' title='bbox 1714 2139 1976 2195; x_wconf 87' lang='lat' dir='ltr'><strong>adversus</strong></span> 
     </span>
    </p>
   </div>
   <div class='ocr_carea' id='block_1_24' title="bbox 408 2226 1974 2301">
    <p class='ocr_par' dir='ltr' id='par_1_24' title="bbox 408 2226 1974 2301">
     <span class='ocr_line' id='line_1_24' title="bbox 408 2226 1974 2301; baseline 0.004 -20"><span class='ocrx_word' id='word_1_164' title='bbox 408 2241 544 2295; x_wconf 84' lang='lat' dir='ltr'><strong>quos</strong></span> <span class='ocrx_word' id='word_1_165' title='bbox 573 2226 716 2282; x_wconf 88' lang='lat' dir='ltr'><strong>lucta</strong></span> <span class='ocrx_word' id='word_1_166' title='bbox 767 2229 922 2284; x_wconf 82' lang='lat' dir='ltr'><strong>nobis</strong></span> <span class='ocrx_word' id='word_1_167' title='bbox 963 2229 1280 2294; x_wconf 86' lang='lat' dir='ltr'><strong>intercedit,</strong></span> <span class='ocrx_word' id='word_1_168' title='bbox 1326 2237 1385 2284; x_wconf 87' lang='lat' dir='ltr'><strong>ut</strong></span> <span class='ocrx_word' id='word_1_169' title='bbox 1431 2231 1644 2285; x_wconf 89' lang='lat' dir='ltr'><strong>divinus</strong></span> <span class='ocrx_word' id='word_1_170' title='bbox 1683 2230 1974 2301; x_wconf 86' lang='lat' dir='ltr'><strong>Apostolus</strong></span> 
     </span>
    </p>
   </div>
   <div class='ocr_carea' id='block_1_25' title="bbox 409 2315 1974 2389">
    <p class='ocr_par' dir='ltr' id='par_1_25' title="bbox 409 2315 1974 2389">
     <span class='ocr_line' id='line_1_25' title="bbox 409 2315 1974 2389; baseline 0.003 -20"><span class='ocrx_word' id='word_1_171' title='bbox 409 2315 668 2388; x_wconf 78' lang='lat' dir='ltr'><strong>loquitur.</strong></span> <span class='ocrx_word' id='word_1_172' title='bbox 714 2315 853 2384; x_wconf 86' lang='lat' dir='ltr'><strong>Quid</strong></span> <span class='ocrx_word' id='word_1_173' title='bbox 881 2332 1011 2387; x_wconf 74' lang='lat' dir='ltr'><strong>ergo</strong></span> <span class='ocrx_word' id='word_1_174' title='bbox 1038 2317 1206 2374; x_wconf 78' lang='lat' dir='ltr'><strong>refert</strong></span> <span class='ocrx_word' id='word_1_175' title='bbox 1229 2357 1244 2381; x_wconf 90' lang='lat'><strong>,</strong></span> <span class='ocrx_word' id='word_1_176' title='bbox 1279 2319 1322 2374; x_wconf 91' lang='lat' dir='ltr'><strong>si</strong></span> <span class='ocrx_word' id='word_1_177' title='bbox 1368 2332 1552 2389; x_wconf 77' lang='lat' dir='ltr'><strong>neque</strong></span> <span class='ocrx_word' id='word_1_178' title='bbox 1571 2322 1710 2388; x_wconf 86' lang='lat' dir='ltr'><strong>apud</strong></span> <span class='ocrx_word' id='word_1_179' title='bbox 1750 2319 1974 2384; x_wconf 82' lang='lat' dir='ltr'><strong>Mosem,</strong></span> 
     </span>
    </p>
   </div>
   <div class='ocr_carea' id='block_1_26' title="bbox 411 2408 1974 2480">
    <p class='ocr_par' dir='ltr' id='par_1_26' title="bbox 411 2408 1974 2480">
     <span class='ocr_line' id='line_1_26' title="bbox 411 2408 1974 2480; baseline 0.003 -18"><span class='ocrx_word' id='word_1_180' title='bbox 411 2421 512 2463; x_wconf 89' lang='lat' dir='ltr'><strong>nec</strong></span> <span class='ocrx_word' id='word_1_181' title='bbox 546 2408 838 2478; x_wconf 88' lang='lat' dir='ltr'><strong>prophetas</strong></span> <span class='ocrx_word' id='word_1_182' title='bbox 886 2409 1123 2480; x_wconf 84' lang='lat' dir='ltr'><strong>reliquos</strong></span> <span class='ocrx_word' id='word_1_183' title='bbox 1174 2411 1420 2465; x_wconf 87' lang='lat' dir='ltr'><strong>invenire</strong></span> <span class='ocrx_word' id='word_1_184' title='bbox 1459 2425 1740 2480; x_wconf 88' lang='lat' dir='ltr'><strong>possemus</strong></span> <span class='ocrx_word' id='word_1_185' title='bbox 1779 2412 1974 2468; x_wconf 90' lang='lat' dir='ltr'><strong>borum</strong></span> 
     </span>
    </p>
   </div>
   <div class='ocr_carea' id='block_1_27' title="bbox 413 2500 1974 2571">
    <p class='ocr_par' dir='ltr' id='par_1_27' title="bbox 413 2500 1974 2571">
     <span class='ocr_line' id='line_1_27' title="bbox 413 2500 1974 2571; baseline 0.003 -16"><span class='ocrx_word' id='word_1_186' title='bbox 413 2500 674 2566; x_wconf 88' lang='lat' dir='ltr'><strong>rationes,</strong></span> <span class='ocrx_word' id='word_1_187' title='bbox 705 2517 831 2556; x_wconf 89' lang='lat' dir='ltr'><strong>num</strong></span> <span class='ocrx_word' id='word_1_188' title='bbox 885 2501 1021 2557; x_wconf 86' lang='lat' dir='ltr'><strong>tides</strong></span> <span class='ocrx_word' id='word_1_189' title='bbox 1055 2503 1312 2571; x_wconf 83' lang='lat' dir='ltr'><strong>Apostol‘o</strong></span> <span class='ocrx_word' id='word_1_190' title='bbox 1343 2503 1718 2558; x_wconf 71' lang='lat' dir='ltr'><strong>detrahenda?</strong></span> <span class='ocrx_word' id='word_1_191' title='bbox 1737 2515 1830 2560; x_wconf 90' lang='lat' dir='ltr'><strong>aut</strong></span> <span class='ocrx_word' id='word_1_192' title='bbox 1853 2521 1974 2560; x_wconf 90' lang='lat' dir='ltr'><strong>cum</strong></span> 
     </span>
    </p>
   </div>
   <div class='ocr_carea' id='block_1_28' title="bbox 412 2589 1979 2662">
    <p class='ocr_par' dir='ltr' id='par_1_28' title="bbox 412 2589 1979 2662">
     <span class='ocr_line' id='line_1_28' title="bbox 412 2589 1979 2662; baseline 0.003 -18"><span class='ocrx_word' id='word_1_193' title='bbox 412 2589 719 2644; x_wconf 89' lang='lat' dir='ltr'><strong>meminerit</strong></span> <span class='ocrx_word' id='word_1_194' title='bbox 774 2590 863 2644; x_wconf 88' lang='lat' dir='ltr'><strong>ille</strong></span> <span class='ocrx_word' id='word_1_195' title='bbox 916 2591 1108 2644; x_wconf 91' lang='lat' dir='ltr'><strong>horum</strong></span> <span class='ocrx_word' id='word_1_196' title='bbox 1150 2591 1400 2646; x_wconf 91' lang='lat' dir='ltr'><strong>ordinum</strong></span> <span class='ocrx_word' id='word_1_197' title='bbox 1438 2591 1768 2648; x_wconf 79' lang='lat' dir='ltr'><strong>excellenter</strong></span> <span class='ocrx_word' id='word_1_198' title='bbox 1795 2607 1979 2662; x_wconf 87' lang='lat' dir='ltr'><strong>supre-</strong></span> 
     </span>
    </p>
   </div>
   <div class='ocr_carea' id='block_1_29' title="bbox 411 2676 1980 2745">
    <p class='ocr_par' dir='ltr' id='par_1_29' title="bbox 411 2676 1980 2745">
     <span class='ocr_line' id='line_1_29' title="bbox 411 2676 1980 2745; baseline 0.003 -14"><span class='ocrx_word' id='word_1_199' title='bbox 411 2693 654 2745; x_wconf 69' lang='lat' dir='ltr'><strong>morum,</strong></span> <span class='ocrx_word' id='word_1_200' title='bbox 680 2677 770 2733; x_wconf 87' lang='lat' dir='ltr'><strong>ubi</strong></span> <span class='ocrx_word' id='word_1_201' title='bbox 801 2677 910 2743; x_wconf 88' lang='lat' dir='ltr'><strong>ait,</strong></span> <span class='ocrx_word' id='word_1_202' title='bbox 943 2676 1218 2733; x_wconf 76' lang='lat' dir='ltr'><strong>Christum</strong></span> <span class='ocrx_word' id='word_1_203' title='bbox 1248 2692 1279 2731; x_wconf 86' lang='lat' dir='ltr'><strong>a</strong></span> <span class='ocrx_word' id='word_1_204' title='bbox 1313 2677 1520 2731; x_wconf 74' lang='lat' dir='ltr'><strong>dextris</strong></span> <span class='ocrx_word' id='word_1_205' title='bbox 1548 2677 1652 2732; x_wconf 51' lang='lat' dir='ltr'><strong>Dei?</strong></span> <span class='ocrx_word' id='word_1_206' title='bbox 1695 2678 1980 2735; x_wconf 86' lang='lat' dir='ltr'><strong>considere</strong></span> 
     </span>
    </p>
   </div>
   <div class='ocr_carea' id='block_1_30' title="bbox 411 2770 1980 2840">
    <p class='ocr_par' dir='ltr' id='par_1_30' title="bbox 411 2770 1980 2840">
     <span class='ocr_line' id='line_1_30' title="bbox 411 2770 1980 2840; baseline 0 -15"><span class='ocrx_word' id='word_1_207' title='bbox 411 2785 575 2838; x_wconf 80' lang='lat' dir='ltr'><strong>super</strong></span> <span class='ocrx_word' id='word_1_208' title='bbox 599 2785 817 2825; x_wconf 90' lang='lat' dir='ltr'><strong>omnem</strong></span> <span class='ocrx_word' id='word_1_209' title='bbox 849 2770 1233 2840; x_wconf 87' lang='lat' dir='ltr'><strong>principatum,</strong></span> <span class='ocrx_word' id='word_1_210' title='bbox 1268 2779 1318 2822; x_wconf 90' lang='lat' dir='ltr'><strong>et</strong></span> <span class='ocrx_word' id='word_1_211' title='bbox 1343 2778 1687 2840; x_wconf 77' lang='lat' dir='ltr'><strong>pmestatem,</strong></span> <span class='ocrx_word' id='word_1_212' title='bbox 1729 2778 1785 2824; x_wconf 91' lang='lat' dir='ltr'><strong>et</strong></span> <span class='ocrx_word' id='word_1_213' title='bbox 1806 2771 1980 2825; x_wconf 82' lang='lat' dir='ltr'><strong>virtu-</strong></span> 
     </span>
    </p>
   </div>
   <div class='ocr_carea' id='block_1_31' title="bbox 413 2861 1978 2930">
    <p class='ocr_par' dir='ltr' id='par_1_31' title="bbox 413 2861 1978 2930">
     <span class='ocr_line' id='line_1_31' title="bbox 413 2861 1978 2930; baseline 0.001 -16"><span class='ocrx_word' id='word_1_214' title='bbox 413 2872 542 2928; x_wconf 89' lang='lat' dir='ltr'><strong>tem,</strong></span> <span class='ocrx_word' id='word_1_215' title='bbox 566 2871 620 2916; x_wconf 88' lang='lat' dir='ltr'><strong>et</strong></span> <span class='ocrx_word' id='word_1_216' title='bbox 652 2861 1094 2925; x_wconf 87' lang='lat' dir='ltr'><strong>dominationem,</strong></span> <span class='ocrx_word' id='word_1_217' title='bbox 1131 2869 1191 2916; x_wconf 88' lang='lat' dir='ltr'><strong>et</strong></span> <span class='ocrx_word' id='word_1_218' title='bbox 1219 2875 1383 2915; x_wconf 90' lang='lat' dir='ltr'><strong>omne</strong></span> <span class='ocrx_word' id='word_1_219' title='bbox 1410 2875 1605 2914; x_wconf 84' lang='lat' dir='ltr'><strong>nomen</strong></span> <span class='ocrx_word' id='word_1_220' title='bbox 1637 2861 1777 2930; x_wconf 91' lang='lat' dir='ltr'><strong>quod</strong></span> <span class='ocrx_word' id='word_1_221' title='bbox 1803 2862 1978 2916; x_wconf 85' lang='lat' dir='ltr'><strong>nomi-</strong></span> 
     </span>
    </p>
   </div>
   <div class='ocr_carea' id='block_1_32' title="bbox 411 2950 1981 3018">
    <p class='ocr_par' dir='ltr' id='par_1_32' title="bbox 411 2950 1981 3018">
     <span class='ocr_line' id='line_1_32' title="bbox 411 2950 1981 3018; baseline 0.001 -12"><span class='ocrx_word' id='word_1_222' title='bbox 411 2962 594 3018; x_wconf 84' lang='lat' dir='ltr'><strong>natur,</strong></span> <span class='ocrx_word' id='word_1_223' title='bbox 627 2951 743 3006; x_wconf 88' lang='lat' dir='ltr'><strong>sive</strong></span> <span class='ocrx_word' id='word_1_224' title='bbox 774 2952 825 3004; x_wconf 92' lang='lat' dir='ltr'><strong>in</strong></span> <span class='ocrx_word' id='word_1_225' title='bbox 857 2951 960 3006; x_wconf 89' lang='lat' dir='ltr'><strong>hoc</strong></span> <span class='ocrx_word' id='word_1_226' title='bbox 990 2950 1187 3006; x_wconf 62' lang='lat' dir='ltr'><strong>seculo</strong></span> <span class='ocrx_word' id='word_1_227' title='bbox 1213 2965 1306 3006; x_wconf 91' lang='lat' dir='ltr'><strong>seu</strong></span> <span class='ocrx_word' id='word_1_228' title='bbox 1338 2951 1390 3004; x_wconf 89' lang='lat' dir='ltr'><strong>in</strong></span> <span class='ocrx_word' id='word_1_229' title='bbox 1437 2951 1614 3004; x_wconf 83' lang='lat' dir='ltr'><strong>futuro</strong></span> <span class='ocrx_word' id='word_1_230' title='bbox 1638 2951 1681 2983; x_wconf 79' lang='grc'>⁸⁷</span> <span class='ocrx_word' id='word_1_231' title='bbox 1703 2968 1718 3018; x_wconf 88' lang='grc'><strong>;</strong></span> <span class='ocrx_word' id='word_1_232' title='bbox 1763 2961 1816 3006; x_wconf 92' lang='lat' dir='ltr'><strong>et</strong></span> <span class='ocrx_word' id='word_1_233' title='bbox 1851 2951 1981 3007; x_wconf 85' lang='lat' dir='ltr'><strong>alibi</strong></span> 
     </span>
    </p>
   </div>
   <div class='ocr_carea' id='block_1_33' title="bbox 2065 495 3636 570">
    <p class='ocr_par' dir='ltr' id='par_1_33' title="bbox 2065 495 3636 570">
     <span class='ocr_line' id='line_1_33' title="bbox 2065 495 3636 570; baseline -0.003 -18"><span class='ocrx_word' id='word_1_234' title='bbox 2065 498 2238 553; x_wconf 82' lang='grc' dir='ltr'>ταῦτα</span> <span class='ocrx_word' id='word_1_235' title='bbox 2279 498 2388 570; x_wconf 88' lang='grc'><strong>(98)</strong></span> <span class='ocrx_word' id='word_1_236' title='bbox 2429 495 2721 568; x_wconf 83' lang='grc' dir='ltr'><strong>προφητῶν</strong></span> <span class='ocrx_word' id='word_1_237' title='bbox 2765 495 2825 550; x_wconf 79' lang='grc' dir='ltr'><strong>ού</strong></span> <span class='ocrx_word' id='word_1_238' title='bbox 2859 496 3019 568; x_wconf 87' lang='grc' dir='ltr'>μόνον</span> <span class='ocrx_word' id='word_1_239' title='bbox 3053 495 3298 566; x_wconf 86' lang='grc' dir='ltr'>ἀγγέλων</span> <span class='ocrx_word' id='word_1_240' title='bbox 3328 512 3636 568; x_wconf 87' lang='grc' dir='ltr'>μνημονευ-</span> 
     </span>
    </p>
   </div>
   <div class='ocr_carea' id='block_1_34' title="bbox 2067 586 3641 659">
    <p class='ocr_par' dir='ltr' id='par_1_34' title="bbox 2067 586 3641 659">
     <span class='ocr_line' id='line_1_34' title="bbox 2067 586 3641 659; baseline -0.001 -17"><span class='ocrx_word' id='word_1_241' title='bbox 2067 590 2296 654; x_wconf 80' lang='grc' dir='ltr'><strong>σάντων,</strong></span> <span class='ocrx_word' id='word_1_242' title='bbox 2322 588 2456 643; x_wconf 88' lang='grc' dir='ltr'><strong>ἀλλά</strong></span> <span class='ocrx_word' id='word_1_243' title='bbox 2505 589 2599 642; x_wconf 80' lang='grc' dir='ltr'>καὶ</span> <span class='ocrx_word' id='word_1_244' title='bbox 2643 587 2802 641; x_wconf 84' lang='grc' dir='ltr'>θείων</span> <span class='ocrx_word' id='word_1_245' title='bbox 2845 587 3149 659; x_wconf 79' lang='grc' dir='ltr'><strong>δυνάμεων,</strong></span> <span class='ocrx_word' id='word_1_246' title='bbox 3189 586 3287 640; x_wconf 72' lang='grc' dir='ltr'>καὶ</span> <span class='ocrx_word' id='word_1_247' title='bbox 3309 586 3641 656; x_wconf 77' lang='grc' dir='ltr'><strong>πνευμάτων</strong></span> 
     </span>
    </p>
   </div>
   <div class='ocr_carea' id='block_1_35' title="bbox 2065 677 3644 752">
    <p class='ocr_par' dir='ltr' id='par_1_35' title="bbox 2065 677 3644 752">
     <span class='ocr_line' id='line_1_35' title="bbox 2065 677 3644 752; baseline -0.003 -18"><span class='ocrx_word' id='word_1_248' title='bbox 2065 681 2256 750; x_wconf 83' lang='grc' dir='ltr'>ἁγίων,</span> <span class='ocrx_word' id='word_1_249' title='bbox 2285 681 2394 734; x_wconf 90' lang='grc' dir='ltr'><strong>τῶν</strong></span> <span class='ocrx_word' id='word_1_250' title='bbox 2429 697 2491 734; x_wconf 89' lang='grc' dir='ltr'><strong>τε</strong></span> <span class='ocrx_word' id='word_1_251' title='bbox 2519 678 2922 752; x_wconf 85' lang='grc' dir='ltr'>ύπερουρανίων</span> <span class='ocrx_word' id='word_1_252' title='bbox 2951 678 3084 732; x_wconf 87' lang='grc' dir='ltr'><strong>Θεοῦ</strong></span> <span class='ocrx_word' id='word_1_253' title='bbox 3115 677 3441 748; x_wconf 82' lang='grc' dir='ltr'><strong>λειτουργῶν</strong></span> <span class='ocrx_word' id='word_1_254' title='bbox 3459 694 3475 709; x_wconf 86' lang='grc'><strong>·</strong></span> <span class='ocrx_word' id='word_1_255' title='bbox 3512 677 3644 747; x_wconf 83' lang='grc' dir='ltr'>περὶ</span> 
     </span>
    </p>
   </div>
   <div class='ocr_carea' id='block_1_36' title="bbox 2070 767 3643 846">
    <p class='ocr_par' dir='ltr' id='par_1_36' title="bbox 2070 767 3643 846">
     <span class='ocr_line' id='line_1_36' title="bbox 2070 767 3643 846; baseline -0.006 -18"><span class='ocrx_word' id='word_1_256' title='bbox 2070 768 2144 829; x_wconf 82' lang='grc' dir='ltr'><strong>ὧν</strong></span> <span class='ocrx_word' id='word_1_257' title='bbox 2173 777 2201 829; x_wconf 99' lang='lat'><strong>6</strong></span> <span class='ocrx_word' id='word_1_258' title='bbox 2227 772 2422 846; x_wconf 79' lang='grc' dir='ltr'>Δανιὴλ</span> <span class='ocrx_word' id='word_1_259' title='bbox 2450 773 2716 827; x_wconf 86' lang='grc' dir='ltr'><strong>διδάσκων</strong></span> <span class='ocrx_word' id='word_1_260' title='bbox 2747 771 2920 840; x_wconf 73' lang='grc' dir='ltr'>ἔλεγε,</span> <span class='ocrx_word' id='word_1_261' title='bbox 2947 771 3142 825; x_wconf 75' lang='grc' dir='ltr'>Χίλιαι</span> <span class='ocrx_word' id='word_1_262' title='bbox 3177 767 3444 838; x_wconf 71' lang='grc' dir='ltr'>χιλιάδες</span> <span class='ocrx_word' id='word_1_263' title='bbox 3483 768 3643 820; x_wconf 68' lang='grc' dir='ltr'>ἐλει-</span> 
     </span>
    </p>
   </div>
   <div class='ocr_carea' id='block_1_37' title="bbox 2067 857 3648 936">
    <p class='ocr_par' dir='ltr' id='par_1_37' title="bbox 2067 857 3648 936">
     <span class='ocr_line' id='line_1_37' title="bbox 2067 857 3648 936; baseline -0.006 -16"><span class='ocrx_word' id='word_1_264' title='bbox 2067 867 2359 936; x_wconf 76' lang='grc' dir='ltr'>τούργουν</span> <span class='ocrx_word' id='word_1_265' title='bbox 2376 864 2554 931; x_wconf 81' lang='grc' dir='ltr'>αὐτῷ,</span> <span class='ocrx_word' id='word_1_266' title='bbox 2585 865 2684 919; x_wconf 75' lang='grc' dir='ltr'>καὶ</span> <span class='ocrx_word' id='word_1_267' title='bbox 2706 864 2914 935; x_wconf 78' lang='grc' dir='ltr'>μυρίαι</span> <span class='ocrx_word' id='word_1_268' title='bbox 2927 860 3212 931; x_wconf 77' lang='grc' dir='ltr'><strong>μυριάδες</strong></span> <span class='ocrx_word' id='word_1_269' title='bbox 3227 857 3648 928; x_wconf 73' lang='grc' dir='ltr'>παρειστήκει-</span> 
     </span>
    </p>
   </div>
   <div class='ocr_carea' id='block_1_38' title="bbox 2067 950 3648 1038">
    <p class='ocr_par' dir='ltr' id='par_1_38' title="bbox 2067 950 3648 1038">
     <span class='ocr_line' id='line_1_38' title="bbox 2067 950 3648 1038; baseline -0.006 -28"><span class='ocrx_word' id='word_1_270' title='bbox 2067 970 2188 1011; x_wconf 70' lang='grc' dir='ltr'>σαν</span> <span class='ocrx_word' id='word_1_271' title='bbox 2209 958 2547 1026; x_wconf 72' lang='grc' dir='ltr'>ἔμπροσθεν</span> <span class='ocrx_word' id='word_1_272' title='bbox 2574 954 2780 1010; x_wconf 85' lang='grc' dir='ltr'>αὐτοῦ.</span> <span class='ocrx_word' id='word_1_273' title='bbox 2829 953 2986 1006; x_wconf 64' lang='lat' dir='ltr'><strong>me</strong></span> <span class='ocrx_word' id='word_1_274' title='bbox 3020 952 3131 1023; x_wconf 83' lang='grc' dir='ltr'>γὰρ</span> <span class='ocrx_word' id='word_1_275' title='bbox 3159 950 3364 1038; x_wconf 70' lang='grc' dir='ltr'>τούτων</span> <span class='ocrx_word' id='word_1_276' title='bbox 3388 950 3648 1004; x_wconf 80' lang='grc' dir='ltr'>ἁπάντων</span> 
     </span>
    </p>
   </div>
   <div class='ocr_carea' id='block_1_39' title="bbox 2071 1038 3650 1119">
    <p class='ocr_par' dir='ltr' id='par_1_39' title="bbox 2071 1038 3650 1119">
     <span class='ocr_line' id='line_1_39' title="bbox 2071 1038 3650 1119; baseline -0.004 -19"><span class='ocrx_word' id='word_1_277' title='bbox 2071 1049 2249 1118; x_wconf 80' lang='grc' dir='ltr'>σιωπῇ</span> <span class='ocrx_word' id='word_1_278' title='bbox 2285 1047 2567 1119; x_wconf 81' lang='grc' dir='ltr'>παρέδωκε</span> <span class='ocrx_word' id='word_1_279' title='bbox 2592 1047 2718 1110; x_wconf 82' lang='grc' dir='ltr'>τοὺς</span> <span class='ocrx_word' id='word_1_280' title='bbox 2745 1045 2934 1114; x_wconf 83' lang='grc' dir='ltr'>λόγους</span> <span class='ocrx_word' id='word_1_281' title='bbox 2959 1043 3184 1114; x_wconf 79' lang='grc' dir='ltr'>Μωσῆς,</span> <span class='ocrx_word' id='word_1_282' title='bbox 3211 1042 3418 1113; x_wconf 86' lang='grc' dir='ltr'>καίπερ</span> <span class='ocrx_word' id='word_1_283' title='bbox 3441 1041 3543 1095; x_wconf 76' lang='grc' dir='ltr'><strong>οὐκ</strong></span> <span class='ocrx_word' id='word_1_284' title='bbox 3569 1038 3650 1092; x_wconf 79' lang='grc' dir='ltr'>ὢν</span> 
     </span>
    </p>
   </div>
   <div class='ocr_carea' id='block_1_40' title="bbox 2069 1135 3652 1210">
    <p class='ocr_par' dir='ltr' id='par_1_40' title="bbox 2069 1135 3652 1210">
     <span class='ocr_line' id='line_1_40' title="bbox 2069 1135 3652 1210; baseline -0.006 -17"><span class='ocrx_word' id='word_1_285' title='bbox 2069 1139 2246 1193; x_wconf 78' lang='grc' dir='ltr'>αὐτῶν</span> <span class='ocrx_word' id='word_1_286' title='bbox 2273 1139 2330 1192; x_wconf 83' lang='grc' dir='ltr'><strong>ὲν</strong></span> <span class='ocrx_word' id='word_1_287' title='bbox 2351 1139 2541 1210; x_wconf 76' lang='grc' dir='ltr'>ἀγνοίᾳ</span> <span class='ocrx_word' id='word_1_288' title='bbox 2555 1156 2569 1168; x_wconf 90' lang='grc'><strong>·</strong></span> <span class='ocrx_word' id='word_1_289' title='bbox 2602 1139 2817 1192; x_wconf 84' lang='grc' dir='ltr'>πάντων</span> <span class='ocrx_word' id='word_1_290' title='bbox 2837 1136 2895 1190; x_wconf 73' lang='grc' dir='ltr'>δὲ</span> <span class='ocrx_word' id='word_1_291' title='bbox 2913 1135 3012 1207; x_wconf 74' lang='grc' dir='ltr'><strong>τὴν</strong></span> <span class='ocrx_word' id='word_1_292' title='bbox 3026 1135 3224 1208; x_wconf 75' lang='grc' dir='ltr'>ἀκριϐῆ</span> <span class='ocrx_word' id='word_1_293' title='bbox 3240 1135 3441 1204; x_wconf 86' lang='grc' dir='ltr'>γνῶσιν</span> <span class='ocrx_word' id='word_1_294' title='bbox 3456 1149 3652 1204; x_wconf 78' lang='grc' dir='ltr'>προει-</span> 
     </span>
    </p>
   </div>
   <div class='ocr_carea' id='block_1_41' title="bbox 2069 1223 3658 1300">
    <p class='ocr_par' dir='ltr' id='par_1_41' title="bbox 2069 1223 3658 1300">
     <span class='ocr_line' id='line_1_41' title="bbox 2069 1223 3658 1300; baseline -0.004 -18"><span class='ocrx_word' id='word_1_295' title='bbox 2069 1230 2254 1300; x_wconf 85' lang='grc' dir='ltr'>ληφὼς</span> <span class='ocrx_word' id='word_1_296' title='bbox 2270 1229 2381 1299; x_wconf 82' lang='grc'>(99)</span> <span class='ocrx_word' id='word_1_297' title='bbox 2403 1229 2478 1300; x_wconf 82' lang='grc' dir='ltr'>τῷ</span> <span class='ocrx_word' id='word_1_298' title='bbox 2494 1229 2622 1300; x_wconf 82' lang='grc' dir='ltr'>θείῳ</span> <span class='ocrx_word' id='word_1_299' title='bbox 2640 1227 2779 1283; x_wconf 86' lang='grc' dir='ltr'>Πνεύ</span> <span class='ocrx_word' id='word_1_300' title='bbox 2787 1245 2936 1299; x_wconf 89' lang='grc' dir='ltr'>ματι.</span> <span class='ocrx_word' id='word_1_301' title='bbox 2962 1226 3108 1298; x_wconf 80' lang='grc' dir='ltr'>Πλὴν</span> <span class='ocrx_word' id='word_1_302' title='bbox 3127 1224 3378 1297; x_wconf 79' lang='grc' dir='ltr'><strong>οὐδαμῶς</strong></span> <span class='ocrx_word' id='word_1_303' title='bbox 3393 1223 3574 1278; x_wconf 78' lang='grc' dir='ltr'>αὐτῶν</span> <span class='ocrx_word' id='word_1_304' title='bbox 3589 1225 3658 1276; x_wconf 78' lang='grc' dir='ltr'><strong>ὲν</strong></span> 
     </span>
    </p>
   </div>
   <div class='ocr_carea' id='block_1_42' title="bbox 2068 1317 3652 1396">
    <p class='ocr_par' dir='ltr' id='par_1_42' title="bbox 2068 1317 3652 1396">
     <span class='ocr_line' id='line_1_42' title="bbox 2068 1317 3652 1396; baseline -0.005 -21"><span class='ocrx_word' id='word_1_305' title='bbox 2068 1323 2135 1392; x_wconf 80' lang='grc' dir='ltr'>τῇ</span> <span class='ocrx_word' id='word_1_306' title='bbox 2157 1321 2483 1392; x_wconf 73' lang='grc' dir='ltr'>κοσμοποιίᾳ</span> <span class='ocrx_word' id='word_1_307' title='bbox 2497 1321 2572 1384; x_wconf 87' lang='grc' dir='ltr'>ὡς</span> <span class='ocrx_word' id='word_1_308' title='bbox 2588 1321 2729 1396; x_wconf 73' lang='grc' dir='ltr'>πρὸς.</span> <span class='ocrx_word' id='word_1_309' title='bbox 2745 1318 2838 1374; x_wconf 80' lang='grc' dir='ltr'>τοῦ</span> <span class='ocrx_word' id='word_1_310' title='bbox 2861 1318 2997 1373; x_wconf 87' lang='grc' dir='ltr'>Θεοῦ</span> <span class='ocrx_word' id='word_1_311' title='bbox 3024 1318 3332 1390; x_wconf 81' lang='grc' dir='ltr'>γενομένων</span> <span class='ocrx_word' id='word_1_312' title='bbox 3348 1317 3652 1386; x_wconf 67' lang='grc' dir='ltr'>ἐποιήσατο</span> 
     </span>
    </p>
   </div>
   <div class='ocr_carea' id='block_1_43' title="bbox 2074 1410 3656 1484">
    <p class='ocr_par' dir='ltr' id='par_1_43' title="bbox 2074 1410 3656 1484">
     <span class='ocr_line' id='line_1_43' title="bbox 2074 1410 3656 1484; baseline 0.001 -20"><span class='ocrx_word' id='word_1_313' title='bbox 2074 1413 2180 1484; x_wconf 90' lang='grc' dir='ltr'><strong>μνή</strong></span> <span class='ocrx_word' id='word_1_314' title='bbox 2189 1430 2315 1484; x_wconf 90' lang='grc' dir='ltr'>μην.</span> <span class='ocrx_word' id='word_1_315' title='bbox 2334 1413 2444 1467; x_wconf 76' lang='grc' dir='ltr'>Καὶ</span> <span class='ocrx_word' id='word_1_316' title='bbox 2459 1412 2648 1466; x_wconf 88' lang='grc' dir='ltr'>τούτου</span> <span class='ocrx_word' id='word_1_317' title='bbox 2663 1413 2762 1484; x_wconf 81' lang='grc' dir='ltr'><strong>τὴν</strong></span> <span class='ocrx_word' id='word_1_318' title='bbox 2777 1412 2954 1467; x_wconf 88' lang='grc' dir='ltr'>αἰτίαν</span> <span class='ocrx_word' id='word_1_319' title='bbox 2974 1412 3080 1467; x_wconf 79' lang='grc' dir='ltr'>οὐδ’</span> <span class='ocrx_word' id='word_1_320' title='bbox 3100 1411 3290 1481; x_wconf 80' lang='grc' dir='ltr'><strong>ἑτέραν</strong></span> <span class='ocrx_word' id='word_1_321' title='bbox 3308 1410 3448 1464; x_wconf 74' lang='grc' dir='ltr'>εἴποι</span> <span class='ocrx_word' id='word_1_322' title='bbox 3462 1410 3530 1464; x_wconf 86' lang='grc' dir='ltr'><strong>άν</strong></span> <span class='ocrx_word' id='word_1_323' title='bbox 3543 1424 3656 1470; x_wconf 66' lang='grc' dir='ltr'>τις.</span> 
     </span>
    </p>
   </div>
   <div class='ocr_carea' id='block_1_44' title="bbox 2071 1496 3656 1575">
    <p class='ocr_par' dir='ltr' id='par_1_44' title="bbox 2071 1496 3656 1575">
     <span class='ocr_line' id='line_1_44' title="bbox 2071 1496 3656 1575; baseline -0.002 -21"><span class='ocrx_word' id='word_1_324' title='bbox 2071 1502 2105 1574; x_wconf 72' lang='grc' dir='ltr'><strong>ἦ</strong></span> <span class='ocrx_word' id='word_1_325' title='bbox 2134 1504 2234 1574; x_wconf 83' lang='grc' dir='ltr'>τὴν</span> <span class='ocrx_word' id='word_1_326' title='bbox 2262 1503 2692 1575; x_wconf 82' lang='grc' dir='ltr'>σκληροκαρδίαν</span> <span class='ocrx_word' id='word_1_327' title='bbox 2709 1501 2804 1556; x_wconf 80' lang='grc' dir='ltr'>τοῦ</span> <span class='ocrx_word' id='word_1_328' title='bbox 2828 1501 2958 1556; x_wconf 79' lang='grc' dir='ltr'>λαοῦ</span> <span class='ocrx_word' id='word_1_329' title='bbox 2988 1500 3333 1573; x_wconf 77' lang='grc' dir='ltr'>γεγενῆσθαι,</span> <span class='ocrx_word' id='word_1_330' title='bbox 3353 1499 3544 1570; x_wconf 87' lang='grc' dir='ltr'>ῶσπερ</span> <span class='ocrx_word' id='word_1_331' title='bbox 3559 1496 3656 1552; x_wconf 74' lang='grc' dir='ltr'><strong>οὖν</strong></span> 
     </span>
    </p>
   </div>
   <div class='ocr_carea' id='block_1_45' title="bbox 2072 1585 3654 1664">
    <p class='ocr_par' dir='ltr' id='par_1_45' title="bbox 2072 1585 3654 1664">
     <span class='ocr_line' id='line_1_45' title="bbox 2072 1585 3654 1664; baseline -0.003 -19"><span class='ocrx_word' id='word_1_332' title='bbox 2072 1593 2234 1656; x_wconf 84' lang='grc' dir='ltr'>αὐτὸς</span> <span class='ocrx_word' id='word_1_333' title='bbox 2253 1591 2488 1657; x_wconf 76' lang='grc' dir='ltr'>ἐδίδαξεν</span> <span class='ocrx_word' id='word_1_334' title='bbox 2513 1595 2541 1646; x_wconf 93' lang='lat'><strong>6</strong></span> <span class='ocrx_word' id='word_1_335' title='bbox 2566 1592 2776 1664; x_wconf 87' lang='grc' dir='ltr'>Σωτήρ.</span> <span class='ocrx_word' id='word_1_336' title='bbox 2801 1593 2909 1646; x_wconf 73' lang='grc' dir='ltr'>Καὶ</span> <span class='ocrx_word' id='word_1_337' title='bbox 2929 1591 3062 1646; x_wconf 82' lang='grc' dir='ltr'>ἄλλα</span> <span class='ocrx_word' id='word_1_338' title='bbox 3075 1592 3134 1645; x_wconf 80' lang='grc' dir='ltr'>δὲ</span> <span class='ocrx_word' id='word_1_339' title='bbox 3150 1585 3474 1663; x_wconf 44' lang='grc' dir='ltr'>μυρίανεῖναι</span> <span class='ocrx_word' id='word_1_340' title='bbox 3502 1592 3562 1642; x_wconf 79' lang='grc' dir='ltr'><strong>ὲν</strong></span> <span class='ocrx_word' id='word_1_341' title='bbox 3585 1591 3654 1660; x_wconf 80' lang='grc' dir='ltr'>τῇ</span> 
     </span>
    </p>
   </div>
   <div class='ocr_carea' id='block_1_46' title="bbox 2073 1681 3654 1757">
    <p class='ocr_par' dir='ltr' id='par_1_46' title="bbox 2073 1681 3654 1757">
     <span class='ocr_line' id='line_1_46' title="bbox 2073 1681 3654 1757; baseline -0.006 -17"><span class='ocrx_word' id='word_1_342' title='bbox 2073 1683 2166 1740; x_wconf 79' lang='grc' dir='ltr'>τοῦ</span> <span class='ocrx_word' id='word_1_343' title='bbox 2195 1687 2395 1750; x_wconf 77' lang='grc' dir='ltr'>παντὸς</span> <span class='ocrx_word' id='word_1_344' title='bbox 2427 1687 2680 1740; x_wconf 81' lang='grc' dir='ltr'>συστάσει</span> <span class='ocrx_word' id='word_1_345' title='bbox 2698 1684 2886 1757; x_wconf 82' lang='grc' dir='ltr'><strong>μάθοις</strong></span> <span class='ocrx_word' id='word_1_346' title='bbox 2900 1685 2965 1738; x_wconf 84' lang='grc' dir='ltr'>ἂν</span> <span class='ocrx_word' id='word_1_347' title='bbox 2981 1685 3046 1738; x_wconf 85' lang='grc' dir='ltr'>ὲκ</span> <span class='ocrx_word' id='word_1_348' title='bbox 3063 1683 3171 1737; x_wconf 88' lang='grc' dir='ltr'><strong>τῶν</strong></span> <span class='ocrx_word' id='word_1_349' title='bbox 3192 1682 3290 1752; x_wconf 82' lang='grc' dir='ltr'>τῆς</span> <span class='ocrx_word' id='word_1_350' title='bbox 3305 1681 3512 1751; x_wconf 82' lang='grc' dir='ltr'>Καινῆς</span> <span class='ocrx_word' id='word_1_351' title='bbox 3526 1683 3654 1732; x_wconf 84' lang='grc' dir='ltr'>Δια-</span> 
     </span>
    </p>
   </div>
   <div class='ocr_carea' id='block_1_47' title="bbox 2079 1773 3662 1848">
    <p class='ocr_par' dir='ltr' id='par_1_47' title="bbox 2079 1773 3662 1848">
     <span class='ocr_line' id='line_1_47' title="bbox 2079 1773 3662 1848; baseline -0.004 -17"><span class='ocrx_word' id='word_1_352' title='bbox 2079 1775 2252 1848; x_wconf 84' lang='grc' dir='ltr'>θήκης</span> <span class='ocrx_word' id='word_1_353' title='bbox 2273 1776 2732 1848; x_wconf 75' lang='grc' dir='ltr'>ἀναγνωσμάτων,</span> <span class='ocrx_word' id='word_1_354' title='bbox 2755 1776 2861 1830; x_wconf 80' lang='grc' dir='ltr'>οὐδ’</span> <span class='ocrx_word' id='word_1_355' title='bbox 2879 1775 3014 1840; x_wconf 77' lang='grc' dir='ltr'>ὅλως</span> <span class='ocrx_word' id='word_1_356' title='bbox 3043 1777 3101 1829; x_wconf 81' lang='grc' dir='ltr'><strong>ὲν</strong></span> <span class='ocrx_word' id='word_1_357' title='bbox 3129 1777 3197 1844; x_wconf 80' lang='grc' dir='ltr'>τῇ</span> <span class='ocrx_word' id='word_1_358' title='bbox 3225 1773 3466 1836; x_wconf 79' lang='grc' dir='ltr'>Μωσέως</span> <span class='ocrx_word' id='word_1_359' title='bbox 3488 1773 3662 1842; x_wconf 73' lang='grc' dir='ltr'>φερόσ</span> 
     </span>
    </p>
   </div>
   <div class='ocr_carea' id='block_1_48' title="bbox 2081 1861 3659 1940">
    <p class='ocr_par' dir='ltr' id='par_1_48' title="bbox 2081 1861 3659 1940">
     <span class='ocr_line' id='line_1_48' title="bbox 2081 1861 3659 1940; baseline -0.003 -21"><span class='ocrx_word' id='word_1_360' title='bbox 2081 1883 2214 1936; x_wconf 89' lang='grc' dir='ltr'>μενα</span> <span class='ocrx_word' id='word_1_361' title='bbox 2225 1867 2413 1939; x_wconf 81' lang='grc' dir='ltr'>Γραφῇ</span> <span class='ocrx_word' id='word_1_362' title='bbox 2439 1866 2536 1940; x_wconf 78' lang='lat' dir='ltr'><strong>(l)°</strong></span> <span class='ocrx_word' id='word_1_363' title='bbox 2556 1867 2655 1920; x_wconf 81' lang='grc' dir='ltr'><strong>οὐκ</strong></span> <span class='ocrx_word' id='word_1_364' title='bbox 2675 1861 2768 1920; x_wconf 81' lang='grc' dir='ltr'>οὗν</span> <span class='ocrx_word' id='word_1_365' title='bbox 2790 1865 3192 1938; x_wconf 76' lang='grc' dir='ltr'>ἐμνημόνευσεν</span> <span class='ocrx_word' id='word_1_366' title='bbox 3210 1863 3415 1934; x_wconf 85' lang='grc' dir='ltr'>ἀρχῶν,</span> <span class='ocrx_word' id='word_1_367' title='bbox 3436 1864 3546 1916; x_wconf 80' lang='grc' dir='ltr'>οὐδ’</span> <span class='ocrx_word' id='word_1_368' title='bbox 3569 1864 3659 1929; x_wconf 78' lang='grc' dir='ltr'><strong>ὲξ-</strong></span> 
     </span>
    </p>
   </div>
   <div class='ocr_carea' id='block_1_49' title="bbox 2075 1955 3660 2030">
    <p class='ocr_par' dir='ltr' id='par_1_49' title="bbox 2075 1955 3660 2030">
     <span class='ocr_line' id='line_1_49' title="bbox 2075 1955 3660 2030; baseline -0.003 -19"><span class='ocrx_word' id='word_1_369' title='bbox 2075 1957 2293 2023; x_wconf 89' lang='grc' dir='ltr'>ουσιῶν,</span> <span class='ocrx_word' id='word_1_370' title='bbox 2317 1959 2434 2012; x_wconf 81' lang='grc' dir='ltr'>οὐδὲ</span> <span class='ocrx_word' id='word_1_371' title='bbox 2467 1959 2944 2030; x_wconf 78' lang='grc' dir='ltr'>κοσμοκρατὸρων,</span> <span class='ocrx_word' id='word_1_372' title='bbox 2979 1958 3100 2012; x_wconf 83' lang='grc' dir='ltr'>οὐδὲ</span> <span class='ocrx_word' id='word_1_373' title='bbox 3131 1956 3518 2026; x_wconf 82' lang='grc' dir='ltr'>πνευματικῶν</span> <span class='ocrx_word' id='word_1_374' title='bbox 3552 1955 3660 2024; x_wconf 79' lang='grc' dir='ltr'>τῆς</span> 
     </span>
    </p>
   </div>
   <div class='ocr_carea' id='block_1_50' title="bbox 2077 2046 3660 2124">
    <p class='ocr_par' dir='ltr' id='par_1_50' title="bbox 2077 2046 3660 2124">
     <span class='ocr_line' id='line_1_50' title="bbox 2077 2046 3660 2124; baseline -0.001 -22"><span class='ocrx_word' id='word_1_375' title='bbox 2077 2049 2362 2121; x_wconf 81' lang='grc' dir='ltr'>πονηρίας,</span> <span class='ocrx_word' id='word_1_376' title='bbox 2387 2049 2522 2124; x_wconf 85' lang='grc' dir='ltr'>πρὸς</span> <span class='ocrx_word' id='word_1_377' title='bbox 2544 2051 2580 2104; x_wconf 77' lang='grc' dir='ltr'>ἃ</span> <span class='ocrx_word' id='word_1_378' title='bbox 2600 2050 2698 2120; x_wconf 81' lang='grc' dir='ltr'><strong>τὴν</strong></span> <span class='ocrx_word' id='word_1_379' title='bbox 2725 2049 2909 2120; x_wconf 88' lang='grc' dir='ltr'>πάλην·</span> <span class='ocrx_word' id='word_1_380' title='bbox 2931 2050 3062 2121; x_wconf 80' lang='grc' dir='ltr'>ἡμῖν</span> <span class='ocrx_word' id='word_1_381' title='bbox 3085 2048 3402 2102; x_wconf 84' lang='grc' dir='ltr'>συνεστάναι</span> <span class='ocrx_word' id='word_1_382' title='bbox 3435 2046 3603 2118; x_wconf 75' lang='grc' dir='ltr'>φησὶν</span> <span class='ocrx_word' id='word_1_383' title='bbox 3627 2049 3660 2101; x_wconf 88' lang='lat'><strong>6</strong></span> 
     </span>
    </p>
   </div>
   <div class='ocr_carea' id='block_1_51' title="bbox 2079 2136 3656 2210">
    <p class='ocr_par' dir='ltr' id='par_1_51' title="bbox 2079 2136 3656 2210">
     <span class='ocr_line' id='line_1_51' title="bbox 2079 2136 3656 2210; baseline -0.002 -18"><span class='ocrx_word' id='word_1_384' title='bbox 2079 2138 2219 2204; x_wconf 81' lang='grc' dir='ltr'>θεῖος</span> <span class='ocrx_word' id='word_1_385' title='bbox 2234 2139 2573 2204; x_wconf 84' lang='grc' dir='ltr'>Ἀπόστολος.</span> <span class='ocrx_word' id='word_1_386' title='bbox 2591 2139 2656 2193; x_wconf 91' lang='grc' dir='ltr'>Τί</span> <span class='ocrx_word' id='word_1_387' title='bbox 2671 2136 2786 2204; x_wconf 78' lang='grc' dir='ltr'>οὖν,</span> <span class='ocrx_word' id='word_1_388' title='bbox 2813 2139 2936 2192; x_wconf 74' lang='grc' dir='ltr'>ἐπεὶ</span> <span class='ocrx_word' id='word_1_389' title='bbox 2961 2139 3096 2210; x_wconf 88' lang='grc' dir='ltr'>μήτε</span> <span class='ocrx_word' id='word_1_390' title='bbox 3119 2137 3268 2210; x_wconf 86' lang='grc' dir='ltr'>παρὰ</span> <span class='ocrx_word' id='word_1_391' title='bbox 3285 2139 3496 2202; x_wconf 82' lang='grc' dir='ltr'>Μωσεῖ,</span> <span class='ocrx_word' id='word_1_392' title='bbox 3517 2138 3656 2208; x_wconf 82' lang='grc' dir='ltr'>μήτε</span> 
     </span>
    </p>
   </div>
   <div class='ocr_carea' id='block_1_52' title="bbox 2078 2227 3660 2302">
    <p class='ocr_par' dir='ltr' id='par_1_52' title="bbox 2078 2227 3660 2302">
     <span class='ocr_line' id='line_1_52' title="bbox 2078 2227 3660 2302; baseline -0.002 -20"><span class='ocrx_word' id='word_1_393' title='bbox 2078 2229 2231 2301; x_wconf 85' lang='grc' dir='ltr'>παρά</span> <span class='ocrx_word' id='word_1_394' title='bbox 2252 2233 2363 2294; x_wconf 78' lang='grc' dir='ltr'>τοῖς</span> <span class='ocrx_word' id='word_1_395' title='bbox 2389 2230 2593 2294; x_wconf 81' lang='grc' dir='ltr'>λοιποῖς</span> <span class='ocrx_word' id='word_1_396' title='bbox 2620 2231 2926 2302; x_wconf 80' lang='grc' dir='ltr'>προφήταις</span> <span class='ocrx_word' id='word_1_397' title='bbox 2951 2227 3134 2298; x_wconf 80' lang='grc' dir='ltr'>σαφῶς</span> <span class='ocrx_word' id='word_1_398' title='bbox 3161 2228 3510 2299; x_wconf 76' lang='grc' dir='ltr'>ὲστινεὺρεῖν</span> <span class='ocrx_word' id='word_1_399' title='bbox 3530 2228 3660 2291; x_wconf 80' lang='grc' dir='ltr'>τοὺς</span> 
     </span>
    </p>
   </div>
   <div class='ocr_carea' id='block_1_53' title="bbox 2078 2317 3658 2394">
    <p class='ocr_par' dir='ltr' id='par_1_53' title="bbox 2078 2317 3658 2394">
     <span class='ocr_line' id='line_1_53' title="bbox 2078 2317 3658 2394; baseline 0.009 -22"><span class='ocrx_word' id='word_1_400' title='bbox 2078 2322 2208 2394; x_wconf 74' lang='grc' dir='ltr'>περὶ</span> <span class='ocrx_word' id='word_1_401' title='bbox 2232 2321 2436 2376; x_wconf 89' lang='grc' dir='ltr'>τούτων</span> <span class='ocrx_word' id='word_1_402' title='bbox 2464 2321 2676 2391; x_wconf 85' lang='grc' dir='ltr'>λόγους,</span> <span class='ocrx_word' id='word_1_403' title='bbox 2697 2320 3026 2393; x_wconf 81' lang='grc' dir='ltr'>ἀπιστητέον</span> <span class='ocrx_word' id='word_1_404' title='bbox 3052 2320 3127 2391; x_wconf 75' lang='grc'><strong>(2)</strong></span> <span class='ocrx_word' id='word_1_405' title='bbox 3154 2319 3232 2391; x_wconf 83' lang='grc' dir='ltr'>τῷ</span> <span class='ocrx_word' id='word_1_406' title='bbox 3246 2319 3550 2390; x_wconf 77' lang='grc' dir='ltr'>Ἀτωστόλῳ</span> <span class='ocrx_word' id='word_1_407' title='bbox 3572 2336 3588 2385; x_wconf 74' lang='grc' dir='ltr'><strong>ἶ</strong></span> <span class='ocrx_word' id='word_1_408' title='bbox 3621 2317 3658 2388; x_wconf 80' lang='grc' dir='ltr'><strong>ἧ</strong></span> 
     </span>
    </p>
   </div>
   <div class='ocr_carea' id='block_1_54' title="bbox 2078 2407 3669 2482">
    <p class='ocr_par' dir='ltr' id='par_1_54' title="bbox 2078 2407 3669 2482">
     <span class='ocr_line' id='line_1_54' title="bbox 2078 2407 3669 2482; baseline -0.003 -17"><span class='ocrx_word' id='word_1_409' title='bbox 2078 2411 2298 2466; x_wconf 78' lang='grc' dir='ltr'>ἐπειδὰν</span> <span class='ocrx_word' id='word_1_410' title='bbox 2330 2409 2425 2464; x_wconf 82' lang='grc' dir='ltr'>τοῦ</span> <span class='ocrx_word' id='word_1_411' title='bbox 2457 2411 2568 2464; x_wconf 87' lang='grc' dir='ltr'><strong>τῶν</strong></span> <span class='ocrx_word' id='word_1_412' title='bbox 2589 2411 2913 2482; x_wconf 87' lang='grc' dir='ltr'>κρειττόνων</span> <span class='ocrx_word' id='word_1_413' title='bbox 2938 2411 3215 2480; x_wconf 81' lang='grc' dir='ltr'>τάγματος</span> <span class='ocrx_word' id='word_1_414' title='bbox 3252 2411 3282 2462; x_wconf 90' lang='lat'><strong>6</strong></span> <span class='ocrx_word' id='word_1_415' title='bbox 3307 2407 3470 2473; x_wconf 75' lang='grc' dir='ltr'>αὐτὸς</span> <span class='ocrx_word' id='word_1_416' title='bbox 3496 2408 3669 2461; x_wconf 66' lang='grc' dir='ltr'>πάλιν</span> 
     </span>
    </p>
   </div>
   <div class='ocr_carea' id='block_1_55' title="bbox 2082 2499 3662 2576">
    <p class='ocr_par' dir='ltr' id='par_1_55' title="bbox 2082 2499 3662 2576">
     <span class='ocr_line' id='line_1_55' title="bbox 2082 2499 3662 2576; baseline -0.001 -20"><span class='ocrx_word' id='word_1_417' title='bbox 2082 2503 2396 2576; x_wconf 76' lang='grc' dir='ltr'>μνημονεύῃ</span> <span class='ocrx_word' id='word_1_418' title='bbox 2449 2503 2621 2572; x_wconf 83' lang='grc' dir='ltr'>λέγων</span> <span class='ocrx_word' id='word_1_419' title='bbox 2671 2504 2764 2557; x_wconf 83' lang='grc' dir='ltr'><strong>τὸν</strong></span> <span class='ocrx_word' id='word_1_420' title='bbox 2811 2502 3045 2574; x_wconf 80' lang='grc' dir='ltr'>Χριστόν</span> <span class='ocrx_word' id='word_1_421' title='bbox 3095 2504 3152 2557; x_wconf 84' lang='grc' dir='ltr'><strong>ὲν</strong></span> <span class='ocrx_word' id='word_1_422' title='bbox 3193 2501 3344 2572; x_wconf 81' lang='grc' dir='ltr'>δεξιᾷ</span> <span class='ocrx_word' id='word_1_423' title='bbox 3381 2499 3478 2555; x_wconf 83' lang='grc' dir='ltr'>τοῦ</span> <span class='ocrx_word' id='word_1_424' title='bbox 3522 2499 3662 2554; x_wconf 67' lang='grc' dir='ltr'>Θεοῦ</span> 
     </span>
    </p>
   </div>
   <div class='ocr_carea' id='block_1_56' title="bbox 2080 2591 3672 2666">
    <p class='ocr_par' dir='ltr' id='par_1_56' title="bbox 2080 2591 3672 2666">
     <span class='ocr_line' id='line_1_56' title="bbox 2080 2591 3672 2666; baseline -0.003 -17"><span class='ocrx_word' id='word_1_425' title='bbox 2080 2594 2424 2660; x_wconf 79' lang='grc' dir='ltr'>καθέζεσθαι,</span> <span class='ocrx_word' id='word_1_426' title='bbox 2451 2595 2707 2666; x_wconf 82' lang='grc' dir='ltr'>ὑπεράνω</span> <span class='ocrx_word' id='word_1_427' title='bbox 2730 2595 2910 2666; x_wconf 88' lang='grc' dir='ltr'>πάσης</span> <span class='ocrx_word' id='word_1_428' title='bbox 2936 2595 3130 2665; x_wconf 86' lang='grc' dir='ltr'>ἀρχῆς,</span> <span class='ocrx_word' id='word_1_429' title='bbox 3155 2593 3250 2646; x_wconf 79' lang='grc' dir='ltr'>καὶ</span> <span class='ocrx_word' id='word_1_430' title='bbox 3272 2592 3540 2658; x_wconf 75' lang='grc' dir='ltr'>ἐξουσίας,</span> <span class='ocrx_word' id='word_1_431' title='bbox 3568 2591 3672 2645; x_wconf 53' lang='grc' dir='ltr'>καὶ</span> 
     </span>
    </p>
   </div>
   <div class='ocr_carea' id='block_1_57' title="bbox 2079 2681 3666 2754">
    <p class='ocr_par' dir='ltr' id='par_1_57' title="bbox 2079 2681 3666 2754">
     <span class='ocr_line' id='line_1_57' title="bbox 2079 2681 3666 2754; baseline -0.003 -16"><span class='ocrx_word' id='word_1_432' title='bbox 2079 2683 2380 2754; x_wconf 87' lang='grc' dir='ltr'>δυνάμεως,</span> <span class='ocrx_word' id='word_1_433' title='bbox 2411 2683 2504 2736; x_wconf 77' lang='grc' dir='ltr'>καὶ</span> <span class='ocrx_word' id='word_1_434' title='bbox 2533 2683 2871 2754; x_wconf 85' lang='grc' dir='ltr'>κυριότητος,</span> <span class='ocrx_word' id='word_1_435' title='bbox 2905 2683 2999 2736; x_wconf 77' lang='grc' dir='ltr'>καὶ</span> <span class='ocrx_word' id='word_1_436' title='bbox 3027 2682 3228 2746; x_wconf 80' lang='grc' dir='ltr'>παντὸς</span> <span class='ocrx_word' id='word_1_437' title='bbox 3254 2682 3517 2753; x_wconf 84' lang='grc' dir='ltr'>ὀνόματος</span> <span class='ocrx_word' id='word_1_438' title='bbox 3541 2681 3666 2734; x_wconf 74' lang='grc' dir='ltr'><strong>ὀνο-</strong></span> 
     </span>
    </p>
   </div>
   <div class='ocr_carea' id='block_1_58' title="bbox 2085 2771 3665 2848">
    <p class='ocr_par' dir='ltr' id='par_1_58' title="bbox 2085 2771 3665 2848">
     <span class='ocr_line' id='line_1_58' title="bbox 2085 2771 3665 2848; baseline -0.004 -19"><span class='ocrx_word' id='word_1_439' title='bbox 2085 2773 2412 2848; x_wconf 74' lang='grc' dir='ltr'>μαζομένου,</span> <span class='ocrx_word' id='word_1_440' title='bbox 2443 2775 2503 2826; x_wconf 80' lang='grc' dir='ltr'>οὐ</span> <span class='ocrx_word' id='word_1_441' title='bbox 2531 2773 2690 2844; x_wconf 87' lang='grc' dir='ltr'>μόνον</span> <span class='ocrx_word' id='word_1_442' title='bbox 2710 2775 2767 2826; x_wconf 82' lang='grc' dir='ltr'>ὲν</span> <span class='ocrx_word' id='word_1_443' title='bbox 2792 2773 2870 2844; x_wconf 81' lang='grc' dir='ltr'><strong>τῷ</strong></span> <span class='ocrx_word' id='word_1_444' title='bbox 2900 2772 3057 2827; x_wconf 82' lang='grc' dir='ltr'>αἰῶνι</span> <span class='ocrx_word' id='word_1_445' title='bbox 3097 2772 3287 2843; x_wconf 84' lang='grc' dir='ltr'>τούτῳ,</span> <span class='ocrx_word' id='word_1_446' title='bbox 3311 2771 3452 2826; x_wconf 82' lang='grc' dir='ltr'><strong>ἀλλά</strong></span> <span class='ocrx_word' id='word_1_447' title='bbox 3485 2772 3584 2824; x_wconf 75' lang='grc' dir='ltr'><strong>καὶ</strong></span> <span class='ocrx_word' id='word_1_448' title='bbox 3605 2771 3665 2822; x_wconf 80' lang='grc' dir='ltr'><strong>ὲν</strong></span> 
     </span>
    </p>
   </div>
   <div class='ocr_carea' id='block_1_59' title="bbox 2081 2860 3662 2938">
    <p class='ocr_par' dir='ltr' id='par_1_59' title="bbox 2081 2860 3662 2938">
     <span class='ocr_line' id='line_1_59' title="bbox 2081 2860 3662 2938; baseline -0.006 -18"><span class='ocrx_word' id='word_1_449' title='bbox 2081 2866 2158 2938; x_wconf 83' lang='grc' dir='ltr'>τῷ</span> <span class='ocrx_word' id='word_1_450' title='bbox 2201 2864 2475 2936; x_wconf 85' lang='grc' dir='ltr'>μέλλοντι·</span> <span class='ocrx_word' id='word_1_451' title='bbox 2521 2865 2616 2918; x_wconf 73' lang='grc' dir='ltr'><strong>καί</strong></span> <span class='ocrx_word' id='word_1_452' title='bbox 2658 2860 2834 2928; x_wconf 79' lang='grc' dir='ltr'>αὖθις,</span> <span class='ocrx_word' id='word_1_453' title='bbox 2887 2865 3107 2918; x_wconf 73' lang='grc' dir='ltr'>ἐπειδὰν</span> <span class='ocrx_word' id='word_1_454' title='bbox 3134 2860 3379 2934; x_wconf 74' lang='grc' dir='ltr'>ὀνομάζῃ</span> <span class='ocrx_word' id='word_1_455' title='bbox 3414 2861 3662 2932; x_wconf 86' lang='grc' dir='ltr'>θρόνους,</span> 
     </span>
    </p>
   </div>
   <div class='ocr_carea' id='block_1_60' title="bbox 2083 2951 3661 3029">
    <p class='ocr_par' dir='ltr' id='par_1_60' title="bbox 2083 2951 3661 3029">
     <span class='ocr_line' id='line_1_60' title="bbox 2083 2951 3661 3029; baseline -0.005 -17"><span class='ocrx_word' id='word_1_456' title='bbox 2083 2957 2179 3012; x_wconf 74' lang='grc' dir='ltr'>καὶ</span> <span class='ocrx_word' id='word_1_457' title='bbox 2214 2957 2564 3029; x_wconf 80' lang='grc' dir='ltr'>κυριότητας,</span> <span class='ocrx_word' id='word_1_458' title='bbox 2613 2957 2708 3009; x_wconf 74' lang='grc' dir='ltr'><strong>καὶ</strong></span> <span class='ocrx_word' id='word_1_459' title='bbox 2754 2954 2950 3027; x_wconf 84' lang='grc' dir='ltr'>ἀρχὰς,</span> <span class='ocrx_word' id='word_1_460' title='bbox 3009 2954 3104 3009; x_wconf 78' lang='grc' dir='ltr'>καὶ</span> <span class='ocrx_word' id='word_1_461' title='bbox 3134 2952 3406 3018; x_wconf 78' lang='grc' dir='ltr'>ἐξουσίας,</span> <span class='ocrx_word' id='word_1_462' title='bbox 3454 2951 3661 3019; x_wconf 82' lang='grc' dir='ltr'>λέγων·</span> 
     </span>
    </p>
   </div>
   <div class='ocr_carea' id='block_1_61' title="bbox 413 3039 1978 3120">
    <p class='ocr_par' dir='ltr' id='par_1_61' title="bbox 413 3039 1978 3107">
     <span class='ocr_line' id='line_1_61' title="bbox 413 3039 1978 3107; baseline -0.002 -11"><span class='ocrx_word' id='word_1_463' title='bbox 413 3056 536 3096; x_wconf 90' lang='lat' dir='ltr'><strong>cum</strong></span> <span class='ocrx_word' id='word_1_464' title='bbox 561 3040 802 3097; x_wconf 81' lang='lat' dir='ltr'><strong>nominet</strong></span> <span class='ocrx_word' id='word_1_465' title='bbox 842 3041 984 3096; x_wconf 88' lang='lat' dir='ltr'><strong>idem</strong></span> <span class='ocrx_word' id='word_1_466' title='bbox 1031 3041 1279 3102; x_wconf 87' lang='lat' dir='ltr'><strong>thronos.</strong></span> <span class='ocrx_word' id='word_1_467' title='bbox 1299 3039 1720 3106; x_wconf 86' lang='lat' dir='ltr'><strong>dominationes,</strong></span> <span class='ocrx_word' id='word_1_468' title='bbox 1750 3048 1804 3094; x_wconf 88' lang='lat' dir='ltr'><strong>et</strong></span> <span class='ocrx_word' id='word_1_469' title='bbox 1834 3039 1978 3107; x_wconf 89' lang='lat' dir='ltr'><strong>priu-</strong></span> 
     </span>
    </p>
   </div>
   <div class='ocr_carea' id='block_1_62' title="bbox 2079 3039 3667 3120">
    <p class='ocr_par' dir='ltr' id='par_1_62' title="bbox 2095 3041 3667 3116">
     <span class='ocr_line' id='line_1_62' title="bbox 2095 3041 3667 3116; baseline -0.004 -16"><span class='ocrx_word' id='word_1_470' title='bbox 2095 3048 2192 3102; x_wconf 78' lang='grc' dir='ltr'><strong>Ἐν</strong></span> <span class='ocrx_word' id='word_1_471' title='bbox 2215 3045 2374 3112; x_wconf 84' lang='grc' dir='ltr'>αὐτῷ</span> <span class='ocrx_word' id='word_1_472' title='bbox 2407 3046 2518 3116; x_wconf 78' lang='grc' dir='ltr'><strong>γὰρ</strong></span> <span class='ocrx_word' id='word_1_473' title='bbox 2555 3046 2802 3114; x_wconf 80' lang='grc' dir='ltr'>ἐκτίσθη</span> <span class='ocrx_word' id='word_1_474' title='bbox 2837 3046 2910 3099; x_wconf 86' lang='grc' dir='ltr'>τὰ</span> <span class='ocrx_word' id='word_1_475' title='bbox 2954 3043 3172 3109; x_wconf 70' lang='grc' dir='ltr'>πάντα,</span> <span class='ocrx_word' id='word_1_476' title='bbox 3199 3043 3270 3097; x_wconf 87' lang='grc' dir='ltr'>τὰ</span> <span class='ocrx_word' id='word_1_477' title='bbox 3296 3043 3367 3097; x_wconf 85' lang='grc' dir='ltr'><strong>ἐν</strong></span> <span class='ocrx_word' id='word_1_478' title='bbox 3402 3041 3533 3108; x_wconf 85' lang='grc' dir='ltr'>τοῖς</span> <span class='ocrx_word' id='word_1_479' title='bbox 3563 3042 3667 3095; x_wconf 80' lang='grc' dir='ltr'><strong>οῠο</strong></span> 
     </span>
    </p>
   </div>
   <div class='ocr_carea' id='block_1_63' title="bbox 411 3126 1978 3208">
    <p class='ocr_par' dir='ltr' id='par_1_63' title="bbox 411 3126 1978 3200">
     <span class='ocr_line' id='line_1_63' title="bbox 411 3126 1978 3200; baseline 0 -17"><span class='ocrx_word' id='word_1_480' title='bbox 411 3130 644 3200; x_wconf 85' lang='lat' dir='ltr'><strong>eipatus,</strong></span> <span class='ocrx_word' id='word_1_481' title='bbox 664 3138 720 3185; x_wconf 92' lang='lat' dir='ltr'><strong>et</strong></span> <span class='ocrx_word' id='word_1_482' title='bbox 749 3138 1070 3199; x_wconf 87' lang='lat' dir='ltr'><strong>potestates,</strong></span> <span class='ocrx_word' id='word_1_483' title='bbox 1094 3128 1183 3183; x_wconf 91' lang='lat' dir='ltr'><strong>ubi</strong></span> <span class='ocrx_word' id='word_1_484' title='bbox 1221 3128 1298 3182; x_wconf 89' lang='lat' dir='ltr'><strong>ait</strong></span> <span class='ocrx_word' id='word_1_485' title='bbox 1329 3146 1342 3181; x_wconf 92' lang='lat'>:</span> <span class='ocrx_word' id='word_1_486' title='bbox 1381 3126 1449 3181; x_wconf 68' lang='lat' dir='ltr'><strong>In</strong></span> <span class='ocrx_word' id='word_1_487' title='bbox 1477 3128 1590 3196; x_wconf 81' lang='lat' dir='ltr'><strong>ipso</strong></span> <span class='ocrx_word' id='word_1_488' title='bbox 1611 3129 1749 3180; x_wconf 86' lang='lat' dir='ltr'><strong>enim</strong></span> <span class='ocrx_word' id='word_1_489' title='bbox 1773 3129 1978 3183; x_wconf 87' lang='lat' dir='ltr'><strong>condita</strong></span> 
     </span>
    </p>
   </div>
   <div class='ocr_carea' id='block_1_64' title="bbox 2079 3126 3674 3208">
    <p class='ocr_par' dir='ltr' id='par_1_64' title="bbox 2079 3134 3674 3208">
     <span class='ocr_line' id='line_1_64' title="bbox 2079 3134 3674 3208; baseline -0.003 -16"><span class='ocrx_word' id='word_1_490' title='bbox 2079 3138 2286 3207; x_wconf 78' lang='grc' dir='ltr'>ρανοῖς</span> <span class='ocrx_word' id='word_1_491' title='bbox 2305 3138 2402 3192; x_wconf 80' lang='grc' dir='ltr'>καὶ</span> <span class='ocrx_word' id='word_1_492' title='bbox 2427 3139 2501 3192; x_wconf 82' lang='grc' dir='ltr'>τὰ</span> <span class='ocrx_word' id='word_1_493' title='bbox 2529 3139 2628 3192; x_wconf 78' lang='grc' dir='ltr'><strong>ἐπὶ</strong></span> <span class='ocrx_word' id='word_1_494' title='bbox 2658 3135 2766 3207; x_wconf 82' lang='grc' dir='ltr'>τῆς</span> <span class='ocrx_word' id='word_1_495' title='bbox 2791 3137 2924 3208; x_wconf 77' lang='grc' dir='ltr'>τῆς,</span> <span class='ocrx_word' id='word_1_496' title='bbox 2953 3137 3028 3191; x_wconf 86' lang='grc' dir='ltr'>τὰ</span> <span class='ocrx_word' id='word_1_497' title='bbox 3048 3137 3231 3206; x_wconf 81' lang='grc' dir='ltr'>ὁρατὰ</span> <span class='ocrx_word' id='word_1_498' title='bbox 3259 3135 3359 3189; x_wconf 76' lang='grc' dir='ltr'>καὶ</span> <span class='ocrx_word' id='word_1_499' title='bbox 3391 3135 3466 3189; x_wconf 84' lang='grc' dir='ltr'>τὰ</span> <span class='ocrx_word' id='word_1_500' title='bbox 3493 3134 3674 3202; x_wconf 69' lang='grc' dir='ltr'>ἀόραρ</span> 
     </span>
    </p>
   </div>
   <div class='ocr_carea' id='block_1_65' title="bbox 411 3218 1985 3289">
    <p class='ocr_par' dir='ltr' id='par_1_65' title="bbox 411 3218 1985 3289">
     <span class='ocr_line' id='line_1_65' title="bbox 411 3218 1985 3289; baseline -0.003 -14"><span class='ocrx_word' id='word_1_501' title='bbox 411 3230 534 3276; x_wconf 74' lang='lat' dir='ltr'><strong>sunt</strong></span> <span class='ocrx_word' id='word_1_502' title='bbox 562 3221 825 3284; x_wconf 80' lang='lat' dir='ltr'><strong>uniuersa,</strong></span> <span class='ocrx_word' id='word_1_503' title='bbox 865 3228 972 3273; x_wconf 85' lang='lat' dir='ltr'><strong>tam</strong></span> <span class='ocrx_word' id='word_1_504' title='bbox 1003 3235 1120 3289; x_wconf 78' lang='lat' dir='ltr'><strong>qua:</strong></span> <span class='ocrx_word' id='word_1_505' title='bbox 1145 3222 1200 3273; x_wconf 88' lang='lat' dir='ltr'><strong>in</strong></span> <span class='ocrx_word' id='word_1_506' title='bbox 1225 3218 1366 3272; x_wconf 74' lang='lat' dir='ltr'><strong>caelis</strong></span> <span class='ocrx_word' id='word_1_507' title='bbox 1396 3228 1540 3283; x_wconf 81' lang='lat' dir='ltr'><strong>sunt,</strong></span> <span class='ocrx_word' id='word_1_508' title='bbox 1559 3235 1716 3288; x_wconf 88' lang='lat' dir='ltr'><strong>quam</strong></span> <span class='ocrx_word' id='word_1_509' title='bbox 1747 3235 1864 3287; x_wconf 73' lang='lat' dir='ltr'><strong>quae</strong></span> <span class='ocrx_word' id='word_1_510' title='bbox 1893 3236 1985 3271; x_wconf 82' lang='lat' dir='ltr'><strong>su-</strong></span> 
     </span>
    </p>
   </div>
   <div class='ocr_carea' id='block_1_66' title="bbox 413 3309 1985 3378">
    <p class='ocr_par' dir='ltr' id='par_1_66' title="bbox 413 3309 1985 3378">
     <span class='ocr_line' id='line_1_66' title="bbox 413 3309 1985 3378; baseline -0.002 -12"><span class='ocrx_word' id='word_1_511' title='bbox 413 3327 508 3378; x_wconf 75' lang='lat' dir='ltr'><strong>per</strong></span> <span class='ocrx_word' id='word_1_512' title='bbox 553 3320 771 3377; x_wconf 86' lang='lat' dir='ltr'><strong>terram,</strong></span> <span class='ocrx_word' id='word_1_513' title='bbox 804 3311 1028 3366; x_wconf 77' lang='lat' dir='ltr'><strong>uisibilia</strong></span> <span class='ocrx_word' id='word_1_514' title='bbox 1062 3320 1110 3364; x_wconf 86' lang='lat' dir='ltr'><strong>et</strong></span> <span class='ocrx_word' id='word_1_515' title='bbox 1148 3309 1460 3377; x_wconf 76' lang='lat' dir='ltr'><strong>invisibilia,</strong></span> <span class='ocrx_word' id='word_1_516' title='bbox 1492 3311 1596 3365; x_wconf 82' lang='lat' dir='ltr'><strong>sive</strong></span> <span class='ocrx_word' id='word_1_517' title='bbox 1629 3314 1843 3374; x_wconf 79' lang='lat' dir='ltr'><strong>throni,</strong></span> <span class='ocrx_word' id='word_1_518' title='bbox 1880 3314 1985 3363; x_wconf 83' lang='lat' dir='ltr'><strong>sive</strong></span> 
     </span>
    </p>
   </div>
   <div class='ocr_carea' id='block_1_67' title="bbox 413 3399 1983 3470">
    <p class='ocr_par' dir='ltr' id='par_1_67' title="bbox 413 3399 1983 3470">
     <span class='ocr_line' id='line_1_67' title="bbox 413 3399 1983 3470; baseline -0.001 -17"><span class='ocrx_word' id='word_1_519' title='bbox 413 3399 820 3466; x_wconf 73' lang='lat' dir='ltr'><strong>dominationes,</strong></span> <span class='ocrx_word' id='word_1_520' title='bbox 850 3416 941 3454; x_wconf 79' lang='lat' dir='ltr'><strong>seu</strong></span> <span class='ocrx_word' id='word_1_521' title='bbox 961 3400 1310 3470; x_wconf 78' lang='lat' dir='ltr'><strong>principatus,</strong></span> <span class='ocrx_word' id='word_1_522' title='bbox 1334 3416 1426 3454; x_wconf 85' lang='lat' dir='ltr'><strong>seu</strong></span> <span class='ocrx_word' id='word_1_523' title='bbox 1449 3411 1732 3470; x_wconf 80' lang='lat' dir='ltr'><strong>potestates</strong></span> <span class='ocrx_word' id='word_1_524' title='bbox 1764 3400 1829 3454; x_wconf 84' lang='grc'><strong>³⁸.</strong></span> <span class='ocrx_word' id='word_1_525' title='bbox 1849 3399 1983 3454; x_wconf 84' lang='lat' dir='ltr'><strong>Num</strong></span> 
     </span>
    </p>
   </div>
   <div class='ocr_carea' id='block_1_68' title="bbox 415 3493 1984 3564">
    <p class='ocr_par' dir='ltr' id='par_1_68' title="bbox 415 3493 1984 3564">
     <span class='ocr_line' id='line_1_68' title="bbox 415 3493 1984 3564; baseline 0.001 -18"><span class='ocrx_word' id='word_1_526' title='bbox 415 3507 520 3547; x_wconf 88' lang='lat' dir='ltr'><strong>non</strong></span> <span class='ocrx_word' id='word_1_527' title='bbox 555 3508 656 3564; x_wconf 89' lang='lat' dir='ltr'><strong>par</strong></span> <span class='ocrx_word' id='word_1_528' title='bbox 686 3502 771 3548; x_wconf 87' lang='lat' dir='ltr'><strong>est</strong></span> <span class='ocrx_word' id='word_1_529' title='bbox 793 3503 850 3548; x_wconf 89' lang='lat' dir='ltr'><strong>ut</strong></span> <span class='ocrx_word' id='word_1_530' title='bbox 882 3493 1231 3547; x_wconf 85' lang='lat' dir='ltr'><strong>admittamus</strong></span> <span class='ocrx_word' id='word_1_531' title='bbox 1261 3494 1388 3556; x_wconf 88' lang='lat' dir='ltr'><strong>ista,</strong></span> <span class='ocrx_word' id='word_1_532' title='bbox 1432 3494 1644 3549; x_wconf 89' lang='lat' dir='ltr'><strong>etiamsi</strong></span> <span class='ocrx_word' id='word_1_533' title='bbox 1674 3493 1852 3550; x_wconf 87' lang='lat' dir='ltr'><strong>Moses</strong></span> <span class='ocrx_word' id='word_1_534' title='bbox 1878 3508 1984 3548; x_wconf 93' lang='lat' dir='ltr'><strong>non</strong></span> 
     </span>
    </p>
   </div>
   <div class='ocr_carea' id='block_1_69' title="bbox 414 3581 1989 3654">
    <p class='ocr_par' dir='ltr' id='par_1_69' title="bbox 414 3581 1989 3654">
     <span class='ocr_line' id='line_1_69' title="bbox 414 3581 1989 3654; baseline 0.003 -17"><span class='ocrx_word' id='word_1_535' title='bbox 414 3581 622 3646; x_wconf 75' lang='lat' dir='ltr'><strong>fecerit,</strong></span> <span class='ocrx_word' id='word_1_536' title='bbox 655 3599 754 3639; x_wconf 91' lang='lat' dir='ltr'><strong>nec</strong></span> <span class='ocrx_word' id='word_1_537' title='bbox 783 3583 1164 3654; x_wconf 86' lang='lat' dir='ltr'><strong>prophetarum</strong></span> <span class='ocrx_word' id='word_1_538' title='bbox 1203 3581 1351 3640; x_wconf 84' lang='lat' dir='ltr'><strong>&#39;ullus</strong></span> <span class='ocrx_word' id='word_1_539' title='bbox 1386 3585 1549 3640; x_wconf 86' lang='lat' dir='ltr'><strong>ullam</strong></span> <span class='ocrx_word' id='word_1_540' title='bbox 1581 3586 1648 3640; x_wconf 90' lang='lat' dir='ltr'><strong>de</strong></span> <span class='ocrx_word' id='word_1_541' title='bbox 1691 3586 1810 3642; x_wconf 87' lang='lat' dir='ltr'><strong>istis</strong></span> <span class='ocrx_word' id='word_1_542' title='bbox 1839 3602 1989 3642; x_wconf 90' lang='lat' dir='ltr'><strong>men-</strong></span> 
     </span>
    </p>
   </div>
   <div class='ocr_carea' id='block_1_70' title="bbox 417 3673 1984 3745">
    <p class='ocr_par' dir='ltr' id='par_1_70' title="bbox 417 3673 1984 3745">
     <span class='ocr_line' id='line_1_70' title="bbox 417 3673 1984 3745; baseline 0.001 -14"><span class='ocrx_word' id='word_1_543' title='bbox 417 3673 662 3731; x_wconf 88' lang='lat' dir='ltr'><strong>tionem?</strong></span> <span class='ocrx_word' id='word_1_544' title='bbox 706 3675 865 3732; x_wconf 88' lang='lat' dir='ltr'><strong>Certe</strong></span> <span class='ocrx_word' id='word_1_545' title='bbox 907 3676 1046 3730; x_wconf 88' lang='lat' dir='ltr'><strong>idem</strong></span> <span class='ocrx_word' id='word_1_546' title='bbox 1095 3675 1184 3730; x_wconf 90' lang='lat' dir='ltr'><strong>hic</strong></span> <span class='ocrx_word' id='word_1_547' title='bbox 1235 3676 1603 3744; x_wconf 87' lang='lat' dir='ltr'><strong>usurpandum</strong></span> <span class='ocrx_word' id='word_1_548' title='bbox 1659 3677 1815 3733; x_wconf 89' lang='lat' dir='ltr'><strong>nobis</strong></span> <span class='ocrx_word' id='word_1_549' title='bbox 1861 3689 1984 3745; x_wconf 90' lang='lat' dir='ltr'><strong>est,</strong></span> 
     </span>
    </p>
   </div>
   <div class='ocr_carea' id='block_1_71' title="bbox 414 3762 1987 3835">
    <p class='ocr_par' dir='ltr' id='par_1_71' title="bbox 414 3762 1987 3835">
     <span class='ocr_line' id='line_1_71' title="bbox 414 3762 1987 3835; baseline 0.005 -20"><span class='ocrx_word' id='word_1_550' title='bbox 414 3762 557 3831; x_wconf 87' lang='lat' dir='ltr'><strong>quod</strong></span> <span class='ocrx_word' id='word_1_551' title='bbox 590 3762 713 3818; x_wconf 88' lang='lat' dir='ltr'><strong>duri</strong></span> <span class='ocrx_word' id='word_1_552' title='bbox 758 3763 970 3818; x_wconf 82' lang='lat' dir='ltr'><strong>cervice</strong></span> <span class='ocrx_word' id='word_1_553' title='bbox 1013 3773 1068 3819; x_wconf 91' lang='lat' dir='ltr'><strong>et</strong></span> <span class='ocrx_word' id='word_1_554' title='bbox 1122 3765 1286 3820; x_wconf 91' lang='lat' dir='ltr'><strong>corde</strong></span> <span class='ocrx_word' id='word_1_555' title='bbox 1340 3764 1705 3820; x_wconf 89' lang='lat' dir='ltr'><strong>incircumcisi</strong></span> <span class='ocrx_word' id='word_1_556' title='bbox 1740 3776 1900 3835; x_wconf 87' lang='lat' dir='ltr'><strong>atque</strong></span> <span class='ocrx_word' id='word_1_557' title='bbox 1941 3768 1987 3823; x_wconf 88' lang='lat' dir='ltr'><strong>si</strong></span> 
     </span>
    </p>
   </div>
   <div class='ocr_carea' id='block_1_72' title="bbox 411 3854 1988 3927">
    <p class='ocr_par' dir='ltr' id='par_1_72' title="bbox 411 3854 1988 3927">
     <span class='ocr_line' id='line_1_72' title="bbox 411 3854 1988 3927; baseline 0.004 -19"><span class='ocrx_word' id='word_1_558' title='bbox 411 3855 639 3909; x_wconf 81' lang='lat' dir='ltr'><strong>auribus</strong></span> <span class='ocrx_word' id='word_1_559' title='bbox 680 3855 991 3925; x_wconf 89' lang='lat' dir='ltr'><strong>neutiquam</strong></span> <span class='ocrx_word' id='word_1_560' title='bbox 1031 3857 1148 3912; x_wconf 91' lang='lat' dir='ltr'><strong>istis</strong></span> <span class='ocrx_word' id='word_1_561' title='bbox 1180 3856 1340 3910; x_wconf 83' lang='lat' dir='ltr'><strong>ﬁdem</strong></span> <span class='ocrx_word' id='word_1_562' title='bbox 1376 3854 1988 3927; x_wconf 77' lang='lat' dir='ltr'><strong>adbibuissent,quibus</strong></span> 
     </span>
    </p>
   </div>
   <div class='ocr_carea' id='block_1_73' title="bbox 414 3945 1988 4018">
    <p class='ocr_par' dir='ltr' id='par_1_73' title="bbox 414 3945 1988 4018">
     <span class='ocr_line' id='line_1_73' title="bbox 414 3945 1988 4018; baseline 0.003 -19"><span class='ocrx_word' id='word_1_563' title='bbox 414 3945 538 4001; x_wconf 91' lang='lat' dir='ltr'><strong>ideo</strong></span> <span class='ocrx_word' id='word_1_564' title='bbox 572 3945 705 4000; x_wconf 84' lang='lat' dir='ltr'><strong>nihil</strong></span> <span class='ocrx_word' id='word_1_565' title='bbox 729 3946 795 4000; x_wconf 85' lang='lat' dir='ltr'><strong>de</strong></span> <span class='ocrx_word' id='word_1_566' title='bbox 838 3961 1068 4014; x_wconf 87' lang='lat' dir='ltr'><strong>superna</strong></span> <span class='ocrx_word' id='word_1_567' title='bbox 1094 3946 1195 4001; x_wconf 13' lang='lat' dir='ltr'><strong>illa.</strong></span> <span class='ocrx_word' id='word_1_568' title='bbox 1219 3945 1528 4002; x_wconf 85' lang='lat' dir='ltr'><strong>Jerusalem</strong></span> <span class='ocrx_word' id='word_1_569' title='bbox 1568 3952 1627 4011; x_wconf 54' lang='grc' dir='ltr'><strong>ἦ(</strong></span> <span class='ocrx_word' id='word_1_570' title='bbox 1665 3947 1830 4002; x_wconf 86' lang='lat' dir='ltr'><strong>divini</strong></span> <span class='ocrx_word' id='word_1_571' title='bbox 1858 3963 1988 4018; x_wconf 56' lang='lat' dir='ltr'><strong>pro-</strong></span> 
     </span>
    </p>
   </div>
   <div class='ocr_carea' id='block_1_74' title="bbox 415 4035 1990 4107">
    <p class='ocr_par' dir='ltr' id='par_1_74' title="bbox 415 4035 1990 4107">
     <span class='ocr_line' id='line_1_74' title="bbox 415 4035 1990 4107; baseline 0.002 -17"><span class='ocrx_word' id='word_1_572' title='bbox 415 4037 593 4107; x_wconf 71' lang='lat' dir='ltr'><strong>phette</strong></span> <span class='ocrx_word' id='word_1_573' title='bbox 629 4035 938 4091; x_wconf 87' lang='lat' dir='ltr'><strong>revelarunt</strong></span> <span class='ocrx_word' id='word_1_574' title='bbox 969 4052 1127 4092; x_wconf 90' lang='lat' dir='ltr'><strong>:cum</strong></span> <span class='ocrx_word' id='word_1_575' title='bbox 1153 4037 1205 4090; x_wconf 93' lang='lat' dir='ltr'><strong>in</strong></span> <span class='ocrx_word' id='word_1_576' title='bbox 1239 4037 1478 4092; x_wconf 87' lang='lat' dir='ltr'><strong>Ecclesia</strong></span> <span class='ocrx_word' id='word_1_577' title='bbox 1508 4036 1733 4105; x_wconf 88' lang='lat' dir='ltr'><strong>Christi,</strong></span> <span class='ocrx_word' id='word_1_578' title='bbox 1761 4036 1990 4093; x_wconf 83' lang='lat' dir='ltr'><strong>manife-</strong></span> 
     </span>
    </p>
   </div>
   <div class='ocr_carea' id='block_1_75' title="bbox 417 4123 1989 4197">
    <p class='ocr_par' dir='ltr' id='par_1_75' title="bbox 417 4123 1989 4197">
     <span class='ocr_line' id='line_1_75' title="bbox 417 4123 1989 4197; baseline 0.001 -17"><span class='ocrx_word' id='word_1_579' title='bbox 417 4135 500 4180; x_wconf 81' lang='lat' dir='ltr'><strong>Ste</strong></span> <span class='ocrx_word' id='word_1_580' title='bbox 545 4127 860 4194; x_wconf 84' lang='lat' dir='ltr'><strong>pronuntiat</strong></span> <span class='ocrx_word' id='word_1_581' title='bbox 889 4123 955 4180; x_wconf 86' lang='lat' dir='ltr'><strong>de</strong></span> <span class='ocrx_word' id='word_1_582' title='bbox 987 4126 1075 4179; x_wconf 87' lang='lat' dir='ltr'><strong>illa</strong></span> <span class='ocrx_word' id='word_1_583' title='bbox 1124 4125 1344 4190; x_wconf 88' lang='lat' dir='ltr'><strong>Paulus,</strong></span> <span class='ocrx_word' id='word_1_584' title='bbox 1381 4125 1681 4180; x_wconf 82' lang='lat' dir='ltr'><strong>Jerusalem</strong></span> <span class='ocrx_word' id='word_1_585' title='bbox 1729 4141 1848 4180; x_wconf 78' lang='lat' dir='ltr'><strong>vero</strong></span> <span class='ocrx_word' id='word_1_586' title='bbox 1873 4143 1989 4197; x_wconf 72' lang='lat' dir='ltr'><strong>qua:</strong></span> 
     </span>
    </p>
   </div>
   <div class='ocr_carea' id='block_1_76' title="bbox 418 4217 1990 4288">
    <p class='ocr_par' dir='ltr' id='par_1_76' title="bbox 418 4217 1990 4288">
     <span class='ocr_line' id='line_1_76' title="bbox 418 4217 1990 4288; baseline 0.002 -19"><span class='ocrx_word' id='word_1_587' title='bbox 418 4232 626 4270; x_wconf 79' lang='lat' dir='ltr'><strong>.ursum</strong></span> <span class='ocrx_word' id='word_1_588' title='bbox 655 4228 731 4271; x_wconf 86' lang='lat' dir='ltr'><strong>est</strong></span> <span class='ocrx_word' id='word_1_589' title='bbox 776 4218 964 4282; x_wconf 85' lang='lat' dir='ltr'><strong>libera,</strong></span> <span class='ocrx_word' id='word_1_590' title='bbox 999 4228 1074 4272; x_wconf 88' lang='lat' dir='ltr'><strong>est</strong></span> <span class='ocrx_word' id='word_1_591' title='bbox 1111 4227 1278 4271; x_wconf 86' lang='lat' dir='ltr'><strong>mater</strong></span> <span class='ocrx_word' id='word_1_592' title='bbox 1316 4229 1496 4271; x_wconf 87' lang='lat' dir='ltr'><strong>nostra</strong></span> <span class='ocrx_word' id='word_1_593' title='bbox 1529 4217 1618 4284; x_wconf 84' lang='grc'><strong>³⁹;</strong></span> <span class='ocrx_word' id='word_1_594' title='bbox 1648 4227 1702 4272; x_wconf 91' lang='lat' dir='ltr'><strong>et</strong></span> <span class='ocrx_word' id='word_1_595' title='bbox 1740 4235 1754 4272; x_wconf 91' lang='lat'><strong>:</strong></span> <span class='ocrx_word' id='word_1_596' title='bbox 1788 4217 1990 4288; x_wconf 83' lang='lat' dir='ltr'><strong>Appro-</strong></span> 
     </span>
    </p>
   </div>
   <div class='ocr_carea' id='block_1_77' title="bbox 414 4307 1990 4378">
    <p class='ocr_par' dir='ltr' id='par_1_77' title="bbox 414 4307 1990 4378">
     <span class='ocr_line' id='line_1_77' title="bbox 414 4307 1990 4378; baseline 0.003 -18"><span class='ocrx_word' id='word_1_597' title='bbox 414 4307 706 4378; x_wconf 80' lang='lat' dir='ltr'><strong>pinquastis</strong></span> <span class='ocrx_word' id='word_1_598' title='bbox 732 4309 800 4361; x_wconf 88' lang='lat' dir='ltr'><strong>ad</strong></span> <span class='ocrx_word' id='word_1_599' title='bbox 829 4308 958 4364; x_wconf 78' lang='lat' dir='ltr'><strong>Sion</strong></span> <span class='ocrx_word' id='word_1_600' title='bbox 984 4320 1231 4374; x_wconf 87' lang='lat' dir='ltr'><strong>montem,</strong></span> <span class='ocrx_word' id='word_1_601' title='bbox 1262 4321 1310 4363; x_wconf 85' lang='lat' dir='ltr'><strong>et</strong></span> <span class='ocrx_word' id='word_1_602' title='bbox 1341 4310 1604 4363; x_wconf 84' lang='lat' dir='ltr'><strong>civitatem</strong></span> <span class='ocrx_word' id='word_1_603' title='bbox 1629 4307 1726 4362; x_wconf 83' lang='lat' dir='ltr'><strong>Dei</strong></span> <span class='ocrx_word' id='word_1_604' title='bbox 1755 4311 1854 4364; x_wconf 82' lang='lat' dir='ltr'><strong>vivi</strong></span> <span class='ocrx_word' id='word_1_605' title='bbox 1893 4307 1990 4364; x_wconf 82' lang='lat' dir='ltr'><strong>Je-</strong></span> 
     </span>
    </p>
   </div>
   <div class='ocr_carea' id='block_1_78' title="bbox 2081 3225 3670 3299">
    <p class='ocr_par' dir='ltr' id='par_1_78' title="bbox 2081 3225 3670 3299">
     <span class='ocr_line' id='line_1_78' title="bbox 2081 3225 3670 3299; baseline -0.004 -15"><span class='ocrx_word' id='word_1_606' title='bbox 2081 3247 2174 3294; x_wconf 87' lang='grc' dir='ltr'><strong>τα,</strong></span> <span class='ocrx_word' id='word_1_607' title='bbox 2203 3231 2323 3284; x_wconf 80' lang='grc' dir='ltr'>εἴτε</span> <span class='ocrx_word' id='word_1_608' title='bbox 2347 3231 2568 3299; x_wconf 78' lang='grc' dir='ltr'>θρόνοι,</span> <span class='ocrx_word' id='word_1_609' title='bbox 2601 3229 2723 3284; x_wconf 74' lang='grc' dir='ltr'>εἴτε</span> <span class='ocrx_word' id='word_1_610' title='bbox 2760 3230 3127 3298; x_wconf 83' lang='grc' dir='ltr'>κυριότητες,</span> <span class='ocrx_word' id='word_1_611' title='bbox 3159 3227 3279 3282; x_wconf 76' lang='grc' dir='ltr'>εἶτε</span> <span class='ocrx_word' id='word_1_612' title='bbox 3313 3225 3520 3296; x_wconf 78' lang='grc' dir='ltr'>ἀρχαι,</span> <span class='ocrx_word' id='word_1_613' title='bbox 3548 3226 3670 3279; x_wconf 75' lang='grc' dir='ltr'>εἴτε</span> 
     </span>
    </p>
   </div>
   <div class='ocr_carea' id='block_1_79' title="bbox 2081 3315 3670 3395">
    <p class='ocr_par' dir='ltr' id='par_1_79' title="bbox 2081 3315 3670 3395">
     <span class='ocr_line' id='line_1_79' title="bbox 2081 3315 3670 3395; baseline -0.004 -18"><span class='ocrx_word' id='word_1_614' title='bbox 2081 3322 2377 3387; x_wconf 81' lang='grc' dir='ltr'>ἐξουσίαι,</span> <span class='ocrx_word' id='word_1_615' title='bbox 2412 3318 2500 3393; x_wconf 81' lang='grc' dir='ltr'><strong>ἆρ’</strong></span> <span class='ocrx_word' id='word_1_616' title='bbox 2526 3322 2587 3376; x_wconf 80' lang='grc' dir='ltr'><strong>οὐ</strong></span> <span class='ocrx_word' id='word_1_617' title='bbox 2625 3323 2890 3395; x_wconf 87' lang='grc' dir='ltr'>προσήκει</span> <span class='ocrx_word' id='word_1_618' title='bbox 2931 3321 3107 3386; x_wconf 80' lang='grc' dir='ltr'>ταῦτα</span> <span class='ocrx_word' id='word_1_619' title='bbox 3142 3318 3548 3392; x_wconf 80' lang='grc' dir='ltr'>παραδέχεσθαι</span> <span class='ocrx_word' id='word_1_620' title='bbox 3579 3315 3670 3371; x_wconf 75' lang='grc' dir='ltr'>διὰ</span> 
     </span>
    </p>
   </div>
   <div class='ocr_carea' id='block_1_80' title="bbox 2081 3409 3670 3486">
    <p class='ocr_par' dir='ltr' id='par_1_80' title="bbox 2081 3409 3670 3486">
     <span class='ocr_line' id='line_1_80' title="bbox 2081 3409 3670 3486; baseline -0.003 -20"><span class='ocrx_word' id='word_1_621' title='bbox 2081 3413 2144 3467; x_wconf 83' lang='grc' dir='ltr'><strong>τὸ</strong></span> <span class='ocrx_word' id='word_1_622' title='bbox 2187 3414 2323 3485; x_wconf 90' lang='grc' dir='ltr'>μήτε</span> <span class='ocrx_word' id='word_1_623' title='bbox 2353 3413 2577 3479; x_wconf 89' lang='grc' dir='ltr'>Μωσέα,</span> <span class='ocrx_word' id='word_1_624' title='bbox 2617 3415 2754 3486; x_wconf 87' lang='grc' dir='ltr'>μήτε</span> <span class='ocrx_word' id='word_1_625' title='bbox 2781 3413 2907 3476; x_wconf 80' lang='grc' dir='ltr'>τοὺς</span> <span class='ocrx_word' id='word_1_626' title='bbox 2947 3413 3169 3477; x_wconf 80' lang='grc' dir='ltr'>λοιποὺς</span> <span class='ocrx_word' id='word_1_627' title='bbox 3199 3412 3508 3482; x_wconf 76' lang='grc' dir='ltr'>προφήτας,</span> <span class='ocrx_word' id='word_1_628' title='bbox 3540 3409 3670 3480; x_wconf 77' lang='grc' dir='ltr'>περὶ</span> 
     </span>
    </p>
   </div>
   <div class='ocr_carea' id='block_1_81' title="bbox 2082 3501 3670 3577">
    <p class='ocr_par' dir='ltr' id='par_1_81' title="bbox 2082 3501 3670 3577">
     <span class='ocr_line' id='line_1_81' title="bbox 2082 3501 3670 3577; baseline -0.003 -20"><span class='ocrx_word' id='word_1_629' title='bbox 2082 3503 2287 3557; x_wconf 89' lang='grc' dir='ltr'>τούτων</span> <span class='ocrx_word' id='word_1_630' title='bbox 2320 3503 2748 3576; x_wconf 81' lang='grc' dir='ltr'>προειληφέναι;</span> <span class='ocrx_word' id='word_1_631' title='bbox 2788 3503 2822 3577; x_wconf 78' lang='grc' dir='ltr'>ἢ</span> <span class='ocrx_word' id='word_1_632' title='bbox 2857 3504 3052 3558; x_wconf 81' lang='grc' dir='ltr'>ταῦτδν</span> <span class='ocrx_word' id='word_1_633' title='bbox 3077 3503 3174 3557; x_wconf 70' lang='grc' dir='ltr'><strong>καὶ</strong></span> <span class='ocrx_word' id='word_1_634' title='bbox 3195 3503 3325 3574; x_wconf 73' lang='grc' dir='ltr'>περὶ</span> <span class='ocrx_word' id='word_1_635' title='bbox 3355 3503 3434 3571; x_wconf 84' lang='grc'><strong>(5)</strong></span> <span class='ocrx_word' id='word_1_636' title='bbox 3464 3501 3670 3555; x_wconf 84' lang='grc' dir='ltr'>τούτων</span> 
     </span>
    </p>
   </div>
   <div class='ocr_carea' id='block_1_82' title="bbox 2084 3586 3672 3664">
    <p class='ocr_par' dir='ltr' id='par_1_82' title="bbox 2084 3586 3672 3664">
     <span class='ocr_line' id='line_1_82' title="bbox 2084 3586 3672 3664; baseline -0.001 -19"><span class='ocrx_word' id='word_1_637' title='bbox 2084 3591 2340 3664; x_wconf 78' lang='grc' dir='ltr'>ἐροῦμεν,</span> <span class='ocrx_word' id='word_1_638' title='bbox 2385 3591 2461 3656; x_wconf 85' lang='grc' dir='ltr'>ὡς</span> <span class='ocrx_word' id='word_1_639' title='bbox 2503 3592 2604 3662; x_wconf 67' lang='grc' dir='ltr'>οὐχ</span> <span class='ocrx_word' id='word_1_640' title='bbox 2639 3586 2741 3644; x_wconf 75' lang='grc' dir='ltr'>οἷοί</span> <span class='ocrx_word' id='word_1_641' title='bbox 2771 3609 2833 3646; x_wconf 90' lang='grc' dir='ltr'><strong>τε</strong></span> <span class='ocrx_word' id='word_1_642' title='bbox 2859 3588 2999 3664; x_wconf 79' lang='grc' dir='ltr'>ἦσαν</span> <span class='ocrx_word' id='word_1_643' title='bbox 3026 3593 3153 3656; x_wconf 80' lang='grc' dir='ltr'>τοὺς</span> <span class='ocrx_word' id='word_1_644' title='bbox 3179 3591 3307 3662; x_wconf 75' lang='grc' dir='ltr'>περὶ</span> <span class='ocrx_word' id='word_1_645' title='bbox 3334 3590 3544 3644; x_wconf 84' lang='grc' dir='ltr'>τούτων</span> <span class='ocrx_word' id='word_1_646' title='bbox 3578 3607 3672 3644; x_wconf 82' lang='grc' dir='ltr'>πι-</span> 
     </span>
    </p>
   </div>
   <div class='ocr_carea' id='block_1_83' title="bbox 2087 3681 3672 3754">
    <p class='ocr_par' dir='ltr' id='par_1_83' title="bbox 2087 3681 3672 3754">
     <span class='ocr_line' id='line_1_83' title="bbox 2087 3681 3672 3754; baseline -0.001 -19"><span class='ocrx_word' id='word_1_647' title='bbox 2087 3681 2376 3736; x_wconf 86' lang='grc' dir='ltr'>στεύεσθαι</span> <span class='ocrx_word' id='word_1_648' title='bbox 2416 3681 2608 3751; x_wconf 90' lang='grc' dir='ltr'>λόγους</span> <span class='ocrx_word' id='word_1_649' title='bbox 2637 3683 2686 3735; x_wconf 87' lang='grc' dir='ltr'><strong>οἰ</strong></span> <span class='ocrx_word' id='word_1_650' title='bbox 2721 3681 3184 3754; x_wconf 87' lang='grc' dir='ltr'>σκληροτράχηλοι</span> <span class='ocrx_word' id='word_1_651' title='bbox 3230 3681 3324 3736; x_wconf 79' lang='grc' dir='ltr'>καὶ</span> <span class='ocrx_word' id='word_1_652' title='bbox 3353 3682 3672 3752; x_wconf 82' lang='grc' dir='ltr'>ἀπερίτμη-</span> 
     </span>
    </p>
   </div>
   <div class='ocr_carea' id='block_1_84' title="bbox 2085 3764 3671 3842">
    <p class='ocr_par' dir='ltr' id='par_1_84' title="bbox 2085 3764 3671 3842">
     <span class='ocr_line' id='line_1_84' title="bbox 2085 3764 3671 3842; baseline -0.003 -18"><span class='ocrx_word' id='word_1_653' title='bbox 2085 3788 2166 3824; x_wconf 86' lang='grc' dir='ltr'><strong>τοι</strong></span> <span class='ocrx_word' id='word_1_654' title='bbox 2192 3773 2258 3841; x_wconf 83' lang='grc' dir='ltr'>τῇ</span> <span class='ocrx_word' id='word_1_655' title='bbox 2287 3771 2482 3842; x_wconf 73' lang='grc' dir='ltr'>καρδίᾳ</span> <span class='ocrx_word' id='word_1_656' title='bbox 2507 3771 2737 3834; x_wconf 73' lang='grc' dir='ltr'>καὶτοῖς</span> <span class='ocrx_word' id='word_1_657' title='bbox 2759 3769 2913 3837; x_wconf 77' lang='grc' dir='ltr'>ὠσὶν,</span> <span class='ocrx_word' id='word_1_658' title='bbox 2947 3789 2965 3821; x_wconf 81' lang='grc' dir='ltr'><strong>ι</strong></span> <span class='ocrx_word' id='word_1_659' title='bbox 3003 3764 3084 3834; x_wconf 76' lang='grc' dir='ltr'><strong>οἷς</strong></span> <span class='ocrx_word' id='word_1_660' title='bbox 3115 3769 3236 3822; x_wconf 82' lang='grc' dir='ltr'>οὐδὲ</span> <span class='ocrx_word' id='word_1_661' title='bbox 3265 3769 3395 3841; x_wconf 57' lang='lat' dir='ltr'><strong>mp!</strong></span> <span class='ocrx_word' id='word_1_662' title='bbox 3434 3770 3536 3838; x_wconf 84' lang='grc' dir='ltr'>τῆς</span> <span class='ocrx_word' id='word_1_663' title='bbox 3561 3767 3671 3821; x_wconf 85' lang='grc' dir='ltr'><strong>άνω</strong></span> 
     </span>
    </p>
   </div>
   <div class='ocr_carea' id='block_1_85' title="bbox 2098 3860 3669 3936">
    <p class='ocr_par' dir='ltr' id='par_1_85' title="bbox 2098 3860 3669 3936">
     <span class='ocr_line' id='line_1_85' title="bbox 2098 3860 3669 3936; baseline -0.003 -20"><span class='ocrx_word' id='word_1_664' title='bbox 2098 3863 2450 3936; x_wconf 83' lang='grc' dir='ltr'>Ἰερουσαλὴμ</span> <span class='ocrx_word' id='word_1_665' title='bbox 2479 3883 2497 3915; x_wconf 75' lang='grc' dir='ltr'><strong>ι</strong></span> <span class='ocrx_word' id='word_1_666' title='bbox 2535 3863 2913 3917; x_wconf 84' lang='grc' dir='ltr'>ἀνεκάλυπτον</span> <span class='ocrx_word' id='word_1_667' title='bbox 2955 3864 3003 3915; x_wconf 88' lang='grc' dir='ltr'><strong>οἰ</strong></span> <span class='ocrx_word' id='word_1_668' title='bbox 3042 3862 3136 3915; x_wconf 77' lang='grc' dir='ltr'>τοῦ</span> <span class='ocrx_word' id='word_1_669' title='bbox 3173 3860 3307 3915; x_wconf 87' lang='grc' dir='ltr'><strong>Θεοῦ</strong></span> <span class='ocrx_word' id='word_1_670' title='bbox 3366 3860 3669 3932; x_wconf 79' lang='grc' dir='ltr'>προφῆται,</span> 
     </span>
    </p>
   </div>
   <div class='ocr_carea' id='block_1_86' title="bbox 2092 3948 3673 4026">
    <p class='ocr_par' dir='ltr' id='par_1_86' title="bbox 2092 3948 3673 4026">
     <span class='ocr_line' id='line_1_86' title="bbox 2092 3948 3673 4026; baseline -0.001 -20"><span class='ocrx_word' id='word_1_671' title='bbox 2092 3952 2280 4026; x_wconf 81' lang='grc' dir='ltr'>ὥσπερ</span> <span class='ocrx_word' id='word_1_672' title='bbox 2300 3948 2392 4006; x_wconf 80' lang='grc' dir='ltr'>οὖν</span> <span class='ocrx_word' id='word_1_673' title='bbox 2422 3955 2488 4025; x_wconf 68' lang='grc' dir='ltr'>τῇ</span> <span class='ocrx_word' id='word_1_674' title='bbox 2523 3953 2818 4024; x_wconf 58' lang='grc' dir='ltr'><strong>Ἐκκλησία⁵</strong></span> <span class='ocrx_word' id='word_1_675' title='bbox 2846 3951 3084 4024; x_wconf 77' lang='grc' dir='ltr'>Χριστοῦ</span> <span class='ocrx_word' id='word_1_676' title='bbox 3117 3952 3394 4022; x_wconf 88' lang='grc' dir='ltr'>διασαφῶν</span> <span class='ocrx_word' id='word_1_677' title='bbox 3420 3952 3517 4005; x_wconf 79' lang='grc' dir='ltr'><strong>καί</strong></span> <span class='ocrx_word' id='word_1_678' title='bbox 3546 3953 3673 4016; x_wconf 78' lang='grc' dir='ltr'>τοὺς</span> 
     </span>
    </p>
   </div>
   <div class='ocr_carea' id='block_1_87' title="bbox 2087 4044 3681 4118">
    <p class='ocr_par' dir='ltr' id='par_1_87' title="bbox 2087 4044 3681 4118">
     <span class='ocr_line' id='line_1_87' title="bbox 2087 4044 3681 4118; baseline -0.002 -19"><span class='ocrx_word' id='word_1_679' title='bbox 2087 4045 2224 4118; x_wconf 76' lang='grc' dir='ltr'><strong>περί</strong></span> <span class='ocrx_word' id='word_1_680' title='bbox 2242 4045 2445 4117; x_wconf 86' lang='grc' dir='ltr'>ταύτης</span> <span class='ocrx_word' id='word_1_681' title='bbox 2463 4045 2652 4115; x_wconf 84' lang='grc' dir='ltr'>λόγους</span> <span class='ocrx_word' id='word_1_682' title='bbox 2675 4048 2704 4099; x_wconf 90' lang='lat'><strong>6</strong></span> <span class='ocrx_word' id='word_1_683' title='bbox 2724 4044 2935 4108; x_wconf 79' lang='grc' dir='ltr'>Παῦλος</span> <span class='ocrx_word' id='word_1_684' title='bbox 2962 4045 3111 4110; x_wconf 74' lang='grc' dir='ltr'>ἐϐόα,</span> <span class='ocrx_word' id='word_1_685' title='bbox 3132 4045 3325 4114; x_wconf 79' lang='grc' dir='ltr'>λέγων,</span> <span class='ocrx_word' id='word_1_686' title='bbox 3366 4045 3441 4099; x_wconf 87' lang='grc' dir='ltr'><strong>Ἦ</strong></span> <span class='ocrx_word' id='word_1_687' title='bbox 3459 4045 3529 4099; x_wconf 77' lang='grc' dir='ltr'>δὲ</span> <span class='ocrx_word' id='word_1_688' title='bbox 3549 4045 3681 4098; x_wconf 75' lang='grc' dir='ltr'><strong>ἀνω</strong></span> 
     </span>
    </p>
   </div>
   <div class='ocr_carea' id='block_1_88' title="bbox 2099 4137 3672 4208">
    <p class='ocr_par' dir='ltr' id='par_1_88' title="bbox 2099 4137 3672 4208">
     <span class='ocr_line' id='line_1_88' title="bbox 2099 4137 3672 4208; baseline -0.001 -15"><span class='ocrx_word' id='word_1_689' title='bbox 2099 4137 2493 4208; x_wconf 76' lang='grc' dir='ltr'>Ἰερουσαλὴμ</span> <span class='ocrx_word' id='word_1_690' title='bbox 2542 4137 2828 4207; x_wconf 60' lang='grc' dir='ltr'>ἐλευθέρα</span> <span class='ocrx_word' id='word_1_691' title='bbox 2877 4138 3067 4203; x_wconf 75' lang='grc' dir='ltr'>ἐστὶν,</span> <span class='ocrx_word' id='word_1_692' title='bbox 3118 4138 3250 4206; x_wconf 82' lang='grc' dir='ltr'>ἥτις</span> <span class='ocrx_word' id='word_1_693' title='bbox 3295 4138 3431 4192; x_wconf 81' lang='grc' dir='ltr'>ἐστί</span> <span class='ocrx_word' id='word_1_694' title='bbox 3469 4138 3672 4208; x_wconf 81' lang='grc' dir='ltr'>μήτηρ</span> 
     </span>
    </p>
   </div>
   <div class='ocr_carea' id='block_1_89' title="bbox 2085 4226 3672 4297">
    <p class='ocr_par' dir='ltr' id='par_1_89' title="bbox 2085 4226 3672 4297">
     <span class='ocr_line' id='line_1_89' title="bbox 2085 4226 3672 4297; baseline 0 -17"><span class='ocrx_word' id='word_1_695' title='bbox 2085 4226 2281 4297; x_wconf 70' lang='grc' dir='ltr'><strong>ήμῶν-ο</strong></span> <span class='ocrx_word' id='word_1_696' title='bbox 2330 4227 2442 4291; x_wconf 79' lang='grc' dir='ltr'>καὶ,</span> <span class='ocrx_word' id='word_1_697' title='bbox 2467 4228 2965 4295; x_wconf 78' lang='grc' dir='ltr'>Προσεληλύθατε</span> <span class='ocrx_word' id='word_1_698' title='bbox 3002 4229 3156 4281; x_wconf 77' lang='grc' dir='ltr'><strong>Σιὼν</strong></span> <span class='ocrx_word' id='word_1_699' title='bbox 3194 4227 3334 4297; x_wconf 76' lang='grc' dir='ltr'>ὄρει,</span> <span class='ocrx_word' id='word_1_700' title='bbox 3365 4227 3467 4281; x_wconf 72' lang='grc' dir='ltr'>καὶ</span> <span class='ocrx_word' id='word_1_701' title='bbox 3495 4229 3672 4280; x_wconf 73' lang='grc' dir='ltr'>πόλει</span> 
     </span>
    </p>
   </div>
   <div class='ocr_carea' id='block_1_90' title="bbox 2090 4317 3680 4390">
    <p class='ocr_par' dir='ltr' id='par_1_90' title="bbox 2090 4317 3680 4390">
     <span class='ocr_line' id='line_1_90' title="bbox 2090 4317 3680 4390; baseline 0.001 -16"><span class='ocrx_word' id='word_1_702' title='bbox 2090 4319 2237 4374; x_wconf 86' lang='grc' dir='ltr'>Θεοῦ</span> <span class='ocrx_word' id='word_1_703' title='bbox 2254 4317 2461 4385; x_wconf 78' lang='grc' dir='ltr'>ζῶντος</span> <span class='ocrx_word' id='word_1_704' title='bbox 2488 4318 2874 4389; x_wconf 67' lang='grc' dir='ltr'>Ἰερουσαλὴμ</span> <span class='ocrx_word' id='word_1_705' title='bbox 2888 4319 3252 4388; x_wconf 71' lang='grc' dir='ltr'>ἐπουρανίῳ,</span> <span class='ocrx_word' id='word_1_706' title='bbox 3267 4320 3368 4374; x_wconf 79' lang='grc' dir='ltr'>καὶ</span> <span class='ocrx_word' id='word_1_707' title='bbox 3380 4321 3680 4390; x_wconf 69' lang='grc' dir='ltr'>μυριάσιν</span> 
     </span>
    </p>
   </div>
   <div class='ocr_carea' id='block_1_91' title="bbox 418 4398 1978 4494">
    <p class='ocr_par' dir='ltr' id='par_1_91' title="bbox 418 4398 1978 4471">
     <span class='ocr_line' id='line_1_91' title="bbox 418 4398 1978 4471; baseline 0.003 -20"><span class='ocrx_word' id='word_1_708' title='bbox 418 4399 646 4453; x_wconf 87' lang='lat' dir='ltr'><strong>rusalem</strong></span> <span class='ocrx_word' id='word_1_709' title='bbox 677 4399 950 4466; x_wconf 73' lang='lat' dir='ltr'><strong>caelestem,</strong></span> <span class='ocrx_word' id='word_1_710' title='bbox 986 4409 1034 4454; x_wconf 87' lang='lat' dir='ltr'><strong>et</strong></span> <span class='ocrx_word' id='word_1_711' title='bbox 1065 4398 1450 4454; x_wconf 81' lang='lat' dir='ltr'><strong>multitudinem</strong></span> <span class='ocrx_word' id='word_1_712' title='bbox 1477 4400 1804 4470; x_wconf 86' lang='lat' dir='ltr'><strong>angelorum,</strong></span> <span class='ocrx_word' id='word_1_713' title='bbox 1827 4410 1882 4454; x_wconf 14' lang='lat' dir='ltr'><strong>et?</strong></span> <span class='ocrx_word' id='word_1_714' title='bbox 1900 4419 1978 4471; x_wconf 88' lang='lat' dir='ltr'><strong>pa-</strong></span> 
     </span>
    </p>
   </div>
   <div class='ocr_carea' id='block_1_92' title="bbox 2079 4398 3674 4494">
    <p class='ocr_par' dir='ltr' id='par_1_92' title="bbox 2087 4409 3674 4483">
     <span class='ocr_line' id='line_1_92' title="bbox 2087 4409 3674 4483; baseline 0.001 -17"><span class='ocrx_word' id='word_1_715' title='bbox 2087 4410 2358 4482; x_wconf 74' lang='grc' dir='ltr'>ἀγγέλων</span> <span class='ocrx_word' id='word_1_716' title='bbox 2421 4410 2777 4480; x_wconf 79' lang='grc' dir='ltr'>πανηγύρει,</span> <span class='ocrx_word' id='word_1_717' title='bbox 2817 4409 2920 4464; x_wconf 77' lang='grc' dir='ltr'>καὶ</span> <span class='ocrx_word' id='word_1_718' title='bbox 2976 4411 3302 4480; x_wconf 65' lang='grc' dir='ltr'>Ἐκκλησία</span> <span class='ocrx_word' id='word_1_719' title='bbox 3328 4412 3403 4483; x_wconf 70' lang='lat'><strong>(6)</strong></span> <span class='ocrx_word' id='word_1_720' title='bbox 3445 4428 3674 4482; x_wconf 76' lang='grc' dir='ltr'>πρωτο-</span> 
     </span>
    </p>
   </div>
   <div class='ocr_carea' id='block_1_93' title="bbox 417 4487 1978 4574">
    <p class='ocr_par' dir='ltr' id='par_1_93' title="bbox 417 4487 1978 4561">
     <span class='ocr_line' id='line_1_93' title="bbox 417 4487 1978 4561; baseline 0.004 -21"><span class='ocrx_word' id='word_1_721' title='bbox 417 4490 651 4559; x_wconf 77' lang='lat' dir='ltr'><strong>negyrim</strong></span> <span class='ocrx_word' id='word_1_722' title='bbox 687 4499 734 4543; x_wconf 87' lang='lat' dir='ltr'><strong>et</strong></span> <span class='ocrx_word' id='word_1_723' title='bbox 775 4489 1067 4543; x_wconf 78' lang='lat' dir='ltr'><strong>Ecclesium</strong></span> <span class='ocrx_word' id='word_1_724' title='bbox 1113 4487 1581 4559; x_wconf 80' lang='lat' dir='ltr'><strong>primogenitorum</strong></span> <span class='ocrx_word' id='word_1_725' title='bbox 1617 4491 1707 4560; x_wconf 84' lang='lat' dir='ltr'><strong>qui</strong></span> <span class='ocrx_word' id='word_1_726' title='bbox 1742 4491 1978 4561; x_wconf 73' lang='lat' dir='ltr'><strong>descripti</strong></span> 
     </span>
    </p>
   </div>
   <div class='ocr_carea' id='block_1_94' title="bbox 2079 4487 3676 4574">
    <p class='ocr_par' dir='ltr' id='par_1_94' title="bbox 2087 4499 3676 4574">
     <span class='ocr_line' id='line_1_94' title="bbox 2087 4499 3676 4574; baseline 0.001 -19"><span class='ocrx_word' id='word_1_727' title='bbox 2087 4505 2280 4556; x_wconf 82' lang='grc' dir='ltr'>τόκων</span> <span class='ocrx_word' id='word_1_728' title='bbox 2302 4499 2842 4570; x_wconf 64' lang='grc' dir='ltr'>ἀπογεγραμμένων</span> <span class='ocrx_word' id='word_1_729' title='bbox 2863 4500 2934 4554; x_wconf 82' lang='grc' dir='ltr'><strong>ἐν</strong></span> <span class='ocrx_word' id='word_1_730' title='bbox 2956 4501 3251 4569; x_wconf 77' lang='grc' dir='ltr'>οὐρανοῖς.</span> <span class='ocrx_word' id='word_1_731' title='bbox 3275 4503 3500 4571; x_wconf 83' lang='grc' dir='ltr'>Λεγέτω</span> <span class='ocrx_word' id='word_1_732' title='bbox 3534 4502 3676 4574; x_wconf 73' lang='grc' dir='ltr'>πρὸς</span> 
     </span>
    </p>
   </div>
   <div class='ocr_carea' id='block_1_95' title="bbox 421 4579 1989 4638">
    <p class='ocr_par' dir='ltr' id='par_1_95' title="bbox 421 4579 1989 4638">
     <span class='ocr_line' id='line_1_95' title="bbox 421 4579 1989 4638; baseline 0.004 -6"><span class='ocrx_word' id='word_1_733' title='bbox 421 4590 545 4633; x_wconf 83' lang='lat' dir='ltr'><strong>sunt</strong></span> <span class='ocrx_word' id='word_1_734' title='bbox 587 4581 641 4634; x_wconf 89' lang='lat' dir='ltr'><strong>in</strong></span> <span class='ocrx_word' id='word_1_735' title='bbox 673 4581 812 4635; x_wconf 77' lang='lat' dir='ltr'><strong>caelis</strong></span> <span class='ocrx_word' id='word_1_736' title='bbox 831 4581 895 4635; x_wconf 71' lang='grc' dir='ltr'><strong>⁸ο.</strong></span> <span class='ocrx_word' id='word_1_737' title='bbox 927 4581 1024 4636; x_wconf 85' lang='lat' dir='ltr'><strong>llic</strong></span> <span class='ocrx_word' id='word_1_738' title='bbox 1052 4595 1181 4636; x_wconf 90' lang='lat' dir='ltr'><strong>vero</strong></span> <span class='ocrx_word' id='word_1_739' title='bbox 1213 4580 1368 4636; x_wconf 88' lang='lat' dir='ltr'><strong>nobis</strong></span> <span class='ocrx_word' id='word_1_740' title='bbox 1403 4579 1547 4635; x_wconf 89' lang='lat' dir='ltr'><strong>dicat</strong></span> <span class='ocrx_word' id='word_1_741' title='bbox 1569 4581 1726 4636; x_wconf 89' lang='lat' dir='ltr'><strong>velim</strong></span> <span class='ocrx_word' id='word_1_742' title='bbox 1762 4582 1989 4638; x_wconf 81' lang='lat' dir='ltr'><strong>Marcel-</strong></span> 
     </span>
    </p>
   </div>
   <div class='ocr_carea' id='block_1_96' title="bbox 2089 4587 3673 4663">
    <p class='ocr_par' dir='ltr' id='par_1_96' title="bbox 2089 4587 3673 4663">
     <span class='ocr_line' id='line_1_96' title="bbox 2089 4587 3673 4663; baseline -0.001 -16"><span class='ocrx_word' id='word_1_743' title='bbox 2089 4593 2263 4647; x_wconf 76' lang='grc' dir='ltr'>ταῦτα</span> <span class='ocrx_word' id='word_1_744' title='bbox 2289 4591 2628 4663; x_wconf 85' lang='grc' dir='ltr'>Μάρκελλος,</span> <span class='ocrx_word' id='word_1_745' title='bbox 2670 4591 2718 4644; x_wconf 91' lang='grc' dir='ltr'><strong>εἰ</strong></span> <span class='ocrx_word' id='word_1_746' title='bbox 2752 4587 2863 4654; x_wconf 75' lang='grc' dir='ltr'>οἷός</span> <span class='ocrx_word' id='word_1_747' title='bbox 2896 4607 2957 4644; x_wconf 91' lang='grc' dir='ltr'><strong>τε</strong></span> <span class='ocrx_word' id='word_1_748' title='bbox 2995 4592 3148 4644; x_wconf 76' lang='grc' dir='ltr'>ἐστὶν</span> <span class='ocrx_word' id='word_1_749' title='bbox 3196 4594 3260 4644; x_wconf 80' lang='grc' dir='ltr'>ἐκ</span> <span class='ocrx_word' id='word_1_750' title='bbox 3285 4591 3398 4644; x_wconf 88' lang='grc' dir='ltr'><strong>τῶν</strong></span> <span class='ocrx_word' id='word_1_751' title='bbox 3425 4592 3673 4645; x_wconf 54' lang='grc' dir='ltr'>παλαῶν</span> 
     </span>
    </p>
   </div>
   <div class='ocr_carea' id='block_1_97' title="bbox 427 4670 1978 4756">
    <p class='ocr_par' dir='ltr' id='par_1_97' title="bbox 427 4670 1978 4744">
     <span class='ocr_line' id='line_1_97' title="bbox 427 4670 1978 4744; baseline -0.001 -20"><span class='ocrx_word' id='word_1_752' title='bbox 427 4671 543 4737; x_wconf 86' lang='lat' dir='ltr'><strong>lus,</strong></span> <span class='ocrx_word' id='word_1_753' title='bbox 576 4673 620 4726; x_wconf 92' lang='lat' dir='ltr'><strong>si</strong></span> <span class='ocrx_word' id='word_1_754' title='bbox 656 4673 722 4727; x_wconf 92' lang='lat' dir='ltr'><strong>de</strong></span> <span class='ocrx_word' id='word_1_755' title='bbox 758 4674 984 4727; x_wconf 82' lang='lat' dir='ltr'><strong>vetustis</strong></span> <span class='ocrx_word' id='word_1_756' title='bbox 1017 4671 1315 4742; x_wconf 89' lang='lat' dir='ltr'><strong>Scripturis</strong></span> <span class='ocrx_word' id='word_1_757' title='bbox 1353 4670 1598 4740; x_wconf 79' lang='lat' dir='ltr'><strong>proferre</strong></span> <span class='ocrx_word' id='word_1_758' title='bbox 1641 4673 1796 4728; x_wconf 88' lang='lat' dir='ltr'><strong>nobis</strong></span> <span class='ocrx_word' id='word_1_759' title='bbox 1822 4675 1978 4744; x_wconf 53' lang='lat' dir='ltr'><strong>possit</strong></span> 
     </span>
    </p>
   </div>
   <div class='ocr_carea' id='block_1_98' title="bbox 2079 4670 3670 4756">
    <p class='ocr_par' dir='ltr' id='par_1_98' title="bbox 2093 4680 3670 4756">
     <span class='ocr_line' id='line_1_98' title="bbox 2093 4680 3670 4756; baseline -0.001 -20"><span class='ocrx_word' id='word_1_760' title='bbox 2093 4682 2439 4756; x_wconf 76' lang='grc' dir='ltr'>γραμμάτων</span> <span class='ocrx_word' id='word_1_761' title='bbox 2489 4682 2587 4753; x_wconf 85' lang='grc' dir='ltr'>τὴν</span> <span class='ocrx_word' id='word_1_762' title='bbox 2629 4680 2833 4734; x_wconf 78' lang='grc' dir='ltr'>τούτων</span> <span class='ocrx_word' id='word_1_763' title='bbox 2874 4683 3168 4754; x_wconf 86' lang='grc' dir='ltr'>προφέρειν</span> <span class='ocrx_word' id='word_1_764' title='bbox 3207 4683 3573 4736; x_wconf 83' lang='grc' dir='ltr'>διδασκαλίαν.</span> <span class='ocrx_word' id='word_1_765' title='bbox 3609 4683 3670 4737; x_wconf 78' lang='grc' dir='ltr'>Εἰ</span> 
     </span>
    </p>
   </div>
   <div class='ocr_carea' id='block_1_99' title="bbox 427 4762 1988 4834">
    <p class='ocr_par' dir='ltr' id='par_1_99' title="bbox 427 4762 1988 4834">
     <span class='ocr_line' id='line_1_99' title="bbox 427 4762 1988 4834; baseline 0.003 -16"><span class='ocrx_word' id='word_1_766' title='bbox 427 4762 730 4818; x_wconf 86' lang='lat' dir='ltr'><strong>doctrinam</strong></span> <span class='ocrx_word' id='word_1_767' title='bbox 777 4765 844 4820; x_wconf 89' lang='lat' dir='ltr'><strong>de</strong></span> <span class='ocrx_word' id='word_1_768' title='bbox 876 4765 994 4820; x_wconf 90' lang='lat' dir='ltr'><strong>istis</strong></span> <span class='ocrx_word' id='word_1_769' title='bbox 1023 4783 1036 4819; x_wconf 90' lang='lat'><strong>:</strong></span> <span class='ocrx_word' id='word_1_770' title='bbox 1074 4764 1157 4819; x_wconf 91' lang='lat' dir='ltr'><strong>sin</strong></span> <span class='ocrx_word' id='word_1_771' title='bbox 1184 4763 1386 4818; x_wconf 86' lang='lat' dir='ltr'><strong>nullam</strong></span> <span class='ocrx_word' id='word_1_772' title='bbox 1415 4765 1656 4820; x_wconf 89' lang='lat' dir='ltr'><strong>inveniat</strong></span> <span class='ocrx_word' id='word_1_773' title='bbox 1701 4767 1988 4834; x_wconf 76' lang='lat' dir='ltr'><strong>rationem,</strong></span> 
     </span>
    </p>
   </div>
   <div class='ocr_carea' id='block_1_100' title="bbox 428 4855 1990 4927">
    <p class='ocr_par' dir='ltr' id='par_1_100' title="bbox 428 4855 1990 4927">
     <span class='ocr_line' id='line_1_100' title="bbox 428 4855 1990 4927; baseline 0.001 -16"><span class='ocrx_word' id='word_1_774' title='bbox 428 4864 546 4911; x_wconf 88' lang='lat' dir='ltr'><strong>tum</strong></span> <span class='ocrx_word' id='word_1_775' title='bbox 590 4867 875 4925; x_wconf 81' lang='lat' dir='ltr'><strong>expromat</strong></span> <span class='ocrx_word' id='word_1_776' title='bbox 903 4871 1008 4910; x_wconf 80' lang='lat' dir='ltr'><strong>cur.</strong></span> <span class='ocrx_word' id='word_1_777' title='bbox 1051 4865 1105 4911; x_wconf 91' lang='lat' dir='ltr'><strong>et</strong></span> <span class='ocrx_word' id='word_1_778' title='bbox 1134 4857 1235 4911; x_wconf 88' lang='lat' dir='ltr'><strong>ista</strong></span> <span class='ocrx_word' id='word_1_779' title='bbox 1261 4896 1277 4922; x_wconf 93' lang='lat'><strong>,</strong></span> <span class='ocrx_word' id='word_1_780' title='bbox 1307 4865 1361 4912; x_wconf 89' lang='lat' dir='ltr'><strong>et</strong></span> <span class='ocrx_word' id='word_1_781' title='bbox 1389 4855 1498 4910; x_wconf 87' lang='lat' dir='ltr'><strong>alia</strong></span> <span class='ocrx_word' id='word_1_782' title='bbox 1551 4871 1713 4925; x_wconf 89' lang='lat' dir='ltr'><strong>quam</strong></span> <span class='ocrx_word' id='word_1_783' title='bbox 1763 4857 1990 4927; x_wconf 88' lang='lat' dir='ltr'><strong>plurima</strong></span> 
     </span>
    </p>
   </div>
   <div class='ocr_carea' id='block_1_101' title="bbox 422 4947 1991 5020">
    <p class='ocr_par' dir='ltr' id='par_1_101' title="bbox 422 4947 1991 5020">
     <span class='ocr_line' id='line_1_101' title="bbox 422 4947 1991 5020; baseline -0.003 -12"><span class='ocrx_word' id='word_1_784' title='bbox 422 4951 514 5008; x_wconf 83' lang='lat' dir='ltr'><strong>bis</strong></span> <span class='ocrx_word' id='word_1_785' title='bbox 563 4950 846 5020; x_wconf 81' lang='lat' dir='ltr'><strong>congenita</strong></span> <span class='ocrx_word' id='word_1_786' title='bbox 885 4950 1404 5005; x_wconf 84' lang='lat' dir='ltr'><strong>abscondebantura</strong></span> <span class='ocrx_word' id='word_1_787' title='bbox 1430 4947 1704 5018; x_wconf 88' lang='lat' dir='ltr'><strong>prophetis</strong></span> <span class='ocrx_word' id='word_1_788' title='bbox 1726 4987 1741 5014; x_wconf 96' lang='lat'><strong>,</strong></span> <span class='ocrx_word' id='word_1_789' title='bbox 1775 4949 1840 5004; x_wconf 90' lang='lat' dir='ltr'><strong>de</strong></span> <span class='ocrx_word' id='word_1_790' title='bbox 1872 4950 1991 5018; x_wconf 86' lang='lat' dir='ltr'><strong>qui-</strong></span> 
     </span>
    </p>
   </div>
   <div class='ocr_carea' id='block_1_102' title="bbox 420 5041 1990 5110">
    <p class='ocr_par' dir='ltr' id='par_1_102' title="bbox 420 5041 1990 5110">
     <span class='ocr_line' id='line_1_102' title="bbox 420 5041 1990 5110; baseline -0.003 -10"><span class='ocrx_word' id='word_1_791' title='bbox 420 5046 524 5100; x_wconf 85' lang='lat' dir='ltr'><strong>bus</strong></span> <span class='ocrx_word' id='word_1_792' title='bbox 558 5053 739 5097; x_wconf 89' lang='lat' dir='ltr'><strong>nostra</strong></span> <span class='ocrx_word' id='word_1_793' title='bbox 795 5041 918 5096; x_wconf 91' lang='lat' dir='ltr'><strong>vice</strong></span> <span class='ocrx_word' id='word_1_794' title='bbox 962 5042 1127 5096; x_wconf 89' lang='lat' dir='ltr'><strong>Deum</strong></span> <span class='ocrx_word' id='word_1_795' title='bbox 1179 5041 1570 5110; x_wconf 84' lang='lat' dir='ltr'><strong>deprecabatur</strong></span> <span class='ocrx_word' id='word_1_796' title='bbox 1610 5041 1990 5096; x_wconf 87' lang='lat' dir='ltr'><strong>sanctissimus</strong></span> 
     </span>
    </p>
   </div>
   <div class='ocr_carea' id='block_1_103' title="bbox 419 5131 1987 5207">
    <p class='ocr_par' dir='ltr' id='par_1_103' title="bbox 419 5131 1987 5207">
     <span class='ocr_line' id='line_1_103' title="bbox 419 5131 1987 5207; baseline -0.003 -15"><span class='ocrx_word' id='word_1_797' title='bbox 419 5135 728 5207; x_wconf 78' lang='lat' dir='ltr'><strong>Apostolus,</strong></span> <span class='ocrx_word' id='word_1_798' title='bbox 755 5141 812 5186; x_wconf 89' lang='lat' dir='ltr'><strong>ut</strong></span> <span class='ocrx_word' id='word_1_799' title='bbox 835 5131 1104 5202; x_wconf 87' lang='lat' dir='ltr'><strong>possimus</strong></span> <span class='ocrx_word' id='word_1_800' title='bbox 1129 5132 1562 5203; x_wconf 79' lang='lat' dir='ltr'><strong>comprehendere</strong></span> <span class='ocrx_word' id='word_1_801' title='bbox 1591 5149 1710 5185; x_wconf 91' lang='lat' dir='ltr'><strong>cum</strong></span> <span class='ocrx_word' id='word_1_802' title='bbox 1745 5134 1987 5188; x_wconf 86' lang='lat' dir='ltr'><strong>omnibus</strong></span> 
     </span>
    </p>
   </div>
   <div class='ocr_carea' id='block_1_104' title="bbox 2091 4771 3682 4847">
    <p class='ocr_par' dir='ltr' id='par_1_104' title="bbox 2091 4771 3682 4847">
     <span class='ocr_line' id='line_1_104' title="bbox 2091 4771 3682 4847; baseline -0.003 -18"><span class='ocrx_word' id='word_1_803' title='bbox 2091 4775 2149 4829; x_wconf 84' lang='grc' dir='ltr'>δὲ</span> <span class='ocrx_word' id='word_1_804' title='bbox 2182 4776 2259 4846; x_wconf 86' lang='grc'><strong>(5)</strong></span> <span class='ocrx_word' id='word_1_805' title='bbox 2291 4775 2366 4846; x_wconf 82' lang='grc' dir='ltr'>μὴ</span> <span class='ocrx_word' id='word_1_806' title='bbox 2395 4773 2661 4847; x_wconf 84' lang='grc' dir='ltr'>εὑρίσκοι,</span> <span class='ocrx_word' id='word_1_807' title='bbox 2713 4771 2810 4844; x_wconf 83' lang='grc' dir='ltr'>τὴν</span> <span class='ocrx_word' id='word_1_808' title='bbox 2845 4773 3024 4827; x_wconf 80' lang='grc' dir='ltr'>αἰτίαν</span> <span class='ocrx_word' id='word_1_809' title='bbox 3067 4773 3380 4837; x_wconf 87' lang='grc' dir='ltr'>ἀποδιδότω,</span> <span class='ocrx_word' id='word_1_810' title='bbox 3402 4773 3470 4827; x_wconf 85' lang='grc' dir='ltr'>δι’</span> <span class='ocrx_word' id='word_1_811' title='bbox 3497 4775 3565 4846; x_wconf 80' lang='grc' dir='ltr'>ήν</span> <span class='ocrx_word' id='word_1_812' title='bbox 3594 4790 3682 4826; x_wconf 70' lang='grc' dir='ltr'>σεο</span> 
     </span>
    </p>
   </div>
   <div class='ocr_carea' id='block_1_105' title="bbox 2091 4864 3674 4938">
    <p class='ocr_par' dir='ltr' id='par_1_105' title="bbox 2091 4864 3674 4938">
     <span class='ocr_line' id='line_1_105' title="bbox 2091 4864 3674 4938; baseline -0.002 -18"><span class='ocrx_word' id='word_1_813' title='bbox 2091 4866 2332 4938; x_wconf 80' lang='grc' dir='ltr'>σιώπητο</span> <span class='ocrx_word' id='word_1_814' title='bbox 2355 4869 2466 4928; x_wconf 80' lang='grc' dir='ltr'>τοῖς</span> <span class='ocrx_word' id='word_1_815' title='bbox 2489 4865 2583 4918; x_wconf 75' lang='grc' dir='ltr'>τοῦ</span> <span class='ocrx_word' id='word_1_816' title='bbox 2607 4866 2742 4920; x_wconf 70' lang='grc' dir='ltr'>Θεοῦ</span> <span class='ocrx_word' id='word_1_817' title='bbox 2775 4866 3080 4936; x_wconf 82' lang='grc' dir='ltr'>προφήταις</span> <span class='ocrx_word' id='word_1_818' title='bbox 3098 4864 3270 4919; x_wconf 75' lang='grc' dir='ltr'>ταῦτά</span> <span class='ocrx_word' id='word_1_819' title='bbox 3291 4881 3350 4917; x_wconf 90' lang='grc' dir='ltr'><strong>τε</strong></span> <span class='ocrx_word' id='word_1_820' title='bbox 3372 4865 3554 4918; x_wconf 84' lang='grc' dir='ltr'>πάντα</span> <span class='ocrx_word' id='word_1_821' title='bbox 3580 4866 3674 4918; x_wconf 72' lang='grc' dir='ltr'>καὶ</span> 
     </span>
    </p>
   </div>
   <div class='ocr_carea' id='block_1_106' title="bbox 2087 4948 3666 5026">
    <p class='ocr_par' dir='ltr' id='par_1_106' title="bbox 2087 4948 3666 5026">
     <span class='ocr_line' id='line_1_106' title="bbox 2087 4948 3666 5026; baseline 0 -18"><span class='ocrx_word' id='word_1_822' title='bbox 2087 4954 2222 5008; x_wconf 73' lang='grc' dir='ltr'>ἄλλα</span> <span class='ocrx_word' id='word_1_823' title='bbox 2237 4954 2444 5017; x_wconf 86' lang='grc' dir='ltr'>τούτοις</span> <span class='ocrx_word' id='word_1_824' title='bbox 2457 4953 2660 5021; x_wconf 85' lang='grc' dir='ltr'>ἀδελφά</span> <span class='ocrx_word' id='word_1_825' title='bbox 2679 4954 2866 5026; x_wconf 83' lang='grc' dir='ltr'>μυρία,</span> <span class='ocrx_word' id='word_1_826' title='bbox 2883 4955 3009 5025; x_wconf 75' lang='grc' dir='ltr'>περὶ</span> <span class='ocrx_word' id='word_1_827' title='bbox 3023 4948 3096 5007; x_wconf 80' lang='grc' dir='ltr'>ὧν</span> <span class='ocrx_word' id='word_1_828' title='bbox 3111 4954 3138 5006; x_wconf 91' lang='lat'><strong>6</strong></span> <span class='ocrx_word' id='word_1_829' title='bbox 3153 4953 3313 5016; x_wconf 80' lang='grc' dir='ltr'>αὐτὸς</span> <span class='ocrx_word' id='word_1_830' title='bbox 3328 4953 3666 5017; x_wconf 70' lang='grc' dir='ltr'>’Δπόστολος,</span> 
     </span>
    </p>
   </div>
   <div class='ocr_carea' id='block_1_107' title="bbox 2091 5044 3666 5118">
    <p class='ocr_par' dir='ltr' id='par_1_107' title="bbox 2091 5044 3666 5118">
     <span class='ocr_line' id='line_1_107' title="bbox 2091 5044 3666 5118; baseline 0.001 -20"><span class='ocrx_word' id='word_1_831' title='bbox 2091 5045 2229 5118; x_wconf 84' lang='grc' dir='ltr'>ὑπὲρ</span> <span class='ocrx_word' id='word_1_832' title='bbox 2246 5046 2403 5118; x_wconf 82' lang='grc' dir='ltr'>ἡμῶν</span> <span class='ocrx_word' id='word_1_833' title='bbox 2418 5045 2586 5100; x_wconf 78' lang='grc' dir='ltr'>ἐδεῖτο</span> <span class='ocrx_word' id='word_1_834' title='bbox 2600 5046 2701 5100; x_wconf 80' lang='grc' dir='ltr'>τοῦ</span> <span class='ocrx_word' id='word_1_835' title='bbox 2733 5044 2891 5111; x_wconf 83' lang='grc' dir='ltr'>Θεοῦ,</span> <span class='ocrx_word' id='word_1_836' title='bbox 2915 5047 3015 5100; x_wconf 78' lang='grc' dir='ltr'><strong>ἵνα</strong></span> <span class='ocrx_word' id='word_1_837' title='bbox 3041 5047 3462 5116; x_wconf 78' lang='grc' dir='ltr'>ἐξισχύσωμεν</span> <span class='ocrx_word' id='word_1_838' title='bbox 3489 5063 3666 5100; x_wconf 79' lang='lat' dir='ltr'><strong>xam-</strong></span> 
     </span>
    </p>
   </div>
   <div class='ocr_carea' id='block_1_108' title="bbox 2087 5138 3676 5212">
    <p class='ocr_par' dir='ltr' id='par_1_108' title="bbox 2087 5138 3676 5212">
     <span class='ocr_line' id='line_1_108' title="bbox 2087 5138 3676 5212; baseline -0.001 -19"><span class='ocrx_word' id='word_1_839' title='bbox 2087 5139 2377 5194; x_wconf 72' lang='grc' dir='ltr'>λαϐέσθαι</span> <span class='ocrx_word' id='word_1_840' title='bbox 2392 5139 2514 5192; x_wconf 83' lang='grc' dir='ltr'><strong>σὺν</strong></span> <span class='ocrx_word' id='word_1_841' title='bbox 2528 5138 2678 5193; x_wconf 73' lang='grc' dir='ltr'>πᾶσι</span> <span class='ocrx_word' id='word_1_842' title='bbox 2694 5139 2816 5206; x_wconf 84' lang='grc' dir='ltr'>τοῖς</span> <span class='ocrx_word' id='word_1_843' title='bbox 2830 5140 3039 5210; x_wconf 79' lang='grc' dir='ltr'>ἁγίοις,</span> <span class='ocrx_word' id='word_1_844' title='bbox 3056 5141 3112 5194; x_wconf 84' lang='grc' dir='ltr'><strong>τί</strong></span> <span class='ocrx_word' id='word_1_845' title='bbox 3128 5139 3194 5194; x_wconf 86' lang='grc' dir='ltr'>τὸ</span> <span class='ocrx_word' id='word_1_846' title='bbox 3207 5139 3440 5204; x_wconf 74' lang='grc' dir='ltr'>πλάτος</span> <span class='ocrx_word' id='word_1_847' title='bbox 3455 5143 3552 5196; x_wconf 72' lang='grc' dir='ltr'>καὶ</span> <span class='ocrx_word' id='word_1_848' title='bbox 3564 5140 3676 5212; x_wconf 77' lang='grc' dir='ltr'><strong>μῆο.</strong></span> 
     </span>
    </p>
   </div>
   <div class='ocr_carea' id='block_1_109' title="bbox 500 5283 3666 5369">
    <p class='ocr_par' dir='ltr' id='par_1_109' title="bbox 500 5283 3666 5369">
     <span class='ocr_line' id='line_1_109' title="bbox 500 5283 3666 5369; baseline 0.004 -24"><span class='ocrx_word' id='word_1_849' title='bbox 500 5285 564 5345; x_wconf 54' lang='grc' dir='ltr'>ὦ</span> <span class='ocrx_word' id='word_1_850' title='bbox 595 5283 914 5369; x_wconf 23' lang='grc' dir='ltr'><strong>ΕάολΡθξξεο.</strong></span> <span class='ocrx_word' id='word_1_851' title='bbox 941 5283 1188 5344; x_wconf 60' lang='lat' dir='ltr'><strong>Das-l3“.</strong></span> <span class='ocrx_word' id='word_1_852' title='bbox 1264 5284 1312 5317; x_wconf 80' lang='grc'><strong>³⁸</strong></span> <span class='ocrx_word' id='word_1_853' title='bbox 1338 5287 1568 5357; x_wconf 69' lang='lat' dir='ltr'><strong>Datum,</strong></span> <span class='ocrx_word' id='word_1_854' title='bbox 1589 5291 1674 5348; x_wconf 72' lang='lat' dir='ltr'><strong>l0.</strong></span> <span class='ocrx_word' id='word_1_855' title='bbox 1706 5333 1722 5345; x_wconf 75' lang='grc' dir='ltr'><strong><em>ο</em></strong></span> <span class='ocrx_word' id='word_1_856' title='bbox 1754 5295 1801 5329; x_wconf 76' lang='grc'><strong><em>³⁷</em></strong></span> <span class='ocrx_word' id='word_1_857' title='bbox 1827 5295 2026 5369; x_wconf 78' lang='lat' dir='ltr'><strong>Ephes.</strong></span> <span class='ocrx_word' id='word_1_858' title='bbox 2059 5315 2101 5362; x_wconf 85' lang='grc' dir='ltr'>ι.</span> <span class='ocrx_word' id='word_1_859' title='bbox 2128 5301 2219 5365; x_wconf 76' lang='lat'><strong>20&#39;,</strong></span> <span class='ocrx_word' id='word_1_860' title='bbox 2253 5301 2342 5356; x_wconf 72' lang='lat'><strong>2|.</strong></span> <span class='ocrx_word' id='word_1_861' title='bbox 2418 5298 2465 5330; x_wconf 83' lang='grc'><strong>³⁸</strong></span> <span class='ocrx_word' id='word_1_862' title='bbox 2484 5296 2696 5355; x_wconf 87' lang='lat' dir='ltr'><strong>Coloss.</strong></span> <span class='ocrx_word' id='word_1_863' title='bbox 2721 5313 2760 5366; x_wconf 81' lang='grc' dir='ltr'><strong>ι,</strong></span> <span class='ocrx_word' id='word_1_864' title='bbox 2781 5295 2869 5353; x_wconf 74' lang='lat' dir='ltr'><strong>f6.</strong></span> <span class='ocrx_word' id='word_1_865' title='bbox 2943 5297 2988 5348; x_wconf 65' lang='grc' dir='ltr'><strong>ιι</strong></span> <span class='ocrx_word' id='word_1_866' title='bbox 3019 5296 3136 5356; x_wconf 86' lang='lat' dir='ltr'><strong>Gal.</strong></span> <span class='ocrx_word' id='word_1_867' title='bbox 3167 5313 3242 5366; x_wconf 78' lang='lat' dir='ltr'><strong>tv,</strong></span> <span class='ocrx_word' id='word_1_868' title='bbox 3273 5297 3366 5355; x_wconf 75' lang='lat'><strong>26.</strong></span> <span class='ocrx_word' id='word_1_869' title='bbox 3444 5297 3666 5359; x_wconf 77' lang='lat' dir='ltr'><strong>“Hebr.</strong></span> 
     </span>
    </p>
   </div>
   <div class='ocr_carea' id='block_1_110' title="bbox 504 5365 873 5437">
    <p class='ocr_par' dir='ltr' id='par_1_110' title="bbox 504 5365 873 5437">
     <span class='ocr_line' id='line_1_110' title="bbox 504 5365 873 5437; baseline 0 -17"><span class='ocrx_word' id='word_1_870' title='bbox 504 5380 608 5437; x_wconf 79' lang='grc' dir='ltr'>ιιι,</span> <span class='ocrx_word' id='word_1_871' title='bbox 640 5367 736 5436; x_wconf 72' lang='grc'><strong>22,</strong></span> <span class='ocrx_word' id='word_1_872' title='bbox 780 5365 873 5422; x_wconf 74' lang='grc'><strong>25.</strong></span> 
     </span>
    </p>
   </div>
   <div class='ocr_carea' id='block_1_111' title="bbox 505 5511 966 5583">
    <p class='ocr_par' dir='ltr' id='par_1_111' title="bbox 505 5511 966 5583">
     <span class='ocr_line' id='line_1_111' title="bbox 505 5511 966 5583; baseline 0.011 -17"><span class='ocrx_word' id='word_1_873' title='bbox 505 5511 594 5579; x_wconf 83' lang='grc'><strong>98)</strong></span> <span class='ocrx_word' id='word_1_874' title='bbox 615 5512 722 5583; x_wconf 76' lang='grc' dir='ltr'>ιιρ.</span> <span class='ocrx_word' id='word_1_875' title='bbox 755 5514 966 5572; x_wconf 79' lang='grc' dir='ltr'>τοῦτον.</span> 
     </span>
    </p>
   </div>
   <div class='ocr_carea' id='block_1_112' title="bbox 506 5583 1760 5658">
    <p class='ocr_par' dir='ltr' id='par_1_112' title="bbox 506 5583 1760 5658">
     <span class='ocr_line' id='line_1_112' title="bbox 506 5583 1760 5658; baseline 0.006 -22"><span class='ocrx_word' id='word_1_876' title='bbox 506 5583 1184 5658; x_wconf 32' lang='grc' dir='ltr'>θρλνυιεο-παρειληφῶς,</span> <span class='ocrx_word' id='word_1_877' title='bbox 1211 5595 1267 5642; x_wconf 84' lang='lat' dir='ltr'><strong>at</strong></span> <span class='ocrx_word' id='word_1_878' title='bbox 1288 5588 1359 5644; x_wconf 77' lang='lat' dir='ltr'><strong>cf.</strong></span> <span class='ocrx_word' id='word_1_879' title='bbox 1389 5587 1525 5658; x_wconf 78' lang='lat' dir='ltr'><strong>infra</strong></span> <span class='ocrx_word' id='word_1_880' title='bbox 1550 5589 1596 5646; x_wconf 83' lang='lat' dir='ltr'><strong>C</strong></span> <span class='ocrx_word' id='word_1_881' title='bbox 1616 5590 1760 5645; x_wconf 80' lang='lat' dir='ltr'><strong>med.</strong></span> 
     </span>
    </p>
   </div>
   <div class='ocr_carea' id='block_1_113' title="bbox 510 5652 1974 5732">
    <p class='ocr_par' dir='ltr' id='par_1_113' title="bbox 510 5652 1974 5732">
     <span class='ocr_line' id='line_1_113' title="bbox 510 5652 1974 5732; baseline 0.005 -27"><span class='ocrx_word' id='word_1_882' title='bbox 510 5652 559 5723; x_wconf 82' lang='grc'>1)</span> <span class='ocrx_word' id='word_1_883' title='bbox 578 5652 881 5732; x_wconf 62' lang='grc' dir='ltr'>’Φερομένῃ</span> <span class='ocrx_word' id='word_1_884' title='bbox 895 5652 1133 5732; x_wconf 59' lang='grc' dir='ltr'>Γραέρᾔ.</span> <span class='ocrx_word' id='word_1_885' title='bbox 1161 5659 1313 5714; x_wconf 78' lang='lat' dir='ltr'><strong>Esset</strong></span> <span class='ocrx_word' id='word_1_886' title='bbox 1335 5657 1611 5732; x_wconf 81' lang='grc' dir='ltr'>φερόμενα</span> <span class='ocrx_word' id='word_1_887' title='bbox 1643 5659 1745 5732; x_wconf 79' lang='lat' dir='ltr'><strong>[sic</strong></span> <span class='ocrx_word' id='word_1_888' title='bbox 1768 5657 1974 5732; x_wconf 85' lang='lat' dir='ltr'><strong>cod_d_.],</strong></span> 
     </span>
    </p>
   </div>
   <div class='ocr_carea' id='block_1_114' title="bbox 395 5723 1930 5800">
    <p class='ocr_par' dir='ltr' id='par_1_114' title="bbox 395 5723 1930 5800">
     <span class='ocr_line' id='line_1_114' title="bbox 395 5723 1930 5800; baseline 0.005 -26"><span class='ocrx_word' id='word_1_889' title='bbox 395 5731 500 5776; x_wconf 75' lang='lat' dir='ltr'><strong>&#39;attt</strong></span> <span class='ocrx_word' id='word_1_890' title='bbox 530 5723 863 5792; x_wconf 70' lang='grc' dir='ltr'>φερομένων,</span> <span class='ocrx_word' id='word_1_891' title='bbox 891 5723 957 5780; x_wconf 64' lang='grc' dir='ltr'><strong>ιιι</strong></span> <span class='ocrx_word' id='word_1_892' title='bbox 988 5723 1250 5783; x_wconf 72' lang='lat' dir='ltr'><strong>referatur</strong></span> <span class='ocrx_word' id='word_1_893' title='bbox 1280 5723 1361 5784; x_wconf 44' lang='lat' dir='ltr'><strong>ad&#39;</strong></span> <span class='ocrx_word' id='word_1_894' title='bbox 1379 5723 1834 5800; x_wconf 68' lang='grc' dir='ltr'>ἀναγνωσμάτων.</span> <span class='ocrx_word' id='word_1_895' title='bbox 1859 5727 1930 5782; x_wconf 80' lang='grc' dir='ltr'><strong>Μ.</strong></span> 
     </span>
    </p>
   </div>
   <div class='ocr_carea' id='block_1_115' title="bbox 2175 5521 3391 5595">
    <p class='ocr_par' dir='ltr' id='par_1_115' title="bbox 2175 5521 3391 5595">
     <span class='ocr_line' id='line_1_115' title="bbox 2175 5521 3391 5595; baseline 0.002 -18"><span class='ocrx_word' id='word_1_896' title='bbox 2175 5521 2231 5595; x_wconf 59' lang='grc'>2)</span> <span class='ocrx_word' id='word_1_897' title='bbox 2260 5521 2432 5595; x_wconf 62' lang='lat' dir='ltr'><strong>Yulgo</strong></span> <span class='ocrx_word' id='word_1_898' title='bbox 2457 5523 2833 5595; x_wconf 82' lang='grc' dir='ltr'>ἀπιστευτέον,</span> <span class='ocrx_word' id='word_1_899' title='bbox 2857 5533 2912 5595; x_wconf 84' lang='lat' dir='ltr'><strong>et</strong></span> <span class='ocrx_word' id='word_1_900' title='bbox 2939 5523 3078 5595; x_wconf 80' lang='lat' dir='ltr'><strong>infra</strong></span> <span class='ocrx_word' id='word_1_901' title='bbox 3111 5522 3391 5594; x_wconf 75' lang='grc' dir='ltr'>ὀνομάζει.</span> 
     </span>
    </p>
   </div>
   <div class='ocr_carea' id='block_1_116' title="bbox 2173 5593 3090 5665">
    <p class='ocr_par' dir='ltr' id='par_1_116' title="bbox 2173 5593 3090 5665">
     <span class='ocr_line' id='line_1_116' title="bbox 2173 5593 3090 5665; baseline 0.002 -18"><span class='ocrx_word' id='word_1_902' title='bbox 2173 5593 2228 5665; x_wconf 60' lang='grc' dir='ltr'>ἦ)</span> <span class='ocrx_word' id='word_1_903' title='bbox 2258 5593 2432 5665; x_wconf 49' lang='lat' dir='ltr'><strong>fulgo</strong></span> <span class='ocrx_word' id='word_1_904' title='bbox 2464 5593 2653 5665; x_wconf 78' lang='grc' dir='ltr'>ἢπερί</span> <span class='ocrx_word' id='word_1_905' title='bbox 2683 5609 2826 5650; x_wconf 90' lang='lat' dir='ltr'><strong>corr.</strong></span> <span class='ocrx_word' id='word_1_906' title='bbox 2847 5593 2957 5663; x_wconf 86' lang='lat' dir='ltr'><strong>jam</strong></span> <span class='ocrx_word' id='word_1_907' title='bbox 2986 5593 3090 5664; x_wconf 83' lang='lat' dir='ltr'><strong>Mp.</strong></span> 
     </span>
    </p>
   </div>
   <div class='ocr_carea' id='block_1_117' title="bbox 2159 5661 2696 5734">
    <p class='ocr_par' dir='ltr' id='par_1_117' title="bbox 2159 5661 2696 5734">
     <span class='ocr_line' id='line_1_117' title="bbox 2159 5661 2696 5734; baseline -0.03 0"><span class='ocrx_word' id='word_1_908' title='bbox 2159 5661 2236 5734; x_wconf 66' lang='grc'><strong>(4)</strong></span> <span class='ocrx_word' id='word_1_909' title='bbox 2254 5661 2428 5734; x_wconf 62' lang='lat' dir='ltr'><strong>Yulgo</strong></span> <span class='ocrx_word' id='word_1_910' title='bbox 2459 5661 2567 5734; x_wconf 76' lang='grc' dir='ltr'>τ’ῶν</span> <span class='ocrx_word' id='word_1_911' title='bbox 2600 5661 2696 5734; x_wconf 77' lang='grc' dir='ltr'><strong>πρ.</strong></span> 
     </span>
    </p>
   </div>
   <div class='ocr_carea' id='block_1_118' title="bbox 2154 5732 3012 5811">
    <p class='ocr_par' dir='ltr' id='par_1_118' title="bbox 2154 5732 3012 5811">
     <span class='ocr_line' id='line_1_118' title="bbox 2154 5732 3012 5811; baseline -0.003 -24"><span class='ocrx_word' id='word_1_912' title='bbox 2154 5732 2231 5804; x_wconf 82' lang='lat'><strong>(5)</strong></span> <span class='ocrx_word' id='word_1_913' title='bbox 2253 5732 2420 5805; x_wconf 69' lang='lat' dir='ltr'><strong>Vulgo</strong></span> <span class='ocrx_word' id='word_1_914' title='bbox 2440 5733 2523 5804; x_wconf 83' lang='grc' dir='ltr'><strong>δή,</strong></span> <span class='ocrx_word' id='word_1_915' title='bbox 2555 5742 2605 5789; x_wconf 89' lang='lat' dir='ltr'><strong>ct</strong></span> <span class='ocrx_word' id='word_1_916' title='bbox 2631 5732 2788 5799; x_wconf 72' lang='lat' dir='ltr'><strong>infra,</strong></span> <span class='ocrx_word' id='word_1_917' title='bbox 2825 5732 3012 5811; x_wconf 70' lang='grc' dir='ltr'>μύρια.</span> 
     </span>
    </p>
   </div>
  </div>
