3828 6222
159 310 262 369 953

1076 312 1164 369 DE
1200 312 1743 372 ECCLESIASTICA
1789 315 2182 374 THEOLOGIA
2223 317 2354 375 LIB.
2390 318 2454 373 ll.

3305 319 3412 377 954

159 450 260 498 mc
276 431 372 486 καὶ
383 430 574 497 βάθος
589 430 686 486 καί
700 432 875 501 ὕψος,
895 430 1116 502 γνῶναί
1129 450 1193 487 τε
1207 433 1319 502 τὴν
1332 432 1728 503 ὑπερϐάλλου-

1842 436 2063 503 sanctis,
2084 454 2203 508 qua:
2224 446 2355 492 esset
2384 435 2628 501 latitudo,
2667 434 2959 507 longitudo,
2996 439 3331 509 profunditas
3359 446 3413 494 et

157 540 276 580 σαν
302 522 411 592 τῆς
438 524 714 593 γνώσεως
745 524 985 593 ἀγάπην
1017 525 1124 579 τοῦ
1146 526 1314 581 Θεοῦ.
1349 527 1459 580 Καὶ
1493 527 1655 591 αὐτὸς
1675 526 1733 579 δὲ

155 617 348 689 Σωτὴρ
372 616 528 688 ⁴ἡμῶν
571 616 794 670 πλεῖστα
834 616 934 670 ὅσα
972 617 1247 690 μυστήρια
1278 620 1407 690 περὶ
1442 618 1542 689 τῆς
1574 618 1737 689 βασι-

153 708 303 772 λείας
321 710 429 763 τῶν
456 708 729 781 οὐρανῶν,
770 710 898 781 περί
935 727 994 763 τε
1018 709 1117 781 τῆς
1152 712 1461 776 συντελείας
1480 712 1572 765 τοῦ
1600 729 1735 767 παν-

152 801 265 866 τὸς,
298 802 426 873 περί
456 819 516 855 τε
544 802 651 855 τῶν
684 801 1045 871 ἐπαγγελιῶν,
1088 801 1223 855 ποτέ
1252 802 1350 873 μὲν
1374 802 1459 856 διὰ
1488 802 1735 875 παραϐο-

152 892 287 955 λῶν,
322 893 455 945 ποτὲ
484 892 541 946 δὲ
571 893 665 947 καὶ
702 894 760 945 ὲν
793 894 1123 966 ἀπορρήτοις
1150 894 1395 964 ἐξέφαινε
1424 897 1535 959 τοῖς
1565 895 1730 949 αὐτοῦ

157 982 449 1055 μαθηταῖς,
486 985 623 1056 πρὸς
661 984 759 1048 οὓς
781 985 983 1054 ἔλεγεν,
1027 985 1196 1055 Ὑμῖν
1242 986 1477 1041 δέδοται
1512 986 1733 1057 γνῶναι

152 1073 226 1126 τὰ
244 1074 553 1144 μυστήρια
581 1076 688 1131 τοῦ
725 1076 893 1143 Θεοῦ,
929 1071 1003 1132 ὧν
1029 1079 1129 1132 οὐκ
1157 1078 1224 1134 ἄν
1257 1078 1406 1152 εὖροι
1428 1096 1512 1143 τις
1546 1077 1616 1132 τὰ
1637 1074 1734 1133 ἶσα

153 1168 308 1239 παρά
324 1169 532 1235 Μωσεί,
557 1169 592 1241 ἢ
616 1170 766 1242 παρὰ
784 1172 896 1234 τοῖς
923 1171 1127 1235 λοιποῖς
1161 1173 1484 1244 προφήταις.
1521 1173 1586 1226 Τί
1602 1168 1695 1226 οὖν
1715 1188 1741 1238 ς.

154 1261 275 1314 ἐπεὶ
310 1261 386 1333 μὴ
423 1261 501 1332 τῷ
537 1261 802 1315 Ἰουδαίων
831 1262 945 1333 λαῷ
972 1262 1243 1334 παρεδόθη
1270 1263 1464 1328 ταῦτα,
1500 1265 1580 1327 είς
1608 1266 1732 1316 ὲπι-

151 1352 364 1421 τήδειον
406 1353 597 1426 καιρὸν
621 1353 996 1426 φυλαττόμενα
1027 1357 1093 1426 τῇ
1142 1354 1437 1428 Ἐκκλησία
1468 1354 1729 1428 Χριστοῦ,

153 1443 305 1514 παρά
340 1444 502 1498 τοῦτο
553 1447 689 1517 χρῆν
725 1446 868 1516 ὑμᾶς
901 1445 999 1517 τὴν
1036 1447 1377 1518 δωρηθείσαν
1409 1448 1539 1519 ἡμῖν
1574 1446 1745 1519 χάριν»

150 1535 393 1600 ἀθετεῖν;
520 1534 778 1604 μειζόνως
814 1536 1153 1609 εὐχαριστεῖν
1208 1536 1287 1607 τῷ
1320 1537 1422 1607 τῆς
1465 1536 1741 1608 τοσαύτης

151 1633 300 1702 ἡμᾶς
318 1628 717 1693 καταξιώσαντι
744 1626 995 1697 γνώσεως
1021 1628 1127 1700 (6);
1159 1628 1317 1683 Κατά
1345 1627 1436 1684 τὸν
1461 1630 1621 1684 αὐτὸν
1641 1626 1745 1684 οῦνι

149 1723 353 1794 τρόπον
392 1721 489 1775 καὶ
535 1719 633 1785 τὰς
675 1721 804 1793 περ)⁵
849 1719 945 1775 τοῦ
980 1722 1111 1776 Υίοῦ
1138 1721 1505 1790 διδασκαλίας,
1537 1724 1602 1776 ὲκ
1634 1723 1748 1795 τῆς

1832 526 2065 580 altitudo
2085 565 2102 590 ,
2132 536 2180 580 et
2204 542 2515 596 cognoscere
2539 526 2869 581 excedentem
2896 529 3047 583 iilam
3077 530 3408 585 dilectionem

1834 616 2144 685 cognitionis
2172 615 2269 669 Dei
2296 616 2362 668 “.
2392 615 2499 670 Sed
2552 624 2608 671 et
2659 616 2887 684 ipsemet
2930 617 3193 674 Servatur
3227 629 3412 677 noster

1832 707 1986 777 plura
2033 706 2288 777 mysteria
2321 707 2390 762 de
2420 723 2586 782 regno
2628 712 2888 767 caelorum
2919 756 2935 781 ,
2967 713 3035 769 de
3065 726 3419 768 consumma-

1836 800 1983 855 tione
2008 799 2229 867 mundi,
2261 803 2327 859 de
2352 803 2808 874 promissionibus
2833 846 2853 872 ,
2877 823 3021 863 nunc
3054 822 3152 878 per
3177 806 3412 878 parabo—

1835 892 1935 955 las,
1966 907 2108 947 nunc
2135 892 2369 950 latenter
2408 904 2465 950 et
2504 898 2718 954 occulte
2757 901 2972 966 extulit,
3034 908 3090 955 et
3126 899 3409 969 discipulis

1834 984 2121 1052 intimavit,
2154 985 2447 1056 inquiens:
2484 987 2637 1043 Vobis
2669 990 2849 1046 datum
2876 1001 2951 1047 est
2985 1006 3135 1045 nosse
3165 992 3411 1061 mysteria

1834 1076 1933 1131 Dei
1974 1076 2059 1144 “,7
2093 1078 2291 1150 quibus
2342 1082 2593 1151 supparia
2643 1099 2749 1138 non
2810 1084 3051 1138 inveniet
3097 1084 3218 1154 quis
3268 1084 3411 1151 apud

1834 1167 2040 1225 Mosem
2065 1210 2081 1236 ,
2123 1178 2218 1225 aut
2250 1170 2488 1242 reliquos
2537 1176 2850 1245 prophetas.
2882 1175 3023 1242 Quid
3053 1174 3229 1245 ergo?
3274 1174 3409 1229 Cum

1834 1275 1941 1317 non
1970 1276 2296 1320 concessum
2333 1263 2495 1321 fuerit
2521 1264 2834 1321 Iudaeorum
2877 1267 3074 1337 p0pulo
3106 1267 3208 1320 ista
3232 1266 3412 1335 perci-

1832 1366 2007 1424 pere,
2058 1354 2152 1408 sed
2201 1355 2257 1408 in
2308 1365 2520 1426 tempus
2568 1369 2933 1429 opportunum
2988 1358 3417 1414 reservabantur

1833 1444 2036 1499 Christi
2080 1444 2339 1502 Ecclesiae
2384 1448 2755 1519 patefacienda
2794 1467 2810 1517 ;
2866 1450 2989 1505 ideo
3038 1460 3142 1506 nos
3193 1457 3411 1520 oportet

1833 1550 2150 1592 concessam
2183 1538 2339 1594 nobis
2374 1540 2603 1609 gratiam
2643 1541 2957 1614 negligere?
2989 1540 3102 1596 lmo
3129 1555 3260 1595 vero
3296 1556 3411 1593 ma-

1827 1625 2001 1695 jorem
2036 1628 2088 1681 in
2119 1629 2336 1683 modum
2368 1631 2573 1699 gratias
2602 1630 2676 1686 illi
2727 1633 3036 1688 retribuere
3059 1672 3075 1697 ,
3126 1631 3218 1703 qui
3253 1630 3410 1687 nobis

1833 1718 1976 1773 hanc
2022 1727 2227 1773 tantam
2279 1720 2565 1777 scientiam
2600 1722 2918 1787 impertivit.
2954 1723 3035 1778 Ad
3086 1724 3245 1778 istum
3278 1738 3420 1791 ergo

150 1815 317 1871 αὐτοῦ
353 1814 562 1886 Καινῆς
586 1813 862 1885 Διαθήκης
892 1816 1160 1886 προσήκοι
1189 1814 1254 1869 ἂν
1299 1814 1725 1886 ἀπολαμϐάνειν,

1831 1810 2076 1879 modum,
2112 1827 2231 1882 quae
2251 1820 2377 1869 sunt
2400 1812 2468 1869 de
2504 1814 2596 1869 Dei
2631 1814 2745 1869 lilio
2778 1816 2830 1869 in
2865 1814 3021 1870 Novo
3059 1812 3417 1869 Testamento

149 1908 301 1961 οὐδὲν
341 1906 731 1977 ξενιζόμενους,
760 1906 809 1958 εἰ
835 1906 908 1977 μὴ
937 1905 1015 1977 τῷ
1049 1906 1460 1978 σκληροκαρδίῳ
1500 1905 1611 1976 λαῷ
1632 1906 1739 1978 τὴν

150 2001 278 2071 περὶ
311 1998 476 2053 αὐτοῦ
506 1998 706 2067 γνῶσιν
738 1997 1110 2052 ἀνεκάλυπτον
1142 1999 1190 2050 οἱ
1228 1998 1322 2051 τοῦ
1352 1998 1487 2051 Θεοῦ
1520 1997 1735 2068 ἄνθρω-

149 2108 261 2155 ποι,
290 2093 375 2155 εἰς
404 2091 592 2163 καιρὸν
623 2089 899 2163 εὔκαιρον,
926 2089 1017 2145 τὸν
1052 2091 1182 2163 περὶ
1206 2090 1372 2145 αὐτοῦ
1402 2089 1731 2161 ταμιευόμε-

146 2201 225 2237 νοι
258 2184 440 2253 λόγον.
481 2183 559 2238 Οὔ
596 2183 705 2257 γὰρ
744 2184 916 2237 ἐδόκει
947 2182 1254 2254 ἐπιτήδειον
1292 2179 1430 2235 εἶναι
1471 2182 1552 2248 τὸ,
1580 2198 1732 2253 τηνι-

146 2276 329 2330 καῦτα
365 2276 790 2347 ὑποσυρομένοις
819 2274 1043 2345 ἀνδράσι
1069 2274 1161 2327 ἐπὶ
1192 2272 1287 2344 τὴν
1311 2273 1567 2327 πολύθεον
1595 2273 1735 2328 πλά-

145 2385 243 2438 νην
269 2365 705 2438 παραδιδόναιτὸ
731 2366 809 2437 (7)
837 2366 965 2438 περὶ
994 2364 1207 2437 Πατρδς
1228 2364 1322 2419 καὶ
1351 2365 1483 2419 Υίοῦ
1517 2366 1730 2438 μυστή-

149 2475 282 2528 ριον,
316 2453 546 2522 οἷςόὺδὲ
570 2459 695 2522 τοὺς
719 2457 847 2530 περὶ
869 2458 978 2511 τῶν
1003 2456 1728 2528 ὖποόεϐηκὸτωνηδυνάμεων

144 2549 512 2615 ὲξεκάλυπτον
536 2549 756 2618 λόγουςο
809 2547 884 2612 ὡς
922 2547 989 2602 ἂν
1024 2546 1098 2620 μὴ
1128 2547 1401 2620 προφάσει
1432 2546 1604 2621 ταύτῃ
1634 2548 1727 2601 ἐπὶ

142 2638 243 2709 τὴν
290 2637 607 2710 Ἑλληνικὴν
657 2638 1019 2691 καταπέσοιεν
1072 2637 1380 2703 πολυθεῖαν,
1426 2639 1475 2692 oi
1516 2637 1727 2709 πατέρα

142 2728 357 2801 ἀνδρῶν
408 2747 469 2783 τε
520 2729 656 2784 θεῶν
696 2748 756 2784 τε
800 2731 894 2784 τὸν
951 2732 1079 2803 παρ’
1120 2732 1303 2797 αὐτοῖς
1357 2731 1737 2785 ἁνεπλάσαντο.

144 2822 301 2874 Θεόν.
326 2822 522 2895 Διόπερ
543 2822 642 2893 τῆς
664 2821 917 2892 τοιαύτης
941 2824 1139 2887 αὐτοὺς
1161 2822 1500 2877 ἀναστέλλων
1520 2823 1741 2893 πλάνης

143 2914 173 2967 6
199 2914 361 2983 λόγος
387 2916 480 2968 τὸν
501 2916 595 2968 ἕνα
627 2915 759 2968 Θεὸν
787 2917 886 2986 ὲκή
896 2932 1106 2988 ρυττεν,
1129 2916 1191 2968 οὐ
1217 2914 1323 2986 μὴν
1347 2914 1556 2986 πατέρα
1585 2912 1726 2968 εἶναι

142 3001 236 3055 τὸν
265 3002 431 3056 αὐτὸν
461 3004 676 3075 ἠρνεῖτο
696 3021 719 3033 ο
742 3005 836 3058 καὶ
860 3004 951 3058 τὸν
976 3004 1148 3077 ἀληθῆ
1169 3005 1225 3059 δὲ
1254 3004 1432 3057 σέϐειν
1460 3005 1737 3067 ἐδίδασκεν

142 3093 238 3146 καὶ
267 3092 421 3165 πλὴνι
445 3094 608 3148 αὑτοῦ
649 3095 856 3165 μηδένα
890 3095 1088 3148 εἰδέναι
1127 3095 1380 3168 παρῄνει,
1407 3097 1468 3149 οὐ
1504 3095 1610 3167 μὴν
1633 3097 1737 3167 ἣρω

1830 1902 2121 1970 ρταξᾱίοιιιιι
2150 1902 2466 1973 accipienda
2491 1912 2654 1969 sunt,
2679 1919 2784 1959 nec
2806 1912 2865 1958 ut
2891 1904 3125 1959 alienum
3154 1904 3282 1973 quid
3308 1902 3409 1956 mi-

1832 2006 1934 2048 nus
1958 2002 2270 2063 acceptare,
2284 1996 2327 2050 si
2362 1996 2579 2065 quidem
2617 1997 2694 2051 illi
2716 1997 2912 2067 populo
2934 1996 3070 2051 duro
3098 1996 3259 2051 corde
3278 2010 3415 2065 pra:-

1832 2084 1945 2140 dito
1992 2085 2241 2142 homines
2297 2085 2373 2141 illi
2409 2086 2502 2142 Dei
2537 2087 2902 2157 cognitionem
2943 2089 3008 2142 de
3037 2087 3128 2141 illo
3156 2101 3262 2141 non
3299 2094 3409 2140 tra-

1831 2176 2081 2232 diderunt
2103 2217 2118 2242 ,
2169 2187 2452 2233 reservato
2482 2178 2535 2233 in
2579 2188 2795 2248 tempus
2832 2187 3190 2249 opportunum
3222 2177 3288 2232 de
3318 2177 3416 2231 illo

1831 2266 2235 2334 dispensatorio
2262 2282 2536 2323 sermone.
2575 2266 2692 2323 Non
2756 2267 3043 2323 videbatur
3097 2274 3225 2321 tunc
3269 2272 3408 2321 tem-

1829 2357 1977 2427 poris
2002 2373 2214 2426 aequum
2242 2372 2387 2423 esse,
2419 2367 2480 2412 ut
2517 2357 2832 2413 hominibus
2854 2357 2921 2412 ad
2949 2372 3191 2413 errorem
3210 2357 3277 2412 de
3302 2357 3413 2411 diis

1832 2447 2017 2503 multis
2044 2448 2200 2504 facile
2243 2448 2625 2517 arrepentibus
2648 2488 2665 2515 ,
2708 2448 3023 2519 mysterium
3053 2447 3120 2503 de
3146 2446 3309 2503 Patre
3352 2457 3409 2503 et

1830 2539 1967 2596 Filio
1997 2540 2349 2605 revelaretur,
2409 2555 2533 2594 cum
2568 2539 2702 2594 nihil
2738 2542 2804 2593 de
2839 2539 3101 2610 subjectis
3134 2541 3283 2595 hisce
3310 2554 3409 2609 po-

1830 2631 2114 2687 testatibus
2162 2630 2493 2701 patefactum
2524 2630 2709 2697 fuerit,
2750 2644 2823 2685 ne
2854 2644 2951 2698 per
2994 2630 3139 2685 hunc
3170 2640 3406 2699 praetex-

1828 2731 1942 2778 tum
1969 2723 2045 2778 illi
2110 2723 2178 2778 ad
2233 2737 2568 2795 paganorum
2609 2722 2946 2793 polytheiam
2997 2722 3399 2784 dilaberentur,

1830 2815 1921 2885 qui
1953 2814 2140 2870 Jovem
2181 2829 2337 2870 suum
2379 2825 2586 2881 patrem
2632 2815 3020 2883 hominumque
3072 2814 3409 2882 deorumque

1827 2920 2027 2961 vocare
2048 2906 2252 2961 solent.
2288 2907 2556 2974 Quocirca
2594 2916 2658 2961 ιιι
2703 2921 2951 2962 errorem
2985 2906 3131 2962 hunc
3158 2906 3407 2961 elimina-

1828 3009 1913 3053 ret
1935 2997 2176 3055 Verbum
2207 2998 2337 3053 illud
2367 2999 2485 3064 Dei,
2525 3015 2689 3053 unum
2720 2999 2886 3053 Deum
2915 2997 3275 3068 praedicabat:
3297 3013 3411 3051 non.

1829 3099 2010 3146 tamen
2048 3092 2538 3161 negaviteumulem
2590 3106 2712 3147 esse
2753 3091 2969 3147 Patrem
3006 3105 3235 3145 :verum
3277 3103 3413 3143 vero

146 3188 291 3240 νείτο
322 3183 461 3240 εἶναι
505 3187 667 3241 αὐτὸν
693 3188 936 3260 Πατέρα.
964 3188 1030 3241 Ei
1064 3187 1123 3241 δὲ
1163 3166 1238 3259 (8)
1263 3188 1357 3241 καὶ
1378 3166 1602 3259 Κύριον,
1630 3166 1725 3239 uel

1831 3183 1997 3237 Deum
2028 3183 2181 3238 illum
2216 3186 2450 3240 adorare
2484 3185 2713 3250 docuit,
2775 3196 2831 3239 et
2858 3191 3055 3254 praeter
3087 3181 3235 3236 illum
3283 3181 3416 3234 nul-

144 3278 277 3333 Θεὸν
299 3278 480 3345 dimov,
518 3280 613 3334 καὶ
635 3280 861 3345 δίκαιον,
893 3280 989 3333 καὶ
1023 3280 1253 3351 Σωτῆρα
1292 3278 1578 3342 ἀπεκάλει,
1610 3276 1729 3331 ἀλλ’

144 3371 245 3425 οὐκ
277 3371 537 3425 ἀπέκλειε
564 3371 658 3425 τοῦ
701 3373 794 3425 καὶ
835 3370 1054 3443 Πατέρα
1088 3366 1227 3426 εἶναι
1272 3371 1433 3424 αὐτὸν
1474 3371 1732 3441 ἡγεῖσθαι

146 3460 239 3515 τοῦ
269 3463 595 3534 μονογενοῦς
621 3464 784 3517 αὑτοῦ
819 3463 914 3517 καὶ
945 3462 1231 3535 ἀγαπητοῦ
1261 3461 1415 3515 Υίοῦ.
1442 3463 1554 3515 Εἶτ’
1589 3457 1678 3515 οὖν
1698 3463 1725 3514 6

147 3553 338 3625 Πατὴρ
362 3553 534 3621 λέγων
561 3554 660 3607 εἴθ’
687 3555 715 3607 ὁ
738 3554 865 3618 Υίὸς
886 3554 946 3607 τὸ
981 3553 1118 3623 Ἐγώ
1138 3556 1254 3623 εἰμι
1280 3556 1312 3608 ὁ
1342 3552 1444 3618 ὢν,
1473 3552 1725 3624 άληθεύοι

144 3642 209 3695 ἂν
242 3644 520 3716 ἑκατέρως
542 3646 570 3697 6
598 3646 774 3715 λόγος,
809 3647 876 3699 Ὅ
905 3663 965 3699 τε
988 3646 1099 3718 γὰρ
1123 3646 1312 3716 Πατὴρ
1345 3649 1376 3699 ὀ
1405 3643 1489 3698 ὢν
1519 3645 1604 3716 εἴη
1636 3644 1723 3710 ἂν,

150 3737 310 3805 μόνος
337 3738 501 3802 αὐτὸς
536 3737 610 3791 ὣν
656 3738 748 3791 ἐπὶ
778 3738 1015 3805 πάντων,
1054 3739 1146 3792 καὶ
1173 3737 1261 3792 διὰ
1292 3738 1508 3792 πάντων
1543 3738 1636 3791 καὶ
1665 3739 1724 3792 ὲν

148 3830 283 3886 πᾶσι
317 3830 468 3895 Θεὸς,
501 3830 575 3894 ὡς
596 3834 623 3885 6
644 3831 783 3896 θεῖος
807 3832 1017 3897 ἐδίδαξε
1054 3830 1397 3895 Ἀπόστολος,
1430 3831 1459 3884 ὅ
1480 3848 1540 3884 τε
1570 3830 1719 3897 Υἱὸς,

146 3921 239 3974 καὶ
276 3920 437 3985 αὐτὸς
468 3922 820 3993 χρηματίζων
859 3925 891 3977 ό
912 3920 1015 3987 ὢν,
1043 3922 1294 3992 ἀληθεύω.
1325 3923 1411 3976 ἄν’
1459 3921 1621 3992 μόνος
1649 3920 1723 3974 ὢν

147 4009 298 4073 Υἱὸς,
330 4011 621 4083 μονογενὴς
643 4011 735 4066 τοῦ
765 4013 935 4076 ὄντος,
964 4012 1100 4066 ἀλλά
1128 4014 1220 4066 καὶ
1250 4011 1412 4066 εἰκὼν
1431 4011 1522 4065 τοῦ
1554 4013 1723 4084 ἀορά-

145 4116 239 4154 του
287 4101 422 4155 Θεοῦ
467 4104 754 4175 ὑπάρχων,
775 4104 886 4158 Καὶ
916 4103 1074 4157 τοῦτο
1113 4104 1195 4175 εἴη
1241 4102 1305 4157 ἂν
1342 4103 1415 4175 (9)
1451 4102 1616 4156 αὐτοῦ
1651 4102 1727 4154 εί-

146 4191 280 4258 κὼν,
325 4194 447 4247 καθ’
497 4194 526 4247 ὃ
570 4196 728 4266 μόνος
768 4191 836 4267 ἦν
888 4196 1050 4259 αὐτὸς
1092 4199 1125 4250 ὀ
1171 4196 1285 4250 (Iw-
1305 4196 1395 4249 Διὸ
1430 4195 1523 4249 καῖ
1561 4194 1723 4259 αὐτὸς

146 4286 477 4356 χρηματίζοι
504 4286 569 4340 ἂν
595 4290 628 4341 ὁ
654 4287 751 4350 ὢν,
774 4288 894 4341 ἐπεὶ
922 4289 1016 4342 καὶ
1033 4289 1164 4353 Θεὸς
1187 4290 1281 4343 καὶ
1296 4289 1500 4361 Κύριος
1526 4288 1725 4359 ὁμοίως

133 4376 226 4448 ’τῷ
257 4378 434 4450 Πατρὶ
464 4380 557 4432 κα)¹
585 4378 746 4443 αὐτὸς
772 4378 861 4433 διὰ
891 4379 1072 4451 πάσης
1088 4379 1461 4451 ἀνηγόρευται.
1478 4380 1581 4450 τῆς
1605 4379 1732 4432 θεο-

150 4470 415 4523 πνεύστου
448 4471 693 4542 Γραφῆς.

1828 3274 1936 3328 lum
1984 3275 2152 3330 alium
2204 3276 2457 3331 arbitrari
2512 3277 2678 3330 Deum
2727 3274 2964 3330 erudivit
2996 3290 3012 3328 :
3044 3275 3138 3329 sed
3185 3271 3409 3327 minime

1827 3369 2100 3424 inliciatur
2148 3368 2296 3422 illum
2343 3383 2467 3424 esse
2510 3366 2749 3434 Patrem,
2799 3373 2858 3431 >3
2912 3367 2958 3422 si
3006 3367 3290 3421 Dominum
3350 3371 3409 3418 et

1826 3462 1994 3518 Deum
2031 3460 2179 3515 illum
2204 3501 2220 3526 ,
2252 3471 2308 3514 et
2360 3461 2568 3527 justum
2613 3459 2913 3514 nominavit
2937 3467 2993 3514 et
3031 3458 3412 3522 Servatorem,

1825 3568 1930 3606 non
1961 3550 2196 3608 exclusit
2220 3566 2389 3606 euma
2416 3551 2574 3605 titulo
2605 3550 2806 3613 Patris,
2831 3560 3015 3604 tamen
3047 3557 3107 3603 ut
3135 3564 3240 3603 non
3262 3557 3407 3603 esset

1826 3645 1986 3700 Pater
2020 3646 2282 3716 unigeniti
2322 3653 2377 3700 et
2401 3644 2582 3699 dilecti
2610 3645 2691 3699 sui
2722 3643 2842 3698 Filii
2878 3662 2892 3698 :
2924 3644 3044 3697 sive
3072 3657 3200 3713 ergo
3218 3641 3401 3707 Pater,

1825 3751 1920 3792 seu
1970 3736 2141 3792 Filius
2170 3736 2301 3792 illud
2331 3738 2447 3802 ait,
2481 3735 2597 3805 Ego
2630 3751 2745 3789 sum
2775 3735 2867 3806 qui
2910 3750 3027 3788 sum
3068 3733 3135 3798 ‘3,
3179 3732 3409 3801 omnino

1824 3827 2166 3881 verissimum
2196 3836 2299 3891 est,
2328 3828 2473 3897 quod
2517 3828 2612 3881 abs
2659 3826 2866 3881 utrovis
2915 3825 3139 3881 dicitur.
3168 3821 3403 3877 Namlet

1825 3918 1990 3974 Pater
2022 3928 2106 3974 est
2132 3959 2149 3984 ,
2183 3920 2276 3990 qui
2317 3935 2438 3973 sum
2461 3959 2479 3985 ,
2512 3931 2636 3973 cum
2678 3918 2749 3973 sit
2792 3916 2940 3972 solus
2977 3930 3141 3985 super
3183 3913 3362 3970 omnia
3384 3954 3400 3980 ,

1824 4025 1922 4080 per
1965 4011 2145 4065 omnia
2173 4010 2311 4066 etin
2351 4008 2607 4064 omnibus
2656 4008 2833 4073 Deus,
2874 4007 3016 4077 quod
3065 4022 3164 4061 nos
3189 4006 3414 4061 divinus

1826 4103 2008 4158 docuit
2036 4102 2344 4174 Apostolus.
2384 4100 2491 4156 Sed
2518 4111 2573 4156 et
2606 4100 2780 4156 Filius
2808 4102 2853 4157 si
2893 4100 3106 4156 dicatur
3131 4102 3221 4170 qui
3246 4115 3362 4154 sum
3383 4137 3409 4163 ,

1824 4207 1954 4248 vere
1999 4192 2077 4248 sic
2111 4193 2349 4247 dicitur:
2380 4205 2507 4246 cum
2536 4189 2687 4245 solus
2721 4190 2796 4244 sit
2821 4188 2997 4244 Filius
3030 4188 3123 4243 Dei
3156 4188 3406 4258 unigeni-

1828 4294 1914 4340 tus
1952 4282 2071 4356 eius
2094 4323 2109 4348 ,
2141 4284 2232 4353 qui
2275 4293 2373 4349 est,
2419 4297 2541 4337 cum
2571 4281 2643 4337 sit
2685 4282 2861 4353 imago
2898 4280 2997 4335 Dei
3025 4280 3301 4334 invisibilis
3331 4277 3418 4344 ”,.

1826 4389 1882 4433 et
1922 4391 1990 4432 eo
2021 4376 2137 4445 ipso
2181 4374 2252 4430 sit
2283 4375 2467 4445 imago
2487 4372 2640 4441 ejus.
2680 4374 2822 4443 quod
2854 4376 3004 4427 solus
3030 4372 3146 4442 ipse
3180 4372 3249 4426 sit
3314 4372 3419 4439 qui:

1827 4466 2205 4536 est.,Adeoque
2236 4476 2462 4521 vocetur
2495 4474 2551 4521 et
2608 4465 2698 4519 ille
2741 4465 2831 4534 qui
2858 4473 2968 4531 eu,
2998 4479 3121 4519 cum
3169 4472 3223 4517 et
3262 4462 3421 4517 Deus-

150 4562 223 4615 sit
245 4573 301 4616 et
330 4563 585 4621 Dominus
608 4565 859 4622 similiter
886 4574 1058 4637 atque
1082 4565 1245 4622 Pater
1269 4573 1352 4622 est
1371 4574 1427 4622 et
1457 4564 1719 4621 Dominus
1758 4578 1824 4620 ac
1883 4563 2026 4620 Deus
2054 4581 2083 4618 ε⁵
2103 4562 2373 4634 quomodo
2396 4577 2495 4633 per
2553 4559 2869 4631 Seripturas
2897 4559 3177 4615 universas
3194 4573 3419 4613 annuum

149 4656 335 4711 tiatur.

768 4754 924 4808 ΚΕΦ.
957 4755 1090 4808 KA'.

152 4838 272 4892 Ὀτι
296 4842 330 4895 ό
365 4839 494 4915 Flor
514 4837 593 4905 ἦν
613 4843 717 4898 τοῦ
747 4845 913 4909 Θεοῦ,
947 4847 979 4898 ὁ
1012 4844 1216 4899 Μωσεῖ
1233 4843 1332 4898 καὶ
1360 4842 1443 4911 τῷ
1482 4843 1726 4913 Ἀϐραὰμ

742 4916 1133 4984 χρηματίσας.

220 5002 390 5056 Τοῦτο
407 5004 461 5056 δέ
483 5005 598 5058 ἐστι
626 5005 720 5059 καὶ
747 5009 810 5059 ὲκ
845 5004 938 5060 τοῦ
975 5008 1108 5078 πρὸς
1141 5006 1232 5061 τὸν
1268 5006 1473 5061 Μωσέα
1502 5023 1606 5079 χρη
1617 5023 1723 5076 μα-

147 5094 343 5164 τισμοῦ
373 5095 572 5163 γνῶναι
598 5114 612 5128 ·
644 5097 791 5166 λέγει
823 5098 867 5151 δ’
888 5093 982 5151 οὖν
1014 5101 1048 5170 ὴ
1087 5099 1298 5171 Γραφή·
1334 5097 1630 5166 Ἐλάλησε
1655 5095 1725 5149 δὲ

148 5189 182 5239 ὀ
212 5185 357 5251 Θεὸς
387 5187 535 5256 πρὸς
573 5189 819 5258 Μωσῆν,
881 5190 978 5245 καὶ
1012 5187 1144 5245 εἷπε
1169 5191 1319 5260 πρὸς
1354 5191 1542 5246 αὐτόν
1587 5188 1606 5241 (
1614 5190 1727 5256 10)’

2446 4740 2600 4796 CAP.
2639 4739 2784 4795 XXI.

1918 4835 2073 4903 Quod
2104 4832 2280 4888 Filius
2315 4833 2359 4885 is
2384 4831 2477 4903 Dei
2498 4833 2698 4903 fuerat,
2725 4831 2813 4903 qui
2842 4846 2959 4884 cum
2982 4827 3129 4884 Moss
3157 4836 3323 4899 atque

2289 4902 2586 4956 Abraltamo
2615 4901 2946 4971 loquebatur.

1898 4995 2164 5068 Cognosci
2193 5001 2373 5063 potest
2411 4993 2542 5047 illud
2588 5008 2655 5046 ex
2723 4992 2813 5045 illa
2848 5008 2969 5045 cum
3000 4989 3149 5045 Mose
3168 4987 3415 5043 cbllocuc

1830 5092 1997 5146 tione.
2032 5089 2125 5143 Ait
2166 5087 2311 5142 enim
2349 5085 2630 5154 Scriptura
2661 5103 2675 5139 :
2713 5084 2781 5137 Et
2824 5083 3033 5138 locutus
3061 5090 3137 5136 est
3170 5079 3305 5135 Deus
3335 5078 3414 5131 ad

1831 5183 2054 5246 Mosem,
2087 5188 2136 5235 et
2172 5179 2304 5233 dixit
2340 5177 2421 5232 illi
2475 5193 2493 5231 :
2535 5176 2647 5248 Ego
2684 5175 2979 5242 Dominus,
3010 5183 3059 5229 et
3087 5175 3229 5228 visus
3265 5188 3415 5237 sum,

224 5376 284 5434 ὥ
317 5368 418 5424 Ed.
450 5369 655 5439 Paris.,
686 5386 808 5443 pag.
839 5373 963 5430 157.
1037 5371 1091 5403 ⁸³(
1108 5370 1305 5441 Ephes.
1331 5384 1415 5435 ιιι,
1452 5366 1649 5434 18,19.
1724 5366 1728 5392 ¹

1831 5377 1938 5419 .uc.
1966 5375 2085 5427 vm,
2125 5358 2213 5415 l0.
2289 5356 2336 5391 “
2360 5356 2537 5413 Exod.
2567 5372 2648 5423 ιιι,
2682 5355 2770 5411 14.
2848 5354 2897 5387 ⁸⁸
2923 5352 3132 5410 Coloss.
3164 5365 3203 5407 ι.
3241 5351 3345 5406 15..

224 5592 304 5665 (6)
340 5592 651 5665 ζνώσεως.
681 5592 842 5649 Deest
873 5588 1093 5665 Χριστῷ
1122 5548 1217 5665 aut
1245 5590 1383 5661 Θεῷ.
1423 5589 1493 5646 Μ.

226 5660 303 5732 (7)
343 5663 513 5731 Vulgo
539 5663 628 5727 τίς
661 5678 783 5719 mox
828 5660 988 5732 vulgo
1018 5660 1438 5718 ἀνεπλάσσοντο.

226 5734 303 5805 (δ)
334 5734 503 5804 Vulgo
526 5734 613 5805 δή.

1921 5584 1976 5657 9)
1996 5584 2107 5657 καὶ
2136 5581 2326 5657 λτοῦςο-
2343 5576 2738 5657 εἴη-ἀνηίιεςζθ
2769 5577 2864 5633 καὶ
2893 5574 3088 5648 τούτῳ.
3129 5570 3217 5629 Μ,

1921 5586 1976 5657 9)
1996 5586 2107 5640 Καὶ
2141 5586 2315 5637 τοῦτο
2343 5586 2436 5648 εἴη
2477 5586 2572 5632 ἄν.
2596 5586 2630 5631 L

1900 5586 2015 5730 ξω)
2052 5655 2218 5725 Vulgo
2249 5648 2468 5726 ἱλέγων]
2500 5647 2630 5719 ἐγώ.
