3828 6222
460 374 575 433 955

1133 362 1402 422 EUSEBll
1441 354 1918 417 CESARIENSIS
1953 348 2030 408 01³

2145 348 2326 406 cans
2366 347 2457 405 1v;
2498 377 2567 388 —
2604 307 3047 401 DOGMATICA..

3593 329 3713 388 956.

463 493 752 549 Abraham.
779 495 829 542 et
854 485 1034 549 Isaac,
1057 493 1107 538 et
1132 483 1297 538 Jacob
1319 482 1387 534 ι’.
1432 478 1590 534 Vides
1614 487 1674 531 ut
1700 491 1759 531 se
1792 471 2027 528 allii-mat

2138 465 2193 517 Ἐ
2197 463 2280 533 τὼ
2306 463 2537 532 Κύριος,
2551 459 2649 514 καὶ
2671 457 2878 549 ὧφθηις
2888 453 3005 549 (1A1).
3019 448 3169 549 node
3181 443 3697 549 fl.ﬁc

460 584 709 656 patribus
775 578 1114 650 apparuisse.
1181 574 1408 642 Quando
1472 582 1648 624 autem
1719 564 2030 656 apparuerit

460 654 750 744 Scriptura
790 671 980 734 docet,
1011 667 1297 736 inquiens,
1332 660 1591 732 Apparuit
1622 658 1764 711 Deus
1802 654 2030 710 Abralue

452 766 531 823 ad
558 780 808 835 quercum
838 759 1077 816 Mambre
1099 798 1116 824 ,
1143 758 1267 811 dum
1308 756 1511 809 sederet
1538 753 1608 805 ad
1641 752 1833 805 ostium
1860 747 2032 804 taber-

667 856 752 910 sui
781 853 853 908 “.
883 852 1000 919 Qua
1031 818 1210 906 autem
1252 848 1449 917 ﬁgura,
1475 847 1578 899 nisi
1613 845 1848 901 humana
1875 856 2030 911 appa-

2136 840 2259 892 ριος
2281 826 2313 878 ὁ
2336 821 2481 887 Θεὸς
2508 818 2587 887 τῷ
2623 820 2745 885 Ἀϐρ

459 948 611 1003 ruit?
651 947 785 1014 Quis
815 955 996 1001 autem
1035 942 1129 998 ille
1160 951 1344 1005 esset,
1391 940 1495 993 nisi
1526 937 1692 992 Filius
1720 936 1853 1000 Dei,
1881 946 1939 989 ut
1972 935 2028 988 in

461 1038 756 1110 Evangelio
783 1038 900 1108 ipse
926 1036 1086 1091 docet
1134 1033 1350 1089 Iudaeos
1401 1031 1712 1099 alloquens,
1763 1029 2029 1082 Abraham

464 1130 629 1186 Pater
657 1139 823 1186 vester
849 1127 1133 1182 exsultavit
1165 1136 1223 1179 ut
1265 1123 1462 1179 videret
1501 1125 1640 1176 diem
1660 1134 1869 1176 meum:
1902 1122 2031 1175 vidit

460 1233 663 1287 autem,
696 1231 744 1276 et
768 1220 982 1291 gavisus
1009 1228 1085 1273 est
1112 1216 1157 1248 ‘7
1189 1234 1204 1270 :
1240 1216 1486 1270 attonitis
1511 1225 1692 1268 autem
1721 1215 1788 1268 ad
1826 1226 2032 1267 sermo-

464 1329 591 1370 nem
641 1311 751 1367 illis
798 1309 997 1379 adjecit
1025 1349 1052 1375 ,,
1078 1306 1396 1378 Priusquam
1441 1306 1709 1360 Abraham
1748 1313 1902 1371 esset,
1942 1320 2033 1374 ego

460 1397 670 1463 sum“.
721 1403 823 1461 Ubi
852 1418 1005 1458 suam
1053 1401 1414 1471 liquidissimo
1441 1400 1894 1470 praeexistentiam
1939 1397 2036 1452 do-

464 1509 571 1556 cet.
599 1498 741 1565 Quid
797 1497 941 1552 enim
976 1494 1124 1548 aliud
1173 1493 1446 1548 intimavit
1494 1491 1583 1545 illa
1612 1490 1819 1555 dictio,
1872 1505 2033 1559 quam

467 1592 611 1660 quod
647 1590 878 1659 ipsemet
902 1587 1075 1643 Filins
1094 1588 1184 1641 Dei
1211 1587 1409 1649 fuerat,
1429 1590 1661 1656 quicum
1693 1584 2037 1653 Moseloque-

462 1685 622 1737 batur
641 1689 698 1736 et
724 1680 957 1743 dicebat,
994 1675 1107 1747 Ego
1131 1693 1270 1741 sum,
1298 1676 1393 1745 qui
1421 1692 1536 1729 sum
1562 1677 1588 1731 ?
1615 1675 1747 1730 Nam
1795 1689 1856 1730 se
1908 1673 2034 1742 qui-

462 1777 584 1831 dem
611 1776 920 1831 Abraliamo
950 1774 1121 1828 visum
1181 1771 1431 1827 aﬂirmat.
1464 1769 1584 1826 Jam
1634 1772 1867 1841 qualiter
1912 1780 2034 1826 erat
2061 1811 2106 1867 Β

464 1869 569 1935 Qui
593 1879 691 1934 est,
720 1877 1002 1923 ostensum
1030 1874 1133 1920 est.
1162 1864 1267 1920 Sed
1296 1875 1348 1918 et
1382 1878 1609 1932 magnus
1636 1863 1727 1918 ille
1756 1861 2032 1933 apostolus

462 1960 703 2021 Paulus.
747 1959 992 2030 agnoscit
1046 1956 1240 2012 Filium
1296 1957 1389 2010 Dei
1443 1955 1643 2009 factum
1676 1955 2031 2010 mediatorem

460 2052 597 2123 legis
625 2068 722 2123 per
749 2051 948 2107 Mosem
976 2051 1133 2114 datm,
1171 2050 1224 2103 in
1257 2047 1453 2119 quibus
1487 2047 1748 2117 loquitur,
1775 2046 1887 2101 Lex
1922 2058 2035 2101 tra-

460 2145 574 2199 dita
598 2162 689 2214 per
710 2145 921 2215 angelos
952 2145 1010 2197 iu
1061 2160 1223 2196 manu
1255 2142 1584 2196 mediatoris.
1619 2142 1744 2196 Jam
1775 2143 2034 2197 mediator

460 2237 620 2293 unius
652 2254 753 2291 non
775 2246 874 2301 est,
904 2235 1041 2289 Deus
1067 2244 1243 2288 autem
1264 2250 1400 2288 unus
1428 2245 1503 2289 est
1530 2235 1598 2289 δ’.
1635 2240 1693 2298 ὦ
1721 2233 1797 2289 lta
1826 2234 2031 2289 media-

460 2342 548 2388 tor
571 2341 709 2401 erat,
727 2332 819 2404 qui
849 2332 1257 2402 colloqnebatur
1279 2330 1434 2395 Mosi,
1459 2330 1623 2384 etiam
1655 2338 1782 2383 ante
1813 2341 2030 2383 carnem

458 2434 816 2493 assumptam,
849 2424 1116 2478 mediator
1139 2423 1391 2478 humana:
1413 2422 1623 2477 salutis.
1674 2419 1829 2476 Hunc
1864 2421 2033 2476 fuisse

459 2532 625 2587 porro
672 2515 856 2573 Jesum
891 2516 1165 2573 Christum
1203 2517 1395 2571 statuit
1418 2516 1712 2587 Apostolus
1738 2515 2028 2584 inquiens,

463 2604 614 2661 Unus
647 2606 828 2675 Deus,
877 2624 1013 2662 unus
1063 2608 1327 2661 mediator
1373 2606 1467 2662 Dei
1514 2616 1671 2672 atque
1718 2604 2029 2668 hominum,

459 2699 614 2753 homo
639 2698 797 2754 Iesus
827 2698 1069 2754 Christus
1099 2700 1168 2753 ”.
1198 2697 1337 2754 Hinc
1371 2698 1537 2769 igitur
1573 2696 1934 2768 personaliter
1962 2695 2030 2749 de

469 2792 770 2849 se-locutus
813 2805 897 2849 est
935 2794 1075 2862 apud
1111 2793 1336 2858 Mosem,
1374 2792 1485 2863 Ego
1506 2808 1622 2846 sum
1653 2792 1720 2858 ",
1761 2794 1877 2848 sive
1928 2790 2029 2845 fuit

456 2881 644 2949 Pater,
677 2885 768 2954 qui
823 2900 921 2955 per
956 2901 1078 2941 eum
1127 2887 1268 2941 hanc
1296 2884 1480 2941 emisit
1506 2898 1695 2938 vocem
1749 2901 1763 2938 :
1821 2884 2029 2938 utrovis

460 2974 621 3030 modo
673 2990 758 3030 res
794 2985 878 3031 est
918 2990 1040 3029 cum
1070 2976 1300 3031 veritate
1353 2976 1664 3046 conjuncta.
1721 2972 1799 3030 Ne
1826 2974 2030 3031 haereat

460 3076 592 3132 ergo
629 3064 805 3119 adhuc
827 3062 1112 3119 Marcellus
1140 3103 1158 3129 ,
1202 3062 1559 3119 inextricabili
1589 3078 1738 3130 usus,
1768 3063 2029 3133 quemad-

459 3153 681 3208 modum
712 3153 829 3223 ipse
851 3164 1021 3221 retur,
1058 3154 1369 3226 syllogismo
1408 3155 1499 3210 ubi
1529 3154 1720 3210 scribit
1753 3154 1843 3226 [Β.
1869 3152 2025 3211 LVIII
2051 3162 2097 3221 ε
2134 3188 2283 3242 θεύοτ

461 3244 588 3301 οοΙΙ.
618 3262 671 3316 p.
705 3246 810 3301 150
833 3244 900 3317 D]
931 3264 944 3299 :
978 3245 1306 3313 «Quemnam
1328 3245 1439 3314 jam
1453 3246 1730 3302 existimat
1758 3262 1878 3304 esse
1907 3264 2031 3304 eum

466 3354 488 3389 ι
525 3336 791 3400 Asterius,
820 3337 911 3406 qui
933 3336 1087 3401 dixit,
1117 3336 1229 3407 Ego
1258 3354 1374 3392 sum
1401 3338 1428 3393 ?
1470 3337 1742 3396 Filiumne
1765 3383 1781 3407 ,
1831 3357 1899 3396 an
1928 3340 2033 3395 Pa-

465 3446 486 3481 (
525 3429 714 3484 trem?
764 3429 1006 3484 inferens
1040 3429 1234 3484 deinde
1280 3446 1295 3484 :
1352 3431 1412 3487 Si
1451 3431 1670 3501 quidem
1713 3431 1878 3488 Pater
1912 3442 2033 3488 erat

465 3538 486 3572 ι
522 3519 612 3588 qui
641 3519 722 3575 sic
749 3519 1047 3590 inquiebat,
1081 3522 1194 3589 Ego
1222 3537 1375 3586 sum,
1429 3532 1540 3576 tum
1592 3537 1697 3578 non
1734 3532 1819 3578 est
1862 3523 2032 3579 Filius

463 3631 485 3664 ι
530 3612 691 3676 Deus,
726 3610 871 3681 quod
901 3626 969 3666 ex
997 3612 1244 3682 ορμοείιο
1267 3650 1284 3676 ,
1313 3610 1435 3667 Non
1463 3614 1760 3668 exsistemis
1785 3652 1802 3678 ,
1861 3615 1929 3670 de
1973 3628 2033 3668 se

465 3722 486 3755 ι
527 3703 682 3770 dixit,
720 3701 832 3774 Ego
858 3720 998 3758 sum.
1049 3702 1107 3757 Si
1156 3702 1353 3758 Filiqu
1385 3704 1662 3776 bypostasi
1693 3704 2031 3761 dill‘erentem

465 3815 487 3848 ε
525 3801 628 3855 hoc
651 3800 825 3868 ipsum
845 3799 1135 3869 protulisse
1162 3799 1329 3862 dicat,
1363 3796 1476 3868 Ego
1506 3814 1648 3864 sum,
1680 3799 1821 3853 idem
1843 3812 2033 3854 rursus

465 3913 484 3946 ι
526 3893 598 3950 de
656 3893 819 3954 Patre
885 3911 1180 3964 usurpasse
1256 3895 1682 3950 existimabitur.
1743 3913 1764 3946 ι
1826 3893 2030 3949 Horum

460 3985 780 4054 utrumlibet
810 3985 958 4040 dicat
980 3987 1204 4057 impium
1230 3994 1317 4040 est
1350 4004 1365 4040 :
1399 3997 1452 4041 et
1490 3995 1671 4040 tamen
1703 3986 1819 4041 haec
1847 3986 1921 4041 ita
1940 3987 2032 4042 ubi

460 4085 767 4141 statuerat,
816 4076 1136 4132 alterutrum
1187 4078 1305 4147 ipse
1366 4078 1417 4132 in
1470 4078 1762 4134 absurdum
1818 4080 2028 4149 incidit,

457 4181 632 4221 unum
675 4167 801 4222 dum
825 4169 1015 4223 statuit
1046 4182 1167 4224 esse
1195 4183 1320 4224 eum
1377 4170 1483 4236 Qui
1509 4181 1612 4237 est,
1649 4170 1879 4226 alterum
1917 4186 2034 4242 per-

460 4273 688 4329 negans.
715 4258 884 4326 Quem
927 4274 1057 4316 vero
1102 4262 1364 4316 tandem?
1418 4261 1560 4319 forte
1598 4264 1715 4334 ipse
1762 4265 1931 4318 novit.
1971 4264 2031 4320 Si

457 4350 676 4408 Patrem
724 4352 997 4417 admittat,
1057 4352 1277 4422 negabit
1307 4352 1503 4408 Filiqu
1564 4372 1578 4408 :
1643 4365 1738 4410 aut
1772 4354 1909 4411 Filio
1936 4357 2032 4410 ad-

457 4444 665 4511 misso,
706 4443 1031 4499 annibilabit
1079 4443 1320 4507 Patrem.
1359 4444 1455 4500 Vel
1497 4447 1675 4515 potius
1714 4461 1892 4516 neque
1924 4446 2029 4503 Pa-

460 4549 597 4594 trem
633 4538 876 4608 posuisse
908 4552 1084 4607 neque
1108 4536 1305 4592 Filium
1330 4537 1697 4603 convincatur,
1720 4554 1841 4594 cum
1860 4554 2028 4596 unum

456 4629 631 4684 solum
653 4630 924 4696 admittat,
959 4629 1190 4684 alterum
1219 4638 1491 4685 amoveat.
1536 4628 1827 4701 Utcunque
1858 4633 2027 4687 Deum

454 4723 639 4776 audiat
660 4721 952 4784 dicentem,
976 4720 1089 4789 Ego
1110 4719 1367 4775 Dominus
1405 4721 1544 4775 Deus
1579 4732 1721 4789 tuus,
1747 4725 1841 4794 qui
1866 4725 2027 4780 eduxi

453 4824 506 4870 te
541 4815 607 4868 de
653 4825 794 4868 terra
823 4811 1074 4884 ngypti,
1105 4814 1171 4869 de
1205 4815 1359 4870 domo
1399 4816 1706 4882 servitutis,
1734 4834 1838 4871 non
1874 4826 2028 4873 erunt

452 4908 549 4964 tibi
580 4909 656 4962 dii
673 4908 770 4962 atii
798 4923 980 4962 coram
1010 4924 1093 4962 me
1110 4908 1157 4940 ⁸²
1189 4925 1203 4961 :
1230 4922 1299 4963 ne
1320 4907 1699 4977 eonturbetur,
1718 4926 1817 4968 nec
1844 4922 2025 4970 mente

521 5105 579 5164 ᾗ
613 5100 708 5155 Ed.
745 5101 940 5162 Paris”
968 5117 1091 5171 pag.
1124 5103 1247 5159 158.
1323 5104 1368 5137 ⁸⁸
1393 5104 1562 5159 Exod.
1600 5119 1675 5171 ri,
1697 5105 1752 5169 2,
1779 5107 1834 5161 5.

2146 530 2344 608 Ἰσαὰκ
2367 530 2466 604 νέαι
2482 548 2633 618 πρὸς
2668 544 2896 607 Ἰακὼϐ,
2917 539 3048 602 Θεὸς
3075 536 3149 591 ὣν
3171 533 3347 590 αὐτῶν
3372 530 3505 603 (is).
3544 531 3697 601 Ὁρᾷς

2132 644 2281 706 ὅπως
2308 636 2487 710 ὦφθαι
2510 637 2699 694 ἑαυτὸν
2718 638 2828 699 τοῖς
2849 631 3114 704 πατράσιν
3136 628 3265 701 ἔφη.
3287 625 3424 677 Πότε
3444 622 3503 676 δὲ
3526 620 3698 691 ὤφθη,

2134 731 2294 786 πάλιν
2314 733 2347 803 ή
2365 730 2555 804 Γραφὴ
2578 728 2844 800 μαρτυρεῖ
2868 723 3097 793 λέγουσα
3118 737 3133 750 ο
3164 719 3350 786 Ὠφθη
3378 714 3435 767 δὲ
3455 712 3567 783 (13)
3589 712 3699 804 Kli-

2748 815 2889 886 αὰμ,
2912 813 3060 882 πρὸς
3084 810 3159 880 τῇ
3180 807 3321 877 ’δρυῒ
3333 805 3410 874 τῇ
3433 800 3705 872 Μαμϐρῆ,

2135 914 2479 983 καθημένου
2523 908 2715 965 αὐτοῦ
2738 906 2888 978 πρὸς
2913 903 2988 973 τῇ
3002 904 3177 971 θύρᾳ.
3204 897 3329 961 Πῶς
3350 896 3410 949 δὲ
3435 894 3592 966 ὤφθη
3613 892 3701 983 6).-

2132 1004 2238 1069 λως
2259 981 2300 1075 ἢή
2323 1003 2433 1075 (14)
2468 1006 2525 1058 έν
2548 1004 2787 1075 σχήματι
2821 995 3175 1070 ἀνθρωπίνῳ;
3218 989 3339 1044 τίνα
3360 987 3419 1042 δὲ
3440 986 3554 1059 (15)
3603 981 3705 1075 χρὴ

2134 1094 2407 1149 πιστεύειν
2431 1090 2570 1148 εἶναι
2594 1090 2802 1155 τοῦτον,
2828 1087 2974 1160 ῆτὸν
3004 1084 3130 1138 Υἰδν
3147 1081 3239 1136 τοῦ
3264 1078 3423 1143 Θεοῦ,
3450 1077 3481 1131 ὃ
3515 1077 3579 1145 δὴ
3610 1074 3704 1128 καὶ

2135 1187 2296 1253 αὐτὸς
2317 1188 2374 1241 ὲν
2396 1182 2759 1253 Εὐαγγελίοιςν
2777 1178 3014 1252 παρίστη
3047 1174 3218 1241 λέγων
3247 1170 3385 1241 πρὸς
3409 1169 3537 1231 τοὺς
3574 1166 3705 1219 Ἰου-

2132 1280 2317 1342 δαίους
2335 1296 2350 1310 ο
2391 1276 2640 1347 Ἀϐραὰμ
2674 1278 2707 1329 ό
2736 1271 2931 1340 πατὴρ
2958 1266 3124 1338 ὑμῶν
3150 1260 3585 1333 ἠγαλλιάσατο,
3608 1259 3710 1311 ἵνα

2137 1369 2233 1437 ἴδῃ
2255 1367 2370 1437 τὴν
2394 1365 2623 1437 ἡμέραν
2642 1362 2754 1436 (16)
2781 1361 2895 1430 τὴν
2922 1357 3096 1429 ἐμὴν,
3114 1355 3211 1410 καὶ
3229 1350 3477 1408 εῖδεικαὶ
3497 1347 3707 1419 ἐχάρη.

2136 1458 2261 1512 Ὅτι
2289 1458 2387 1515 καὶ
2409 1456 2808 1528 θαυμασάντων
2853 1452 2945 1505 ἐπὶ
2987 1447 3065 1519 τῷ
3088 1446 3252 1516 λόγῳ,
3288 1440 3596 1515 προσέθηκε
3626 1438 3708 1502 τὸ,

2134 1548 2287 1617 Πρὶν
2332 1549 2589 1618 Ἀϐραὰμ
2618 1543 2895 1618 γενέσθαι
2948 1535 3064 1609 ἐγώ
3113 1538 3252 1605 ειμι,
3286 1534 3387 1604 τὴν
3418 1532 3711 1604 προϋπαρ-

2138 1638 2218 1705 ξιν
2251 1638 2450 1693 ἑαυτοῦ
2484 1636 2757 1710 παριστὰς
2786 1633 3104 1688 λευκότατα.
3152 1626 3217 1680 Τί
3247 1625 3311 1696 δὴ
3335 1619 3428 1678 οὖν
3454 1622 3712 1693 συνίστη-

2138 1744 2222 1785 σιν
2257 1733 2285 1786 6
2317 1731 2473 1800 λόγος
2496 1728 2632 1800 (17),
2666 1728 2701 1799 ἢ
2747 1725 2907 1781 αὐτὸν
2956 1718 3229 1777 εἶναι-τὸν
3250 1715 3381 1771 Υίὸν
3417 1714 3514 1770 τοῦ
3549 1713 3712 1779 Θεοῦ,

2131 1823 2224 1877 τὸν
2255 1821 2668 1894 χρηματίσαντα
2695 1817 2774 1889 τῷ
2795 1818 3001 1880 Μωσεῖ,
3032 1812 3137 1867 καί
3156 1810 3430 1882 εἰρηκότα,
3464 1804 3607 1877 Ἐγώ
3632 1808 3716 1859 el—

2127 1932 2195 1984 μι
2228 1919 2261 1969 ό
2291 1913 2412 1978 dir;
2442 1912 2603 1976 αὐτὸς
2633 1910 2742 1982 γὰρ
2768 1908 2847 1980 τῷ
2883 1904 3133 1978 Ἀϐραὰμ
3172 1894 3357 1968 ὦφθαι-
3379 1898 3571 1953 ὲαυτὺν
3602 1896 3714 1951 ὲδί-

2130 2007 2304 2073 δαξεν.
2361 2005 2552 2068 Ὅπως
2607 2002 2665 2055 δὲ
2717 1997 2785 2073 ἦν
2838 1999 3001 2063 αὐτὸς
3041 2002 3074 2053 ὁ
3109 1997 3195 2052 ὢν
3239 1996 3472 2068 εἴρηται.
3527 1991 3640 2044 Καὶ
3683 1991 3714 2042 6

2135 2097 2308 2170 μέγας
2352 2096 2411 2150 δὲ
2463 2092 2764 2157 ἀπόστολος
2812 2090 3025 2155 Παῦλος
3044 2084 3153 2143 οἶδε
3188 2090 3279 2143 τὸν
3296 2087 3424 2141 Υἱδν
3450 2083 3546 2138 τοῦ
3574 2080 3712 2170 Θεοῦ

2135 2169 2360 2263 μεσίτην
2384 2186 2674 2257 γενόμενον
2693 2184 2793 2254 τῆς
2815 2182 2903 2237 διά
2927 2182 3171 2246 Μωσέως
3189 2176 3531 2252 νομοθεσίας,
3554 2177 3614 2229 ὲν
3632 2169 3715 2238 οἷς

2130 2281 2370 2336 διδάσκει
2390 2275 2582 2346 λέγων,
2619 2273 2681 2327 '0
2714 2273 2898 2343 νόμος
2922 2270 3219 2341 διαταγεὶς
3247 2268 3322 2325 δι’
3347 2267 3620 2339 ἀγγέλων
3647 2265 3718 2319 ἐν

2130 2371 2281 2442 χειρὶ
2325 2367 2576 2439 μεσίτου
2594 2383 2607 2397 °
2635 2367 2669 2420 ό
2696 2363 2766 2418 δὲ
2787 2363 3041 2434 μεσίτης
3070 2361 3210 2428 ἑνός
3230 2362 3342 2416 οὐκ
3381 2359 3555 2442 ἐστινὴ
3576 2354 3737 2427 (18)..

2131 2441 2339 2515 Οὐκοῦν
2367 2459 2397 2511 6
2437 2454 2785 2530 χρηματίσας
2829 2452 2910 2525 τῷ
2950 2453 3139 2507 Minos!
3180 2452 3211 2504 6
3258 2448 3489 2521 μεσίτης
3519 2441 3613 2519 ἦν,
3656 2444 3719 2509 ἐξ

2131 2551 2339 2605 ἐκείνου
2361 2547 2660 2620 μεσιτεύων
2686 2549 2754 2618 τῇ
2774 2545 2884 2598 τῶν
2910 2541 3212 2615 ἀνθρώπων
3240 2538 3507 2611 σωτηρίᾳ,
3530 2537 3665 2609 πρὶν
3680 2536 3716 2608 ἢ

2128 2641 2226 2713 τὴν
2256 2641 2433 2712 σάρκα
2461 2638 2772 2694 ἀναλαϐεῖν.
2798 2635 2999 2690 Τοῦτον
3019 2634 3076 2688 δὲ
3092 2629 3231 2688 εἶναι
3258 2625 3466 2702 Ἰησοῦν
3481 2626 3720 2700 Χριστὸν

2127 2736 2156 2788 ὁ
2184 2733 2346 2797 αὐτὸς
2383 2730 2703 2793 Ἀπόστολος
2732 2729 3044 2801 παρέστησε
3059 2725 3257 2797 φήσας,
3299 2717 3406 2789 Εἷς
3437 2720 3609 2787 Θεὸς,
3631 2714 3720 2785 εις

2128 2826 2227 2881 καὶ
2241 2824 2496 2895 μεσίτης
2515 2822 2664 2878 Θεοῦ
2689 2822 2787 2876 καὶ
2801 2817 3145 2887 ἀνθρώπων,
3158 2817 3471 2885 ἄνθρωπος
3483 2811 3721 2881 Ἰησοῦς

2126 2915 2397 2984 Χριστός.
2423 2912 2537 2966 Εἶτ’
2587 2906 2682 2966 οὖν
2735 2911 2794 2978 ἐξ
2840 2908 3004 2965 αὐτοῦ
3035 2905 3325 2981 προσώπου
3361 2904 3583 2972 λέγοιτο
3617 2919 3722 2956 ται-

2129 3007 2199 3079 ρά
2218 3007 2423 3071 Μωσεϊ,
2446 3003 2509 3059 τὸ
2546 3001 2692 3073 Ἐγώ
2726 3005 2843 3073 εἰμι
2878 3005 2911 3057 ό
2946 3000 3053 3069 ὢν,
3081 2999 3180 3054 εἷθ’
3209 2999 3238 3051 ὁ
3266 2993 3454 3066 Πατὴρ
3476 2989 3572 3066 ἦν,
3601 2996 3632 3049 6
3652 2994 3719 3050 δι’

2126 3096 2291 3151 αὐτοῦ
2318 3096 2521 3168 ταύτην
2549 3093 2871 3166 προϊέμενος
2901 3092 3003 3164 τὴν
3035 3090 3239 3161 φωνὴν,
3276 3090 3559 3160 ἑκατέρως
3588 3087 3719 3158 ἀλη-

2332 3187 2405 3241 ἀν
2432 3187 2463 3239 ό
2496 3185 2673 3254 λόγος.
2728 3183 2821 3255 Μὴ
2860 3183 2926 3253 δὴ
2962 3177 3056 3236 οὖν
3092 3181 3367 3250 ἀπορείτω
3395 3179 3718 3253 Μάρκελλος

2136 3277 2479 3350 συλλογισμῷ
2521 3275 2823 3349 χρώμενος,
2878 3274 2955 3337 ὡς
3010 3272 3202 3338 οἴεται,
3256 3272 3510 3343 ἀφύκτῳ,
3562 3270 3631 3323 δι’
3657 3261 3718 3322 οὗ

2132 3388 2288 3441 φησι,
2311 3390 2328 3421 ι
2353 3370 2487 3424 Τίνα
2503 3368 2680 3422 τοίνυν
2699 3365 2790 3419 τὸν
2819 3364 2958 3434 Ἐγώ
2977 3365 3095 3433 εἰμι
3120 3367 3154 3418 o'
3174 3363 3260 3416 ὢν
3277 3364 3506 3433 λέγοντα
3532 3360 3718 3415 ’Δστέ-

2138 3481 2157 3513 ι
2197 3477 2307 3531 ριος
2333 3455 2471 3513 εἶναι
2496 3458 2665 3511 οῐεται
2689 3473 2703 3522 ;
2729 3454 2820 3508 τὸν
2846 3452 2976 3507 Υίὺν
3005 3453 3039 3525 ἢ
3066 3453 3160 3507 τὸν
3189 3454 3440 3525 Πατέρα;
3467 3446 3571 3505 εἷθ’
3592 3449 3718 3520 ἑξῆς

2138 3567 2157 3600 ι
2197 3548 2463 3617 συνάγων.
2515 3542 2591 3609 ὼς
2631 3546 2681 3598 εί
2718 3545 2816 3616 μὲν
2867 3544 2896 3596 ό
2934 3542 3125 3615 Πατὴρ
3163 3543 3249 3616 εἴη
3295 3545 3325 3597 6
3358 3542 3457 3608 ὣν,
3497 3544 3604 3597 οὐκ
3644 3532 3720 3594 ἐτ’

2138 3659 2157 3691 ι
2199 3639 2346 3692 ἔσται
2372 3641 2401 3691 6
2417 3637 2543 3701 Υἱὸς
2567 3637 2722 3702 Θεὸς,
2753 3638 2836 3690 ὅτι
2853 3637 2971 3691 κατ’
2989 3636 3395 3709 ἅντιδιαστολὴν
3418 3635 3515 3691 τοῦ
3536 3634 3614 3707 μὴ
3630 3636 3719 3689 δν-

2140 3751 2159 3784 (
2197 3748 2306 3795 τος,
2344 3731 2373 3783 6
2410 3728 2485 3784 ὢν
2509 3727 2702 3782 ἑαυτὸν
2743 3723 2884 3783 εἶναι
2922 3744 3108 3798 φησιν.
3138 3728 3203 3782 Ei
3239 3727 3298 3781 δὲ
3329 3728 3440 3800 (19)
3464 3728 3563 3781 τὸν
3595 3728 3725 3781 Υἱὸν

2138 3842 2158 3874 ι
2198 3820 2494 3875 ὑποστάσει
2518 3819 2846 3891 διῃρημένον
2874 3817 3031 3872 τοῦτο
3053 3820 3253 3889 φάσκοι
3278 3818 3458 3888 λέγειν
3484 3819 3549 3872 τὸ
3583 3818 3724 3888 Ἐγώ

2139 3932 2158 3965 ι
2194 3916 2311 3984 ειμι
2331 3916 2363 3967 ό
2386 3910 2492 3974 ὢν,
2522 3910 2717 3965 ταύτὸν
2740 3905 2894 3975 αὖθις
2915 3911 3044 3982 περὶ
3061 3909 3158 3964 τοῦ
3184 3910 3399 3981 Πατρὸς
3421 3908 3608 3979 λέγειν
3632 3927 3721 3963 νο-

2139 4025 2158 4057 (
2203 4003 2546 4077 μισθήσεται.
2583 4021 2601 4054 ι
2657 4002 2947 4074 Ἑκάτερον
2978 4003 3038 4057 δὲ
3060 4002 3264 4057 τούτων
3286 4002 3503 4066 ἀσεϐές.
3532 4002 3724 4057 Ταῦτα

2131 4096 2188 4151 δὲ
2231 4095 2402 4162 λέγων
2446 4094 2475 4147 ὁ
2510 4093 2692 4158 αὐτὸς,
2733 4094 2975 4167 ἑκατέρῳ
3020 4094 3443 4165 περιπέπτωκεν
3490 4095 3718 4167 ἀτόπῳ·

2131 4187 2230 4241 ἕνα
2257 4186 2356 4258 μὲν
2382 4184 2698 4258 ὁριζόμενος
2730 4181 2868 4240 εἶναι
2896 4185 2989 4239 τὸν
3006 4185 3155 4252 ὄντα,
3179 4185 3408 4259 θάτερον
3438 4186 3498 4239 δὲ
3524 4187 3725 4259 ἀρνού-

2136 4297 2314 4352 μενος.
2350 4280 2460 4333 Καὶ
2490 4278 2609 4333 τίνα
2639 4276 2829 4332 τοῦτον
2852 4278 3014 4344 αὐτὸς
3052 4279 3118 4334 ἂν
3151 4280 3357 4351 aliisin;
3382 4279 3449 4332 Ei
3485 4279 3602 4352 γὰρ
3632 4281 3720 4334 τδν

2132 4372 2352 4444 Πατέρα
2392 4370 2539 4437 δοὺς,
2573 4369 2667 4425 τὸν
2695 4370 2825 4424 Υἰὺν
2852 4371 3149 4443 ἀρνήσεται
3167 4389 3182 4403 ·
3212 4371 3248 4443 ἢ
3269 4371 3363 4425 τὸν
3390 4371 3527 4426 Υίὸν
3559 4372 3720 4443 μόνον

2055 4494 2109 4554 D
2133 4461 2596 4554 παραδεξάμενος,
2621 4462 2878 4554 ἀθετήσει
2905 4461 2997 4554 τὸν
3021 4462 3259 4534 Πατέρα·
3290 4462 3495 4533 μᾶλλον
3514 4464 3578 4517 δὲ
3598 4461 3719 4517 οὕτῖ

2135 4555 2375 4627 Πατέρα,
2405 4552 2530 4608 οὔτε
2553 4553 2681 4610 Υίὸν
2703 4552 2857 4618 εἰδὼς
2883 4553 3288 4626 ἐλεγχθήσεται,
3320 4554 3420 4608 ἕνα
3445 4554 3613 4626 μόνον
3639 4554 3719 4608 δι-

2133 4646 2279 4710 δοὺς,
2315 4647 2405 4702 τὸν
2431 4647 2490 4701 δὲ
2526 4647 2710 4718 ἕτερον
2734 4645 2974 4700 ἐκποδὼν
3008 4645 3266 4718 μεθιστὰς
3283 4663 3298 4677 ’
3329 4646 3436 4701 κᾶν
3458 4646 3640 4720 ἀκούῃ
3660 4645 3717 4699 δὲ

2134 4738 2383 4807 λέγοντος
2412 4738 2505 4792 τοῦ
2537 4737 2694 4805 Θεοῦ,
2732 4737 2875 4809 Ἐγὼ
2905 4740 3120 4808 Κύριος
3140 4742 3173 4793 ό
3189 4741 3338 4806 Θεός
3373 4753 3520 4806 σου,
3554 4744 3589 4795 ὁ
3604 4738 3714 4812 (το)

2130 4828 2435 4900 ἐξαγαγών
2453 4845 2528 4883 σε
2545 4829 2616 4883 ἐκ
2641 4827 2756 4900 γῆς
2769 4831 3089 4899 Αἰγύπτου,
3118 4831 3188 4896 ἐξ
3208 4831 3380 4886 οικου
3407 4831 3710 4896 δουλείας,

2133 4923 2244 4976 οὐκ
2264 4922 2510 4977 ἔσονταί
2540 4936 2640 4977 σοι
2659 4921 2782 4979 θεοὶ
2802 4921 2990 4992 ἕτεροι
3008 4921 3176 4992 πλὴν
3194 4921 3363 4992 ἐμοῦ.
3392 4923 3573 4981 Πάλιν
3597 4924 3712 4978 κάν·

1909 5106 2030 5164 ηρ

2157 5125 2313 5173 xvut,
2355 5111 2408 5164 1.
2482 5110 2528 5141 ⁸⁷
2559 5108 2716 5165 Joan.
2746 5123 2865 5172 vm,
2888 5106 2977 5164 56.
3052 5108 3101 5141 ⁸⁸
3132 5109 3262 5166 ibid.
3288 5109 3380 5167 48.
3462 5112 3511 5146 δ’
3538 5112 3703 5169 Galat.

452 5183 537 5234 ιιι,
586 5171 672 5234 19,
706 5171 802 5226 20.
894 5171 986 5226 “1
1018 5171 1255 5228 'l‘imoth.
1285 5189 1347 5237 ιι.
1373 5175 1429 5231 5.
1502 5174 1548 5206 ’ί
1591 5174 1764 5232 Exod.
1798 5191 1882 5243 ιιι,
1907 5176 1995 5233 14.

2136 5184 2141 5212 ¹
2165 5171 2339 5238 Exod.
2377 5196 2473 5245 xx,
2500 5180 2559 5247 2,
2588 5179 2659 5247 5;
2690 5171 2867 5233 Levit.
2895 5193 3005 5246 xix,
3027 5178 3117 5235 36.

523 5324 572 5401 (1
586 5324 636 5401 1)
661 5324 832 5401 Vulso
854 5326 1042 5401 ῷφθην
1065 5327 1153 5401 τῷ
1170 5328 1321 5400 Ἀδρ·
1338 5328 1433 5401 καὶ
1451 5328 1531 5401 τῷ
1563 5331 1658 5401 ἰσ-

525 5380 638 5465 ῐιιι)
677 5380 822 5463 Θεόξ
855 5380 1087 5469 am.
1115 5380 1542 5469 minimam.
1575 5380 1777 5469 suav,
1810 5412 1956 5459 recte
2010 5421 2025 5457 :

454 5467 879 5543 legendutirergji
901 5466 1265 5543 liic._8_ebq_ti)y
1294 5467 1495 5543 αρτὦν.
1512 5471 1696 5541 Ὁρᾷς,
1723 5466 1851 5543 ιιὸιι,
1884 5484 1942 5530 ιιι
1972 5475 2028 5530 iu

453 5537 639 5610 codicis:
668 5538 794 5610 [ξιιμ.
826 5537 922 5591 ὧν.
953 5539 1130 5610 Αὐτὸν
1155 5539 1309 5610 ὁρᾷς.
1332 5538 1401 5593 Μ.

529 5605 640 5671 (15)
668 5606 838 5671 Vulgo
864 5625 950 5660 oin
1011 5608 1089 5661 δέ.

531 5674 645 5747 (ἓὲ)
678 5675 816 5747 ᾏλν
844 5678 903 5728 ἐν
930 5678 1036 5747 MP-

533 5741 647 5816 0s
670 5745 848 5816 yu-Ign
873 5747 960 5816 δή.

530 5812 641 5882 (16)
670 5813 793 5866 Ἵνα
848 5812 945 5884 ῖδιὶ
978 5817 1089 5887 τὴν
1136 5819 1383 5888 ἡμέραν.
1415 5820 1530 5876 Non
1577 5825 1794 5879 tllCltllttl
1843 5825 2031 5878 Ιρςιξεεσ·

2136 5334 2262 5388 alibi
2290 5335 2430 5389 hanc
2473 5332 3013 5402 interpretationem;
3051 5350 3156 5390 non
3186 5336 3422 5392 habetur
3447 5338 3589 5391 inter
3618 5353 3704 5393 eas

2134 5419 2268 5467 qnas
2298 5405 2494 5458 multas
2519 5404 2793 5470 congessit
2812 5404 3216 5461 eruditissimus
3242 5406 3605 5473 Maldonatns,
3636 5412 3721 5473 ad,

2132 5474 2287 5530 Joan.
2325 5490 2446 5536 vm,
2472 5475 2558 5529 56.
2579 5473 2649 5527 Μ.

2204 5544 2317 5617 (l_7)
2336 5545 2708 5617 Συνέστῃσιν
2757 5548 2796 5617 ό
2812 5546 3044 5617 γόγος.
3088 5543 3291 5614 Nempe
3318 5549 3469 5617 quod
3503 5547 3699 5606 loculus

2132 5623 2213 5670 est
2245 5614 2405 5673 Dens,
2442 5613 2582 5682 Ἑγώ
2615 5615 2751 5682 εἰμι.
2780 5614 2851 5682 Μ’.
2877 5659 2885 5666 .

2208 5684 2253 5752 (1
2265 5682 2319 5752 8)
2353 5682 2475 5736 Mss.
2512 5680 2541 5736 6
2569 5683 2626 5736 δὲ
2646 5680 2778 5748 Θεὸς
2798 5680 2879 5748 εἷς
2904 5684 3070 5738 ἐστιν.

2208 5755 2321 5827 (lli)
2352 5752 2518 5827 Ynlgo
2542 5754 2639 5824 δή,
2678 5771 2798 5827 mox
2831 5756 2987 5827 vulgo
3015 5755 3335 5827 ἀρνήσηται.

2213 5823 2323 5874 (Ἥῆ
2353 5821 2517 5879 Vni-an
2551 5821 2657 5879 oin.
2687 5825 2734 5877 6.
