3828 6222
147 363 265 421 957

1084 361 1182 419 DE
1216 358 1759 419 ECCLESIASTICA
1790 357 2183 417 THEOLOGIA
2206 356 2337 415 LIB.
2376 354 2431 414 ll:

3306 352 3413 410 958

147 479 329 536 ταῦθα
363 478 445 554 μὴν
464 478 814 552 ταραττέσθω
833 456 931 550 τὴν
956 476 1156 549 ψυχὴν,
1185 476 1323 532 ἀλλὰ
1340 477 1437 532 καὶ
1468 477 1578 531 τῶν
1610 474 1739 547 ἑξῆς

1847 473 2098 545 trepidet,
2130 473 2225 530 sed
2265 471 2516 528 attendat
2543 484 2665 542 quae
2699 477 3003 541 sequuntur
3028 470 3232 526 statim.
3275 469 3412 526 Cum

150 572 516 643 συνημμένων
544 570 819 625 ἀκουέτω·
845 568 1014 624 εἰπὼν
1044 570 1174 641 γὰρ,
1215 572 1336 624 Οὐκ
1364 569 1611 624 ἔσονταί
1638 582 1740 623 σοι

150 663 278 718 θεοὶ
336 662 522 739 ἕτεροι
566 661 735 730 πλὴν
765 661 932 732 ἐμοῦ,
989 661 1297 731 ἐπήγαγεν*
1341 661 1425 715 Οὐ
1464 657 1738 726 ποιήσεις

148 753 391 820 σεαυτῷ
403 753 514 824 (21)
527 752 800 818 εἴδωλον,
824 752 968 807 οὐδὲ
989 752 1215 818 παντὸς
1230 752 1512 822 ὁμοίωμα,
1535 751 1652 806 ὅσα
1670 751 1740 805 ἐν

149 843 234 909 τῷ
261 843 493 912 οὐρανῷ
513 843 655 910 ἄνω,
672 844 773 898 καὶ
786 843 904 898 ὅσα
924 844 995 898 ἐν
1016 844 1092 913 τῇ
1107 842 1185 914 τῇ
1213 844 1390 908 κάτω,
1414 843 1512 897 καὶ
1537 842 1655 898 ὅσα
1668 843 1738 897 ἐν

148 938 280 1004 τοῖς
305 937 526 993 ὕδασιν
548 934 826 992 ὑποκάτω
853 934 966 1006 τῆς
984 935 1118 1006 γῆς.
1158 936 1240 991 Οὐ
1286 935 1739 1004 προσκυνήσας

148 1029 382 1097 αὐτοῖς,
397 1029 539 1085 οὐδὲ
544 1029 630 1100 μὴ
642 1029 994 1100 λατρεύσεις
1007 1025 1230 1093 αὐτοῖς,
1242 1024 1358 1097 ἐγὼ
1369 1026 1481 1096 γάρ
1495 1029 1612 1097 ειμι
1624 1028 1741 1082 Κύ-

142 1140 284 1196 ριος
310 1122 343 1176 ὁ
369 1123 513 1188 Θεόζι
538 1136 678 1187 σου,
730 1121 948 1190 Κύριος
968 1118 1253 1189 ζηλωτής.
1290 1119 1452 1191 Ὁρᾷς
1476 1120 1625 1184 ὅπως
1657 1120 1736 1173 δι-

150 1215 436 1269 εστέλλετο
451 1214 583 1287 (22),
592 1213 667 1287 μὴ
682 1216 749 1286 τῇ
769 1212 876 1266 τῶν
892 1211 1060 1267 ἐθνῶν
1074 1210 1324 1283 πολυθέῳ
1342 1212 1520 1287 πλάνῃ
1533 1229 1739 1267 συναπ-

150 1305 408 1376 άγεσθαι,
432 1307 592 1378 μόνον
619 1305 678 1359 δὲ
704 1305 866 1360 αὐτὸν
890 1304 1087 1360 εἰδέναι
1113 1304 1246 1358 Θεὸν
1267 1305 1362 1359 καὶ
1389 1304 1613 1375 Κύριον.
1644 1304 1738 1368 Τίς

150 1399 201 1454 δ’
232 1394 327 1453 οῦν
368 1390 559 1464 0510;;
597 1399 656 1452 Ὅ
676 1397 804 1461 Υἱὸς
820 1397 918 1469 τὴν
941 1397 1126 1451 εἰκόνα
1154 1398 1248 1452 τοῦ
1267 1397 1496 1468 Πατρὸς
1514 1396 1655 1468 ἔχων
1678 1397 1738 1449 ὲν

151 1490 355 1562 ἐαυτῷ,
391 1489 449 1557 ἐξ
481 1488 792 1552 αὐθεντειας
829 1506 890 1541 τε
924 1487 1091 1543 αὐτοῦ
1133 1489 1247 1551 τοῖς
1295 1486 1737 1560 εἰδωλολατρείαν

152 1582 374 1636 νοσοῦσι
405 1579 578 1636 ταῦτα
604 1580 1038 1650 διαταττόμενος.
1080 1579 1168 1643 Ὧς
1194 1578 1302 1653 γὰρ
1335 1579 1513 1634 πάντα
1539 1577 1606 1633 δι’
1641 1578 1739 1632 αὐ-

152 1672 253 1728 τοῦ
279 1672 515 1742 ἐγένετο,
545 1670 639 1725 τοῦ
657 1670 872 1743 Πατρὸς
896 1670 982 1724 διὰ
1006 1669 1102 1723 τοῦ
1124 1671 1377 1744 Σωτῆρος
1394 1669 1492 1742 τὴν
1510 1669 1619 1723 τῶν
1640 1686 1738 1739 γε-

153 1762 336 1835 νητῶν
378 1763 637 1817 ἁπάντων
684 1761 879 1816 οὐσίαν
908 1760 1019 1835 (25)
1064 1760 1532 1833 ὑποστησαμένου,
1564 1759 1738 1825 οὕτως

154 1823 322 1918 αῦτδς
346 1849 414 1925 ἦν
440 1855 469 1908 ό
501 1852 691 1925 Πατὴρ
718 1852 817 1924 τὴν
846 1823 927 1916 εἰς
945 1823 1108 1906 αῦτὸν
1138 1823 1426 1923 γνῶσίν-τε
1457 1823 1552 1907 καὶ
1577 1823 1734 1907 εὐσέέ
1767 1823 1809 1877 Β

154 1944 312 1998 ϐειαν
347 1942 437 1998 διὰ
483 1942 701 2014 μεσίτου
749 1940 844 1995 τοῦ
879 1942 1009 1996 Υἱοῦ
1042 1942 1368 2014 παραδιδοὺς
1407 1941 1733 2014 ἀνθρώποις.

157 2035 344 2089 Τοῦτο
374 2035 433 2090 δὲ
461 2036 557 2090 καὶ
584 2036 613 2089 ὁ
655 2034 980 2099 Ἀπόστολος
1013 2035 1197 2099 αὐτοῖς
1227 2035 1435 2106 ῥήμασι
1470 2032 1738 2099 Γαλάταις

154 2126 387 2199 γράφων
410 2126 677 2191 ἐδίδασκε,
699 2125 766 2181 δι’
792 2120 867 2182 ὧν
894 2125 999 2198 ἔφη
1014 2142 1029 2158 ⁸
1066 2127 1120 2180 Ὀ
1145 2126 1330 2196 νόμος
1345 2124 1641 2195 διαταγεὶς
1660 2124 1736 2180 δι’

155 2220 434 2292 ἀγγέλων
458 2219 529 2273 ἐν
563 2217 714 2288 χειρὶ
735 2219 989 2288 μεσίτου
1007 2234 1025 2251 ε
1045 2221 1078 2273 ὁ
1100 2216 1170 2272 δὲ
1185 2217 1437 2288 μεσίτης
1463 2216 1603 2283 ἐνὸς
1624 2218 1738 2271 οὐκ

156 2311 335 2366 ἐστιν
350 2328 366 2342 ο
395 2311 429 2365 ό
454 2309 523 2364 δὲ
544 2298 689 2375 Θεὸς
714 2303 803 2376 εἷς
828 2309 1003 2364 ἐστιν
1022 2308 1159 2381 (24).
1185 2309 1309 2364 Κᾶν
1331 2308 1465 2382 λέγῃ
1482 2326 1498 2340 ο
1528 2307 1736 2374 Ἴδετε,

157 2402 254 2458 ὅτι
288 2401 401 2473 ἐγώ
430 2404 566 2473 ειμι,
602 2404 701 2458 καὶ
733 2403 844 2457 οὐκ
863 2402 997 2457 ἐστι
1025 2401 1170 2469 Θεὸς
1215 2400 1386 2471 πλὴν
1430 2401 1598 2471 ἐμοῦ,
1634 2401 1740 2454 πά-

156 2494 246 2549 λιν
275 2494 304 2547 ὁ
338 2492 526 2565 Πατὴρ
551 2488 642 2564 ἦν,
671 2493 748 2558 ὡς
774 2491 863 2546 διὰ
890 2492 1096 2556 εἰκόνος
1123 2492 1216 2546 καὶ
1249 2491 1490 2563 μεσίτου,
1523 2491 1613 2546 διὰ
1641 2491 1736 2546 τοῦ

157 2585 296 2641 Υὶοῦ
313 2584 470 2640 τοῦτο
486 2584 710 2654 φάσκων
730 2601 746 2615 ’
760 2584 821 2640 οὐ
833 2582 1013 2657 γὰρδὴ
1027 2583 1275 2652 λέγοντος
1291 2583 1390 2655 μὲν
1403 2582 1623 2637 Ἡσαΐου
1643 2583 1737 2637 τοῦ

158 2677 466 2749 προφήτου,
503 2676 678 2745 Υἱοὺς
721 2676 1023 2748 ἐγέννησα
1046 2676 1144 2731 καὶ
1173 2676 1411 2746 ῦψωσα,
1437 2678 1531 2731 καὶ
1556 2676 1736 2743 πάλιν,

172 2768 413 2838 Ἰσραὴλ
429 2769 496 2824 δέ
519 2785 597 2840 με
620 2771 733 2824 οὐκ
765 2771 936 2840 ἔγνω,
963 2768 1060 2824 καὶ
1098 2770 1133 2824 ὁ
1166 2770 1317 2836 λαός
1340 2787 1416 2840 με
1447 2771 1519 2825 οὐ
1546 2768 1741 2840 συνῆ-

162 2879 257 2929 κε,
296 2863 391 2916 καὶ
422 2856 594 2929 αὖθις,
651 2861 791 2933 Ἐγὼ
820 2860 969 2918 πᾶσι
1006 2862 1131 2929 τοῖς
1169 2862 1413 2933 ἄστροις
1444 2862 1740 2918 ἐνετειλά-

157 2969 307 3024 μην,
335 2953 445 3019 καὶ,
468 2950 549 3022 Τῇ
593 2952 747 3023 χειρί
784 2969 905 3023 μου
936 2952 1274 3023 ἐστερέωσα
1313 2953 1423 3008 τὸν
1454 2953 1737 3023 οὐρανὸν,

162 3042 261 3096 καὶ
291 3043 391 3097 ὃσα
426 3043 559 3098 ἄλλα
583 3043 826 3113 τοιαῦτα,
861 3044 921 3097 οὐ
958 3044 1051 3099 τὸν
1094 3044 1322 3101 Ἡσαΐαν
1359 3045 1531 3100 ταῦτα
1561 3046 1741 3116 λέγειν

1841 567 1989 622 enim
2024 567 2237 623 dixerat
2265 603 2282 628 ,
2339 562 2469 618 Non
2511 572 2664 619 erunt
2712 563 2808 616 tibi
2848 561 2927 616 dii
2952 560 3048 616 alii
3087 571 3282 632 praeter
3308 580 3413 628 me,

1840 656 2147 722 subiutulit,
2183 654 2312 710 Non
2341 655 2502 724 {acies
2532 653 2627 708 tibi
2657 652 2858 707 idolum
2882 692 2899 719 ,
2925 668 3089 723 neque
3117 669 3320 708 omnem
3341 656 3416 708 si-

1841 748 2195 804 militudinem
2225 763 2405 802 eorum
2432 761 2550 816 qua:
2578 752 2706 800 sunt
2733 745 2789 799 in
2813 743 2943 799 caelo
2982 760 3212 810 sursum,
3245 755 3337 798 aut
3357 745 3416 799 in

1839 854 1983 898 terra
2014 842 2284 907 deorsum,
2317 848 2410 893 aut
2431 854 2550 909 qua:
2584 838 2783 892 suntin
2815 837 2965 902 aquis
2994 837 3413 902 subterterram;

1840 949 1946 987 non
1975 931 2222 987 adorabis
2252 930 2370 996 illa,
2410 945 2514 984 non
2539 928 2791 984 inservias
2821 928 2952 992 illis,
2986 927 3099 999 Ego
3130 928 3272 982 enim
3295 944 3415 982 sunt

1838 1025 2102 1080 Dominus
2139 1022 2282 1078 Deus
2327 1033 2482 1088 tuus,
2515 1020 2656 1076 Deus
2687 1020 2879 1076 zelotes
2905 1021 2973 1077 ³³.
3005 1018 3168 1076 Vides
3188 1028 3249 1075 ut
3274 1034 3412 1091 prm-

1838 1111 2046 1184 cepcrit
2071 1112 2123 1168 id
2148 1112 2345 1177 solum,
2376 1126 2447 1173 ne
2472 1111 2541 1166 ab
2566 1125 2755 1166 errore
2787 1110 3074 1181 gentilitio,
3097 1112 3164 1167 de
3185 1110 3413 1165 deorum

1840 1205 2207 1271 multitudine,
2266 1204 2666 1260 abducerentur
2693 1242 2711 1268 ,
2745 1203 2844 1258 sed
2877 1202 3050 1258 solum
3102 1201 3278 1272 ipsum
3308 1201 3414 1256 Do-

1840 1297 2045 1353 minum
2081 1307 2242 1366 atque
2276 1296 2442 1351 Deum
2501 1300 2880 1365 agnoscerent.
2932 1291 3065 1361 Quis
3110 1301 3230 1347 erat
3262 1291 3364 1346 iste
3388 1291 3414 1345 ?

1839 1405 2034 1460 nempe
2058 1389 2230 1445 Filius
2266 1387 2440 1443 Patris
2490 1386 2781 1457 imaginem
2829 1385 2884 1440 in
2928 1399 2987 1440 se
3034 1384 3239 1440 habens
3271 1402 3287 1438 :
3319 1383 3413 1454 qui

1839 1495 1939 1550 pro
1989 1494 2086 1536 sua
2137 1494 2298 1550 quam
2356 1478 2543 1534 habuit
2575 1477 2917 1550 auctoritate
2967 1476 3272 1532 idololatria
3306 1477 3414 1532 ista

1839 1569 1894 1626 in
1948 1570 2218 1625 mandatis
2267 1569 2437 1624 dedit.
2495 1568 2627 1622 Nam
2696 1575 2757 1621 ut
2808 1566 2992 1622 omnia
3039 1566 3200 1621 Pater
3248 1563 3413 1621 iecis-

1839 1677 1901 1718 se
1955 1661 2152 1716 dicitur
2215 1674 2311 1730 per
2379 1656 2723 1716 Servatorem
2756 1698 2771 1723 ,
2829 1657 2922 1725 qui
2987 1655 3225 1726 suscepit
3280 1668 3412 1710 om-

1840 1755 1988 1808 nium
2044 1751 2400 1807 substantiam
2459 1763 2581 1818 quae
2645 1756 3029 1817 generantur;
3091 1747 3169 1799 ita
3225 1754 3280 1799 et
3347 1750 3408 1809 ›Ι‹

1837 1845 1952 1915 ipse
1993 1843 2152 1899 Pater
2180 1840 2282 1896 fuit
2327 1842 2417 1911 qui
2465 1854 2562 1910 per
2621 1838 2817 1893 Filium
2858 1837 3254 1902 mediatorem,
3286 1835 3403 1905 pie-

1839 1946 1998 1991 tatem
2027 1944 2080 1990 et
2105 1936 2186 1990 sui
2222 1932 2586 2006 cognitionem
2619 1928 2934 1985 hominibus
2958 1923 3405 1982 communicavit.

1838 2027 1950 2084 Hoc
1980 2026 2201 2082 totidem
2233 2025 2431 2087 verbis.
2472 2023 2540 2078 ad
2570 2020 2799 2077 Galatas
2842 2019 3089 2075 scribens
3116 2015 3406 2087 Apostolus

1837 2119 2084 2181 docebat,
2117 2115 2226 2170 Lex
2257 2115 2504 2170 ordinata
2554 2130 2648 2185 per
2688 2111 2898 2183 angelos
2938 2111 2992 2165 in
3023 2124 3183 2163 manu
3210 2107 3413 2162 media-

1838 2208 1990 2262 toris.
2032 2205 2300 2260 Mediator
2333 2214 2509 2259 autem
2546 2203 2706 2257 unius
2742 2216 2845 2256 non
2879 2209 2955 2255 est
2995 2213 3015 2252 :
3063 2196 3205 2252 Deus
3239 2205 3414 2250 autem

1837 2315 1971 2354 unus
2017 2307 2092 2353 est
2135 2296 2202 2351 ⁸⁵.
2264 2295 2333 2350 Et
2370 2295 2497 2350 alibi
2521 2293 2616 2360 ait,
2694 2290 2869 2346 Videte
2935 2289 3073 2360 quod
3135 2303 3227 2357 ego
3272 2301 3413 2350 sum,

1837 2401 1886 2448 et
1916 2401 2106 2460 praeter
2143 2405 2224 2443 me
2262 2404 2366 2441 non
2395 2397 2472 2442 est
2510 2385 2649 2439 alius
2691 2383 2833 2438 Deus
2857 2382 2926 2436 ⁵³.
2969 2381 3129 2435 Pater
3168 2378 3258 2433 hic
3293 2385 3416 2433 erat

1839 2484 1930 2556 qui
1965 2498 2060 2553 per
2098 2481 2318 2545 Filium,
2348 2488 2606 2549 tanquam
2635 2475 2927 2546 imaginem
2959 2481 3017 2528 et
3051 2469 3409 2526 mediatorem

1840 2578 1947 2632 ista
1980 2574 2159 2630 dixit:
2197 2587 2304 2626 non
2341 2570 2486 2625 enim
2529 2582 2653 2623 cum
2688 2564 2879 2620 Isaiam
2905 2561 3155 2618 audimus
3184 2558 3416 2630 prophe-

1842 2677 1948 2724 tam
1976 2666 2267 2728 dicentem,
2293 2659 2465 2715 Filios
2493 2659 2647 2729 genui
2679 2665 2729 2712 et
2758 2653 2984 2710 exaltari
3002 2652 3087 2717 “;
3117 2659 3171 2707 et
3192 2652 3415 2715 iterum,

1841 2756 2012 2814 Israel
2052 2758 2227 2811 autem
2255 2769 2336 2807 me
2366 2767 2469 2805 non
2501 2747 2762 2820 cognovit,
2789 2757 2837 2801 et
2868 2743 3091 2816 populus
3121 2756 3267 2796 meus
3310 2755 3417 2794 non

1841 2847 2093 2904 intellexit
2116 2847 2201 2915 ‘7;
2233 2852 2289 2901 et
2334 2856 2543 2907 rursus,
2587 2839 2843 2895 Omnibus
2886 2834 3147 2891 sideribus
3183 2849 3276 2903 ego
3316 2832 3418 2886 im-

1841 2942 2060 3015 peravi;
2093 2948 2168 3007 et,
2191 2954 2352 2992 manu
2377 2953 2492 2990 mea
2520 2932 2726 3004 ﬁrmavi
2759 2929 2946 2985 mlum
2965 2928 3035 2995 ⁸⁸,
3065 2937 3118 2983 et
3145 2941 3265 2997 quae
3292 2934 3419 2980 sunt

1841 3034 2074 3100 similia;
2098 3046 2204 3087 non
2239 3029 2306 3084 ab
2324 3027 2458 3084 Isaia
2487 3026 2613 3093 ista,
2643 3025 2884 3093 inquam,
2918 3020 3129 3091 prolata
3148 3020 3415 3083 dicemus,

165 3136 433 3206 φήσομεν,
465 3135 531 3189 δι’
553 3135 716 3191 αὑτοῦ
755 3137 813 3191 δὲ
856 3137 947 3191 τὸν
990 3138 1049 3192 ὲν
1093 3136 1241 3209 αὐτῷ
1276 3136 1541 3193 λαλοῦντα
1576 3114 1739 3194 Θεόν·

1847 3128 1939 3184 sed
1964 3142 1995 3181 a
2027 3126 2135 3182 Deo
2163 3140 2217 3179 In
2247 3124 2363 3193 ipso
2406 3122 2681 3190 loquente.
2711 3117 2976 3185 Quocirca
3006 3115 3183 3170 eritne
3227 3114 3417 3169 incon-

2097 3216 2130 3231 ι·
2178 3215 2190 3227 ο
2231 3228 2277 3231 ,Α
2339 3213 2550 3231 η-.--..-
2598 3223 2696 3231 ..-..
2735 3206 2923 3231 01H.--“
2976 3221 3133 3231 ..η-..ιι
3169 3203 3386 3231 ιι-ιῗηΑ-ιξ

162 3225 289 3297 οὐχὶ
316 3225 372 3279 δὲ
399 3226 494 3281 καὶ
523 3227 615 3280 ἐπὶ
646 3225 738 3281 τοῦ
781 3226 1101 3298 μονογενοῦς
1120 3226 1253 3281 Υἱοῦ
1284 3226 1377 3282 τοῦ
1414 3227 1551 3282 Θεοῦ
1568 3268 1583 3294 ,
1609 3227 1744 3301 πρέ-

164 3333 261 3370 ποι
288 3315 354 3371 ἃν
380 3317 472 3370 τὸν
508 3317 724 3388 Πατέρα
741 3316 809 3371 δι’
836 3315 1001 3372 αὑτοῦ
1026 3316 1223 3390 χρῆναι
1252 3316 1426 3372 ταῦτα
1453 3318 1745 3391 διαμαρτύο

168 3405 366 3479 ρασθαι
396 3408 508 3470 τοῖς
531 3406 639 3460 τῶν
674 3405 894 3460 τοιῶνδε
925 3405 1399 3478 παραγγελμάτων
1435 3405 1741 3477 δεομένοις;

165 3493 547 3567 εἰδωλολάτραι
575 3495 621 3549 δ’
645 3490 786 3567 ἦσαν
805 3489 969 3562 οὗτοι,
1003 3494 1080 3559 ὡς
1103 3497 1137 3567 ὴ
1167 3496 1306 3567 αὑτὴ
1333 3494 1574 3550 διδάσκει
1601 3495 1743 3569 Γρα-

165 3586 245 3658 φὴ
275 3585 526 3656 λέγουσα·
560 3573 670 3641 καὶ
703 3582 824 3641 εἰπε
865 3586 1091 3659 Κύριος⁹
1146 3605 1166 3638 t
1194 3585 1306 3640 Ποῦ
1341 3587 1483 3641 εἰσιν
1534 3588 1584 3640 οἱ
1631 3585 1746 3641 θεοὶ

170 3697 192 3732 ι
238 3678 449 3746 αὐτῶν;
505 3681 591 3750 ἐφ’
635 3675 717 3744 οἷς
760 3678 1143 3733 ὲπεποίθεισαν
1194 3679 1280 3732 ἐπ’
1324 3679 1527 3742 αὐτοῖς,
1577 3670 1652 3732 ὧν
1683 3677 1747 3732 τὸ

171 3790 191 3823 ι
238 3770 402 3843 στέαρ
425 3769 534 3826 τῶν
568 3771 769 3826 θυσιῶν
797 3770 975 3824 αὐτῶν
1013 3769 1252 3841 ήσθίετε,
1279 3770 1371 3825 καὶ
1403 3770 1617 3823 ὲπίνετε
1651 3768 1745 3824 τὸν

171 3880 192 3913 ι
235 3857 378 3915 οἶνον
428 3860 538 3915 τῶν
593 3861 834 3916 σπονδῶν
885 3860 1084 3918 αὐτῶν.
1157 3862 1590 3933 ’Δναστήτωσαν,
1650 3860 1748 3916 καὶ

172 3973 194 4006 ι
249 3952 671 4025 βοηθησάτωσαν
715 3953 863 4024 ὑμῖν,
905 3953 999 4007 καὶ
1031 3952 1417 4025 γενηθήτωσαν
1440 3949 1591 4023 ὑμῶν
1617 3967 1747 4006 σκε-

171 4063 195 4098 s
240 4043 464 4100 πασταε.
519 4065 539 4099 ›
595 4045 819 4111 Τούτοις
873 4045 983 4119 γὰρ
1041 4045 1310 4117 συνῆπται
1363 4042 1459 4111 τὺ,
1489 4061 1510 4096 ι
1554 4044 1746 4108 Ἴδετε,

172 4156 194 4188 ι
235 4136 373 4190 τδετε
431 4136 517 4192 ὅτι
570 4137 681 4209 ἐγώ
742 4140 880 4211 ειμι,
949 4137 1044 4192 καὶ
1114 4136 1216 4190 οὐκ
1270 4134 1385 4190 ἔστι
1435 4134 1568 4201 Θεὸς
1609 4133 1749 4208 πλὴν

174 4248 195 4281 s
240 4226 399 4300 ἐμοῦ.
448 4247 470 4282 s

801 4322 958 4378 ΚΕΦ.
988 4323 1119 4379 KB’.

168 4417 305 4473 Ὀτι
329 4417 427 4471 καὶ
458 4416 529 4471 ἐν
555 4415 679 4482 τοῖς
704 4414 1159 4542 πίὲἓφήέαιςηδιὰ
1185 4414 1291 4470 τοῦ
1321 4413 1460 4471 Υἱοῦ
1488 4418 1522 4470 ὁ
1546 4412 1751 4484 Πατὴρ

832 4503 897 4542 εο
939 4503 1149 4542 aratro.
1506 4528 1517 4541 .

832 4503 1149 4558 εονιοτειτο.

236 4577 360 4633 Κᾶν
379 4577 638 4651 μυριάκις
649 4575 828 4631 τοίνυν
849 4575 938 4629 διὰ
953 4575 1051 4629 τοῦ
1072 4577 1351 4649 προφήτου
1375 4573 1511 4645 βοῶν
1541 4575 1746 4647 φάσκῃ,

170 4669 350 4740 Πλὴν
374 4669 520 4740 ἐμοῦ
551 4671 663 4724 οὐκ
685 4669 817 4725 ἐστι
838 4669 1002 4735 Θεὸς,
1031 4669 1126 4722 καὶ
1152 4668 1320 4736 πλὴν
1333 4668 1479 4738 ἐμοῦ
1495 4669 1606 4722 οὐκ
1621 4667 1754 4723 ἐστι

167 4761 406 4829 δίκαιος
418 4760 519 4816 καὶ
537 4761 764 4830 Σωτὴρ,
808 4763 902 4816 καὶ
922 4761 1071 4816 Θεὸν
1101 4760 1270 4828 πλὴν
1280 4761 1426 4830 ἐμοῦ
1441 4762 1513 4816 οὐ
1528 4761 1753 4831 γνώσῃ,

170 4855 270 4907 καὶ
287 4853 492 4915 σώζων
519 4856 633 4909 οὐκ
662 4854 798 4909 ἔστι
822 4853 1014 4922 παρὲξ
1046 4852 1161 4925 (25)
1181 4853 1349 4924 ἐμοῦ,
1372 4855 1467 4908 καὶ
1498 4855 1600 4907 ὅσα
1620 4852 1756 4908 ἄλλα

167 4946 383 5010 τούτοις
422 4945 628 5015 ἀδελφὰ
665 4947 724 5001 ὲν
767 4948 878 5010 τοῖς
910 4944 1116 5009 λοιποῖς
1158 4945 1380 5016 φέρεται
1418 4946 1748 5017 προφήταις,

171 5038 324 5105 Θεὸς
338 5035 436 5109 ἦν,
460 5038 645 5102 καὶέξ
664 5038 899 5093 ἐκείνου
931 5037 1002 5092 ἐν
1025 5035 1256 5106 Χριστῷ
1281 5037 1512 5106 κόσμον
1526 5039 1751 5091 καταλ-

172 5130 432 5187 λάσσων
450 5131 668 5198 ἐαυτῷ,
687 5132 782 5186 καὶ
802 5129 965 5194 αὐτὸς
982 5126 1051 5201 ἦν
1081 5128 1112 5182 ὁ
1140 5128 1331 5201 Πατὴρ
1350 5128 1525 5183 ταῦτα
1540 5127 1630 5182 διὰ
1649 5125 1747 5181 τοῦ

174 5221 501 5296 μονογενοῦς
532 5222 688 5289 Υῑοῦ,
739 5217 828 5276 οἷα
858 5222 927 5277 δι’
951 5221 1252 5295 ἑρμηνέως,
1284 5218 1590 5292 ἀνθρώποις
1614 5219 1747 5272 ὑπο-

1843 3232 2038 3290 gruum
2079 3215 2307 3278 dixisse,
2338 3213 2554 3267 Patrem
2598 3223 2696 3279 per
2733 3206 2927 3262 Filiqu
2976 3221 3134 3261 suum
3169 3203 3419 3275 unigeni-

1843 3321 1955 3367 tum
1984 3311 2100 3366 haec
2131 3307 2484 3381 praelocutum
2517 3301 2791 3357 aﬂlsmare
2844 3298 2984 3370 apud
3041 3312 3137 3352 eos
3172 3297 3265 3365 qui
3300 3296 3420 3351 istis

1841 3403 2154 3475 indigebant
2183 3398 2451 3455 mandatis
2492 3404 2549 3452 et
2598 3391 3093 3450 admonitionibus?
3122 3390 3293 3444 Erant
3322 3403 3419 3442 au-

1842 3501 1949 3549 tem
1998 3492 2141 3562 quod
2181 3497 2409 3545 testatur
2458 3484 2762 3553 Scriptura,
2799 3483 2851 3537 hi
2900 3480 3221 3536 idololatrze.
3272 3477 3422 3532 Dixit

1842 3583 1985 3641 enim
2004 3580 2261 3636 Dominus
2292 3597 2309 3634 :
2349 3575 2448 3632 Ubi
2472 3585 2597 3632 sunt
2624 3574 2702 3628 dii
2727 3572 2939 3627 illorunt
2965 3574 2990 3628 7
3015 3572 3069 3625 in
3085 3571 3271 3642 quibus
3296 3585 3425 3622 con-

1841 3673 2070 3744 ﬁdebant
2098 3710 2116 3739 ,
2158 3686 2382 3743 quorum
2436 3669 2501 3722 de
2561 3665 2836 3733 sacriﬁciis
2869 3663 3074 3732 adipem
3102 3659 3419 3726 comedistis,

1842 3776 1890 3822 et
1927 3764 2129 3820 bibistis
2165 3762 2342 3818 uinum
2373 3760 2438 3813 de
2465 3758 2632 3827 epulis
2691 3772 2873 3810 eorum
2898 3771 2916 3808 :
2948 3760 3168 3822 surgant
3191 3760 3238 3806 et
3265 3750 3422 3820 adju-

1844 3869 1961 3916 oent
1991 3876 2100 3925 vos,
2150 3865 2200 3912 et
2229 3855 2360 3925 ﬁant
2396 3850 2776 3908 obumbracula
2827 3848 2968 3903 vobis
2994 3848 3060 3900 ⁸⁸.
3093 3843 3247 3902 Nunc
3269 3844 3422 3899 hisce

1845 3950 2027 4007 verbis
2058 3948 2280 4004 adunita
2333 3956 2495 4010 sunt,
2534 3941 2745 4008 Videte,
2790 3941 2954 3996 videte
2984 3937 3123 4009 quod
3141 3952 3233 4007 ego
3269 3949 3419 4002 sum,

1845 4054 1893 4100 et
1929 4057 2033 4099 non
2062 4050 2140 4097 est
2175 4039 2313 4095 alius
2340 4047 2529 4108 prwter
2562 4049 2642 4089 me
2663 4033 2731 4089 ‘°.

2442 4305 2596 4364 CAP.
2637 4301 2808 4360 XXII.

1852 4405 2005 4473 Quod
2032 4403 2189 4460 etiant
2221 4402 2275 4457 in
2300 4398 2571 4523 proﬂictas.
2602 4397 2762 4522 zatﬁr
2787 4408 2878 4464 per
2893 4388 3093 4445 Filium
3118 4387 3259 4442 Deus
3284 4399 3423 4455 pra:-

2555 4485 2601 4522 ιε
2661 4483 2691 4520 u
2730 4503 2745 4518 .

2555 4483 2745 4522 tentur.

1921 4568 2071 4623 Licet
2101 4579 2229 4635 ergo
2268 4560 2463 4617 millies
2500 4575 2595 4631 per
2625 4557 2940 4629 prophetam
2971 4550 3196 4612 clamet,
3226 4544 3429 4599 Prester

1852 4677 1933 4717 me
1970 4675 2075 4715 non
2116 4667 2193 4714 est
2230 4657 2403 4721 Deus,
2448 4662 2504 4710 et
2549 4662 2742 4722 praeter
2781 4663 2862 4699 nte
2902 4660 3007 4699 non
3051 4650 3126 4696 est
3153 4639 3332 4710 justus
3376 4644 3426 4688 et

1855 4755 2121 4820 Servator,
2144 4762 2219 4818 et,
2248 4750 2415 4804 Deum
2442 4763 2545 4801 non
2572 4755 2848 4812 cognosces
2875 4745 3067 4807 praeter
3090 4749 3193 4800 nte,
3221 4740 3274 4786 et
3302 4728 3427 4820 Non

1854 4856 1931 4903 est
1961 4846 2052 4914 qui
2095 4819 2481 4912 servet.pr¢eter
2511 4851 2612 4902 me,
2637 4843 2691 4889 et
2719 4846 2838 4901 qua:
2874 4828 2957 4884 his
2996 4824 3315 4914 congeminat
3351 4819 3428 4875 ie-

1856 4948 2050 4995 ruutur
2075 4940 2129 4993 in
2160 4931 2442 5006 prophetis
2469 4927 2701 4991 caeteris,
2728 4924 2869 4979 Deus
2907 4929 3021 4976 erat
3046 4929 3094 4973 et
3132 4917 3186 4971 in
3216 4913 3425 4971 Christo

1855 5031 2109 5085 mundum
2146 5005 2246 5082 sibi
2274 5021 2616 5079 reconcilians
2642 5019 2709 5081 “,
2734 5026 2789 5072 et
2818 5016 2934 5085 ipse
2973 5021 3094 5068 erat
3124 5008 3286 5063 Pater
3326 5005 3427 5058 ista

1854 5138 1951 5193 per
2004 5119 2199 5175 Filium
2265 5116 2638 5188 unigenitum,
2692 5109 2856 5165 veluti
2924 5120 3019 5175 per
3077 5102 3425 5193 interpr-clem

1854 5186 2142 5285 quemdam
2203 5186 2510 5266 hominibus
2548 5203 2932 5262 subinsinuans
2976 5216 2990 5252 :
3027 5192 3121 5250 sed
3167 5202 3223 5245 ct
3261 5186 3431 5242 Filius

251 5386 313 5445 >14
348 5379 445 5434 Eat.
475 5378 677 5443 Paris.,
706 5378 958 5449 pagl'59.
1032 5377 1264 5432 “Exod.
1293 5391 1386 5449 xx,
1408 5375 1462 5449 ξ,
1496 5375 1567 5441 5;
1596 5374 1742 5449 Lein

1847 5372 2067 5449 [τιθήνη
2117 5371 2164 5403 ⁸⁵
2200 5367 2380 5449 Gala}:
2405 5363 2704 5449 tlt,19,?ll.
2776 5359 2994 5449 "De-ul.
3021 5371 3095 5422 vr,
3123 5353 3176 5408 4.
3238 5351 3286 5384 ⁸⁸
3326 5351 3429 5408 lsa.

173 5466 216 5521 ι,
253 5427 313 5506 ἴ
348 5427 444 5483 ἐἴ
469 5427 987 5506 iunL's.'"?a'1;s.
1026 5427 1263 5516 “:13?
1293 5427 1386 5480 Ἦ
1412 5427 1523 5504 ter:
1549 5427 1741 5514 {1:28.

1847 5444 1869 5476 °
1911 5427 2064 5500 Deut.
2093 5455 2266 5506 χχιιι,
2312 5439 2404 5495 59.
2477 5427 2533 5469 ’θί
2575 5433 2617 5488 ll
2653 5433 2779 5489 Cor.
2806 5444 2862 5496 ν,
2896 5427 2985 5482 19.

263 5625 359 5696 2|)
395 5622 567 5696 Vulgo
595 5623 796 5696 ἐαυτῷ.

240 5634 362 5764 ἓξὲξ
394 5634 567 5765 ῧὲἰῖἓὲ
586 5634 903 5749 ἕέἒέῗίετο.

248 5760 362 5832 Ηό)
413 5760 943 5835 Ὑεὶοστησαμένου
1000 5762 1142 5829 Quid
1172 5760 1497 5835 vultqnescio
1555 5776 1569 5813 :
1622 5761 1746 5835 nisi,

174 5840 266 5910 qui
317 5833 727 5895 subsistentiam
763 5837 933 5897 dedit.
968 5843 1018 5891 et
1053 5849 1174 5893 esse
1218 5833 1592 5891 universorum
1619 5833 1745 5888 sub-

1853 5615 2090 5677 stantite,
2117 5614 2219 5669 hoc
2236 5622 2343 5675 est,
2374 5611 2428 5665 in
2458 5623 2579 5677 esse
2606 5604 2880 5677 produxit.
2911 5601 2985 5677 bl.
3074 5588 3079 5597 ’

1927 5669 2042 5756 (‘24)
2068 5669 2250 5756 :Yuglgo
2274 5669 2429 5756 Δἐστιν
2462 5674 2563 5743 εἷς.
2599 5669 2709 5731 Καὶ
2732 5674 2902 5756 λέγει..
2942 5671 3081 5724 ἴδετε
3105 5669 3207 5756 ὅτι.
3251 5711 3395 5756 “nu.

1927 5687 2019 5756 (Ἡ
2077 5686 2250 5753 Vulgo
2281 5686 2429 5736 ἐστιν
2462 5686 2563 5743 εἱς.
2599 5686 2709 5731 Καὶ
2734 5686 2902 5744 λέγει,
2942 5686 3081 5724 ιοετε
3105 5686 3207 5723 οτι.
3390 5711 3395 5715 .

1926 5686 2042 5828 (ἓὸζ
2067 5751 2507 5828 γυιαοιὲκεινου,
2542 5758 2598 5828 _et
2637 5762 2782 5815 utox,
2832 5745 3034 5815 κόσμον
3061 5741 3215 5811 vulgo
3241 5750 3426 5795 errore

1856 5820 1990 5898 oni.;
2022 5820 2145 5884 dein
2170 5820 2330 5894 Vulgo
2359 5824 2470 5886 τοῖς
2504 5820 2696 5889 εὐαγγ.
