3828 6222
461 325 571 386 959

1138 321 1410 379 EUSEBII
1451 322 1932 380 CAESARIENSIS
1971 324 2124 381 OPP.
2165 322 2349 381 PARS
2391 323 2482 382 IV.
2518 323 3018 383 —DOGMATICA.

3625 327 3719 384 960

463 459 677 517 quoque
707 444 761 499 in
799 441 1113 515 Evangelio,
1145 444 1257 515 ipse
1294 461 1460 499 unum
1501 447 1675 502 solum
1713 447 1881 506 Deum
1915 449 2025 503 i‘nti-

2143 447 2534 519 φθεγγόμενος.
2580 446 2639 501 Ὀ
2666 444 2724 497 δὲ
2754 444 2849 498 καὶ
2873 444 3035 506 αὐτὸς
3060 444 3090 496 δ
3113 442 3245 506 Υἱὸς
3287 442 3345 496 ἐν
3376 441 3722 510 Εύαγγελίοις

462 551 614 592 mare
674 535 888 591 videtur
942 536 1234 607 inquiens:
1282 540 1411 594 IIth
1467 548 1544 591 est
1604 550 1778 594 autem
1829 546 1888 604 ›Ῑ‹
1939 541 2044 596 vita

462 639 683 696 a'terna,
710 638 766 684 ut
794 639 1113 701 cognoscant
1136 641 1183 686 te
1213 648 1373 685 unum
1402 632 1569 688 solum
1598 633 1780 696 Deum,
1808 643 1858 689 et
1892 650 2043 703 quem

458 721 652 776 misisti
680 721 861 776 letum
885 720 1150 776 Christum
1172 722 1238 776 ⁶².
1280 722 1371 777 Ille
1399 735 1516 777 erat
1538 738 1667 794 ergo
1688 739 1849 779 verus
1880 723 2039 780 Deus:

460 814 555 883 qui
587 829 726 870 unus
764 812 910 869 solus
946 820 1049 880 est,
1085 822 1141 868 et
1172 829 1280 868 non
1316 826 1401 869 est
1438 815 1577 869 alius
1608 825 1806 883 praeter
1844 817 2038 887 ipsum.

461 905 561 972 Qui
602 920 711 960 non
750 905 926 960 solum
979 920 1075 975 per
1118 906 1429 975 pr0phetas,
1478 911 1571 962 sed
1612 917 1667 963 et
1716 924 1811 978 per
1847 908 2040 963 Filium

459 1010 616 1051 suum
666 996 767 1051 ista
825 996 1054 1066 tempori
1108 997 1520 1061 convenientia,
1562 998 1895 1055 idololatrico
1944 1000 2041 1054 Ju-

460 1088 702 1143 dzeorum
750 1087 948 1159 populo
982 1089 1348 1159 praecipiebat.
1400 1088 1663 1156 Quocirca
1704 1089 1889 1157 Isaias,
1947 1102 2041 1147 aut

462 1179 605 1234 Deus
640 1179 819 1248 potius
869 1194 966 1249 per
1008 1180 1199 1236 Isaiam
1241 1181 1319 1236 ait
1357 1199 1374 1237 :
1420 1182 1625 1236 Prwter
1667 1200 1749 1238 me
1810 1199 1916 1239 non
1964 1196 2039 1238 est

459 1268 650 1324 Deus:
680 1267 812 1334 Quis
854 1280 909 1323 ut
946 1287 1060 1341 ego,
1097 1279 1205 1329 etc.
1243 1271 1347 1326 Vos
1380 1273 1501 1326 estis
1546 1282 1700 1327 testes
1730 1273 1778 1327 si
1820 1276 1937 1344 quis
1968 1276 2034 1329 sit

460 1360 603 1414 Deus
655 1370 848 1428 praeter
898 1377 979 1414 me
1013 1361 1079 1416 ".
1132 1361 1482 1417 Subiutulit:
1532 1360 1684 1428 Quod
1730 1379 1833 1417 non
1882 1373 2035 1418 erant

458 1462 584 1505 tunc
625 1454 717 1522 qui
765 1452 1029 1523 ﬁngebant
1075 1463 1125 1508 et
1173 1454 1513 1522 sculpebant,
1560 1470 1736 1509 omnes
1780 1456 1902 1510 vani
1949 1456 2035 1525 fa-

458 1542 649 1596 cientes
698 1560 816 1613 qua:
861 1543 1135 1612 placebant
1183 1544 1293 1599 illis
1332 1545 1398 1599 “.
1455 1545 1665 1615 Ubique
1709 1553 1889 1602 autem
1940 1564 2037 1618 per

457 1632 601 1687 illius
658 1634 996 1703 prophetiam
1059 1636 1183 1690 licet
1234 1636 1664 1702 animadvertas,
1711 1639 2036 1697 inanimatas

457 1724 577 1779 illas
622 1735 830 1782 statuas
866 1726 1163 1797 ﬂagellatas
1199 1747 1212 1784 :
1250 1739 1305 1786 et
1338 1730 1586 1785 similiter
1618 1732 1759 1801 apud
1797 1734 2035 1803 singulos

456 1817 841 1886 prophetarum
901 1836 1066 1875 unum
1108 1822 1272 1876 Deum
1313 1822 1554 1879 invenies
1587 1825 1937 1891 celebratum,
1976 1838 2035 1882 ut
2064 1808 2108 1864 Β

457 1918 773 1962 avertantur
802 1910 1047 1966 homines
1072 1926 1103 1967 a
1135 1912 1355 1966 deorum
1389 1912 1749 1970 multitudine.
1778 1915 1857 1970 Ad
1888 1932 2036 1971 eum-

456 1996 577 2052 dem
613 1999 827 2054 modum
863 2017 960 2057 nos
992 2002 1047 2057 in
1086 2018 1376 2073 congressu
1411 2020 1733 2076 quocunque
1769 2023 1890 2062 cum
1935 2024 2035 2079 pa-

456 2090 611 2159 ganis
644 2090 877 2148 solemus
916 2094 1220 2150 doctrinam
1249 2096 1313 2151 de
1341 2095 1560 2152 Christo
1601 2099 1654 2154 in
1688 2109 1898 2170 tempus
1935 2118 2033 2171 op-

452 2192 742 2251 portunum
776 2200 1065 2254 reponere,
1100 2198 1155 2245 et
1182 2189 1233 2243 in
1270 2192 1518 2259 praesenti
1563 2194 1764 2247 erroris
1807 2193 2035 2249 idolola-

454 2274 579 2329 trici
634 2277 1070 2347 redargutionem
1130 2293 1467 2350 proponere,
1518 2290 1573 2337 et
1627 2284 1718 2339 Dei
1773 2286 2032 2342 unitatem

453 2363 899 2425 demonstrativis
961 2370 1265 2427 rationibus
1328 2373 1591 2430 stabilire.
1668 2376 1851 2432 Discat
1910 2380 2032 2434 ideo

452 2454 758 2524 Marcellus,
801 2461 847 2517 si
881 2471 1057 2518 tamen
1089 2465 1182 2532 qui
1225 2465 1622 2523 obveteraverit
1667 2484 1790 2525 cum
1822 2472 2037 2540 episeo-

448 2558 581 2618 patu
636 2551 690 2606 in
730 2551 970 2609 Ecclesia
1026 2556 1229 2612 Christi
1273 2558 1509 2613 nondum
1560 2559 1839 2627 didicerit,
1887 2564 2030 2631 quod

450 2641 694 2709 mysterii
746 2642 890 2699 illius
927 2645 1227 2701 absconditi
1268 2648 1659 2718 intelligentia,
1704 2660 1916 2707 vetusto
1950 2652 2027 2707 illi

448 2729 648 2798 populo
693 2746 799 2787 non
860 2737 1361 2792 communicabatur
1415 2740 1482 2794 de
1530 2739 1669 2795 Filio
1715 2741 1845 2806 Deo,
1893 2758 2025 2812 pro-

448 2828 634 2886 pterea
675 2823 817 2891 quod
867 2825 935 2879 ab
977 2826 1281 2882 idololatria
1320 2829 1663 2899 impendebat
1710 2832 1778 2888 iis
1810 2834 2028 2901 pericu-

448 2910 559 2966 lum
583 2952 599 2977 ,
622 2923 678 2969 et
703 2915 843 2985 quod
875 2915 1127 2974 Ecclesia:
1159 2922 1527 2976 tantummodo
1555 2925 1870 2994 mysterium
1899 2926 2028 2981 illud

447 3017 478 3055 a
512 3003 728 3070 saeculo,
768 3015 822 3060 et
867 3010 1303 3077 generationibus
1355 3012 1726 3067 absconditum
1776 3030 2026 3070 reserva-

446 3092 609 3148 batur
636 3094 984 3161 aperiendum
1013 3097 1082 3152 ab
1134 3097 1301 3166 ipsius
1333 3101 1526 3169 gratia.
1555 3099 1612 3154 In
1639 3117 1745 3170 quo
1769 3107 2027 3175 mysterio

448 3182 517 3236 de
553 3194 736 3239 sancta
772 3185 1036 3242 Trinitate
1064 3188 1224 3254 ratio,
1266 3190 1333 3244 de
1376 3189 1556 3257 Patre,
1592 3191 1750 3256 Filio,
1796 3204 1853 3249 et
1900 3194 2022 3263 Spi-

446 3272 556 3327 ritu
581 3283 791 3342 sancto,
823 3276 1077 3332 nimirum
1108 3280 1687 3350 comprehendebatur.
1717 3284 1878 3355 Atqui
1912 3294 2021 3340 tant

446 3362 617 3418 multa
664 3366 883 3437 collegit
931 3370 985 3423 in
1034 3386 1235 3435 unum,
1281 3382 1413 3442 quot
1464 3373 1548 3430 vel
1597 3375 1663 3430 de
1713 3375 2020 3432 Iudaeorum

445 3466 608 3523 gente
671 3458 988 3515 circumcisa
1040 3462 1298 3533 magister
1353 3463 1405 3518 in
1458 3462 1684 3519 Iudaica
1738 3465 2021 3538 Synagoga

442 3548 922 3606 concionabun'dus
957 3564 1354 3623 coaeervasset,
1395 3564 1453 3611 et
1495 3556 1756 3627 gloriatur
1796 3573 1857 3614 se
1904 3560 2022 3615 haec

446 3637 650 3694 Christi
703 3642 982 3711 discipulis
1034 3645 1331 3712 exhibere,
1412 3649 1539 3703 dum
1594 3650 1806 3722 ignorat
1877 3654 2021 3723 quod

446 3728 617 3785 multa
656 3732 829 3787 adhuc
867 3733 1016 3802 plura
1048 3733 1264 3791 Judasus
1306 3739 1601 3795 secundum
1634 3755 1854 3796 carnem
1889 3758 2019 3812 pro-

449 3820 679 3876 tulisset.
721 3822 923 3879 Horum
973 3828 1145 3898 gratia
1187 3830 1276 3886 hic
1324 3831 1587 3887 insultat:
1623 3849 1727 3889 non
1757 3850 2021 3891 verecun-

442 3910 603 3966 datur
654 3926 834 3970 autem
862 3919 1003 3986 quod
1039 3920 1389 3992 theologicam
1426 3924 1765 3981 verissimam
1795 3927 1863 3982 de
1892 3927 2020 3983 Ser-

442 4011 842 4063 vatore-uostro
872 4014 1134 4066 rationem
1166 4014 1447 4082 pervertit.

987 4108 1045 4165 >Ι⁴
1077 4103 1228 4158 CAP.
1275 4104 1462 4159 XXIII.

639 4188 794 4254 Quod
829 4190 1070 4247 Ecclesia
1099 4210 1200 4249 non
1234 4198 1486 4264 pradicet
1515 4200 1639 4254 deos
1669 4199 1823 4255 duos.

510 4280 758 4349 .nprimis
804 4298 910 4337 non
968 4283 1225 4356 intelligit
1272 4287 1474 4342 dictum
1528 4290 1691 4346 divini
1738 4291 2012 4360 Apostoli,

438 4367 532 4436 qui
574 4368 932 4427 diversimode
973 4373 1129 4429 docet
1177 4390 1301 4431 esse
1340 4377 1487 4432 illum
1542 4378 1635 4435 Dei
1686 4381 2012 4451 imaginem,

2145 540 2453 612 παρεδίδου,
2485 539 2582 592 ἕνα
2620 537 2779 609 μόνον
2813 535 3009 589 εἰδέναι
3051 533 3316 588 διδάσκων
3364 533 3520 599 Θεὸν,
3558 535 3616 587 ἐν
3650 531 3723 598 οἷς

2143 633 2347 703 ἔλεγεν,
2363 633 2524 701 Αὕτη
2542 632 2610 685 δέ
2623 632 2798 685 ἐστιν
2813 630 2850 698 ἡ
2868 627 3101 693 αἰώνιος
3121 625 3253 695 ζωὴ,
3273 627 3374 680 ἵνα
3388 625 3725 696 γινώσκωσι

2142 746 2217 785 σε
2245 729 2354 783 τὸν
2375 729 2565 799 μόνον
2606 724 2902 794 ἀληθινὸν
2935 721 3104 787 Θεὸν,
3133 722 3232 775 καί
3262 720 3335 775 ὃν
3362 720 3723 786 ἀπέστειλας

2155 819 2392 888 Ἰησοῦν
2422 818 2706 887 Χριστόν.
2742 809 2910 879 Οὗτος
2942 808 3035 868 οῦν
3082 814 3113 866 ὁ
3149 810 3400 881 ἀληθινὸς
3425 806 3495 881 ἦν
3524 810 3675 875 Θεὸς,
3698 810 3725 863 δ

2140 906 2223 974 εἷς
2256 910 2434 980 μόνος,
2472 909 2568 962 καὶ
2597 908 2784 979 ἕτερος
2826 904 2926 958 οὐκ
2961 904 3076 957 ἐστι
3105 901 3243 973 πλὴν
3273 899 3462 963 αὐτοῦ’
3509 899 3623 969 (26)
3653 899 3725 970 μὴ

2144 1001 2302 1073 μόνον
2318 1000 2406 1055 διὰ
2421 1000 2529 1054 τῶν
2546 998 2862 1072 προφητῶν,
2884 996 3020 1051 ἀλλά
3034 995 3122 1049 διὰ
3137 993 3230 1048 τοῦ
3252 992 3383 1047 ἰδίου
3401 991 3534 1045 Υίοῦ
3560 990 3729 1044 ταῦτα

2140 1095 2261 1148 κατ’
2313 1095 2490 1147 ἐκεῖνο
2542 1090 2737 1163 καιροῦ
2777 1086 3282 1160 εἰδωλολατρεύοντι
3328 1084 3406 1155 τῷ
3462 1083 3731 1137 Ἰουδαίων

2139 1184 2560 1256 ἐγκελευόμενος
2590 1183 2753 1237 ἔθνει.
2777 1180 2985 1235 Αὐτίκα
3001 1180 3047 1233 δ’
3070 1176 3165 1234 οὖν
3183 1180 3212 1232 δ
3241 1179 3491 1241 Ἡσαΐας,
3529 1175 3728 1247 μᾶλλον

2136 1279 2194 1331 δὲ
2225 1281 2253 1331 ὁ
2285 1276 2417 1340 Θεδς
2464 1277 2531 1330 δι’
2559 1274 2747 1335 αὐτοῦ,
2790 1272 2961 1327 εἰπών
2984 1289 2997 1303 ·
3035 1271 3211 1339 Πλὴν
3253 1269 3399 1340 ἐμοῦ
3440 1271 3554 1322 οὐκ
3598 1268 3730 1322 ἐστι

2141 1370 2303 1436 Θεός.
2322 1369 2424 1435 Τις
2435 1366 2637 1437 ὥσπερ
2657 1365 2793 1436 ὲγώ;
2818 1366 2910 1419 καὶ
2933 1363 3079 1435 ἑξῆς·
3105 1363 3411 1433 Μάρτυρες
3425 1362 3537 1432 (27)
3561 1362 3733 1432 ὑμεῖς

2135 1461 2295 1525 ἐστε,
2331 1462 2381 1515 εἰ
2427 1461 2561 1515 ἔστι
2613 1459 2757 1524 Θεὸς
2795 1456 2964 1525 πλὴν
2998 1456 3167 1526 ἐμοῦ,
3209 1456 3458 1527 ἐπήγαγε
3495 1454 3580 1508 τό·
3621 1454 3729 1508 Καὶ

2136 1555 2247 1607 οὐκ
2274 1549 2438 1623 ἦσαν
2482 1551 2615 1604 τότε
2656 1554 2710 1604 οἱ
2742 1548 3130 1614 πλάσσοντες
3161 1546 3259 1601 καὶ
3301 1549 3357 1599 οἱ
3389 1547 3727 1616 γλύφοντες

2135 1642 2359 1709 πάντες
2383 1641 2642 1713 μάταιοι,
2679 1639 2997 1706 ποιοῦντες
3022 1639 3097 1693 τὰ
3127 1638 3461 1707 καταθύμια
3503 1636 3733 1693 αὐτῶν.

2136 1732 2248 1785 Καὶ
2277 1732 2343 1784 δι’
2372 1731 2501 1803 ὅλης
2531 1730 2588 1784 δέ
2620 1732 2718 1803 τῆς
2752 1728 2915 1784 αὑτοῦ
2950 1728 3286 1801 προφητείας
3313 1727 3496 1798 εὕροις
3537 1728 3609 1783 ἂν
3639 1745 3733 1781 κο-

2136 1822 2379 1893 πτόμενα
2410 1821 2477 1875 τὰ
2504 1820 2687 1892 ἀψυχα
2732 1819 2916 1884 ξόανα,
2948 1820 3044 1873 καὶ
3082 1818 3212 1891 παρ’
3245 1817 3462 1888 ἑκάστῳ
3490 1816 3550 1869 δὲ
3598 1833 3732 1888 προ-

2138 1915 2281 1986 φήτῃ
2329 1914 2531 1985 δμοίως
2574 1913 2656 1977 εἰς
2695 1911 3016 1985 ἀποτροπὴν
3056 1912 3156 1982 τῆς
3200 1909 3465 1964 πολυθέου
3517 1909 3729 1980 πλάνης

2134 2006 2225 2058 τὸν
2254 2006 2350 2058 ἕνα
2380 2005 2510 2059 Θεὸν
2535 2006 2940 2077 κηρυττόμενον
2966 2004 3238 2075 εὑρήσεις.
3268 2001 3427 2055 Οὕτω
3447 2002 3547 2055 καὶ
3570 2002 3731 2072 ἡμεῖς

2134 2099 2405 2171 εἰώθαμεν
2445 2100 2711 2172 Ἐλλήνων
2740 2102 2853 2163 τοῖς
2898 2098 3304 2168 δεισιδαίμοσιν,
3337 2098 3395 2149 ἐν
3439 2100 3558 2160 τοῖς
3596 2097 3727 2169 πρὸς

2134 2193 2330 2256 αὐτοὺς
2351 2192 2636 2261 διαλόγοις,
2671 2192 2770 2263 τὴν
2794 2190 2893 2261 μὲν
2918 2190 3048 2261 περὶ
3076 2189 3167 2242 τοῦ
3196 2188 3439 2259 Χριστοῦ
3470 2188 3727 2241 διδασκα-

2136 2285 2277 2349 λίαν,
2303 2287 2382 2348 εἰς
2421 2284 2679 2357 εὔκαιρον
2719 2282 3098 2355 ταμιεύεσθαι,
3133 2281 3271 2345 τέως
3307 2281 3365 2334 δὲ
3407 2281 3601 2343 αὐτοῖς
3630 2280 3726 2350 τῆς

2130 2373 2515 2445 εἰδωλολάτρου
2565 2373 2774 2444 πλάνης
2818 2371 3075 2441 ἐλέγχους
3122 2372 3457 2443 προσφέρειν
3495 2370 3599 2423 καὶ
3638 2369 3727 2422 τὸν

2129 2465 2225 2518 ἕνα
2271 2460 2409 2517 εἶναι
2450 2463 2585 2517 Θεὸν
2620 2464 3020 2524 ἀποδεικτικοῖς
3055 2461 3493 2524 κατασκευάζειν
3522 2459 3722 2527 λόγοις.

2129 2557 2462 2611 Μανθανέτω
2502 2556 2682 2609 τοίνυν
2731 2554 3071 2627 Μάρκελλος,
3122 2555 3170 2607 εἰ
3218 2553 3622 2625 καταγηράσας
3669 2554 3723 2604 ἐν

2129 2647 2402 2717 ἐπισκοπῇ
2441 2646 2541 2717 τῆς
2594 2645 2833 2719 Χριστοῦ
2892 2644 3237 2715 Ἐκκλησίας,
3285 2642 3442 2697 οὔπω
3495 2642 3596 2697 καὶ
3629 2641 3721 2694 νῦν

2131 2736 2473 2808 μεμάθηκεν,
2500 2737 2584 2789 ὅτι
2612 2735 2691 2805 τῷ
2719 2734 2933 2805 παλαιῷ
2961 2735 3074 2806 λαῷ
3103 2738 3137 2805 ἡ
3166 2735 3260 2787 τοῦ
3288 2733 3723 2805 ἀποκεκρυμμέ-

2128 2840 2220 2875 νου
2252 2823 2553 2895 μυστηρίου
2581 2827 2708 2896 περὶ
2734 2825 2829 2877 τοῦ
2861 2823 2990 2877 Υίοῦ
3021 2823 3115 2878 τοῦ
3135 2824 3271 2877 Θεοῦ
3294 2825 3499 2893 γνῶσις
3528 2824 3723 2876 mssa.

2127 2912 2286 2984 ληλος
2316 2914 2564 2985 οὐδαμῶς
2597 2911 2684 2987 ἦν,
2726 2915 3030 2988 ὀλισθηρῶς
3062 2916 3237 2987 ἔχοντι
3266 2918 3403 2989 πρὸς
3431 2916 3720 2970 εἰδωλολα-

2126 3006 2335 3079 τρείαν,
2362 3008 2456 3060 καὶ
2476 3007 2551 3070 ὡς
2574 3008 2714 3081 μόνῃ
2733 3011 2800 3079 τῇ
2820 3008 2985 3062 αὑτοῦ
3020 3009 3316 3081 Ἐκκλησία
3337 3010 3399 3062 τὸ
3418 3010 3721 3081 μυστήριον

2128 3098 2188 3151 τὸ
2217 3099 2706 3171 ἀποκεκρυμμένον
2754 3101 2863 3154 ἀπὸ
2895 3101 3003 3154 τῶν
3040 3100 3275 3166 αἰώνων,
3313 3102 3409 3154 καὶ
3458 3102 3574 3155 ἀπὸ
3610 3101 3718 3155 τῶν

2129 3189 2350 3259 γενεῶν,
2375 3188 2463 3243 διὰ
2490 3193 2589 3262 τῆς
2621 3190 2785 3245 αὐτοῦ
2810 3191 3030 3263 χάριτος
3058 3192 3395 3263 ἐταμιεύετο.
3416 3192 3509 3245 Ἐν
3542 3186 3589 3261 ᾧ
3619 3211 3714 3262 μυ-

2131 3281 2336 3352 στηρίῳ
2372 3284 2402 3336 ό
2430 3284 2559 3353 περὶ
2592 3284 2691 3354 τῆς
2717 3283 2877 3353 ἁγίας
2904 3283 3134 3356 Τριάδος
3164 3285 3377 3358 Πατρὸς
3418 3286 3517 3338 καὶ
3560 3285 3713 3347 Υίοῦ,

2129 3373 2224 3426 καὶ
2246 3374 2400 3442 ἁγίου
2426 3374 2740 3447 Πνεύματος
2769 3376 3074 3447 περιείχετο
3097 3376 3274 3445 λόγος.
3309 3378 3368 3430 '0
3395 3377 3455 3430 δὲ
3474 3376 3715 3430 τοσαῦτα

2131 3464 2471 3533 συναγαγὼν,
2525 3466 2625 3519 ὅσα
2671 3465 2738 3518 ἂν
2787 3466 2931 3520 εἴποι
2982 3467 3078 3520 καὶ
3142 3467 3414 3521 Ἰουδαίων
3457 3468 3711 3522 διδάσκα-

2127 3552 2219 3617 λος
2234 3556 2364 3626 περὶ
2394 3554 2494 3627 τῆς
2531 3557 2767 3627 ἐκτομῆς
2807 3558 2919 3629 (28)
2950 3557 3155 3628 ὁμιλῶν
3182 3558 3242 3610 ἐν
3293 3558 3569 3611 Ἰουδαίων
3596 3576 3715 3611 συν-

2128 3648 2343 3717 αγωγῇ,
2396 3646 2721 3717 σεμνύνεται
2761 3650 2873 3711 τοῖς
2924 3648 3163 3720 Χριστοῦ
3217 3648 3489 3719 μαθηταῖς
3541 3649 3716 3703 ταῦτα

2128 3737 2580 3809 προϐαλλόμενος
2628 3740 2731 3794 οὐκ
2767 3739 2921 3805 εἰδὼς
2938 3744 3021 3795 ὅτι
3055 3741 3277 3797 πλείονα
3292 3741 3458 3796 αὐτοῦ
3475 3744 3624 3796 εἴποι
3650 3742 3717 3797 ἂν

2126 3832 2155 3884 δ
2188 3833 2497 3903 σωματικὸς
2536 3834 2950 3899 Ἰουδαῖος.Ἐπί
2981 3836 3193 3899 τούτοις
3228 3835 3329 3906 μὲν
3378 3831 3474 3889 οὖν
3532 3838 3715 3907 αὐχεῖ,

2126 3925 2239 3996 (29)
2273 3925 2369 3990 τὰς
2398 3926 2443 3979 δ’
2482 3925 2702 3998 ἀληθεῖς
2746 3930 2875 3999 περί
2910 3928 3005 3982 τοῦ
3052 3928 3304 3999 Σωτῆρος
3338 3929 3496 3999 ἡμῶν
3534 3929 3717 3983 θεολο-

2124 4021 2250 4090 γίας
2276 4021 2617 4093 διαστρέφων
2647 4024 2747 4076 οὐκ
2780 4022 3197 4091 ἐγκαλύπτεται.

2758 4112 2916 4167 ΚΕΦ.
2950 4114 3077 4168 K1".

2230 4203 2353 4258 Ὅτι
2377 4203 2464 4273 μὴ
2494 4205 2604 4259 δύο
2636 4205 2816 4273 θεοὺς
2844 4208 2882 4275 ἠ
2930 4206 3270 4274 Ἐκκλησία
3300 4206 3607 4274 κηρύττει.

2193 4293 2402 4346 Αὐτίκα
2417 4294 2461 4347 δ’
2490 4290 2583 4347 οὖν
2604 4296 2664 4347 οὐ
2688 4294 2902 4365 συνίησι
2930 4293 3033 4357 τὰς
3053 4293 3236 4363 φωνάς
3258 4293 3353 4347 τοῦ
3372 4293 3521 4347 θείου
3563 4294 3719 4347 Ἀπο-

2124 4385 2331 4449 στόλου,
2364 4385 2638 4458 διαφόρως
2667 4385 2996 4452 διδάξαντος,
3034 4387 3198 4441 αὐτὸν
3228 4381 3369 4441 εἶναι
3401 4387 3596 4441 εἰκόνα
3624 4387 3717 4441 τοῦ

438 4460 620 4517 verbis
652 4478 682 4517 a
712 4479 798 4518 me
838 4468 1127 4536 propositis
1154 4486 1170 4523 :
1200 4470 1341 4524 unde
1371 4487 1468 4541 par
1501 4472 1604 4528 fuit
1640 4485 1700 4530 ut
1746 4476 2015 4548 intellige—

2139 4476 2279 4542 θεοῦ,
2317 4478 2384 4532 δι’
2417 4472 2492 4531 ὧν
2532 4478 2798 4549 ἐξεθέμην
2831 4477 2997 4533 αὑτοῦ
3030 4478 3231 4544 λέξεων
3252 4496 3266 4508 ·
3298 4476 3419 4533 δέον
3458 4478 3719 4533 ἐντεῦθεν

438 4559 543 4620 ret,
593 4554 735 4621 quod
779 4556 1018 4613 Ecclesia
1065 4559 1160 4615 Dei
1207 4576 1313 4615 non
1363 4564 1620 4633 prazdicat
1669 4566 1805 4623 duos
1857 4568 2010 4625 deos.

435 4640 571 4696 Nam
620 4660 718 4701 nec
748 4647 882 4703 duos
918 4650 1182 4719 ingenitus
1210 4654 1383 4709 credit
1412 4664 1505 4710 aut
1551 4658 2010 4729 imprincipiatos,

436 4742 498 4786 ut
530 4750 635 4789 non
664 4739 830 4793 semel
864 4742 1120 4809 diximus,
1152 4745 1246 4799 sed
1279 4761 1379 4802 nec
1412 4747 1548 4805 duas
1578 4752 1916 4809 substantias
1942 4768 2010 4809 ex

434 4823 663 4881 adverso
700 4828 1036 4887 introductas
1082 4834 1288 4889 honore
1326 4851 1483 4905 pares
1526 4840 1723 4894 asserit
1764 4856 1779 4894 :
1828 4840 2011 4911 itaque

433 4931 611 4986 neque
640 4920 773 4976 duos
799 4920 949 4988 deos,
999 4925 1092 4979 sed
1124 4927 1343 4982 unicum
1386 4929 1711 4999 principium
1744 4939 1799 4985 et
1837 4930 2004 4985 Deum

433 5008 693 5073 praedicat
732 5027 852 5065 esse
885 5012 1098 5069 Patrem
1143 5017 1352 5073 scilicet
1395 5020 1656 5089 unigeniti
1712 5030 1768 5077 et
1823 5022 2009 5079 dilecti

431 5097 588 5164 Filii,
617 5114 778 5155 unam
816 5118 1031 5173 quoque
1069 5106 1357 5177 imaginem
1401 5109 1691 5167 invisibilis
1723 5110 1840 5179 Dei,
1888 5130 2009 5183 qua:

494 5289 553 5349 ᾗ
592 5285 687 5341 Ed.
716 5285 917 5355 Paris.,
954 5303 1078 5362 pag.
1113 5291 1238 5359 MO,
1279 5293 1399 5348 Ml.
1515 5298 1560 5330 ⁸³
1599 5298 1763 5358 Joan.
1794 5316 1940 5371 xvu,
1981 5305 2039 5363 5.

501 5466 614 5582 ἕὲξί
646 5470 816 5582 ἕῖξῗεξί
840 5471 1009 5582 fill;

648 5537 816 5621 [ullgo
840 5537 933 5621 καὶ
962 5537 1232 5621 adora-et
1262 5560 1409 5621 mox,
1431 5548 1713 5621 ἐπήγαγεν
1740 5550 1789 5606 ό.

503 5607 616 5675 (28)
652 5611 791 5684 Περί
816 5612 927 5679 τῆς
963 5607 1243 5684 ἐκτομῆς.
1277 5607 1405 5671 Νοὰ
1435 5607 1641 5675 σοι”όέ
1679 5621 2004 5677 circumcisa

435 5687 595 5760 gente
650 5683 931 5760 magister,
978 5691 1038 5760 ut
1082 5683 1142 5760 iu
1184 5687 1457 5760 versione,
1510 5690 1665 5759 quasi
1721 5691 2001 5760 legendum

436 5755 582 5805 esset
616 5749 763 5817 παρὰ
794 5761 886 5805 aut
910 5752 1016 5805 ἀπὸ
1046 5753 1145 5825 τῆς
1176 5749 1496 5828 περιτομῆς.
1528 5749 1633 5816 Sed
1667 5749 1815 5818 rect}:
1846 5763 2004 5817 lectio

2123 4571 2381 4635 συνεῖναι,
2409 4568 2486 4633 ὡς
2516 4570 2579 4622 οὐ
2605 4569 2699 4623 δύο
2735 4569 2890 4634 θεοὺς
2921 4572 2955 4642 ἡ
2994 4570 3289 4642 Ἐκκλησία
3318 4569 3413 4623 τοῦ
3448 4569 3594 4623 Θεοῦ
3618 4587 3721 4639 κη-

2122 4658 2327 4732 ρύττεν
2363 4661 2424 4713 οὐ
2452 4660 2561 4733 γὰρ
2603 4660 2696 4714 δύο
2736 4662 3027 4733 ἀγέννητα,
3072 4662 3193 4715 οὐδὲ
3231 4661 3326 4715 δύο
3346 4662 3591 4733 ἀναρχα,
3641 4662 3719 4726 ὡς

2118 4752 2379 4817 πολλάκις
2408 4756 2541 4825 ἡμῖν
2571 4755 2807 4826 εἴρηται,
2834 4754 2956 4808 οὐδὲ
2985 4754 3080 4808 δύο
3122 4754 3310 4818 οὐσίας
3340 4753 3399 4821 ἐξ
3437 4756 3717 4826 ἰσοτιμίας

2116 4843 2692 4917 ἀντιπαρεξαγομένας
2736 4845 2997 4917 ἀλλήλαις
3031 4845 3142 4917 (50)
3181 4845 3414 4914 εἰσάγει’
3456 4845 3545 4898 διὸ
3592 4845 3713 4900 οὐδὲ

2111 4934 2207 4989 δύο
2236 4936 2422 5002 θεοὺς,
2450 4937 2587 4991 ἀλλὰ
2617 4938 2745 5009 μίαν
2766 4939 2943 5011 ἀρχὴν
2961 4939 3056 4992 καὶ
3076 4936 3209 4991 Θεὸν
3234 4936 3399 5003 εἶναι,
3430 4937 3528 4990 τὸν
3550 4938 3712 4990 αὐτὸν

2114 5028 2333 5101 Πατέρα
2360 5030 2685 5084 διδάσκουσα
2717 5028 2855 5087 εἶναι
2877 5031 2972 5084 τοῦ
3012 5030 3332 5102 μονογενοῦς
3359 5031 3459 5084 καὶ
3487 5032 3709 5099 ara-nr,-

2112 5119 2208 5172 τοῦ
2240 5120 2393 5187 Υἰοῦ,
2424 5121 2688 5187 ὡσαύτως
2716 5123 2773 5176 δὲ
2807 5122 2903 5175 καὶ
2951 5122 3080 5195 μίαν
3108 5122 3295 5175 εἰκόνα
3316 5120 3415 5175 τοῦ
3448 5120 3588 5175 Θεοῦ
3616 5118 3705 5173 τοῦ

2113 5306 2159 5339 ⁸³
2199 5306 2298 5363 Isa.
2327 5325 2452 5376 xcv,
2482 5310 2570 5380 II,
2600 5312 2685 5377 I8,
2719 5311 2806 5377 I9,
2836 5310 2930 5367 2L
3008 5310 3054 5342 “
3093 5309 3227 5366 ibid.
3249 5307 3346 5366 20.

2111 5488 2495 5561 θριγέκτομῆς,
2526 5488 2595 5544 de
2642 5486 2944 5561 excisione,
2987 5494 3043 5541 et
3094 5485 3473 5561 eradicatione
3526 5483 3696 5557 gentis

2111 5558 2180 5613 ab
2212 5556 2517 5630 idololatria
2542 5560 2809 5630 ;rstatim.
2834 5558 2929 5613 καὶ
2962 5556 3307 5630 σεμνύνεται.
3349 5556 3425 5614 Μ.

2181 5628 2296 5699 (29)
2328 5630 2498 5699 Vulgo
2529 5629 2628 5699 μὲν
2661 5628 2840 5699 αὐχεῖ.

2184 5632 2297 5773 (29ς
2328 5632 2498 5699 Vulgo
2523 5632 2628 5753 sitv
2661 5632 2793 5711 αύχε

2184 5698 2275 5772 (50
2331 5698 2500 5771 Vulgo
2560 5698 2793 5770 λλήιοις.
