3828 6222
90 322 195 380 961

1045 324 1134 381 DE
1174 325 1710 388 EGCbESIASTlCA
1748 333 2146 393 THEOLOGIA
2197 338 2328 397 LIB.
2366 338 2425 400 ll

3260 348 3367 407 962

84 441 356 515 ἀοράτου,
398 441 500 514 τὴν
540 441 716 516 αὐτὴν
764 435 933 498 οὖσαν
972 443 1051 516 τῷ
1094 450 1373 517 μονογενεῖ
1417 449 1512 503 καί
1558 450 1656 519 ἀγα

1797 457 1985 511 eadem
2027 458 2098 513 sit
2141 473 2262 514 cum
2300 459 2581 532 unigenito
2620 471 2678 518 et
2708 462 2906 521 dilecto
2944 463 3122 521 Filio:
3153 465 3368 527 etiamsi

82 533 261 605 πητῷ
275 532 389 605 Υἰῷ
411 533 596 602 αὐτοῦ,
621 534 727 588 κᾶν
743 534 878 608 λέγῃ
896 534 953 587 δὲ
980 538 1008 590 6
1043 536 1386 606 Ἀπόστολος,
1421 538 1687 610 θεολογῶν

83 625 185 678 τὸν
212 625 455 696 Πατέρα·
492 625 554 679 '0
580 626 873 696 μακάριος
897 628 994 681 καὶ
1023 629 1214 699 μόνος
1235 629 1564 701 δυνάστης,
1592 634 1687 688 καὶ

84 716 281 769 πάλιν
303 717 355 769 Ὁ
361 718 552 786 μόνος
568 718 725 788 ἔχων
738 719 1098 785 ἀθανασίαν,
1113 720 1239 789 φῶς
1261 721 1441 776 οἰκῶν
1466 723 1688 793 ἀπρόσ-

86 822 257 870 ιτον,
317 808 411 860 καὶ
458 802 635 870 αὖθις·
692 806 776 874 Τῷ
828 807 897 862 δὲ
956 810 1212 874 ,Βασιλεῖ
1262 811 1383 867 τῶν
1432 815 1681 881 αἰώνων,

78 899 392 968 ἀφθάρτῳ,
435 899 684 970 ἀοράτῳ,
726 902 894 971 μόνῳ
949 902 1090 969 Θεῷ,
1143 905 1235 958 καὶ
1277 906 1459 962 πάλιν·
1506 912 1685 976 Μόνῳ

76 990 267 1057 σοφῷ
310 990 433 1057 Θεῷ
474 990 573 1047 διὰ
615 991 813 1062 Ἰησοῦ
855 994 1116 1062 Χριστοῦ
1151 996 1191 1065 ἠ
1225 995 1376 1062 δόξα
1414 1001 1502 1067 εἰς
1540 1000 1684 1067 τοὺς

72 1079 332 1147 αἰῶνας,
368 1082 549 1152 ἀμήν.
580 1082 700 1137 Κᾶν
725 1082 926 1137 τούτων
968 1084 1047 1138 ἔτι
1080 1087 1300 1142 πλείονα
1343 1089 1553 1160 λέγοιτο
1601 1093 1682 1155 εἰς

68 1172 401 1242 νδοξολογίαν
433 1173 528 1229 τοῦ
554 1174 674 1239 ἑνὸς
704 1176 798 1230 καὶ
823 1176 918 1228 ἐπὶ
947 1177 1162 1233 πάντων
1188 1180 1323 1234 Θεοῦ
1354 1182 1447 1237 καὶ
1474 1183 1681 1238 τούτων

76 1266 349 1319 ἁπάντων
370 1266 484 1338 ,χρὴ
517 1270 656 1323 νοεῖν
687 1268 875 1323 εἰκόνα
921 1267 1061 1326 εἶναι
1100 1273 1193 1325 τὸν
1245 1276 1508 1348 μονογενῆ
1551 1276 1680 1333 Υἰὸν

70 1358 180 1412 τοῦ
228 1358 368 1412 Θεοῦ
399 1361 497 1431 οὐχ
529 1359 605 1425 ὡς
638 1361 834 1433 ἀψύχῳ
871 1362 992 1437 ὕλῃ,
1023 1365 1138 1420 ἀλλ’
1172 1366 1249 1431 ὡς
1279 1370 1338 1420 έν
1372 1366 1487 1439 Υἰῷ
1517 1367 1680 1432 ζῶντι

76 1447 557 1520 μεμορφωμένην·
589 1449 693 1503 κᾶν
726 1452 889 1516 αὐτὸς
917 1455 945 1506 6
994 1453 1186 1526 Σωτὴρ
1229 1455 1392 1527 μόνον
1420 1457 1678 1528 ἀληθινὸν

73 1538 223 1593 Θεὸν
270 1540 500 1615 διδάσκῃ
542 1537 683 1597 εἶναι
729 1544 822 1598 τὸν
848 1545 1071 1619 Πατέρα
1104 1547 1301 1617 λέγων,
1338 1550 1466 1605 Ἵνα
1507 1552 1678 1622 γινώ-

70 1633 288 1687 σκωσι
332 1647 407 1688 σε
448 1635 557 1690 τὸν
610 1639 806 1706 μόνον
855 1639 1149 1709 ἀληθινὸν
1194 1641 1364 1708 Θεὸν,
1412 1644 1527 1697 ἀλλ’
1575 1647 1678 1702 οὐκ

76 1726 429 1797 ἀποκνητέον
456 1729 552 1783 καὶ
587 1729 748 1784 αὐτὸν
794 1730 927 1784 Θεὸν
968 1731 1219 1803 ἀληθινὸν
1262 1735 1564 1806 ὁμολογεῖν,
1598 1738 1676 1803 ὡς

1789 547 1934 603 dicat
1975 548 2297 620 Apostolus.
2338 554 2600 611 deiﬂcans
2648 555 2899 627 Patrem,
2947 559 3054 626 Qui
3094 560 3278 617 beatus
3318 574 3368 620 et

1786 643 1933 700 solus
1970 656 2151 714 potem
2185 659 2259 703 est
2284 650 2351 702 “.
2383 650 2452 705 Et
2499 667 2714 719 rursus,
2756 652 2859 719 Qui
2891 655 3036 709 solus
3066 657 3216 711 habet
3264 659 3369 712 ima

1786 736 2181 805 mortalitatem,
2213 739 2380 796 lucem
2419 743 2663 799 habitans
2712 748 3033 803 inaccessam
3057 748 3122 804 ⁸⁸.
3157 750 3224 805 Ει
3266 753 3370 809 ἱῑθυ

1788 842 1930 894 rum,
1973 827 2103 900 Regi
2132 841 2308 887 autem
2340 835 2679 901 seculorum,
2719 836 3141 908 incorruptibili,
3178 843 3366 898 invisi-

1787 917 1897 982 bili,
1942 919 2042 973 soli
2079 918 2184 974 Deo
2213 922 2278 976 “'.
2310 921 2375 976 Et
2412 924 2631 990 iterum,
2676 924 2794 981 Soli
2837 930 3065 997 sapienti
3100 930 3228 997 Deo,
3268 948 3365 1001 per

1783 1008 1965 1065 Iesum
2014 1010 2282 1067 Christum
2323 1016 2393 1068 sit
2440 1016 2611 1085 gloria
2658 1019 2717 1073 in
2763 1019 2961 1076 swcula
3011 1023 3361 1091 saeculorum,

1782 1100 1947 1155 Amen
1983 1103 2048 1158 ⁸⁸.
2103 1102 2266 1159 Plura
2325 1106 2503 1161 adhuc
2555 1122 2679 1163 cum
2738 1120 2987 1180 poterant
3039 1112 3259 1183 allegari
3307 1114 3363 1170 in

1781 1192 1960 1250 Patris
2001 1195 2342 1268 doxologiam
2366 1239 2384 1265 ,
2425 1199 2518 1270 qui
2553 1216 2692 1258 unus
2722 1212 2837 1269 est,
2883 1213 2940 1259 et
2985 1220 3148 1276 super
3178 1209 3361 1263 omnia

1782 1283 1957 1349 Deus,
1987 1302 2218 1357 quorum
2264 1293 2506 1346 omnium
2550 1306 2702 1348 mens
2744 1303 2860 1361 est,
2902 1304 2960 1349 ut
2996 1295 3361 1368 intelligamus

1778 1374 1976 1444 Filium
2029 1380 2365 1451 unigenitum
2417 1384 2508 1439 Dei
2558 1399 2683 1440 esse
2729 1385 3016 1456 imaginem
3067 1403 3173 1443 non
3214 1399 3271 1444 ut
3303 1391 3360 1447 in

1779 1468 2001 1523 materia
2037 1468 2284 1537 inanimi,
2324 1473 2420 1527 sed
2450 1482 2507 1528 ut
2539 1476 2593 1529 in
2632 1473 2771 1530 Filio
2801 1475 2924 1530 vivo
2966 1478 3356 1546 assimilatam;

1778 1559 1907 1630 quin
1949 1568 2004 1615 et
2043 1560 2159 1630 ipse
2191 1560 2450 1619 Servator
2486 1580 2608 1621 cum
2641 1567 2809 1622 Deum
2850 1583 3015 1623 unum
3056 1571 3228 1626 solum
3269 1586 3362 1627 ve-

1777 1662 1896 1702 rum
1927 1663 2048 1705 esse
2083 1651 2294 1718 doceat,
2341 1653 2614 1723 inquiens,
2653 1653 2725 1709 Ut
2766 1669 3076 1725 cognoscant
3112 1670 3161 1713 te
3196 1676 3358 1716 unum

1776 1740 1943 1795 solum
1970 1758 2147 1797 verum
2181 1747 2349 1800 Deum
2373 1745 2417 1777 ⁸⁸
2442 1764 2457 1814 ;
2494 1747 2591 1803 sed
2618 1763 2724 1803 non
2758 1759 2936 1806 tamen
2963 1766 3272 1821 gravemur,
3302 1764 3359 1810 et

73 1818 139 1871 ὲν
174 1818 369 1886 εἰκόνι,
412 1819 510 1874 καί¹
554 1820 710 1875 τοῦτο
753 1824 1112 1895 κεκτημένον·
1160 1825 1246 1879 ἵνα
1368 1827 1463 1881 τοῦ
1510 1829 1656 1900 μόνοι

1780 1848 1961 1888 verum
1993 1835 2158 1890 Deum
2186 1836 2458 1904 confiteri,
2487 1848 2544 1894 et
2572 1837 2769 1895 Filium
2814 1840 2979 1895 veluti
3021 1841 3075 1896 in
3121 1842 3358 1914 imagine

74 1910 374 1982 προσθήκη
407 1911 554 1983 μόνῳ
585 1912 663 1984 τῷ
686 1914 882 1987 Πατρὶ,
909 1915 985 1980 ὡς
1014 1916 1081 1971 ἂν
1112 1915 1224 1988 (31)
1256 1919 1549 1991 ἀρχετύπῳ
1578 1923 1676 1994 τῆς

73 2000 315 2068 εἰκόνος,
361 2002 595 2074 ἀρμόξῃ.
636 2004 961 2074 Σαφέστατα
994 2006 1125 2075 γοῦν
1152 2007 1340 2061 εἰκόνα
1379 2010 1473 2063 καὶ
1498 2012 1676 2065 ἀπαύ-

71 2108 277 2162 γασμα
301 2091 394 2146 τοῦ
418 2095 631 2164 Πατρὸς
655 2095 714 2149 ὲν
743 2099 926 2169 μορφῇ
949 2113 1010 2151 τε
1040 2097 1135 2152 τοῦ
1162 2098 1299 2153 Θεοῦ
1332 2096 1478 2155 εἶναι
1509 2104 1674 2158 αὐτὸν

74 2185 106 2235 6
153 2182 442 2249 θεσπέσιος
476 2184 681 2250 ἐδίδαξε
714 2187 949 2255 Παῦλος,
987 2188 1065 2254 ὡς
1093 2190 1182 2245 διὰ
1224 2190 1334 2245 τῶν
1363 2192 1674 2265 ἔμπροσθεν

75 2271 459 2326 ἀποδέδεικται
493 2290 505 2302 ·
579 2272 771 2348 ὥσπερ
833 2272 926 2331 οὖν
1003 2277 1125 2343 ἑνὸς
1186 2279 1498 2350 ὑφεστῶτος
1560 2284 1676 2338 Πα-

75 2360 232 2432 τρὸς,
283 2362 374 2415 καὶ
435 2363 559 2428 ἑνὸς
622 2365 753 2419 Υἰοῦ
810 2365 1008 2437 φύντος
1041 2370 1107 2423 ἐκ
1156 2370 1251 2424 τοῦ
1298 2372 1511 2444 Πατρὸς
1573 2375 1673 2428 οὐκ

74 2454 147 2506 ἄν
194 2470 282 2518 τις
320 2454 596 2527 εὐφρονῶν
640 2456 785 2511 εῐποι
814 2459 909 2513 δύο
949 2461 1194 2534 πατέρας
1236 2462 1523 2537 ὑπάρχειν,
1550 2468 1672 2522 οὐδὲ

66 2532 235 2608 ³υἱοὺς
276 2545 389 2602 δύο.
434 2548 546 2601 Καὶ
590 2547 782 2622 ὥσπερ
840 2532 1108 2622 βασιλέως
1155 2532 1488 2626 κρατοῦντος
1531 2560 1668 2627 ἐνὸς,

73 2635 293 2700 εἰκόνος
323 2637 380 2691 δὲ
408 2639 573 2693 αὑτοῦ
622 2642 903 2713 πανταχοῦ
936 2645 1041 2715 γῆς
1085 2648 1503 2721 προφερομένης
1533 2651 1669 2723 (52),

73 2727 184 2778 οὐκ
233 2727 298 2781 άν
342 2746 427 2793 τις
473 2732 765 2803 σωφρονῶν
812 2734 906 2787 δύο
949 2737 1091 2789 εῐποι
1138 2738 1266 2803 τοὺς
1313 2740 1668 2811 κρατοῦντας,

72 2816 198 2870 ἀλλ’
225 2817 321 2872 ἕνα
348 2820 438 2873 τὸν
462 2822 663 2875 καὶδιά
684 2826 785 2895 τῆς
814 2825 1022 2891 εἰκόνος
1049 2828 1378 2900 τιμώμενον·
1405 2831 1546 2886 κατὰ
1578 2832 1670 2887 τὸν

75 2910 251 2964 αὐτὸν
263 2911 482 2983 τρόπον,
497 2912 573 2977 ὡς
588 2915 683 2968 καὶ
702 2915 962 2982 πολλάκις
987 2920 1120 2989 ἡμῖν
1134 2919 1371 2992 εἴρηται,
1388 2922 1483 2976 καὶ
1499 2925 1532 2995 ἡ
1548 2924 1671 2977 Ἐκ-

75 3000 283 3072 κλησία
316 3001 409 3055 τοῦ
453 3002 588 3058 Θεοῦ
623 3005 719 3060 ἕνα
753 3007 1145 3079 παραλαϐοῦσα
1183 3011 1317 3066 Θεὸν
1363 3012 1542 3070 σέϐειν
1576 3014 1669 3070 τὸν

75 3094 267 3159 αὑτὸν,
303 3096 397 3149 καὶ
433 3096 521 3151 se
553 3097 647 3152 τοῦ
680 3098 833 3165 Υἰοῦ,
891 3100 967 3165 ὠς
1020 3101 1111 3155 διὰ
1154 3100 1295 3176 [τοῦ]
1328 3104 1435 3175 (55)
1460 3106 1666 3170 εἰκόνος

78 3185 236 3255 μένει
266 3188 669 3257 προσκυνοῦσα.
707 3192 774 3244 Ἃ
800 3189 865 3263 δὴ
893 3192 986 3246 καὶ
1012 3193 1088 3266 μὴ
1116 3166 1295 3259 advel;
1321 3166 1661 3269 Μάρκελλος,
1690 3166 1732 3225 C

74 3278 180 3351 τὴν
224 3278 409 3333 εἰκόνα
450 3279 544 3333 τοῦ
582 3280 719 3334 Θεοῦ
766 3282 863 3336 τοῦ
891 3284 1122 3355 ἀοράτου
1154 3285 1253 3358 τὴν
1292 3286 1493 3357 σάρκα
1523 3285 1663 3345 εἶναι

74 3369 176 3425 τοῦ
223 3371 473 3444 Σωτῆρος
512 3373 853 3447 ἀπεφήνατο,
886 3378 952 3448 ἢν
994 3380 1023 3432 6
1074 3378 1395 3446 Ἀπόστολος
1418 3380 1663 3452 μορφὴν

77 3462 240 3536 [τοῦ]
287 3463 511 3520 δούλου
566 3466 854 3539 κέκληκεν
908 3470 969 3523 οὐ
1014 3471 1390 3544 λογισάμενος,
1434 3474 1517 3527 ὅτι
1568 3472 1664 3528 καὶ

76 3556 282 3620 πάντες
307 3556 602 3629 ἄνθρωποι,
633 3560 772 3614 κατὰ
794 3561 889 3633 τὴν
914 3562 1112 3633 σάρκα,
1136 3563 1229 3617 τοῦ
1257 3564 1509 3635 Σωτῆρος
1535 3580 1666 3632 τυγ-

77 3648 302 3718 χάνουσι
331 3650 774 3721 μεμορφωμένοι.
809 3653 921 3706 Καὶ
955 3653 1018 3706 τὸ
1052 3654 1150 3724 μὲν
1181 3654 1342 3726 σῶμα
1383 3655 1412 3709 ὃ
1447 3654 1662 3727 ἀνείλη-

80 3753 181 3806 φεν
210 3738 239 3790 ὸ
263 3738 473 3811 Σωτὴρ,
503 3739 604 3811 τῆς
634 3742 930 3813 άγεννήτου
954 3743 1048 3796 καὶ
1079 3743 1321 3817 ἀρρήτου
1348 3746 1442 3798 καὶ
1469 3763 1664 3818 πατριο

80 3828 184 3898 κῆς
216 3827 466 3900 θεότητος
499 3831 683 3887 εἰκόνα
715 3830 854 3887 εἶναι
886 3835 1297 3908 διῖσχυρίζεται·
1332 3837 1424 3890 τὸν
1451 3837 1507 3890 δὲ
1534 3837 1661 3892 Υἰὸν

76 3921 176 3975 τοῦ
233 3922 365 3976 Θεοῦ
406 3924 496 3977 τὸν
546 3927 829 3997 μονογενῆ,
882 3926 949 3980 δι’
993 3921 1054 3981 οὗ
1096 3926 1167 3981 τὰ
1211 3927 1391 3984 πάντα
1428 3929 1659 4002 συνέστη

80 4014 321 4083 (Παντα
348 4014 458 4085 γὰρ
496 4016 571 4068 δι’
610 4016 797 4071 αὐτοῦ
829 4016 1088 4087 ἐγένετο,
1121 4019 1219 4073 καὶ
1258 4020 1441 4090 χωρὶς
1474 4022 1660 4077 αὐτοῦ

75 4106 307 4176 ἐγένετο
338 4106 481 4162 οὐδὲ
502 4107 609 4179 ἓν),
634 4109 877 4180 ἀρνεῖται
902 4106 1039 4164 εἶναι
1063 4111 1247 4166 εἰκόνα
1275 4112 1370 4166 τοῦ
1396 4112 1531 4167 Θεοῦ
1565 4116 1662 4170 αὺ-

75 4182 198 4263 Εταῖς
234 4198 520 4264 συλλαόαἰς
558 4199 752 4269 λέγων,
802 4220 822 4256 ‹
870 4203 1081 4257 Οὐκοῦν
1114 4204 1400 4277 πρόδηλον,
1441 4207 1524 4261 ὅτι
1555 4208 1662 4281 πρὸ

82 4310 104 4345 e
143 4292 243 4364 τῆς
286 4290 380 4345 τοῦ
432 4292 699 4365 ἡμετέρου
746 4293 996 4366 σώματος
1041 4297 1386 4369 ἀναλήψεως,
1434 4300 1463 4353 ὸ
1486 4300 1662 4371 Λόγος

80 4404 103 4438 ι
145 4383 269 4440 καθ’
321 4384 511 4439 ἑαυτὸν
562 4386 661 4438 οὐκ
707 4381 775 4458 ἦν
820 4387 983 4442 εἰκὼν
1018 4388 1111 4442 τοῦ
1152 4390 1382 4461 ἀοράτου
1425 4390 1582 4448 Θεοῦ.
1634 4410 1654 4445 ι

1778 1925 2152 1995 resultantem,
2201 1940 2265 1984 ut
2327 1929 2533 1986 additio
2580 1930 2673 1987 illa
2720 1931 2890 1999 solus,
2933 1933 3035 1988 soli
3074 1933 3221 1988 Patri
3259 1936 3358 1989 ad-

1776 2022 2007 2084 aptetur,
2028 2025 2216 2087 utpote
2229 2019 2319 2087 qui
2346 2017 2599 2090 imaginis
2622 2019 2695 2075 sit
2713 2020 3068 2092 archetypon.
3088 2020 3355 2088 Quocirca

1775 2106 2075 2162 clarissime
2100 2110 2336 2164 ostendit
2367 2110 2584 2166 divinus
2614 2109 2836 2178 Paulus,
2866 2112 3040 2183 ipsum
3069 2126 3187 2168 esse
3217 2113 3356 2167 ima-

1772 2201 1950 2270 ginem
1990 2198 2313 2268 eﬂluentem,
2362 2202 2536 2259 lucem
2580 2202 2791 2271 Patris,
2835 2214 2891 2261 et
2935 2206 2986 2259 in
3028 2205 3201 2260 forma
3256 2205 3353 2262 Ι)ιί

1772 2291 2080 2360 exstitisse;
2114 2293 2255 2363 quod
2294 2293 2349 2349 in
2380 2295 2750 2366 superioribus
2776 2295 3014 2366 positum
3060 2307 3144 2352 est
3182 2313 3210 2351 a
3253 2313 3355 2353 no-

1771 2384 1856 2440 bis
1894 2401 1911 2441 :
1954 2385 2123 2440 veluti
2166 2386 2334 2455 igitur
2376 2402 2501 2444 cum
2552 2402 2691 2444 unus
2761 2388 3025 2447 Subsistat
3070 2388 3252 2458 Pater,
3296 2399 3352 2446 et

1770 2496 1911 2537 unus
1938 2482 2003 2536 de
2031 2480 2192 2537 Patre
2220 2480 2290 2537 sit
2318 2491 2471 2537 ortus
2496 2481 2689 2547 Filius,
2727 2496 2887 2537 nemo
2932 2482 3174 2553 prudens
3202 2480 3350 2537 allir-

1770 2573 1999 2629 maverit
2027 2571 2161 2627 duos
2196 2580 2401 2643 patres,
2439 2581 2535 2627 aut
2575 2572 2716 2629 ﬁlios
2756 2573 2923 2641 duos;
2949 2582 3005 2629 ct
3043 2573 3207 2629 veluti
3256 2572 3351 2630 ubi

1771 2678 1869 2720 rex
1894 2678 2031 2719 unus
2065 2673 2151 2720 est
2185 2679 2307 2719 cum
2339 2664 2585 2735 imperio,
2615 2665 2773 2735 cujus
2811 2666 2987 2736 imago
3017 2666 3214 2737 ubique
3242 2674 3353 2721 ter-

1769 2772 1955 2813 rarum
1998 2757 2293 2824 deferatur,
2339 2772 2497 2812 nemo
2538 2758 2777 2827 prudens
2807 2757 2942 2813 duos
2988 2756 3186 2813 dixerit
3227 2771 3352 2813 esse

1771 2864 1963 2920 reges:
1992 2848 2087 2904 sed
2118 2863 2282 2904 unum
2326 2848 2417 2918 qui
2456 2863 2555 2918 per
2583 2858 2639 2904 et
2681 2848 2734 2902 in
2767 2848 3004 2919 imagine
3041 2863 3139 2903 sua
3177 2848 3350 2905 hono-

1768 2951 1940 2995 ratur.
1966 2939 2172 2996 Eodem
2202 2942 2362 2994 modo
2391 2949 2449 2994 ut
2485 2940 2599 3011 jam
2642 2938 2850 3011 pluries
2882 2941 3086 2994 dictum
3114 2950 3217 3005 est,
3248 2940 3352 2995 Ec-

1769 3029 1932 3087 clesia
1955 3029 2072 3097 Dei,
2097 3046 2219 3099 quas
2246 3031 2456 3101 accepit
2490 3030 2648 3086 unius
2664 3036 2723 3094 >14
2740 3030 2835 3086 Dei
2849 3032 3078 3100 cultum,
3100 3031 3347 3087 eumdem

1770 3120 1937 3176 Deum
1981 3137 2080 3193 per
2111 3121 2307 3178 Filium
2352 3122 2641 3194 imaginem
2681 3138 2835 3178 suam
2875 3122 3085 3178 scilicet
3119 3123 3349 3179 adorare

1765 3221 2093 3284 perseverat.
2137 3211 2291 3279 Quod
2320 3226 2444 3267 cum
2487 3210 2771 3267 Marcellus
2802 3211 3108 3282 ignoraret,
3150 3212 3344 3282 imagi-

1764 3318 1890 3359 nem
1923 3302 2070 3359 illam
2102 3301 2193 3358 Dei
2227 3302 2513 3358 invisibilis
2540 3302 2676 3357 dixit
2718 3317 2842 3359 esse
2881 3318 3095 3356 carnem
3136 3300 3340 3357 Serva-

1766 3395 1919 3461 toris,
1946 3409 2108 3464 quam
2140 3393 2430 3465 Apostolus
2468 3396 2602 3450 servi
2650 3394 2879 3464 formam
2902 3394 2947 3424 ⁷⁸³
2996 3393 3295 3448 nominavit
3323 3412 3339 3449 :

1764 3486 1988 3541 minime
2022 3484 2332 3553 recogitans
2377 3485 2520 3555 quod
2559 3483 2855 3539 secundum
2889 3498 3108 3539 carnem
3148 3486 3348 3539 Serva-

1765 3575 1898 3632 toris
1922 3575 2168 3630 homines
2193 3574 2391 3645 singuli
2428 3575 2720 3644 imaginem
2752 3574 3177 3643 circumgestent
3203 3574 3342 3643 ejus.

1763 3668 1968 3737 Corpus
2013 3667 2194 3736 itaque
2245 3668 2387 3737 quod
2437 3667 2729 3736 assumpsit
2772 3665 3049 3731 Servator,
3100 3663 3193 3720 ille
3223 3680 3345 3722 esse

1764 3761 2048 3833 ingenitae,
2096 3758 2421 3826 inell‘abilis,
2470 3768 2711 3829 paterna:
2775 3758 3000 3814 deitatis
3049 3757 3342 3829 imaginem

1763 3860 2037 3908 asseverat
2078 3868 2093 3906 :
2139 3850 2335 3907 Filium
2382 3861 2564 3907 autem
2614 3850 2986 3921 unigenitum,
3032 3864 3132 3920 per
3180 3865 3342 3921 quem

1763 3943 1942 3998 omnia
1972 3944 2293 4008 subsistunt,
2322 3941 2463 3996 Nam
2488 3943 2667 3997 omnia
2693 3958 2787 4012 per
2814 3941 2965 3996 illum
2996 3940 3142 4011 facta
3170 3949 3294 3995 sunt
3319 3979 3340 4007 ,

1760 4044 1809 4087 et
1835 4033 1944 4089 sine
1971 4034 2063 4089 illa
2095 4035 2296 4103 factum
2323 4041 2401 4087 est
2431 4031 2566 4086 nihil
2590 4032 2634 4063 τί
2656 4070 2674 4098 ,
2706 4038 2870 4103 negat
2898 4031 3190 4101 imaginem
3219 4046 3342 4088 esse

1761 4124 1896 4193 Dei,
1941 4125 2162 4182 totidem
2218 4127 2400 4182 verbis
2456 4125 2742 4182 scribens:
2783 4143 2802 4177 ι
2832 4124 3096 4193 Quocirca
3152 4134 3339 4194 patet,

1767 4237 1787 4272 ι
1832 4220 1973 4288 quod
2019 4228 2146 4274 ante
2185 4229 2522 4290 assumptum
2553 4234 2749 4289 corpus
2782 4227 3022 4272 nostrum
3045 4256 3061 4282 ,
3102 4217 3340 4272 Verbum

1768 4328 1789 4363 ι
1833 4326 1929 4381 per
1964 4326 2025 4366 se
2067 4326 2174 4366 non
2223 4320 2343 4365 erat
2391 4312 2568 4382 imago
2615 4310 2861 4367 Patris.»
2922 4308 3131 4365 Videsis
3174 4324 3337 4377 quam

1759 4412 2036 4476 pervertat
2108 4404 2514 4473 interpretando
2569 4402 2814 4472 Apostoli
2891 4411 3162 4466 mentem,
3210 4416 3335 4456 eum

88 4477 253 4549 Ὁρᾷς
285 4477 386 4549 ὅσῃ
417 4477 713 4550 διαστροφῇ
745 4478 1006 4551 κέχρηται
1035 4481 1133 4552 τῆς
1161 4482 1522 4557 ἀποστολικῆς
1563 4486 1656 4560 έρ-

1771 4495 2000 4552 Joannes
2027 4495 2352 4566 evangelista
2379 4495 2694 4566 mysterium
2725 4492 2877 4559 illud,
2905 4492 3047 4561 quod
3079 4489 3248 4559 Moysi
3282 4499 3340 4547 et

69 4569 328 4641 ’μηνείας.
352 4569 508 4623 Οῦτω
526 4570 583 4624 δὲ
604 4570 696 4624 τοῦ
716 4571 1100 4642 εὐαγγελιστοῦ
1142 4575 1412 4642 Ἰωάννου,
1432 4577 1493 4630 τὸ
1514 4580 1663 4651 παρά

1759 4587 2037 4659 prophetis
2064 4585 2368 4643 abstrusius
2395 4594 2552 4653 erat,
2581 4584 2859 4654 cognitum
2894 4581 3244 4635 annuntiaret
3277 4589 3335 4635 et

76 4664 271 4718 Μωσεί
326 4664 420 4718 καὶ
470 4667 586 4729 τοῖς
636 4665 841 4730 λοιποῖς
900 4669 1208 4741 προφήταις
1264 4673 1656 4743 κεκρυμμένως

1771 4676 1974 4734 all‘erret
2002 4692 2193 4747 magna
2226 4678 2568 4747 praedicantis
2602 4690 2735 4730 voce
2770 4691 2784 4728 :
2818 4672 2886 4727 In
2917 4674 3178 4742 principio
3222 4680 3335 4726 erat

78 4755 421 4827 ἐγνωσμένον
456 4758 772 4829 μυστήριον,
816 4761 1300 4833 εὐαγγελιζομένου
1333 4764 1428 4817 καὶ
1459 4766 1660 4820 ἀνακα-

78 4847 392 4913 λῦπτοντος,
423 4847 634 4921 μεγάλῃ
656 4866 715 4902 τε
746 4851 857 4921 (54)
895 4852 1259 4925 κηρύττοντος
1300 4853 1395 4926 βοῇ
1436 4856 1516 4908 τό·
1558 4857 1659 4911 Ἐν

79 4940 239 5012 ἀρχῇ
254 4937 334 5012 ἦν
370 4945 404 4995 o'
430 4943 639 5011 Λόγος,
664 4944 762 4997 καὶ
786 4948 817 4998 ό
838 4946 1028 5014 Λόγος
1056 4941 1135 5016 ἦν
1169 4946 1320 5015 πρὸς
1346 4947 1454 5001 τὸν
1487 4949 1654 5016 Θεὸν,

80 5034 178 5088 καὶ
201 5032 344 5099 Θεὸς
360 5030 439 5103 ἦν
458 5038 492 5088 ό
508 5036 717 5104 Λόγος·
749 5033 947 5088 πάντα
965 5036 1039 5089 δι’
1058 5038 1244 5093 αὑτοῦ
1265 5038 1500 5109 ἐγένετο
1518 5040 1654 5113 [(55)

80 5125 178 5179 καὶ
199 5127 379 5195 χωρὶς
407 5127 592 5181 αὐτοῦ
613 5126 850 5197 ἐγένετο
875 5127 1019 5181 οὐδὲ
1043 5127 1158 5201 Er],
1190 5131 1282 5184 καὶ
1310 5133 1659 5204 μαρτυρομέο

79 5236 193 5285 νου,
223 5219 306 5273 ὅτι
330 5214 399 5290 ἦν
426 5220 488 5273 τὸ
518 5219 632 5289 φῶς
662 5219 893 5289 φωτίζον
922 5220 1096 5275 πάντά
1118 5221 1403 5295 ἄνθρωπον
1430 5224 1659 5297 ἐρχόμε-

148 5429 209 5487 ﬁ
244 5422 343 5479 Ed.
376 5421 576 5489 Paris.,
606 5438 728 5493 pag.
761 5423 886 5480 142.
976 5424 1019 5454 ³⁸
1058 5423 1075 5477 Ι
1110 5424 1329 5489 Tim.vr,
1370 5425 1457 5480 15.

70 5495 304 5561 ?xvnl,5.
381 5493 678 5565 "Philipp.
703 5493 834 5558 ",7.
906 5493 1170 5561 "luant,
1201 5496 1255 5550 5.

152 5668 265 5738 (3|)
298 5666 471 5738 Vulgo
496 5668 647 5724 deest
675 5670 757 5725 ἄν.

158 5736 271 5812 (ἒξ)
298 5736 695 5812 Μιδέπεριφερ·

162 5744 248 5804 [52
298 5744 409 5805 Mp.
440 5755 566 5808 περι
613 5757 695 5812 ερ.

162 5744 272 5879 (53)
303 5805 410 5861 Τοῦ
439 5824 553 5902 pm.
572 5755 670 5867 [hic
699 5817 750 5868 et
774 5824 898 5869 mox
926 5811 1104 5877 codd.;
1131 5825 1255 5868 mox
1284 5810 1443 5885 vulgo
1475 5809 1509 5867 ει
1530 5811 1609 5868 δέ.

1571 5425 1617 5459 ⁸⁸
1655 5425 1784 5482 ibid.
1814 5426 1901 5482 16.
1977 5426 2020 5459 ⁸⁷
2049 5427 2070 5482 1
2100 5426 2240 5481 'l‘im.
2269 5426 2419 5495 1,17.
2496 5426 2542 5459 ⁸⁸
2577 5425 2869 5493 Rom.xvr,
2894 5424 2987 5481 27.

1332 5497 1377 5526 ⁷⁸
1414 5494 1573 5553 Joan.
1601 5513 1638 5564 ι,
1667 5498 1717 5561 l,
1750 5498 1805 5553 5.

1768 4767 2014 4835 Verbum,
2045 4780 2091 4823 et
2133 4766 2355 4822 Verbum
2397 4775 2510 4821 erat
2549 4764 2690 4836 apud
2738 4763 2927 4828 Deum,
2957 4774 3005 4817 et
3041 4762 3178 4816 Deus
3219 4772 3333 4816 erat

1764 4861 1990 4918 Verbum
2017 4877 2037 4917 :
2069 4862 2247 4916 omnia
2288 4876 2381 4931 per
2415 4862 2588 4930 ipsum
2621 4859 2767 4929 facta
2805 4866 2958 4921 sunt,
2990 4868 3038 4910 et
3079 4857 3189 4909 sine
3220 4856 3333 4924 ipso

1762 4952 1965 5020 factum
1994 4960 2070 5007 est
2104 4951 2238 5006 nihil
2255 4953 2330 5018 '7',
2361 4964 2592 5020 cumque
2617 4956 2844 5005 testetur
2875 4962 2997 5005 eum
3028 4947 3203 5002 lucem
3234 4960 3335 5000 ex-

1762 5045 1969 5100 stitisse
2013 5043 2405 5099 illuminantem
2444 5056 2664 5097 omnem
2709 5040 2980 5095 hominem
3026 5040 3331 5092 venientem

1763 5133 1817 5187 in
1853 5134 1995 5188 hunc
2025 5132 2327 5187 mundum:
2370 5130 2439 5185 In
2479 5131 2675 5184 mundo
2715 5137 2862 5195 erat,
2892 5139 2938 5183 et
2969 5128 3198 5182 mundus
3239 5143 3334 5196 per

1761 5225 1930 5294 ipsum
1975 5224 2148 5294 factus
2186 5232 2294 5290 est,
2337 5233 2386 5279 et
2420 5222 2644 5277 mundus
2687 5237 2805 5276 cum
2848 5236 2952 5275 non
2996 5219 3233 5291 cognovit
3263 5220 3329 5278 ⁷³.

3086 5425 3133 5460 ⁸⁹
3167 5424 3335 5486 Joau.

1880 5496 1927 5528 ⁷³
1966 5498 2095 5553 ibid.
2125 5498 2214 5554 10.

1828 5677 2140 5752 (25.4)‘10180
2174 5678 2384 5752 μεγάλῃ
2409 5682 2498 5752 τῇ·

1825 5742 1939 5820 (55)
1974 5742 2101 5806 Οωῖ
2128 5742 2286 5840 codd.
2312 5742 2430 5808 Mox
2448 5742 2623 5808 "vulso
2649 5747 2765 5820 φῶς
2787 5742 2856 5822 ἦν
2888 5746 2968 5804 τὸ.

2448 5911 2505 5923 ρ
