3828 6222
469 234 577 289 963

1138 232 1411 292 EUSEBII
1450 227 1928 287 CIESARIENSIS
1964 227 2116 286 OPP.
2158 228 2335 285 PARS
2372 228 2460 285 iV.
2499 259 2569 268 —
2606 226 3029 286 DOGMATILA.

3599 228 3693 285 965

468 355 674 421 Quibus
692 353 916 407 vocibus
937 350 1242 408 clarissime
1264 349 1533 422 signiﬁcat
1553 347 1893 412 ﬁlialitatem,
1913 360 2036 401 cum

2157 361 2300 398 tsvov
2328 346 2409 408 εις
2435 343 2526 397 τὸν
2557 343 2780 414 κόσμον·
2830 343 2933 397 Ἐν
2957 341 3041 408 τῷ
3061 342 3275 412 ικόσμῳ
3299 337 3398 414 ἦν,
3425 341 3520 396 καὶ
3543 344 3574 397 d
3607 345 3697 396 κό-

468 447 535 499 de
565 444 724 499 Patre
773 444 958 500 dicat:
1001 443 1168 496 Deum
1207 457 1364 497 nemo
1410 441 1536 496 uidit
1584 454 1817 509 unquam
1840 437 1930 491 ἠε
1967 438 2036 491 de

2157 450 2296 506 ῖμος
2332 434 2407 489 δι’
2437 435 2625 489 αὐτοῦ
2649 434 2907 504 ἐγένετο,
2935 434 3036 487 καὶ
3062 437 3095 489 ὀ
3126 435 3357 504 κόσμος
3392 432 3572 487 αὐτὸν
3599 437 3699 488 οὐκ

466 536 631 592 Filio:
669 535 984 605 Unigenitus
1014 533 1188 590 Filius
1221 533 1312 604 qui
1343 541 1461 589 erat
1501 532 1554 586 in
1584 531 1707 587 sinu
1752 528 1950 593 Patris,
1991 528 2038 582 is

2157 526 2312 596 ἔγνω,
2342 527 2438 597 τήν
2463 542 2523 578 τε
2553 525 2775 594 υἱὸτητα
2797 524 2980 592 σαφῶς
3005 525 3377 596 παριστῶντος
3405 526 3463 578 ὲν
3488 524 3560 595 τῷ
3586 523 3702 593 περὶ

467 645 589 684 eum
621 629 904 687 revelavit.

2145 617 2244 688 μὲν
2264 616 2356 669 τοῦ
2376 615 2587 685 Πατρὸς
2603 613 2800 682 λέγειν’
2823 615 2971 668 Θεὸν
2991 613 3192 682 οὐδεὶς
3211 613 3432 683 ἑώρακε
3463 615 3701 677 πώποτε,

468 720 598 795 ’περὶ
627 722 686 777 δὲ
713 721 809 777 τοῦ
833 721 987 776 Υἰοῦ·
1031 723 1089 776 '0
1121 719 1413 793 μονογενὴς
1438 719 1566 785 Υἱὸς
1592 721 1622 774 ὁ
1647 719 1722 774 ῶν
1743 721 1824 783 εἰς
1847 717 1939 772 τὸν
1968 714 2168 770 κόλπον
2201 708 2297 764 τοῦ
2331 707 2566 779 Πατρὸς,
2597 708 2803 769 ἐκεῖνος
2835 703 3160 777 ἐξηγήσατο.

1057 817 1209 874 CAP.
1243 817 1434 873 XXIV.

464 931 620 998 Quod
658 931 946 987 Marcellus
974 931 1300 1001 unigenitum
1334 928 1538 983 Filium
1583 929 1835 989 Verbum.
1867 931 2038 985 verbis

687 1001 788 1057 Dei
829 1002 1147 1072 agendorum
1176 1001 1502 1055 instructivis
1535 1001 1812 1055 assimitct.

531 1133 894 1188 Admirandus
940 1134 1040 1189 iste
1086 1135 1374 1188 verborum
1396 1129 1606 1187 Christi
1651 1133 1862 1198 doctor,
1897 1147 2038 1203 pra:-

464 1235 619 1296 cepta
669 1225 764 1279 Dei
811 1235 864 1279 et
916 1224 1244 1294 agendorum
1298 1222 1812 1279 commonefactoria
1853 1225 2038 1290 verba,

462 1317 823 1385 undecunque
860 1317 927 1370 de
967 1314 1265 1385 Scripturis
1305 1314 1562 1386 colligens
1594 1315 1917 1384 ejuscemodi
1951 1318 2040 1371 de-

2771 804 2930 857 ΚΕΦ.
2963 805 3087 858 KA'.

2141 897 2343 962 Ὅπως
2371 893 2725 963 Μάρκελλος
2751 892 2877 958 τοῖς
2895 895 3101 961 λόγοις
3123 892 3233 963 τοῦ
3260 892 3430 957 Θεοῦ,
3454 889 3577 960 τοῖς
3595 894 3708 948 τῶν

2210 961 2521 1091 ἔρακτήων
2552 963 3048 1034 παραγγελτικοῐς
3073 961 3181 1016 τὸν
3200 963 3504 1034 μονογθῆ
3525 966 3709 1035 Λόγον

2257 1053 2418 1091 mmo
2445 1053 2535 1089 ου.

2252 1053 2535 1105 φωμοιου.

2211 1127 2323 1199 (56)
2365 1125 2432 1180 ’Ὁ
2462 1125 2772 1198 θαυμαστὸς
2795 1117 2950 1190 οὗτος
2973 1125 3084 1180 τῶν
3113 1123 3348 1197 Χριστοῦ
3372 1125 3543 1196 λόγων
3571 1125 3713 1180 διδά-

2143 1219 2364 1284 σκαλος,
2389 1218 2490 1282 τὰς
2527 1217 2748 1280 ἐντολὰς
2784 1216 2878 1271 τοῦ
2905 1215 3060 1281 Θεοῦ,
3087 1218 3180 1270 καὶ
3208 1216 3334 1281 τοὺς
3359 1216 3717 1288 παραγγελτι-

2140 1311 2274 1375 κοὺς
2311 1312 2420 1364 τῶν
2445 1309 2731 1383 πρακτέων
2755 1308 2965 1378 λόγους,
2990 1309 3098 1362 ἀπὸ
3117 1309 3216 1379 τῆς
3241 1308 3389 1371 Θείας
3408 1307 3720 1377 συναγαγὼν

463 1409 689 1475 scribit,
735 1407 889 1475 Quod
934 1408 991 1461 in
1029 1408 1289 1476 principio
1339 1417 1450 1460 erat
1508 1405 1760 1461 Verbum.
1808 1407 2040 1461 Attende

2157 1402 2386 1475 Γραφῆς,
2412 1401 2652 1455 τοιοῦτόν
2675 1417 2797 1456 τινα
2823 1401 3073 1472 -ὁρίζεται
3104 1401 3195 1454 τὸν
3223 1401 3294 1455 ἐν
3322 1398 3480 1470 ὀρχῇ
3507 1402 3716 1470 Λόγον.

465 1506 668 1563 autem,
707 1497 979 1568 quomodo
1012 1497 1114 1553 boc
1151 1497 1269 1552 vult
1303 1497 1574 1566 probare:
1627 1496 1817 1552 scribit
1861 1505 2038 1551 autem

467 1590 560 1663 [Β.
591 1589 727 1661 XLI]
753 1612 768 1647 :
793 1591 992 1645 Eorum
1020 1595 1078 1654 >I<
1101 1591 1351 1646 doctores
1381 1604 1502 1644 cum
1522 1598 1728 1642 tantum
1755 1604 1860 1643 non
1889 1602 2042 1644 vere-

466 1690 655 1736 rentur
685 1679 1014 1735 mentionem
1057 1679 1216 1735 Verbi
1247 1679 1428 1734 facere
1447 1719 1462 1745 ,
1493 1678 1634 1748 quod
1650 1678 1724 1732 ad
1752 1679 1891 1733 hunc
1920 1693 2038 1733 mo-

2152 1495 2484 1549 Ἐπάκουσον
2515 1493 2594 1559 δὲ,
2625 1494 2774 1556 ὅπως
2799 1492 2974 1546 ταῦτα
3003 1493 3256 1563 συνιστᾷν
3291 1494 3569 1562 πειρᾶται,
3598 1491 3722 1546 τοῦ·

2139 1603 2233 1640 τον
2255 1584 2484 1658 γράφων
2507 1585 2600 1639 τὸν
2626 1584 2848 1656 τρόπον·
2891 1583 3012 1637 Τῶν
3040 1584 3097 1637 δὲ
3131 1584 3492 1638 διδασκόντων
3522 1586 3724 1649 αὐτοὺς

2142 1676 2333 1749 ὥσπερ
2369 1676 2704 1748 αἰδουμένων
2742 1677 2854 1747 (57)
2909 1677 3220 1748 μεμνῆσθαι
3273 1677 3369 1730 τοῦ
3418 1677 3611 1746 Λόγου,
3661 1679 3725 1730 ὃν

466 1772 593 1826 dum
617 1785 803 1826 omnes
843 1771 1036 1826 divinae
1067 1769 1361 1840 Scriptura;
1385 1770 1700 1830 praedicant.
1723 1769 1873 1824 Unus
1897 1770 2042 1823 enim

2157 1769 2288 1824 οὕτω
2321 1772 2490 1824 πᾶσαι
2518 1770 2577 1823 αἱ
2598 1769 2739 1823 θεῖαι
2777 1769 3105 1841 κηρύττουσι
3138 1771 3384 1842 Γριιιραί⁸
3421 1772 3450 1824 ὁ
3481 1771 3579 1842 μὲν
3609 1771 3726 1843 γὰρ

465 1863 620 1928 dicit,
656 1861 823 1916 Verbo
850 1863 1063 1916 Domini
1102 1862 1303 1929 ﬁrmati
1328 1870 1447 1916 sunt
1477 1861 1678 1916 mli".
1711 1862 1776 1915 Et
1825 1861 2042 1926 iterum,

2145 1862 2274 1933 περὶ
2298 1861 2464 1915 αὐτοῦ
2487 1861 2657 1930 λέγει’
2688 1860 2779 1927 Τῷ
2802 1861 2963 1930 λόγῳ
2985 1859 3205 1930 Κυρίου
3225 1864 3280 1916 οἱ
3296 1863 3534 1931 οὐρανοὶ
3558 1863 3726 1916 ἐστε-

467 1951 659 2010 Emisit
677 1953 911 2011 Verbum
935 1973 1090 2010 suum
1111 1965 1161 2010 et
1184 1957 1387 2010 sanavit
1408 1956 1564 2010 eos".
1587 1955 1654 2008 Et
1676 1953 1930 2009 Salomon
1949 1955 2043 2020 ait,

2157 1951 2488 2020 ῡεώθησανο
2543 1947 2700 2016 αὖθ’ίς
2744 1969 2804 2005 τε
2851 1955 2881 2005 ὁ
2925 1952 3113 2017 αὐτὸς,
3154 1953 3577 2018 Ἑξαπέστειιε
3619 1956 3727 2008 τόν

467 2047 716 2112 Quterent
747 2063 827 2100 me
864 2046 1109 2116 improbi,
1148 2055 1196 2099 et
1227 2061 1331 2099 non
1372 2045 1631 2098 invenient
1670 2059 1689 2098 :
1716 2043 1934 2098 oderunt
1967 2056 2044 2097 et-

467 2135 958 2204 enim'sap'ientiam,
977 2147 1024 2191 et
1050 2135 1276 2190 Verbum
1299 2135 1508 2190 Domini
1530 2152 1632 2189 non
1653 2137 1995 2190 curaverunt"
2000 2137 2040 2191 ".

467 2229 633 2284 Isaias
663 2242 927 2298 quoque:
974 2228 1051 2281 De
1085 2226 1217 2283 Sion
1249 2220 1409 2281 exibit
1445 2228 1549 2291 (ex,
1583 2237 1632 2280 et
1678 2225 1902 2280 Verbum
1948 2228 2050 2282 Do-

467 2321 599 2374 mini
642 2320 706 2373 de
733 2317 1026 2374 Jerusalem
1049 2319 1117 2377 ⁷⁸.
1164 2318 1230 2373 Et
1270 2317 1555 2383 Jcremias,
1609 2316 1890 2388 Pudefacti
1925 2327 2044 2372 sunt

467 2413 747 2479 sapientes,
783 2420 832 2465 et
894 2410 1165 2480 terrefacti
1223 2421 1368 2474 sunt,
1418 2419 1468 2465 et
1505 2410 1668 2464 locuti
1720 2420 1860 2474 sunt,
1909 2410 2044 2480 quod

480 2497 701 2556 Verbum
733 2501 943 2556 Domini
969 2501 1262 2570 rejecerunt
1285 2503 1353 2554 ⁷⁸.
1393 2502 1459 2554 Et
1480 2499 1666 2565 Oseas,
1725 2500 1961 2557 Oderunt
1990 2502 2045 2554 in

466 2595 633 2662 portis
683 2594 1062 2663 increpantem,
1116 2603 1163 2647 et
1215 2594 1425 2648 verbum
1474 2604 1711 2647 sanctum
1755 2591 2044 2646 abominati

467 2696 587 2738 sunt
611 2685 681 2740 ⁸⁸.
717 2685 975 2740 Michaaas
998 2685 1249 2741 similiter
1271 2685 1433 2741 Verbi
1474 2685 1741 2752 meminit,
1773 2693 1834 2739 ut
1856 2684 2042 2751 lsaias,

468 2776 548 2830 De
573 2774 726 2843 Sion,
767 2777 1042 2846 inquiens,
1089 2778 1247 2831 exibit
1279 2778 1386 2840 (ex,
1417 2788 1466 2832 et
1491 2775 1719 2832 Verbum
1751 2778 1960 2832 Domini
1983 2780 2046 2831 de

467 2863 788 2922 Jerusalem.
821 2867 955 2922 Haec
981 2877 1264 2938 postquam
1293 2879 1350 2924 et
1400 2870 1486 2925 his
1527 2869 1721 2923 similia
1751 2883 2045 2925 coacerva-

467 2964 643 3020 verat,
680 2957 1053 3012 conﬁrmatam
1076 2973 1228 3013 suam
1260 2969 1409 3014 retur
1445 2958 1514 3012 ab
1539 2959 1659 3014 istis
1690 2959 2040 3014 sententiam.

2145 2045 2338 2114 Λόγον
2365 2044 2576 2110 αὐτοῦ,
2602 2045 2700 2098 καὶ
2737 2043 2946 2099 ἰάσατο
2970 2046 3214 2112 αὐτούς.
3232 2045 3482 2118 Σολομῶν
3509 2046 3585 2111 δὲ,
3611 2050 3726 2114 Ζη-

2144 2134 2406 2202 τήσουσί
2421 2153 2498 2205 με
2522 2136 2717 2200 κακοὶ,
2743 2138 2840 2190 καὶ
2868 2137 2982 2206 οὐχ
3008 2137 3400 2207 εὑρήσουσιν,
3426 2139 3729 2208 ἐμίσησαν

2143 2225 2256 2294 γὰρ
2282 2225 2529 2294 σοφίαν,
2550 2223 2656 2278 τὸν
2683 2223 2752 2277 δὲ
2773 2224 2968 2294 Λόγον
2987 2225 3213 2293 Κυρίου
3250 2227 3323 2279 οὐ
3353 2226 3725 2294 προείλοντο.

2157 2315 2382 2379 Ἡσαΐας
2420 2329 2504 2368 τεο
2545 2316 2648 2370 Ἐκ
2680 2314 2833 2369 Σιὼν
2861 2316 3248 2380 ἐξελεύσεται
3276 2315 3390 2386 (58)
3419 2317 3604 2385 νόμος
3628 2318 3730 2371 καὶ

2145 2407 2335 2476 Λόγος
2352 2407 2570 2475 Κυρίου
2593 2407 2663 2473 ἐξ
2700 2407 3112 2478 Ἰερουσαλήμ·
3133 2409 3226 2461 καὶ
3251 2405 3406 2473 αὖθις
3439 2408 3732 2480 Ἱερεμίας-⁸

2157 2499 2588 2570 ᾙσχύνθησαν
2621 2501 2827 2569 σοφοὶ,
2859 2500 3014 2572 φησὶ,
3050 2500 3149 2554 καὶ
3177 2499 3590 2569 ἐπτοήθησαν,
3631 2500 3736 2554 καὶ

2143 2591 2483 2660 ἐλάλησαν,
2519 2590 2609 2646 ὅτι
2633 2591 2742 2646 τὸν
2769 2593 2957 2661 λόγον
2993 2589 3146 2664 [τοῦ]
3201 2591 3313 2663 (59)
3345 2592 3572 2662 Κυρίου
3621 2593 3737 2647 ἀπ-

2143 2681 2531 2752 εδοκίμασαν.
2550 2683 2662 2736 Καὶ
2702 2683 2860 2756 Ὠσηὲ
2891 2683 3002 2755 (40)
3035 2684 3092 2738 δὲ
3119 2687 3147 2738 ὁ
3175 2687 3480 2756 προφήτης,

2144 2785 2283 2838 σαν,
2309 2772 2436 2846 ἔφη,
2470 2775 2541 2828 ἐν
2567 2775 2784 2842 πύλαις
2813 2775 3162 2845 ἐλέγχοντα,
3198 2777 3297 2830 καὶ
3331 2778 3520 2847 λόγον
3563 2777 3746 2832 ὅσιον

2143 2862 2562 2929 ἐϐδελύξαντο.
2596 2866 2834 2937 Μιχαίας
2855 2885 2915 2920 τε
2943 2869 3143 2938 ὁμοίως
3167 2870 3260 2922 καὶ
3289 2869 3452 2933 αὐτὸς
3480 2869 3616 2942 περὶ
3645 2870 3740 2924 τοῦ

2145 2955 2316 3025 Λόγου
2346 2956 2718 3028 μνημονεύων,
2756 2959 2856 3014 Ἐκ
2876 2959 3041 3025 Σιὼν,
3071 2961 3194 3031 ἔφη,
3221 2961 3613 3026 ἐξελεύσεται
3637 2965 3739 3018 νό-

471 3044 607 3104 Vide
634 3060 812 3104 autem
841 3049 987 3120 quod
1026 3049 1239 3105 diversa
1274 3050 1342 3104 de
1369 3049 1668 3118 Scripturis
1703 3049 1926 3106 collecta
1967 3060 2043 3104 te-

2157 3065 2277 3114 uoc,
2326 3047 2425 3102 καὶ
2451 3051 2642 3120 Λόγος
2691 3052 2915 3120 Κυρίου
2967 3052 3036 3118 ἐξ
3095 3053 3508 3124 Ἰερουσαλήμ.
3552 3054 3740 3108 Ταῦτα

471 3135 727 3191 stimonia
757 3137 810 3192 in
835 3152 1000 3192 unum
1027 3136 1256 3207 coniecit
1286 3151 1302 3191 :
1327 3137 1547 3193 missum
1580 3138 1672 3193 Dei
1699 3136 1934 3194 Verbum
1969 3154 2051 3195 sas

471 3225 746 3281 lutiferum
773 3226 902 3282 illud
930 3237 986 3284 et
1013 3228 1340 3294 curativum,
1371 3229 1704 3286 confundens
1725 3245 1847 3287 cum
1872 3232 2052 3287 admo-

473 3316 673 3372 nitorio
708 3318 1040 3386 agendorum
1077 3317 1263 3374 verbo.
1298 3316 1428 3373 Iiiud
1473 3321 1694 3385 etenim,
1717 3319 1962 3376 Oderunt
1994 3324 2051 3376 in

470 3409 636 3476 portis
685 3409 1060 3474 increpantem,
1110 3421 1158 3463 et
1188 3407 1422 3463 Verbum
1468 3421 1708 3463 sanctum
1766 3412 2050 3465 abominati

471 3506 592 3550 sunt
626 3513 645 3550 :
678 3499 950 3568 quodnam
981 3500 1138 3554 nobis
1185 3498 1488 3554 subindicat
1529 3498 1796 3554 Verbum?
1828 3515 2050 3570 prorsus

470 3587 605 3642 illud
635 3603 745 3658 quo
770 3589 837 3644 de
891 3589 1053 3658 justis
1091 3590 1398 3645 actionibus
1451 3598 1506 3646 et
1546 3592 1751 3646 sanctis
1807 3592 2050 3648 homines

474 3678 898 3734 commoneﬁunt
931 3697 946 3735 :
987 3679 1230 3746 omnino,
1284 3680 1497 3752 quidvis
1537 3683 1714 3750 potius
1754 3696 1914 3752 quam
1956 3682 2048 3737 Fi-

471 3766 604 3822 lium
637 3767 730 3823 Dei
755 3768 996 3838 proﬁteri
1020 3769 1152 3836 vult,
1184 3781 1437 3841 tanquam
1463 3773 1551 3840 qui
1582 3771 1902 3828 mentionem
1933 3772 2050 3842 ejus

476 3857 657 3913 facere
686 3868 976 3914 metueret.
1002 3859 1111 3916 Nos
1141 3863 1394 3918 novimus
1425 3861 1518 3918 Dei
1559 3862 1752 3918 Filium
1787 3866 2047 3934 propriis-

475 3950 614 4005 sime
654 3965 778 4006 esse
820 3951 1042 4018 “Filium,
1074 3967 1204 4008 vere
1258 3954 1588 4024 unigenitum
1619 3955 1758 4010 Dei:
1811 3955 2047 4013 Verbum

475 4055 689 4111 quoque
717 4044 964 4099 eumdem
990 4058 1112 4101 esse
1132 4047 1298 4115 probe
1332 4048 1610 4114 novimus;
1643 4049 1739 4104 sed
1764 4065 1867 4104 non
1899 4051 2050 4105 simi-

473 4131 525 4187 )e
557 4132 796 4188 humano
855 4134 1160 4204 cuicunque
1211 4136 1396 4191 verbo.
1453 4138 1522 4190 At
1568 4137 1727 4207 quale
1754 4147 1923 4207 paret,
1977 4156 2050 4195 te-

473 4237 640 4290 quum
687 4233 773 4279 est
824 4235 1042 4280 exstare
1090 4223 1326 4281 Verbum
1355 4226 1450 4282 Dei
1493 4227 1694 4291 vivum.
1729 4230 2047 4299 subsistens,

471 4326 729 4386 tanquam
758 4317 847 4386 qui
878 4319 948 4372 sit
973 4317 1160 4373 Filius.
1193 4317 1247 4373 is
1267 4333 1396 4374 vero
1423 4319 1652 4374 Verbum
1675 4321 2044 4388 indicativum,

2151 3139 2255 3212 [δὲ]
2273 3137 2388 3211 (41)
2407 3142 2502 3195 καὶ
2523 3141 2592 3196 τὰ
2609 3141 2818 3208 τούτοις
2832 3143 3036 3214 ἀδελφὰ
3053 3144 3396 3215 συναγαγὼν,
3441 3146 3739 3219 κρατύνειν

2147 3230 2236 3284 διὰ
2255 3230 2459 3286 τούτων
2473 3233 2572 3305 τὴν
2593 3233 2785 3288 ἑαυτοῦ
2805 3235 2961 3302 δόξαν
2981 3238 3218 3307 ἡγεῖται.
3241 3237 3384 3308 Ὅρα
3399 3237 3459 3290 δὲ
3480 3238 3610 3303 πῶς
3633 3239 3738 3309 (42)

2149 3322 2325 3395 φορὰς
2370 3324 2470 3389 τὰς
2499 3326 2608 3380 ἀπὸ
2638 3327 2740 3397 τῆς
2791 3327 2942 3392 Θείας
2974 3329 3196 3400 Γραφῆς
3245 3332 3559 3402 μαρτυρίας
3607 3332 3739 3404 ὁμοῦ

2151 3413 2449 3484 συνήγαγε,
2479 3415 2688 3471 καὶτὸν
2714 3419 3176 3490 ἀποστελλόμενον
3203 3419 3320 3492 (45)
3349 3421 3447 3476 τοῦ
3479 3423 3628 3478 Θεοῦ
3650 3425 3745 3478 Λό-

2148 3525 2266 3577 γον,
2322 3510 2414 3563 τὸν
2456 3511 2743 3583 σωτήριον,
2774 3512 2870 3565 καὶ
2915 3513 3143 3577 ἰατικὸν,
3187 3515 3281 3568 καὶ
3320 3515 3413 3568 τὸν
3456 3516 3578 3568 τῶν
3602 3535 3746 3589 πρα-

2148 3600 2323 3654 κτέων
2342 3603 2877 3674 παραγγελτικόν.Τὺ
2903 3608 3031 3678 γὰρ,
3064 3609 3399 3678 Ἐμίσησαν
3417 3612 3489 3664 ἐν
3507 3613 3743 3677 πύλαις

2147 3693 2494 3764 ἐλέγχοντα,
2534 3698 2632 3750 καὶ
2666 3699 2851 3769 λόγον
2886 3699 3059 3755 ὅσιον
3107 3702 3539 3769 ἐϐδελύξαντο,
3594 3709 3748 3759 ποῖον

2150 3782 2459 3837 ὑποτίθεται
2485 3785 2692 3854 Λόγον;
2721 3787 2754 3859 ἢ
2784 3785 3002 3853 πάντως
3036 3806 3138 3842 που
3169 3789 3260 3842 τὸν
3280 3791 3413 3862 περὶ
3441 3790 3560 3844 τῶν
3583 3793 3748 3845 ὁσίων

2150 3873 2260 3944 (44)
2308 3877 2401 3928 καὶ
2430 3876 2654 3931 δικαίων
2677 3879 2927 3951 πράξεων
2979 3880 3440 3952 παραγγελτικόνσ
3474 3883 3668 3937 πάντα
3692 3901 3745 3935 τε

2152 3965 2352 4034 μᾶλλον
2398 3965 2434 4038 ἢ
2483 3967 2572 4022 τὸν
2617 3969 2747 4023 Υἱὸν
2789 3968 2884 4023 τοῦ
2935 3969 3070 4025 Θεοῦ
3120 3973 3402 4044 ὁμολογεῖν
3463 3974 3741 4046 βούλεται,

2147 4055 2336 4130 ὥσπερ
2358 4059 2671 4132 αἰδούμενος
2703 4061 3072 4132 μνημονεῦσαι
3102 4065 3194 4118 τοῦ
3221 4064 3369 4119 Υξοῦ.
3413 4066 3619 4138 Ἡμεῖς
3649 4068 3741 4137 μὲν

2147 4146 2257 4219 γὰρ
2312 4148 2533 4221 οἴδαμεν
2578 4152 2668 4205 τὸν
2717 4153 2843 4208 Υἱὸν
2893 4155 2988 4209 τοῦ
3030 4156 3166 4210 Θεοῦ
3207 4156 3562 4228 κυριώτατον
3615 4160 3740 4213 ὄντα

2148 4237 2298 4303 Υἱὸν,
2339 4241 2436 4293 καὶ
2468 4241 2684 4314 ἀληθῶς
2718 4247 2978 4318 μονογενῆ
3021 4246 3118 4300 τοῦ
3147 4247 3303 4314 Θεοῦ,
3339 4250 3436 4303 καὶ
3476 4251 3660 4320 Λόγον
3685 4249 3738 4303 δι

2146 4328 2311 4381 αὐτὸν
2341 4330 2584 4401 ἀκριϐῶς
2618 4333 2782 4403 ἴσμεν
2812 4335 2910 4404 οὐχ
2941 4335 3122 4405 ὅμοιον
3159 4333 3238 4406 τῷ
3281 4337 3340 4388 ὲν
3383 4336 3732 4409 ἀνθρώποις·

470 4415 527 4459 et
559 4406 888 4475 agendorum
925 4407 1498 4464 commonefactorium
1533 4409 1896 4479 introducens,
1937 4435 2042 4468 ιιυιι

2157 4419 2260 4472 ἀλλ’
2282 4415 2396 4474 οἷον
2424 4424 2690 4494 προσήκει
2719 4428 2859 4478 νοεῖν
2895 4426 3008 4498 (45)
3041 4427 3176 4481 Θεοῦ
3204 4428 3398 4497 Λόγον,
3430 4406 3620 4494 ζῶντα
3649 4431 3733 4482 καὶ

471 4495 741 4553 immerito
760 4495 958 4553 Filium
989 4498 1083 4555 Dei
1113 4499 1358 4556 conti-teri
1389 4508 1643 4570 gravatur
1669 4514 1828 4570 quem
1863 4504 2042 4573 reipsa

470 4588 784 4658 abnegavit.

2149 4510 2436 4578 ὑφεστῶτα
2461 4515 2538 4576 ὡς
2571 4514 2697 4568 Υἱόν
2733 4515 2864 4586 (46)’
2902 4518 2930 4570 ὁ
2961 4517 3019 4572 δὲ
3051 4516 3210 4587 λόγον
3263 4522 3612 4591 σημαντικὸν
3645 4521 3732 4574 καὶ

2146 4599 2254 4652 τῶν
2273 4601 2562 4672 πρακτέων
2585 4605 3018 4676 παραγγελτικὺν
3041 4609 3297 4679 εἰσάγων,
3315 4611 3552 4677 εἰκότως
3570 4610 3732 4666 ὤκνει

2145 4689 2238 4742 τὸν
2265 4691 2392 4747 Υἱὸν
2414 4695 2716 4765 ὁμολογεῖν,
2750 4697 2809 4751 ὃν
2842 4698 2990 4771 αὑτῷ
3017 4699 3163 4773 ἔργῳ
3189 4703 3429 4773 ἠρνεῖτο.

548 4817 608 4904 >1;
646 4813 968 4904 Edq;I:aris.,
999 4833 1123 4904 pag;
1161 4819 1404 4904 “in”
1441 4817 1667 4904 Joan_._t,
1702 4819 1789 4877 l8.
1861 4823 1908 4857 '"‘
1940 4823 2041 4882 Psa

2161 4845 2269 4887 nn
2327 4834 2384 4887 7.
2455 4833 2503 4866 "
2532 4834 2675 4892 Psal.
2707 4852 2817 4904 cvi,
2850 4838 2940 4894 20.
2992 4841 3038 4872 "
3078 4840 3239 4896 Prov.
3268 4858 3382 4900 xuv.
3417 4842 3474 4900 6.
3554 4844 3602 4875 ⁷³
3629 4843 3727 4898 lsa.

475 4897 538 4946 ll,
573 4885 627 4938 5.
711 4886 757 4918 ⁷³
787 4887 902 4943 Jer.
943 4885 1146 4954 vm,'9.
1222 4890 1268 4923 ⁸⁸
1300 4889 1426 4947 Ose.
1458 4905 1535 4956 ιχ,
1567 4890 1655 4945 Π.

548 5026 662 5103 (5‘6)
692 5027 866 5103 Caput
900 5029 971 5083 9.4
1011 5029 1322 5103 immediate
1349 5027 1622 5103 dependet
1663 5043 1692 5084 a
1726 5033 2021 5103 superiore,

475 5099 748 5170 pergente
766 5098 944 5153 adhuc
977 5100 1242 5170 sententia
1281 5100 1496 5170 prioris.
1525 5098 1592 5170 il.

2210 5040 2785 5119 (i2)_"_0:z_wcydpac.
2833 5043 3031 5119 Facilis
3091 5048 3382 5110 correctio,
3431 5048 3726 5119 διαφοράς·

2147 5112 2240 5186 sed
2269 5113 2396 5186 quid
2424 5116 2468 5168 si
2496 5112 2672 5186 φύρας
2695 5116 2941 5182 legatur?
2967 5126 3114 5171 certe
3138 5119 3280 5172 enim
3317 5119 3434 5172 vult
3457 5112 3588 5174 enin
3614 5112 3734 5185 "per-

546 5165 659 5259 55:7)
671 5167 918 5259 ⁸Ὥσπερ
933 5235 948 5259 Γ
961 5165 1352 5259 κξτῑόουμςιέ-νών.
1416 5168 1509 5259 ξίρ
1527 5235 1546 5259 1
1560 5168 1863 5239 legendum,
1932 5188 2039 5230 non

2157 5165 2425 5259 miscuisse
2448 5165 2630 5238 omnia
2652 5165 2860 5253 'sus‘qne
2893 5186 3103 5259 deque;
3134 5165 3316 5259 statim
3343 5165 3729 5259 legend.“er

471 5234 808 5310 αἰδοῦμενος.
839 5234 1190 5310 Μ.(Ξθοιιιὺε
1214 5254 1333 5294 sum
1362 5235 1546 5310 codd.]

567 5306 658 5379 §8)
686 5307 864 5379 _Vu_lgo
888 5306 1258 5379 ὲξελεύσηται.

567 5375 657 5434 59)
685 5375 793 5428 Τοῦ
812 5375 940 5434 om.
978 5375 1135 5432 codd.

473 5445 802 5564 “(Oﬁlium
850 5447 1030 5518 Ἀμώς
1074 5462 1127 5512 v,
1181 5448 1270 5506 to.
1333 5446 1454 5503 Mox
1512 5445 1669 5518 vulgo
1723 5448 1886 5516 αὐτὸς
1948 5453 2043 5508 καὶ

506 5530 690 5584 μοιως.

475 5581 658 5720 cr#33:?)
707 5581 898 5642 Omitt.
929 5585 1110 5647 codd.:
1150 5587 1274 5644 dein
1298 5587 1456 5658 vulgo
1501 5587 1596 5643 καὶ
1629 5588 1839 5655 τούτοις
1868 5592 2032 5664 ὅμοια

2144 5249 2517 5327 στελλόμενον,
2540 5263 2600 5327 ut
2625 5264 2757 5327 erat_
2774 5249 2828 5309 in
2854 5249 3134 5327 margine.
3179 5257 3249 5311 bl.

2339 5321 2521 5394 ’Yiulgo
2541 5324 2920 5382 ἀποστολικόν.

2356 5390 2526 5468 fulgo
2552 5394 2768 5458 πάντως
2794 5394 2982 5450 τοῦτον
3011 5396 3143 5468 περὶ
3177 5395 3276 5468 τὴν
3303 5397 3500 5455 ὁσίων.

2217 5461 2330 5533 (45)
2356 5461 2526 5533 Vulgo
2564 5480 2672 5519 om.
2707 5468 2868 5520 νοεῖν.

2211 5531 2637 5612 (tornatur.
2675 5534 2849 5604 Deest,
2880 5536 3092 5608 opinor,
3111 5535 3354 5608 νομίζειν
3385 5549 3511 5609 post
3547 5553 3719 5612 προσ-

2139 5602 2282 5670 ήκεὶ.
2311 5603 2369 5657 Μ.
