3828 6222
134 296 248 356 9θῦ

761 411 927 466 -ΚΕΦ-
970 412 1097 468 K-E'.

334 502 532 568 Ὅπως
547 503 592 555 ὁ
611 502 792 568 αὐτὸς
820 503 1009 568 ἑαυτῷ
1031 505 1274 560 ἐναντία
1305 506 1546 577 ἔγραψε.

209 589 345 648 Εἶτα
375 596 468 647 καὶ
504 593 666 658 αὐτὸς
701 595 879 667 ἑαυτῷ
915 597 1176 652 τάναντία
1205 598 1318 669 (47)
1359 600 1586 672 γράφων
1616 617 1717 653 ουκ

130 684 406 740 αἵσθεται.
448 686 537 740 Ἔν
563 685 896 756 ἑτέροιςημὲν
925 686 1035 758 γὰρ
1065 688 1474 759 διῖσχυρίζεται,
1513 690 1716 762 μηδένα

128 771 233 824 τοῦ
279 773 540 844 προτέρου
587 773 737 839 λαοῦ,
771 775 839 828 τὰ
887 776 1030 830 κατὰ
1071 777 1162 831 τὸν
1189 779 1362 846 Λόγον
1398 783 1710 849 ἐγνωκέναι.

127 864 452 935 Μυστήριον
479 864 586 936 γάρ
601 861 738 919 εἶναι
765 867 1278 940 ἀποκεκρυμμένον.
1304 873 1507 944 Γράφει
1530 873 1586 926 δὲ
1611 867 1713 928 ὦδε

131 955 330 1018 αὑταῖς
359 955 570 1023 λέξεσι·
607 976 626 1008 ι
651 958 716 1009 Τί
741 959 849 1030 γὰρ
873 959 1057 1032 ἕτερον
1092 959 1161 1033 ἦν
1189 965 1710 1038 ἀποκεκρυμμένον,

139 1064 161 1094 ι
176 1050 476 1118 μυστήριον
495 1048 529 1119 ἢ
556 1049 615 1102 τὸ
639 1049 780 1102 κατὰ
801 1051 892 1104 τὸν
913 1052 1082 1120 Λόγον
1109 1054 1282 1119 ;οῢτω
1297 1057 1352 1110 δὲ
1371 1058 1481 1129 (48)
1498 1055 1564 1130 ἦν
1579 1061 1714 1114 ἀπο-

137 1153 158 1185 (
183 1138 563 1208 κεκρυμμένον
588 1139 646 1192 ὲν
674 1135 907 1212 τῷΘεῷ,
943 1145 1093 1196 τουτί
1126 1145 1388 1218 πρότερον
1423 1149 1484 1201 τὸ
1511 1152 1714 1221 μυστή-

135 1244 159 1277 ‹
190 1244 328 1298 ριον,
352 1229 491 1282 ὥστε
529 1227 733 1302 μηδένα
775 1233 869 1286 τοῦ
905 1235 1168 1306 προτέρου
1203 1237 1354 1303 λαοῦ,
1413 1240 1598 1310 σαφῶς
1645 1243 1713 1297 τὰ

133 1332 156 1367 α
175 1316 318 1369 κατὰ
340 1318 428 1371 τὸν
455 1319 626 1388 Λόγον
646 1319 870 1374 εἰδέναι’
901 1322 1013 1376 ἀλλ’
1041 1325 1206 1395 ἡμᾶς,
1233 1326 1326 1381 τοῦ
1357 1327 1588 1384 πλούτου
1614 1333 1714 1402 τῆς

132 1424 155 1458 ι
183 1406 346 1480 δόξης
402 1409 496 1462 καὶ
538 1409 631 1464 τοῦ
680 1412 1170 1486 ἀποκεκρυμμένου
1233 1422 1529 1493 μυστηρίου
1576 1425 1710 1478 ἀπο-

133 1515 159 1550 (
182 1497 374 1554 λαύειν
394 1501 528 1555 νυνί.
557 1521 575 1554 ›
597 1503 706 1556 Καὶ
734 1499 888 1569 αὖθις
920 1507 1180 1578 ἐπιλέγει,
1202 1530 1220 1562 ι
1245 1511 1301 1563 Ὁ
1317 1512 1372 1566 δὲ
1408 1515 1550 1586 ἱερὸς
1578 1517 1714 1569 ἀπό-

135 1608 158 1642 c
179 1589 365 1654 στολός
391 1609 450 1644 τε
479 1595 573 1647 καὶ
602 1595 845 1668 μαθητὴς
869 1597 961 1651 τοῦ
989 1601 1194 1672 Κυρίου
1231 1603 1500 1676 Ἰωάννης,
1526 1607 1712 1677 σαφῶς

133 1700 154 1733 σ
179 1683 279 1735 καὶ
322 1683 615 1756 διαρρήδην
640 1688 697 1738 ὲν
741 1688 881 1760 ἀρχῇ
917 1690 1012 1744 τοῦ
1052 1693 1383 1763 Εὑαγγελίου
1421 1698 1708 1764 διδάσκων,

1109 299 1196 355 DE
1235 301 1769 360 ECCLESIASTICA
1807 305 2193 363 THEOLOGIA
2232 309 2359 364 LIB.
2404 307 2461 362 11.

1749 426 1797 481 Α

3288 305 3394 365 966

2429 420 2578 476 CAP.
2615 416 2777 477 XXV.

2087 510 2328 576 Qualiter
2353 513 2452 566 sibi
2485 513 2585 581 ipsi
2615 512 2878 566 contraria
2906 510 3118 566 scribat.

1886 597 2001 655 Non
2053 602 2300 673 intelligit
2332 619 2493 673 porro
2525 605 2668 673 quod
2713 602 2812 656 sibi
2844 602 2943 670 ipsi
2972 601 3390 657 contradictoria

1817 693 2027 750 scribit.
2066 691 2276 748 Alicubi
2317 693 2583 762 siquidem
2610 701 2994 748 ‘asseveranter
3029 689 3237 758 statuit,
3267 690 3390 745 nul-

1817 784 1924 837 lum
1965 785 2186 853 penitus
2226 785 2292 839 de
2335 784 2554 853 antiquo
2608 782 2700 838 illo
2751 781 2945 852 populo
2995 780 3282 851 quidquam
3321 782 3389 834 de

1817 873 1993 931 Verbo
2024 877 2359 944 cngnovisse.
2408 875 2544 929 Nam
2574 884 2691 929 erat
2713 873 3030 944 mysterium
3071 879 3130 936 >14
3156 871 3390 926 abscon-

1815 967 2004 1033 ditum,
2035 967 2228 1036 inquit.
2263 959 2437 1021 Verba
2470 963 2584 1036 ejus
2608 974 2734 1020 sunt
2756 964 2857 1036 ‘[R.
2883 964 3044 1030 XLV,
3081 963 3204 1018 coll.
3235 979 3288 1027 p.
3315 963 3388 1016 40

1818 1049 1881 1129 D]
1915 1074 1928 1112 :
1972 1053 2151 1124 (Quid
2180 1058 2323 1112 aliud
2351 1067 2465 1111 erat
2496 1060 2808 1128 mysterium
2834 1056 2960 1111 illud
2984 1057 3383 1116 absconditum,

1821 1168 1839 1200 ι
1865 1164 2021 1218 quam
2052 1145 2177 1202 illud
2214 1149 2276 1203 de
2297 1143 2518 1202 Verbo?
2571 1149 2702 1202 Nam
2735 1157 2854 1202 erat
2915 1149 3016 1202 hoc
3065 1147 3383 1218 mysterium

1819 1260 1836 1291 ι
1861 1241 1996 1296 adeo
2021 1240 2145 1294 olim
2179 1242 2231 1295 in
2261 1239 2379 1295 Deo
2405 1241 2800 1306 absconditum,
2835 1249 2894 1294 ut
2926 1253 2956 1294 e
2978 1241 3143 1310 priori
3174 1239 3263 1293 illo
3290 1254 3386 1308 po-

1819 1349 1838 1381 (
1861 1332 2005 1401 pulo,
2034 1331 2208 1386 nullus
2233 1332 2390 1402 plane
2422 1332 2522 1388 hoc
2556 1335 2729 1401 ipsum
2771 1331 3110 1402 intelligeret.
3143 1331 3247 1386 Sed
3287 1345 3386 1386 no—

1819 1422 1944 1476 «bis
1984 1421 2094 1490 jam
2141 1437 2392 1478 concessa
2449 1432 2532 1478 est
2592 1423 2778 1478 fruitio
2831 1423 3140 1478 divitiarum
3201 1423 3384 1491 gloriae

1819 1533 1837 1565 ι
1865 1513 2051 1583 ipsius,
2088 1523 2142 1569 et
2182 1515 2433 1587 mysterii
2468 1515 2610 1570 illius
2655 1501 3145 1571 reconditissimi.»
3187 1516 3384 1568 Statim

1814 1622 1943 1660 vero
2005 1605 2270 1660 subinfert
2305 1605 2397 1677 [Β.
2431 1603 2593 1659 XLVI
2640 1606 2764 1663 coll.
2817 1621 2874 1675 ι).
2921 1606 2992 1661 '56
3036 1606 3079 1660 D
3129 1605 3230 1660 “8
3256 1603 3320 1677 C]
3364 1622 3381 1659 :

1821 1697 2249 1752 «Sanctissimns
2297 1712 2424 1752 vero
2471 1698 2764 1767 apostolus,
2813 1706 2867 1752 et
2898 1697 3106 1750 Domini
3148 1697 3385 1766 discipu-

128 1792 149 1823 ι
174 1773 254 1838 ὡς
265 1775 624 1847 ἀγνοούμενον
645 1779 702 1831 ὲν
725 1781 1029 1853 ἀνθρώποις
1048 1787 1330 1859 πρότερον,
1357 1790 1529 1857 Λόγον
1546 1792 1705 1846 αὐτὸν

1817 1811 1832 1840 ι
1860 1791 1938 1845 lus
1963 1789 2218 1855 Joannes,
2255 1790 2488 1845 exertim
2521 1796 2578 1844 et
2618 1798 2805 1860 aperte
2832 1789 2884 1843 in
2917 1799 3110 1844 exortu
3147 1790 3386 1857 Evange-

128 1883 148 1915 ι
176 1864 278 1918 τοῦ
307 1869 750 1956 παντοκράτορος
785 1873 1086 1945 ὀνομάζων,
1119 1878 1288 1944 οὕτως
1313 1881 1438 1954 ἔφη,
1482 1885 1578 1937 Ἐν
1612 1887 1706 1956 ἀρ-

107 1975 149 2008 1
175 1956 266 2027 χῇ
287 1955 366 2030 ἦν
392 1963 425 2013 ό
451 1963 660 2032 Λόγος.
691 1983 711 2016 ι
757 1965 846 2019 Ἐν
878 1967 1088 2033 τούτοις
1113 1971 1210 2041 μὲν
1240 1970 1335 2027 οὖν
1358 1955 1706 2048 ἀποκεκρυμ-

123 2050 293 2120 μένον
319 2054 614 2124 μυστήριον
660 2055 948 2128 διορίζεται
978 2055 1216 2127 εἶναιτὸ,
1253 2065 1504 2136 περὶτοῦ
1535 2069 1706 2136 Λόγον
1742 2077 1746 2082 ’

107 2142 274 2212 ἔχειν
292 2142 382 2196 τὸν
405 2144 556 2213 Θεὸν,
590 2147 646 2200 ἐν
679 2148 734 2200 δὲ
762 2152 883 2214 ταῖς
911 2146 1112 2222 ἀρτίως
1137 2155 1556 2224 παρατεθείσαις
1580 2177 1708 2230 προ-

111 2237 388 2305 φητικῶς
415 2239 636 2305 φωναῖς,
657 2239 835 2304 πάσας
857 2241 954 2305 τὰς
980 2242 1130 2307 θείας
1153 2245 1704 2319 Γραφὰςμηρύττειν,

99 2328 194 2381 τὰ
246 2329 375 2400 περὶ
426 2330 589 2384 αὐτοῦ
640 2333 939 2405 συνίστησι,
981 2335 1075 2388 καὶ
1125 2337 1345 2405 συνάγει
1378 2340 1505 2410 περὶ
1532 2341 1704 2409 Λόγου

116 2416 288 2483 Θεοῦ,
319 2417 576 2484 πλείστας
596 2420 728 2483 ὅσας
759 2423 1084 2496 μαρτυρίας.
1109 2425 1222 2479 Οὐκ
1249 2422 1357 2498 ἄρα
1385 2423 1453 2499 ἦν
1487 2429 1709 2496 ἀγνοού-

96 2527 292 2580 ςμενος
318 2511 396 2581 τῷ
428 2513 678 2584 προτέρῳ
703 2513 835 2585 λαῷ’
867 2516 1068 2580 πάντες
1095 2518 1204 2590 γὰρ
1231 2519 1408 2583 αὐτοὶ,
1444 2523 1568 2585 τοὺς
1595 2540 1705 2575 τοι·

108 2600 316 2666 ούτους
347 2601 538 2672 λόγους
569 2604 765 2675 ᾔδεσαν
801 2605 906 2659 ἀνὰ
932 2607 1124 2678 στόμα,
1161 2611 1254 2663 καὶ
1278 2611 1365 2664 διὰ
1400 2614 1616 2685 μνήμης
1639 2613 1709 2667 τὰ

103 2696 441 2764 ’προφητικὰ
461 2696 616 2766 λόγια
639 2698 915 2770 φέροντες.
949 2700 1107 2755 Ἀλλὰ
1126 2703 1216 2756 τὸν
1241 2708 1570 2778 γραμματέα
1598 2709 1707 2761 τῶν

127 2785 405 2840 Ἰουδαίων
430 2790 562 2860 ἡμῖν
593 2792 621 2843 ὁ
651 2791 971 2862 Χριστιανὸς
1001 2795 1343 2867 προΐσχεται·
1371 2798 1471 2852 οὐκ
1495 2799 1706 2854 ἀκούων

110 2875 218 2929 τοῦ
244 2874 493 2949 Σωτῆρος
520 2879 790 2950 λέγοντος,
825 2883 970 2937 Οὐαὶ
1005 2882 1166 2955 ὑμῖν,
1197 2889 1574 2958 γραμματεῖς,
1607 2891 1704 2945 καί

113 2968 434 3037 Φαρισαῖοι
453 2973 788 3040 ὑποκριταὶ,
827 2974 1096 3046 θαυμάζει
1124 2995 1182 3030 τε
1225 2979 1388 3034 αὐτὸν
1420 2981 1526 3052 (49)
1559 2983 1706 3055 ὅρκῳ

113 3061 486 3133 πιστούμενον
535 3065 617 3118 ὅτι
656 3063 760 3132 Εἷς
798 3067 970 3122 ἐστιν
1008 3072 1040 3124 ό
1087 3069 1250 3136 Θεὸς,
1297 3072 1394 3126 καὶ
1437 3077 1548 3129 οὐκ
1574 3077 1705 3130 ἐστι

113 3150 295 3219 πλὴν
333 3153 539 3220 αὑτοῦ,
574 3154 674 3208 οὐκ
705 3155 884 3223 εἰδὼς,
921 3158 1002 3212 ὅτι
1033 3160 1129 3214 καὶ
1171 3160 1241 3214 τὰ
1285 3161 1570 3234 (δαιμόνια
1616 3184 1705 3221 πι-

119 3260 141 3292 ¢
168 3239 443 3306 erraticum,
473 3245 567 3297 καὶ
594 3245 894 3314 φρίττουσι.
921 3265 943 3300 ι
985 3248 1151 3320 Τήρει
1185 3249 1241 3303 δὲ
1261 3251 1407 3315 ὅπως
1439 3252 1497 3319 ἐξ
1525 3254 1705 3308 αὐτῶν

112 3333 235 3389 τῶν
257 3335 613 3406 προφητικῶν
631 3336 884 3408 Γραφῶν,
913 3339 980 3393 τά
1013 3342 1140 3414 περὶ
1163 3341 1337 3410 Λόγου
1359 3343 1579 3413 συνάγει
1605 3345 1700 3400 τοῦ

114 3426 236 3478 τῶν
263 3427 549 3498 πρακτέων
587 3429 995 3487 διδασκαλικοῦ’
1029 3434 1088 3487 ὃν
1129 3436 1222 3490 καὶ
1268 3437 1532 3491 Ἰουδαίων
1577 3441 1704 3492 παῖ-

112 3515 208 3580 δες
239 3518 523 3590 γνωρίζειν
548 3521 969 3594 ὁμολογήσουσιν
998 3526 1131 3597 (50),
1159 3528 1253 3581 ἆτε
1278 3529 1384 3600 πρὸ
1411 3529 1570 3600 ἡμῶν
1587 3529 1704 3582 τοῦ·

113 3623 216 3660 τον
269 3610 689 3682 παρειληφότες.
752 3615 891 3668 Ἀλλ’
923 3617 1044 3670 οὐδὲ
1085 3618 1246 3682 αὐτὸς
1289 3620 1573 3682 Σαὸέλλιος
1611 3621 1702 3675 τὸν

113 3700 364 3754 τοιοῦτον
397 3704 579 3772 ἠγνόει
599 3705 790 3774 Λόγον.
827 3709 950 3772 Πῶς
969 3704 1061 3763 οὖν
1090 3711 1373 3776 Ἰουδαίους
1401 3713 1492 3765 καὶ
1513 3713 1703 3767 Σαὸἐλ-

113 3790 239 3844 λιον
282 3791 518 3860 κόπτων,
559 3795 631 3867 μὴ
665 3798 958 3866 ἐγνωκέναι
1009 3800 1099 3854 τὸν
1144 3802 1315 3870 Λόγον
1372 3802 1496 3874 ἔφη,
1530 3803 1595 3856 δι’
1627 3798 1702 3858 ὧν

117 3880 446 3954 παρεθέμην
475 3883 638 3938 αὑτοῦ
675 3889 902 3956 φωνῶν;
949 3891 1058 3943 Καὶ
1098 3892 1283 3964 ἐπειδὴ
1320 3893 1700 3964 ἀποπέφανται

113 3975 145 4027 ὁ
173 3974 360 4039 αὐτὸς,
401 3976 489 4030 διὰ
526 3977 634 4032 τῶν
661 3978 986 4052 ἔμπροσθεν,
1028 3984 1316 4049 ὡς-ούδείς
1349 3985 1568 4040 ἐδύνατο
1609 3987 1701 4040 τὸν

115 4065 259 4120 Θεὸν
300 4068 517 4132 εἰδέναι,
548 4071 668 4124 οὐδὲ
695 4074 786 4126 τὸν
815 4074 985 4143 Λόγον
1011 4074 1294 4148 γνωρίζειν
1321 4077 1485 4132 αὐτοῦ
1539 4079 1587 4132 εἰ
1623 4079 1696 4151 μὴ

114 4155 223 4228 τὴν
260 4157 445 4213 εἰκόνα
492 4161 700 4232 εἰλήφει
728 4158 821 4216 τοῦ
879 4164 1108 4236 ἀοράτου
1147 4165 1305 4233 Θεοῦ,
1361 4168 1560 4240 δηλαδὴ
1601 4169 1700 4241 τὴν

117 4247 323 4318 σάρκα,
358 4249 433 4314 ὡς
466 4252 623 4317 αὐτὸς
652 4253 791 4325 ἔφη·
844 4255 952 4326 (διὰ
997 4256 1163 4327 μόνης
1194 4258 1302 4330 γὰρ
1353 4260 1451 4330 τῆς
1492 4261 1698 4325 εἰκόνος

113 4339 482 4411 γνωρίζεσθαι
521 4342 613 4396 τὸν
645 4343 775 4396 Θεὸν
807 4345 900 4398 καὶ
931 4345 1021 4399 τὸν
1067 4347 1253 4400 τούτου
1296 4349 1468 4416 Λόγον
1508 4350 1700 4404 διετεί-

113 4449 272 4496 νατο,
304 4432 402 4504 τὴν
437 4434 613 4505 σάρκα
648 4435 820 4505 λέγων
875 4433 1132 4510 εἶναιτὴν
1164 4439 1345 4493 εἰκόνα
1450 4443 1694 4514 ὑπομνη-
1727 4466 1770 4520 D

115 4522 277 4574 στέον
325 4522 412 4576 διὰ
443 4523 551 4576 τῶν
601 4527 974 4597 προκειμένων
1021 4529 1094 4592 ὡς
1121 4529 1242 4600 δίχα
1293 4529 1390 4601 τῆς
1433 4532 1694 4604 ὲνσάρκου

113 4613 421 4683 παρουσίας
450 4615 685 4668 Ἰουδαῖοι
735 4617 935 4681 πάντες
979 4617 1068 4672 τὸν
1093 4618 1246 4686 λόγον
1289 4618 1381 4672 τοῦ
1414 4619 1572 4684 Θεοῦ,
1605 4621 1699 4675 καὶ

108 4705 245 4766 τοὺς
284 4704 475 4772 λόγους
505 4706 629 4770 τοὺς
667 4709 724 4760 ἐν
747 4711 866 4772 ταῖς
898 4713 1260 4781 προφητικαῖς
1287 4715 1545 4783 γραφαῖς,
1588 4713 1698 4765 τῶν

112 4794 282 4848 ὁσίων
323 4796 498 4868 ἔργων
557 4800 1042 4870 παραγγελτικοὺς,
1088 4803 1330 4874 ἀκριϐῶς
1384 4803 1596 4874 ᾔδεσαν,
1640 4805 1700 4869 ἐξ

113 4885 346 4940 ἁπαλῶν
397 4888 603 4960 ὀνύχων
650 4891 871 4956 τούτους
917 4893 1417 4964 καταμελετῶντες·
1465 4897 1559 4949 καὶ
1608 4896 1698 4950 τὸν

113 4976 254 5029 Θεὸν
276 4977 589 5050 ὡμολόγουν
611 4981 702 5036 τὸν
726 4983 941 5037 πάντων
971 4985 1198 5056 ποιητὴν
1222 4985 1317 5039 καὶ
1336 4984 1659 5057 δημιουργόν
1680 5004 1693 5018 ·

113 5069 311 5142 ὥσπερ
342 5067 436 5127 οὖν
477 5074 571 5126 καὶ
591 5075 970 5146 γραμματεὺς,
1003 5077 1032 5128 ὁ
1059 5075 1124 5128 δι’
1155 5075 1316 5147 ὅρκου
1346 5075 1702 5148 πιστούμενος

1806 1880 1934 1944 τηε,
1967 1880 2129 1935 veluti
2162 1881 2252 1949 qui
2287 1880 2502 1932 doceret
2543 1878 2685 1948 quod
2744 1877 2892 1946 prius
2923 1875 3272 1947 ignorabatur
3309 1875 3386 1930 in.

1813 1994 1831 2026 ‹
1858 1983 1938 2029 ter
1966 1975 2230 2040 homines,
2269 1971 2504 2028 Verbum
2558 1970 2945 2041 omnipotentis
2982 1983 3104 2023 eum
3138 1969 3384 2024 nominat

1814 2083 1832 2116 ι
1862 2066 1934 2118 ita
1989 2064 2256 2134 inquiens,
2299 2061 2367 2117 In
2420 2062 2674 2131 principio
2713 2069 2832 2115 erat
2889 2059 3196 2114 Verbum“.
3225 2078 3247 2112 ο
3301 2059 3380 2113 Ita

1807 2157 2081 2211 contendit
2119 2157 2163 2211 is
2183 2171 2280 2224 per
2310 2157 2410 2208 ista
2452 2154 2826 2208 absconditum
2869 2151 3182 2223 mysterium
3213 2150 3381 2206 fuisse

1809 2247 1959 2310 illud,
1983 2247 2149 2301 Deum
2181 2245 2432 2300 habuisse
2466 2243 2726 2300 Verbum.
2765 2241 3076 2311 Scripturns
3105 2255 3234 2295 vero
3263 2255 3380 2294 om-

1808 2353 1905 2392 nes
1928 2351 2099 2407 nuper
2129 2337 2408 2401 recitatas,
2430 2344 2486 2388 et
2503 2335 2776 2404 appositas
2793 2332 3176 2402 prophetarum
3194 2347 3378 2400 voces,

1809 2427 2108 2496 praedicare
2129 2425 2244 2480 vult
2267 2440 2387 2496 qua:
2419 2432 2546 2480 sunt
2569 2424 2638 2479 de
2659 2422 2856 2490 Verbo,
2876 2438 3011 2493 quas
3033 2424 3295 2492 plurimas
3321 2424 3378 2478 in

1810 2521 1965 2588 hujus
1984 2519 2060 2573 rei
2080 2518 2442 2573 testimonium
2457 2515 2815 2572 coacervavit.
2835 2513 2913 2568 Ita
2931 2530 3034 2568 non
3050 2523 3168 2570 erat
3181 2514 3379 2584 popqu

1809 2607 1881 2662 illi
1923 2607 2090 2679 priori
2117 2607 2420 2676 ignoratum
2453 2606 2555 2660 hoc
2588 2605 2902 2677 mysterium
2934 2604 3202 2660 :universi
3231 2605 3377 2660 enim

1807 2706 2090 2765 noverant,
2124 2704 2177 2752 et
2205 2697 2469 2751 memoria
2503 2698 2762 2751 tenebant
2805 2703 2860 2751 et
2905 2709 3002 2751 ore
3043 2695 3380 2765 usurpabant

1808 2791 2195 2862 prophetarum
2219 2789 2306 2844 illa
2325 2790 2566 2846 oracula.
2581 2791 2653 2843 At
2683 2790 2824 2846 enim
2843 2797 2897 2844 et
2911 2791 2978 2844 de
2993 2786 3194 2843 Iudaeis
3221 2788 3379 2843 nobis

1807 2884 2039 2939 scribam
2077 2891 2431 2953 repraesentat
2457 2880 2805 2936 Christianus
2840 2895 2960 2935 cum
3000 2880 3073 2935 sit
3108 2897 3123 2934 :
3156 2896 3262 2933 non
3295 2889 3378 2934 at-

1809 2976 2034 3028 tendens
2070 2973 2212 3042 quod
2253 2973 2513 3027 Servator
2558 2971 2716 3038 dixit,
2772 2968 2858 3025 Va:
2891 2971 3058 3035 vobis,
3092 2967 3292 3024 Scribae
3327 2979 3377 3023 et

1811 3064 2068 3120 Phariswi
2114 3064 2402 3134 hypocrin
2421 3065 2489 3117 ⁸³.
2529 3062 2790 3133 lllumque
2834 3063 3058 3133 suspicit
3084 3063 3226 3132 quod
3253 3078 3374 3117 cum

1801 3155 2150 3228 jurejurando
2178 3155 2398 3223 dixerit,
2425 3153 2580 3222 Quod
2601 3171 2737 3209 unus
2769 3154 2907 3209 Deus
2932 3165 2980 3208 et
3005 3163 3199 3224 proeter
3232 3171 3374 3219 eum,

1805 3262 1908 3300 non
1931 3256 2006 3300 est
2032 3245 2188 3302 alius.
2219 3243 2381 3312 Quasi
2398 3243 2632 3299 nesciret
2655 3244 2794 3314 quod
2821 3252 2877 3298 et
2908 3261 2929 3295 ι
2960 3243 3230 3298 daemones
3256 3259 3379 3298 cre-

1805 3337 1934 3391 dant
1959 3344 2012 3391 et
2043 3335 2487 3392 contremiscant.
2513 3353 2534 3388 ι
2567 3333 2707 3390 Nota
2739 3334 2870 3389 mihi
2900 3343 3080 3389 autem
3114 3335 3376 3403 quemad-

1804 3427 2022 3481 modum
2077 3427 2144 3480 de
2187 3426 2518 3496 propheticis
2545 3425 2844 3495 Scripturis
2877 3424 3085 3494 colligit
3132 3440 3251 3494 qua
3303 3427 3372 3480 ad

1801 3518 2025 3572 verbum
2077 3516 2205 3572 illud
2242 3517 2536 3587 pertinent,
2582 3518 2724 3587 quod
2754 3527 2843 3573 est
2865 3519 3192 3588 agendorum
3223 3533 3375 3574 com-

1803 3607 2249 3665 monefactorium
2294 3631 2307 3664 ;
2360 3609 2503 3678 quod
2531 3609 2704 3677 ipsum
2743 3608 3060 3663 fatebuntur
3111 3624 3171 3664 se
3202 3625 3372 3680 agno-

1801 3712 1954 3754 scere
1987 3696 2069 3752 vel
2101 3694 2295 3760 Judaei,
2341 3696 2502 3750 veluti
2537 3696 2628 3765 qui
2673 3706 2800 3751 ante
2837 3711 2934 3751 nos
2977 3697 3082 3753 hoc
3105 3696 3217 3766 jam
3240 3700 3371 3754 olim

1800 3789 2186 3846 edocebantur.
2223 3787 2330 3844 Sed
2355 3804 2454 3844 nec
2474 3790 2705 3857 ipsemet
2741 3788 3010 3844 Sabellius
3035 3789 3374 3859 hujuscemo-

1799 3882 1852 3938 di
1887 3882 2122 3938 Verbum
2164 3881 2467 3951 ignorabat.
2507 3879 2678 3946 Quam
2719 3880 2990 3934 immerito
3045 3880 3245 3936 idcirco
3275 3881 3372 3936 ﬂa-

1800 3972 2281 4042 gellatSabellium
2334 3982 2389 4028 et
2415 3971 2649 4034 Judaeos,
2697 3972 2751 4025 in
2798 3974 3066 4042 excerptis
3104 3988 3134 4027 a
3173 3989 3261 4029 me
3302 3973 3372 4028 de

1800 4067 1966 4136 ipsius
2001 4065 2139 4119 libro
2173 4063 2383 4133 positis,
2425 4063 2567 4133 quod
2603 4059 2838 4118 Verbum
2871 4065 3206 4130 ignorabant,
3247 4080 3371 4120 cum

1799 4171 1996 4211 nomen
2023 4155 2076 4209 id
2107 4154 2175 4208 ab
2208 4155 2296 4208 illo
2321 4154 2512 4208 scitum
2548 4153 2642 4216 sit,’
2673 4153 2816 4222 quod
2846 4152 3013 4208 Deum
3058 4155 3240 4210 videre
3269 4171 3370 4211 ne-

1798 4262 1888 4302 mo
1913 4257 2142 4314 poterat,
2167 4247 2262 4302 sed
2295 4262 2394 4301 nec
2441 4246 2609 4315 ipsius
2634 4243 2873 4300 Verbum
2914 4246 3230 4318 intelligere,
3263 4247 3369 4302 nisi

1799 4339 2086 4411 imaginem
2118 4340 2366 4395 induerat
2412 4340 2698 4395 invisibilis
2735 4340 2865 4405 Dei,
2916 4354 3137 4394 carnem
3174 4354 3370 4409 nempe

1799 4429 2083 4484 intendens
2121 4430 2406 4500 imaginem
2447 4429 2626 4494 illam;
2686 4444 2813 4484 nam
2842 4443 2939 4498 per
2975 4428 3145 4482 solam
3176 4428 3367 4498 imagi-

1799 4534 1921 4574 nem
1951 4519 2202 4591 cognosci
2231 4520 2473 4590 potuisse
2510 4521 2700 4585 Deum,
2729 4529 2783 4573 et
2807 4519 2972 4588 ipsius
3003 4519 3098 4573 Dei
3126 4517 3364 4573 Verbum

1800 4613 2094 4668 contendat
2119 4625 2340 4667 carnem
2370 4625 2623 4666 asserens
2664 4610 2830 4665 fuisse
2875 4610 3161 4680 imaginem
3189 4610 3362 4666 illam.

1801 4704 1908 4760 Sed
1936 4703 2250 4758 meminisse
2283 4702 2540 4757 debemus
2580 4703 2632 4755 in
2685 4702 3055 4771 superioribus
3107 4702 3363 4771 positum,

1799 4797 1939 4868 quod
1967 4796 2171 4865 absque
2210 4793 2411 4848 carnali
2471 4793 2778 4863 praesentia,
2819 4791 2987 4848 Judaei
3029 4808 3218 4849 omnes
3245 4809 3367 4848 ver-

1802 4888 1928 4942 bum
1986 4885 2100 4949 Dei,
2133 4893 2188 4940 et
2217 4886 2379 4940 verba
2426 4883 2552 4949 Dei,
2593 4899 2712 4952 quae
2751 4885 2947 4939 divinis
2983 4889 3366 4954 prophetarum

1802 4978 2100 5047 Scripturis
2158 4978 2362 5043 insunt,
2404 4977 2474 5030 ad
2521 4985 2708 5032 sancta
2755 4991 2921 5046 opera
2981 4977 3364 5043 admonitoria,

1807 5071 2149 5129 exactissime
2197 5068 2497 5135 callebant,
2533 5083 2656 5124 cum
2699 5084 2729 5123 a
2791 5071 2990 5125 teneris
3039 5069 3364 5141 unguiculis,

199 5282 259 5340 >11
295 5275 394 5332 Ed.
422 5276 598 5336 Paris.
651 5295 767 5352 pag.
804 5281 928 5337 144.
1013 5282 1056 5364 εξ
1089 5279 1249 5338 ,Ιοειπ
1275 5296 1316 5348 ι,
1350 5281 1401 5336 Ι.
1477 5282 1522 5313 θ’
1544 5280 1705 5338 Matth

1809 5293 1904 5334 xui
1969 5277 2060 5333 15.

185 5522 300 5596 un
335 5521 513 5596 Xulso
540 5524 760 5596 ἐναντία

335 5592 679 5669 Ῡυιεοιοηῠτω
699 5598 830 5669 γάρ.

207 5663 300 5736 49)
331 5663 656 5732 Θαυμάζετε
680 5663 885 5724 αὐξόν.
925 5666 1059 5739 lmo,
1093 5665 1360 5739 θαυμάζει
1389 5683 1468 5721 τε.
1498 5666 1686 5726 Admi-

1791 5533 1944 5580 ratur
1972 5523 2256 5578 Marcellus
2284 5521 2517 5577 scribam
2553 5520 2730 5578 illum.
2763 5520 2835 5576 M.

1843 5592 1978 5678 .(50)
2006 5593 2172 5678 V'ulgo
2195 5591 2633 5678 6‘uokoyoﬁctv.et
2673 5590 3024 5662 ἀποπέφαται
3056 5601 3109 5650 et
3151 5605 3270 5648 mox
3308 5610 3362 5647 τ.

1794 5662 1974 5738 σάρκα
2002 5662 2142 5720 εἶναι
2179 5662 2279 5735 την
2307 5664 2511 5731 εἰκόνα,
2543 5662 2638 5726 ὡς.
