3828 6222
463 277 565 338 971

1129 273 1403 333 EUSEBII
1442 269 1922 331 CESARIENSIS
1961 268 2114 328 OPP.
2156 268 2343 326 PARS
2380 268 2473 326 Ν.
2513 300 2583 311 -
2621 267 3045 330 DOGMATICA.

3632 272 3720 330 θ’ῐὶ

466 395 615 463 biles,
649 406 698 451 et
738 395 1064 451 summitates
1116 396 1380 452 habitatas
1414 396 1508 450 sub
1542 394 1688 449 ctelo.
1731 399 1790 458 ›Ῑ‹
1823 392 2051 459 Quando

2176 408 2259 458 ’⁵ος
2296 389 2655 461 ἐθεμελίωσέ
2698 408 2812 462 με·
2869 392 2940 446 ἐν
2978 391 3142 462 ἀρχῇ
3176 390 3289 461 πρὸ
3330 389 3442 446 τοῦ
3480 386 3593 459 τὴν
3628 387 3722 460 τῆν

463 488 797 558 praeparabat
828 487 1003 554 caelos,
1029 490 1246 543 aderam
1267 489 1335 543 ei.
1381 487 1607 554 Quando
1636 488 1912 555 separabat
1951 484 2050 539 sibi

2176 482 2433 553 ποιῆσαι,
2481 483 2596 552 πρὸ
2644 485 2751 539 τοῦ
2797 483 2903 551 τὰς
2954 484 3271 550 ἀϐύσσους
3302 480 3550 551 ποιῆσαι
3572 498 3588 512 ·
3630 483 3721 549 πρὸ

463 581 709 634 thronum
740 597 896 650 super
921 591 1116 635 uentos.
1150 581 1379 647 Quando
1400 580 1649 650 ﬁrmabat
1680 581 1839 634 nubes
1865 594 2047 647 supra,

2155 574 2262 630 τοῦ
2293 574 2609 643 προελθεῖν
2643 574 2751 643 τὰς
2797 575 2994 646 πηγὰς
3027 575 3151 630 τῶν
3189 574 3429 629 ὑδάτων
3449 590 3465 605 ·
3498 572 3610 643 πρὸ
3638 571 3721 626 τοῦ

462 682 510 725 et
544 670 774 726 librabat
808 671 978 743 fontes
1022 690 1281 744 aquarum
1335 673 1519 726 subter
1564 672 1771 726 caelum.
1816 669 2045 736 Quando

2176 667 2262 737 ξρη
2291 666 2678 737 ἑδρασθῆναι,
2715 670 2829 739 πρὸ
2848 668 2918 724 δὲ
2943 668 3057 741 (54)
3084 667 3328 722 πάντων
3348 664 3595 732 ,βουνῶν
3614 682 3721 735 τεγ-

462 764 792 833 appendebat
834 765 1182 835 fundamenta
1222 774 1399 829 teme,
1447 780 1565 817 cum
1590 779 1652 818 eo
1682 779 1825 817 erant
1854 777 2044 817 cuncta

2176 758 2231 826 πᾷ
2251 776 2348 830 με.
2380 761 2596 829 Κύριος
2632 760 2888 829 ἐποίησε
2931 760 3126 830 χώρας
3153 760 3252 814 καὶ
3278 759 3618 826 ἀοικήτους,
3647 756 3725 810 aui

460 871 794 926 componens.
844 858 1157 913 Delectabar
1181 872 1275 925 per
1304 854 1540 925 singulos
1573 856 1706 919 dies,
1732 856 1917 910 ludens
1950 872 2039 909 co-

2151 851 2304 921 ἇκρα
2344 852 2666 921 οἰκούμενα
2700 850 2809 920 τῆς
2839 852 2952 924 (55)
2978 854 3082 906 ὑπ’
3117 851 3413 920 οὐρανῶν.
3456 850 3652 905 Ἠνίκα
3672 850 3727 914 ἡ·

459 964 574 1003 ram
609 966 689 1014 eo,
739 949 926 1004 ludens
976 951 1029 1004 in
1066 952 1189 1005 orbe
1235 960 1524 1005 terrarum.
1563 946 1632 1002 Et
1683 948 1886 1004 delicia!
1915 964 2045 1003 mea:

2176 942 2386 1014 τοίμαζε
2413 944 2522 999 τὸν
2557 944 2847 1013 οὐρανὸν,
2888 942 3308 1014 συμπαρήμην
3326 939 3507 1007 αὐτῷ.
3551 940 3730 994 Ἠνίκα

459 1054 570 1095 esse
606 1054 723 1093 cum
756 1039 882 1108 ﬁliis
916 1041 1206 1094 hominum.

2150 1034 2398 1106 ἀφώριζε
2438 1035 2546 1089 τὸν
2585 1035 2803 1092 ἑαυτοῦ
2853 1036 3071 1106 θρόνον
3114 1036 3208 1089 ἐπ’
3237 1032 3511 1104 ἀνέμων.
3551 1031 3732 1089 Ἡνίκα

460 1135 680 1205 ισχυρὰ
717 1136 902 1190 ἐποίει
937 1136 1049 1207 (56)
1084 1140 1156 1189 τὰ
1184 1135 1306 1190 ἄνω
1337 1135 1513 1207 νέφη,
1547 1134 1645 1191 καὶ
1664 1135 1746 1201 ὡς
1776 1132 2077 1203 ἀσφαλεῖς
2111 1133 2293 1189 ἐτίθει
2325 1130 2523 1202 πηγὰς
2562 1132 2672 1198 τὰς
2708 1131 2813 1187 ὑπ’
2854 1130 3140 1201 οὐρανὸν,
3183 1128 3284 1183 καὶ
3316 1125 3538 1199 ισχυρὰ
3565 1125 3734 1180 ἐποίει

455 1227 529 1281 τὰ
561 1226 802 1298 θεμέλια
831 1225 942 1296 τῆς
969 1226 1104 1298 γῆς,
1160 1224 1324 1297 ἥμην
1357 1230 1493 1298 παρ’
1512 1224 1673 1292 αὐτῷ
1697 1224 2068 1295 ἁρμόζουσα·
2109 1221 2225 1294 ἐγὼ
2256 1221 2422 1292 ἥμην
2450 1216 2492 1295 ᾗ
2530 1221 2898 1292 προσέχαιρε
2956 1222 3088 1277 καθ’
3120 1217 3384 1288 ἡμέραν·
3425 1218 3733 1287 ηὐφραινό-

451 1337 578 1389 μην
606 1319 677 1373 δὲ
701 1320 773 1375 ἐν
802 1318 1101 1390 προσώπῳ
1133 1318 1319 1374 αὐτοῦ
1348 1320 1419 1374 ἐν
1463 1318 1644 1373 παντὶ
1693 1316 1875 1388 καιρῷ
1893 1334 1907 1348 ·
1947 1316 2048 1371 ὅτε
2086 1317 2453 1385 ηὐφραίνετο
2520 1313 2637 1383 τὴν
2664 1312 3031 1385 οἰκουμένην
3087 1311 3489 1379 συντελέσας,
3510 1310 3608 1365 καὶ
3645 1312 3734 1378 ηὑ-

454 1415 736 1484 φραίνετο
759 1415 853 1485 ἐφ’
891 1414 1044 1481 υἱοῖς
1067 1413 1180 1486 (57)
1210 1412 1557 1483 ἀνθρώπων.

540 1505 545 1513 ’
1112 1504 1267 1562 CAP.
1309 1507 1373 1564 ll.

454 1599 731 1667 Quomodo
769 1598 926 1662 illud,
979 1617 999 1650 ι
1032 1597 1286 1653 Dominus
1316 1598 1549 1653 condidit
1595 1615 1677 1653 me
1721 1598 2035 1668 principium

519 1672 724 1725 viarum
754 1671 890 1737 ejus,
919 1687 937 1720 ι
958 1682 1021 1740 et
1050 1683 1168 1740 quoe
1194 1679 1502 1735 sequuntur,
1530 1670 1756 1740 intelligi
1790 1669 2031 1724 debeant.

520 1740 590 1811 Et
632 1741 891 1811 quomodo
945 1739 1229 1794 Marcellus
1272 1755 1336 1793 ea
1382 1739 1656 1795 transtulit
1707 1739 1776 1795 ad
1825 1757 2035 1796 carnem

519 1810 820 1867 Servatoris
846 1820 1164 1878 susceptam.

517 1902 644 1959 Haec
679 1903 748 1958 de
781 1902 959 1972 seipsa
995 1902 1050 1957 in
1083 1900 1401 1957 Proverbiis
1430 1900 1729 1973 Sapientia.
1763 1903 2037 1975 integrum

444 2010 577 2051 vero
609 1994 789 2050 locum
824 1993 1133 2050 necessario
1165 1994 1456 2064 descripsi,
1498 2008 1555 2051 ut
1599 2006 1857 2067 appareat
1888 2012 2038 2053 eam-

444 2085 569 2141 dem
601 2098 889 2155 personam
940 2085 1056 2140 haec
1098 2085 1283 2140 omnia
1324 2085 1559 2140 locutam
1590 2100 1607 2140 :
1639 2101 1737 2142 nec
1783 2090 2038 2144 transitio

443 2177 518 2233 sit
554 2176 876 2231 intermedia
912 2175 979 2231 de
1009 2176 1241 2246 persona
1267 2175 1333 2230 ad
1368 2191 1680 2246 personam.
1719 2176 1844 2233 Ηειιο
1872 2180 2039 2250 igitur

445 2269 515 2324 de
549 2268 725 2339 seipsa
759 2267 922 2324 docet
970 2277 1026 2323 et
1074 2268 1314 2324 ostendit
1356 2268 1656 2339 Sapientia.
1710 2268 1814 2325 Ubi
1868 2271 2038 2341 inpri-

444 2359 552 2415 mis
614 2367 855 2425 notetur,
914 2358 1060 2428 quod
1114 2373 1175 2415 se
1225 2359 1504 2416 indeﬁnite
1562 2360 1897 2432 Sapientiam
1944 2376 2039 2418 vo-

439 2460 527 2506 cet
554 2467 569 2504 :
599 2446 711 2520 Ego
737 2448 1110 2517 enim,inquit,
1125 2450 1373 2504 constitui
1398 2449 1717 2515 consilium;
1744 2466 1856 2507 non
1888 2452 2033 2522 adji-

439 2541 604 2607 citur,
629 2538 913 2610 Sapientia
961 2539 1079 2594 Dei.
1117 2538 1225 2594 Sed
1258 2550 1419 2609 prout
1458 2540 1720 2595 scribitur
1762 2541 1832 2597 ab
1868 2556 2037 2597 evan-

436 2631 652 2702 gelista,
695 2629 765 2685 In
805 2630 1064 2698 principio
1105 2638 1216 2683 erat
1272 2626 1585 2697 Verbum”,
1624 2629 1927 2686 indeﬁnite.
1967 2630 2036 2685 Et

437 2738 651 2788 rursus,
694 2721 921 2778 Verbum
962 2732 1076 2775 erat
1122 2719 1263 2790 apud
1320 2720 1484 2775 Deum
1503 2721 1550 2755 ⁸⁵
1589 2738 1604 2775 :
1644 2736 1744 2776 nec
1796 2723 2030 2787 dicitur,

444 2812 673 2872 Verbum
713 2814 829 2879 Dei,
858 2828 927 2870 ne
963 2812 1088 2883 quis
1121 2822 1377 2882 tanquam
1409 2813 1667 2883 quiddam
1697 2812 1921 2869 relative
1950 2815 2034 2868 di-

2082 1517 2127 1573 Β
2800 1496 2961 1550 ΚΕΦ.
2995 1493 3071 1551 Β⁰ι

2145 1589 2337 1652 Ὅπως
2346 1585 2436 1653 τὸ,
2455 1603 2474 1638 ι
2485 1586 2704 1656 Κύριος
2713 1585 2915 1640 emat
2922 1603 3001 1656 με
3014 1584 3215 1656 ἀρχὴν
3225 1582 3384 1640 ὁδῶν
3394 1582 3605 1656 αὐτοῦ,
3617 1603 3636 1636 ι
3649 1584 3739 1656 καὶ

2209 1659 2303 1735 τὰ.
2333 1659 2524 1735 τούτῳ
2571 1654 2936 1735 συνημμένα
2966 1654 3211 1735 νοεῖταιυ
3248 1655 3542 1735 ψζὸπως
3562 1654 3739 1721 ταῦτα

2211 1727 2576 1809 Ιξιάρκελλος
2624 1728 2725 1781 ἐπὶ
2758 1726 2874 1786 τὴν
2920 1726 3120 1799 σάρκα
3174 1727 3284 1782 τοῦ
3329 1726 3607 1795 Σωτῆρος
3620 1742 3739 1795 μετ-

2211 1816 2341 1870 urs-

2210 1889 2397 1963 Ταῦτα
2424 1889 2523 1962 μὲν
2539 1890 2599 1945 ὲν
2616 1889 2948 1963 Παροιμίαις
2964 1907 3032 1944 πε
3041 1892 3094 1962 ρὶ
3116 1888 3323 1960 ἑαυτῆς
3342 1889 3376 1960 ἡ
3400 1887 3597 1957 Σοφία.
3612 1885 3738 1940 Ὀλα

2137 1981 2182 2036 δ’
2212 1985 2464 2058 ἐπιτηδὲς
2489 1987 2810 2055 ἀναγκαίως
2832 1984 3181 2058 παρεθέμην,
3213 1970 3435 2046 δεικνὺς
3456 1983 3534 2045 ὡς
3553 1982 3613 2035 ἓν
3635 1984 3738 2034 ἐστι

2142 2077 2438 2147 πρόσωπον
2468 2078 2532 2132 τὸ
2558 2078 2729 2133 ταῦτα
2776 2079 2958 2148 λέγον,
2989 2077 3111 2132 οὐδὲ
3147 2078 3279 2149 μιᾶς
3327 2078 3386 2130 ὲν
3429 2075 3511 2146 τῷ
3548 2074 3738 2147 μεταξὺ

2138 2172 2441 2245 γενομένης
2464 2173 2773 2247 μεταϐολῆς
2788 2173 2884 2227 τοῦ
2913 2174 3185 2242 λέγοντος
3206 2172 3491 2226 δείκνυται
3508 2170 3685 2224 τοίνυν
3706 2171 3736 2238 ή

2139 2266 2309 2336 Σοφία
2336 2266 2512 2321 ταῦτα
2546 2267 2678 2339 περὶ
2709 2266 2912 2337 ἑαυτῆς
2950 2265 3302 2320 διδάσκουσα.
3339 2261 3644 2318 Κάνταῦθα
3691 2261 3739 2312 δὲ

2140 2356 2360 2428 πρῶτον
2383 2357 2771 2430 ὲπιτηρητέον,
2788 2357 2865 2422 ὡς
2894 2356 3180 2420 ἀπολύτως
3205 2353 3380 2425 Σοφία
3406 2354 3736 2425 ὠνόμασται·

2151 2446 2300 2519 Ἐγὼ
2325 2447 2468 2520 γὰρ,
2512 2449 2669 2521 φησὶ,
2726 2448 3167 2518 κατεσκήνωσα
3203 2447 3479 2516 βουλὴν,
3511 2448 3610 2500 καὶ
3650 2447 3739 2500 οὐκ

2138 2530 2376 2612 εἴρηται,
2404 2542 2598 2611 Σοφία
2627 2542 2736 2597 τοῦ
2767 2542 2917 2597 Θεοῦ
2935 2559 2949 2573 ’
2978 2541 3095 2596 ἀλλ’
3131 2540 3322 2616 ὥσπερ
3365 2539 3523 2613 παρὰ
3551 2537 3632 2609 τῷ
3656 2538 3737 2591 εὖ·

2137 2634 2437 2707 αγγελιστῇ
2490 2636 2573 2700 τὸ,
2618 2635 2714 2689 Ἐν
2742 2635 2903 2705 ἀρχῇ
2952 2631 3034 2708 ἦν
3081 2637 3115 2690 ό
3164 2635 3398 2705 Λόγος,
3457 2632 3739 2694 emtam;

2137 2726 2431 2798 ἐγράφετο,
2458 2728 2553 2781 καὶ
2584 2727 2771 2791 πάλιν,
2817 2729 2880 2781 '0
2913 2729 3106 2797 Λόγος
3133 2723 3217 2797 ἦν
3248 2725 3403 2795 πρὸς
3440 2726 3554 2779 τὸν
3574 2725 3736 2780 Beda”

2139 2818 2236 2871 καὶ
2262 2818 2362 2872 οὐκ
2386 2818 2499 2891 (58)
2531 2818 2742 2892 εἴρητο,
2775 2822 2808 2874 ὀ
2834 2821 3026 2891 Λόγος
3056 2818 3164 2873 τοῦ
3201 2817 3375 2880 Θεοῦ,
3404 2817 3497 2871 ἵνα
3528 2817 3607 2887 μὴ
3640 2817 3740 2868 τῶν

435 2920 585 2967 ctum
624 2916 912 2963 autumet:
950 2921 1127 2977 neque
1162 2915 1421 2977 tanquam
1454 2906 1709 2962 accidens
1754 2906 2028 2975 quoddam
2057 2898 2067 2947 l

2179 2911 2272 2979 ρός
2298 2929 2352 2966 τι
2373 2912 2573 2983 νομίσῃ
2604 2891 2690 2976 τις
2733 2913 2897 2967 αὑτὸν
2931 2911 3225 2983 λέγεσθαι,
3266 2909 3393 2983 μηδ’
3421 2910 3503 2974 ὡς
3541 2908 3740 2979 capsa-

438 3000 570 3065 Dei;
606 2997 701 3053 sed
745 3005 804 3053 ut
843 2997 1033 3053 vivens
1072 3005 1128 3053 et
1159 2996 1511 3052 subsistens:
1557 2996 1698 3051 unde
1740 2995 1924 3062 addit,
1957 2995 2031 3049 Et

2176 3005 2343 3078 ηκότα
2373 3007 2434 3059 ὲν
2480 3004 2560 3077 τῷ
2607 3003 2748 3077 Θεῷ,
2794 3004 2910 3060 ἀλλ’
2936 3005 3013 3070 ὡς
3059 3003 3352 3075 ὑφεστῶτα
3393 3004 3492 3057 καὶ
3527 3002 3736 3068 ξῶντα’

433 3090 578 3145 Deus
607 3099 741 3155 erat,
778 3104 888 3144 non
920 3088 1016 3144 Dei
1049 3096 1190 3152 erat,
1229 3085 1480 3143 Verbum.
1512 3087 1596 3142 Ad
1626 3088 1874 3144 eumdem
1915 3104 2031 3144 mo-

2176 3098 2211 3151 .ὸ
2241 3097 2503 3167 ἐπιλέγει,
2534 3099 2649 3153 Kal
2688 3099 2835 3166 Θεὸς
2859 3094 2940 3168 ἦν
2965 3100 2999 3152 ὁ
3023 3099 3238 3168 Λόγος,
3278 3097 3384 3151 οὐκ
3420 3095 3626 3160 εἰπὼν,
3650 3097 3737 3149 καί

433 3180 564 3235 dum
603 3179 673 3237 de
697 3179 977 3249 Sapientia
1024 3179 1286 3251 loquitur.
1325 3178 1502 3236 Unum
1536 3191 1657 3237 erat
1683 3182 1829 3237 enim
1863 3193 2028 3254 atque

2176 3192 2280 3247 εοῦ
2293 3189 2372 3263 ἦν
2393 3195 2426 3247 ὀ
2458 3194 2669 3264 Λόγος.
2704 3191 2861 3247 Οὕτω
2895 3191 2992 3245 καὶ
3029 3190 3125 3243 ἐπὶ
3146 3190 3245 3261 τῆς
3279 3172 3602 3257 Σοφίαςέέν
3635 3189 3735 3257 γὰρ

436 3274 579 3329 idem
612 3274 756 3329 Deus
793 3270 1029 3329 Verbum
1078 3280 1136 3328 et.
1178 3271 1485 3345 Sapientia.
1521 3273 1792 3342 Quocirca
1826 3277 2024 3334 dicitur

2176 3284 2224 3337 si.
2244 3282 2444 3336 ταύτὸν
2461 3277 2531 3356 ἦν
2552 3272 2735 3347 ὁΘεὸς
2753 3282 2928 3352 Λόγος
2950 3282 3046 3336 καὶ
3066 3284 3099 3353 ἡ
3122 3280 3315 3351 Σοφία.
3333 3281 3429 3333 Διὸ
3452 3280 3739 3340 ἀπολύτως

433 3362 715 3420 indeﬁnite
746 3363 799 3418 in
834 3361 1168 3429 Proverbiis,
1203 3378 1311 3418 non
1342 3363 1520 3419 solum
1544 3365 1598 3421 iu
1623 3381 1787 3436 supra
1817 3382 2025 3423 memo-

2176 3376 2678 3449 οταῖςΠαροιμίαις
2708 3373 3057 3447 ὀνομάζεται,
3093 3372 3150 3426 ἔν
3185 3389 3246 3425 τε
3283 3374 3399 3435 τοῖς
3426 3372 3740 3444 προτεθεῖσι

432 3456 588 3521 ratis,
632 3456 727 3512 sed
762 3455 885 3511 istis
914 3453 1178 3522 insuper:
1213 3453 1410 3510 Beatus
1438 3456 1519 3511 uir
1554 3457 1643 3526 qui
1687 3457 1879 3512 invenit
1916 3455 2023 3512 Sa-

2176 3471 2313 3540 qcoi’;
2340 3485 2353 3500 ο
2372 3469 2433 3520 οὐ
2456 3468 2565 3539 μὴν
2588 3466 2725 3521 ἀλλὰ
2752 3467 2849 3521 καὶ
2862 3466 2929 3520 δι’
2951 3459 3028 3521 ὧν
3046 3464 3161 3537 (59)
3195 3463 3385 3519 τοῦτον
3401 3465 3631 3536 εἴρηται
3657 3465 3740 3517 τὸν

427 3549 685 3620 ρὶεηιὶαηι
701 3548 768 3605 ⁸⁵.
796 3547 884 3616 Ει,
909 3545 1049 3601 Deus
1074 3547 1129 3600 in
1153 3543 1430 3615 Sapientia
1458 3546 1705 3616 [undavit
1738 3559 1932 3605 terram
1949 3549 2017 3602 ⁸⁸.

2176 3558 2343 3611 »ότυοψ
2364 3555 2666 3625 Μακάριος
2685 3554 2839 3625 ἀνὴρ
2855 3554 2924 3622 ὃς
2940 3549 3080 3624 εὗρε
3095 3554 3345 3624 Σοφίαν⁶
3366 3554 3489 3617 καὶ,
3510 3555 3579 3607 ’0
3601 3553 3740 3618 Θεὸς

428 3641 517 3706 Ει,
548 3638 675 3695 Dixi
705 3638 996 3708 Sapientiae
1016 3652 1035 3692 :
1059 3636 1228 3693 Soror
1252 3638 1381 3692 mihi
1409 3654 1463 3693 es
1484 3637 1551 3693 ⁸⁷.
1580 3638 1668 3704 Ει,
1703 3643 1778 3694 Tu
1811 3656 2020 3694 annun-

2176 3646 2411 3719 ΞΣοφίςι
2437 3648 2799 3717 ἐθεμελίωσε
2823 3647 2941 3716 τὴν
2970 3646 3109 3717 γῆνο
3127 3647 3243 3711 καὶ,
3262 3641 3461 3701 Εἶπον
3478 3645 3606 3715 τὴν
3635 3650 3738 3701 Σο-

427 3733 560 3786 tiato
606 3729 955 3800 Sapientiam,
999 3738 1056 3783 ut
1117 3729 1256 3784 adsit
1309 3729 1403 3783 tibi
1456 3731 1808 3802 intelligentia
1835 3732 1902 3785 ⁸⁸.
1933 3733 2016 3795 Et,

2176 3736 2389 3810 ίαν(60)
2403 3737 2529 3807 σὴν
2542 3737 2818 3808 ἀδελφὴν
2828 3734 3002 3792 εἶναι’
3019 3737 3228 3803 καὶ,Σὺ
3244 3736 3360 3806 τὴν
3368 3738 3617 3808 Σοφίαν
3642 3737 3738 3806 at}.

428 3819 786 3878 Prtestantior
816 3832 888 3875 est
920 3818 1194 3889 Sapientia
1224 3819 1490 3890 lapidibus
1510 3824 1751 3893 pretiosis
1767 3822 1833 3877 ⁸⁸.
1851 3827 1908 3886 r3
1932 3823 2018 3888 Et,

2176 3829 2326 3893 nfor,
2343 3828 2445 3882 ἵνα
2455 3829 2753 3898 φρόνησίς
2763 3844 2860 3883 σοι
2872 3828 3371 3897 ἐπακολουθήση·
3387 3829 3510 3892 καὶ,
3526 3829 3739 3896 Κρεῖον·

427 3912 705 3983 Sapientia
739 3912 1034 3989 aediﬁcavit
1056 3912 1156 3967 sibi
1186 3914 1408 3973 domum
1437 3928 1458 3967 :
1487 3922 1537 3968 et
1568 3913 1762 3967 excidit
1816 3915 2019 3969 colum-

2176 3936 2248 3973 υν
2259 3918 2368 3990 γὰρ
2378 3922 2569 3990 Σοφία
2581 3920 2766 3974 λιθῶν
2777 3920 3153 3975 πολυτελῶν·
3168 3921 3285 3986 καὶ,
3303 3920 3368 3978 Ἠ
3382 3921 3739 3990 Σοφίαῴκο-

426 4017 524 4057 nas
551 4011 745 4069 septem
758 4001 829 4067 ὀ,
859 4011 915 4057 et
947 4015 1069 4070 qua:
1096 4001 1182 4056 bis
1211 4002 1533 4073 congemina
1563 4002 1616 4057 in
1658 4004 1850 4059 eodem
1881 4005 2018 4062 libro

2176 4012 2387 4081 ᾑιησεν
2414 4010 2602 4082 ἑαυτῇ
2616 4008 2804 4078 οἷκον,
2826 4012 2929 4067 καὶ
2949 4011 3247 4081 ὐπήρεισε
3269 4014 3554 4080 στόλους
3570 4013 3735 4073 ἑπτὰ,

426 4089 792 4160 reperiuntur.
835 4088 1050 4159 Ubique
1108 4089 1388 4146 indeﬁnite
1445 4100 1675 4146 vocatur
1711 4089 2015 4163 Sapientia,

2176 4106 2214 4158 ιί
2230 4103 2366 4160 ἄλλα
2391 4106 2604 4172 τούτοις
2631 4104 2837 4177 ἀδελφὰ
2854 4108 2913 4161 ὲν
2938 4109 3004 4179 τῇ
3027 4107 3166 4179 αὐτῇ
3192 4106 3425 4178 φέρεται
3444 4106 3651 4179 βίϐλῳ.
3670 4104 3736 4160 Δι’

423 4196 694 4251 nusquam
728 4196 882 4247 vero,
929 4181 1024 4236 Dei
1051 4179 1349 4247 Sapientia,
1382 4191 1535 4237 utne
1574 4183 1727 4239 illaut
1756 4185 2014 4242 accidens
2045 4239 2067 4272 ι

2176 4214 2193 4250 ν
2221 4197 2463 4270 οὐδαμοῦ
2483 4198 2678 4269 Σοφία
2707 4198 2854 4254 Θεοῦ
2887 4199 3230 4271 ὠνόμασταιο
3251 4198 3394 4253 ἀλλὰ
3406 4199 3737 4272 ἀδιορίστως

420 4239 694 4343 quoddam
746 4270 857 4327 Deo
884 4273 1247 4338 arbitremur;
1288 4281 1348 4327 ut
1380 4272 1666 4330 scientiam
1701 4274 1755 4330 in
1785 4277 1904 4331 viro
1934 4279 2016 4333 in-
2045 4239 2067 4295 1

2176 4239 2462 4361 Σοφίαὲνα
2480 4293 2556 4365 μὴ
2567 4239 2841 4364 :speapa
2855 4309 2908 4346 τι
2924 4239 3240 4365 voti-lampas
3253 4292 3429 4365 αὐτὴν
3446 4239 3603 4347 εἶναι
3618 4239 3734 4364 τεεὲ

423 4363 688 4435 telligenti
715 4381 730 4419 ι
759 4364 856 4419 sed
906 4364 1295 4420 subsistentem
1335 4374 1391 4420 et
1435 4365 1613 4421 vivam
1649 4365 2009 4437 Sapientiam,

2176 4396 2211 4433 ιν
2245 4380 2401 4446 Θεὸν,
2434 4363 2510 4446 ὡς
2530 4363 2589 4437 ἐν
2612 4382 2690 4455 τῷ
2712 4363 3040 4457 ἐπιστήμονι
3070 4363 3228 4456 ἀνδρὶ
3262 4383 3362 4455 τὴν
3386 4363 3732 4457 ἐπιστήμην,

419 4454 668 4509 eamdem
700 4452 879 4523 ipsam
910 4468 1033 4507 cum
1069 4452 1208 4509 Filio
1242 4455 1360 4511 Dei.
1393 4455 1547 4524 Quod
1585 4458 1632 4512 si
1667 4459 1789 4530 quis
1825 4461 2013 4516 existi.

2176 4471 2568 4543 ιλ’ὐφεστῶσαν
2593 4477 2689 4528 καὶ
2706 4474 2887 4541 ζῶσαν
2920 4475 3122 4547 Σοφίαν
3134 4475 3232 4547 τὴν
3249 4475 3424 4549 αὐτὴν
3446 4472 3630 4532 οὖσαν
3663 4475 3733 4544 τῷ

419 4555 533 4602 met
560 4546 703 4625 hanc
723 4544 1057 4616 Sapientiam
1083 4546 1327 4601 habitum
1354 4561 1475 4603 esse
1496 4549 1789 4619 quemdam
1818 4551 1871 4605 in
1901 4552 2013 4608 Deo

420 4639 743 4710 sapientem,
776 4639 1074 4694 secundum
1119 4654 1279 4710 quem
1333 4640 1535 4696 dicitur
1566 4640 1714 4697 Deus
1749 4644 1964 4713 sapiens
1993 4664 2008 4701 :

420 4729 607 4784 audiat
655 4729 701 4785 is
752 4729 1093 4798 Scripturam
1146 4732 1442 4798 dicentem,
1498 4731 1629 4788 Dixi
1683 4732 2012 4806 Sapientiam

418 4837 653 4875 sororem
700 4823 924 4877 tuam“.
961 4823 1096 4889 Quis
1142 4839 1272 4879 vero
1320 4825 1458 4881 adeo
1486 4825 1617 4880 velit
1655 4825 1919 4894 insanire,
1952 4839 2011 4883 ut

422 4913 590 4969 Deum
619 4913 919 4981 existimet,
950 4914 1043 4986 qui
1074 4924 1158 4973 est
1200 4932 1367 4988 super
1395 4918 1601 4982 omnia,
1634 4928 1691 4974 et
1734 4934 1890 4975 suam
1925 4937 2015 4977 sa-

497 5125 556 5193 gi
591 5119 690 5175 Ed.
723 5119 923 5185 Paris.,
960 5139 1084 5193 pag.
1133 5125 1259 5192 U9,
1291 5126 1419 5183 150.

419 5187 467 5220 υ
495 5190 654 5246 Prov.
699 5206 849 5257 xm,
888 5193 943 5249 5.

493 5366 610 5437 (ὄρ)
636 5365 810 5437 Vulgo
843 5384 955 5424 om.
983 5370 1061 5425 δέ.

638 5430 805 5513 Vulgo
820 5440 1249 5513 ὑπερουρανίων.

654 5507 880 5595 'bbft'xa‘
901 5507 1123 5595 ισχυρὰ
1163 5513 1373 5595 ἐποίεε.
1420 5516 1642 5595 Rectius
1692 5526 1832 5595 apud
1860 5541 1991 5593 Lxx,

429 5575 630 5663 ᾘνίκα
661 5579 894 5663 έσχγρᾲ
943 5575 1143 5663 ἐποίει·
1184 5584 1262 5639 τὰ
1284 5585 1440 5663 ’ἄνω
1493 5575 1995 5663 νέφη-οήίτκαὶ-’ῶς

416 5647 948 5739 εξεῖξξςξυξεὶςᾶίθξι
972 5652 1209 5739 ηπεηγᾲςι
1238 5654 1349 5735 τῆς
1404 5658 1506 5737 τίετ’
1547 5647 1865 5739 iebat-4%
1894 5647 1994 5721 κάῖ

422 5715 643 5784 ισχυρὰ
665 5717 852 5771 ἐποίει
874 5718 949 5775 τὰ
966 5715 1211 5791 θεμέλια
1237 5715 1349 5795 τῆς
1376 5725 1507 5797 γῆς.
1543 5715 1824 5796 ρυὸιὶίὀῐιὸ
1852 5715 1990 5793 etin

1530 5129 1578 5162 ⁸³
1605 5126 1761 5184 Joan.
1793 5146 1837 5195 ι,
1865 5131 1921 5187 Ι.
1999 5133 2049 5166 ⁸⁸
2070 5134 2204 5195 ibid.

1049 5195 1094 5228 ⁸⁹
1122 5195 1283 5253 Prov.
1330 5213 1412 5265 ut,
1444 5199 1532 5254 15.
1621 5200 1668 5232 ⁹⁰
1697 5196 1856 5277 Prov,
1891 5219 1971 5272 Ix,
2013 5206 2067 5263 l.
2144 5208 2187 5242 “
2217 5205 2381 5263 Prov.
2417 5224 2514 5277 vn,
2554 5209 2611 5264 6.

2120 4564 2237 4637 Υἱῷ
2264 4565 2357 4620 τοῦ
2383 4566 2540 4622 Θεοῦ.
2565 4568 2628 4621 Εἰ
2651 4568 2709 4622 δέ
2730 4586 2815 4633 τις
2847 4568 2961 4635 ἕξιν
2998 4570 3057 4624 ὲν
3084 4567 3162 4641 τῷ
3188 4569 3310 4640 Θεῷ
3338 4570 3522 4642 σοφὴν
3557 4569 3685 4625 καθ’
3705 4568 3730 4619 ὃ

2118 4656 2348 4729 νοοῦμεν
2374 4659 2466 4712 τὸν
2495 4658 2630 4715 Θεὸν
2666 4659 2830 4730 σοφὸν
2860 4660 3124 4714 ὑπολάϐοι
3164 4655 3305 4715 εἶναι
3350 4661 3454 4733 τὴν
3490 4659 3731 4714 ἐνταῦθα

2111 4745 2420 4822 λεγομένην
2436 4751 2654 4820 Σοφίαν,
2691 4753 3053 4806 ἐπακουσάτω
3071 4752 3337 4822 λεγούσης
3352 4752 3459 4823 τῆς
3477 4752 3522 4807 Γ
3526 4754 3726 4824 βαφῆς,

2106 4831 2311 4891 ,Εἶπον
2346 4837 2462 4906 τὴν
2490 4841 2719 4909 Σοφίαν
2750 4841 2878 4910 σὴν
2913 4840 3190 4911 ἀδελφὴν
3220 4837 3397 4897 εἶναι.
3443 4841 3549 4905 Τίς
3589 4841 3636 4894 δ’
3668 4839 3725 4891 ἂν

2117 4926 2262 4981 οὕτω
2290 4930 2508 5002 μανείη,
2540 4931 2617 4997 ὡς
2645 4932 2737 4988 τὸν
2770 4934 2864 4988 ἐπὶ
2912 4933 3133 4988 πάντων
3174 4932 3306 4987 Θεὸν
3325 4974 3341 4998 ,
3387 4935 3491 4987 καὶ
3538 4932 3644 5004 τὴν
3671 4932 3724 4982 ἐν

2320 5137 2368 5170 ⁸⁸
2384 5138 2551 5194 Prov.
2582 5155 2664 5207 Ill,
2691 5140 2782 5197 15.
2808 5139 2855 5172 ⁸⁵
2876 5140 3011 5195 ibitL
3045 5139 3133 5196 19.
3240 5138 3285 5170 ⁸⁷
3312 5138 3488 5197 Prov.
3530 5153 3639 5202 vn.
3671 5135 3721 5188 ι.

2092 5387 2546 5528 1Βοιιζιιίτιιιο
2577 5386 2874 5458 legebatur.
2909 5387 3091 5464 M.[Et
3116 5390 3230 5447 btec
3257 5390 3313 5447 in
3361 5399 3583 5447 textum
3635 5405 3721 5444 re.

2318 5529 2493 5599 Vulgo
2519 5528 2630 5582 τῶν
2665 5528 2824 5600 ἀνθρ.

2167 5599 2281 5671 ($8)
2315 5600 2481 5671 Vulgo
2514 5600 2755 5671 εἴρηται.

2169 5603 2259 5668 (58
2315 5603 2481 5670 Vulgo
2514 5603 2725 5671 εἴρηται

2169 5603 2283 5744 (ὅῼζ
2321 5669 2493 5744 Vulgo
2517 5668 2725 5744 τοῦτο.

2167 5739 2279 5818 (tia)
2321 5739 2487 5811 Vulgo
2514 5744 2627 5811 τήν.
