3828 6222
166 317 278 375 975

1189 318 1279 374 DE
1319 316 1861 376 ECCLESIASTICA
1902 319 2297 378 THEOLOGIA
2333 321 2466 379 LIB.
2506 321 2597 378 111.

162 434 322 508 αὐτῷ
349 434 462 508 (61)
498 434 669 509 σοφὴν
696 432 809 501 ἕξιν
848 434 1145 491 ὑπολαϐεῖν
1176 435 1410 508 ἀδελφην
1436 433 1545 489 τῶν
1578 435 1636 489 ὲν
1661 435 1728 489 ἀν

1862 434 2144 507 pientiam,
2167 451 2414 493 sororem
2443 436 2592 492 dicat
2618 435 2939 492 nominatim
2968 435 3212 492 habitum
3261 450 3451 495 eorum

165 526 412 602 θρώποις
443 528 854 601 κατορθούντων
879 528 1170 600 λέγεσθαι;
1196 528 1261 582 El
1285 528 1344 584 δὲ
1370 527 1463 581 ἐπὶ
1498 526 1591 581 τὸν
1623 527 1763 600 Χρι-

166 622 297 677 στὸν
327 621 425 676 τοῦ
453 619 590 675 Θεοῦ
627 621 881 685 ἒκλάὁοις
918 621 980 675 τὸ
1012 620 1325 693 εἰρημένον,
1370 618 1606 692 Χριστὸς
1656 618 1765 690 γὰρ

166 713 307 769 Θεοῦ
331 715 562 785 δύναμις
591 714 689 768 καὶ
729 714 865 768 Θεοῦ
896 715 1097 784 Σοφία,
1133 713 1287 767 οὐδὲν
1328 711 1579 784 ἐμποδὼν
1614 711 1765 765 ἔσται

164 810 238 880 τῇ
285 807 526 878 διανοίᾳ,
568 805 693 861 ἐπεί⁹
726 807 821 863 καὶ
859 806 958 878 τὴν
989 807 1127 879 πρὸς
1167 808 1315 879 ἡμᾶς
1344 806 1446 859 οὐκ
1485 805 1765 859 ἀναίνεται

167 900 514 974 ἀδελφότητα
561 901 629 955 δι’
660 900 968 973 ὑπερϐολὴν
1015 900 1451 973 φιλανθρωπίας.
1511 901 1575 953 El
1605 899 1764 953 δὲ’ἒν

167 995 270 1050 καὶ
287 993 482 1049 ταύτὸν
504 988 573 1063 ἦν
605 992 635 1045 6
658 991 814 1058 Θεὸς,
853 994 950 1048 καὶ
986 995 1020 1065 ἡ
1048 994 1106 1047 ὲν
1127 995 1248 1056 ταῖς
1276 991 1609 1064 Παροιμίαις
1652 992 1765 1045 εἰσ-

165 1086 415 1158 ἀγομένη
428 1085 600 1156 Σοφία
611 1084 724 1150 ἕξις
739 1080 874 1140 οὖσα
897 1086 1035 1157 σοφὴ
1063 1086 1122 1139 ὲν
1150 1084 1300 1156 αὐτῷ
1323 1084 1608 1157 νοουμένη,
1631 1083 1766 1139 καθὸ

166 1173 338 1242 σοφὸς
363 1174 393 1227 6
421 1173 575 1236 Θεὸς,
609 1174 664 1226 τί
689 1173 927 1227 ἐκώλυεν
956 1174 1077 1228 ἀντὶ
1119 1177 1220 1246 τῆς
1269 1173 1471 1243 Σοφίας
1513 1174 1605 1228 τὸν
1630 1173 1764 1228 Θεὸν

163 1264 604 1337 ἀναγεγράφθαι;
621 1263 762 1320 ὥστε
773 1265 855 1334 τὸ,
888 1267 950 1320 Ἠ
961 1266 1152 1336 Σοφία
1171 1266 1560 1336 ᾠκοδόμησεν
1577 1266 1766 1337 ἑαυτῇ

161 1352 360 1424 οἷκον,
382 1356 481 1410 καὶ
515 1356 809 1425 ὺπήρεισε
836 1359 1104 1425 στύλους
1131 1357 1300 1424 ἑπτὰ,
1330 1361 1425 1413 καὶ
1453 1360 1522 1413 τὰ
1555 1359 1765 1425 τούτοις

165 1449 494 1522 συνημμένα
530 1451 780 1522 εἰρῆσθαι
812 1452 935 1506 ἀντὶ
962 1450 1079 1517 τοῦ,
1116 1451 1168 1504 '0
1198 1452 1345 1517 Θεὸς
1373 1452 1764 1524 ᾠκοδόμησεν

161 1539 363 1606 ἐαυτῷ
376 1537 564 1610 οἷκον,
579 1544 674 1597 καὶ
696 1542 764 1596 τὰ
787 1543 916 1615 ἑξῆς
941 1560 955 1573 ·
980 1548 1078 1597 καὶ
1101 1543 1266 1597 πάλιν
1291 1545 1415 1598 ἀντὶ⁸
1433 1546 1547 1600 τοῦ·
1569 1544 1763 1603 Εἶπον

162 1632 287 1703 τὴν
314 1634 544 1702 Σοφίαν
576 1634 702 1702 σὴν
731 1632 1012 1703 ἀδελφὴν
1040 1629 1225 1701 εἶναι,
1261 1634 1513 1707 λελέχθαι
1536 1678 1551 1703 ,
1572 1634 1762 1693 Εἶπον

159 1725 278 1779 τὸν
310 1725 461 1779 Θεὸν
490 1726 608 1780 σὸν
633 1725 905 1796 ἀδελφὸν
934 1722 1109 1782 εῖναι.
1164 1726 1305 1780 Ἀλλ’
1353 1730 1487 1800 ὁρᾷς
1535 1730 1611 1794 ὡς
1661 1731 1759 1803 τὴν

160 1816 339 1889 ἀκοὴν
382 1816 607 1890 πλήττει
652 1821 684 1889 ή
726 1817 948 1890 τοιαύτη
985 1819 1159 1891 φωνὴ,
1204 1819 1305 1873 οὐκ
1341 1819 1542 1891 ἔχουσα
1587 1822 1759 1893 ἀρμο-

159 1909 308 1963 νίαν.
334 1910 399 1963 Εἰ
415 1910 464 1964 δ’
496 1911 591 1965 ἐπὶ
614 1910 706 1964 τὸν
734 1911 863 1966 Υίὸν
887 1911 1138 1975 ὲκλάὄοις
1160 1911 1229 1966 τά
1258 1912 1438 1981 λόγια,
1463 1913 1629 1977 αὐτὸς
1646 1914 1758 1987 γὰρ

158 1996 236 2072 ἦν
262 2001 297 2073 1‘)
332 2001 522 2072 Σοφία,
566 2002 745 2055 πάντα
781 2019 864 2055 σοι
903 2002 1180 2075 εὐροήσει,
1212 2001 1441 2074 μηδενὸς
1464 2003 1758 2069 δυσσεϐοῦς

156 2094 437 2166 νοήματος
489 2093 741 2166 ἐμποδὼν
803 2094 1092 2167 ἱσταμένου
1116 2134 1130 2161 ,
1159 2095 1758 2169 συνεπιμαρτυροῦντος

155 2188 260 2242 τοῦ
298 2187 594 2242 ἀποστόλου
638 2186 876 2253 Παύλου,
920 2186 979 2252 ὃς
1024 2186 1117 2242 τὸν
1161 2188 1391 2260 Σωτῆρα
1421 2188 1516 2243 καὶ
1550 2189 1756 2262 Κύριον

157 2280 324 2352 ἡμῶν
364 2279 571 2351 Ἰησοῦν
598 2280 834 2354 Χριστὸν
864 2279 1094 2352 λαμπρᾷ
1114 2282 1183 2352 τῇ
1218 2282 1368 2352 φωνῇ
1401 2280 1600 2351 Σοφίαν
1621 2281 1757 2336 ὠνό-

160 2389 340 2445 μασεν
369 2371 559 2428 εἰπών’
585 2371 840 2441 Χριστὸς
868 2371 1014 2426 Θεοῦ
1049 2372 1303 2443 δύναμις
1335 2372 1436 2427 καὶ
1470 2373 1618 2430 Θεοῦ
1648 2378 1757 2430 Σο-

154 2464 292 2533 φία.
318 2463 536 2519 Τούτων
565 2457 670 2519 ὧδέ
719 2481 797 2535 πη
848 2464 1416 2536 κατασκευασμένων,
1462 2464 1756 2520 ἀκόλουθόν

155 2557 283 2609 ἐστι
305 2555 445 2631 μετά
466 2556 574 2611 τῶν
597 2555 1036 2630 προεκτεθέντων
1070 2556 1347 2621 ἁπάντων,
1375 2554 1436 2623 ἐξ
1467 2558 1631 2611 αὐτοῦ
1658 2557 1754 2612 τοῦ

155 2648 460 2723 προσώπου
487 2650 582 2704 καὶ
610 2648 691 2715 τὸ,
731 2650 945 2719 Κύριος
975 2648 1181 2704 ἕκτισέ
1226 2666 1303 2719 με
1346 2649 1546 2720 ἀρχὴν
1599 2648 1756 2704 όδῶν

152 2738 350 2796 αὑτοῦ
377 2742 464 2805 εὶς
488 2733 635 2811 ἔργα
664 2739 875 2804 αὑτοῦ,
906 2738 1190 2810 λελέχθαι·
1237 2740 1287 2793 εἰ
1315 2739 1373 2793 δὲ
1404 2740 1552 2809 λέγοι
1604 2741 1755 2795 ὲκτί-

156 2830 290 2886 σθαι
335 2830 449 2902 (62)
488 2832 703 2898 ἑαυτὸν,
745 2832 845 2903 οὐχ
879 2832 956 2898 ώς
1001 2835 1067 2889 ἐκ
1108 2831 1204 2886 τοῦ
1258 2833 1333 2904 μὴ
1377 2833 1531 2898 ὄντος
1572 2835 1654 2898 εἰς
1692 2834 1756 2888 τὸ

153 2920 305 2980 εἶναι
349 2924 658 2996 παρελθὼν,
691 2924 837 2980 τοῦτ’
870 2924 936 2980 ἀν
967 2924 1132 2991 εἴποι,
1164 2926 1276 2979 οὐδ’
1302 2926 1379 2989 ὡς
1405 2925 1605 2998 ὁμοίως
1637 2929 1753 2992 τοῖς

150 3017 368 3082 λοιποῖς
401 3017 684 3092 κτίσμασι,
719 3018 816 3072 καὶ
858 3016 1023 3081 αὐτὸς
1054 3018 1123 3070 ὲκ
1159 3017 1255 3071 τοῦ
1302 3017 1378 3090 μὴ
1410 3017 1563 3081 ὄντος
1590 3035 1753 3088 γεγο-

149 3107 291 3174 νὼς,
376 3127 520 3175 τινες
545 3111 647 3164 οὐκ
670 3109 845 3186 ὀρθῶς
868 3108 1253 3181 ὑπειλήφασιν,
1272 3109 1385 3164 ἀλλ’
1406 3110 1480 3174 ὡς
1505 3109 1754 3179 ὑφεστὼς
1779 3148 1823 3207 c

154 3201 266 3273 μὲν
309 3203 405 3256 καὶ
449 3201 578 3269 ζῶν,
624 3200 809 3272 προών
847 3218 909 3254 τε
952 3201 1049 3254 καὶ
1087 3203 1458 3276 προῦπάρχων
1505 3202 1609 3273 τῆς
1651 3201 1747 3255 τοῦ

152 3293 367 3358 πάντας
395 3292 600 3366 κόσμου
637 3292 971 3357 συστάσεως,
1001 3293 1190 3364 ἄρχειν
1224 3293 1280 3347 δὲ
1309 3293 1419 3348 τῶν
1462 3294 1599 3348 ὅλων
1642 3292 1751 3346 ὑπὸ

149 3387 370 3461 Κυρίου
385 3385 479 3441 τοῦ
507 3384 671 3442 αὐτοῦ
690 3387 902 3459 Πατρὸς
925 3385 1401 3459 κατατεταγμένος
1424 3404 1437 3417 ·
1456 3385 1574 3453 τοῦ,
1593 3387 1753 3441 ἔκτι-

152 3493 298 3547 σεν,
330 3480 564 3535 ἐνταῦθα
601 3479 721 3535 ἀντὶ
750 3479 869 3547 τοῦ,
903 3479 1249 3545 κατέταξεν,
1286 3479 1320 3553 ἢ
1347 3479 1747 3549 κατέστησεν,

150 3574 474 3647 εἰρημένου.
506 3574 812 3648 Διαρῤήδην
826 3572 957 3643 γοῦν
979 3575 1104 3639 τοὺς
1128 3574 1187 3626 ὲν
1218 3572 1527 3644 ἀνθρώποις
1556 3572 1750 3645 ἄρχον-

150 3683 258 3732 τας
286 3668 381 3723 καὶ
408 3668 685 3740 ἡγεμόνας
715 3667 893 3723 κτίσιν
914 3666 1199 3739 ὠνόμασεν
1226 3667 1254 3719 ὁ
1282 3666 1453 3720 είπὼν
1487 3665 1749 3720 Ἀπόστρ-

150 3762 270 3827 λος·
324 3759 690 3830 Ὑποτάγητε
735 3757 905 3829 πάσῃ
953 3758 1148 3813 κτίσει
1197 3757 1543 3828 ἀνθρωπίνῃ
1569 3797 1584 3824 ,
1648 3756 1749 3812 διὰ

150 3854 268 3909 τὸν
308 3853 558 3922 Κύριον·
599 3850 722 3905 εἴτε
744 3850 1022 3917 βασιλεῖ,
1069 3851 1151 3915 ὠς
1193 3847 1580 3918 ὑπερέχον-η’
1626 3846 1748 3902 εἴτε

150 3943 471 4016 ἡγεμόσιν,
498 3943 579 4008 ὡς
611 3940 687 3995 δι’
710 3941 901 3996 αὐτοῦ
924 3939 1350 4012 πεμπομένοις.
1374 3938 1485 3993 Καὶ
1509 3938 1538 3990 6
1576 3935 1746 3991 εἰπὼν

147 4036 213 4091 δὲ
224 4035 534 4107 προφήτης,
563 4028 901 4101 Ἐτοιμάζου
921 4031 1028 4086 τοῦ
1043 4029 1458 4086 ἐπικαλεῖσθαι
1472 4026 1582 4083 τὸν
1598 4028 1747 4082 Θεόν

147 4141 274 4183 σου
326 4123 595 4194 Ἰσραήλ·
629 4122 783 4178 διότι
832 4122 960 4177 ἰδοὺ
994 4121 1261 4191 στερεῶν
1296 4122 1591 4190 βρόντην,
1640 4118 1743 4174 καὶ

147 4216 365 4280 κτίζων
391 4215 650 4286 πνεῦμα,
684 4214 784 4270 καὶ
836 4214 1229 4287 ἀναγγέλλων
1255 4216 1342 4280 είς
1393 4211 1746 4281 ἀνθρώπους

147 4311 263 4366 τὸν
286 4308 551 4379 Χριστὸν
590 4307 795 4364 αὐτοῦ.
828 4307 941 4361 Καὶ
970 4306 1052 4371 τὸ,
1086 4304 1385 4377 Γραφήτω
1426 4302 1538 4377 (65)
1587 4303 1743 4373 αὕτη

144 4405 239 4469 εις
276 4400 494 4472 γενεὰν
514 4399 746 4470 ἑτέραν,
774 4398 876 4454 καὶ
902 4398 1055 4468 λαός
1084 4401 1118 4453 ό
1147 4397 1486 4467 κτιζόμενος
1513 4394 1745 4451 αἰνέσει

1865 527 1955 598 qui
2009 527 2152 583 inter
2202 528 2454 585 homines
2526 539 2677 584 recta
2756 528 3095 599 operantur?
3127 527 3279 597 Quod
3310 531 3355 585 si
3386 531 3455 585 de

1864 620 2083 678 Christo
2114 621 2209 676 Dei
2251 621 2486 691 accipiat
2516 622 2640 692 quis
2682 620 2816 676 illud
2855 620 3059 676 dictum
3089 639 3104 676 :
3129 604 3256 676 nam
3286 620 3454 677 Chri-

1865 722 1983 768 stus
2031 710 2125 766 Dei
2180 720 2420 780 potestas
2465 720 2551 767 cst
2593 719 2649 766 et
2693 710 2994 783 Sapientia,
3046 710 3183 767 nihil
3227 711 3454 782 impedit

1867 804 2006 860 hanc
2050 803 2487 877 intelligentiam,
2533 803 2973 874 quandoquidem
3020 806 3090 859 ob
3122 805 3451 860 immensum

1865 913 2022 953 suum
2060 898 2114 953 in
2159 898 2461 954 humanum
2504 913 2673 969 genus
2721 912 2960 953 amorem
3015 913 3122 954 non
3180 899 3454 955 recusavit

1864 989 2010 1063 hanc
2054 990 2477 1047 fraternitatem.
2527 991 2680 1060 Quod
2728 992 2773 1049 si
2820 1008 2984 1047 unum
3034 1000 3153 1046 erat
3193 992 3450 1063 idemque

1865 1085 2031 1152 Deus,
2062 1095 2117 1141 et
2155 1101 2277 1158 quae
2318 1088 2371 1141 in
2414 1086 2723 1144 Proverbiis
2756 1086 3118 1143 introducitur
3146 1086 3449 1158 Sapientia,

1864 1193 1987 1249 quae
2015 1180 2232 1250 sapiens
2261 1179 2481 1250 quidam
2528 1180 2749 1236 habitus
2778 1190 2862 1236 est
2891 1181 2947 1236 in
2984 1179 3075 1237 illo
3103 1180 3448 1245 intellectus,

1864 1272 1919 1326 in
1947 1281 2212 1341 quantum
2242 1271 2387 1328 Deus
2434 1273 2673 1342 sapiens,
2707 1273 2838 1343 quid
2868 1272 3121 1339 prohibet
3157 1274 3326 1328 Deum
3357 1272 3452 1329 hic

1862 1379 1961 1435 pro
1995 1362 2275 1435 Sapientia
2317 1365 2542 1422 rescribi
2573 1382 2587 1421 :
2620 1375 2677 1421 ut
2717 1366 2798 1422 sic
2838 1366 2930 1422 ubi
2975 1366 3177 1421 dictum
3206 1375 3314 1433 est,
3347 1363 3452 1421 Sa-

1860 1456 2059 1523 pientia
2087 1455 2367 1525 wdiﬁcavit
2400 1457 2506 1511 sibi
2549 1457 2783 1523 domum,
2813 1467 2861 1511 et
2896 1442 3145 1511 solidavit
3173 1456 3448 1511 columnas

1860 1558 2073 1618 septem,
2108 1558 2163 1602 et
2186 1564 2306 1618 quae
2327 1557 2651 1620 sequuntur,
2672 1549 2874 1604 dictum
2907 1548 2979 1603 sit
3004 1563 3124 1618 pro,
3152 1545 3292 1601 Deus
3317 1548 3451 1601 wdi-

1861 1640 2034 1709 ﬁcavit
2079 1640 2179 1695 sibi
2204 1640 2439 1707 domum,
2457 1649 2599 1709 etc.;
2636 1648 2692 1695 et
2721 1640 2915 1696 iterum
2948 1654 3045 1710 pro
3071 1654 3156 1705 eo,
3190 1638 3314 1693 Dixi
3339 1637 3449 1694 Sa-

1861 1732 2115 1801 pientiam
2135 1748 2368 1787 sororem
2396 1743 2566 1800 tuam,
2599 1733 2833 1796 dicatur,
2874 1732 2998 1787 Dixi
3032 1732 3199 1787 Deum
3225 1732 3447 1802 fratrem

1790 1803 1831 1859 Β
1861 1834 2027 1878 tuum.
2058 1824 2164 1879 Sed
2199 1832 2257 1878 ut
2286 1840 2447 1881 aures
2479 1824 2756 1895 percutiat
2785 1824 2886 1880 ista
2918 1823 3106 1889 dictio,
3138 1825 3291 1880 vides
3334 1832 3447 1878 tam

1860 1912 2173 1985 incongrua.
2232 1912 2386 1982 Quod
2435 1914 2483 1971 si
2533 1914 2601 1970 de
2657 1913 2796 1969 Filio
2850 1913 3186 1985 Sapientiam
3236 1912 3446 1983 capias,

1856 2007 2038 2061 omnia
2073 2008 2211 2062 bene
2242 2006 2410 2061 ﬂuent
2438 2023 2454 2061 :
2485 2020 2587 2061 nec
2615 2013 2872 2061 occurret
2896 2005 2990 2059 tibi
3023 2004 3320 2075 quidquam
3354 2001 3446 2057 hic

1859 2097 2170 2166 impietatis,
2202 2113 2326 2154 cum
2362 2099 2648 2170 perhibeat
2699 2097 2793 2153 tibi
2830 2097 3201 2153 testimonium
3248 2096 3447 2151 beatus

1856 2189 2054 2246 Paulus
2078 2190 2379 2261 apostolus,
2394 2190 2488 2261 qui
2506 2190 2827 2262 pronuntiat
2848 2189 2994 2245 clare
3016 2187 3364 2244 Servatorem
3388 2194 3447 2242 et

1856 2278 2143 2335 Dominum
2174 2287 2417 2336 nostrum
2448 2278 2633 2335 Jesum
2659 2278 2940 2335 Christum
2983 2278 3076 2333 Dei
3107 2277 3446 2346 Sapientiam

1855 2374 2273 2440 nominandum,
2324 2372 2416 2428 ubi
2458 2373 2556 2438 ait,
2589 2361 2832 2428 Christus
2865 2370 2959 2425 Dei
3002 2371 3235 2442 potentia
3267 2379 3315 2423 et
3343 2367 3447 2424 Sa-

1854 2469 2055 2542 pientia
2074 2470 2142 2522 ”.
2169 2466 2268 2524 [Iis
2293 2469 2359 2523 ad
2392 2469 2535 2524 hunc
2564 2466 2780 2522 modum
2812 2466 2885 2519 ita
2918 2463 3315 2535 apparatis,ad
3347 2477 3443 2517 su-

1852 2552 2040 2631 perius
2065 2561 2338 2630 preposita
2374 2574 2714 2631 consequens
2752 2568 2834 2613 est
2874 2557 2996 2623 hoc,
3022 2557 3283 2612 Dominus
3311 2572 3442 2609 con-

1856 2651 1995 2707 didit
2025 2668 2107 2707 me
2126 2652 2445 2723 principium
2475 2653 2678 2707 uiarum
2705 2666 2926 2705 suarum
2955 2650 3024 2704 ad
3047 2665 3204 2719 opera
3229 2649 3345 2719 ejus
3369 2647 3442 2716 ”,

1857 2759 1889 2800 e
1942 2759 2175 2816 persona
2223 2742 2341 2814 ejus
2386 2728 2662 2815 usurpari.
2698 2742 2853 2812 Quod
2883 2742 2927 2797 si
2974 2743 3124 2797 dicat
3160 2743 3441 2798 conditum

1857 2835 2006 2892 illum
2034 2835 2222 2902 fuisse,
2251 2851 2357 2891 non
2387 2836 2459 2891 ita
2485 2836 2640 2904 dixit,
2664 2835 2819 2909 quasi
2852 2834 3011 2889 vellet
3037 2834 3290 2904 intelligi,
3315 2849 3441 2890 eum

1855 2927 1924 2983 de
1955 2942 2064 2984 non
2095 2937 2224 2984 ente
2253 2928 2319 2984 ad
2347 2942 2468 2983 esse
2497 2928 2986 2998 processisseznec
3014 2925 3179 2997 quod,
3211 2926 3280 2982 ad
3325 2940 3443 2981 mo—

1855 3018 1983 3074 dum
2020 3029 2397 3076 creaturarum
2429 3019 2785 3091 reliquarum,
2824 3021 2890 3075 de
2940 3034 3046 3074 non
3078 3027 3206 3075 ente
3234 3017 3439 3091 produ-

1856 3111 2103 3177 cebatur,
2131 3111 2278 3180 quod
2311 3109 2558 3166 nonnulli
2595 3110 2777 3166 minus
2807 3124 2953 3166 recte
2984 3118 3110 3165 sunt
3140 3108 3391 3165 arbitrati
3423 3126 3438 3162 :

1856 3200 1950 3255 sed
1981 3201 2123 3272 quod
2153 3200 2457 3257 subsistens
2504 3209 2562 3255 et
2597 3201 2809 3269 vivens,
2858 3202 2953 3257 sed
2995 3201 3140 3273 quod
3182 3202 3444 3271 praeexsi-

1856 3302 2028 3358 stens,
2058 3299 2113 3346 et
2143 3293 2587 3361 prmsubsistens,
2629 3302 2760 3348 ante
2792 3308 3010 3349 omnem
3043 3293 3228 3348 mundi
3254 3292 3443 3348 condi-

1858 3382 2058 3438 tionem
2087 3395 2205 3439 erat
2231 3402 2245 3439 :
2277 3391 2336 3451 >14
2365 3386 2621 3456 quodque
2653 3400 2684 3440 a
2726 3384 2953 3441 Domino
2981 3400 3080 3440 suo
3114 3385 3275 3441 Patre
3308 3400 3442 3440 cou-

1853 3476 2076 3532 stitutus
2121 3484 2205 3531 est
2232 3477 2475 3532 omnium
2513 3476 2844 3543 dominator,
2875 3476 3054 3547 posito
3096 3475 3207 3543 illo,
3258 3478 3443 3531 condi-

1854 3568 1951 3634 dit,
2009 3568 2115 3623 boc
2165 3568 2221 3622 in
2269 3567 2408 3632 loco,
2457 3583 2555 3638 pro
2600 3569 2895 3634 constituit,
2927 3567 3011 3622 vel
3044 3567 3444 3623 ordinauit.Di-

1853 3660 2015 3715 sertis
2041 3659 2220 3715 verbis
2246 3659 2521 3730 principes
2546 3669 2602 3715 et
2628 3660 2794 3716 duces
2817 3660 2962 3716 inter
2984 3659 3254 3723 homines,
3286 3675 3442 3715 crea-

1854 3761 2030 3806 turam
2063 3751 2354 3821 Apostolus
2394 3740 2839 3819 nominavit,'ubi
2865 3752 2980 3807 ait:
3011 3750 3249 3820 Subjecti
3277 3762 3441 3807 estote

1853 3840 1994 3895 omni
2029 3841 2277 3896 humanae
2319 3852 2580 3899 creature
2612 3850 2825 3914 propter
2859 3840 3170 3908 Dominum,
3196 3843 3303 3897 sive
3332 3843 3443 3917 regi

1852 3940 1909 3985 ut
1939 3931 2236 4001 excellenti,
2259 3934 2367 3989 sive
2388 3934 2711 4006 principibus
2750 3944 2809 3988 ιιι
2845 3933 2910 3989 ab
2943 3932 3040 3988 illo
3066 3933 3244 3988 missis
3258 3931 3324 3988 “.
3373 3934 3443 3987 Et

1851 4025 2117 4095 propheta
2150 4027 2241 4095 qui
2276 4026 2413 4082 dixit
2443 4042 2458 4080 :
2489 4023 2832 4096 Prwparare,
2864 4035 2921 4080 ut
2952 4036 3161 4080 uocetur
3194 4041 3352 4096 super
3388 4033 3441 4078 te

1852 4115 1995 4171 Deus
2018 4116 2191 4172 Israel
2223 4134 2243 4172 :
2266 4127 2543 4189 propterea
2577 4134 2694 4173 ecce
2728 4117 2912 4188 ﬁrmat
2937 4117 3160 4183 tonitru,
3184 4126 3232 4170 et
3257 4117 3441 4170 condit

1842 4198 2049 4276 uentos,
2085 4217 2137 4267 et
2160 4210 2449 4264 annuntiat
2477 4209 2613 4265 inter
2650 4209 2887 4264 homines
2912 4208 3181 4263 Christum
3207 4209 3435 4264 suum".

1856 4300 1921 4354 Et
1954 4300 2102 4365 illud,
2134 4301 2417 4357 Scribatur
2445 4302 2540 4356 illa
2574 4302 2630 4356 in
2659 4301 3055 4373 generationem
3095 4300 3346 4366 alteram,
3377 4309 3440 4355 ut

1850 4391 2074 4462 populus
2098 4394 2191 4463 qui
2206 4394 2454 4447 conditur
2471 4394 2645 4448 laudet
2660 4392 3020 4448 Dominum”.
3038 4390 3175 4447 Illud
3200 4392 3441 4447 condidit

146 4493 263 4549 τόν
282 4494 523 4563 Κύριονο
541 4492 624 4557 τὸ,
646 4490 879 4556 κτίζων,
892 4491 986 4545 ἐπὶ
1003 4489 1098 4544 τοῦ
1114 4487 1398 4561 γεγονότος
1416 4487 1477 4553 ἐξ
1493 4489 1737 4559 ἀνύπαρ-

1858 4499 1949 4553 pro
1980 4499 2046 4540 eo
2079 4484 2222 4556 quod
2261 4484 2366 4539 fuit
2393 4496 2668 4556 sumptum
2703 4493 2811 4551 est,
2836 4486 2960 4555 quia
2983 4484 3098 4556 jam
3144 4493 3272 4540 ante
3294 4493 3437 4538 erat.

147 4586 270 4655 ξίας
304 4584 657 4658 παρείληφεν.
678 4583 753 4637 Οὐ
769 4582 878 4653 γὰρ
910 4581 1032 4637 τότε
1054 4581 1268 4636 ἔκτισεν
1283 4581 1313 4633 6
1332 4578 1465 4644 Θεὸς
1495 4578 1556 4631 τὸ
1578 4576 1743 4632 πνεῦο

146 4693 253 4751 μα,
278 4676 369 4730 ὅτε
389 4674 480 4729 τὸν
498 4673 732 4747 Χριστὸν
763 4671 929 4728 αὑτοῦ
957 4673 1023 4727 δι’
1041 4669 1206 4728 αὐτοῦ
1236 4671 1403 4724 πᾶσιν
1431 4668 1739 4741 ἀνθρώποις

143 4763 544 4838 κατήγγειλεν
571 4764 721 4821 οὐδὲν
770 4763 880 4836 γὰρ
930 4762 1243 4839 πρόσφατον
1281 4760 1387 4814 ὑπὸ
1426 4759 1518 4813 τὸν
1566 4758 1738 4830 ἥλιον.

156 4858 305 4915 Ἀλλ’
319 4853 388 4931 ἦν
424 4857 546 4931 μὲν,
568 4857 664 4912 καὶ
682 4856 1060 4931 προῦπῆρχεν,
1079 4852 1440 4907 ἀπεστέλλετο
1461 4851 1517 4906 δὲ
1537 4851 1659 4905 καθ’
1675 4851 1737 4906 ὃν

142 4950 344 5024 καιρὸν
388 4946 530 5022 ἦσαν
570 4950 620 5003 οἱ
665 4946 954 5004 ἀπόστολοι
1000 4945 1373 5018 συνηγμένοι·
1426 4945 1517 4998 ὅτε
1568 4942 1733 5014 δίκην

143 5043 403 5117 βροντῆς,
430 5043 646 5112 ἐγένετο
662 5036 796 5113 ἦχος
822 5042 887 5094 ὲκ
913 5036 1007 5092 τοῦ
1033 5036 1295 5109 οὐρανοῦ,
1351 5034 1542 5107 ὥσπερ
1571 5051 1737 5107 φερο-

144 5135 323 5209 μένης
371 5136 541 5206 πνοῆς
594 5132 809 5203 βιαίας,
858 5127 1258 5203 ἐπληρώθησαν
1303 5145 1364 5182 τε
1416 5126 1737 5198 Πνεύματος

142 5224 338 5294 ἁγίου·
370 5225 464 5282 καὶ
491 5221 663 5286 οὕτως
688 5225 768 5286 είς
791 5222 1000 5286 πάντας
1027 5218 1349 5293 ἀνθρώπους
1375 5220 1467 5274 τὸν
1499 5218 1736 5292 Χριστὸν

137 5315 242 5371 τοῦ
273 5314 406 5369 Θεοῦ
431 5313 822 5387 κατήγγειλαν,
845 5311 1156 5377 ἀκολούθως
1186 5313 1255 5384 τῇ
1287 5310 1598 5383 προφητεία
1627 5325 1734 5379 φη-

213 5505 274 5563 )Ῑ4
309 5496 410 5553 Ed.
438 5496 649 5559 Paris.,
676 5510 799 5567 pag.
831 5494 955 5549 151.
1032 5494 1078 5526 ⁹¹
1110 5494 1133 5547 l
1162 5493 1291 5549 Cor.
1316 5509 1357 5558 l,
1391 5490 1483 5548 24.

140 5572 194 5605 η
224 5569 371 5625 Psal.
401 5584 475 5636 cr,
500 5568 589 5623 l9.

241 5752 334 5825 61)
364 5751 536 5825 Eulgo
572 5751 786 5825 σοφίαν,
820 5750 935 5820 ἕξιν
960 5758 1013 5807 et
1045 5764 1171 5807 mox
1201 5747 1443 5805 ὲκλάόοι.

241 5754 304 5810 61
364 5752 536 5825 Vulgo
572 5752 786 5825 σοφίαν,
820 5752 935 5820 ἕξιν
960 5758 1013 5807 et
1045 5764 1171 5807 mox
1201 5752 1443 5805 ὲκλάσοι.

366 5822 539 5895 Vulgo
563 5822 748 5878 αὐτόν.
1461 5880 1467 5886 ,

1587 5488 1806 5548 "Prov.
1834 5506 1956 5560 vm,
1975 5490 2068 5547 32.

1846 4576 2033 4648 Neque
2061 4581 2206 4633 enim
2240 4589 2352 4634 tum
2382 4579 2624 4636 condidit
2647 4579 2789 4634 Deus
2813 4580 3085 4651 spiritum,
3118 4593 3244 4634 cum
3278 4577 3441 4633 Chri-

1847 4683 1988 4728 Stum
2023 4688 2181 4728 suum
2214 4687 2312 4742 per
2353 4672 2507 4728 illum
2559 4672 2828 4727 universis
2873 4670 3188 4728 hominibus
3225 4685 3440 4726 annun-

1851 4765 2007 4818 tiaret
2034 4780 2048 4819 :
2079 4765 2206 4834 quia
2245 4763 2378 4821 nihil
2422 4765 2546 4820 novi
2591 4772 2676 4820 est
2725 4762 2829 4819 sub
2881 4763 2996 4820 sole
3040 4763 3183 4818 :sed
3220 4771 3339 4817 erat
3382 4771 3440 4817 et

1847 4856 2141 4911 exsistebat
2171 4864 2337 4912 ante:
2367 4856 2686 4915 mittebatur
2721 4865 2903 4913 autem
2935 4870 3002 4911 eo
3032 4865 3276 4926 tempore
3309 4870 3435 4910 cum

1847 4945 1899 4999 in
1934 4960 2099 5000 unum
2129 4946 2441 5017 congregati
2483 4944 2716 5016 apostoli
2761 4952 2960 5001 erant:
2989 4959 3114 5000 cum
3156 4943 3224 4998 ad
3263 4943 3438 4998 instar

1847 5038 2084 5094 tonitrus
2120 5037 2295 5094 factus
2331 5045 2414 5094 est
2457 5037 2671 5094 sonitus
2706 5036 2900 5108 ingens
2947 5036 3014 5091 de
3059 5034 3200 5092 caelo
3228 5053 3243 5091 :
3268 5035 3436 5091 veluti

1847 5128 2208 5186 descendente
2244 5130 2444 5200 spiritu
2483 5128 2913 5194 vehementiore,
2965 5136 3022 5184 et
3066 5127 3283 5198 repleti“
3307 5138 3437 5182 sunt

1847 5220 2053 5292 Spiritu
2080 5231 2291 5277 sancto.
2317 5223 2494 5293 Atque
2523 5221 2597 5277 ita
2614 5220 2894 5276 Christum
2921 5219 3157 5286 Domini,
3196 5219 3248 5274 in
3278 5234 3436 5273 muu-

1846 5311 1976 5366 dum
2038 5313 2354 5369 universum
2426 5313 2870 5368 annuntiarunt:
2902 5310 3058 5381 juxta
3115 5311 3435 5367 vaticinium

2182 5489 2430 5547 "lPetr.
2466 5505 2531 5558 tt,
2555 5491 2646 5558 15,
2689 5492 2777 5548 14.
2868 5491 3193 5558 "Amosw,
3225 5489 3315 5559 ιε,
3344 5488 3431 5548 l5.

1914 5744 2027 5818 (63)
2067 5743 2237 5817 Vulgo
2269 5744 2447 5817 αὐτή,
2473 5751 2527 5802 et
2558 5758 2680 5801 mox
2712 5741 2923 5811 αἱνήσε.

3346 326 3455 385 974
3566 392 3583 402 ,
