3828 6222
464 364 579 423 955
590 449 592 452 ν

1136 355 1223 411 EU
1233 354 1405 413 SE81!
1444 347 1921 409 CIESARIENSIS
1957 342 2030 401 Οῐ

2149 341 2329 399 ΡΑιιε
2368 341 2461 397 1v;
2500 370 2570 409 -ε
2607 302 3051 395 υουιιΑτιοΑ..

3601 325 3722 384 956.

467 449 754 539 Abraham.
781 485 832 532 et
856 475 1036 540 Isaac,
1059 484 1109 529 et
1135 474 1299 528 Iacob
1322 474 1389 525 ⁸⁸.
1434 470 1593 525 Vides
1617 478 1676 523 ut
1703 483 1762 523 se
1796 464 2030 520 aﬂirmat

2141 456 2283 526 Ἐγὼ
2308 456 2540 525 Κύριος,
2555 454 2653 508 καὶ
2674 447 3007 540 agonem)
3023 443 3232 540 aevc‘a
3241 439 3707 540 ϐξιιειιξξαιέρρς

464 573 712 645 patribus
777 568 1116 640 apparuisse.
1183 566 1411 633 Quando
1475 573 1651 617 autem
1722 557 2033 629 apparuerit

463 664 752 734 Scriptura
793 660 982 724 docet,
1013 658 1299 727 inquiens,
1334 651 1594 723 Apparuit
1624 650 1767 703 Deus
1804 646 2033 702 Abrahae

459 756 533 812 ad
560 769 810 824 quercum
840 749 1079 805 Mambre
1101 789 1118 815 ,
1144 749 1269 802 dum
1311 748 1511 801 sederet
1540 745 1610 797 ad
1644 744 1836 797 ostium
1863 740 2035 796 taber-

465 845 642 900 naculi
669 845 754 899 sui
784 842 855 897 ⁸⁸.
885 842 1003 909 Qua
1034 852 1212 896 autem
1254 839 1451 907 ﬁgura,
1477 839 1580 891 nisi
1616 837 1850 893 humana
1877 849 2037 903 appa-

461 936 613 992 ruit?
653 934 787 1003 Quis
817 944 999 991 autem
1037 932 1131 988 ille
1162 942 1345 996 esset,
1393 931 1497 985 nisi
1528 929 1694 984 Filius
1722 928 1855 992 Dei,
1884 938 1941 982 ut
1974 927 2030 981 in

463 1027 758 1099 Evangelio
784 1027 902 1097 ipse
928 1025 1088 1081 docet
1136 1024 1352 1079 Iudaeos
1404 1023 1715 1090 alloquens,
1766 1022 2031 1074 Abraham

465 1119 630 1175 Pater
658 1129 825 1175 vester
850 1116 1135 1172 exsultavit
1167 1126 1224 1169 ut
1267 1114 1465 1169 videret
1502 1117 1641 1168 diem
1663 1130 1830 1167 meum
1851 1127 1871 1166 :
1904 1114 2032 1167 vidit

462 1222 663 1277 autem,
698 1221 746 1266 et
770 1211 984 1281 gavisus
1010 1219 1087 1263 est
1114 1207 1158 1238 ⁸⁷
1191 1225 1206 1261 :
1242 1207 1487 1261 attonitis
1513 1217 1694 1260 autem
1723 1208 1790 1260 ad
1828 1219 2034 1259 sermo-

466 1318 592 1359 nem
644 1301 752 1357 illis
800 1300 999 1370 adjecit
1026 1339 1054 1366 ,,
1079 1297 1398 1369 Priusquam
1443 1298 1711 1351 Abraham
1749 1306 1903 1364 esset,
1943 1313 2034 1366 ego

461 1386 587 1453 s'um
604 1395 672 1450 ⁸⁸.
723 1393 825 1452 Ubi
853 1410 1006 1448 suam
1054 1393 1415 1462 liquidissimo
1442 1392 1896 1461 praeexistentiam
1939 1390 2036 1445 do-

464 1499 573 1545 cet.
600 1487 743 1555 Quid
799 1487 942 1542 enim
977 1485 1124 1539 aliud
1174 1484 1447 1540 intimavit
1495 1483 1584 1537 illa
1613 1483 1779 1538 dictio
1804 1522 1819 1547 ,
1874 1497 2033 1552 quam

468 1581 612 1650 quod
649 1579 880 1649 ipsemet
904 1578 1076 1634 Filius
1096 1578 1185 1632 Dei
1212 1579 1410 1641 fuerat,
1430 1581 1662 1647 quicum
1693 1577 1840 1632 Mose
1859 1576 2037 1645 loque-

462 1675 623 1726 batur
642 1679 699 1726 et
726 1670 958 1733 dicebat,
995 1666 1108 1737 Ego
1131 1685 1270 1731 sum,
1299 1667 1394 1737 qui
1422 1684 1537 1720 sum
1563 1669 1589 1723 7
1615 1667 1748 1722 Nam
1796 1681 1856 1722 se
1908 1666 2034 1735 qui-

463 1767 585 1820 dem
612 1766 921 1821 Abrahamo
951 1765 1122 1819 visum
1181 1762 1432 1819 aﬂirmat.
1465 1761 1584 1817 Jam
1635 1763 1867 1833 qualiter
1912 1772 2033 1818 erat

464 1859 569 1925 Qui
593 1868 691 1924 est,
720 1867 1003 1913 ostensum
1030 1865 1132 1911 est.
1162 1854 1267 1911 Sed
1297 1865 1348 1910 et
1382 1869 1609 1923 magnus
1636 1855 1727 1911 ille
1756 1854 2031 1925 apostolus

462 1949 703 2011 Paulus,
747 1949 993 2019 agnoscit
1046 1947 1241 2002 Filium
1297 1948 1389 2001 Dei
1443 1946 1643 2001 factum
1677 1948 2030 2002 mediatorem

459 2042 596 2113 legis
625 2057 722 2112 per
749 2041 948 2096 Mosem
976 2041 1134 2103 datae,
1171 2040 1223 2094 in
1258 2038 1453 2110 quibus
1488 2039 1748 2108 loquitur,
1775 2038 1886 2093 Lex
1921 2050 2034 2093 tra-

460 2134 574 2188 dita
597 2151 689 2204 per
709 2135 920 2204 angelos
952 2135 1009 2187 in
1060 2151 1222 2187 manu
1255 2133 1583 2187 mediatoris.
1619 2133 1744 2188 Jam
1774 2135 2033 2188 mediator

460 2226 619 2282 unius
651 2242 753 2281 non
775 2236 874 2291 est,
903 2224 1040 2279 Deus
1066 2234 1242 2278 autem
1264 2241 1401 2278 unus
1429 2237 1502 2280 est
1530 2226 1597 2280 ⁸⁸.
1635 2232 1693 2290 vlt
1720 2224 1797 2281 lta
1824 2226 2030 2281 media-

458 2331 547 2377 tor
569 2322 818 2393 erat,qui
848 2321 1256 2392 colloquebatur
1279 2320 1433 2386 Mosi,
1460 2321 1622 2374 etiam
1655 2330 1781 2374 ante
1812 2333 2029 2375 carnem

456 2423 816 2482 assumptam,
849 2413 1116 2468 mediator
1138 2413 1391 2468 humanae
1413 2412 1623 2468 salutis.
1673 2410 1827 2467 Hunc
1863 2412 2031 2468 fuisse

457 2521 624 2576 porro
670 2505 855 2562 Jesum
890 2506 1164 2564 Christum
1202 2507 1710 2578 statuitApostolus
1737 2506 2027 2575 inquiens,

461 2593 612 2651 Unus
645 2595 826 2665 Deus,
876 2614 1012 2652 unus
1062 2598 1325 2652 mediator
1370 2597 1466 2653 Dei
1513 2607 1670 2665 atque
1716 2597 2027 2659 hominum,

457 2688 613 2742 homo
638 2687 795 2744 Iesus
826 2687 1068 2744 Christus
1098 2690 1166 2743 ⁵ο.
1197 2688 1335 2745 Hinc
1370 2689 1535 2760 igitur
1571 2688 1932 2760 personaliter
1961 2687 2028 2741 de

467 2780 768 2838 se-locutus
811 2795 895 2839 est
933 2784 1074 2853 apud
1109 2783 1334 2849 Mosem,
1370 2783 1483 2854 Ego
1504 2800 1620 2837 sum
1651 2784 1718 2849 ⁸⁸,
1759 2784 1875 2839 sive
1925 2781 2027 2837 fuit

454 2869 643 2937 Pater,
674 2874 766 2943 qui
822 2890 919 2944 per
954 2890 1076 2931 eum
1125 2878 1267 2932 hanc
1294 2875 1478 2931 emisit
1504 2889 1692 2930 vocem
1747 2893 1761 2929 :
1820 2876 2027 2931 utrovis

457 2963 619 3019 modo
671 2979 756 3020 res
792 2974 876 3020 est
916 2980 1037 3019 cum
1068 2966 1298 3021 veritate
1351 2967 1663 3037 conjuncta.
1718 2964 1797 3021 Ne
1824 2967 2027 3023 haereat

457 3054 590 3122 ergo
626 3053 803 3108 adhuc
825 3052 1110 3109 Marcellus
1138 3093 1156 3119 ,
1199 3053 1557 3110 inextricabili
1586 3069 1736 3122 usus,
1766 3055 2026 3124 quemad-

2149 546 2346 601 Ἰσαὰκ
2370 541 2635 611 καὶπρὸς
2671 538 2899 602 Ἰακὼϐ,
2920 534 3051 596 Θεὸς
3078 531 3153 586 ὢν
3174 529 3350 584 αὐτῶν
3374 527 3507 598 (12).
3547 527 3706 597 Ὁρᾷς

2134 637 2283 699 ὅπως
2310 629 2489 703 ὦφθαι
2512 631 2701 687 ἑαυτὸν
2720 631 2831 693 τοῖς
2852 625 3117 699 πατράσιν
3139 623 3269 697 ἔφη.
3291 620 3426 672 Πότε
3447 617 3505 671 δὲ
3528 615 3707 687 ὤφθη,

2136 724 2296 779 πάλιν
2316 726 2350 797 ἡ
2368 723 2558 797 Γραφὴ
2580 722 2846 793 μαρτυρεί
2870 718 3100 787 λέγουσα
3120 731 3135 745 ο
3166 714 3354 781 Ὠφθη
3381 709 3437 763 δὲ
3458 708 3571 779 (15)
3594 708 3707 797 Κύ-

2128 833 2261 885 ριος
2283 820 2315 871 ὀ
2339 796 2483 880 Θεὸς
2511 812 2590 880 τῷ
2624 809 2890 880 Ἀϐραὰμ,
2913 806 3062 877 πρὸς
3086 805 3162 874 τῇ
3180 802 3325 872 ’δρυῒ
3335 800 3412 870 τῇ
3434 796 3710 869 Μαμϐρῆ.

2136 907 2481 977 καθημένου
2525 902 2717 959 αὐτοῦ
2740 900 2889 973 πρὸς
2915 897 2990 968 τῇ
3012 898 3178 966 θύρᾳ.
3207 892 3332 956 Πῶς
3353 892 3411 944 δὲ
3437 890 3597 961 ὤφθη
3618 888 3709 942 ἀλ-

2134 997 2293 1068 λωςῆ
2325 996 2435 1069 (14)
2470 999 2527 1052 ὲν
2550 998 2788 1068 σχήματι
2823 989 3176 1064 ἀνθρωπίνῳ;
3220 985 3342 1039 τίνα
3362 983 3421 1037 δὲ
3442 981 3556 1053 (15)
3608 978 3712 1050 χρὴ

2135 1087 2408 1142 πιστεύειν
2432 1083 2571 1141 εἶναι
2596 1084 2803 1149 τοῦτον,
2829 1081 2976 1154 ἠ’τὸν
3006 1078 3132 1132 Υῖεν
3149 1076 3242 1131 τοῦ
3267 1073 3424 1138 Θεοῦ,
3452 1072 3483 1126 6
3516 1072 3585 1141 δὴ
3616 1070 3711 1123 καί

2136 1179 2298 1246 αὐτὸς
2318 1181 2375 1234 ὲν
2397 1176 2762 1247 Εὑαγγελίοις·
2778 1172 3016 1246 παρίστη
3049 1168 3221 1237 λέγων
3249 1165 3386 1236 πρὸς
3411 1165 3537 1225 τοὺς
3578 1162 3714 1215 Ἰου-

2133 1273 2318 1335 δαίους
2336 1288 2351 1303 ο
2393 1270 2642 1340 Ἀϐραὰμ
2676 1272 2708 1323 ό
2737 1265 2932 1335 πατὴρ
2959 1261 3127 1332 ὑμῶν
3152 1255 3591 1328 ἠγαλλιάσατο,
3614 1253 3717 1307 ἵνα

2137 1362 2234 1430 ιδῃ
2255 1360 2371 1429 τὴν
2395 1358 2624 1430 ἡμέραν
2643 1356 2755 1429 (16)
2781 1356 2896 1424 τὴν
2922 1352 3097 1423 ἐμὴν,
3115 1350 3213 1404 καί
3231 1345 3355 1403 εἶδε
3378 1345 3477 1400 καὶ
3498 1343 3713 1415 ἐχάρη.

2137 1451 2262 1505 Ὅτι
2289 1451 2387 1507 καὶ
2410 1450 2808 1522 θαυμασάντων
2854 1446 2946 1500 ἐπὶ
2988 1441 3066 1513 τῷ
3089 1440 3254 1511 λόγῳ,
3290 1436 3603 1510 προσέθηκε
3634 1434 3716 1499 τὸ,

2134 1541 2287 1609 Πρὶν
2332 1542 2590 1612 Ἀϐραὰμ
2619 1537 2896 1611 γενέσθαι
3112 1533 3255 1600 είμι,
3287 1530 3388 1599 τὴν
3418 1528 3717 1600 προϋπαρ-

2139 1630 2218 1697 ξιν
2251 1632 2450 1686 ἑαυτοῦ
2485 1629 2758 1703 παριστὰς
2787 1627 3105 1682 λευκότατα.
3153 1621 3219 1675 Τί
3249 1620 3313 1691 δὴ
3336 1614 3429 1673 οὖν
3456 1616 3719 1688 συνίστη-

2138 1737 2222 1778 σιν
2257 1726 2286 1778 ό
2317 1724 2472 1794 λόγος
2496 1721 2632 1793 (17),
2666 1720 2701 1793 ἢ
2747 1718 2907 1774 αὑτὸν
2957 1712 3233 1771 εἷναι-τὸν
3253 1710 3381 1766 Υίὸν
3417 1710 3514 1765 τοῦ
3552 1708 3718 1773 θεοῦ,

2061 1804 2105 1860 Β
2130 1816 2223 1870 τὸν
2256 1814 2669 1887 χρηματίσαντα
2695 1811 2774 1883 τῷ
2795 1812 3002 1874 Μωσεῖ,
3032 1805 3137 1861 και
3156 1804 3431 1877 εἰρηκότα,
3465 1800 3613 1872 Ἐγώ
3639 1803 3722 1855 εἰ·

2126 1925 2195 1977 μι
2228 1911 2261 1962 ὁ
2290 1906 2411 1971 ὠν;
2440 1906 2602 1969 αὐτὸς
2632 1903 2741 1976 γὰρ
2768 1902 2846 1974 τῷ
2885 1899 3133 1972 Ἀϐραὰμ
3172 1889 3357 1963 ὦφθαι
3380 1893 3575 1948 ἑαυτὸν
3607 1892 3719 1946 66i-

2129 1999 2303 2065 δαξεν,
2361 1998 2551 2061 Ὅπως
2606 1996 2665 2049 δὲ
2716 1991 2785 2067 ἦν
2838 1993 3002 2058 αὐτὸς
3041 1996 3073 2048 ὀ
3110 1993 3196 2048 ὢν
3239 1991 3473 2063 εἴρηται.
3530 1986 3644 2039 Καὶ
3689 1986 3719 2037 6

2133 2090 2307 2162 μέγας
2351 2089 2409 2143 δὲ
2462 2086 2763 2151 ἀπόστολος
2811 2085 3026 2150 Παῦλος
3045 2079 3153 2138 οἶδε
3187 2085 3280 2138 τὸν
3296 2081 3424 2136 Υἱδν
3451 2079 3549 2134 τοῦ
3578 2076 3715 2133 Θεοῦ

2133 2183 2358 2255 μεσίτην
2383 2180 2674 2251 γενόμενον
2692 2178 2793 2248 τῆς
2815 2177 2903 2231 διὰ
2928 2176 3172 2241 Μωσέως
3189 2172 3533 2247 νομοθεσίας,
3556 2173 3615 2225 ὲν
3636 2165 3719 2235 οἷς

2128 2273 2370 2328 διδάσκει
2389 2268 2582 2338 λέγων,
2618 2267 2681 2321 '0
2712 2267 2897 2337 νόμος
2922 2265 3219 2336 διαταγεις
3246 2264 3320 2319 δι’
3346 2263 3622 2333 ἀγγέλων
3650 2261 3722 2314 ἐν

2128 2363 2280 2435 χειρί
2324 2360 2575 2432 μεσίτου
2593 2376 2606 2390 ’
2634 2360 2668 2413 ὀ
2696 2356 2765 2411 δὲ
2786 2357 3040 2428 μεσίτης
3068 2355 3209 2423 ἐνὸς
3228 2356 3341 2411 οὐκ
3380 2354 3557 2409 ἐστιν
3578 2351 3741 2423 (18)..

2129 2451 2337 2507 Οὐκοῦν
2366 2451 2395 2504 6
2436 2448 2784 2522 χρηματίσας
2828 2446 2909 2519 τῷ
2949 2448 3137 2501 Μωσεῖ
3180 2447 3210 2500 6
3256 2437 3614 2515 μεσίηςλῆν,
3658 2440 3739 2505 ἐξ,

2129 2543 2337 2598 ἐκείνου
2358 2540 2658 2614 μεσιτεύων
2684 2541 2753 2612 τῇ
2774 2538 2883 2593 τῶν
2909 2536 3210 2610 ἀνθρώπιον
3239 2534 3507 2606 σωτηρίᾳ,
3532 2532 3665 2605 rem
3681 2532 3718 2604 ἢ

2126 2634 2224 2706 τὴν
2254 2634 2431 2706 σάρκα
2459 2631 2770 2687 ἀναλαϐεῖν.
2797 2629 2997 2684 Τοῦτον
3016 2628 3074 2682 δὲ
3090 2624 3229 2682 εἶναι
3256 2620 3466 2697 Ἰησοῦν
3481 2622 3721 2696 Χριστὸν

2125 2729 2154 2781 6
2182 2727 2344 2790 αὐτὸς
2381 2724 2701 2787 Ἀπόστολος
2731 2723 3042 2795 παρέστησε
3057 2720 3255 2792 φήσας,
3296 2712 3404 2783 Εἷς
3436 2716 3608 2783 Θεὸς,
3631 2709 3721 2781 εις

2126 2818 2225 2874 καὶ
2239 2818 2493 2889 μεσίτης
2513 2816 2662 2872 Θεοῦ
2687 2816 2785 2870 καὶ
2799 2813 3142 2882 ἀνθρώπων,
3155 2812 3469 2880 ἄνθρωπος
3481 2806 3727 2876 Ἰησοῦς

2124 2908 2394 2977 Χριστός.
2420 2906 2534 2960 Εἶτ’
2585 2901 2680 2960 οὖν
2733 2906 2792 2972 ἐξ
2838 2903 3001 2959 αὐτοῦ
3032 2900 3323 2976 προσώπου
3360 2899 3582 2968 λέγοιτο
3616 2916 3723 2953 πα-

2127 3001 2196 3072 ρὰ
2216 3000 2420 3064 Μωσεῖ,
2443 2997 2506 3052 τὸ
2544 2995 2689 3066 Ἐγώ
2723 3000 2841 3066 εἰμι
2876 2999 2909 3051 ό
2944 2995 3050 3063 ὢν,
3078 2994 3178 3050 εἷθ’
3206 2993 3235 3047 6
3264 2988 3453 3063 Πατὴρ
3476 2986 3571 3063 ἦν,
3601 2992 3632 3045 6
3653 2990 3722 3047 δι’

2124 3089 2288 3143 αὑτοῦ
2315 3088 2518 3161 ταύτην
2546 3087 2868 3160 προϊέμενος
2898 3086 3000 3158 τὴν
3032 3084 3237 3155 φωνὴν,
3274 3087 3557 3157 ἑκατέρως
3588 3083 3722 3155 ἀλη-

457 3143 679 3198 modum
710 3143 827 3213 ipse
849 3154 1018 3211 retur,
1054 3145 1367 3217 syllogismo
1406 3147 1496 3201 ubi
1527 3146 1718 3202 scribit
1751 3145 1841 3217 [Β.
1866 3144 2023 3203 LVlll

2135 3179 2279 3234 θεύοι
2329 3179 2402 3234 ἂν
2429 3143 2670 3247 δ’λάγὲς.
2709 3143 2818 3250 ’Μὴ
2847 3143 2923 3248 ’δὴ
2955 3143 3057 3231 ἒ.δᾴ
3089 3143 3366 3246 ἀπορείτω
3395 3143 3722 3249 negaui.

458 3233 586 3290 coll.
615 3251 668 3306 p.
702 3235 807 3291 150
832 3234 897 3308 1)]
929 3254 940 3289 :
975 3236 1303 3303 «Quemnam
1325 3236 1436 3304 iam
1451 3237 1728 3293 existimat
1756 3252 1875 3295 esse
1905 3255 2028 3295 eum

463 3343 484 3378 ι
522 3315 788 3390 Asterius,
817 3327 909 3397 qui
930 3327 1085 3392 dixit,
1114 3327 1226 3397 Ego
1255 3345 1372 3382 sum
1399 3329 1425 3383 .9
1469 3328 1739 3386 Filiumne
1761 3373 1777 3397 ,
1827 3348 1896 3388 an
1926 3331 2029 3387 Pa-

461 3435 483 3470 ‹
522 3428 656 3474 trem
687 3419 711 3473 ?
760 3419 1004 3475 inferens
1037 3420 1231 3475 deinde
1277 3437 1292 3475 :
1349 3421 1409 3477 Si
1448 3421 1667 3492 quidem
1709 3422 1874 3479 Pater
1909 3435 2029 3480 erat

461 3528 483 3561 ι
519 3509 608 3578 qui
638 3509 720 3565 sic
746 3509 1044 3580 inquiebat,
1077 3512 1190 3580 Ego
1218 3527 1372 3577 sum,
1426 3523 1537 3567 tum
1589 3529 1693 3569 non
1730 3525 1816 3571 est
1859 3514 2030 3571 Filius

460 3620 481 3653 ε
527 3602 687 3666 Deus,
723 3601 867 3672 quod
898 3617 964 3656 cx
993 3603 1241 3672 opposito
1263 3641 1280 3668 ,
1308 3600 1432 3658 Non
1460 3606 1756 3659 exsistentis
1781 3645 1798 3670 ,
1857 3608 1926 3663 de
1969 3621 2029 3662 se

461 3711 482 3745 ι
523 3693 678 3760 dixit,
717 3691 828 3763 Ego
854 3709 995 3748 sum.
1046 3692 1102 3747 Si
1152 3693 1349 3749 Filium
1382 3695 1658 3767 hypostasi
1689 3697 2027 3754 differenten:

461 3804 482 3838 ι
520 3790 624 3845 hoc
646 3790 820 3858 ipsum
841 3789 1130 3859 protulisse
1158 3790 1325 3854 dicat,
1358 3787 1472 3859 Ego
1502 3806 1644 3857 sum,
1676 3791 1818 3846 idem
1839 3806 2030 3847 rursus

460 3902 480 3936 ι
522 3882 593 3940 de
651 3883 815 3944 Patre
880 3901 1176 3955 usurpasse
1252 3886 1678 3942 existimabitur.
1739 3906 1760 3938 ι
1822 3886 2026 3943 Horum

455 3975 775 4044 utrumlibet
805 3975 953 4031 dicat
975 3978 1200 4048 impium
1226 3986 1313 4032 est
1347 3995 1361 4032 :
1395 3988 1447 4033 et
1486 3986 1666 4033 tamen
1699 3979 1815 4034 haec
1843 3979 1917 4034 ita
1936 3979 2027 4035 ubi

455 4075 762 4131 statuerat,
811 4067 1131 4123 alterutrum
1183 4070 1300 4138 ipse
1361 4070 1412 4124 in
1466 4071 1758 4126 absurdum
1813 4072 2025 4142 incidit,

453 4163 626 4211 unum
671 4158 797 4213 dum
820 4160 1010 4214 statuit
1041 4174 1163 4216 esse
1191 4175 1315 4215 eum
1372 4162 1479 4228 Qui
1505 4173 1607 4230 est,
1644 4162 1875 4219 alterum
1912 4178 2030 4234 per-

455 4263 683 4319 negans.
710 4249 879 4317 Quem
921 4266 1052 4308 vero
1098 4255 1359 4308 tandem?
1413 4253 1555 4310 forte
1594 4257 1710 4327 ipse
1757 4257 1926 4312 novit.
1966 4256 2026 4313 Si

452 4341 671 4399 Patrem
719 4343 993 4409 admittat,
1052 4344 1271 4414 negabit
1301 4344 1498 4401 Filium
1559 4364 1573 4401 :
1638 4358 1733 4402 aut
1767 4347 1903 4403 Filio
1931 4349 2028 4403 ad-

451 4434 619 4489 misso
643 4474 661 4502 ,
701 4434 1027 4490 annihiiabit
1074 4435 1314 4499 Patrem.
1353 4436 1449 4492 Vel
1491 4438 1669 4508 potius
1708 4454 1887 4509 neque
1918 4439 2024 4496 Pa-

2133 3269 2475 3343 συλλογισμῷ
2517 3268 2820 3342 χρώμενος,
2875 3268 2952 3331 ὡς
3007 3267 3201 3333 οῐεται,
3252 3267 3507 3339 ἀφύκτῳ,
3561 3266 3632 3319 δι’
3660 3257 3723 3318 ὦ

2129 3380 2284 3434 φησι,
2308 3381 2325 3414 ‹
2350 3362 2484 3416 Τίνα
2500 3361 2677 3415 τοίνυν
2696 3359 2787 3414 τὸν
2815 3358 2955 3428 Ἐγώ
2974 3360 3092 3429 εἰμι
3117 3362 3152 3413 o’
3172 3359 3258 3412 ὢν
3274 3359 3503 3430 λέγοντα
3531 3356 3723 3411 ’Δοτέ-

2135 3473 2153 3505 ι
2193 3470 2304 3524 ριος
2329 3447 2468 3506 εἶναι
2493 3453 2663 3505 οῐεται
2686 3467 2701 3515 ;
2726 3449 2817 3502 τὸν
2842 3447 2972 3502 Υίὸν
3002 3448 3035 3520 ἢ
3063 3447 3158 3503 τὸν
3185 3449 3438 3521 Πατέρα;
3465 3442 3571 3501 εἷθ’
3592 3446 3723 3517 ἑξῆς

2134 3560 2153 3593 ι
2193 3541 2459 3611 συνάγων,
2512 3536 2589 3604 ὡς
2628 3540 2678 3592 εί
2715 3539 2812 3610 μὲν
2864 3539 2893 3591 6
2931 3537 3122 3610 Πατὴρ
3160 3539 3245 3611 εῐη
3292 3540 3322 3593 6
3356 3538 3454 3605 ὣν,
3492 3539 3604 3593 οὐκ
3645 3528 3722 3591 ἔτ’

2135 3653 2153 3685 ‹
2195 3632 2342 3686 ἔσται
2369 3634 2397 3685 6
2412 3631 2539 3695 Υἱὸς
2564 3631 2718 3696 Θεὸς,
2750 3632 2832 3685 ὅτι
2850 3632 2968 3686 κατ’
2985 3632 3392 3704 ἀντιδιαστολὴν
3416 3631 3513 3687 τοῦ
3534 3630 3613 3704 μὴ
3631 3632 3722 3684 δν-

2136 3745 2155 3778 (
2193 3742 2303 3789 τος,
2340 3725 2369 3778 6
2406 3723 2480 3779 ὢν
2506 3722 2699 3776 ἑαυτὸν
2739 3718 2881 3778 εἶναί
2919 3740 3104 3794 φησιν.
3135 3724 3200 3778 Ei
3235 3723 3293 3777 δὲ
3324 3724 3436 3796 (19)
3461 3724 3560 3777 τὸν
3593 3725 3727 3778 Υἱὸν

2135 3835 2154 3868 s
2195 3815 2490 3869 ὑποστάσει
2515 3814 2843 3886 διῃρημένον
2870 3813 3029 3868 τοῦτο
3050 3815 3249 3885 φάσκοι
3274 3814 3454 3884 λέγειν
3480 3815 3547 3868 τὸ
3581 3815 3726 3886 Ἐτώ

2134 3925 2153 3958 ‹
2190 3910 2307 3977 είμι
2326 3910 2359 3961 ό
2382 3904 2488 3969 ὢν,
2519 3905 2713 3959 ταύτὸν
2736 3900 2890 3971 αὖθις
2911 3906 3040 3978 περὶ
3058 3905 3154 3959 τοῦ
3180 3906 3395 3977 Πατρὸς
3417 3905 3606 3976 λέγειν
3631 3925 3723 3961 νο-

2134 4018 2153 4051 (
2199 3997 2542 4071 μισθήσεται.
2579 4016 2597 4049 ι
2652 3997 2943 4070 Ἑκάτερον
2974 3999 3034 4053 δὲ
3057 3997 3260 4053 τούτων
3281 3998 3497 4063 ἀσεϐές.
3528 3999 3724 4055 Ταῦτα

2127 4090 2184 4144 δὲ
2226 4089 2399 4157 λέγων
2442 4089 2471 4142 6
2506 4088 2688 4154 αὐτὸς,
2728 4089 2971 4162 ἑκατέρῳ
3016 4090 3437 4161 περιπέπτωκεν
3484 4092 3717 4164 ἀτόπῳ·

2126 4180 2225 4235 ἕνα
2252 4180 2352 4252 μὲν
2379 4178 2693 4252 ὁριζόμενος
2725 4175 2863 4234 εἶναι
2892 4180 2984 4234 τὸν
3001 4181 3151 4247 ὄντα,
3174 4180 3403 4254 θάτερον
3432 4182 3493 4236 δὲ
3519 4183 3723 4255 ἀρνου-

2131 4291 2310 4345 μενος.
2347 4273 2455 4327 Καὶ
2485 4272 2604 4327 τίνα
2635 4271 2824 4327 τοῦτον
2846 4272 3009 4339 αὐτὸς
3047 4274 3113 4330 ἂν
3146 4275 3314 4346 εἰδείη
3336 4291 3352 4340 ;
3378 4275 3444 4328 Ei
3478 4275 3596 4349 γὰρ
3628 4277 3719 4331 τὸν

2127 4366 2347 4438 Πατέρα
2388 4364 2535 4430 δοὺς,
2569 4363 2662 4418 τὸν
2690 4364 2819 4418 Υἱὸν
2847 4366 3143 4437 ἀρνήσεται
3162 4384 3177 4398 ο
3207 4366 3243 4439 ἢ
3264 4367 3358 4420 τὸν
3385 4367 3521 4421 Υίὸν
3553 4370 3718 4439 μόνον

2050 4487 2104 4548 D
2129 4455 2592 4548 παραδεξάμενος,
2616 4456 2872 4548 ἀθετήσει
2899 4456 2991 4548 τὸν
3014 4457 3255 4529 Πατέρα⁸
3285 4458 3487 4529 μᾶλλον
3508 4459 3571 4513 δὲ
3591 4458 3717 4513 οὔτε

454 4539 591 4584 trem
627 4528 870 4598 posuisse
903 4544 1078 4598 neque
1102 4527 1299 4583 Filium
1324 4529 1691 4596 convincetur,
1714 4546 1836 4586 cum
1855 4547 2022 4588 unum

2135 4527 2369 4620 Πατέρα,
2400 4546 2524 4602 οὔτε
2548 4547 2676 4603 Υίὸν
2697 4546 2853 4612 εἰδὼς
2877 4527 3296 4621 ἐλεγχθήσεται,
3315 4550 3415 4604 ἕνα
3437 4550 3607 4621 μόνον
3633 4551 3717 4604 δι-

450 4619 625 4675 solum
648 4620 918 4687 admittat,
953 4619 1184 4675 alterum
1213 4630 1485 4678 amoveat.
1530 4621 1821 4692 Utcunque
1853 4625 2020 4680 Deum

2135 4619 2289 4704 δοὺς,
2310 4640 2399 4695 τὸν
2425 4640 2484 4694 δὲ
2521 4640 2705 4713 ἕτερον
2729 4639 2968 4694 ἐκποδὼν
3002 4619 3261 4713 μεθιστὰς
3278 4659 3293 4672 '
3324 4619 3635 4717 navatam?!)
3656 4642 3715 4697 δὲ

449 4713 634 4767 audiat
654 4712 947 4775 dicentem,
970 4711 1083 4780 Ego
1104 4710 1361 4767 Dominus
1398 4713 1537 4767 Deus
1572 4723 1715 4781 tuus,
1740 4717 1834 4786 qui
1860 4718 2020 4773 eduxi

2135 4731 2376 4799 λέγοντος
2406 4732 2499 4786 τοῦ
2531 4710 2689 4800 Θεοῦ,
2726 4731 2869 4803 Ἐγὼ
2900 4710 3114 4802 Κύριος
3134 4738 3168 4788 ό
3185 4737 3332 4802 Θεός
3366 4749 3512 4800 σου,
3546 4740 3582 4791 ὁ

448 4814 500 4860 te
534 4805 600 4858 de
646 4816 788 4859 terra
817 4802 1069 4874 zEgypti,
1099 4805 1165 4860 de
1199 4806 1353 4861 domo
1393 4808 1698 4874 servitutis,
1728 4826 1831 4863 non
1867 4818 2022 4866 erunt

2135 4821 2429 4893 ἐξαγαγών
2448 4838 2522 4877 σε
2539 4824 2609 4878 ἐκ
2635 4821 2750 4894 γῆς
2763 4802 3085 4893 Αἰγύπτου,
3112 4826 3182 4892 ἐξ
3202 4826 3374 4881 οῑκου

446 4898 542 4953 tibi
573 4899 650 4953 dii
667 4898 764 4952 alii
792 4914 973 4953 coram
1003 4914 1086 4953 me
1104 4899 1151 4930 "
1183 4915 1196 4952 :
1224 4912 1292 4954 ne
1313 4899 1692 4970 conturbetur,
1711 4918 1810 4960 nec
1837 4914 2019 4963 mente

2135 4916 2238 4969 οὐκ
2258 4915 2504 4970 ἔσονταί
2534 4931 2633 4970 σοι
2653 4914 2776 4972 θεοί
2796 4915 2984 4987 ἕτεροι
3002 4916 3170 4987 πλὴν
3188 4917 3358 4987 ἐμοῦ.
3386 4918 3565 4977 Πάλιν
3589 4922 3713 4975 κάν·

514 5089 934 5167 »Ιηβςὶᾼξειι-ἰςη
959 5107 1084 5167 pag.
1117 5095 1240 5167 158.
1316 5096 1361 5128 ⁸⁸
1387 5096 1555 5167 Exod.
1589 5111 1668 5167 vi,
1690 5097 1744 5161 2,
1772 5100 1827 5154 5.
1902 5100 1950 5133 ⁸⁸
1981 5102 2023 5157 (ι

2150 5118 2307 5166 xvm,
2348 5104 2402 5158 1.
2475 5104 2521 5136 ⁸⁷
2552 5101 2709 5159 Joan.
2740 5117 2859 5167 vm,
2881 5101 2971 5158 56.
3046 5103 3095 5136 ⁸⁸
3126 5104 3255 5162 ibid.
3282 5104 3375 5163 48.
3454 5108 3503 5141 ⁸⁸
3531 5107 3706 5165 Galat.

445 5173 530 5223 ιιι,
580 5161 665 5224 19,
699 5161 794 5216 20.
887 5162 979 5216 “1
1011 5161 1247 5220 'l‘imotb.
1278 5180 1339 5230 ii,
1366 5166 1421 5223 5.
1494 5166 1540 5198 "
1585 5161 1757 5225 Exod.
1791 5184 1875 5237 ιιι,
1900 5169 1987 5226 14.

2158 5161 2332 5232 Exod.
2370 5190 2467 5240 xx,
2493 5174 2552 5242 2,
2581 5173 2652 5241 5;
2682 5161 2860 5229 Levit;
2887 5189 2998 5240 nx,
3020 5173 3111 5230 56.

516 5314 628 5402 (ἔξ)
653 5314 824 5402 Ῡέηδθ
846 5315 1035 5402 eam
1058 5319 1314 5402 τιξἈῆρ-
1331 5320 1524 5402 ’τιτῷ
1556 5323 1651 5402 ἰς-
1681 5395 1707 5402 _

2135 5327 2255 5382 alibi
2283 5329 2423 5402 hanc
2466 5328 3006 5402 interpretationem;
3044 5345 3150 5402 non
3180 5331 3415 5387 habetur
3439 5334 3582 5387 inter
3614 5350 3709 5391 eas

517 5371 631 5472 (‘12,).
669 5371 814 5454 6861c
992 5371 1079 5472 'ln‘r
1103 5371 1769 5472 biinbidijndkﬂiam,
1802 5405 2017 5472 recte_:

2135 5414 2260 5472 quas
2290 5371 2785 5472 [inultas-congessit
2805 5371 3601 5470 ετιῖιίίιῖεείιῐῖυέἶίξιῖδοιίέίυῖι,

446 5456 871 5538 legendumertgi
893 5457 1258 5538 hie._6_ebq_tbv
1286 5459 1688 5538 αρτῶν,⁹υρᾷς,
1715 5456 1843 5536 non,
1877 5477 1935 5523 ut
1964 5468 2020 5523 iu

2135 5456 2439 5538 luan.vm,
2465 5469 2551 5523 56.
2571 5456 2641 5522 ΜῘ

445 5526 632 5613 codice
661 5528 786 5613 fuit,
818 5528 915 5581 ὢν.
945 5530 1122 5613 Age?»
1147 5531 1301 5603 ὁρᾷς.
1324 5530 1393 5584 Μ.
1568 5526 1582 5534 ’
1613 5526 1630 5531 “
1649 5526 1685 5533 ’⁷
1829 5526 1841 5536 ’

2196 5537 2309 5613 (L7)
2328 5526 2700 5613 Συάςίστῃσιν
2750 5542 2789 5613 (ξ
2804 5609 2817 5613 _
2835 5541 3037 5611 νότος.
3081 5538 3285 5610 Nempe
3312 5544 3461 5613 quod
3496 5543 3703 5604 locutus

521 5594 633 5676 ξιξ)
661 5595 963 5676 vniam»-
1003 5599 1082 5653 δέ.
1182 5594 1194 5603 ·
1223 5594 1267 5602 ’ί

2135 5594 2213 5663 δεῖ
2237 5594 2397 5666 Deus,
2435 5594 2590 5676 Ἐγάί
2608 5609 2743 5676 είμι.
2772 5594 2876 5676 Μξ.

523 5664 637 5746 (ἓξ.)
670 5666 808 5746 Ἀλλ’
837 5669 1028 5746 52W-

2200 5677 2311 5746 (18)
2344 5664 2467 5730 Mss.
2504 5664 2533 5729 ὅ
2562 5678 2619 5730 δὲ
2638 5664 2769 5742 Θεὸς
2790 5675 2871 5743 εἷς
2894 5678 3061 5732 ἔστιν.

525 5731 1025 5822 έέἶῗ.).ὶ’·¹⁹εθηξή·’.
1146 5812 1238 5822 ..
1410 5812 1449 5822 -.

2343 5745 2510 5822 Χιιίεο
2535 5747 2597 5818 δή
2617 5787 2631 5810 ,
2671 5731 2789 5822 uuis
2824 5731 2978 5820 vulgo
3000 5731 3328 5822 ἀρνήσηται.

521 5802 633 5872 (ιδ)
661 5803 785 5857 Ἵνα
839 5802 937 5875 mil
970 5807 1081 5878 τὴν
1128 5812 1375 5880 ἡμέραν.
1406 5812 1521 5868 Non
1569 5818 1786 5872 memini
1835 5817 2022 5870 lea/iss"

2203 5802 2314 5867 iam
2344 5802 2510 5872 νιιιὲιι
2543 5802 2650 5873 υίιὶ.
2679 5819 2725 5871 ὁ.
