3828 6222
149 355 264 412 957

1083 350 1181 408 DE
1214 347 1758 408 ECCLESIASTICA
1788 344 2182 404 THEOLOGIA
2205 343 2336 402 LIB.
2375 341 2429 401 ll:

3305 337 3411 395 958

149 470 328 527 ταῦθα
361 469 444 544 μὴ
463 468 812 542 ταραττέσθω
831 467 930 540 τὴν
955 466 1155 539 ψυχὴν,
1183 465 1321 522 ἀλλὰ
1339 466 1435 521 καὶ
1467 464 1577 519 τῶν
1609 463 1737 535 ἑξῆς

1849 461 2098 533 trepidet,
2128 461 2224 517 sed
2263 458 2514 515 attendat
2541 471 2664 528 quae
2698 463 3001 527 sequuntur
3027 455 3230 513 statim.
3274 455 3410 510 Cum

152 563 516 634 συνημμένων
543 560 817 615 ἀκουέτωο
843 558 1012 613 εἰπὼν
1043 559 1173 630 γὰρ,
1213 560 1335 613 Οὐκ
1363 557 1610 612 ἔσονται
1637 571 1739 612 σοι

151 654 275 709 θεοί
335 653 522 731 ἕτεροι
566 652 734 720 πλὴν
764 650 931 722 ἐμοῦ,
988 650 1297 720 ἐπήγαγεν·
1341 650 1424 703 Οὐ
1463 646 1737 715 ποιήσεις

148 745 391 811 σεαυτῷ
402 744 514 816 (il)
527 743 799 808 εἴδωλον,
823 742 967 797 οὐδὲ
987 740 1215 807 παντὸς
1228 741 1511 811 ὁμοίωμα,
1534 740 1651 794 ὅσα
1669 740 1739 793 ἐν

149 834 234 901 τῷ
259 834 493 902 οὐρανῷ
512 834 655 901 ἄνω,
672 834 772 889 καὶ
784 832 903 888 ὅσα
923 833 994 888 ἐν
1016 833 1091 902 τῇ
1107 832 1184 903 τῇ
1213 833 1389 897 κάτω,
1413 832 1511 886 καὶ
1536 831 1655 886 ὅσα
1668 831 1739 886 ἐν

148 930 279 995 τοῖς
304 928 526 984 ὕδασιν
548 925 826 982 ὑποκάτω
852 924 966 996 τῆς
984 924 1118 995 γῆς.
1157 926 1240 980 Οὐ
1286 924 1739 993 προσκυνήσεις

148 1020 383 1088 αὐτοῖς,
397 1020 630 1092 οὐδὲμὴ
641 1019 993 1090 ,λατρεύσεις
1007 1015 1230 1082 αὐτοῖς,
1242 1013 1357 1086 ἐγὼ
1369 1014 1482 1085 γάρ
1495 1017 1613 1086 ειμι
1625 1016 1741 1070 Κύ-

144 1132 284 1188 ριος
309 1113 343 1168 ὁ
369 1113 515 1178 Θεόζι
538 1126 677 1177 σου,
731 1112 948 1180 Κύριος
968 1107 1253 1178 ζηλωτής.
1290 1108 1451 1180 Ὁρᾷς
1477 1109 1625 1172 ὅπως
1657 1107 1736 1162 διο

151 1206 436 1260 εστέλλετο
452 1205 583 1277 (22),
592 1204 667 1277 μὴ
682 1206 749 1276 τῇ
769 1202 876 1257 τῶν
892 1201 1060 1258 ἐθνῶν
1075 1201 1324 1272 πολυθέῳ
1342 1201 1520 1275 πλάνῃ
1534 1218 1740 1255 συναπ-

151 1297 408 1367 άγεσθαι,
433 1298 592 1368 μόνον
619 1296 678 1350 δὲ
705 1295 866 1350 αὐτὸν
891 1294 1088 1350 εἰδέναι
1113 1294 1246 1347 Θεὸν
1268 1295 1363 1348 καὶ
1390 1292 1614 1365 Κύριον.
1644 1293 1739 1356 Τίς

151 1390 202 1445 δ’
232 1385 328 1444 οῦν
369 1382 559 1455 οῦτος;
597 1389 656 1443 '0
676 1387 804 1452 Υἱὸς
821 1387 918 1459 τὴν
942 1387 1127 1441 εἰκόνα
1155 1386 1248 1441 τοῦ
1270 1386 1496 1456 ’Πατρὸς
1515 1384 1656 1456 ἔχων
1678 1385 1738 1438 ὲν

153 1481 357 1554 ἑαυτῷ,
392 1481 450 1548 ἐξ
482 1478 793 1543 αὑθεντείας
830 1496 890 1531 τε
926 1476 1092 1532 αὐτοῦ
1134 1479 1248 1541 τοῖς
1296 1475 1738 1548 εἰδωλολατρείαν

152 1573 375 1628 νοσοῦσι
407 1570 579 1626 ταῦτα
605 1570 1039 1640 διαταττόμενος.
1081 1568 1169 1632 Ὠς
1195 1568 1303 1642 γὰρ
1336 1568 1513 1622 πάντα
1540 1566 1607 1621 δι’
1642 1566 1740 1620 αὐ-

154 1664 255 1719 τοῦ
280 1663 516 1734 ἐγένετο,
546 1661 639 1716 τοῦ
658 1660 873 1733 Πατρὸς
897 1659 984 1714 διὰ
1008 1659 1103 1714 τοῦ
1126 1660 1377 1733 Σωτῆρος
1395 1658 1494 1731 τὴν
1511 1658 1620 1713 τῶν
1642 1675 1739 1728 γε-

154 1754 338 1826 νητῶν
380 1753 638 1809 ἁπάντων
685 1752 881 1807 οὐσίαν
910 1750 1021 1825 (25)
1065 1749 1534 1823 ὐποστησαμένου,
1565 1748 1739 1813 οὕτως

155 1845 324 1909 αὐτὸς
349 1840 416 1916 ἦν
442 1846 471 1899 ὁ
503 1844 692 1915 Πατὴρ
720 1843 818 1914 τὴν
847 1843 928 1907 είς
946 1842 1109 1896 αὐτὸν
1139 1841 1340 1912 γνῶσίν
1367 1859 1428 1896 τε
1458 1842 1552 1896 καὶ
1578 1840 1736 1895 εὐσέ-

156 1935 315 1989 ϐειαν
349 1934 439 1989 διὰ
485 1933 703 2005 μεσίτου
751 1931 845 1985 τοῦ
880 1932 1011 1986 Υίοῦ
1044 1931 1370 2004 παραδιδοὺς
1408 1930 1734 2002 ἀνθρώποις.

158 2027 346 2081 Τοῦτο
376 2026 434 2081 δὲ
463 2027 560 2080 καὶ
586 2028 615 2080 ὁ
657 2024 982 2089 Ἀπόστολος
1014 2025 1198 2088 αὐτοῖς
1229 2024 1437 2096 ῥήμασι
1472 2021 1740 2086 Γαλάταις

156 2118 390 2191 γράφων
413 2116 678 2182 ἐδίδασκε,
702 2116 768 2171 δι’
793 2111 869 2172 ὧν
895 2116 1001 2188 ἔφη
1016 2132 1032 2148 ο
1068 2117 1122 2169 Ὁ
1147 2115 1332 2185 νόμος
1347 2113 1643 2183 διαταγεὶς
1663 2113 1738 2168 δι’

156 2211 436 2283 ἀγγέλων
461 2210 531 2264 ἐν
567 2207 716 2279 χειρὶ
738 2209 992 2278 μεσίτου
1010 2225 1028 2241 ι
1047 2211 1081 2263 ὁ
1103 2206 1173 2261 δὲ
1187 2206 1439 2277 μεσίτης
1466 2204 1605 2271 ἐνὸς
1626 2207 1740 2260 οὐκ

156 2303 338 2358 ἐστιν
353 2319 369 2333 ·
398 2302 432 2355 ὁ
457 2300 525 2355 δὲ
546 2298 692 2365 Θεὸς
716 2293 806 2366 εἴς
830 2299 1005 2355 ἐστιν
1025 2298 1161 2371 (24).
1187 2298 1312 2353 Κᾶν
1333 2297 1467 2371 λέγῃ
1484 2314 1500 2329 ο
1529 2297 1738 2362 Ἴδετε,

156 2393 258 2450 ὅτι
291 2392 404 2464 ἐγώ
433 2394 569 2464 ειμι,
605 2394 704 2448 καὶ
735 2394 846 2448 οὐκ
866 2392 999 2447 ἔστι
1027 2390 1173 2457 Θεὸς
1218 2390 1388 2460 πλὴν
1433 2389 1600 2461 ἐμοῦ,
1636 2389 1743 2444 πά-

155 2485 250 2541 λιν
278 2485 308 2538 ὁ
341 2483 528 2556 Πατὴρ
554 2478 645 2555 ἦν,
674 2483 750 2548 ὡς
777 2480 866 2536 διὰ
893 2481 1099 2546 εἰκόνος
1125 2481 1220 2535 καὶ
1252 2481 1493 2552 μεσίτου,
1525 2480 1616 2536 διὰ
1644 2480 1739 2536 τοῦ

157 2576 300 2632 Υίοῦ
316 2575 473 2630 τοῦτο
488 2575 714 2645 φάσκων
733 2591 749 2605 ο
763 2574 825 2629 οὐ
836 2573 943 2646 γὰρ
953 2572 1017 2646 δὴ
1030 2573 1277 2643 λέγοντος
1295 2573 1393 2645 μὲν
1405 2571 1626 2627 Ἡσαΐου
1646 2571 1741 2627 τοῦ

158 2667 470 2740 προφήτου,
506 2666 681 2735 Υὶοὺς
725 2666 1027 2738 ἐγέννησα
1049 2666 1147 2720 καὶ
1176 2665 1414 2735 ὕψωσα,
1440 2666 1535 2720 καὶ
1559 2665 1739 2732 πάλιν,

170 2759 418 2829 Ἰσραὴλ
433 2759 500 2815 δέ
523 2775 601 2830 με
624 2762 737 2815 οὐκ
768 2761 941 2831 ἔγνω,
966 2758 1063 2814 καὶ
1102 2760 1136 2813 ὁ
1169 2759 1321 2825 λαός
1343 2776 1419 2830 με
1450 2761 1522 2814 οὐ
1549 2757 1745 2828 συνῆ-

158 2870 261 2920 κε,
300 2853 394 2907 καὶ
425 2848 598 2919 αὖθις,
655 2851 796 2923 Ἐγὼ
824 2849 973 2908 πᾶσι
1010 2852 1135 2919 τοῖς
1172 2851 1416 2922 ἄστροις
1448 2851 1743 2907 ἐνετειλά-

153 2960 310 3016 μην,
339 2943 450 3009 καὶ,
473 2941 553 3013 Τῇ
597 2942 751 3013 χειρί
788 2960 909 3014 μου
940 2942 1278 3012 ἐστερέωσα
1317 2942 1426 2997 τὸν
1458 2941 1740 3011 οὐρανὸν,

159 3033 265 3088 καὶ
295 3034 394 3088 ὅσα
430 3034 563 3089 ἄλλα
587 3033 830 3103 τοιαῦτα,
865 3034 926 3087 οὐ
962 3034 1055 3089 τὸν
1097 3034 1326 3090 Ἡσαΐαν
1363 3034 1535 3089 ταῦτα
1565 3034 1745 3104 λέγειν

1839 554 1988 610 enim
2023 553 2236 611 dixerat
2264 591 2281 616 ,
2338 549 2467 606 Non
2510 558 2663 605 erunt
2710 549 2807 602 tibi
2847 548 2926 602 dii
2951 546 3047 602 alii
3085 556 3280 618 praeter
3307 564 3411 613 me,

1840 644 2146 709 subintulit,
2182 641 2311 697 Non
2340 642 2500 711 {acies
2531 640 2626 694 tibi
2656 638 2857 693 idolum
2881 678 2898 705 ,
2925 654 3088 709 neque
3117 654 3318 693 omnem
3340 642 3414 693 si-

1840 736 2194 792 militudinem
2225 750 2404 790 eorum
2432 747 2549 803 quae
2577 738 2705 787 sunt
2732 731 2788 784 in
2813 729 2942 785 caelo
2982 746 3211 796 sursum,
3244 740 3336 783 aut
3357 730 3415 784 iu

1840 841 1982 886 terra
2013 829 2284 894 deorsum,
2316 835 2410 881 aut
2430 841 2549 896 qua:
2583 824 2782 879 suntin
2815 823 2965 889 aquis
2993 823 3412 887 subter‘terram;

1840 937 1946 975 non
1975 919 2222 973 adorabis
2252 917 2370 984 illa,
2409 932 2514 971 non
2538 915 2790 971 inservies
2820 913 2951 978 illis,
2985 912 3098 984 Ego
3130 913 3272 968 enim
3295 929 3415 967 sunt

1839 1013 2102 1068 Dominus
2139 1009 2283 1065 Deus
2327 1020 2482 1075 tuus,
2515 1008 2656 1063 Deus
2687 1006 2878 1062 zelotes
2904 1006 2973 1063 ⁵³.
3005 1004 3168 1062 Vides
3188 1012 3249 1059 ut
3274 1018 3413 1076 prae-

1839 1099 2046 1172 ceperit
2071 1099 2123 1155 id
2148 1099 2344 1165 solum,
2376 1113 2447 1159 ne
2472 1098 2541 1153 ab
2566 1111 2755 1153 errore
2786 1095 3074 1167 gentilitio,
3096 1097 3164 1152 de
3185 1095 3413 1150 deorum

1840 1193 2208 1258 multitudine,
2266 1191 2667 1247 abducerentur
2694 1228 2710 1254 ,
2745 1189 2844 1244 sed
2877 1188 3050 1244 solum
3102 1186 3278 1258 ipsum
3308 1186 3414 1242 Do-

1841 1285 2046 1340 minum
2081 1294 2243 1353 atque
2277 1283 2442 1338 Deum
2501 1287 2881 1351 agnoscerent.
2932 1277 3065 1347 Quis
3111 1286 3231 1333 erat
3262 1276 3414 1332 iste?

1840 1392 2034 1448 nempe
2059 1376 2230 1432 Filius
2267 1374 2440 1430 Patris
2492 1373 2781 1443 imaginem
2830 1371 2884 1426 in
2928 1384 2987 1425 se
3034 1369 3239 1425 habens
3271 1387 3289 1422 :
3320 1369 3413 1439 qui

1840 1483 1940 1539 pro
1990 1482 2087 1523 sua
2138 1482 2299 1537 quam
2357 1465 2544 1520 habuit
2576 1463 2918 1536 _auctoritate
2967 1462 3267 1518 idololatris
3307 1462 3414 1517 ista

1840 1557 1896 1614 in
1949 1558 2219 1612 mandatis
2268 1556 2437 1611 dedit.
2495 1555 2629 1609 Nam
2698 1561 2758 1607 ut
2808 1552 2992 1608 omnia
3040 1551 3201 1607 Pater
3248 1549 3413 1607 fecis-

1840 1665 1902 1707 se
1956 1649 2154 1705 dicitur
2215 1661 2312 1717 per
2380 1644 2724 1703 Servatorem
2757 1684 2772 1709 ,
2830 1642 2924 1711 qui
2988 1640 3226 1710 suscepit
3281 1654 3413 1696 om-

1841 1743 1990 1796 nium
2045 1738 2401 1795 substantiam
2461 1750 2583 1806 qua:
2646 1742 3029 1803 generantur;
3092 1732 3170 1784 ita
3225 1740 3281 1785 et
3348 1735 3410 1794 »Β

1838 1834 1955 1903 ipse
1994 1831 2154 1886 Pater
2181 1827 2284 1884 fuit
2329 1828 2419 1899 qui
2466 1841 2564 1898 per
2622 1825 2818 1880 Filium
2859 1823 3256 1888 mediatorem,
3288 1821 3405 1891 pie-

1841 1934 2000 1979 tatem
2028 1932 2082 1978 et
2107 1923 2188 1978 sui
2224 1919 2587 1993 cognitionem
2621 1914 2935 1971 hominibus
2960 1909 3406 1968 communicavit.

1839 2016 1952 2072 Hoc
1982 2014 2203 2070 totidem
2236 2012 2432 2074 verbis,
2474 2009 2542 2065 ad
2572 2007 2800 2064 Galatas
2844 2005 3091 2061 scribens
3118 2001 3408 2072 Apostolus

1839 2106 2086 2169 docebat,
2118 2103 2228 2158 Lex
2259 2102 2506 2157 ordinata
2556 2116 2650 2172 per
2690 2097 2900 2169 angelos
2940 2097 2994 2151 in
3025 2109 3185 2148 manu
3211 2092 3415 2147 media-

1840 2196 1993 2250 toris.
2035 2193 2302 2248 Mediator
2335 2201 2511 2245 autem
2548 2190 2708 2244 unius
2744 2202 2848 2242 non
2881 2195 2957 2241 est
2997 2198 3017 2238 :
3065 2182 3207 2237 Deus
3241 2190 3416 2235 autem

1839 2304 1974 2342 unus
2020 2295 2094 2341 est
2138 2284 2205 2339 ⁸⁵.
2267 2283 2335 2338 Et
2373 2282 2500 2337 alibi
2523 2281 2619 2347 ait,
2696 2277 2871 2332 Videte
2937 2274 3074 2346 quod
3137 2288 3230 2343 ego
3274 2285 3415 2335 sum,

1839 2390 1889 2436 et
1918 2388 2108 2450 praeter
2146 2393 2227 2430 me
2265 2391 2368 2428 non
2397 2384 2474 2429 est
2512 2373 2651 2426 alius
2693 2369 2834 2424 Deus
2859 2368 2928 2422 ”.
2970 2366 3131 2421 Pater
3170 2364 3260 2418 hic
3296 2369 3418 2418 erat

1842 2473 1933 2544 qui
1967 2485 2063 2541 per
2102 2468 2321 2532 Filium,
2351 2476 2608 2536 tanquam
2638 2461 2930 2533 imaginem
2962 2467 3019 2513 et
3053 2454 3412 2511 mediatorem

1844 2543 1949 2621 ista
1983 2562 2161 2618 dixit:
2200 2574 2307 2614 non
2344 2556 2489 2613 enim
2532 2568 2656 2609 cum
2691 2551 2882 2607 Isaiam
2908 2546 3157 2603 audimus
3186 2543 3418 2615 prophe-

1845 2664 1951 2712 tam
1979 2654 2270 2716 dicentem,
2295 2646 2468 2702 Filios
2496 2645 2650 2715 genui
2682 2652 2732 2698 et
2761 2637 3089 2703 exaltani";
3120 2644 3174 2692 et
3195 2637 3418 2700 iterum,

1844 2745 2015 2802 Israel
2055 2745 2230 2798 autem
2258 2756 2339 2794 me
2370 2754 2473 2792 non
2504 2733 2765 2806 cognouit,
2791 2743 2840 2787 et
2871 2728 3094 2802 populus
3124 2741 3271 2781 meus
3313 2740 3420 2779 non

1845 2835 2096 2893 intellexit
2119 2835 2205 2902 l‘7;
2236 2839 2292 2888 et
2338 2843 2546 2893 rursus,
2591 2825 2846 2881 Omnibus
2889 2820 3150 2877 sideribus
3186 2834 3279 2889 ego
3319 2817 3421 2871 int-

1844 2930 2063 3002 peravi;
2097 2936 2171 2994 et,
2195 2942 2355 2979 manu
2380 2939 2495 2977 mea
2523 2918 2729 2991 ﬁrmavi
2762 2915 2950 2971 caelum
2969 2914 3039 2980 ⁵⁸,
3069 2922 3122 2968 et
3149 2926 3268 2982 qua:
3295 2919 3423 2966 sunt

1843 3021 2078 3088 similia;
2101 3034 2208 3075 non
2242 3017 2310 3072 ab
2327 3014 2461 3071 Isaia
2491 3013 2616 3080 ista,
2646 3011 2889 3079 inquam,
2921 3006 3133 3076 prolata
3151 3005 3418 3068 dicemus,

161 3128 438 3218 φήσομεν,
468 3126 535 3179 δι’
557 3126 721 3181 αὐτοῦ
760 3098 826 3181 δὲ.
861 3126 952 3181 τὸν
995 3127 1053 3181 ὲν
1097 3126 1246 3197 αὕτῷ
1280 3124 1546 3182 λαλοῦντα
1581 3098 1743 3182 Θεόψ

1849 3116 1943 3172 sed
1968 3129 1999 3168 a
2031 3115 2139 3169 Deo
2167 3128 2221 3167 In
2251 3111 2367 3181 ipso
2410 3109 2684 3177 loquente.
2715 3103 2981 3170 Quocirca
3011 3100 3187 3156 eritne
3231 3098 3421 3153 incon-

2101 3204 2134 3218 ιο
2182 3202 2194 3214 -
2235 3215 2281 3218 _-
2343 3200 2554 3218 nu._-_“
2602 3210 2700 3218 _-..
2739 3192 2928 3218 una...“
2980 3206 3136 3218 ...η-..ι
3173 3188 3416 3218 ...ιζηηηξν

160 3217 293 3287 οὐχὶ
320 3216 377 3270 δὲ
404 3217 498 3271 καὶ
527 3217 619 3270 ἐπὶ
651 3215 742 3271 τοῦ
785 3215 1105 3288 μονογενοῦς
1124 3215 1258 3270 Υίοῦ
1288 3214 1381 3271 τοῦ
1419 3215 1554 3270 Θεοῦ
1573 3257 1587 3282 ,
1613 3216 1748 3289 πρέ-

161 3325 265 3363 ποι
293 3306 359 3362 ἂν
385 3308 476 3361 τὸν
512 3307 729 3378 Πατέρα
747 3307 814 3361 δι’
840 3305 1006 3362 αὑτοῦ
1030 3306 1228 3379 χρῆναι
1256 3304 1431 3361 ταῦτα
1458 3306 1749 3380 διαμαρτύ-

168 3396 371 3471 ρασθαι
401 3399 512 3461 τοῖς
536 3397 644 3450 τῶν
680 3395 899 3450 τοιῶνδε
930 3394 1404 3468 παραγγελμάτων
1440 3394 1745 3465 δεομένοις;

165 3484 553 3558 εἰδωλολάτραι
580 3485 626 3539 δ’
651 3479 791 3558 ἦσαν
810 3478 975 3551 οὗτοι,
1008 3484 1085 3549 ὡς
1108 3485 1143 3556 ἠ
1172 3485 1311 3556 αὑτὴ
1338 3483 1579 3538 διδάσκει
1606 3483 1748 3557 Γρα-

167 3578 251 3649 φὴ
280 3577 533 3647 λέγουσα*
565 3578 676 3632 Καὶ
708 3572 830 3632 εἷπε
870 3576 1097 3649 Κύριος
1151 3594 1171 3628 ι
1199 3574 1311 3629 Ποῦ
1346 3575 1488 3629 εἰσιν
1539 3576 1589 3628 οῐ
1636 3573 1751 3628 θεοὶ

173 3689 197 3723 ε
243 3669 455 3737 αὐτῶν;
510 3672 596 3740 ἐφ’
641 3665 723 3734 οἷς
766 3668 1148 3722 ἐπεποίθεισαν
1199 3668 1285 3721 ἐπ’
1329 3668 1532 3731 αὐτοῖς,
1583 3658 1657 3720 ὧν
1688 3666 1752 3720 τὸ

175 3781 197 3814 ι
244 3761 409 3834 στέαρ
430 3760 541 3817 τῶν
574 3761 774 3816 θυσιῶν
803 3759 981 3814 αὐτῶν
1019 3759 1258 3830 ὴσθίετε,
1284 3759 1376 3813 καὶ
1409 3759 1622 3812 ὲπίνετε
1656 3757 1751 3812 τὸν

176 3872 197 3904 ι
241 3849 384 3906 οἶνον
434 3851 544 3906 τῶν
599 3851 840 3906 σπονδῶν
891 3850 1090 3907 αὐτῶν.
1162 3851 1596 3921 Ἀναστήτωσαν,
1656 3848 1753 3904 καὶ

176 3964 199 3997 s
255 3943 677 4016 βοηθησάτωσαν
721 3944 869 4013 ὑμῖν,
911 3943 1005 3997 καὶ
1036 3941 1423 4014 γενηθήτωσαν
1446 3938 1597 4012 ὑμῶν
1624 3955 1753 3994 σκε-

176 4054 201 4089 s
246 4035 470 4091 πασταί.
527 4056 547 4089 ›
602 4036 825 4101 Τούτοις
879 4035 989 4108 γὰρ
1048 4034 1316 4106 συνῆπται
1368 4031 1464 4100 τδ,
1495 4050 1515 4084 ι
1560 4032 1751 4097 Ἴδετε,

177 4147 200 4180 ι
240 4127 381 4181 ῐδετε
438 4127 524 4182 ὅτι
576 4127 688 4199 ἐγώ
748 4130 887 4201 ειμι,
955 4125 1050 4181 καὶ
1120 4125 1222 4180 οὐκ
1277 4122 1391 4179 ἐστι
1441 4123 1574 4189 Θεὸς
1615 4121 1755 4196 πλὴν

180 4239 201 4272 ι
246 4216 407 4292 ἐμοῦ.
455 4238 477 4273 ι

807 4312 965 4367 ΚΕΦ.
994 4311 1125 4368 ΚΒ’.

175 4408 312 4464 Ὀτι
336 4407 435 4462 καὶ
466 4407 536 4462 ἐν
563 4405 685 4472 τοῖς
710 4404 1165 4532 πιὲἓφήῆαιςηδιὰ
1192 4404 1298 4460 τοῦ
1328 4402 1466 4459 Υἱοῦ
1495 4407 1528 4459 ὁ
1552 4399 1758 4472 Πατὴρ

838 4493 903 4531 eo
945 4492 1156 4532 οτειτο.
1512 4514 1523 4531 .

838 4492 1156 4547 sonoram.
1512 4514 1523 4531 .

242 4568 369 4624 Κᾶν
386 4568 645 4641 μυριάκις
657 4566 835 4620 τοίνυν
856 4565 945 4619 διὰ
961 4565 1058 4618 τοῦ
1079 4565 1358 4639 προφήτου
1383 4562 1519 4634 βοῶν
1548 4564 1753 4635 φάσκῃ,

178 4661 358 4731 Πλὴν
382 4659 529 4731 ἐμοῦ
558 4661 671 4715 οὐκ
692 4659 825 4714 ἐστι
845 4658 1010 4725 Θεὸς,
1039 4658 1134 4712 καὶ
1159 4657 1327 4726 πλὴν
1340 4656 1487 4727 ἐμοῦ
1503 4658 1614 4711 οὐκ
1628 4655 1761 4710 ἐστι

174 4753 414 4820 δίκαιος
427 4751 527 4807 καὶ
545 4751 771 4820 Σωτὴρ,
815 4752 909 4805 καὶ
930 4750 1078 4805 Θεὸν
1108 4749 1277 4817 πλὴν
1288 4749 1434 4819 ἐμοῦ
1448 4751 1521 4804 οὐ
1536 4748 1761 4819 γνώσῃ,

176 4846 278 4900 καὶ
296 4844 500 4906 σώζων
527 4846 641 4900 οὐκ
670 4845 806 4899 ἔστι
829 4842 1022 4913 παρὲξ
1054 4842 1169 4914 (25)
1189 4842 1357 4912 ἐμοῦ,
1380 4843 1475 4896 καὶ
1507 4843 1607 4895 ὅσα
1627 4840 1763 4896 ἄλλα

173 4937 391 5000 τούτοις
431 4935 636 5006 ἀδελφὰ
672 4937 731 4991 ὲν
775 4938 887 5000 τοῖς
917 4934 1124 4999 λοιποῖς
1166 4934 1388 5005 φέρεται
1426 4934 1756 5006 προφήταις,

178 5029 332 5096 Θεὸς
348 5026 446 5101 ἦν,
468 5028 654 5093 καὶέξ
672 5012 907 5083 ἐκείνου
939 5027 1010 5081 ἐν
1034 5023 1264 5095 Χριστῷ
1289 5026 1520 5095 κόσμον
1534 5026 1759 5078 stata.)-

179 5121 441 5179 λάσσων
458 5120 676 5188 ἐαυτῷ,
695 5122 791 5176 καὶ
810 5120 974 5184 αὐτὸς
991 5115 1059 5191 ἦν
1089 5119 1120 5172 ὁ
1149 5117 1340 5190 Πατὴρ
1358 5116 1534 5171 ταῦτα
1548 5115 1639 5170 διὰ
1657 5114 1754 5169 τοῦ

182 5212 510 5287 μονογενοῦς
541 5212 697 5279 Υἱοῦ,
748 5208 836 5267 οἷα
866 5213 935 5267 δι’
959 5211 1261 5284 ἑρμηνέως,
1292 5207 1598 5281 ἀνθρώποις
1622 5207 1756 5260 ὑπο-

1848 3220 2042 3278 gruum
2083 3202 2311 3265 dixisse.
2342 3200 2558 3254 Patrem
2602 3210 2700 3266 per
2737 3192 2931 3249 Filium
2979 3206 3138 3247 suum
3173 3188 3422 3259 unigeni-

1848 3310 1959 3356 tum
1987 3298 2104 3354 haec
2136 3294 2489 3368 praelocutum
2521 3288 2795 3344 afﬁrmare
2848 3284 2987 3356 apud
3045 3297 3141 3338 eos
3176 3281 3268 3350 qui
3304 3280 3425 3336 istis

1846 3390 2159 3462 indigebant
2187 3385 2455 3442 mandatis
2497 3391 2554 3439 et
2602 3377 3098 3436 admonitionibus?
3127 3375 3297 3430 Erant
3326 3388 3423 3427 au-

1846 3488 1954 3537 tem
2003 3479 2146 3550 quod
2186 3484 2414 3532 testatur
2463 3471 2766 3540 Scriptura,
2803 3469 2856 3523 bi
2905 3465 3226 3522 idololatria.
3277 3462 3427 3517 Dixit

1847 3572 1990 3629 enim
2010 3568 2266 3625 Dominus
2297 3584 2314 3621 :
2353 3563 2453 3619 Ubi
2476 3570 2602 3618 sunt
2629 3560 2708 3614 dii
2732 3558 2945 3613 illorum
2970 3560 2995 3614 ἴ
3019 3556 3276 3627 inquibus
3301 3570 3429 3607 con-

1846 3661 2076 3732 ﬁdebant
2103 3697 2122 3726 ,
2164 3673 2387 3729 quorum
2441 3656 2506 3709 de
2566 3651 2841 3719 sacriﬁciis
2875 3649 3079 3718 adipem
3107 3644 3424 3711 comedistis,

1847 3763 1895 3810 et
1932 3753 2134 3807 bibistis
2171 3750 2347 3805 uinum
2378 3747 2443 3800 de
2470 3745 2637 3814 epulis
2697 3756 2921 3796 eorum:
2953 3746 3172 3808 surgant
3196 3745 3243 3790 et
3269 3735 3428 3805 adju-

1849 3857 1966 3904 oent
1996 3863 2105 3911 vos,
2156 3853 2205 3899 et
2235 3842 2366 3912 ﬁant
2401 3837 2781 3895 obumbracula
2832 3834 2974 3889 vobis
2999 3834 3065 3886 ".
3098 3829 3253 3888 Nunc
3275 3829 3427 3884 hisce

1851 3937 2033 3994 verbis
2064 3935 2285 3991 adunita
2339 3942 2500 3997 sunt,
2540 3928 2750 3995 Videte,
2795 3927 2959 3983 uidete
2989 3923 3128 3996 quod
3147 3938 3239 3993 ego
3274 3934 3424 3987 sum,

1851 4042 1899 4088 et
1935 4045 2040 4086 non
2069 4037 2146 4085 est
2181 4025 2319 4082 alius
2346 4034 2536 4095 prwter
2568 4036 2647 4076 me
2669 4020 2737 4076 °°.

2449 4292 2603 4351 CAP.
2645 4288 2814 4347 XXII.

1859 4392 2011 4460 Quod
2039 4390 2195 4447 etiam
2227 4388 2283 4443 in
2307 4384 2578 4509 prophetae
2608 4384 2769 4509 Zat’er
2793 4393 2884 4450 per
2900 4374 3100 4431 Filium
3124 4372 3265 4428 Deus
3291 4384 3430 4440 prm-

2562 4472 2608 4509 ιε
2668 4470 2698 4506 u
2737 4489 2752 4504 .

2562 4470 2752 4509 ιεωιιν.

1928 4555 2079 4611 Licet
2107 4566 2237 4622 ergo
2276 4547 2470 4603 millies
2507 4561 2602 4616 per
2631 4543 2947 4615 prophetam
2979 4536 3203 4597 clamet,
3233 4530 3435 4584 Prmter

1859 4664 1940 4704 me
1978 4662 2083 4703 non
2123 4653 2200 4701 est
2237 4643 2410 4707 Deus,
2455 4649 2511 4696 et
2556 4649 2749 4709 prwter
2788 4649 2869 4686 nte
2910 4646 3014 4685 non
3059 4636 3133 4682 est
3161 4625 3339 4695 justus
3383 4630 3433 4674 et

1862 4742 2128 4807 Servator,
2152 4749 2227 4805 et,
2254 4736 2422 4791 Deum
2450 4749 2552 4787 non
2580 4741 2857 4798 cognosces
2883 4730 3074 4793 prater
3098 4734 3201 4785 me,
3228 4725 3281 4771 et
3310 4712 3434 4807 Non

1861 4843 1940 4890 est
1968 4833 2060 4901 qui
2103 4804 2489 4899 seruetmrwter
2519 4837 2620 4889 me,
2645 4829 2699 4876 et
2727 4832 2846 4887 quae
2881 4815 2966 4870 bis
3004 4809 3323 4881 congeminat
3358 4804 3435 4860 io-

1864 4898 2057 4983 runtur
2083 4926 2136 4979 in
2169 4917 2450 4994 prophetis
2478 4913 2709 4977 ueteris,
2737 4910 2877 4964 Deus
2915 4915 3029 4962 erat
3054 4914 3102 4959 et
3139 4903 3195 4956 in
3223 4898 3433 4956 Christo

1863 5018 2117 5073 mundum
2155 4989 2254 5069 sibi
2274 4989 2625 5067 reconcilians
2651 5005 2716 5067 δι,
2743 5011 2797 5058 et
2827 5001 2942 5071 ipse
2981 5005 3103 5053 erat
3133 4993 3295 5048 Pater
3334 4989 3436 5043 ista

1863 5124 1959 5180 per
2013 5107 2208 5162 Filium
2274 5103 2647 5174 unigenitum,
2701 5096 2864 5151 veluti
2932 5105 3028 5161 per
3085 5087 3433 5180 iltlcl'plflfttl

1863 5171 2151 5273 ouemdam
2211 5171 2519 5253 hominibus
2557 5190 2940 5248 subinsiuuans
2984 5201 2999 5238 :
3036 5177 3130 5236 sed
3176 5187 3232 5230 et
3270 5171 3439 5226 Filius

260 5376 322 5435 PB
358 5369 454 5424 Ed.
484 5369 686 5433 Paris.,
715 5368 967 5439 patzr.l59.
1041 5366 1273 5422 "Exod.
1302 5364 1470 5439 x195
1505 5363 1576 5430 5;
1604 5358 2075 5439 Leuiuxs‘wllﬂ"
2125 5359 2173 5390 ⁸⁵
2208 5354 2389 5439 (1³1ίέ
2414 5345 3003 5439 ιιι,].9,,ΞρἿ.Δ-⁹ξ.υςιι;.
3029 5356 3105 5407 τι,
3132 5338 3185 5394 4.
3247 5336 3295 5369 ⁸⁸
3335 5336 3438 5392 lsa.

181 5457 226 5512 ι,
262 5413 322 5497 Ξῖ
358 5413 454 5473 Ἤ
480 5413 697 5500 funis.
716 5413 996 5494 Ἲῖἶέὁ.
1035 5413 1273 5505 ιιῖἶέῗ
1302 5413 1395 5469 Ἦ
1420 5413 1533 5491 ἑὲτῖ
1559 5413 1746 5502 ἰιῖεεζ

1849 5432 1878 5464 ⁵⁵
1921 5413 2073 5487 Deut.
2102 5442 2275 5495 nm,
2321 5425 2413 5482 '59.
2485 5413 2542 5456 ’σί
2584 5419 2626 5475 ιι
2662 5419 2788 5475 Cor.
2815 5430 2872 5482 ν,
2906 5413 2993 5468 19.

250 5615 370 5688 (ει)
405 5613 577 5688 rugo
604 5613 804 5688 iuvui».-

254 5684 372 5755 (22⁷)
405 5684 574 5755 Vulgo
596 5684 912 5739 διετέλλετο.

258 5748 374 5821 iis)
423 5748 953 5825 Ὑπῖοστησαμένου
1009 5751 1152 5818 Quid
1182 5748 1507 5825 vult‘nescio
1564 5764 1578 5800 :
1631 5749 1756 5825 nisi,

182 5830 278 5901 qui
328 5821 736 5885 subsistentiam
773 5821 943 5887 dedit.
978 5831 1029 5880 et
1063 5839 1184 5882 esse
1227 5822 1602 5880 universorum
1629 5821 1755 5876 sub-

1863 5602 2100 5664 stantiis.
2125 5600 2227 5656 hoc
2245 5609 2352 5662 est,
2383 5598 2437 5651 in
2467 5612 2589 5664 esse
2616 5591 2889 5664 produxit.
2920 5586 2997 5664 bi:
3084 5574 3089 5583 ’

1936 5655 2259 5743 (ἢῆδῖιιίεο
2283 5655 2438 5743 ⁸ἐστιν
2472 5660 2573 5730 εἷς.
2608 5655 2719 5717 Καὶ
2742 5661 2912 5743 λέγει,
2940 5657 3091 5727 ,ἴδετε
3114 5655 3216 5743 ὅτι,

1936 5725 2048 5815 (θὶὃῇ
2076 5725 2608 5815 ῩυΙξο-ὲκείνουίρι
2647 5749 2792 5802 mox,
2817 5725 3043 5800 ⁷κόσμον
3071 5725 3224 5796 vulgo
3251 5734 3436 5779 errore

1866 5806 2000 5884 out;
2032 5806 2154 5871 dein
2180 5806 2339 5882 rulgo
2368 5811 2479 5873 τοῖς
2514 5806 2706 5875 εὐαγγ.
