3828 6222
466 329 575 391 959

1142 325 1415 382 EUSEBll
1454 325 1936 383 CASSARIENSIS
1975 326 2128 384 OPP.
2170 324 2354 383 PARS
2395 325 2487 384 IV.
2523 324 3023 384 —DOGMATICA.

3635 326 3726 384 960

467 463 682 522 quoque
711 449 766 504 in
803 445 1117 520 Evangelio,
1149 448 1261 520 ipse
1298 464 1465 503 unum
1505 449 1679 506 solum
1717 450 1886 509 Deum
1919 451 2034 506 inti-

2157 448 2538 521 φθεγγόμενος.
2584 447 2643 502 '0
2671 445 2728 498 δὲ
2758 444 2854 499 καί
2877 444 3039 507 αύτδς
3065 444 3094 497 6
3117 441 3248 506 Υἱὸς
3291 441 3349 496 ἐν
3381 439 3727 510 Εύαγγελίοις

466 555 619 597 mare
679 540 893 596 videtur
945 540 1239 612 inquiens:
1286 543 1416 598 Haec
1472 551 1548 596 est
1608 552 1783 597 autem
1833 548 1893 607 ᾗ(
1943 543 2049 598 vim

466 643 688 701 a'lerna,
715 643 771 689 ut
798 643 1117 705 cognoscant
1139 645 1188 690 te
1217 651 1378 690 unum
1406 635 1574 691 solum
1602 635 1786 699 Deum,
1813 646 1862 692 et
1897 653 2048 706 quem

463 725 657 782 misisti
685 725 866 781 Iesum
889 724 1154 780 Christum
1176 726 1242 780 ".
1285 727 1376 781 Ille
1403 737 1521 781 erat
1542 742 1672 797 ergo
1693 742 1854 782 verus
1884 726 2044 782 Deus:

465 818 560 889 qui
592 833 731 874 unus
769 817 916 874 solus
951 825 1054 884 est,
1090 825 1145 872 et
1177 832 1286 872 non
1320 829 1406 873 est
1443 819 1582 872 alius
1613 828 1810 887 praeter
1849 819 2043 889 ipsum.

466 909 567 976 Qui
608 924 716 965 non
755 909 931 965 solum
983 923 1081 980 per
1123 909 1434 979 prophetas,
1482 914 1576 966 sed
1617 920 1672 966 et
1721 926 1815 980 per
1851 910 2045 966 Filium

465 1015 622 1056 suum
671 1001 772 1056 ista
829 999 1058 1070 tempori
1112 1001 1525 1064 convenientia,
1567 1000 1899 1057 idololatrico
1949 1002 2046 1056 Ju-

465 1091 708 1148 dteorum
755 1091 953 1162 populo
987 1092 1354 1162 pmcipiebat.
1405 1091 1668 1160 Quocirca
1709 1091 1894 1160 lsaias,
1953 1103 2046 1149 aut

468 1183 611 1239 Deus
645 1183 825 1252 potius
874 1199 972 1253 per
1013 1183 1205 1239 lsaiam
1246 1185 1324 1239 ait
1363 1201 1380 1240 :
1425 1186 1630 1239 Prwter
1673 1202 1754 1240 me
1815 1202 1921 1241 non
1969 1197 2044 1241 est

465 1273 608 1328 Deus
637 1289 656 1328 :
686 1271 818 1339 Quis
859 1284 915 1328 ut
951 1290 1066 1344 ego,
1101 1282 1211 1332 etc.
1248 1274 1353 1330 Vos
1385 1276 1507 1330 estis
1551 1283 1705 1330 testes
1735 1275 1783 1330 si
1826 1277 1943 1346 quis
1974 1277 2041 1330 sit

466 1365 609 1419 Deus
661 1374 854 1432 prceter
903 1380 985 1418 me
1018 1364 1084 1420 ⁸³.
1138 1364 1488 1420 Subintulit:
1537 1363 1690 1430 Quod
1735 1381 1839 1420 non
1888 1375 2040 1420 erant

465 1467 590 1510 tunc
631 1458 724 1526 qui
771 1456 1034 1527 ﬁngebant
1080 1465 1131 1512 et
1179 1456 1519 1525 sculpebant,
1566 1472 1742 1512 omnes
1786 1457 1908 1513 vani
1955 1457 2040 1528 [a-

465 1546 655 1601 cientes
703 1564 822 1616 qua:
867 1547 1141 1616 placebant
1189 1547 1299 1602 illis
1337 1548 1403 1602 “.
1460 1547 1671 1618 Ubique
1715 1555 1895 1604 autem
1946 1565 2044 1620 per

463 1635 607 1692 illius
664 1638 1002 1708 prophetiam
1065 1639 1189 1693 licet
1239 1639 1670 1705 animadvertas,
1717 1641 2042 1699 inanimatae

463 1728 583 1784 illas
627 1739 837 1786 statuas
872 1730 1169 1801 ﬂagellatas
1205 1751 1218 1787 :
1255 1741 1312 1789 et
1343 1732 1592 1788 similiter
1624 1734 1766 1804 apud
1803 1736 2041 1806 singulos

2149 541 2458 615 παρεδίδου,
2489 540 2587 594 ἕνα
2625 538 2784 610 μόνον
2817 535 3015 590 εἰδέναι
3056 533 3320 589 διδάσκων
3368 533 3525 598 Θεὸν,
3565 535 3626 587 ὲν
3659 530 3729 598 οἷς

2147 635 2352 706 ἔλεγεν,
2367 634 2529 703 Αὕτη
2547 632 2615 687 δέ
2627 632 2803 686 ἐστιν
2817 630 2855 698 ἠ
2873 627 3106 694 αἰώνιος
3126 625 3258 695 ζωὴ,
3277 627 3379 680 ἵνα
3392 624 3731 695 γινώσκωσι

2146 748 2222 786 σε
2249 731 2359 786 τὸν
2379 730 2570 800 μόνον
2611 725 2908 796 ἀληθινὸν
2941 721 3110 787 Θεὸν,
3139 721 3237 776 καὶ
3267 719 3340 774 δν
3367 719 3729 785 ἀπέστειλας

2160 821 2397 890 Ἰησοῦν
2426 819 2712 889 Χριστόν.
2747 809 2916 880 Οὗτος
2947 809 3040 869 οὖν
3087 813 3117 867 6
3153 810 3405 882 ἀληθινὸς
3431 806 3501 880 ἦν
3530 809 3684 875 Θεὸς,
3705 809 3731 863 6

2145 908 2228 976 εἷς
2261 911 2439 982 μόνος,
2477 911 2574 964 καὶ
2602 908 2790 980 ἕτερος
2831 906 2931 959 οὐκ
2967 904 3081 958 ἔστι
3110 901 3248 974 πλὴν
3278 899 3468 962 αὑτοῦ,
3515 897 3636 969 (26)
3665 899 3731 970 μὴ

2149 1003 2307 1075 μόνον
2322 1001 2412 1056 διὰ
2426 1001 2534 1055 τῶν
2551 998 2867 1073 προφητῶν,
2889 997 3025 1051 ἀλλὰ
3039 995 3128 1050 διὰ
3141 993 3236 1048 τοῦ
3257 992 3389 1047 ἰδίου
3406 991 3542 1046 Υἰοῦ
3568 989 3735 1043 ταῦτα

2145 1097 2267 1150 κατ’
2318 1096 2496 1148 ἐκεῖνο
2548 1091 2742 1164 καιροῦ
2782 1086 3288 1160 είδωλολατρεύοντι
3333 1084 3411 1155 τῷ
3469 1083 3738 1137 Ἰουδαίων

2145 1186 2566 1258 ἐγκελευόμενος
2595 1184 2759 1238 ἔθνει.
2783 1181 2991 1236 Αὐτίκα
3006 1181 3052 1234 δ’
3075 1175 3170 1234 οὖν
3189 1179 3218 1232 ό
3248 1179 3498 1242 Ἡσαΐας,
3537 1175 3734 1247 μᾶλλον

2142 1281 2200 1334 δὲ
2230 1281 2258 1333 ό
2291 1278 2423 1342 Θεὸς
2471 1278 2536 1332 δι’
2564 1274 2752 1337 αὑτοῦ,
2795 1272 2966 1328 εἰπών
2989 1289 3003 1304 ο
3041 1271 3217 1338 Πλὴν
3259 1269 3405 1340 ἐμοῦ
3446 1271 3564 1322 οὐκ
3609 1267 3736 1322 ἐστι

2147 1373 2310 1437 Θεός.
2327 1370 2430 1436 Τίς
2440 1367 2643 1438 ὥσπερ
2663 1365 2800 1437 erro;
2824 1366 2916 1419 καὶ
2939 1364 3084 1436 ἑξῆς·
3109 1363 3417 1434 Μάρτυρες
3431 1362 3545 1432 (27)
3570 1362 3740 1432 ὑμεῖς

2141 1462 2302 1527 ἐστε,
2337 1463 2388 1516 εἰ
2433 1462 2567 1516 ἐστι
2619 1459 2763 1525 Θεὸς
2800 1456 2970 1525 πλὴν
3005 1457 3174 1527 ἐμοῦ,
3215 1455 3465 1528 ἐπήγαγε
3500 1454 3589 1507 τό⁸
3630 1453 3736 1508 Kal

2141 1556 2253 1608 οὐκ
2279 1550 2444 1625 ἦσαν
2488 1551 2621 1606 τότε
2663 1554 2716 1605 οῖ
2749 1549 3135 1615 πλάσσοντες
3167 1546 3265 1601 καί
3307 1548 3364 1600 οὶ
3396 1547 3735 1617 τλύφοντες

2141 1643 2365 1711 πάντες
2389 1642 2649 1714 μάταιοι,
2686 1639 3004 1707 ποιοῦντες
3027 1639 3103 1694 τὰ
3132 1639 3469 1708 καταθύμια
3509 1635 3739 1694 αὐτῶν.

2141 1733 2254 1787 Καὶ
2283 1733 2349 1786 δι’
2379 1732 2508 1804 ὅλης
2537 1731 2595 1785 δὲ
2626 1733 2725 1805 τῆς
2757 1729 2922 1786 αὐτοῦ
2957 1728 3294 1802 προφητείας
3320 1727 3503 1798 εὕροις
3543 1727 3616 1783 ἂν
3646 1745 3740 1780 κο-

463 1821 848 1890 pr0pbetarum
907 1839 1072 1878 unum
1112 1825 1278 1880 Deum
1318 1825 1560 1882 invenies
1593 1827 1944 1893 celebratum,
1983 1841 2034 1884 ut

2157 1823 2385 1895 πετόμενα
2416 1823 2484 1876 τά
2509 1821 2694 1894 ἄψυχα
2739 1820 2924 1886 ξόανα,
2955 1821 3050 1874 καὶ
3088 1819 3220 1890 παρ’
3253 1817 3469 1887 ἑκάστῳ
3496 1816 3557 1870 δὲ
3604 1832 3740 1887 προσ

464 1922 780 1967 avertantur
808 1914 1053 1970 homines
1078 1930 1109 1970 a
1141 1915 1362 1970 deorum
1395 1915 1756 1972 multitudine.
1785 1917 1864 1972 Ad
1895 1934 2043 1974 eum-

463 1999 584 2057 dem
619 2003 834 2059 modum
869 2020 966 2061 nos
999 2006 1053 2061 in
1092 2022 1383 2078 congressu
1417 2023 1739 2079 quocunque
1775 2025 1896 2065 cum
1942 2025 2041 2081 pa-

463 2094 619 2164 ganis
651 2094 884 2152 solemus
922 2098 1226 2154 doctrinam
1255 2100 1320 2154 de
1347 2099 1566 2156 Christo
1607 2101 1661 2157 in
1694 2111 1905 2173 tempus
1942 2120 2040 2174 op-

459 2195 750 2254 portunum
783 2204 1072 2258 reponere,
1107 2201 1162 2248 et
1189 2193 1240 2247 in
1276 2195 1525 2262 praesenti
1570 2197 1771 2250 erroris
1814 2196 2042 2252 idolola-

461 2277 586 2332 trici
642 2281 1077 2351 redargutionem
1136 2296 1474 2354 proponere,
1525 2293 1580 2340 et
1634 2286 1726 2342 Dei
1779 2289 2039 2344 unitatem

461 2367 906 2428 demonstrativis
968 2373 1272 2431 rationibus
1335 2376 1598 2434 stabilire.
1676 2379 1858 2435 Discat
1917 2381 2039 2437 ideo

459 2458 766 2528 Marcellus,
809 2465 855 2521 si
889 2474 1064 2522 tamen
1095 2467 1189 2534 qui
1231 2468 1630 2526 obveteraverit
1674 2487 1798 2527 cum
1828 2473 2044 2542 episco-

455 2562 589 2623 patu
643 2555 698 2610 in
737 2554 977 2612 Ecclesia
1033 2559 1236 2616 Christi
1280 2561 1515 2616 nondum
1567 2561 1846 2630 didicerit,
1893 2565 2038 2634 quod

457 2645 702 2714 mysterii
754 2645 898 2702 illius
934 2648 1234 2705 absconditi
1275 2651 1666 2722 intelligentia,
1711 2662 1924 2710 vetusto
1957 2654 2034 2709 illi

455 2733 656 2802 populo
701 2749 807 2790 non
868 2739 1368 2795 communicabatur
1421 2743 1489 2797 de
1537 2741 1676 2798 Filio
1722 2743 1852 2808 Deo,
1901 2759 2033 2814 pro-

455 2832 642 2891 pterea
683 2827 825 2895 quod
875 2829 943 2882 ab
985 2829 1288 2885 idololatria
1328 2831 1670 2901 impendebat
1717 2834 1786 2891 iis
1817 2836 2036 2904 pericu-

456 2914 567 2971 lum
591 2955 608 2982 ,
630 2926 686 2973 et
711 2919 852 2989 quod
883 2919 1136 2977 Ecclesia
1167 2924 1535 2979 tantummodo
1563 2927 1878 2998 mysterium
1907 2929 2035 2984 illud

455 3021 486 3060 a
520 3007 736 3074 saeculo,
776 3018 830 3064 et
875 3013 1312 3080 generationibus
1362 3015 1734 3070 absconditum
1783 3033 2034 3073 reserva-

454 3096 617 3153 batur
644 3097 993 3166 aperiendum
1021 3100 1090 3156 ab
1141 3100 1310 3169 ipsius
1341 3104 1534 3172 gratia.
1563 3102 1621 3157 in
1647 3120 1753 3173 quo
1777 3109 2035 3178 mysterio

455 3186 524 3241 de
561 3198 744 3243 sancta
780 3188 1044 3246 Trinitate
1073 3191 1233 3258 ratio,
1274 3193 1341 3248 de
1383 3192 1566 3260 Patre,
1599 3193 1759 3260 Filio,
1803 3206 1861 3251 et
1909 3197 2031 3265 Spi-

454 3276 564 3332 ritu
589 3287 800 3346 sancto,
831 3280 1086 3336 nimirum
1117 3283 1695 3354 comprehendebatur.
1725 3287 1887 3357 Atqui
1921 3296 2030 3342 tam

455 3367 626 3423 multa
673 3370 892 3442 collegit
940 3373 994 3427 in
1043 3389 1244 3438 unum,
1289 3385 1422 3445 quot
1473 3376 1557 3433 vel
1605 3377 1673 3433 de
1722 3377 2030 3434 Judteorum

454 3470 618 3528 gente
680 3462 997 3519 circumcisa
1048 3465 1307 3536 magister
1361 3467 1414 3521 in
1467 3465 1692 3523 Judaica
1745 3468 2030 3540 Synagoga

451 3553 932 3610 concionabun'dus
967 3567 1362 3626 coacervasset,
1404 3567 1462 3614 et
1503 3559 1765 3630 gloriatur
1805 3575 1866 3617 se
1913 3563 2030 3617 haec

454 3641 659 3699 Christi
712 3645 991 3716 discipulis
1043 3648 1340 3716 exhibere,
1421 3651 1548 3706 dum
1602 3653 1815 3725 ignorat
1885 3655 2031 3724 quod

454 3732 626 3788 multa
665 3735 839 3791 adhuc
876 3736 1026 3806 plura
1056 3736 1273 3795 Judteus
1315 3741 1610 3798 secundum
1643 3757 1863 3798 carnem
1898 3759 2029 3814 pro-

459 3824 688 3881 tulisset.
730 3827 932 3883 Horum
982 3831 1156 3902 gratia
1196 3833 1285 3890 hic
1333 3834 1597 3890 insultat;
1632 3851 1737 3892 non
1767 3852 2031 3894 verecun-

451 3915 612 3971 datur
663 3929 844 3975 autem
871 3923 1013 3990 quod
1048 3923 1399 3996 theologicam
1435 3927 1775 3984 verissimam
1805 3929 1873 3985 de
1901 3929 2030 3986 Ser-

451 4015 852 4066 vatore-nostro
882 4017 1144 4070 rationem
1175 4018 1457 4085 pervertit.

997 4111 1056 4169 »Β
1087 4106 1238 4162 CAP.
1285 4108 1473 4164 XXIII.

649 4192 804 4259 Quod
840 4194 1080 4252 Ecclesia
1109 4214 1211 4253 non
1245 4201 1496 4268 praedicat
1525 4203 1649 4258 deos
1678 4202 1833 4259 duos.

521 4284 770 4354 .nprimis
814 4303 921 4342 non
979 4287 1236 4360 intelligit
1282 4290 1484 4346 dictum
1537 4293 1702 4349 divini
1747 4294 2023 4363 Apostoli,

447 4372 542 4442 qui
583 4373 944 4432 diversimode
983 4377 1140 4433 docet
1187 4393 1312 4435 esse
1351 4381 1497 4436 illum
1553 4381 1646 4438 Dei
1696 4384 2023 4454 imaginem,

2145 1916 2288 1988 φήτῃ
2335 1915 2537 1987 ὁμοίως
2581 1915 2663 1978 εἰς
2702 1912 3022 1986 ἀποτροπὴν
3062 1911 3162 1982 τῆς
3207 1909 3471 1964 πολυθέου
3521 1909 3738 1980 πλάνης

2141 2007 2232 2060 τὸν
2260 2007 2358 2061 ἕνα
2387 2006 2518 2061 Θεὸν
2543 2007 2947 2078 κηρυττόμενον
2973 2003 3246 2075 εὑρήσεις.
3277 2000 3434 2055 Οὕτω
3452 2002 3552 2055 καὶ
3575 2003 3742 2072 ἡμεῖς

2141 2101 2412 2173 εἰώθαμεν
2451 2101 2719 2173 Ἑλλήνων
2747 2103 2860 2164 τοῖς
2905 2098 3312 2169 δεισιδαίμοσιν,
3345 2097 3403 2149 ὲν
3447 2099 3564 2160 τοῖς
3600 2096 3736 2169 πρὸς

2140 2194 2338 2258 αὐτοὺς
2358 2193 2644 2263 διαλόγοις,
2678 2192 2778 2264 τὴν
2802 2191 2901 2262 μὲν
2925 2191 3055 2262 περὶ
3083 2189 3176 2242 τοῦ
3204 2188 3446 2260 Χριστοῦ
3477 2187 3736 2241 διδασκα-

2143 2287 2284 2350 λίαν,
2310 2289 2390 2350 εἰς
2428 2285 2687 2358 εὔκαιρον
2727 2282 3106 2355 ταμιεύεσθαι,
3141 2281 3280 2344 τέως
3315 2281 3374 2334 δὲ
3416 2281 3607 2344 αὐτοῖς
3634 2280 3734 2349 τῆς

2137 2375 2522 2446 εἰδωλολάτρου
2572 2373 2782 2445 πλάνης
2825 2371 3083 2442 ἐλέγχους
3130 2372 3466 2443 προσφέρειν
3501 2370 3604 2423 καὶ
3644 2369 3736 2422 τὸν

2137 2467 2232 2520 ἕνα
2279 2461 2417 2518 εἶναι
2457 2464 2593 2518 Θεὸν
2627 2465 3028 2525 ἀποδεικτικοῖς
3063 2461 3499 2524 κατασκευάζειν
3528 2459 3730 2528 λόγοις.

2137 2558 2470 2614 Μανθανέτω
2510 2557 2690 2611 τοίνυν
2740 2554 3080 2628 Μάρκελλος,
3130 2555 3180 2607 εἰ
3227 2552 3630 2624 καταγηράσας
3677 2553 3733 2604 ὲν

2136 2649 2410 2719 ἐπισκοπῇ
2448 2647 2550 2718 τῆς
2601 2645 2841 2721 Χριστοῦ
2899 2643 3247 2716 Ἐκκλησίας,
3293 2642 3449 2697 οῦπω
3502 2642 3606 2696 καὶ
3639 2640 3732 2694 νῦν

2139 2737 2482 2810 μεμάθηκεν,
2509 2738 2593 2790 ὅτι
2621 2736 2700 2806 τῷ
2727 2736 2942 2807 παλαιῷ
2969 2736 3084 2807 λαῷ
3112 2738 3146 2806 ἡ
3175 2735 3270 2788 τοῦ
3297 2732 3734 2806 ἀποκεκρυμμέ-

2135 2841 2228 2878 νου
2261 2825 2562 2897 μυστηρίου
2589 2829 2717 2898 περ“ι
2743 2826 2838 2880 τοῦ
2869 2825 2999 2879 Υίοῦ
3029 2824 3123 2879 τοῦ
3143 2824 3280 2878 Θεοῦ
3303 2825 3508 2894 γνῶσις
3537 2823 3733 2877 κατάλ-

2135 2915 2294 2987 ληλος
2324 2916 2572 2988 οὐδαμῶς
2605 2913 2694 2989 ἦν,
2734 2916 3038 2990 ὀλισθηρῶς
3071 2917 3247 2989 ἔχοντι
3275 2918 3413 2989 πρὸς
3440 2916 3730 2970 εἰδωλολα-

2134 3009 2344 3082 τρείαν,
2371 3009 2465 3062 καὶ
2484 3009 2560 3072 ὡς
2583 3009 2723 3084 μόνῃ
2742 3013 2808 3082 τῇ
2829 3009 2994 3064 αὐτοῦ
3028 3011 3327 3082 Ἐκκλησία
3347 3010 3409 3062 τὸ
3427 3011 3732 3081 μυστήριον

2136 3100 2197 3153 τὸ
2226 3101 2715 3173 ἀποκεκρυμμένον
2763 3103 2871 3156 ἀπὸ
2903 3103 3011 3156 τῶν
3049 3101 3284 3168 αἰώνων,
3323 3101 3420 3155 καὶ
3467 3101 3584 3155 άπὸ
3623 3101 3732 3155 τῶν

2138 3191 2359 3261 γενεῶν,
2383 3190 2472 3245 διὰ
2498 3195 2598 3264 τῆς
2631 3191 2796 3246 αὐτοῦ
2819 3192 3039 3264 χάριτος
3067 3192 3405 3264 ὲταμιεύετο.
3425 3192 3519 3246 Ἐν
3552 3186 3602 3261 ᾧ
3632 3209 3731 3262 μυ-

2139 3283 2346 3354 στηρίῳ
2381 3286 2412 3337 ὁ
2438 3285 2568 3355 περί
2601 3285 2701 3355 τῆς
2727 3284 2886 3354 ἁγίας
2913 3284 3143 3357 Τριάδος
3173 3285 3387 3359 Πατρὺς
3427 3286 3528 3338 καὶ
3571 3285 3730 3346 Υίοῦ,

2137 3375 2233 3428 καὶ
2255 3375 2408 3444 ἁγίου
2435 3376 2750 3447 Πνεύματος
2779 3377 3083 3448 περιείχετο
3106 3377 3283 3446 λόγος.
3319 3377 3378 3431 '0
3405 3377 3464 3430 δὲ
3483 3376 3731 3430 τοσαῦτα

2140 3465 2481 3534 συναγαγὼν,
2535 3467 2635 3520 ὅσα
2681 3466 2748 3521 ἂν
2796 3467 2940 3521 εῖποι
2992 3467 3088 3521 καὶ
3150 3467 3424 3522 Ἰουδαίων
3466 3467 3729 3522 διδάσκα-

2137 3553 2228 3619 λος
2244 3557 2373 3627 περὶ
2403 3555 2504 3628 τῆς
2540 3558 2778 3629 ἐκτομῆς
2817 3558 2930 3629 (28)
2960 3558 3165 3630 ὁμιλῶν
3191 3559 3252 3611 ὲν
3303 3558 3581 3612 Ἰουδαίων
3609 3577 3732 3612 συν-

2137 3649 2352 3720 αγωγῇ,
2405 3647 2732 3718 σεμνύνεται
2771 3651 2884 3713 τοῖς
2934 3649 3174 3721 Χριστοῦ
3227 3648 3498 3721 μαθηταῖς
3552 3650 3732 3704 ταῦτα

2137 3739 2590 3812 προϐαλλόμενος·
2637 3742 2742 3796 οὐκ
2777 3740 2932 3806 εἰδὼς
2947 3744 3032 3797 ὅτι
3065 3743 3287 3798 πλείονα
3303 3741 3468 3797 αὑτοῦ
3484 3744 3638 3798 εῖποι
3665 3742 3734 3798 ἂν

2135 3834 2165 3886 6
2197 3834 2508 3905 σωματικδς
2545 3835 2960 3901 Ἰουδαῖος.Ἐπὶ
2991 3837 3204 3900 τούτοις
3239 3836 3339 3907 μὲν
3387 3832 3484 3890 οὖν
3544 3838 3728 3908 αὐχεῖ,

2135 3926 2248 3998 (29)
2282 3927 2380 3992 τὰς
2408 3928 2454 3981 δ’
2493 3927 2713 4000 ἀληθεῖς
2757 3931 2886 4001 περί
2921 3928 3016 3983 τοῦ
3063 3929 3314 4000 Σωτῆρος
3348 3929 3507 4000 ἡμῶν
3546 3929 3730 3983 θεολο-

2133 4023 2260 4092 γίας
2286 4023 2628 4096 διαστρέφων
2658 4025 2759 4078 οὐκ
2791 4023 3208 4092 ἐγκαλύπτεται.

2769 4113 2927 4168 ΚΕΦ.
2960 4115 3088 4169 Kl".

2241 4205 2364 4260 Ὅτι
2387 4205 2476 4276 μὴ
2505 4206 2615 4261 δύο
2647 4206 2826 4274 θεοὺς
2853 4208 2893 4276 ἡ
2940 4207 3281 4275 Ἐκκλησία
3311 4206 3620 4275 κηρύττει.

2203 4295 2413 4349 Αὐτίκα
2428 4295 2473 4349 δ’
2501 4291 2595 4349 οὖν
2615 4297 2675 4348 οὐ
2699 4295 2913 4367 συνίησι
2941 4294 3043 4358 τὰς
3063 4294 3247 4364 φωνάς
3268 4294 3364 4348 τοῦ
3381 4293 3533 4348 θείου
3574 4295 3727 4348 Ἀπο-

2134 4387 2342 4452 στόλου,
2375 4387 2649 4461 διαφόρως
2678 4386 3007 4454 διδάξαντος,
3044 4387 3207 4442 αὐτὸν
3239 4382 3380 4441 εἶναι
3412 4387 3607 4442 εἰκόνα
3634 4387 3725 4442 τοῦ

448 4466 630 4522 verbis
663 4483 692 4522 a
723 4484 809 4524 me
848 4473 1138 4541 propositis
1165 4489 1181 4528 :
1210 4473 1352 4528 unde
1381 4490 1478 4544 par
1511 4475 1615 4532 fuit
1650 4487 1710 4533 ut
1755 4479 2026 4551 intellige-

2157 4479 2290 4545 ieoﬁ,
2328 4480 2396 4535 δι’
2427 4474 2504 4534 ὧν
2543 4479 2808 4551 ὲξεθέμην
2842 4479 3008 4535 αὑτοῦ
3041 4479 3241 4544 λέξεων
3263 4496 3276 4509 ·
3309 4477 3430 4534 δέον
3469 4478 3726 4533 ἐντεῦθεν

448 4563 554 4625 ret,
603 4559 746 4626 quod
790 4561 1029 4617 Ecclesia
1075 4563 1172 4619 Dei
1217 4579 1323 4620 non
1374 4568 1631 4637 praedicat
1679 4569 1816 4626 duos
1867 4571 2020 4628 deos.

445 4645 581 4702 Nam
631 4665 730 4706 nec
758 4651 894 4708 duos
928 4655 1193 4724 ingenitos
1221 4658 1394 4713 credit
1423 4668 1516 4714 aut
1561 4661 2021 4732 imprincipiatos,

446 4747 508 4792 ut
539 4755 646 4794 non
674 4743 841 4798 semel
875 4745 1131 4813 diximus,
1162 4749 1257 4804 sed
1290 4765 1391 4806 nec
1423 4751 1559 4809 duas
1589 4755 1926 4812 substantias
1952 4771 2021 4813 ex

445 4827 674 4885 adverso
711 4832 1047 4891 introductas
1092 4837 1299 4894 honore
1337 4854 1495 4909 pares
1537 4842 1734 4897 asserit
1775 4859 1791 4897 :
1839 4843 2023 4914 itaque

2133 4573 2392 4637 συνεῖναι,
2421 4571 2497 4635 ὡς
2527 4571 2591 4624 οὑ
2617 4571 2711 4626 δύο
2746 4571 2901 4637 θεοὺς
2932 4573 2967 4644 ἡ
3004 4571 3300 4643 Ἐκκλησία
3329 4569 3425 4624 τοῦ
3459 4569 3604 4624 Θεοῦ
3627 4587 3726 4640 κη-

2133 4661 2338 4735 ρύττειο
2373 4663 2436 4716 ού
2463 4663 2573 4735 γὰρ
2615 4663 2708 4716 δύο
2747 4664 3038 4735 άγέννητα,
3083 4663 3204 4716 οὐδὲ
3242 4661 3338 4716 δύο
3357 4663 3602 4734 ἄναρχα,
3650 4663 3725 4725 ὥς

2129 4754 2391 4819 πολλάκις
2419 4758 2552 4828 ἡμῖν
2583 4757 2818 4828 εἴρηται,
2844 4755 2968 4810 οὐδὲ
2995 4755 3091 4809 δύο
3133 4754 3320 4818 οὐσίας
3351 4754 3411 4821 ἐξ
3448 4755 3724 4826 ἰσοτιμίας

2127 4845 2703 4919 άντιπαρεξαγομὲνας
2747 4846 3008 4919 ἀλλήλαις
3041 4846 3153 4918 (50)
3192 4845 3426 4914 εἰσάγει·
3467 4845 3556 4898 διὸ
3603 4845 3722 4900 οὐδὲ

443 4936 622 4991 neque
651 4923 784 4980 duos
811 4924 961 4992 deos,
1010 4929 1104 4984 sed
1135 4931 1355 4986 unicum
1397 4933 1722 5002 principium
1755 4942 1811 4988 et
1849 4934 2016 4989 Deum

2157 4937 2218 4991 ύο
2247 4938 2434 5004 θεοὺς,
2461 4939 2599 4993 άλλὰ
2628 4939 2756 5011 μίαν
2777 4939 2955 5012 ἀρχὴν
2973 4940 3067 4993 καὶ
3087 4937 3220 4992 Θεὸν
3246 4935 3410 5002 εἶναι,
3442 4937 3539 4991 τδν
3561 4938 3722 4990 αὑτὸν

443 5012 703 5078 praedicat
743 5030 864 5070 esse
896 5016 1110 5074 Patrem
1155 5021 1364 5077 scilicet
1406 5023 1667 5093 unigeniti
1724 5034 1780 5080 et
1834 5025 2020 5082 dilecti

441 5101 599 5170 Filii,
628 5119 790 5159 unam
828 5121 1043 5178 quoque
1081 5110 1370 5181 imaginem
1413 5113 1703 5171 invisibilis
1734 5114 1852 5183 Dei,
1899 5132 2020 5186 qua:

505 5293 565 5354 ᾖ
603 5289 699 5346 Ed.
728 5289 929 5360 Paris.,
965 5307 1090 5366 pag.
1125 5295 1250 5363 MO,
1290 5297 1411 5352 Mi.

513 5471 626 5587 r(3313)
657 5475 827 5558 Yulgo
859 5476 1022 5587 εἰμὴ.

606 5548 622 5587 \
660 5546 829 5587 \nlon
853 5564 945 5587 vn,
976 5563 1022 5587 m

660 5542 829 5624 fulgo
853 5542 946 5624 κ-αἱ
975 5542 1246 5624 μάρτυρι
1275 5563 1421 5624 mox,
1443 5551 1725 5624 ἐπήγαγεν
1753 5553 1802 5609 6.

515 5613 628 5698 (εδ)
664 5615 804 5698 Περί
829 5617 940 5698 τῆς
976 5613 1256 5698 ἐκτομῆς.
1289 5613 1416 5698 Non
1448 5613 2016 5698 est"de'_circumcisa

447 5693 607 5763 gente
662 5691 944 5763 magister,
990 5695 1050 5763 ut
1095 5691 1155 5763 in
1197 5691 1471 5763 versione,
1522 5693 1678 5763 quasi
1733 5693 2014 5763 legendum

448 5760 594 5811 esset
628 5753 776 5822 παρὰ
807 5765 899 5810 aut
922 5756 1028 5809 ἀπὸ
1059 5757 1158 5830 τῆς
1189 5753 1509 5832 περιτομῆς.
1541 5753 1646 5820 Sed
1679 5753 1828 5820 recta
1859 5765 2018 5821 lcctio

1527 5301 1571 5334 "
1611 5301 1776 5362 Joan.
1806 5319 1951 5374 xvu,
1992 5307 2050 5365 5.

2125 5030 2344 5103 Πατέρα
2371 5031 2697 5086 διδάσκουσα
2728 5029 2867 5088 εἶναι
2888 5031 2983 5085 τοῦ
3023 5031 3344 5103 μονογενοῦς
3370 5031 3469 5084 καὶ
3497 5032 3720 5099 ἀγαπη-

2123 5121 2219 5175 τοῦ
2251 5122 2405 5188 Υίοῦ,
2435 5123 2699 5188 ὡσαύτως
2728 5124 2785 5178 δὲ
2819 5123 2915 5177 καί
2962 5123 3092 5195 μίαν
3121 5122 3307 5176 είκόνα
3328 5120 3428 5175 τοῦ
3459 5121 3599 5175 Θεοῦ
3627 5118 3718 5174 τοῦ

2125 5309 2170 5342 ⁸³
2210 5307 2310 5366 lsa.
2339 5327 2464 5378 ην,
2493 5311 2582 5382 14,
2611 5313 2697 5378 18,
2731 5311 2818 5379 19,
2848 5312 2942 5368 21.
3019 5310 3066 5342 ⁸⁸
3105 5309 3240 5367 ibid.
3261 5308 3358 5366 20.

2122 5498 2208 5562 est
2247 5490 2507 5562 ἐκτομῆς,
2538 5491 2606 5545 de
2653 5487 2956 5562 excisione,
2999 5495 3056 5542 et
3107 5485 3486 5562 eradicatione
3536 5485 3712 5557 gentis

2123 5559 2192 5616 ab
2223 5556 2528 5616 idololatria
2554 5560 2821 5631 ;rstatim,
2845 5559 2942 5614 καὶ
2973 5557 3320 5631 σεμνύνεται.
3361 5556 3437 5614 Μ.

2192 5631 2308 5701 (29)
2340 5632 2510 5701 vulgo
2541 5630 2640 5701 μὲν
2673 5629 2852 5701 αὐχεῖ.

2195 5634 2286 5694 (29
2340 5634 2510 5701 Vulgo
2535 5634 2640 5755 μὲν
2673 5634 2806 5699 αῠχε

2195 5634 2309 5775 (⁸5οζ
2342 5699 2512 5774 Vulgo
2572 5699 2806 5772 λλήλοις.
