3828 6222
489 280 596 335 96⁸5

1156 279 1430 338 EUSEBII
1469 274 1946 334 CESARIENSIS
1983 273 2133 333 OPP.
2176 275 2353 332 PARS
2391 275 2478 331 IV.
2517 305 2587 316 —-
2624 273 3048 334 DOGMATILA.

3629 276 3723 332 θοι

487 400 692 467 Quibus
710 399 935 453 vocibus
956 395 1260 454 clarissime
1283 397 1551 468 signiﬁcat
1572 394 1912 458 ﬁlialitatem,
1931 405 2054 447 cum

2173 407 2319 445 ιενον
2347 392 2428 455 εἰς
2454 389 2544 444 τὸν
2576 389 2799 460 κόσμονο
2848 390 2952 444 Ἐν
2976 388 3059 455 τῷ
3079 388 3292 459 -κόσμῳ
3317 384 3416 461 ἦν,
3445 388 3545 444 καί
3571 391 3605 445 ό
3639 392 3726 444 κό-

486 493 554 545 de
582 490 742 545 Patre
791 489 976 545 dicat:
1019 489 1187 542 Deum
1225 504 1383 542 nemo
1429 488 1555 542 vidit
1602 501 1835 554 unquam
1859 484 1948 538 7":
1985 484 2054 538 de

484 581 648 638 Filio:
687 581 1002 651 Unigenitus
1031 579 1206 636 Filius
1240 580 1331 650 qui
1361 587 1479 634 erat
1519 578 1572 633 in
1603 577 1725 633 sinu
1771 575 1968 640 Patris,
2009 574 2056 629 is

485 691 607 729 eum
639 675 922 732 revelavit.

2158 497 2314 553 σμος
2350 481 2425 536 δι’
2455 481 2642 536 αὐτοῦ
2667 480 2924 550 ἐγένετο,
2955 480 3055 534 καὶ
3080 483 3112 536 ὀ
3144 483 3375 551 κόσμος
3410 479 3603 535 αὑτὸν
3631 484 3726 535 οὐκ

2157 573 2331 643 ἔγνω,
2360 573 2456 643 τήν
2481 589 2541 625 τε
2572 572 2793 640 υἱότητα
2814 571 2998 640 σαφῶς
3023 573 3396 642 παριστῶντος
3423 573 3482 625 ὲν
3510 571 3590 642 τῷ
3617 571 3728 639 περὶ

2163 664 2263 734 μὲν
2282 662 2374 716 τοῦ
2394 662 2605 732 Πατρός
2621 660 2818 729 λέγειν·
2842 662 2990 714 Θεὸν
3009 661 3211 730 οὐδεὶς
3230 660 3449 731 ἑώρακε
3483 662 3727 724 πώποτε,

486 766 616 840 περὶ
645 768 704 823 δὲ
731 767 826 822 τοῦ
851 767 1005 822 Υἰοῦ’
1049 768 1107 822 '0
1139 764 1431 839 μονογενὴς
1455 766 1584 831 Υἰὸς
1611 767 1640 820 6
1665 765 1740 820 ὢν
1761 767 1842 829 εἰς
1865 763 1958 818 τὸν
1986 761 2186 816 κόλπον
2219 755 2314 811 τοῦ
2349 754 2585 826 Πατρὸς,
2615 755 2822 816 ἐκεῖνος
2854 750 3177 824 ἐξηγήσατο.

1075 862 1227 918 CAP.
1261 863 1452 919 XXIV.

482 976 638 1042 Quod
677 976 964 1032 Marcellus
992 977 1319 1047 unigenitum
1353 974 1556 1029 Filium
1601 974 1853 1047 Verbum.
1886 977 2056 1032 verbis

705 1047 806 1102 Dei
847 1046 1165 1118 agendorum
1194 1047 1520 1101 instructivis
1553 1046 1830 1100 assimilet.

549 1179 912 1234 Admirandus
958 1179 1058 1235 iste
1105 1179 1392 1234 verborum
1415 1174 1625 1233 Christi
1669 1179 1880 1243 doctor,
1914 1193 2056 1250 pra:-

482 1281 637 1341 cepta
687 1269 781 1324 Dei
828 1279 883 1325 et
934 1269 1261 1339 agendorum
1316 1268 1829 1324 commonefacmria
1871 1272 2055 1336 verba,

479 1363 841 1431 undecunque
877 1362 944 1416 de
985 1360 1283 1430 Scripturis
1323 1360 1580 1432 colligens
1612 1361 1934 1429 ejuscemodi
1969 1363 2057 1417 de-

481 1455 707 1522 scribit,
753 1453 907 1520 Quod
953 1453 1008 1506 in
1046 1453 1308 1522 principio
1357 1463 1468 1506 erat
1526 1451 1778 1507 Verbum.
1825 1453 2058 1507 Attende

481 1552 686 1608 autem,
725 1543 997 1613 quomodo
1030 1543 1131 1599 hoc
1169 1543 1286 1598 vult
1321 1543 1592 1612 probare:
1645 1543 1835 1598 scribit
1870 1551 2056 1597 "autem

485 1635 578 1709 [Β.
609 1635 745 1707 XLI]
771 1657 786 1692 :
811 1636 1010 1691 Eorum
1037 1641 1096 1700 >14
1119 1636 1369 1692 doctores
1399 1650 1519 1690 cum
1540 1644 1746 1689 tantum
1771 1650 1877 1689 non
1905 1648 2060 1690 vere-

483 1735 673 1782 rentur
703 1725 1032 1781 mentionem
1075 1725 1235 1781 Verbi
1265 1726 1445 1780 facere
1464 1766 1480 1790 ,
1511 1725 1652 1795 quod
1667 1725 1742 1778 ad
1769 1726 1909 1780 hunc
1938 1739 2056 1779 mo-

2790 851 2948 904 ΚΕΦ.
2981 852 3105 904 KA’.

2159 944 2360 1009 ὀπως
2388 940 2742 1010 Μάρκελλος
2768 939 2895 1004 τοῖς
2913 942 3118 1008 λόγοις
3141 939 3250 1010 τοῦ
3278 939 3447 1004 Θεοῦ,
3473 935 3608 1008 τοῖς
3627 942 3732 995 τῶν

2228 1008 2539 1137 ἔρακτῗων
2569 1009 3065 1080 παραγγελτικοῖς
3089 1008 3199 1063 τόν
3217 1010 3526 1082 μονογενῆ
3549 1012 3732 1082 Λόγον

2270 1099 2436 1152 φωμο
2463 1099 2553 1135 ου.

2229 1173 2341 1244 (56)
2384 1171 2450 1226 Ὅ
2479 1172 2790 1244 θαυμαστὸς
2813 1163 2968 1236 οὗτος
2991 1171 3102 1226 τῶν
3130 1170 3366 1243 Χριστοῦ
3388 1172 3569 1242 λόγων
3599 1173 3735 1227 διδά-

2161 1264 2382 1329 σκαλος,
2407 1264 2508 1328 τὰς
2544 1262 2766 1327 ἐντολὰς
2802 1263 2895 1318 τοῦ
2923 1262 3078 1327 Θεοῦ,
3105 1264 3197 1316 καὶ
3225 1263 3352 1327 τοὺς
3377 1263 3737 1335 παραγγελτι-

2158 1357 2291 1421 κοὺς
2329 1358 2438 1410 τῶν
2463 1355 2748 1428 πρακτέων
2772 1354 2983 1425 λόγους,
3007 1355 3116 1410 ἀπὸ
3135 1355 3234 1425 τῆς
3258 1354 3407 1418 θείας
3425 1355 3740 1424 συναγαγὼν

2158 1449 2404 1521 Γραφῆς,
2429 1448 2670 1502 τοιοῦτόν
2693 1464 2815 1502 τινα
2841 1447 3091 1520 ὁρίζεται
3122 1448 3213 1500 τὸν
3241 1447 3312 1501 ἐν
3339 1445 3501 1516 ἀρχῇ
3527 1449 3736 1516 Λόγον.

2170 1541 2502 1596 Ἐπάκουσον
2533 1540 2610 1605 δὲ,
2643 1540 2792 1604 ὅπως
2816 1538 2992 1593 ταῦτα
3021 1540 3275 1610 συνιστᾷν
3309 1540 3595 1609 πειρᾶται,
3626 1539 3741 1592 τοῦ·

2157 1649 2250 1686 τον
2273 1630 2500 1704 γράφων
2525 1631 2616 1685 τὸν
2643 1631 2865 1702 τρόπον·
2909 1629 3029 1684 Τῶν
3057 1631 3115 1684 δὲ
3149 1631 3513 1685 διδασκόντων
3544 1633 3742 1697 αὐτοὺς

2160 1722 2350 1795 ὥσπερ
2387 1722 2721 1794 αἰδουμένων
2759 1723 2872 1795 (57)
2927 1723 3238 1795 μεμνῆσθαι
3290 1724 3387 1777 τοῦ
3436 1724 3638 1793 Λόγου,
3689 1725 3742 1777 ὃν

483 1817 610 1872 dum
635 1831 821 1872 omnes
861 1817 1054 1872 divinae
1085 1815 1379 1886 Scriptura;
1403 1817 1718 1878 praedicant.
1741 1815 1890 1870 Unus
1915 1817 2059 1870 enim

2173 1815 2305 1870 οὕτω
2338 1818 2506 1870 πᾶσαι
2535 1817 2594 1869 αἱ
2615 1815 2756 1870 θεῖαι
2794 1817 3122 1888 κηρύττουσι
3155 1817 3401 1888 Γραφαί·
3439 1820 3468 1871 ό
3500 1818 3604 1890 μὲν
3636 1818 3743 1890 γὰρ

483 1908 637 1973 dicit,
674 1907 841 1962 Verbo
868 1909 1080 1962 Domini
1120 1908 1320 1975 ﬁrmati
1346 1917 1465 1962 sunt
1494 1906 1696 1962 mli".
1729 1908 1794 1961 Et
1842 1907 2059 1973 iterum,

2163 1908 2291 1980 περὶ
2315 1907 2482 1962 αὑτοῦ
2504 1907 2674 1976 λέγει·
2705 1906 2796 1974 Τῷ
2819 1909 2980 1976 λόγῳ
3002 1907 3222 1976 Κυρίου
3242 1911 3297 1962 οἰ
3313 1910 3556 1978 οὐρανοί
3582 1910 3744 1963 ἐστε-

485 1997 677 2055 Emisit
694 1999 929 2057 Verbum
953 2017 1108 2056 suum
1128 2011 1178 2056 et
1201 2002 1405 2056 sanavit
1425 2003 1581 2055 eos”.
1605 2001 1671 2054 Et
1693 1999 1946 2055 Salomon
1967 2001 2060 2067 ait,

2173 1997 2505 2067 οεώθησαν·
2560 1993 2717 2062 αὖθίς
2761 2015 2822 2052 τε
2869 2001 2898 2052 ό
2943 1999 3130 2063 αὐτὸς,
3170 1999 3602 2065 Ἐξαπέστειλε
3645 2003 3744 2055 τὸν

485 2092 734 2158 ριιωνεηι
764 2108 845 2145 me
882 2092 1126 2161 improbi,
1165 2101 1212 2146 et
1244 2106 1348 2145 non
1390 2091 1648 2144 invenient
1687 2105 1706 2144 :
1734 2089 1951 2144 oderunt
1983 2102 2060 2144 et-

485 2180 976 2249 enim-sapientiam,
995 2193 1041 2236 et
1067 2180 1293 2236 Verbum
1316 2181 1525 2236 Domini
1547 2198 1649 2235 non
1671 2183 2012 2236 curaverunt"
2017 2183 2057 2237 ".

484 2273 650 2329 Isaias
681 2287 944 2343 quoque:
991 2273 1068 2326 De
1103 2272 1234 2328 Sion
1267 2265 1426 2327 exibit
1462 2273 1566 2337 lex,
1600 2283 1649 2326 et
1696 2271 1919 2326 Verbum
1965 2274 2066 2328 Do-

484 2366 617 2418 mini
660 2365 724 2418 de
751 2363 1043 2420 Jerusalem
1066 2365 1134 2422 ⁷⁸.
1182 2364 1248 2418 Et
1287 2362 1572 2430 Jeremias,
1627 2362 1906 2434 Pudefacli
1941 2373 2061 2418 sunt

484 2459 765 2525 sapientes,
800 2465 850 2510 et
911 2457 1182 2524 terrefacti
1239 2467 1385 2520 sunt,
1435 2465 1485 2510 et
1523 2455 1685 2510 locuti
1737 2466 1876 2519 sunt,
1925 2457 2061 2526 quod

498 2543 719 2602 Verbum
750 2547 961 2601 Domini
985 2546 1279 2615 reiecerunt
1302 2549 1370 2600 7°.
1409 2547 1476 2600 Et
1497 2545 1683 2611 Oscos,
1742 2546 1978 2603 Oderunt
2007 2548 2061 2600 in

484 2640 652 2707 portis
701 2639 1080 2708 increpantem,
1133 2648 1181 2693 et
1232 2639 1442 2694 verbum
1491 2650 1728 2692 sanctum
1772 2637 2061 2692 abominati

485 2741 604 2783 sunt
629 2730 698 2784 ⁸³.
735 2729 992 2785 Michaaas
1015 2730 1266 2786 similiter
1288 2730 1450 2786 Verbi
1491 2731 1758 2799 meminit,
1789 2739 1851 2784 ut
1872 2729 2058 2797 Isaias,

486 2821 565 2875 De
591 2819 743 2889 Sion,
783 2822 1060 2891 inquiens,
1105 2824 1265 2877 exibit
1297 2824 1402 2886 lex.
1434 2833 1483 2877 et
1509 2821 1736 2877 Verbum
1768 2825 1977 2878 Domini
1999 2826 2062 2877 de

485 2909 805 2968 Jerusalem.
839 2913 972 2968 Haec
997 2923 1281 2983 postquam
1310 2924 1367 2969 et
1417 2915 1503 2970 his
1543 2915 1738 2968 similia
1769 2929 2062 2987 coacervae

485 3009 660 3066 verat,
697 3002 1070 3058 conﬁrmatam
1093 3019 1245 3058 suam
1277 3014 1426 3060 retur
1461 3003 1530 3058 ab
1556 3004 1676 3060 istis
1707 3005 2057 3060 sententiam.

2161 2093 2355 2160 Λόγον
2382 2091 2593 2157 αὐτοῦ,
2619 2092 2718 2145 καὶ
2754 2091 2964 2146 ἰάσατο
2987 2093 3231 2159 αὐτούς.
3249 2093 3501 2165 Σολομῶν
3527 2093 3609 2159 δὲ,
3635 2097 3743 2162 Ζη-

2161 2180 2422 2249 τήσουσί
2439 2199 2515 2252 με
2540 2183 2734 2247 κακοὶ,
2760 2184 2857 2237 καὶ
2885 2185 2998 2253 οὐχ
3025 2183 3416 2253 εὑρήσουσιν,
3444 2185 3747 2256 ἐμίσησαν

2160 2271 2274 2340 γὰρ
2299 2272 2546 2341 σοφίαν,
2567 2270 2674 2325 τὸν
2701 2270 2770 2324 δὲ
2791 2271 2985 2340 Λόγον
3004 2273 3230 2339 Κυρίου
3267 2274 3338 2326 οὐ
3370 2272 3741 2340 προείλοντο.

2173 2362 2399 2426 Ἡσαΐας
2437 2375 2520 2414 τεο
2562 2363 2665 2416 Ἐκ
2696 2361 2850 2416 Σιὼν
2879 2363 3265 2427 ἐξελεύσεται
3292 2361 3405 2432 (58)
3437 2364 3627 2432 νόμος
3652 2364 3748 2417 καὶ

2162 2454 2352 2522 Λόγος
2368 2454 2587 2522 Κυρίου
2611 2454 2681 2520 ἐξ
2717 2453 3129 2524 Ἰερουσαλήμ
3150 2455 3245 2508 καὶ
3268 2451 3423 2519 αὖθις
3456 2455 3748 2527 Ἱερεμίας

2173 2545 2606 2616 ’ῌσχύνθησαν
2638 2547 2844 2616 σοφοὶ,
2876 2547 3031 2618 φησὶ,
3067 2547 3167 2600 καὶ
3194 2546 3612 2614 ἐπτοήθησαν,
3653 2547 3751 2601 καὶ

2159 2637 2500 2706 ἐλάλησαν,
2536 2637 2626 2692 ὅτι
2650 2638 2759 2692 τόν
2786 2639 2973 2708 λόγον
3009 2635 3162 2710 [τοῦ]
3218 2637 3330 2709 (59)
3361 2639 3592 2708 Κιιφίου
3642 2640 3750 2693 ὰπ-

2160 2727 2548 2797 εδοκίμασαν.
2567 2730 2678 2782 Καὶ
2719 2730 2876 2802 Ὠσηὲ
2906 2730 3018 2801 (40)
3051 2730 3108 2784 δὲ
3135 2734 3164 2784 ό
3192 2733 3495 2803 προφήτης,
3520 2733 3754 2802 Ἐμίση-

2161 2830 2300 2884 σαν,
2326 2819 2452 2892 ἔφη,
2487 2821 2558 2874 ἐν
2584 2821 2801 2888 πύλαις
2829 2821 3179 2892 ἐλέγχοντα,
3214 2823 3313 2876 καί
3347 2825 3538 2893 λόγον
3581 2823 3757 2878 ὅσιον

2159 2908 2578 2974 ἐϐδελύξαντο.
2612 2913 2850 2984 Μιχαίας
2871 2931 2932 2966 τε
2959 2915 3160 2984 ὁμοίως
3184 2917 3276 2968 καὶ
3305 2916 3468 2980 αὐτὸς
3497 2917 3632 2989 περὶ
3663 2916 3754 2970 τοῦ

2162 3000 2333 3071 Λόγου
2363 3002 2735 3074 μνημονεύων,
2773 3005 2872 3060 Ἐκ
2892 3005 3057 3071 Σιὼν,
3087 3007 3210 3078 ἔφη,
3237 3008 3627 3072 ἐξελεύσεται
3653 3012 3753 3064 νό-

488 3090 624 3150 Vide
651 3105 829 3150 autem
858 3095 1004 3165 quod
1042 3095 1256 3151 diversa
1291 3095 1358 3150 de
1386 3094 1684 3164 Scripturis
1721 3094 1944 3151 collecta
1983 3106 2060 3150 te-

2173 3111 2294 3160 μος,
2342 3093 2442 3148 καὶ
2468 3097 2658 3166 Λόγος
2707 3098 2931 3166 Κυρίου
2983 3098 3051 3164 ἐξ
3111 3100 3524 3170 Ἰερουσαλήμ.
3566 3101 3755 3155 Ταῦτα

488 3181 744 3236 stimonia
774 3183 827 3237 in
852 3198 1016 3238 unum
1043 3182 1273 3254 coniecit
1303 3183 1564 3238 :missum
1596 3183 1688 3238 Dei
1715 3181 1951 3240 Verbum
1986 3200 2068 3241 sae

488 3271 764 3326 lutiferum
790 3272 919 3328 illud
947 3283 1003 3330 et
1030 3274 1356 3340 curativum,
1387 3274 1720 3331 confundens
1741 3291 1863 3332 cum
1888 3278 2068 3333 admo-

490 3362 690 3417 nitorio
725 3364 1056 3431 agendorum
1093 3363 1279 3420 verbo.
1313 3362 1445 3419 Illud
1490 3367 1711 3431 etenim,
1732 3365 1979 3422 Oderunt
2010 3369 2067 3422 in

487 3454 654 3521 portis
702 3455 1076 3520 increpantem,
1127 3467 1174 3509 et
1203 3453 1438 3509 Verbum
1484 3468 1723 3509 sanctum
1782 3458 2066 3512 abominati

489 3551 609 3594 sunt
643 3557 662 3596 :
695 3544 967 3613 quodnam
998 3545 1154 3600 nobis
1202 3544 1505 3600 subindicat
1546 3544 1813 3600 Verbum?
1844 3560 2066 3616 prorsus

486 3631 622 3687 illud
651 3648 762 3703 quo
786 3634 853 3690 de
909 3635 1070 3704 justis
1107 3635 1415 3691 actionibus
1467 3643 1522 3691 et
1563 3637 1767 3692 sanctis
1822 3638 2066 3694 homines

491 3723 914 3779 com-monebunt
947 3743 963 3781 :
1004 3725 1246 3792 omnino,
1300 3725 1513 3796 quidvis
1553 3728 1730 3796 potius
1770 3741 1930 3797 quam
1973 3729 2064 3783 Fi-

487 3811 621 3866 lium
654 3812 748 3868 Dei
772 3813 1012 3883 profiteri
1036 3814 1168 3882 vult,
1200 3826 1453 3886 tanquam
1479 3817 1567 3886 qui
1599 3817 1919 3874 mentionem
1949 3818 2066 3888 ejus

493 3903 673 3958 facere
703 3913 992 3960 metueret.
1018 3905 1126 3962 Nos
1157 3907 1410 3964 novimus
1441 3907 1534 3964 Dei
1574 3908 1768 3963 Filium
1804 3912 2064 3980 prapriis-

491 3995 630 4050 sime
669 4010 794 4052 .esse
836 3997 1058 4063 Filium,
1090 4013 1220 4054 vere
1274 4000 1604 4070 unigenitum
1635 4001 1775 4056 Dei:
1827 4001 2064 4059 Verbum

491 4101 706 4156 quoque
734 4090 981 4145 eumdem
1006 4104 1128 4146 esse
1147 4092 1314 4161 probe
1348 4093 1637 4160 novimus;
1659 4095 1755 4150 sed
1780 4110 1884 4150 non
1916 4097 2066 4151 simi-

488 4177 542 4232 )e
574 4178 812 4233 humano
870 4179 1176 4250 cuicunque
1227 4182 1412 4238 verbo.
1469 4184 1538 4236 At
1584 4183 1742 4253 quale
1770 4194 1940 4254 paret,
1994 4202 2066 4242 ae-

490 4283 656 4336 quum
703 4279 789 4324 est
841 4280 1058 4327 exstare
1106 4269 1342 4327 Verbum
1371 4272 1466 4328 Dei
1509 4273 1710 4336 vivum,
1745 4277 2064 4345 subsistens,

488 4371 745 4431 tanquam
773 4363 862 4431 qui
895 4364 964 4417 sit
989 4363 1175 4420 Filius.
1208 4363 1262 4419 is
1283 4380 1412 4420 vero
1438 4365 1668 4421 Verbum
1691 4367 2061 4436 ind-icativum,

2168 3185 2272 3258 [δὲ]
2290 3183 2404 3258 (41)
2425 3189 2519 3241 καὶ
2539 3187 2609 3242 τὰ
2625 3187 2834 3254 τούτοις
2849 3189 3051 3261 ἀδελφὰ
3069 3190 3414 3261 συναγαγὼν,
3457 3193 3755 3265 κρατύνειν

2164 3276 2253 3330 διὰ
2271 3276 2475 3332 τούτων
2490 3278 2588 3350 τὴν
2609 3280 2801 3334 ἑαυτοῦ
2821 3281 2976 3347 δόξαν
2997 3284 3234 3354 ἡγεῖται.
3257 3284 3401 3356 Ὅρα
3416 3283 3472 3337 δὲ
3495 3285 3620 3349 πῶς
3645 3285 3754 3355 (42)

2167 3369 2342 3440 φορὰς
2387 3370 2487 3435 τὰς
2515 3372 2624 3426 ἀπὸ
2655 3373 2757 3442 τῆς
2807 3373 2958 3438 θείας
2990 3375 3213 3447 Γραφῆς
3261 3379 3568 3450 μαρτυρίας
3617 3378 3755 3449 ὁμοῦ

2168 3459 2465 3531 συνήγαγε,
2495 3461 2704 3517 καὶτὸν
2729 3465 3193 3536 ἀποστελλόμενον
3220 3466 3336 3539 (45)
3365 3468 3461 3522 τοῦ
3493 3469 3638 3523 Θεοῦ
3662 3472 3760 3524 Λό-

2165 3570 2283 3623 γον,
2338 3556 2430 3610 τὸν
2473 3557 2759 3629 σωτήριον,
2791 3559 2885 3611 καὶ
2931 3560 3160 3624 ἰατικὺν,
3204 3562 3298 3614 καὶ
3336 3561 3428 3615 τὸν
3469 3562 3584 3615 τῶν
3610 3581 3760 3635 πρα-

2165 3647 2339 3701 κτέων
2358 3649 2893 3720 παραγγελτικόν.Τὸ
2919 3654 3048 3726 γὰρ,
3081 3655 3414 3726 Ἐμίσησαν
3431 3658 3502 3710 ἐν
3519 3660 3757 3723 πύλαις

2163 3739 2510 3811 ἐλέγχοντα,
2550 3745 2648 3797 καὶ
2681 3746 2867 3816 λόγον
2903 3745 3076 3801 ὅσιον
3123 3749 3547 3816 ἐϐδελύξαντο,
3601 3756 3764 3805 ποῖον

2166 3829 2476 3884 ὑποτίθεται
2501 3832 2708 3901 Λόγον;
2737 3833 2770 3906 ἢ
2801 3832 3019 3900 πάντως
3052 3853 3154 3890 που
3184 3836 3276 3889 τὸν
3297 3837 3427 3909 περὶ
3453 3837 3564 3891 τῶν
3589 3839 3766 3891 ὁσίων

2167 3919 2276 3990 (44)
2324 3923 2417 3975 καὶ
2446 3922 2670 3978 δικαίων
2693 3925 2943 3997 πράξεων
2996 3927 3452 3998 παραγγελτικόνο
3488 3929 3682 3984 πάντα
3709 3949 3764 3983 τε

2169 4011 2368 4081 μᾶλλον
2415 4012 2450 4084 ἢ
2498 4013 2588 4069 τὸν
2633 4015 2763 4070 Υἰὸν
2805 4015 2900 4069 τοῦ
2951 4015 3085 4071 Θεοῦ
3136 4019 3417 4090 ὁμολογεῖν
3476 4021 3760 4092 βούλεται,

2163 4101 2352 4176 ὥσπερ
2374 4105 2686 4177 αἰδούμενος
2718 4108 3088 4179 μνημονεῦσαι
3117 4111 3211 4165 τοῦ
3237 4111 3385 4165 Υἰοῦ.
3427 4112 3630 4184 Ἡμεῖς
3663 4115 3763 4185 μὲν

2163 4192 2273 4265 γὰρ
2327 4194 2548 4267 οἴδαμεν
2594 4198 2684 4251 τὸν
2732 4200 2859 4254 Υἰὸν
2909 4201 3003 4255 τοῦ
3047 4202 3181 4256 Θεοῦ
3223 4203 3568 4275 κυριώτατον
3627 4208 3764 4261 ὄντα

2164 4283 2314 4348 Υἰὸν,
2355 4287 2452 4340 καὶ
2483 4287 2700 4360 ἀληθῶς
2733 4293 2994 4364 μονογενῆ
3038 4292 3134 4347 τοῦ
3163 4294 3320 4360 Θεοῦ,
3355 4297 3449 4350 καὶ
3489 4297 3678 4366 Λόγον
3707 4298 3762 4352 δὲ

2162 4374 2327 4427 αὐτὸν
2356 4375 2599 4446 ἀκριϐῶς
2634 4379 2798 4449 ἴσμεν
2828 4381 2925 4451 οὐχ
2957 4382 3138 4452 ὅμοιον
3175 4381 3253 4453 τῷ
3298 4384 3356 4435 ὲν
3397 4383 3723 4456 ἀνθρώποις
3743 4400 3757 4416 ⁸

487 4460 543 4504 et
575 4451 905 4520 agendorum
939 4453 1514 4510 commonefactorium
1549 4456 1912 4524 inlroducens,
1954 4481 2058 4514 ιιυιι

2173 4465 2276 4518 ἀλλ’
2297 4462 2412 4520 οἷον
2440 4471 2706 4540 προσήκει
2735 4475 2875 4525 νοεῖν
2911 4473 3024 4544 (45)
3057 4474 3192 4528 Θεοῦ
3220 4451 3413 4544 Λόγον,
3443 4451 3638 4541 ζῶντα
3671 4482 3762 4533 καὶ

487 4540 757 4598 immerito
776 4541 974 4599 Filium
1004 4544 1098 4600 Dei
1129 4545 1374 4601 conﬁteri
1404 4554 1658 4616 gravatur
1685 4560 1843 4616 quem
1880 4550 2058 4619 reipsa

486 4633 800 4702 abnegavit.

2165 4556 2451 4624 ὑφεστῶτα
2476 4561 2554 4623 ὡς
2586 4560 2713 4614 Υἰόν
2749 4562 2881 4633 (46)⁶
2918 4565 2947 4616 ὁ
2977 4564 3036 4618 δὲ
3067 4563 3226 4634 λόγον
3279 4569 3629 4638 σημαντικὸν
3668 4572 3763 4625 καὶ

2161 4645 2269 4698 τῶν
2289 4648 2578 4718 πρακτέων
2600 4652 3034 4722 παραγγελτικὺν
3056 4655 3313 4724 εἰσάγων,
3331 4658 3564 4724 εἰκότως
3586 4660 3762 4714 ὤκνει.

2160 4735 2254 4788 τὸν
2281 4737 2407 4792 Υἰὸν
2430 4741 2731 4811 ὁμολογεῖν,
2766 4743 2826 4798 ὃν
2858 4745 3006 4817 αὐτῷ
3033 4746 3179 4820 ἔργῳ
3205 4750 3444 4820 ἠρνεῖτο.

564 4863 624 4951 >I;
662 4858 1139 4951 Ed...l:aris._,pag;
1176 4865 1420 4951 Min"
1457 4862 1683 4951 Joan_._l,
1718 4865 1804 4922 l8.
1877 4869 1924 4902 ’⁵
1956 4869 2056 4927 Psa

2176 4891 2284 4932 un
2341 4879 2398 4932 7.
2469 4879 2518 4913 "
2547 4880 2690 4938 Psal.
2723 4899 2834 4951 οτι,
2867 4884 2956 4940 20.
3008 4887 3055 4919 τ’
3094 4886 3255 4944 Prov.
3285 4905 3398 4946 xuv.
3431 4889 3489 4947 6.
3568 4893 3620 4924 ⁷³
3653 4894 3760 4949 lsa.

492 4941 554 4990 ιι,
589 4929 643 4982 5.
727 4931 772 4962 ⁷⁸
803 4931 918 4988 Jer.
959 4929 1162 5000 vrit,'9.
1237 4935 1284 4968 ⁸⁸
1316 4934 1441 4992 Ose.
1474 4951 1550 5002 rx,
1583 4935 1670 4990 17.

563 5070 678 5148 (56)
708 5071 882 5148 Caput
916 5074 987 5128 24
1027 5075 1337 5148 immediate
1365 5073 1637 5148 dependet
1679 5088 1707 5129 a
1742 5078 2037 5148 superiore,

491 5144 761 5214 pendente
782 5143 959 5198 adhuc
993 5145 1258 5214 sententia
1297 5145 1512 5214 prioris.
1540 5143 1608 5214 Μ.

487 5279 823 5355 αἰδούμενος.
856 5279 1205 5355 M.[Sec_ntus
1229 5299 1349 5340 sum
1377 5280 1562 5355 codd]

582 5350 674 5424 ἒξ)
702 5351 880 5424 Vulgo
904 5350 1273 5424 ὲξελεύσηται.

558 5351 674 5560 ἓῦὃ)
713 5351 880 5431 Vung
904 5351 1151 5424 ὲξελεύση

582 5420 650 5474 ‘59
701 5420 809 5473 Τοο
847 5437 956 5479 om.
994 5424 1151 5477 codd.

581 5489 651 5560 40
706 5489 817 5544 luto
866 5491 1046 5560 Ἀμώς
1091 5507 1142 5557 v,

488 5489 817 5629 ὸμὲἶῖὲιιιιο
866 5491 1046 5563 Ἀμώς
1091 5507 1142 5557 v,
1196 5493 1286 5552 10.
1348 5491 1468 5549 Mox
1527 5490 1685 5563 vulgo
1738 5494 1901 5562 αὐτὸς
1963 5498 2058 5553 καὶ

491 5709 683 5764 συναγ.

2225 5085 2339 5171 (μ)
2362 5088 2802 5171 Τῼσξωςρόρας.
2849 5090 3046 5171 Facilis
3108 5095 3422 5171 corr_ectio,_
3449 5097 3758 5171 διαφοράς·

2163 5158 2256 5236 sed
2284 5159 2412 5236 quid
2440 5162 2483 5214 si
2512 5158 2688 5232 φύρας
2711 5163 2957 5236 legatur?
2983 5172 3130 5218 certe
3154 5166 3298 5219 enim
3335 5158 3452 5219 vult
3475 5158 3602 5222 eut'n
3632 5158 3763 5236 ‘pci.

685 5211 934 5306 :go'xgp
949 5280 964 5306 Γ
977 5209 1367 5306 ἓξόουιιένών.
1383 5212 1524 5306 “Slic
1542 5280 1562 5306 1
1575 5213 1878 5284 legendum,
1947 5233 2054 5275 non

2173 5209 2440 5306 nisginisse
2463 5209 2646 5284 omnia
2664 5209 2876 5299 vsus'que
2909 5209 3130 5306 deque?

2160 5295 2533 5374 στελλόμενον,
2555 5310 2615 5374 ut
2640 5311 2773 5374 erat
2790 5295 2845 5355 in
2869 5295 3150 5374 mar—ginta.
3194 5303 3266 5358 M.

2355 5367 2536 5440 Vulgo
2556 5370 2936 5428 ἁποστολικόν.

2371 5435 2542 5516 Χιιίᾇο
2567 5440 2784 5504 πάντως
2809 5441 2998 5516 τοῦτον
3028 5442 3159 5514 περὶ
3194 5443 3294 5516 τὴν
3322 5445 3515 5502 ὁσίων.

2232 5506 2344 5579 (45)
2371 5506 2541 5579 νιιΙᾴο
2580 5526 2688 5564 om.
2723 5514 2884 5566 νοεῖν.

2227 5576 2652 5663 (ᾁϐλὩςῪὶόν.
2691 5581 2866 5651 Deest,
2896 5583 3108 5655 opinor,
3127 5583 3373 5656 νομίζειν
3405 5598 3528 5658 post
3563 5605 3752 5663 προσ-

722 5627 913 5687 Omitt.
944 5630 1126 5692 codd.:
1166 5633 1290 5690 dein
1313 5631 1471 5703 vulgo
1517 5633 1612 5688 καὶ
1644 5633 1853 5700 τούτοις
1883 5637 2046 5709 ὅμοια

2173 5627 2384 5716 axitia.
