3828 6222
128 314 236 374 965

745 426 913 481 -ΚΕιῐλ
956 427 1084 482 K-E’.

321 519 578 584 Ὅπως-’ό
597 517 778 584 αὐτὸς
806 519 995 583 ἑαυτῷ
1017 519 1260 573 ἐναντία
1291 519 1532 590 ἔγραψε.

199 607 332 665 Εἶτα
361 612 454 665 καὶ
491 610 652 674 αὐτὸς
687 611 864 682 ἑαυτῷ
901 611 1162 665 τάναντία
1192 611 1304 682 (47)
1346 613 1572 685 γράφων
1602 629 1703 665 ουκ

123 702 394 757 αἴσθεται.
434 703 523 756 Ἐν
549 701 882 772 ὲτέροιςμὲν
912 701 1022 772 γάρ
1051 702 1460 772 διῖσχυρίζεται,
1499 703 1702 774 μηδένα

122 789 222 842 τοῦ
267 790 527 862 προτέρου
573 789 724 854 λαοῦ,
758 790 826 844 τὰ
874 790 1016 844 κατὰ
1059 790 1150 844 τὸν
1177 791 1348 858 Λόγον
1385 795 1698 862 ἐγνωκέναι.

122 882 440 953 Μυστήριον
467 881 573 953 γὰρ
588 878 725 934 εἶναι
753 882 1266 954 ἀποκεκρυμμένον.
1292 885 1494 957 Γράφει
1517 886 1573 938 δὲ
1598 880 1700 940 ὧδε

125 973 319 1036 αὐταῖς
347 973 525 1040 λέξεσι
543 990 558 1004 ο
595 992 613 1024 ι
639 973 703 1025 Τί
728 974 836 1046 γὰρ
861 974 1044 1046 ἕτερον
1080 973 1149 1047 ἦν
1177 978 1665 1050 ἀποκεκρυμμένον
1683 1020 1698 1045 ,

133 1081 154 1113 ι
169 1068 464 1134 μυστήριον
484 1065 517 1134 ἤ
544 1065 602 1117 τὸ
627 1065 768 1118 κατὰ
789 1067 880 1119 τὸν
901 1067 1071 1135 Λόγον
1098 1067 1270 1132 ;οὗτω
1285 1070 1340 1123 δὲ
1359 1070 1469 1141 (48)
1486 1068 1552 1141 ἦν
1567 1072 1702 1125 ἀπο-

131 1171 151 1203 (
175 1154 552 1225 κεκρυμμένον
576 1155 635 1208 ὲν
661 1149 896 1227 τῷΘεῷ,
931 1159 1082 1211 τουτί
1115 1159 1377 1231 πρότερον
1412 1161 1472 1214 τὸ
1499 1163 1702 1232 μυστή-

129 1262 151 1295 ι
183 1262 317 1315 ριον,
340 1245 480 1300 ὥστε
518 1246 721 1318 μηδένα
764 1249 858 1301 τοῦ
894 1249 1157 1320 προτέρου
1193 1250 1344 1316 λαοῦ,
1402 1252 1587 1321 σαφῶς
1635 1255 1702 1309 τά

125 1350 149 1384 c
168 1334 308 1386 κατὰ
329 1334 417 1388 τὸν
445 1335 616 1404 Λόγον
636 1335 859 1389 εἰδέναι·
890 1337 1002 1390 ἀλλ’
1030 1340 1196 1409 ἡμᾶς,
1222 1340 1316 1394 τοῦ
1347 1340 1577 1396 πλούτου
1603 1344 1703 1414 τῆς

125 1441 149 1475 ι
177 1424 335 1496 δόξης
392 1426 486 1478 καί
527 1425 620 1480 τοῦ
669 1427 1160 1501 ἀποκεκρυμμένου
1222 1435 1519 1506 μυστηρίου
1566 1437 1700 1490 ἀπο-

127 1533 152 1567 (
176 1515 362 1570 λαύειν
384 1517 519 1572 νυνί.
547 1538 566 1570 ι
587 1519 696 1572 Καὶ
724 1515 878 1584 αὖθις
911 1521 1170 1591 ἐπιλέγει,
1192 1544 1210 1575 ι
1235 1525 1291 1576 '0
1307 1525 1362 1579 δὲ
1398 1527 1540 1598 ἱερὸς
1568 1528 1703 1580 ἁπό-

130 1626 152 1660 c
173 1607 356 1672 στολός
381 1626 441 1661 τε
471 1611 563 1663 καὶ
592 1610 835 1683 μαθητὴς
860 1612 952 1666 τοῦ
981 1615 1184 1686 Κυρίου
1222 1617 1490 1688 Ἰωάννης,
1517 1619 1702 1688 σαφῶς

127 1718 149 1751 α
173 1700 270 1752 καὶ
314 1701 606 1772 διαρρήδην
631 1704 688 1755 ὲν
733 1704 872 1775 ἀρχῇ
908 1705 1004 1758 τοῦ
1043 1707 1374 1778 Εὐαγγελίου
1412 1711 1698 1775 διδάσκων,

1095 313 1180 368 DE
1220 313 1754 371 ECCLESIASTICA
1791 315 2177 372 THEOLOGIA
2210 317 2344 373 LIB.
2389 315 2446 372 ΙΙ.

1734 437 1782 492 Α

3273 309 3380 370 966

2414 428 2564 484 CAP.
2601 425 2762 483 XXV.

2073 520 2313 586 Qualiter
2339 521 2438 575 sibi
2471 521 2570 589 ipsi
2601 518 2865 573 contraria
2893 516 3105 571 scribat.

1872 607 1988 665 Non
2039 611 2286 682 intelligit
2318 626 2480 682 porro
2511 612 2655 681 quod
2699 609 2800 664 sibi
2831 608 2930 676 ipsi
2959 606 3376 662 contradictoria

1803 703 2014 760 scribit.
2052 701 2263 757 Alicubi
2304 701 2570 770 siquidem
2597 707 2982 755 asseveranter
3015 694 3224 762 statuit,
3254 694 3378 749 nul-

1804 795 1910 848 lum
1953 795 2174 864 penitus
2213 793 2278 848 de
2321 792 2542 861 antiquo
2595 790 2686 846 illo
2737 787 2932 858 populo
2982 785 3270 857 quidquam
3309 787 3377 839 de

1804 884 1981 941 Verbo
2011 886 2346 954 cognovisse.
2395 883 2531 937 Nam
2562 891 2678 936 erat
2701 880 3018 950 mysterium
3058 884 3118 942 ὦ
3144 877 3378 931 abscon-

1803 978 1993 1044 (iitum,
2021 977 2216 1046 inquit.
2250 969 2425 1029 Verba
2457 970 2571 1044 ejus
2596 981 2722 1027 sunt
2743 971 2845 1042 *[Β.
2870 970 3032 1037 XLV,
3069 969 3192 1023 coll.
3223 983 3276 1032 p.
3303 967 3376 1020 40

1805 1060 1869 1140 D]
1903 1084 1917 1122 :
1960 1063 2139 1134 (Quid
2169 1067 2311 1121 aliud
2339 1075 2453 1119 erat
2485 1068 2796 1136 mysterinm
2822 1063 2948 1118 illud
2973 1063 3372 1120 absconditum,

1808 1179 1828 1210 ‹
1853 1175 2009 1228 quam
2040 1157 2166 1212 illud
2202 1158 2265 1212 de
2286 1151 2507 1210 Verbo?
2561 1156 2690 1209 Nam
2724 1165 2842 1209 erat
2904 1155 3005 1208 hoc
3054 1152 3372 1223 mysterium

1809 1271 1826 1302 ‹
1851 1251 1985 1306 adeo
2009 1250 2134 1304 olim
2168 1250 2220 1304 in
2248 1248 2368 1303 'Deo
2394 1248 2788 1312 absconditum,
2823 1255 2883 1300 ut
2915 1259 2945 1300 e
2967 1246 3132 1315 priori
3163 1244 3252 1298 illo
3279 1258 3376 1313 po-

1808 1361 1827 1391 ι
1850 1342 1994 1412 pulo,
2023 1341 2197 1396 nullus
2223 1341 2380 1410 plane
2410 1340 2512 1396 hoc
2545 1342 2718 1409 ipsum
2760 1338 3099 1408 intelligeret.
3132 1336 3237 1392 Sed
3276 1350 3375 1390 no-

1809 1433 1933 1486 cbis
1973 1431 2084 1500 jam
2131 1446 2382 1486 concessa
2440 1440 2522 1486 est
2581 1430 2768 1486 fruitio
2822 1429 3130 1484 divitiarum
3191 1428 3375 1496 gloriae

1809 1544 1826 1575 ι
1855 1524 2040 1594 ipsius,
2078 1532 2133 1579 et
2171 1523 2424 1596 mysterii
2458 1523 2601 1578 illius
2645 1506 3135 1578 reconditissimid
3177 1521 3374 1573 Statim

1803 1632 1934 1670 vero
1995 1615 2261 1669 subiniert
2295 1613 2388 1685 [11.
2421 1611 2584 1667 XLVI
2631 1613 2755 1670 coll.
2808 1627 2865 1681 ι).
2913 1611 2982 1667 56
3027 1612 3069 1666 D
3119 1610 3220 1665 118
3247 1608 3312 1682 Ci
3355 1626 3372 1664 ι

1811 1708 2240 1762 «Ξοηοιίεεὶωιιε
2288 1721 2415 1761 vero
2463 1704 2755 1774 apostolus,
2803 1712 2859 1758 et
2889 1702 3098 1757 Domini
3139 1701 3376 1771 discipu-

107 1809 144 1841 ’1
169 1791 246 1855 ὡς
257 1793 616 1864 ἀγνοούμενον
637 1795 694 1847 ὲν
716 1795 1021 1868 ἀνθρώποις
1040 1800 1322 1872 πρότερον,
1349 1803 1520 1869 Λόγον
1537 1804 1698 1856 αὐτὸν

1807 1821 1824 1851 ι
1851 1801 1930 1855 Ius
1955 1799 2210 1864 Joannes,
2246 1799 2479 1853 exertim
2513 1804 2569 1851 et
2609 1806 2796 1867 aperte
2824 1796 2875 1850 in
2909 1805 3101 1850 exortu
3138 1795 3377 1862 Evange-

124 1901 145 1933 ι
172 1882 270 1936 τοῦ
306 1885 742 1959 παντοκράτορος
777 1887 1078 1960 ὀνομάζων,
1111 1891 1280 1958 οὕτως
1304 1894 1429 1966 ἔφη,
1473 1897 1570 1948 Ἐν
1604 1898 1699 1967 ἀρ-

1806 1891 1926 1954 ιἸἰὶ,
1959 1889 2121 1945 veluti
2154 1889 2244 1959 qui
2279 1889 2493 1941 doceret
2535 1885 2677 1956 quod
2736 1884 2884 1953 prius
2914 1881 3263 1954 ignorabatur
3301 1880 3379 1934 in.

105 1993 146 2024 ’τ
172 1973 259 2044 χῇ
280 1973 358 2047 ἦν
385 1979 417 2030 ὀ
445 1979 652 2048 Λόγος.
684 1999 702 2031 ι
749 1981 838 2034 Ἐν
870 1981 1080 2047 τούτοις
1105 1984 1203 2055 μὲν
1232 1983 1326 2040 οὖν
1351 1988 1699 2060 ἀποκεκρυμ-

105 2067 286 2138 ,μένον
312 2071 608 2141 μυστήριον
653 2071 941 2144 διορίζεται
971 2070 1107 2129 εἶναι
1128 2076 1209 2140 τὸ,
1246 2078 1374 2148 περὶ
1398 2078 1497 2132 τοῦ
1527 2081 1698 2148 Λάγον
1735 2088 1740 2094 ’

109 2159 268 2229 ἔχειν
285 2159 376 2213 τὸν
399 2161 549 2228 Θεὸν,
583 2163 640 2216 ὲν
672 2163 727 2215 δὲ
755 2167 876 2228 ταῖς
904 2159 1104 2237 ἀρτίως
1129 2168 1549 2237 παρατεθείσαις
1572 2187 1701 2242 προ-

110 2254 382 2322 φητικαῖς
408 2255 630 2321 φωναῖς,
650 2254 828 2320 πάσας
849 2256 947 2320 τὰς
974 2256 1122 2321 θείας
1145 2259 1697 2331 Γραφὰςμηρύττειν,

98 2345 192 2399 ’τά
241 2346 370 2417 περί
420 2345 583 2400 αὑτοῦ
634 2347 933 2420 συνίστησι,
974 2349 1068 2403 καὶ
1119 2350 1338 2419 συνάγει
1371 2352 1499 2423 περὶ
1527 2353 1698 2421 Λόγου

116 2433 283 2501 Θεοῦ,
314 2435 571 2500 πλείστας
591 2436 722 2498 ὅσας
754 2437 1077 2510 μαρτυρίας.
1103 2439 1216 2492 Οὐκ
1243 2435 1351 2512 ἄρα
1379 2436 1447 2512 ἧν
1481 2441 1704 2509 ἀγνοού-
1733 2497 1736 2499 .

97 2544 287 2598 ,μενος
313 2527 391 2598 τῷ
423 2529 672 2601 προτέρῳ
697 2529 830 2600 λαῷ·
862 2531 1062 2594 πάντες
1089 2531 1198 2603 γὰρ
1226 2533 1402 2596 αὐτοὶ,
1438 2535 1563 2598 τοὺς
1590 2551 1700 2587 τοι-

102 2618 311 2683 ούτους
342 2619 533 2689 λόγους
565 2621 759 2691 ᾔδεσαν
796 2620 901 2674 άνά
927 2621 1118 2692 στόμα,
1155 2625 1250 2676 καὶ
1273 2623 1361 2678 διὰ
1395 2627 1611 2697 μνήμης
1635 2625 1704 2679 τά

112 2712 437 2782 προφητικά
457 2712 612 2781 λόγια
635 2714 910 2786 φέροντες.
944 2714 1102 2768 Ἀλλά
1121 2716 1211 2770 τὸν
1237 2720 1566 2790 γραμματέα
1594 2720 1702 2772 τῶν

123 2802 400 2857 ’Ἰουδαίων
426 2807 558 2876 ἡμῖν
588 2807 617 2859 ὁ
647 2807 966 2878 Χριστιανὸς
997 2809 1339 2880 προΐσχεται·
1367 2811 1467 2864 οὐκ
1491 2811 1702 2866 ἀκούων

111 2892 216 2946 ιτοῧ
240 2892 490 2965 Σωτῆρος
516 2895 786 2966 λέγοντος,
821 2897 966 2952 Οὐαὶ
1001 2897 1162 2968 ὑμῖν,
1193 2901 1570 2971 γραμματεῖς,
1603 2903 1701 2956 καὶ

115 2985 430 3054 Φαρισαῖοι
450 2989 784 3056 ὑποκριταὶ,
823 2989 1092 3061 θαυμάζει
1120 3009 1179 3045 τε
1222 2992 1384 3046 αὑτὸν
1416 2993 1522 3065 (49)
1556 2994 1702 3066 ὅρκῳ

116 3078 483 3150 πιστούμενον
532 3081 614 3134 ὅτι
653 3079 757 3148 Εἷς
795 3082 966 3137 ἐστιν
1005 3087 1038 3138 ό
1084 3083 1248 3150 Θεὸς,
1294 3085 1391 3139 καὶ
1433 3088 1545 3140 οὐκ
1571 3089 1702 3142 ἐστι

115 3167 291 3236 πλὴν
331 3169 537 3235 αὐτοῦ,
571 3169 672 3224 οὐκ
703 3170 881 3238 εἰδὼς,
917 3173 999 3228 ὅτι
1030 3174 1126 3228 καὶ
1168 3174 1238 3227 τά
1282 3174 1567 3246 «δαιμόνια
1614 3195 1703 3232 πι-

121 3278 142 3310 ι
167 3257 441 3323 στεύουσι,
471 3261 565 3313 καὶ
593 3261 892 3330 φρίττουσι.
919 3280 940 3315 ι
983 3262 1148 3334 Τήρει
1183 3263 1239 3316 δὲ
1258 3264 1404 3328 ὅπως
1437 3265 1495 3331 ἐξ
1523 3265 1702 3320 αὐτῶν

114 3351 232 3406 τῶν
254 3351 610 3424 προφητικῶν
629 3352 881 3424 Γραφῶν,
911 3353 979 3408 τά
1011 3356 1138 3428 περὶ
1162 3355 1335 3424 Λόγου
1358 3355 1577 3425 συνάγει
1603 3356 1698 3411 τοῦ

115 3444 233 3496 τῶν
260 3444 547 3516 πρακτέων
586 3445 994 3501 διδασκαλικοῢ·
1028 3449 1087 3501 ὃν
1127 3449 1220 3504 καὶ
1267 3449 1531 3503 Ἰουδαίων
1575 3452 1702 3503 παῖ-

113 3533 207 3598 δες
237 3535 522 3608 γνωρίζειν
546 3538 968 3609 ὁμολογήσουσιν
997 3540 1130 3612 (50),
1158 3541 1252 3594 ἅτε
1277 3541 1382 3612 πρὸ
1410 3541 1568 3612 ἡμῶν
1586 3541 1703 3594 τοῦ-

115 3641 215 3677 τον
267 3627 688 3699 παρειληφότες.
751 3631 890 3683 Ἀλλ’
923 3632 1044 3685 οὐδὲ
1085 3632 1246 3696 αὐτὸς
1288 3633 1572 3694 Σαϐἐλλιος
1610 3633 1701 3687 τὸν

115 3717 364 3771 τοιοῦτον
396 3720 578 3788 ἠγνόει
599 3721 789 3790 Λόγον.
827 3724 950 3787 Πῶς
969 3719 1060 3777 οὖν
1089 3725 1372 3789 Ἰουδαίους
1401 3725 1492 3778 καὶ
1513 3724 1702 3779 Σαϐέλ-

116 3808 238 3860 λιον
282 3809 518 3876 κόπτων,
559 3812 631 3883 μὴ
664 3813 959 3882 ἐγνωκέναι
1009 3815 1099 3868 τὸν
1144 3815 1314 3884 Λόγον
1372 3815 1496 3887 ἔφη,
1530 3815 1595 3868 δι’
1627 3809 1702 3869 ὧν

121 3898 447 3970 παρεθέμην
475 3901 638 3955 αὐτοῦ
674 3904 902 3972 φωνῶν;
950 3905 1059 3958 Καὶ
1099 3905 1284 3977 ἐπειδὴ
1321 3906 1700 3976 ἀποπέφανται

116 3993 148 4044 ὁ
175 3991 361 4057 αὐτὸς,
401 3992 490 4047 διά
527 3994 635 4048 τῶν
662 3995 986 4067 ἔμπροσθεν,
1028 3997 1318 4062 ὡςιούδείς
1349 3997 1569 4051 ἐδύνατο
1610 3998 1702 4052 τὸν

119 4083 260 4138 Θεὸν
301 4085 518 4149 εἰδέναι,
549 4087 669 4140 οὐδὲ
695 4089 787 4142 τὸν
817 4089 986 4158 Λόγον
1012 4087 1294 4162 γνωρίζειν
1322 4089 1486 4144 αὐτοῦ
1540 4092 1588 4144 εί
1623 4091 1697 4162 μὴ

119 4173 224 4246 τὴν
261 4175 446 4230 εἰκόνα
493 4177 702 4247 εἰλήφει
729 4174 822 4232 τοῦ
881 4179 1109 4252 ἀοράτου
1149 4178 1306 4246 Θεοῦ,
1363 4179 1562 4252 δηλαδὴ
1602 4180 1702 4252 τὴν

121 4265 325 4336 σάρκα,
360 4267 435 4331 ὡς
467 4269 625 4333 αὐτὸς
654 4268 793 4340 ἔφη’
846 4269 954 4340 (διὰ
999 4269 1165 4341 μόνης
1195 4271 1304 4343 γὰρ
1355 4272 1452 4343 τῆς
1493 4273 1699 4337 εἰκόνος

118 4356 484 4428 γνωρίζεσθαι
523 4358 615 4413 τὸν
647 4359 777 4412 Θεὸν
809 4360 902 4414 καὶ
933 4360 1023 4413 τὸν
1069 4361 1255 4413 τούτου
1298 4361 1470 4429 Λόγον
1510 4362 1702 4415 διετεί-

118 4466 274 4514 νατο,
307 4449 406 4521 τὴν
440 4450 616 4522 σάρκα
650 4451 822 4521 λέγων
877 4449 1134 4523 εἶναιτὴν
1167 4452 1348 4506 εἰκόνα
1451 4455 1696 4526 ὑπομνη-
1729 4477 1772 4532 ι)

121 4539 280 4592 στέον
328 4539 415 4592 διά
446 4540 554 4593 τῶν
603 4541 977 4612 προκειμένων
1023 4542 1098 4606 ὠς
1123 4541 1245 4613 δίχα
1295 4543 1393 4613 τῆς
1436 4543 1698 4615 ὲνσάρκου

119 4629 425 4701 παρουσίας
453 4631 688 4684 Ἰουδαῖοι
738 4632 938 4696 πάντες
982 4631 1072 4685 τὸν
1095 4631 1249 4700 λόγον
1292 4631 1385 4685 τοῦ
1417 4631 1575 4696 Θεοῦ,
1608 4633 1703 4686 καὶ

116 4722 248 4784 τοὺς
289 4721 478 4790 λόγους
509 4722 632 4786 τοὺς
670 4724 728 4775 ὲν
751 4727 870 4786 ταῖς
901 4726 1264 4795 προφητικαῖς
1291 4726 1549 4795 γραφαῖς,
1591 4723 1701 4776 τῶν

119 4811 286 4864 ὁσίων
327 4812 503 4884 ἔργων
561 4815 1046 4886 παραγγελτικοὺς,
1093 4815 1334 4887 ἀκριϐῶς
1388 4815 1600 4886 ᾔδεσαν,
1644 4816 1703 4880 ὲξ

121 4902 351 4957 ἁπαλῶν
403 4904 607 4976 ὀνύχων
654 4906 875 4970 τούτους
921 4906 1422 4978 καταμελετιῖητεςο
1469 4908 1564 4960 καὶ
1613 4908 1702 4962 τὸν

121 4993 258 5046 Θεὸν
282 4994 594 5066 ὡμολόγουν
617 4997 706 5052 τὸν
731 4998 946 5052 πάντων
976 4998 1202 5070 ποιητὴν
1227 4998 1321 5052 καὶ
1341 4997 1664 5069 δημιουργόν
1685 5016 1698 5029 ·

1805 2005 1823 2037 ι
1851 1994 1930 2040 ter
1959 1985 2223 2049 homines,
2261 1981 2496 2036 Verbum
2551 1977 2938 2048 omnipotentis
2975 1989 3096 2028 eum
3130 1974 3376 2028 nominat

1807 2095 1825 2127 ι
1854 2077 1927 2130 ita
1981 2074 2249 2144 inquiens,
2287 2070 2360 2126 In
2412 2069 2667 2139 principio
2702 2076 2825 2122 erat
2881 2065 3188 2121 Verbum“.
3218 2083 3240 2118 θ
3294 2063 3373 2118 ita

1801 2167 2074 2222 contendit
2112 2167 2156 2220 is
2176 2180 2273 2233 per
2303 2166 2402 2217 ista
2445 2160 2818 2216 absconditum
2861 2157 3176 2229 mysterium
3207 2155 3374 2210 fuisse

1801 2258 1952 2322 illud,
1978 2257 2143 2311 Deum
2174 2255 2426 2309 habuisse
2459 2251 2720 2308 Verbum.
2759 2248 3069 2317 Scripturas
3098 2261 3228 2300 vero
3257 2260 3374 2298 om-

1802 2363 1899 2403 nes
1922 2361 2092 2417 nuper
2123 2347 2403 2410 recitatas,
2425 2352 2479 2396 et
2497 2342 2770 2412 appositas
2787 2338 3170 2409 prophetarum
3188 2352 3372 2404 voces,

1803 2437 2103 2507 praedicare
2123 2435 2238 2489 vult
2261 2449 2381 2505 quae
2413 2440 2540 2488 sunt
2563 2431 2632 2486 de
2652 2429 2851 2496 Verbo,
2870 2444 3005 2500 quas
3029 2430 3289 2497 plurimas
3316 2429 3372 2482 in

1805 2531 1960 2598 hujus
1978 2529 2055 2584 rei
2074 2527 2436 2582 testimonium
2452 2521 2810 2579 coacervavit.
2829 2520 2907 2575 Ita
2927 2536 3029 2575 non
3045 2528 3163 2575 erat
3175 2518 3373 2588 populo

1803 2619 1876 2674 illi
1917 2617 2086 2689 priori
2112 2617 2414 2686 ignoratum
2447 2614 2550 2668 hoc
2584 2611 2898 2684 mysterium
2929 2609 3197 2667 :universi
3226 2609 3372 2665 enim

1803 2716 2086 2774 noverant,
2119 2713 2172 2762 et
2201 2705 2465 2760 memoria
2497 2705 2757 2759 tenebant
2801 2709 2854 2757 et
2900 2715 2997 2757 ore
3039 2699 3375 2770 usurpabant

1803 2802 2191 2873 prophetarum
2214 2799 2302 2853 illa
2322 2798 2562 2854 oracula.
2578 2798 2649 2850 At
2679 2797 2820 2852 enim
2839 2803 2892 2850 et
2907 2797 2974 2850 de
2988 2792 3190 2849 Judaeis
3217 2793 3374 2848 nobis

1803 2894 2035 2950 scribam
2073 2899 2426 2962 repraesentat
2451 2888 2801 2943 Christianus
2836 2901 2956 2942 cum
2996 2885 3070 2940 sit
3104 2903 3119 2939 :
3153 2901 3259 2938 non
3291 2894 3374 2938 at-

1806 2987 2032 3039 tendens
2066 2982 2208 3052 quod
2250 2982 2510 3036 Servator
2555 2978 2712 3044 dixit,
2769 2975 2854 3031 Va:
2887 2977 3054 3041 vobis,
3090 2973 3288 3030 Scriba:
3323 2983 3373 3028 et

1807 3075 2066 3130 Pharisaei
2111 3073 2399 3144 hypocrita:
2418 3072 2486 3124 δ’.
2526 3069 2787 3140 lllumque
2831 3069 3056 3140 suspicit
3081 3067 3223 3137 quod
3251 3083 3372 3122 cum

1799 3166 2148 3239 jurejurando
2175 3163 2396 3231 dixerit,
2422 3161 2576 3230 Quod
2598 3177 2734 3216 unus
2766 3161 2905 3215 Deus
2929 3170 2977 3214 et
3003 3168 3197 3230 praeter
3229 3175 3371 3222 eum,

1802 3273 1905 3311 non
1929 3265 2003 3310 est
2030 3254 2186 3311 alius.
2216 3252 2379 3321 Quasi
2396 3251 2630 3307 nesciret
2653 3251 2792 3321 quod
2819 3259 2874 3304 et
2905 3266 2926 3301 ι
2959 3249 3228 3304 daemones
3254 3263 3376 3303 cre-

1802 3347 1932 3402 dant
1957 3354 2010 3401 et
2041 3344 2485 3401 contremiscant.
2511 3361 2532 3396 ι
2566 3341 2704 3396 Nota
2737 3340 2868 3395 mihi
2898 3347 3079 3395 autem
3112 3339 3374 3408 quemad-

1803 3437 2020 3492 modum
2075 3436 2142 3490 de
2185 3435 2516 3505 propheticis
2543 3433 2843 3502 Scripturis
2876 3430 3084 3500 colligit
3130 3445 3250 3500 quae
3302 3431 3371 3484 ad

1800 3529 2023 3583 verbum
2077 3527 2204 3581 illud
2241 3527 2534 3596 pertinent,
2581 3525 2723 3595 quod
2753 3533 2842 3580 est
2864 3525 3190 3594 agendorum
3222 3538 3374 3578 com-

1803 3617 2248 3676 monefactorium
2293 3639 2306 3673 ;
2359 3617 2502 3686 quod
2531 3617 2703 3685 ipsum
2743 3615 3059 3670 fatebuntur
3111 3629 3171 3669 se
3202 3629 3371 3684 agno-

1801 3722 1953 3765 scere
1987 3705 2068 3762 vel
2100 3704 2295 3769 Judaei,
2341 3704 2502 3758 veluti
2537 3704 2628 3773 qui
2673 3713 2800 3758 ante
2837 3717 2934 3757 nos
2976 3703 3082 3758 hoc
3105 3701 3217 3772 jam
3240 3705 3370 3758 olim

1800 3799 2186 3857 edocebantur.
2222 3795 2330 3853 Sed
2356 3813 2454 3852 nec
2475 3798 2705 3865 ipsemet
2741 3795 3010 3850 Sabellius
3035 3795 3374 3864 hujuscemo-

1799 3893 1852 3948 di
1888 3892 2122 3948 Verbum
2164 3889 2468 3960 ignorabat.
2507 3887 2679 3954 Quam
2720 3887 2991 3940 immerito
3045 3886 3245 3941 idcirco
3276 3885 3372 3940 ﬂa-

1800 3981 2282 4052 gellatSabellium
2335 3990 2390 4036 et
2415 3979 2650 4042 Iudaeos,
2699 3978 2752 4032 in
2799 3979 3067 4048 excerptis
3105 3993 3136 4032 a
3174 3993 3262 4033 me
3303 3977 3372 4032 de

1801 4078 1967 4146 ipsius
2003 4075 2140 4129 libro
2174 4072 2384 4142 positis,
2427 4071 2568 4141 quod
2604 4067 2839 4124 Verbum
2872 4070 3208 4136 ignorabant,
3247 4083 3372 4125 cum

1801 4181 1998 4222 nomen
2025 4165 2078 4219 id
2109 4164 2176 4217 ab
2209 4163 2298 4216 illo
2323 4162 2514 4217 scitum
2549 4161 2644 4223 sit,‘
2675 4161 2817 4228 quod
2847 4158 3015 4214 Deum
3059 4160 3241 4214 videre
3271 4175 3372 4215 ne-

1800 4273 1890 4312 mo
1915 4266 2145 4324 poterat,
2169 4256 2264 4311 sed
2297 4270 2396 4309 nec
2443 4253 2612 4323 ipsius
2636 4250 2874 4306 Verbum
2915 4251 3232 4323 intelligere,
3265 4253 3371 4306 nisi

1800 4351 2088 4421 imaginem
2121 4349 2368 4404 induerat
2414 4347 2700 4402 invisibilis
2737 4347 2868 4412 Dei,
2918 4359 3140 4400 carnem
3177 4358 3372 4413 nempe

1801 4440 2086 4494 intendens
2125 4439 2408 4509 imaginem
2450 4437 2629 4501 illam;
2689 4450 2816 4490 nam
2845 4449 2942 4504 per
2977 4433 3148 4488 solam
3178 4433 3370 4501 imagi-

1803 4545 1924 4586 nem
1954 4529 2205 4600 cognosci
2235 4529 2476 4598 potuisse
2513 4529 2703 4592 Deum,
2732 4535 2786 4580 et
2811 4525 2975 4594 ipsius
3007 4524 3100 4578 Dei
3129 4521 3367 4578 Verbum

1803 4622 2098 4678 contendat
2122 4634 2344 4675 carnem
2374 4632 2626 4674 asserens
2667 4617 2834 4671 fuisse
2878 4615 3164 4685 imaginem
3193 4614 3364 4670 illam.

1805 4715 1911 4770 Sed
1940 4712 2253 4768 meminisse
2287 4711 2544 4765 debemus
2584 4710 2636 4762 in
2689 4708 3059 4778 superioribus
3111 4706 3366 4776 positum,

1803 4807 1944 4879 quod
1971 4806 2176 4874 absque
2215 4802 2415 4858 carnali
2475 4801 2782 4871 praesentia,
2823 4798 2990 4854 Judaei
3033 4812 3221 4853 omnes
3249 4813 3371 4852 ver-

1806 4899 1932 4952 bum
1991 4895 2104 4959 Dei,
2137 4903 2193 4950 et
2221 4895 2383 4950 verba
2430 4891 2557 4957 Dei,
2597 4906 2716 4960 quae
2756 4891 2951 4945 divinis
2987 4893 3370 4960 prOpbetarum

1807 4989 2106 5057 Scripturis
2163 4987 2368 5050 insunt,
2409 4985 2479 5038 ad
2527 4992 2713 5040 sancta
2760 4997 2926 5052 opera
2985 4982 3369 5046 admonitoria,

121 5085 316 5159 ὥσπερ
348 5083 442 5143 οὖν
483 5090 576 5142 καί
597 5089 976 5162 γραμματεὺς,
1008 5091 1037 5142 ὁ
1063 5089 1129 5142 δι’
1160 5089 1322 5160 ὅρκου
1351 5087 1700 5160 πιστούμενος

1813 5080 2154 5140 exactissime
2203 5077 2503 5143 callebant,
2538 5091 2661 5131 cum
2704 5090 2734 5130 a
2796 5077 2996 5132 teneris
3044 5073 3369 5147 unguiculis,

202 5299 265 5356 ἧς
302 5291 401 5349 Ed.
429 5292 604 5352 Paris.
657 5310 774 5367 pag.
810 5295 933 5351 1M.
1018 5296 1061 5378 εξ
1095 5293 1255 5352 Joan.
1282 5309 1322 5361 ι,
1355 5293 1407 5348 1.
1483 5291 1700 5349 "Matt!

1806 5303 1910 5346 .xnt
1976 5287 2066 5342 15.

189 5539 284 5612 14⁸2

189 5609 287 5755 lii

348 5537 520 5606 Vulgo
547 5539 767 5594 ἐναντία

343 5609 513 5683 Vulgo
527 5609 687 5683 otism
707 5612 838 5683 γάρ.

339 5678 663 5748 Θαυμάζετε
687 5678 893 5737 αὐτόν.
933 5680 1066 5752 lmo,
1101 5678 1368 5752 θαυμάζει
1397 5695 1476 5734 τε.
1505 5678 1694 5738 Admi-

287 5538 308 5750 ξ

1797 5543 1951 5592 ratur
1979 5531 2264 5588 Marcellus
2291 5529 2524 5585 scribam
2561 5527 2738 5584 illum.
2771 5527 2842 5582 M.

1869 5602 1985 5677 (50)
2013 5603 2180 5677 V_ulgo
2202 5599 2641 5677 opokoyoootvet
2681 5596 3032 5668 άποπέφαται
3064 5606 3116 5654 ct
3159 5610 3278 5653 mox
3315 5614 3368 5651 τ.

1801 5669 1981 5748 σάρκα
2010 5669 2150 5730 εἶναι
2187 5669 2287 5744 τήν
2315 5671 2519 5738 εἰκόνα,
2551 5669 2646 5734 ὡς.
