  <div class='ocr_page' id='page_1' title='image "/cluster/home/n/w/nwhite01/storage/ocr_20150623/24/nnc1.0046978259/636.png"; bbox 0 0 3828 6222; ppageno 0'>
   <div class='ocr_carea' id='block_1_1' title="bbox 128 300 237 362">
    <p class='ocr_par' dir='ltr' id='par_1_1' title="bbox 128 300 237 362">
     <span class='ocr_line' id='line_1_1' title="bbox 128 300 237 362; baseline 0 -5"><span class='ocrx_word' id='word_1_1' title='bbox 128 300 237 362; x_wconf 77' lang='lat'><strong><em>969</em></strong></span> 
     </span>
    </p>
   </div>
   <div class='ocr_carea' id='block_1_2' title="bbox 195 489 1719 563">
    <p class='ocr_par' dir='ltr' id='par_1_2' title="bbox 195 489 1719 563">
     <span class='ocr_line' id='line_1_2' title="bbox 195 489 1719 563; baseline 0.006 -19"><span class='ocrx_word' id='word_1_2' title='bbox 195 489 311 556; x_wconf 80' lang='grc' dir='ltr'><strong><em>λος</em></strong></span> <span class='ocrx_word' id='word_1_3' title='bbox 334 489 402 563; x_wconf 84' lang='grc' dir='ltr'><em>δὲ</em></span> <span class='ocrx_word' id='word_1_4' title='bbox 419 489 666 556; x_wconf 76' lang='grc' dir='ltr'><em>ἔξεινέν</em></span> <span class='ocrx_word' id='word_1_5' title='bbox 692 489 780 562; x_wconf 68' lang='grc' dir='ltr'><em>τῆ</em></span> <span class='ocrx_word' id='word_1_6' title='bbox 801 489 1124 563; x_wconf 79' lang='grc' dir='ltr'><em>συντελείᾷ</em></span> <span class='ocrx_word' id='word_1_7' title='bbox 1152 489 1719 562; x_wconf 53' lang='grc' dir='ltr'><em>διεϐεϐαιοῦτοίδια-</em></span> 
     </span>
    </p>
   </div>
   <div class='ocr_carea' id='block_1_3' title="bbox 194 560 1721 699">
    <p class='ocr_par' dir='ltr' id='par_1_3' title="bbox 194 560 1721 699">
     <span class='ocr_line' id='line_1_3' title="bbox 194 560 1721 639; baseline 0.006 -25"><span class='ocrx_word' id='word_1_8' title='bbox 194 560 505 631; x_wconf 72' lang='grc' dir='ltr'><em>στρόφους</em></span> <span class='ocrx_word' id='word_1_9' title='bbox 550 560 903 634; x_wconf 78' lang='grc' dir='ltr'><em>ποιούμενος</em></span> <span class='ocrx_word' id='word_1_10' title='bbox 945 564 1054 633; x_wconf 83' lang='grc' dir='ltr'><em>τὰς</em></span> <span class='ocrx_word' id='word_1_11' title='bbox 1085 560 1203 620; x_wconf 78' lang='grc' dir='ltr'><strong><em>τῶν</em></strong></span> <span class='ocrx_word' id='word_1_12' title='bbox 1239 568 1414 623; x_wconf 80' lang='grc' dir='ltr'><strong><em>θείων</em></strong></span> <span class='ocrx_word' id='word_1_13' title='bbox 1459 560 1721 639; x_wconf 76' lang='grc' dir='ltr'><em>Γραφῶν</em></span> 
     </span>
     <span class='ocr_line' id='line_1_4' title="bbox 197 629 1101 699; baseline 0.004 -16"><span class='ocrx_word' id='word_1_14' title='bbox 197 629 539 699; x_wconf 69' lang='grc' dir='ltr'><em>ἑρμηνείας.</em></span> <span class='ocrx_word' id='word_1_15' title='bbox 1086 644 1101 657; x_wconf 79' lang='lat'>‘</span> 
     </span>
    </p>
   </div>
   <div class='ocr_carea' id='block_1_4' title="bbox 127 697 1723 787">
    <p class='ocr_par' dir='ltr' id='par_1_4' title="bbox 127 697 1723 787">
     <span class='ocr_line' id='line_1_5' title="bbox 127 697 1723 787; baseline 0.008 -35"><span class='ocrx_word' id='word_1_16' title='bbox 127 697 610 787; x_wconf 30' lang='lat' dir='ltr'><strong><em>tﬁ&#39;ifE&#39;fanid&#39;etc</em></strong></span> <span class='ocrx_word' id='word_1_17' title='bbox 629 702 741 773; x_wconf 87' lang='grc' dir='ltr'><em>τῆς</em></span> <span class='ocrx_word' id='word_1_18' title='bbox 770 705 985 775; x_wconf 85' lang='grc' dir='ltr'><em>ὑγιοῦς</em></span> <span class='ocrx_word' id='word_1_19' title='bbox 1011 704 1282 773; x_wconf 79' lang='grc' dir='ltr'><strong><em>διανοίας</em></strong></span> <span class='ocrx_word' id='word_1_20' title='bbox 1307 706 1428 763; x_wconf 87' lang='grc' dir='ltr'><strong><em>τῶν</em></strong></span> <span class='ocrx_word' id='word_1_21' title='bbox 1461 707 1723 779; x_wconf 87' lang='grc' dir='ltr'><em>ἀναγνω-</em></span> 
     </span>
    </p>
   </div>
   <div class='ocr_carea' id='block_1_5' title="bbox 127 784 1723 925">
    <p class='ocr_par' dir='ltr' id='par_1_5' title="bbox 127 784 1723 925">
     <span class='ocr_line' id='line_1_6' title="bbox 127 784 1723 925; baseline 0.006 -33"><span class='ocrx_word' id='word_1_22' title='bbox 127 784 710 925; x_wconf 54' lang='grc' dir='ltr'><em>ιενῖεἵρηται</em></span> <span class='ocrx_word' id='word_1_23' title='bbox 744 863 777 925; x_wconf 78' lang='lat' dir='ltr'><strong><em>t_</em></strong></span> <span class='ocrx_word' id='word_1_24' title='bbox 793 844 870 925; x_wconf 60' lang='grc' dir='ltr'><strong><em>Τά</em></strong></span> <span class='ocrx_word' id='word_1_25' title='bbox 918 845 1115 925; x_wconf 78' lang='grc' dir='ltr'><em>πάντα</em></span> <span class='ocrx_word' id='word_1_26' title='bbox 1141 847 1589 917; x_wconf 77' lang='grc' dir='ltr'><strong><em>ὑποταγήσεται</em></strong></span> <span class='ocrx_word' id='word_1_27' title='bbox 1639 846 1723 914; x_wconf 84' lang='grc' dir='ltr'><em>τῷ</em></span> 
     </span>
    </p>
   </div>
   <div class='ocr_carea' id='block_1_6' title="bbox 211 911 1080 985">
    <p class='ocr_par' dir='ltr' id='par_1_6' title="bbox 211 911 1080 985">
     <span class='ocr_line' id='line_1_7' title="bbox 211 911 1080 985; baseline 0.008 -22"><span class='ocrx_word' id='word_1_28' title='bbox 211 911 344 985; x_wconf 56' lang='lat' dir='ltr'><strong><em>Titi).</em></strong></span> <span class='ocrx_word' id='word_1_29' title='bbox 372 913 472 967; x_wconf 80' lang='grc' dir='ltr'><em>καὶ</em></span> <span class='ocrx_word' id='word_1_30' title='bbox 497 911 682 982; x_wconf 75' lang='grc' dir='ltr'><em>αὖτὸς</em></span> <span class='ocrx_word' id='word_1_31' title='bbox 702 913 783 980; x_wconf 86' lang='grc' dir='ltr'><em>τῷ</em></span> <span class='ocrx_word' id='word_1_32' title='bbox 812 917 1016 985; x_wconf 81' lang='grc' dir='ltr'><em>Πατρί.</em></span> <span class='ocrx_word' id='word_1_33' title='bbox 1060 935 1080 969; x_wconf 79' lang='lat' dir='ltr'><strong><em>s</em></strong></span> 
     </span>
    </p>
   </div>
   <div class='ocr_carea' id='block_1_7' title="bbox 133 982 1723 1053">
    <p class='ocr_par' dir='ltr' id='par_1_7' title="bbox 133 982 1723 1053">
     <span class='ocr_line' id='line_1_8' title="bbox 133 982 1723 1053; baseline 0.005 -20"><span class='ocrx_word' id='word_1_34' title='bbox 133 987 236 1045; x_wconf 84' lang='grc' dir='ltr'><em>ις’.</em></span> <span class='ocrx_word' id='word_1_35' title='bbox 274 982 475 1053; x_wconf 79' lang='grc' dir='ltr'><em>ὀπως</em></span> <span class='ocrx_word' id='word_1_36' title='bbox 506 986 733 1053; x_wconf 81' lang='grc' dir='ltr'><em>εἴρηται</em></span> <span class='ocrx_word' id='word_1_37' title='bbox 758 984 840 1051; x_wconf 84' lang='grc' dir='ltr'><em>τῷ</em></span> <span class='ocrx_word' id='word_1_38' title='bbox 870 982 1238 1053; x_wconf 82' lang='grc' dir='ltr'><em>Ἀποστόλφ·</em></span> <span class='ocrx_word' id='word_1_39' title='bbox 1277 1003 1301 1041; x_wconf 77' lang='lat' dir='ltr'><strong><em>s</em></strong></span> <span class='ocrx_word' id='word_1_40' title='bbox 1333 989 1470 1044; x_wconf 88' lang='grc' dir='ltr'><em>Τότε</em></span> <span class='ocrx_word' id='word_1_41' title='bbox 1495 988 1668 1043; x_wconf 75' lang='grc' dir='ltr'><em>ἔσται</em></span> <span class='ocrx_word' id='word_1_42' title='bbox 1689 990 1723 1041; x_wconf 87' lang='grc' dir='ltr'><em>ὁ</em></span> 
     </span>
    </p>
   </div>
   <div class='ocr_carea' id='block_1_8' title="bbox 202 1051 1045 1118">
    <p class='ocr_par' dir='ltr' id='par_1_8' title="bbox 202 1051 1045 1118">
     <span class='ocr_line' id='line_1_9' title="bbox 202 1051 1045 1118; baseline 0.002 -13"><span class='ocrx_word' id='word_1_43' title='bbox 202 1051 349 1118; x_wconf 84' lang='grc' dir='ltr'><strong><em>Θεὸς</em></strong></span> <span class='ocrx_word' id='word_1_44' title='bbox 374 1053 446 1108; x_wconf 89' lang='grc' dir='ltr'><em>τὰ</em></span> <span class='ocrx_word' id='word_1_45' title='bbox 478 1051 675 1108; x_wconf 75' lang='grc' dir='ltr'><em>πάντα</em></span> <span class='ocrx_word' id='word_1_46' title='bbox 700 1056 770 1110; x_wconf 83' lang='grc' dir='ltr'><em>ἐν</em></span> <span class='ocrx_word' id='word_1_47' title='bbox 793 1055 1003 1111; x_wconf 85' lang='grc' dir='ltr'><em>πᾶσιν.</em></span> <span class='ocrx_word' id='word_1_48' title='bbox 1025 1075 1045 1108; x_wconf 77' lang='grc' dir='ltr'><strong><em>ι</em></strong></span> 
     </span>
    </p>
   </div>
   <div class='ocr_carea' id='block_1_9' title="bbox 129 1119 1723 1207">
    <p class='ocr_par' dir='ltr' id='par_1_9' title="bbox 129 1119 1723 1207">
     <span class='ocr_line' id='line_1_10' title="bbox 129 1119 1723 1207; baseline 0.006 -34"><span class='ocrx_word' id='word_1_49' title='bbox 129 1119 222 1184; x_wconf 77' lang='grc' dir='ltr'><em>ιζ’.</em></span> <span class='ocrx_word' id='word_1_50' title='bbox 254 1123 534 1207; x_wconf 63' lang='grc' dir='ltr'><em>Ὅπωςκαὶ</em></span> <span class='ocrx_word' id='word_1_51' title='bbox 561 1124 708 1207; x_wconf 64' lang='grc' dir='ltr'><em>ρεῖαι</em></span> <span class='ocrx_word' id='word_1_52' title='bbox 738 1126 970 1207; x_wconf 66' lang='grc' dir='ltr'><em>Γρᾳφαὶ</em></span> <span class='ocrx_word' id='word_1_53' title='bbox 1005 1124 1077 1207; x_wconf 54' lang='lat' dir='ltr'><strong><em>cf!</em></strong></span> <span class='ocrx_word' id='word_1_54' title='bbox 1100 1125 1369 1207; x_wconf 72' lang='grc' dir='ltr'><em>περὶτῆς</em></span> <span class='ocrx_word' id='word_1_55' title='bbox 1391 1127 1499 1182; x_wconf 91' lang='grc' dir='ltr'><strong><em>τοῦ</em></strong></span> <span class='ocrx_word' id='word_1_56' title='bbox 1522 1125 1691 1207; x_wconf 50' lang='grc' dir='ltr'><strong><em>Σαίτῆ</em></strong></span> <span class='ocrx_word' id='word_1_57' title='bbox 1707 1155 1723 1169; x_wconf 86' lang='lat'><strong>-</strong></span> 
     </span>
    </p>
   </div>
   <div class='ocr_carea' id='block_1_10' title="bbox 194 1195 1722 1335">
    <p class='ocr_par' dir='ltr' id='par_1_10' title="bbox 194 1195 1722 1335">
     <span class='ocr_line' id='line_1_11' title="bbox 194 1195 1719 1269; baseline -0.006 -9"><span class='ocrx_word' id='word_1_58' title='bbox 194 1209 305 1262; x_wconf 83' lang='grc' dir='ltr'><strong><em>ρος</em></strong></span> <span class='ocrx_word' id='word_1_59' title='bbox 347 1195 517 1263; x_wconf 68' lang='grc' dir='ltr'><em>ἡμῶν</em></span> <span class='ocrx_word' id='word_1_60' title='bbox 558 1196 960 1269; x_wconf 74' lang='grc' dir='ltr'><strong><em>ἀτελευτήτου</em></strong></span> <span class='ocrx_word' id='word_1_61' title='bbox 1009 1195 1335 1265; x_wconf 72' lang='grc' dir='ltr'><em>,βασιλείας</em></span> <span class='ocrx_word' id='word_1_62' title='bbox 1359 1195 1719 1267; x_wconf 83' lang='grc' dir='ltr'><em>παριστῶσι,</em></span> 
     </span>
     <span class='ocr_line' id='line_1_12' title="bbox 198 1263 1722 1335; baseline 0.003 -18"><span class='ocrx_word' id='word_1_63' title='bbox 198 1265 302 1318; x_wconf 76' lang='grc' dir='ltr'><em>καὶ</em></span> <span class='ocrx_word' id='word_1_64' title='bbox 320 1263 401 1330; x_wconf 87' lang='grc' dir='ltr'><em>ὡς</em></span> <span class='ocrx_word' id='word_1_65' title='bbox 428 1264 783 1333; x_wconf 81' lang='grc' dir='ltr'><em>Μάρκελλος</em></span> <span class='ocrx_word' id='word_1_66' title='bbox 810 1265 1011 1335; x_wconf 84' lang='grc' dir='ltr'><em>γυμνῇ</em></span> <span class='ocrx_word' id='word_1_67' title='bbox 1041 1267 1116 1335; x_wconf 80' lang='grc' dir='ltr'><em>τῇ</em></span> <span class='ocrx_word' id='word_1_68' title='bbox 1154 1268 1389 1335; x_wconf 71' lang='grc' dir='ltr'><em>κεφαλῇ</em></span> <span class='ocrx_word' id='word_1_69' title='bbox 1412 1265 1722 1335; x_wconf 63' lang='grc' dir='ltr'><em>παυθήσευ</em></span> 
     </span>
    </p>
   </div>
   <div class='ocr_carea' id='block_1_11' title="bbox 197 1284 1478 1409">
    <p class='ocr_par' dir='ltr' id='par_1_11' title="bbox 197 1284 1478 1409">
     <span class='ocr_line' id='line_1_13' title="bbox 197 1284 1478 1409; baseline 0.005 -24"><span class='ocrx_word' id='word_1_70' title='bbox 197 1284 1478 1409; x_wconf 58' lang='grc' dir='ltr'><strong><em>ἔίᾶἒεῗῖιίῗῖἴτέκὲἶίΐ⁰ἓα⁷ἓῖὕέίιῖτέιέἓέἕῑίνξτῖῗ</em></strong></span> 
     </span>
    </p>
   </div>
   <div class='ocr_carea' id='block_1_12' title="bbox 127 1403 1725 1478">
    <p class='ocr_par' dir='ltr' id='par_1_12' title="bbox 127 1403 1725 1478">
     <span class='ocr_line' id='line_1_14' title="bbox 127 1403 1725 1478; baseline 0.004 -23"><span class='ocrx_word' id='word_1_71' title='bbox 127 1408 224 1474; x_wconf 86' lang='grc' dir='ltr'><em>ιη’.</em></span> <span class='ocrx_word' id='word_1_72' title='bbox 265 1403 457 1478; x_wconf 80' lang='grc' dir='ltr'><em>Ὅπως</em></span> <span class='ocrx_word' id='word_1_73' title='bbox 488 1407 558 1459; x_wconf 70' lang='grc' dir='ltr'><em>ἐν</em></span> <span class='ocrx_word' id='word_1_74' title='bbox 582 1404 659 1475; x_wconf 82' lang='grc' dir='ltr'><em>τῇ</em></span> <span class='ocrx_word' id='word_1_75' title='bbox 690 1408 982 1478; x_wconf 78' lang='grc' dir='ltr'><em>,ϐασιλείᾳ</em></span> <span class='ocrx_word' id='word_1_76' title='bbox 1013 1409 1121 1463; x_wconf 89' lang='grc' dir='ltr'><strong><em>τοῦ</em></strong></span> <span class='ocrx_word' id='word_1_77' title='bbox 1157 1403 1293 1464; x_wconf 75' lang='grc' dir='ltr'><em>Υἱοῦ</em></span> <span class='ocrx_word' id='word_1_78' title='bbox 1323 1409 1395 1462; x_wconf 77' lang='grc' dir='ltr'><em>ἐν</em></span> <span class='ocrx_word' id='word_1_79' title='bbox 1429 1407 1725 1478; x_wconf 86' lang='grc' dir='ltr'><em>γενήσον-</em></span> 
     </span>
    </p>
   </div>
   <div class='ocr_carea' id='block_1_13' title="bbox 198 1473 1716 1549">
    <p class='ocr_par' dir='ltr' id='par_1_13' title="bbox 198 1473 1716 1549">
     <span class='ocr_line' id='line_1_15' title="bbox 198 1473 1716 1549; baseline 0.003 -23"><span class='ocrx_word' id='word_1_80' title='bbox 198 1488 297 1526; x_wconf 87' lang='grc' dir='ltr'><strong><em>ται</em></strong></span> <span class='ocrx_word' id='word_1_81' title='bbox 345 1473 568 1542; x_wconf 83' lang='grc' dir='ltr'><em>πάντες</em></span> <span class='ocrx_word' id='word_1_82' title='bbox 609 1473 662 1531; x_wconf 83' lang='grc' dir='ltr'><strong><em>οί</em></strong></span> <span class='ocrx_word' id='word_1_83' title='bbox 702 1476 813 1547; x_wconf 84' lang='grc' dir='ltr'><em>τῆς</em></span> <span class='ocrx_word' id='word_1_84' title='bbox 858 1473 994 1531; x_wconf 85' lang='grc' dir='ltr'><em>τότε</em></span> <span class='ocrx_word' id='word_1_85' title='bbox 1034 1473 1474 1549; x_wconf 73' lang='grc' dir='ltr'><em>μακαριότητος</em></span> <span class='ocrx_word' id='word_1_86' title='bbox 1509 1473 1716 1542; x_wconf 74' lang='grc' dir='ltr'><em>ἀξιούο</em></span> 
     </span>
    </p>
   </div>
   <div class='ocr_carea' id='block_1_14' title="bbox 127 1559 1717 1687">
    <p class='ocr_par' dir='ltr' id='par_1_14' title="bbox 127 1559 1717 1687">
     <span class='ocr_line' id='line_1_16' title="bbox 127 1559 1717 1687; baseline 0.003 -19"><span class='ocrx_word' id='word_1_87' title='bbox 127 1559 387 1670; x_wconf 48' lang='grc' dir='ltr'><strong><em>ιθέιῗῗέί</em></strong></span> <span class='ocrx_word' id='word_1_88' title='bbox 428 1612 630 1687; x_wconf 83' lang='grc' dir='ltr'><em>ὥσπερ</em></span> <span class='ocrx_word' id='word_1_89' title='bbox 657 1618 691 1669; x_wconf 87' lang='grc' dir='ltr'><strong><em>ό</em></strong></span> <span class='ocrx_word' id='word_1_90' title='bbox 729 1617 935 1687; x_wconf 78' lang='grc' dir='ltr'><em>Πατὴρ</em></span> <span class='ocrx_word' id='word_1_91' title='bbox 960 1619 1058 1675; x_wconf 77' lang='grc' dir='ltr'><strong><em>καί</em></strong></span> <span class='ocrx_word' id='word_1_92' title='bbox 1092 1623 1125 1675; x_wconf 84' lang='grc' dir='ltr'>ὁ</span> <span class='ocrx_word' id='word_1_93' title='bbox 1157 1619 1290 1686; x_wconf 86' lang='grc' dir='ltr'><em>Υίὸς</em></span> <span class='ocrx_word' id='word_1_94' title='bbox 1331 1618 1401 1674; x_wconf 81' lang='grc' dir='ltr'><em>ἓν</em></span> <span class='ocrx_word' id='word_1_95' title='bbox 1428 1614 1580 1672; x_wconf 74' lang='grc' dir='ltr'><em>εἶναι</em></span> <span class='ocrx_word' id='word_1_96' title='bbox 1611 1616 1717 1673; x_wconf 86' lang='grc' dir='ltr'><strong><em>λέ-</em></strong></span> 
     </span>
    </p>
   </div>
   <div class='ocr_carea' id='block_1_15' title="bbox 198 1686 1549 1758">
    <p class='ocr_par' dir='ltr' id='par_1_15' title="bbox 198 1686 1549 1758">
     <span class='ocr_line' id='line_1_17' title="bbox 198 1686 1549 1758; baseline 0.004 -20"><span class='ocrx_word' id='word_1_97' title='bbox 198 1700 430 1758; x_wconf 74' lang='grc' dir='ltr'><em>γονται,</em></span> <span class='ocrx_word' id='word_1_98' title='bbox 463 1686 615 1739; x_wconf 83' lang='grc' dir='ltr'><em>οὕτω</em></span> <span class='ocrx_word' id='word_1_99' title='bbox 635 1688 737 1758; x_wconf 8' lang='grc' dir='ltr'><em>καὶ,</em></span> <span class='ocrx_word' id='word_1_100' title='bbox 759 1686 1262 1758; x_wconf 27' lang='grc' dir='ltr'><em>πάντες-ἔσονται</em></span> <span class='ocrx_word' id='word_1_101' title='bbox 1292 1692 1347 1744; x_wconf 86' lang='grc' dir='ltr'><strong><em>οί</em></strong></span> <span class='ocrx_word' id='word_1_102' title='bbox 1375 1689 1549 1758; x_wconf 82' lang='grc' dir='ltr'><em>ἅγιοι.</em></span> 
     </span>
    </p>
   </div>
   <div class='ocr_carea' id='block_1_16' title="bbox 1070 304 2461 370">
    <p class='ocr_par' dir='ltr' id='par_1_16' title="bbox 1070 304 2461 370">
     <span class='ocr_line' id='line_1_18' title="bbox 1070 304 2461 370; baseline 0.007 -10"><span class='ocrx_word' id='word_1_103' title='bbox 1070 304 1160 361; x_wconf 84' lang='lat' dir='ltr'><strong><em>DE</em></strong></span> <span class='ocrx_word' id='word_1_104' title='bbox 1195 304 1735 366; x_wconf 71' lang='lat' dir='ltr'><strong><em>ECCLESIASTICA</em></strong></span> <span class='ocrx_word' id='word_1_105' title='bbox 1772 306 2167 370; x_wconf 80' lang='lat' dir='ltr'><strong><em>THEOLOGIA</em></strong></span> <span class='ocrx_word' id='word_1_106' title='bbox 2201 310 2336 370; x_wconf 85' lang='lat' dir='ltr'><strong><em>LIB.</em></strong></span> <span class='ocrx_word' id='word_1_107' title='bbox 2369 311 2461 370; x_wconf 83' lang='lat' dir='ltr'><strong><em>Ill.</em></strong></span> 
     </span>
    </p>
   </div>
   <div class='ocr_carea' id='block_1_17' title="bbox 194 419 1798 495">
    <p class='ocr_par' dir='ltr' id='par_1_17' title="bbox 194 419 1798 495">
     <span class='ocr_line' id='line_1_19' title="bbox 194 419 1798 495; baseline 0.005 -19"><span class='ocrx_word' id='word_1_108' title='bbox 194 419 317 495; x_wconf 64' lang='grc' dir='ltr'><em>μὲν</em></span> <span class='ocrx_word' id='word_1_109' title='bbox 344 421 670 495; x_wconf 62' lang='grc' dir='ltr'><strong><em>Δειληςσέναι</em></strong></span> <span class='ocrx_word' id='word_1_110' title='bbox 708 421 825 495; x_wconf 75' lang='grc' dir='ltr'><em>τῂν</em></span> <span class='ocrx_word' id='word_1_111' title='bbox 843 423 964 481; x_wconf 79' lang='grc' dir='ltr'><em>ἀπὸ</em></span> <span class='ocrx_word' id='word_1_112' title='bbox 991 426 1393 495; x_wconf 76' lang='grc' dir='ltr'><em>τετρακοσίων</em></span> <span class='ocrx_word' id='word_1_113' title='bbox 1417 427 1592 495; x_wconf 76' lang='grc' dir='ltr'><em>ἐτῶν,</em></span> <span class='ocrx_word' id='word_1_114' title='bbox 1627 427 1720 483; x_wconf 74' lang='grc' dir='ltr'><strong><em>τέ-</em></strong></span> <span class='ocrx_word' id='word_1_115' title='bbox 1747 436 1798 495; x_wconf 73' lang='grc' dir='ltr'>Α</span> 
     </span>
    </p>
   </div>
   <div class='ocr_carea' id='block_1_18' title="bbox 3302 313 3411 373">
    <p class='ocr_par' dir='ltr' id='par_1_18' title="bbox 3302 313 3411 373">
     <span class='ocr_line' id='line_1_20' title="bbox 3302 313 3411 373; baseline 0.018 -3"><span class='ocrx_word' id='word_1_116' title='bbox 3302 313 3411 373; x_wconf 78' lang='lat'><strong><em>970</em></strong></span> 
     </span>
    </p>
   </div>
   <div class='ocr_carea' id='block_1_19' title="bbox 1893 429 3410 501">
    <p class='ocr_par' dir='ltr' id='par_1_19' title="bbox 1893 429 3410 501">
     <span class='ocr_line' id='line_1_21' title="bbox 1893 429 3410 501; baseline -0.001 -15"><span class='ocrx_word' id='word_1_117' title='bbox 1893 442 2017 488; x_wconf 90' lang='lat' dir='ltr'><strong><em>ante</em></strong></span> <span class='ocrx_word' id='word_1_118' title='bbox 2050 448 2216 488; x_wconf 87' lang='lat' dir='ltr'><strong><em>annos</em></strong></span> <span class='ocrx_word' id='word_1_119' title='bbox 2238 447 2388 498; x_wconf 87' lang='lat' dir='ltr'><strong><em>cccc,</em></strong></span> <span class='ocrx_word' id='word_1_120' title='bbox 2415 433 2572 501; x_wconf 72' lang='lat' dir='ltr'><strong><em>finem</em></strong></span> <span class='ocrx_word' id='word_1_121' title='bbox 2604 446 2723 487; x_wconf 87' lang='lat' dir='ltr'><strong><em>vero</em></strong></span> <span class='ocrx_word' id='word_1_122' title='bbox 2743 430 3050 487; x_wconf 79' lang='lat' dir='ltr'><strong><em>habiturum</em></strong></span> <span class='ocrx_word' id='word_1_123' title='bbox 3076 429 3133 486; x_wconf 88' lang='lat' dir='ltr'><strong><em>in</em></strong></span> <span class='ocrx_word' id='word_1_124' title='bbox 3159 446 3374 486; x_wconf 86' lang='lat' dir='ltr'><strong><em>consum</em></strong></span> <span class='ocrx_word' id='word_1_125' title='bbox 3392 460 3410 475; x_wconf 82' lang='grc' dir='ltr'><strong><em>ο</em></strong></span> 
     </span>
    </p>
   </div>
   <div class='ocr_carea' id='block_1_20' title="bbox 1898 503 3408 572">
    <p class='ocr_par' dir='ltr' id='par_1_20' title="bbox 1898 503 3408 572">
     <span class='ocr_line' id='line_1_22' title="bbox 1898 503 3408 572; baseline 0.003 -18"><span class='ocrx_word' id='word_1_126' title='bbox 1898 503 2129 556; x_wconf 82' lang='lat' dir='ltr'><strong><em>ntatione</em></strong></span> <span class='ocrx_word' id='word_1_127' title='bbox 2179 503 2412 572; x_wconf 78' lang='lat' dir='ltr'><strong><em>steculi:</em></strong></span> <span class='ocrx_word' id='word_1_128' title='bbox 2444 513 2501 556; x_wconf 90' lang='lat' dir='ltr'><strong><em>ut</em></strong></span> <span class='ocrx_word' id='word_1_129' title='bbox 2551 503 2650 557; x_wconf 81' lang='lat' dir='ltr'><strong><em>hoc</em></strong></span> <span class='ocrx_word' id='word_1_130' title='bbox 2680 518 2835 556; x_wconf 85' lang='lat' dir='ltr'><strong><em>suum</em></strong></span> <span class='ocrx_word' id='word_1_131' title='bbox 2876 504 3069 572; x_wconf 83' lang='lat' dir='ltr'><strong><em>dogma</em></strong></span> <span class='ocrx_word' id='word_1_132' title='bbox 3110 503 3408 570; x_wconf 72' lang='lat' dir='ltr'><strong><em>conﬁrmet,</em></strong></span> 
     </span>
    </p>
   </div>
   <div class='ocr_carea' id='block_1_21' title="bbox 1891 571 3078 643">
    <p class='ocr_par' dir='ltr' id='par_1_21' title="bbox 1891 571 3078 643">
     <span class='ocr_line' id='line_1_23' title="bbox 1891 571 3078 643; baseline 0.001 -17"><span class='ocrx_word' id='word_1_133' title='bbox 1891 587 2050 642; x_wconf 87' lang='lat' dir='ltr'><strong><em>quam</em></strong></span> <span class='ocrx_word' id='word_1_134' title='bbox 2081 589 2318 641; x_wconf 85' lang='lat' dir='ltr'><strong><em>perverse</em></strong></span> <span class='ocrx_word' id='word_1_135' title='bbox 2351 571 2659 643; x_wconf 87' lang='lat' dir='ltr'><strong><em>Scripturas</em></strong></span> <span class='ocrx_word' id='word_1_136' title='bbox 2682 571 3078 643; x_wconf 80' lang='lat' dir='ltr'><strong><em>interpretetur.</em></strong></span> 
     </span>
    </p>
   </div>
   <div class='ocr_carea' id='block_1_22' title="bbox 1827 698 3416 777">
    <p class='ocr_par' dir='ltr' id='par_1_22' title="bbox 1827 698 3416 777">
     <span class='ocr_line' id='line_1_24' title="bbox 1827 698 3416 777; baseline 0.001 -15"><span class='ocrx_word' id='word_1_137' title='bbox 1827 708 1914 764; x_wconf 73' lang='grc'><strong><em>14.</em></strong></span> <span class='ocrx_word' id='word_1_138' title='bbox 1949 698 2247 777; x_wconf 75' lang='lat' dir='ltr'><strong><em>Explicatio</em></strong></span> <span class='ocrx_word' id='word_1_139' title='bbox 2272 710 2408 764; x_wconf 85' lang='lat' dir='ltr'><strong><em>recti</em></strong></span> <span class='ocrx_word' id='word_1_140' title='bbox 2458 718 2508 765; x_wconf 92' lang='lat' dir='ltr'><strong><em>et</em></strong></span> <span class='ocrx_word' id='word_1_141' title='bbox 2535 727 2652 765; x_wconf 85' lang='lat' dir='ltr'><strong><em>sant</em></strong></span> <span class='ocrx_word' id='word_1_142' title='bbox 2697 727 2879 766; x_wconf 88' lang='lat' dir='ltr'><strong><em>sensus</em></strong></span> <span class='ocrx_word' id='word_1_143' title='bbox 2908 710 3145 765; x_wconf 88' lang='lat' dir='ltr'><strong><em>locorum</em></strong></span> <span class='ocrx_word' id='word_1_144' title='bbox 3191 708 3416 764; x_wconf 65' lang='lat' dir='ltr'><strong><em>allecto-</em></strong></span> 
     </span>
    </p>
   </div>
   <div class='ocr_carea' id='block_1_23' title="bbox 1898 796 2037 833">
    <p class='ocr_par' dir='ltr' id='par_1_23' title="bbox 1898 796 2037 833">
     <span class='ocr_line' id='line_1_25' title="bbox 1898 796 2037 833; baseline 0 0"><span class='ocrx_word' id='word_1_145' title='bbox 1898 796 2037 833; x_wconf 88' lang='lat' dir='ltr'><strong><em>rum.</em></strong></span> 
     </span>
    </p>
   </div>
   <div class='ocr_carea' id='block_1_24' title="bbox 1823 847 3416 933">
    <p class='ocr_par' dir='ltr' id='par_1_24' title="bbox 1823 847 3416 933">
     <span class='ocr_line' id='line_1_26' title="bbox 1823 847 3416 933; baseline 0.001 -29"><span class='ocrx_word' id='word_1_146' title='bbox 1823 847 1916 932; x_wconf 59' lang='grc' dir='ltr'><strong><em>15ἶ</em></strong></span> <span class='ocrx_word' id='word_1_147' title='bbox 1940 849 2719 933; x_wconf 48' lang='lat' dir='ltr'><strong><em>Quomododicituthmnia</em></strong></span> <span class='ocrx_word' id='word_1_148' title='bbox 2744 850 2978 921; x_wconf 88' lang='lat' dir='ltr'><strong><em>subjecta</em></strong></span> <span class='ocrx_word' id='word_1_149' title='bbox 3006 850 3134 920; x_wconf 77' lang='lat' dir='ltr'><strong><em>ﬁent</em></strong></span> <span class='ocrx_word' id='word_1_150' title='bbox 3160 848 3329 917; x_wconf 81' lang='lat' dir='ltr'><strong><em>Filio,</em></strong></span> <span class='ocrx_word' id='word_1_151' title='bbox 3359 856 3416 906; x_wconf 83' lang='lat' dir='ltr'><strong><em>et</em></strong></span> 
     </span>
    </p>
   </div>
   <div class='ocr_carea' id='block_1_25' title="bbox 1825 919 3410 1074">
    <p class='ocr_par' dir='ltr' id='par_1_25' title="bbox 1825 919 3410 1074">
     <span class='ocr_line' id='line_1_27' title="bbox 1895 919 3047 1003; baseline -0.005 -30"><span class='ocrx_word' id='word_1_152' title='bbox 1895 921 2006 988; x_wconf 89' lang='lat' dir='ltr'><strong><em>ipse</em></strong></span> <span class='ocrx_word' id='word_1_153' title='bbox 2031 919 2341 990; x_wconf 81' lang='lat' dir='ltr'><strong><em>subjicietur</em></strong></span> <span class='ocrx_word' id='word_1_154' title='bbox 2372 919 2525 974; x_wconf 87' lang='lat' dir='ltr'><strong><em>Patri</em></strong></span> <span class='ocrx_word' id='word_1_155' title='bbox 2552 938 2670 976; x_wconf 91' lang='lat' dir='ltr'><strong><em>suo.</em></strong></span> <span class='ocrx_word' id='word_1_156' title='bbox 2690 940 2719 1003; x_wconf 73' lang='lat' dir='ltr'><strong><em>_s</em></strong></span> <span class='ocrx_word' id='word_1_157' title='bbox 2838 919 2845 921; x_wconf 58' lang='grc'>⁷</span> <span class='ocrx_word' id='word_1_158' title='bbox 3010 919 3013 920; x_wconf 67' lang='grc'><strong><em>⁷</em></strong></span> <span class='ocrx_word' id='word_1_159' title='bbox 3044 948 3047 953; x_wconf 67' lang='grc' dir='ltr'><strong><em>ι</em></strong></span> 
     </span>
     <span class='ocr_line' id='line_1_28' title="bbox 1825 988 3410 1074; baseline -0.004 -30"><span class='ocrx_word' id='word_1_160' title='bbox 1825 988 1913 1045; x_wconf 73' lang='lat' dir='ltr'><strong><em>i6.</em></strong></span> <span class='ocrx_word' id='word_1_161' title='bbox 1941 990 2058 1055; x_wconf 92' lang='lat' dir='ltr'><strong><em>Quo</em></strong></span> <span class='ocrx_word' id='word_1_162' title='bbox 2089 1006 2244 1072; x_wconf 74' lang='lat' dir='ltr'><strong><em>sensu</em></strong></span> <span class='ocrx_word' id='word_1_163' title='bbox 2268 991 2340 1074; x_wconf 46' lang='lat' dir='ltr'><strong><em>.ab</em></strong></span> <span class='ocrx_word' id='word_1_164' title='bbox 2367 989 2621 1074; x_wconf 36' lang='lat' dir='ltr'><strong><em>Aposntolo</em></strong></span> <span class='ocrx_word' id='word_1_165' title='bbox 2644 991 2844 1045; x_wconf 76' lang='lat' dir='ltr'><strong><em>dictum</em></strong></span> <span class='ocrx_word' id='word_1_166' title='bbox 2876 1000 2976 1059; x_wconf 84' lang='lat' dir='ltr'><strong><em>est,</em></strong></span> <span class='ocrx_word' id='word_1_167' title='bbox 3012 1009 3031 1043; x_wconf 83' lang='grc' dir='ltr'><strong><em>ι</em></strong></span> <span class='ocrx_word' id='word_1_168' title='bbox 3056 989 3224 1045; x_wconf 88' lang='lat' dir='ltr'><strong><em>Deum</em></strong></span> <span class='ocrx_word' id='word_1_169' title='bbox 3255 988 3410 1058; x_wconf 75' lang='lat' dir='ltr'><strong><em>futu.</em></strong></span> 
     </span>
    </p>
   </div>
   <div class='ocr_carea' id='block_1_26' title="bbox 1897 1060 2662 1115">
    <p class='ocr_par' dir='ltr' id='par_1_26' title="bbox 1897 1060 2662 1115">
     <span class='ocr_line' id='line_1_29' title="bbox 1897 1060 2662 1115; baseline 0.003 -2"><span class='ocrx_word' id='word_1_170' title='bbox 1897 1076 2016 1113; x_wconf 89' lang='lat' dir='ltr'><strong><em>rum</em></strong></span> <span class='ocrx_word' id='word_1_171' title='bbox 2046 1061 2223 1114; x_wconf 83' lang='lat' dir='ltr'><strong><em>omnia</em></strong></span> <span class='ocrx_word' id='word_1_172' title='bbox 2263 1061 2318 1114; x_wconf 88' lang='lat' dir='ltr'><strong><em>in</em></strong></span> <span class='ocrx_word' id='word_1_173' title='bbox 2353 1060 2617 1115; x_wconf 90' lang='lat' dir='ltr'><strong><em>omnibus.</em></strong></span> <span class='ocrx_word' id='word_1_174' title='bbox 2643 1080 2662 1114; x_wconf 73' lang='grc' dir='ltr'><strong><em>ι</em></strong></span> 
     </span>
    </p>
   </div>
   <div class='ocr_carea' id='block_1_27' title="bbox 1827 1128 3410 1199">
    <p class='ocr_par' dir='ltr' id='par_1_27' title="bbox 1827 1128 3410 1199">
     <span class='ocr_line' id='line_1_30' title="bbox 1827 1128 3410 1199; baseline 0.001 -15"><span class='ocrx_word' id='word_1_175' title='bbox 1827 1129 1915 1184; x_wconf 73' lang='lat' dir='ltr'><strong><em>i7.</em></strong></span> <span class='ocrx_word' id='word_1_176' title='bbox 1951 1129 2105 1195; x_wconf 83' lang='lat' dir='ltr'><strong><em>Quod</em></strong></span> <span class='ocrx_word' id='word_1_177' title='bbox 2150 1145 2320 1185; x_wconf 65' lang='lat' dir='ltr'><strong><em>sacrm</em></strong></span> <span class='ocrx_word' id='word_1_178' title='bbox 2352 1129 2645 1198; x_wconf 80' lang='lat' dir='ltr'><strong><em>Scripturte</em></strong></span> <span class='ocrx_word' id='word_1_179' title='bbox 2669 1130 2734 1185; x_wconf 87' lang='lat' dir='ltr'><strong><em>de</em></strong></span> <span class='ocrx_word' id='word_1_180' title='bbox 2774 1128 3217 1186; x_wconf 84' lang='lat' dir='ltr'><strong><em>indeterminabili</em></strong></span> <span class='ocrx_word' id='word_1_181' title='bbox 3251 1146 3410 1199; x_wconf 83' lang='lat' dir='ltr'><strong><em>regno</em></strong></span> 
     </span>
    </p>
   </div>
   <div class='ocr_carea' id='block_1_28' title="bbox 1897 1199 3410 1270">
    <p class='ocr_par' dir='ltr' id='par_1_28' title="bbox 1897 1199 3410 1270">
     <span class='ocr_line' id='line_1_31' title="bbox 1897 1199 3410 1270; baseline -0.001 -14"><span class='ocrx_word' id='word_1_182' title='bbox 1897 1199 2194 1256; x_wconf 84' lang='lat' dir='ltr'><strong><em>Servatoris</em></strong></span> <span class='ocrx_word' id='word_1_183' title='bbox 2222 1201 2394 1255; x_wconf 88' lang='lat' dir='ltr'><strong><em>nostri</em></strong></span> <span class='ocrx_word' id='word_1_184' title='bbox 2421 1202 2719 1255; x_wconf 79' lang='lat' dir='ltr'><strong><em>doctrinam</em></strong></span> <span class='ocrx_word' id='word_1_185' title='bbox 2750 1210 3131 1270; x_wconf 76' lang='lat' dir='ltr'><strong><em>reprwsentant</em></strong></span> <span class='ocrx_word' id='word_1_186' title='bbox 3156 1216 3175 1254; x_wconf 91' lang='lat'><strong><em>:</em></strong></span> <span class='ocrx_word' id='word_1_187' title='bbox 3194 1211 3242 1254; x_wconf 91' lang='lat' dir='ltr'><strong><em>et</em></strong></span> <span class='ocrx_word' id='word_1_188' title='bbox 3267 1201 3410 1270; x_wconf 83' lang='lat' dir='ltr'><strong><em>quod</em></strong></span> 
     </span>
    </p>
   </div>
   <div class='ocr_carea' id='block_1_29' title="bbox 1898 1269 3410 1340">
    <p class='ocr_par' dir='ltr' id='par_1_29' title="bbox 1898 1269 3410 1340">
     <span class='ocr_line' id='line_1_32' title="bbox 1898 1269 3410 1340; baseline 0 -16"><span class='ocrx_word' id='word_1_189' title='bbox 1898 1269 2184 1325; x_wconf 83' lang='lat' dir='ltr'><strong><em>Marcellus</em></strong></span> <span class='ocrx_word' id='word_1_190' title='bbox 2211 1271 2467 1340; x_wconf 80' lang='lat' dir='ltr'><strong><em>perfricta</em></strong></span> <span class='ocrx_word' id='word_1_191' title='bbox 2496 1272 2670 1340; x_wconf 79' lang='lat' dir='ltr'><strong><em>fronte</em></strong></span> <span class='ocrx_word' id='word_1_192' title='bbox 2703 1281 2968 1326; x_wconf 82' lang='lat' dir='ltr'><strong><em>asseverat</em></strong></span> <span class='ocrx_word' id='word_1_193' title='bbox 3002 1271 3311 1326; x_wconf 83' lang='lat' dir='ltr'><strong><em>habiturum</em></strong></span> <span class='ocrx_word' id='word_1_194' title='bbox 3339 1269 3410 1340; x_wconf 73' lang='lat' dir='ltr'><strong><em>ﬁ-</em></strong></span> 
     </span>
    </p>
   </div>
   <div class='ocr_carea' id='block_1_30' title="bbox 1896 1343 2427 1411">
    <p class='ocr_par' dir='ltr' id='par_1_30' title="bbox 1896 1343 2427 1411">
     <span class='ocr_line' id='line_1_33' title="bbox 1896 1343 2427 1411; baseline -0.002 -16"><span class='ocrx_word' id='word_1_195' title='bbox 1896 1356 2015 1411; x_wconf 75' lang='lat' dir='ltr'><strong><em>nem</em></strong></span> <span class='ocrx_word' id='word_1_196' title='bbox 2037 1343 2151 1404; x_wconf 84' lang='lat' dir='ltr'><strong><em>eius</em></strong></span> <span class='ocrx_word' id='word_1_197' title='bbox 2185 1356 2427 1411; x_wconf 81' lang='lat' dir='ltr'><strong><em>regnum.</em></strong></span> 
     </span>
    </p>
   </div>
   <div class='ocr_carea' id='block_1_31' title="bbox 1827 1409 3409 1483">
    <p class='ocr_par' dir='ltr' id='par_1_31' title="bbox 1827 1409 3409 1483">
     <span class='ocr_line' id='line_1_34' title="bbox 1827 1409 3409 1483; baseline 0.001 -18"><span class='ocrx_word' id='word_1_198' title='bbox 1827 1410 1915 1466; x_wconf 76' lang='grc'><strong><em>18.</em></strong></span> <span class='ocrx_word' id='word_1_199' title='bbox 1946 1410 2063 1476; x_wconf 91' lang='lat' dir='ltr'><strong><em>Quo</em></strong></span> <span class='ocrx_word' id='word_1_200' title='bbox 2087 1409 2258 1483; x_wconf 53' lang='lat' dir='ltr'><strong><em>sensu&#39;</em></strong></span> <span class='ocrx_word' id='word_1_201' title='bbox 2280 1414 2338 1466; x_wconf 90' lang='lat' dir='ltr'><strong><em>in</em></strong></span> <span class='ocrx_word' id='word_1_202' title='bbox 2385 1426 2543 1483; x_wconf 81' lang='lat' dir='ltr'><strong><em>regno</em></strong></span> <span class='ocrx_word' id='word_1_203' title='bbox 2572 1409 2703 1465; x_wconf 83' lang='lat' dir='ltr'><strong><em>Filii</em></strong></span> <span class='ocrx_word' id='word_1_204' title='bbox 2737 1411 3055 1483; x_wconf 70' lang='lat' dir='ltr'><strong><em>unumﬂent</em></strong></span> <span class='ocrx_word' id='word_1_205' title='bbox 3085 1426 3264 1465; x_wconf 84' lang='lat' dir='ltr'><strong><em>omnes</em></strong></span> <span class='ocrx_word' id='word_1_206' title='bbox 3314 1411 3409 1480; x_wconf 86' lang='lat' dir='ltr'><strong><em>qui</em></strong></span> 
     </span>
    </p>
   </div>
   <div class='ocr_carea' id='block_1_32' title="bbox 1898 1480 3089 1551">
    <p class='ocr_par' dir='ltr' id='par_1_32' title="bbox 1898 1480 3089 1551">
     <span class='ocr_line' id='line_1_35' title="bbox 1898 1480 3089 1551; baseline 0.002 -17"><span class='ocrx_word' id='word_1_207' title='bbox 1898 1491 2023 1535; x_wconf 88' lang='lat' dir='ltr'><strong><em>tunc</em></strong></span> <span class='ocrx_word' id='word_1_208' title='bbox 2048 1482 2369 1537; x_wconf 76' lang='lat' dir='ltr'><strong><em>beatitudine</em></strong></span> <span class='ocrx_word' id='word_1_209' title='bbox 2402 1480 2501 1536; x_wconf 78' lang='lat' dir='ltr'><strong><em>illa</em></strong></span> <span class='ocrx_word' id='word_1_210' title='bbox 2537 1492 2690 1537; x_wconf 78' lang='lat' dir='ltr'><strong><em>erant</em></strong></span> <span class='ocrx_word' id='word_1_211' title='bbox 2725 1482 2872 1551; x_wconf 83' lang='lat' dir='ltr'><strong><em>digni</em></strong></span> <span class='ocrx_word' id='word_1_212' title='bbox 2901 1480 3089 1536; x_wconf 86' lang='lat' dir='ltr'><strong><em>habiti.</em></strong></span> 
     </span>
    </p>
   </div>
   <div class='ocr_carea' id='block_1_33' title="bbox 1828 1610 3408 1685">
    <p class='ocr_par' dir='ltr' id='par_1_33' title="bbox 1828 1610 3408 1685">
     <span class='ocr_line' id='line_1_36' title="bbox 1828 1610 3408 1685; baseline 0.003 -19"><span class='ocrx_word' id='word_1_213' title='bbox 1828 1610 1916 1685; x_wconf 83' lang='lat' dir='ltr'><strong><em>l9.</em></strong></span> <span class='ocrx_word' id='word_1_214' title='bbox 1943 1613 2099 1680; x_wconf 92' lang='lat' dir='ltr'><strong><em>Quod</em></strong></span> <span class='ocrx_word' id='word_1_215' title='bbox 2127 1614 2571 1685; x_wconf 87' lang='lat' dir='ltr'><strong><em>quemadmodum</em></strong></span> <span class='ocrx_word' id='word_1_216' title='bbox 2608 1614 2767 1669; x_wconf 83' lang='lat' dir='ltr'><strong><em>Pater</em></strong></span> <span class='ocrx_word' id='word_1_217' title='bbox 2792 1624 2843 1669; x_wconf 90' lang='lat' dir='ltr'><strong><em>et</em></strong></span> <span class='ocrx_word' id='word_1_218' title='bbox 2879 1612 3051 1670; x_wconf 85' lang='lat' dir='ltr'><strong><em>Filius</em></strong></span> <span class='ocrx_word' id='word_1_219' title='bbox 3074 1630 3238 1669; x_wconf 91' lang='lat' dir='ltr'><strong><em>unum</em></strong></span> <span class='ocrx_word' id='word_1_220' title='bbox 3263 1624 3408 1681; x_wconf 87' lang='lat' dir='ltr'><strong><em>sunt,</em></strong></span> 
     </span>
    </p>
   </div>
   <div class='ocr_carea' id='block_1_34' title="bbox 1899 1684 3165 1756">
    <p class='ocr_par' dir='ltr' id='par_1_34' title="bbox 1899 1684 3165 1756">
     <span class='ocr_line' id='line_1_37' title="bbox 1899 1684 3165 1756; baseline 0.003 -20"><span class='ocrx_word' id='word_1_221' title='bbox 1899 1684 1987 1756; x_wconf 84' lang='lat' dir='ltr'><strong><em>ita_</em></strong></span> <span class='ocrx_word' id='word_1_222' title='bbox 2002 1684 2206 1756; x_wconf 85' lang='lat' dir='ltr'><strong><em>quoque</em></strong></span> <span class='ocrx_word' id='word_1_223' title='bbox 2236 1686 2408 1756; x_wconf 74' lang='lat' dir='ltr'><strong><em>sancti</em></strong></span> <span class='ocrx_word' id='word_1_224' title='bbox 2436 1702 2612 1740; x_wconf 86' lang='lat' dir='ltr'><strong><em>omnes</em></strong></span> <span class='ocrx_word' id='word_1_225' title='bbox 2635 1685 2805 1756; x_wconf 77' lang='lat' dir='ltr'><strong><em>futuri</em></strong></span> <span class='ocrx_word' id='word_1_226' title='bbox 2833 1695 2952 1740; x_wconf 85' lang='lat' dir='ltr'><strong><em>sunt</em></strong></span> <span class='ocrx_word' id='word_1_227' title='bbox 2974 1701 3165 1756; x_wconf 66' lang='lat' dir='ltr'><strong><em>unum.</em></strong></span> 
     </span>
    </p>
   </div>
   <div class='ocr_carea' id='block_1_35' title="bbox 125 1751 1718 1851">
    <p class='ocr_par' dir='ltr' id='par_1_35' title="bbox 125 1751 1718 1851">
     <span class='ocr_line' id='line_1_38' title="bbox 125 1751 1718 1851; baseline 0.003 -44"><span class='ocrx_word' id='word_1_228' title='bbox 125 1751 802 1851; x_wconf 41' lang='lat' dir='ltr'><strong><em>x’.;gt‘t‘dig&#39;d“II-at‘hpl</em></strong></span> <span class='ocrx_word' id='word_1_229' title='bbox 835 1759 905 1813; x_wconf 85' lang='grc' dir='ltr'><em>ἐν</em></span> <span class='ocrx_word' id='word_1_230' title='bbox 938 1751 1181 1851; x_wconf 42' lang='grc' dir='ltr'><strong><em>έῷΔΥίῷ</em></strong></span> <span class='ocrx_word' id='word_1_231' title='bbox 1227 1761 1326 1844; x_wconf 64' lang='grc' dir='ltr'><strong><em>καί</em></strong></span> <span class='ocrx_word' id='word_1_232' title='bbox 1369 1751 1504 1826; x_wconf 80' lang='grc' dir='ltr'><em>Υίὸς</em></span> <span class='ocrx_word' id='word_1_233' title='bbox 1531 1758 1610 1851; x_wconf 49' lang='grc' dir='ltr'><em>ἐν</em></span> 
     </span>
    </p>
   </div>
   <div class='ocr_carea' id='block_1_36' title="bbox 1836 1751 3413 1851">
    <p class='ocr_par' dir='ltr' id='par_1_36' title="bbox 1836 1751 3413 1851">
     <span class='ocr_line' id='line_1_39' title="bbox 1836 1751 3413 1851; baseline 0.003 -45"><span class='ocrx_word' id='word_1_234' title='bbox 1836 1751 1917 1807; x_wconf 69' lang='grc' dir='ltr'><strong><em>ιο.</em></strong></span> <span class='ocrx_word' id='word_1_235' title='bbox 1951 1751 2270 1851; x_wconf 65' lang='lat' dir='ltr'><strong><em>Quod&#39;sicut</em></strong></span> <span class='ocrx_word' id='word_1_236' title='bbox 2299 1754 2568 1851; x_wconf 34' lang='lat' dir='ltr'><strong><em>Patetest</em></strong></span> <span class='ocrx_word' id='word_1_237' title='bbox 2601 1751 2932 1851; x_wconf 26' lang='lat' dir='ltr'><strong><em>infimae!</em></strong></span> <span class='ocrx_word' id='word_1_238' title='bbox 2962 1753 3139 1810; x_wconf 84' lang='lat' dir='ltr'><strong><em>Filius</em></strong></span> <span class='ocrx_word' id='word_1_239' title='bbox 3158 1756 3216 1810; x_wconf 92' lang='lat' dir='ltr'><strong><em>in</em></strong></span> <span class='ocrx_word' id='word_1_240' title='bbox 3246 1751 3413 1811; x_wconf 85' lang='lat' dir='ltr'><strong><em>Patre</em></strong></span> 
     </span>
    </p>
   </div>
   <div class='ocr_carea' id='block_1_37' title="bbox 199 1824 1719 1899">
    <p class='ocr_par' dir='ltr' id='par_1_37' title="bbox 199 1824 1719 1899">
     <span class='ocr_line' id='line_1_40' title="bbox 199 1824 1719 1899; baseline 0.002 -23"><span class='ocrx_word' id='word_1_241' title='bbox 199 1824 405 1899; x_wconf 68' lang='grc' dir='ltr'><em>Πατρὶ,</em></span> <span class='ocrx_word' id='word_1_242' title='bbox 442 1827 595 1899; x_wconf 83' lang='grc' dir='ltr'><em>οὕτω</em></span> <span class='ocrx_word' id='word_1_243' title='bbox 632 1824 843 1899; x_wconf 48' lang='grc' dir='ltr'><em>καίίέν</em></span> <span class='ocrx_word' id='word_1_244' title='bbox 868 1824 1001 1899; x_wconf 84' lang='grc' dir='ltr'><em>τοῖς</em></span> <span class='ocrx_word' id='word_1_245' title='bbox 1025 1824 1215 1899; x_wconf 78' lang='grc' dir='ltr'><strong><em>ἁγίοις</em></strong></span> <span class='ocrx_word' id='word_1_246' title='bbox 1252 1824 1491 1899; x_wconf 75' lang='grc' dir='ltr'><em>ἅπασιν</em></span> <span class='ocrx_word' id='word_1_247' title='bbox 1524 1829 1719 1899; x_wconf 76' lang='grc' dir='ltr'><em>ἔσται.</em></span> 
     </span>
    </p>
   </div>
   <div class='ocr_carea' id='block_1_38' title="bbox 125 1896 1726 1970">
    <p class='ocr_par' dir='ltr' id='par_1_38' title="bbox 125 1896 1726 1970">
     <span class='ocr_line' id='line_1_41' title="bbox 125 1896 1726 1970; baseline -0.001 -19"><span class='ocrx_word' id='word_1_248' title='bbox 125 1896 606 1970; x_wconf 24' lang='grc' dir='ltr'><em>κακῇοπωςμχρὴ</em></span> <span class='ocrx_word' id='word_1_249' title='bbox 633 1898 800 1953; x_wconf 86' lang='grc' dir='ltr'><em>νοεῖν</em></span> <span class='ocrx_word' id='word_1_250' title='bbox 824 1898 913 1965; x_wconf 90' lang='grc' dir='ltr'><em>τὸ,</em></span> <span class='ocrx_word' id='word_1_251' title='bbox 936 1918 956 1951; x_wconf 78' lang='grc' dir='ltr'><strong><em>ι</em></strong></span> <span class='ocrx_word' id='word_1_252' title='bbox 976 1901 1045 1953; x_wconf 87' lang='grc' dir='ltr'>Ὃ</span> <span class='ocrx_word' id='word_1_253' title='bbox 1069 1896 1342 1969; x_wconf 74' lang='grc' dir='ltr'><em>ἑωρακὼς</em></span> <span class='ocrx_word' id='word_1_254' title='bbox 1369 1898 1476 1970; x_wconf 78' lang='grc' dir='ltr'><strong><em>ἐμὲ</em></strong></span> <span class='ocrx_word' id='word_1_255' title='bbox 1503 1898 1726 1970; x_wconf 74' lang='grc' dir='ltr'><em>ἑώρακε</em></span> 
     </span>
    </p>
   </div>
   <div class='ocr_carea' id='block_1_39' title="bbox 201 1963 626 2035">
    <p class='ocr_par' dir='ltr' id='par_1_39' title="bbox 201 1963 626 2035">
     <span class='ocr_line' id='line_1_42' title="bbox 201 1963 626 2035; baseline -0.002 -15"><span class='ocrx_word' id='word_1_256' title='bbox 201 1963 310 2020; x_wconf 84' lang='grc' dir='ltr'><em>τὸν</em></span> <span class='ocrx_word' id='word_1_257' title='bbox 334 1963 626 2035; x_wconf 56' lang='grc' dir='ltr'><em>Πατέρα)</em></span> 
     </span>
    </p>
   </div>
   <div class='ocr_carea' id='block_1_40' title="bbox 790 2216 1069 2269">
    <p class='ocr_par' dir='ltr' id='par_1_40' title="bbox 790 2216 1069 2269">
     <span class='ocr_line' id='line_1_43' title="bbox 790 2216 1069 2269; baseline 0 -1"><span class='ocrx_word' id='word_1_258' title='bbox 790 2216 947 2269; x_wconf 82' lang='grc' dir='ltr'><strong><em>ΚΕΦ.</em></strong></span> <span class='ocrx_word' id='word_1_259' title='bbox 990 2216 1069 2268; x_wconf 77' lang='grc' dir='ltr'><strong><em>Α’.</em></strong></span> 
     </span>
    </p>
   </div>
   <div class='ocr_carea' id='block_1_41' title="bbox 137 2303 1725 2377">
    <p class='ocr_par' dir='ltr' id='par_1_41' title="bbox 137 2303 1725 2377">
     <span class='ocr_line' id='line_1_44' title="bbox 137 2303 1725 2377; baseline 0.002 -19"><span class='ocrx_word' id='word_1_260' title='bbox 137 2304 244 2372; x_wconf 79' lang='grc' dir='ltr'><em>Ὠς</em></span> <span class='ocrx_word' id='word_1_261' title='bbox 296 2303 674 2377; x_wconf 72' lang='grc' dir='ltr'><em>διαστρόφως</em></span> <span class='ocrx_word' id='word_1_262' title='bbox 714 2305 1071 2377; x_wconf 84' lang='grc' dir='ltr'><em>Μάρκελλος</em></span> <span class='ocrx_word' id='word_1_263' title='bbox 1107 2308 1222 2377; x_wconf 17' lang='grc' dir='ltr'><em>,τὰς</em></span> <span class='ocrx_word' id='word_1_264' title='bbox 1270 2305 1435 2373; x_wconf 84' lang='grc' dir='ltr'><em>θείας</em></span> <span class='ocrx_word' id='word_1_265' title='bbox 1478 2306 1725 2377; x_wconf 71' lang='grc' dir='ltr'><em>Γραφὰς</em></span> 
     </span>
    </p>
   </div>
   <div class='ocr_carea' id='block_1_42' title="bbox 602 2375 1260 2446">
    <p class='ocr_par' dir='ltr' id='par_1_42' title="bbox 602 2375 1260 2446">
     <span class='ocr_line' id='line_1_45' title="bbox 602 2375 1260 2446; baseline -0.002 -13"><span class='ocrx_word' id='word_1_266' title='bbox 602 2376 975 2445; x_wconf 80' lang='grc' dir='ltr'><em>,ἑρμηνεύειν</em></span> <span class='ocrx_word' id='word_1_267' title='bbox 1012 2375 1260 2446; x_wconf 84' lang='grc' dir='ltr'><em>ἐτόλμα.</em></span> 
     </span>
    </p>
   </div>
   <div class='ocr_carea' id='block_1_43' title="bbox 214 2461 1724 2540">
    <p class='ocr_par' dir='ltr' id='par_1_43' title="bbox 214 2461 1724 2540">
     <span class='ocr_line' id='line_1_46' title="bbox 214 2461 1724 2540; baseline -0.001 -19"><span class='ocrx_word' id='word_1_268' title='bbox 214 2468 276 2521; x_wconf 89' lang='lat'><strong><em>&#39;0</em></strong></span> <span class='ocrx_word' id='word_1_269' title='bbox 307 2466 409 2539; x_wconf 82' lang='grc' dir='ltr'><em>μὲν</em></span> <span class='ocrx_word' id='word_1_270' title='bbox 440 2461 533 2522; x_wconf 78' lang='grc' dir='ltr'><em>οὖν</em></span> <span class='ocrx_word' id='word_1_271' title='bbox 570 2467 743 2539; x_wconf 80' lang='grc' dir='ltr'><strong>μέγας</strong></span> <span class='ocrx_word' id='word_1_272' title='bbox 772 2467 1163 2540; x_wconf 81' lang='grc' dir='ltr'><em>εὐαγγελιστὴς</em></span> <span class='ocrx_word' id='word_1_273' title='bbox 1204 2468 1458 2540; x_wconf 83' lang='grc' dir='ltr'><strong><em>Ἰωάννης</em></strong></span> <span class='ocrx_word' id='word_1_274' title='bbox 1502 2465 1599 2540; x_wconf 81' lang='grc' dir='ltr'><em>τὴν</em></span> <span class='ocrx_word' id='word_1_275' title='bbox 1630 2466 1724 2520; x_wconf 82' lang='grc' dir='ltr'><strong><em>τοῦ</em></strong></span> 
     </span>
    </p>
   </div>
   <div class='ocr_carea' id='block_1_44' title="bbox 121 2560 1729 2633">
    <p class='ocr_par' dir='ltr' id='par_1_44' title="bbox 121 2560 1729 2633">
     <span class='ocr_line' id='line_1_47' title="bbox 121 2560 1729 2633; baseline 0.001 -18"><span class='ocrx_word' id='word_1_276' title='bbox 121 2561 388 2633; x_wconf 78' lang='grc' dir='ltr'><strong><em>Σωτῆρος</em></strong></span> <span class='ocrx_word' id='word_1_277' title='bbox 600 2560 880 2632; x_wconf 82' lang='grc' dir='ltr'><em>θεολογίαν</em></span> <span class='ocrx_word' id='word_1_278' title='bbox 909 2563 1001 2615; x_wconf 84' lang='grc' dir='ltr'><em>τὸν</em></span> <span class='ocrx_word' id='word_1_279' title='bbox 1028 2561 1360 2617; x_wconf 79' lang='grc' dir='ltr'><em>ἀποδοθέντα</em></span> <span class='ocrx_word' id='word_1_280' title='bbox 1388 2561 1592 2633; x_wconf 79' lang='grc' dir='ltr'><em>τρόπον</em></span> <span class='ocrx_word' id='word_1_281' title='bbox 1614 2562 1729 2617; x_wconf 87' lang='grc' dir='ltr'><em>δια-</em></span> 
     </span>
    </p>
   </div>
   <div class='ocr_carea' id='block_1_45' title="bbox 124 2653 1732 2726">
    <p class='ocr_par' dir='ltr' id='par_1_45' title="bbox 124 2653 1732 2726">
     <span class='ocr_line' id='line_1_48' title="bbox 124 2653 1732 2726; baseline 0 -18"><span class='ocrx_word' id='word_1_282' title='bbox 124 2654 317 2726; x_wconf 76' lang='grc' dir='ltr'><em>φόρως</em></span> <span class='ocrx_word' id='word_1_283' title='bbox 342 2653 746 2726; x_wconf 80' lang='grc' dir='ltr'><em>εὐηγγελίζετο.</em></span> <span class='ocrx_word' id='word_1_284' title='bbox 796 2654 1117 2725; x_wconf 83' lang='grc' dir='ltr'><em>Μάρκελλος</em></span> <span class='ocrx_word' id='word_1_285' title='bbox 1151 2654 1196 2707; x_wconf 84' lang='grc' dir='ltr'><em>δ’</em></span> <span class='ocrx_word' id='word_1_286' title='bbox 1221 2656 1372 2718; x_wconf 80' lang='grc' dir='ltr'><em>ὅπως</em></span> <span class='ocrx_word' id='word_1_287' title='bbox 1404 2654 1607 2726; x_wconf 82' lang='grc' dir='ltr'><em>ταύτην</em></span> <span class='ocrx_word' id='word_1_288' title='bbox 1634 2656 1732 2726; x_wconf 86' lang='grc' dir='ltr'><em>ἀρ-</em></span> 
     </span>
    </p>
   </div>
   <div class='ocr_carea' id='block_1_46' title="bbox 123 2744 1728 2817">
    <p class='ocr_par' dir='ltr' id='par_1_46' title="bbox 123 2744 1728 2817">
     <span class='ocr_line' id='line_1_49' title="bbox 123 2744 1728 2817; baseline -0.002 -18"><span class='ocrx_word' id='word_1_289' title='bbox 123 2745 440 2817; x_wconf 84' lang='grc' dir='ltr'><em>νησάμενος</em></span> <span class='ocrx_word' id='word_1_290' title='bbox 481 2745 575 2799; x_wconf 77' lang='grc' dir='ltr'><strong><em>ἐπὶ</em></strong></span> <span class='ocrx_word' id='word_1_291' title='bbox 620 2745 720 2817; x_wconf 81' lang='grc' dir='ltr'><em>τὴν</em></span> <span class='ocrx_word' id='word_1_292' title='bbox 765 2745 1064 2817; x_wconf 84' lang='grc' dir='ltr'><em>Ἰουδαῖκὴν</em></span> <span class='ocrx_word' id='word_1_293' title='bbox 1119 2744 1404 2812; x_wconf 78' lang='grc' dir='ltr'><strong><em>ἐξώκειλεν</em></strong></span> <span class='ocrx_word' id='word_1_294' title='bbox 1449 2744 1728 2809; x_wconf 84' lang='grc' dir='ltr'><em>ἀπιστίαν,</em></span> 
     </span>
    </p>
   </div>
   <div class='ocr_carea' id='block_1_47' title="bbox 121 2832 1732 2909">
    <p class='ocr_par' dir='ltr' id='par_1_47' title="bbox 121 2832 1732 2909">
     <span class='ocr_line' id='line_1_50' title="bbox 121 2832 1732 2909; baseline -0.002 -16"><span class='ocrx_word' id='word_1_295' title='bbox 121 2837 428 2909; x_wconf 72' lang='grc' dir='ltr'><em>δεδήλωται</em></span> <span class='ocrx_word' id='word_1_296' title='bbox 465 2836 576 2908; x_wconf 83' lang='grc'><strong><em>(51)</em></strong></span> <span class='ocrx_word' id='word_1_297' title='bbox 610 2837 678 2891; x_wconf 88' lang='grc' dir='ltr'><em>δι’</em></span> <span class='ocrx_word' id='word_1_298' title='bbox 715 2832 791 2891; x_wconf 81' lang='grc' dir='ltr'><em>ὧν</em></span> <span class='ocrx_word' id='word_1_299' title='bbox 822 2837 1179 2908; x_wconf 78' lang='grc' dir='ltr'><em>ὲλήλεγκται·</em></span> <span class='ocrx_word' id='word_1_300' title='bbox 1232 2836 1310 2900; x_wconf 84' lang='grc' dir='ltr'><em>ὡς</em></span> <span class='ocrx_word' id='word_1_301' title='bbox 1357 2836 1415 2891; x_wconf 81' lang='grc' dir='ltr'><em>δὲ</em></span> <span class='ocrx_word' id='word_1_302' title='bbox 1473 2837 1566 2890; x_wconf 77' lang='grc' dir='ltr'><em>καὶ</em></span> <span class='ocrx_word' id='word_1_303' title='bbox 1621 2836 1732 2891; x_wconf 83' lang='grc' dir='ltr'><em>δια-</em></span> 
     </span>
    </p>
   </div>
   <div class='ocr_carea' id='block_1_48' title="bbox 126 2927 1731 3001">
    <p class='ocr_par' dir='ltr' id='par_1_48' title="bbox 126 2927 1731 3001">
     <span class='ocr_line' id='line_1_51' title="bbox 126 2927 1731 3001; baseline -0.003 -16"><span class='ocrx_word' id='word_1_304' title='bbox 126 2929 386 3001; x_wconf 75' lang='grc' dir='ltr'><em>στρόφως</em></span> <span class='ocrx_word' id='word_1_305' title='bbox 406 2927 505 2992; x_wconf 80' lang='grc' dir='ltr'><em>τὰς</em></span> <span class='ocrx_word' id='word_1_306' title='bbox 533 2928 971 2999; x_wconf 82' lang='grc' dir='ltr'><em>ὁμολογουμένας</em></span> <span class='ocrx_word' id='word_1_307' title='bbox 996 2929 1090 2981; x_wconf 75' lang='grc' dir='ltr'><em>καὶ</em></span> <span class='ocrx_word' id='word_1_308' title='bbox 1125 2930 1317 2998; x_wconf 76' lang='grc' dir='ltr'><em>σαφεῖς</em></span> <span class='ocrx_word' id='word_1_309' title='bbox 1341 2927 1583 3001; x_wconf 73' lang='grc' dir='ltr'><em>περὶτοῦ</em></span> <span class='ocrx_word' id='word_1_310' title='bbox 1612 2929 1731 2981; x_wconf 88' lang='grc' dir='ltr'><strong><em>Σω-</em></strong></span> 
     </span>
    </p>
   </div>
   <div class='ocr_carea' id='block_1_49' title="bbox 1899 1825 2925 1890">
    <p class='ocr_par' dir='ltr' id='par_1_49' title="bbox 1899 1825 2925 1890">
     <span class='ocr_line' id='line_1_52' title="bbox 1899 1825 2925 1890; baseline -0.001 -12"><span class='ocrx_word' id='word_1_311' title='bbox 1899 1840 2017 1890; x_wconf 87' lang='lat' dir='ltr'><strong><em>suo,</em></strong></span> <span class='ocrx_word' id='word_1_312' title='bbox 2047 1825 2126 1879; x_wconf 90' lang='lat' dir='ltr'><strong><em>ita</em></strong></span> <span class='ocrx_word' id='word_1_313' title='bbox 2155 1835 2203 1878; x_wconf 91' lang='lat' dir='ltr'><strong><em>et</em></strong></span> <span class='ocrx_word' id='word_1_314' title='bbox 2230 1827 2285 1879; x_wconf 89' lang='lat' dir='ltr'><strong><em>in</em></strong></span> <span class='ocrx_word' id='word_1_315' title='bbox 2313 1826 2510 1879; x_wconf 87' lang='lat' dir='ltr'><strong><em>sanctis</em></strong></span> <span class='ocrx_word' id='word_1_316' title='bbox 2538 1826 2777 1880; x_wconf 89' lang='lat' dir='ltr'><strong><em>omnibus</em></strong></span> <span class='ocrx_word' id='word_1_317' title='bbox 2803 1828 2925 1879; x_wconf 88' lang='lat' dir='ltr'><strong><em>erit.</em></strong></span> 
     </span>
    </p>
   </div>
   <div class='ocr_carea' id='block_1_50' title="bbox 1830 1893 3413 1965">
    <p class='ocr_par' dir='ltr' id='par_1_50' title="bbox 1830 1893 3413 1965">
     <span class='ocr_line' id='line_1_53' title="bbox 1830 1893 3413 1965; baseline 0.002 -17"><span class='ocrx_word' id='word_1_318' title='bbox 1830 1893 1921 1949; x_wconf 77' lang='grc'><strong><em>21.</em></strong></span> <span class='ocrx_word' id='word_1_319' title='bbox 1951 1893 2068 1959; x_wconf 87' lang='lat' dir='ltr'><strong><em>Quo</em></strong></span> <span class='ocrx_word' id='word_1_320' title='bbox 2095 1912 2249 1950; x_wconf 89' lang='lat' dir='ltr'><strong><em>sensu</em></strong></span> <span class='ocrx_word' id='word_1_321' title='bbox 2289 1897 2489 1965; x_wconf 75' lang='lat' dir='ltr'><strong><em>dictum</em></strong></span> <span class='ocrx_word' id='word_1_322' title='bbox 2525 1894 2659 1950; x_wconf 83' lang='lat' dir='ltr'><strong><em>illud</em></strong></span> <span class='ocrx_word' id='word_1_323' title='bbox 2688 1897 2909 1965; x_wconf 82' lang='lat' dir='ltr'><strong><em>intelligi</em></strong></span> <span class='ocrx_word' id='word_1_324' title='bbox 2952 1895 3119 1965; x_wconf 85' lang='lat' dir='ltr'><strong><em>debet,</em></strong></span> <span class='ocrx_word' id='word_1_325' title='bbox 3161 1914 3183 1949; x_wconf 81' lang='grc' dir='ltr'><strong><em>ι</em></strong></span> <span class='ocrx_word' id='word_1_326' title='bbox 3206 1895 3310 1965; x_wconf 87' lang='lat' dir='ltr'><strong><em>Qui</em></strong></span> <span class='ocrx_word' id='word_1_327' title='bbox 3331 1910 3413 1951; x_wconf 82' lang='lat' dir='ltr'><strong><em>me</em></strong></span> 
     </span>
    </p>
   </div>
   <div class='ocr_carea' id='block_1_51' title="bbox 1903 1963 2969 2033">
    <p class='ocr_par' dir='ltr' id='par_1_51' title="bbox 1903 1963 2969 2033">
     <span class='ocr_line' id='line_1_54' title="bbox 1903 1963 2969 2033; baseline 0 -14"><span class='ocrx_word' id='word_1_328' title='bbox 1903 1966 2057 2033; x_wconf 81' lang='lat' dir='ltr'><strong><em>uiuit,</em></strong></span> <span class='ocrx_word' id='word_1_329' title='bbox 2089 1969 2136 2021; x_wconf 87' lang='lat' dir='ltr'><strong><em>is</em></strong></span> <span class='ocrx_word' id='word_1_330' title='bbox 2158 1967 2287 2021; x_wconf 88' lang='lat' dir='ltr'><strong><em>vidit</em></strong></span> <span class='ocrx_word' id='word_1_331' title='bbox 2303 1975 2354 2022; x_wconf 90' lang='lat' dir='ltr'><strong><em>et</em></strong></span> <span class='ocrx_word' id='word_1_332' title='bbox 2386 1963 2623 2021; x_wconf 85' lang='lat' dir='ltr'><strong><em>Patrem.</em></strong></span> <span class='ocrx_word' id='word_1_333' title='bbox 2652 1983 2673 2019; x_wconf 75' lang='grc' dir='ltr'><strong><em>ι</em></strong></span> <span class='ocrx_word' id='word_1_334' title='bbox 2858 1963 2871 1965; x_wconf 16' lang='grc' dir='ltr'>ἡ</span> <span class='ocrx_word' id='word_1_335' title='bbox 2964 1964 2969 1969; x_wconf 89' lang='grc'><em>’</em></span> 
     </span>
    </p>
   </div>
   <div class='ocr_carea' id='block_1_52' title="bbox 2458 2208 2768 2275">
    <p class='ocr_par' dir='ltr' id='par_1_52' title="bbox 2458 2208 2768 2275">
     <span class='ocr_line' id='line_1_55' title="bbox 2458 2208 2768 2275; baseline -0.01 -9"><span class='ocrx_word' id='word_1_336' title='bbox 2458 2215 2517 2275; x_wconf 74' lang='grc' dir='ltr'><strong><em>›Ῑ‹</em></strong></span> <span class='ocrx_word' id='word_1_337' title='bbox 2542 2208 2695 2265; x_wconf 86' lang='lat' dir='ltr'><strong><em>CAP.</em></strong></span> <span class='ocrx_word' id='word_1_338' title='bbox 2728 2208 2768 2263; x_wconf 91' lang='grc'><em>1.</em></span> 
     </span>
    </p>
   </div>
   <div class='ocr_carea' id='block_1_53' title="bbox 1823 2300 3412 2374">
    <p class='ocr_par' dir='ltr' id='par_1_53' title="bbox 1823 2300 3412 2374">
     <span class='ocr_line' id='line_1_56' title="bbox 1823 2300 3412 2374; baseline -0.001 -16"><span class='ocrx_word' id='word_1_339' title='bbox 1823 2305 1995 2373; x_wconf 85' lang='lat' dir='ltr'><strong><em>Quam</em></strong></span> <span class='ocrx_word' id='word_1_340' title='bbox 2034 2320 2275 2374; x_wconf 83' lang='lat' dir='ltr'><strong><em>perverse</em></strong></span> <span class='ocrx_word' id='word_1_341' title='bbox 2314 2300 2970 2374; x_wconf 70' lang='lat' dir='ltr'><strong><em>Marcellusinterpretari</em></strong></span> <span class='ocrx_word' id='word_1_342' title='bbox 3013 2318 3177 2358; x_wconf 91' lang='lat' dir='ltr'><strong><em>ausus</em></strong></span> <span class='ocrx_word' id='word_1_343' title='bbox 3209 2311 3288 2357; x_wconf 86' lang='lat' dir='ltr'><strong><em>est</em></strong></span> <span class='ocrx_word' id='word_1_344' title='bbox 3318 2318 3412 2357; x_wconf 88' lang='lat' dir='ltr'><strong><em>sa—</em></strong></span> 
     </span>
    </p>
   </div>
   <div class='ocr_carea' id='block_1_54' title="bbox 2430 2370 2809 2427">
    <p class='ocr_par' dir='ltr' id='par_1_54' title="bbox 2430 2370 2809 2427">
     <span class='ocr_line' id='line_1_57' title="bbox 2430 2370 2809 2427; baseline -0.005 0"><span class='ocrx_word' id='word_1_345' title='bbox 2430 2388 2546 2427; x_wconf 92' lang='lat' dir='ltr'><strong><em>cras</em></strong></span> <span class='ocrx_word' id='word_1_346' title='bbox 2564 2370 2809 2427; x_wconf 84' lang='lat' dir='ltr'><strong><em>Litteras.</em></strong></span> 
     </span>
    </p>
   </div>
   <div class='ocr_carea' id='block_1_55' title="bbox 1894 2461 3413 2539">
    <p class='ocr_par' dir='ltr' id='par_1_55' title="bbox 1894 2461 3413 2539">
     <span class='ocr_line' id='line_1_58' title="bbox 1894 2461 3413 2539; baseline -0.002 -16"><span class='ocrx_word' id='word_1_347' title='bbox 1894 2466 2122 2539; x_wconf 75' lang='lat' dir='ltr'><strong><em>Magnus</em></strong></span> <span class='ocrx_word' id='word_1_348' title='bbox 2147 2466 2268 2522; x_wconf 85' lang='lat' dir='ltr'><strong><em>ideo</em></strong></span> <span class='ocrx_word' id='word_1_349' title='bbox 2303 2464 2650 2537; x_wconf 82' lang='lat' dir='ltr'><strong><em>Evangelista</em></strong></span> <span class='ocrx_word' id='word_1_350' title='bbox 2683 2463 2943 2533; x_wconf 79' lang='lat' dir='ltr'><strong><em>Joannes,</em></strong></span> <span class='ocrx_word' id='word_1_351' title='bbox 2972 2461 3283 2522; x_wconf 81' lang='lat' dir='ltr'><strong><em>Servatoris</em></strong></span> <span class='ocrx_word' id='word_1_352' title='bbox 3315 2478 3413 2520; x_wconf 88' lang='lat' dir='ltr'><strong><em>no-</em></strong></span> 
     </span>
    </p>
   </div>
   <div class='ocr_carea' id='block_1_56' title="bbox 1829 2554 3416 2626">
    <p class='ocr_par' dir='ltr' id='par_1_56' title="bbox 1829 2554 3416 2626">
     <span class='ocr_line' id='line_1_59' title="bbox 1829 2554 3416 2626; baseline 0 -14"><span class='ocrx_word' id='word_1_353' title='bbox 1829 2557 1928 2613; x_wconf 86' lang='lat' dir='ltr'><strong><em>stri</em></strong></span> <span class='ocrx_word' id='word_1_354' title='bbox 1977 2557 2340 2623; x_wconf 78' lang='lat' dir='ltr'><strong><em>divinitatem,</em></strong></span> <span class='ocrx_word' id='word_1_355' title='bbox 2373 2564 2434 2610; x_wconf 87' lang='lat' dir='ltr'><strong><em>ut</em></strong></span> <span class='ocrx_word' id='word_1_356' title='bbox 2463 2554 2770 2626; x_wconf 73' lang='lat' dir='ltr'><strong><em>pmfertur,</em></strong></span> <span class='ocrx_word' id='word_1_357' title='bbox 2805 2570 2910 2610; x_wconf 88' lang='lat' dir='ltr'><strong><em>non</em></strong></span> <span class='ocrx_word' id='word_1_358' title='bbox 2965 2571 3073 2611; x_wconf 87' lang='lat' dir='ltr'><strong><em>uno</em></strong></span> <span class='ocrx_word' id='word_1_359' title='bbox 3129 2556 3290 2612; x_wconf 83' lang='lat' dir='ltr'><strong><em>modo</em></strong></span> <span class='ocrx_word' id='word_1_360' title='bbox 3314 2570 3416 2613; x_wconf 76' lang='lat' dir='ltr'><strong><em>an-</em></strong></span> 
     </span>
    </p>
   </div>
   <div class='ocr_carea' id='block_1_57' title="bbox 1830 2646 3415 2718">
    <p class='ocr_par' dir='ltr' id='par_1_57' title="bbox 1830 2646 3415 2718">
     <span class='ocr_line' id='line_1_60' title="bbox 1830 2646 3415 2718; baseline -0.001 -13"><span class='ocrx_word' id='word_1_361' title='bbox 1830 2650 2120 2705; x_wconf 85' lang='lat' dir='ltr'><strong><em>nuntiavit.</em></strong></span> <span class='ocrx_word' id='word_1_362' title='bbox 2170 2648 2453 2718; x_wconf 85' lang='lat' dir='ltr'><strong><em>Quomodo</em></strong></span> <span class='ocrx_word' id='word_1_363' title='bbox 2487 2656 2668 2703; x_wconf 90' lang='lat' dir='ltr'><strong><em>autem</em></strong></span> <span class='ocrx_word' id='word_1_364' title='bbox 2727 2646 2875 2702; x_wconf 81' lang='lat' dir='ltr'><strong><em>illam</em></strong></span> <span class='ocrx_word' id='word_1_365' title='bbox 2926 2646 3211 2704; x_wconf 82' lang='lat' dir='ltr'><strong><em>Marcellus</em></strong></span> <span class='ocrx_word' id='word_1_366' title='bbox 3247 2648 3415 2705; x_wconf 74' lang='lat' dir='ltr'><strong><em>abne—</em></strong></span> 
     </span>
    </p>
   </div>
   <div class='ocr_carea' id='block_1_58' title="bbox 1830 2738 3415 2815">
    <p class='ocr_par' dir='ltr' id='par_1_58' title="bbox 1830 2738 3415 2815">
     <span class='ocr_line' id='line_1_61' title="bbox 1830 2738 3415 2815; baseline 0 -19"><span class='ocrx_word' id='word_1_367' title='bbox 1830 2741 2008 2815; x_wconf 76' lang='lat' dir='ltr'><strong><em>gando</em></strong></span> <span class='ocrx_word' id='word_1_368' title='bbox 2047 2741 2115 2796; x_wconf 88' lang='lat' dir='ltr'><strong><em>ad</em></strong></span> <span class='ocrx_word' id='word_1_369' title='bbox 2160 2740 2444 2798; x_wconf 84' lang='lat' dir='ltr'><strong><em>Judaicam</em></strong></span> <span class='ocrx_word' id='word_1_370' title='bbox 2478 2738 2760 2810; x_wconf 79' lang='lat' dir='ltr'><strong><em>perﬁdiam</em></strong></span> <span class='ocrx_word' id='word_1_371' title='bbox 2807 2739 3006 2809; x_wconf 87' lang='lat' dir='ltr'><strong><em>erupit,</em></strong></span> <span class='ocrx_word' id='word_1_372' title='bbox 3058 2739 3133 2796; x_wconf 86' lang='lat' dir='ltr'><strong><em>ibi</em></strong></span> <span class='ocrx_word' id='word_1_373' title='bbox 3180 2741 3415 2796; x_wconf 79' lang='lat' dir='ltr'><strong><em>manife-</em></strong></span> 
     </span>
    </p>
   </div>
   <div class='ocr_carea' id='block_1_59' title="bbox 1832 2829 3416 2900">
    <p class='ocr_par' dir='ltr' id='par_1_59' title="bbox 1832 2829 3416 2900">
     <span class='ocr_line' id='line_1_62' title="bbox 1832 2829 3416 2900; baseline 0.001 -12"><span class='ocrx_word' id='word_1_374' title='bbox 1832 2839 2028 2888; x_wconf 80' lang='lat' dir='ltr'><strong><em>statur.</em></strong></span> <span class='ocrx_word' id='word_1_375' title='bbox 2066 2832 2349 2899; x_wconf 84' lang='lat' dir='ltr'><strong><em>Quomodo</em></strong></span> <span class='ocrx_word' id='word_1_376' title='bbox 2381 2844 2512 2887; x_wconf 86' lang='lat' dir='ltr'><strong><em>vero</em></strong></span> <span class='ocrx_word' id='word_1_377' title='bbox 2563 2842 2819 2900; x_wconf 85' lang='lat' dir='ltr'><strong><em>perverse</em></strong></span> <span class='ocrx_word' id='word_1_378' title='bbox 2854 2829 3245 2900; x_wconf 83' lang='lat' dir='ltr'><strong><em>interpretatus</em></strong></span> <span class='ocrx_word' id='word_1_379' title='bbox 3268 2843 3416 2888; x_wconf 85' lang='lat' dir='ltr'><strong><em>esset</em></strong></span> 
     </span>
    </p>
   </div>
   <div class='ocr_carea' id='block_1_60' title="bbox 1833 2919 3415 2993">
    <p class='ocr_par' dir='ltr' id='par_1_60' title="bbox 1833 2919 3415 2993">
     <span class='ocr_line' id='line_1_63' title="bbox 1833 2919 3415 2993; baseline 0.004 -16"><span class='ocrx_word' id='word_1_380' title='bbox 1833 2931 2075 2993; x_wconf 82' lang='lat' dir='ltr'><strong><em>apertam</em></strong></span> <span class='ocrx_word' id='word_1_381' title='bbox 2108 2933 2165 2978; x_wconf 87' lang='lat' dir='ltr'><strong><em>et</em></strong></span> <span class='ocrx_word' id='word_1_382' title='bbox 2197 2923 2250 2978; x_wconf 93' lang='lat' dir='ltr'><strong><em>in</em></strong></span> <span class='ocrx_word' id='word_1_383' title='bbox 2275 2921 2524 2978; x_wconf 81' lang='lat' dir='ltr'><strong><em>confesso</em></strong></span> <span class='ocrx_word' id='word_1_384' title='bbox 2562 2919 2788 2991; x_wconf 83' lang='lat' dir='ltr'><strong><em>positam</em></strong></span> <span class='ocrx_word' id='word_1_385' title='bbox 2814 2920 2880 2976; x_wconf 88' lang='lat' dir='ltr'><strong><em>de</em></strong></span> <span class='ocrx_word' id='word_1_386' title='bbox 2906 2922 3096 2977; x_wconf 88' lang='lat' dir='ltr'><strong><em>eodem</em></strong></span> <span class='ocrx_word' id='word_1_387' title='bbox 3125 2923 3415 2983; x_wconf 77' lang='lat' dir='ltr'><strong><em>Servatoro</em></strong></span> 
     </span>
    </p>
   </div>
   <div class='ocr_carea' id='block_1_61' title="bbox 122 3014 1718 3093">
    <p class='ocr_par' dir='ltr' id='par_1_61' title="bbox 122 3020 1718 3093">
     <span class='ocr_line' id='line_1_64' title="bbox 122 3020 1718 3093; baseline 0 -19"><span class='ocrx_word' id='word_1_388' title='bbox 122 3020 303 3092; x_wconf 78' lang='grc' dir='ltr'><em>τῆρος</em></span> <span class='ocrx_word' id='word_1_389' title='bbox 321 3021 481 3093; x_wconf 84' lang='grc' dir='ltr'><em>ήμῶν</em></span> <span class='ocrx_word' id='word_1_390' title='bbox 511 3037 660 3093; x_wconf 87' lang='grc' dir='ltr'><em>παρη</em></span> <span class='ocrx_word' id='word_1_391' title='bbox 671 3022 906 3093; x_wconf 84' lang='grc' dir='ltr'><em>ρμήνευε</em></span> <span class='ocrx_word' id='word_1_392' title='bbox 931 3020 1302 3085; x_wconf 81' lang='grc' dir='ltr'><em>διδασκαλίας,</em></span> <span class='ocrx_word' id='word_1_393' title='bbox 1336 3020 1528 3091; x_wconf 83' lang='grc' dir='ltr'><strong><em>μάθοις</em></strong></span> <span class='ocrx_word' id='word_1_394' title='bbox 1548 3020 1614 3074; x_wconf 80' lang='grc' dir='ltr'><em>ἂν</em></span> <span class='ocrx_word' id='word_1_395' title='bbox 1638 3023 1718 3074; x_wconf 56' lang='grc' dir='ltr'><em>κατ</em></span> 
     </span>
    </p>
   </div>
   <div class='ocr_carea' id='block_1_62' title="bbox 1836 3014 3497 3093">
    <p class='ocr_par' dir='ltr' id='par_1_62' title="bbox 1836 3014 3497 3089">
     <span class='ocr_line' id='line_1_65' title="bbox 1836 3014 3497 3089; baseline 0.001 -19"><span class='ocrx_word' id='word_1_396' title='bbox 1836 3014 2132 3086; x_wconf 70' lang='lat' dir='ltr'><strong><em>Scriptum</em></strong></span> <span class='ocrx_word' id='word_1_397' title='bbox 2168 3016 2495 3083; x_wconf 88' lang='lat' dir='ltr'><strong><em>doctrinam,</em></strong></span> <span class='ocrx_word' id='word_1_398' title='bbox 2542 3031 2668 3073; x_wconf 87' lang='lat' dir='ltr'><strong><em>cum</em></strong></span> <span class='ocrx_word' id='word_1_399' title='bbox 2693 3031 2725 3073; x_wconf 90' lang='lat' dir='ltr'><strong><em>e</em></strong></span> <span class='ocrx_word' id='word_1_400' title='bbox 2756 3014 2940 3074; x_wconf 85' lang='lat' dir='ltr'><strong><em>multis</em></strong></span> <span class='ocrx_word' id='word_1_401' title='bbox 2978 3017 3102 3073; x_wconf 87' lang='lat' dir='ltr'><strong><em>aliis</em></strong></span> <span class='ocrx_word' id='word_1_402' title='bbox 3123 3018 3292 3089; x_wconf 84' lang='lat' dir='ltr'><strong><em>ipsius</em></strong></span> <span class='ocrx_word' id='word_1_403' title='bbox 3325 3019 3413 3072; x_wconf 84' lang='lat' dir='ltr'><strong><em>in-</em></strong></span> <span class='ocrx_word' id='word_1_404' title='bbox 3492 3048 3497 3053; x_wconf 91' lang='lat'><strong><em>-</em></strong></span> 
     </span>
    </p>
   </div>
   <div class='ocr_carea' id='block_1_63' title="bbox 123 3110 1731 3186">
    <p class='ocr_par' dir='ltr' id='par_1_63' title="bbox 123 3110 1731 3186">
     <span class='ocr_line' id='line_1_66' title="bbox 123 3110 1731 3186; baseline 0.003 -24"><span class='ocrx_word' id='word_1_405' title='bbox 123 3110 190 3178; x_wconf 73' lang='grc' dir='ltr'><strong><em>ἐξ</em></strong></span> <span class='ocrx_word' id='word_1_406' title='bbox 221 3111 428 3184; x_wconf 81' lang='grc' dir='ltr'><em>ἑτέρων</em></span> <span class='ocrx_word' id='word_1_407' title='bbox 462 3112 559 3184; x_wconf 84' lang='grc' dir='ltr'><em>μὲν</em></span> <span class='ocrx_word' id='word_1_408' title='bbox 581 3111 848 3167; x_wconf 79' lang='grc' dir='ltr'><em>πλείστων</em></span> <span class='ocrx_word' id='word_1_409' title='bbox 876 3112 1016 3165; x_wconf 83' lang='grc' dir='ltr'><em>ὅσων</em></span> <span class='ocrx_word' id='word_1_410' title='bbox 1037 3111 1202 3166; x_wconf 84' lang='grc' dir='ltr'><em>αὐτοῦ</em></span> <span class='ocrx_word' id='word_1_411' title='bbox 1236 3111 1564 3184; x_wconf 83' lang='grc' dir='ltr'><em>διηγήσεων,</em></span> <span class='ocrx_word' id='word_1_412' title='bbox 1588 3111 1731 3186; x_wconf 83' lang='grc' dir='ltr'><em>ἀτὰρ</em></span> 
     </span>
    </p>
   </div>
   <div class='ocr_carea' id='block_1_64' title="bbox 120 3204 1732 3277">
    <p class='ocr_par' dir='ltr' id='par_1_64' title="bbox 120 3204 1732 3277">
     <span class='ocr_line' id='line_1_67' title="bbox 120 3204 1732 3277; baseline 0.001 -18"><span class='ocrx_word' id='word_1_413' title='bbox 120 3204 196 3277; x_wconf 82' lang='grc' dir='ltr'><em>δὴ</em></span> <span class='ocrx_word' id='word_1_414' title='bbox 254 3205 352 3258; x_wconf 72' lang='grc' dir='ltr'><em>καὶ</em></span> <span class='ocrx_word' id='word_1_415' title='bbox 405 3206 471 3258; x_wconf 83' lang='grc' dir='ltr'><em>ὲκ</em></span> <span class='ocrx_word' id='word_1_416' title='bbox 514 3205 616 3276; x_wconf 83' lang='grc' dir='ltr'><em>τῆς</em></span> <span class='ocrx_word' id='word_1_417' title='bbox 673 3204 845 3269; x_wconf 73' lang='grc' dir='ltr'><em>οὕτως</em></span> <span class='ocrx_word' id='word_1_418' title='bbox 886 3204 1119 3277; x_wconf 79' lang='grc' dir='ltr'><em>ἐχούσης</em></span> <span class='ocrx_word' id='word_1_419' title='bbox 1149 3208 1207 3260; x_wconf 83' lang='grc' dir='ltr'><em>ὲν</em></span> <span class='ocrx_word' id='word_1_420' title='bbox 1261 3209 1376 3270; x_wconf 83' lang='grc' dir='ltr'><em>τοῖς</em></span> <span class='ocrx_word' id='word_1_421' title='bbox 1420 3204 1732 3277; x_wconf 86' lang='grc' dir='ltr'><em>Σολομῶνος</em></span> 
     </span>
    </p>
   </div>
   <div class='ocr_carea' id='block_1_65' title="bbox 124 3295 1732 3369">
    <p class='ocr_par' dir='ltr' id='par_1_65' title="bbox 124 3295 1732 3369">
     <span class='ocr_line' id='line_1_68' title="bbox 124 3295 1732 3369; baseline -0.001 -18"><span class='ocrx_word' id='word_1_422' title='bbox 124 3296 483 3369; x_wconf 77' lang='grc' dir='ltr'><em>Παροιμίαις.</em></span> <span class='ocrx_word' id='word_1_423' title='bbox 529 3295 822 3365; x_wconf 77' lang='grc' dir='ltr'><em>Είσάγεται</em></span> <span class='ocrx_word' id='word_1_424' title='bbox 849 3297 881 3367; x_wconf 84' lang='grc' dir='ltr'><strong><em>ή</em></strong></span> <span class='ocrx_word' id='word_1_425' title='bbox 914 3296 1087 3365; x_wconf 81' lang='grc' dir='ltr'><em>Σοφία</em></span> <span class='ocrx_word' id='word_1_426' title='bbox 1125 3295 1570 3368; x_wconf 84' lang='grc' dir='ltr'><em>αὐτοπροσώπως</em></span> <span class='ocrx_word' id='word_1_427' title='bbox 1600 3295 1732 3369; x_wconf 70' lang='grc' dir='ltr'><em>περὶ</em></span> 
     </span>
    </p>
   </div>
   <div class='ocr_carea' id='block_1_66' title="bbox 123 3386 1729 3461">
    <p class='ocr_par' dir='ltr' id='par_1_66' title="bbox 123 3386 1729 3461">
     <span class='ocr_line' id='line_1_69' title="bbox 123 3386 1729 3461; baseline 0 -19"><span class='ocrx_word' id='word_1_428' title='bbox 123 3389 335 3461; x_wconf 78' lang='grc' dir='ltr'><em>ἑαυτῆς</em></span> <span class='ocrx_word' id='word_1_429' title='bbox 355 3388 528 3443; x_wconf 82' lang='grc' dir='ltr'><em>ταῦτα</em></span> <span class='ocrx_word' id='word_1_430' title='bbox 547 3386 926 3461; x_wconf 81' lang='grc' dir='ltr'><em>διεξερχομένη</em></span> <span class='ocrx_word' id='word_1_431' title='bbox 952 3387 1085 3460; x_wconf 59' lang='grc' dir='ltr'><strong><em>(5ἓ)·</em></strong></span> <span class='ocrx_word' id='word_1_432' title='bbox 1113 3387 1261 3459; x_wconf 82' lang='grc' dir='ltr'><em>Ἐγὼ</em></span> <span class='ocrx_word' id='word_1_433' title='bbox 1294 3387 1333 3457; x_wconf 73' lang='grc' dir='ltr'>ἡ</span> <span class='ocrx_word' id='word_1_434' title='bbox 1368 3388 1558 3459; x_wconf 76' lang='grc' dir='ltr'><em>Σοφία</em></span> <span class='ocrx_word' id='word_1_435' title='bbox 1588 3405 1729 3442; x_wconf 86' lang='grc' dir='ltr'><em>κατ-</em></span> 
     </span>
    </p>
   </div>
   <div class='ocr_carea' id='block_1_67' title="bbox 126 3476 1732 3551">
    <p class='ocr_par' dir='ltr' id='par_1_67' title="bbox 126 3476 1732 3551">
     <span class='ocr_line' id='line_1_70' title="bbox 126 3476 1732 3551; baseline -0.002 -16"><span class='ocrx_word' id='word_1_436' title='bbox 126 3479 463 3547; x_wconf 78' lang='grc' dir='ltr'><em>εσκήνωσα</em></span> <span class='ocrx_word' id='word_1_437' title='bbox 488 3478 756 3548; x_wconf 78' lang='grc' dir='ltr'><em>βουλὴν,</em></span> <span class='ocrx_word' id='word_1_438' title='bbox 786 3479 886 3532; x_wconf 79' lang='grc' dir='ltr'><strong><em>καί</em></strong></span> <span class='ocrx_word' id='word_1_439' title='bbox 914 3477 1161 3551; x_wconf 83' lang='grc' dir='ltr'><em>γνῶσιν,</em></span> <span class='ocrx_word' id='word_1_440' title='bbox 1206 3479 1304 3533; x_wconf 80' lang='grc' dir='ltr'><em>καὶ</em></span> <span class='ocrx_word' id='word_1_441' title='bbox 1343 3479 1588 3534; x_wconf 72' lang='grc' dir='ltr'><em>ἔννοιαν</em></span> <span class='ocrx_word' id='word_1_442' title='bbox 1617 3476 1732 3549; x_wconf 66' lang='grc' dir='ltr'><strong><em>ἐγὼ</em></strong></span> 
     </span>
    </p>
   </div>
   <div class='ocr_carea' id='block_1_68' title="bbox 121 3571 1731 3643">
    <p class='ocr_par' dir='ltr' id='par_1_68' title="bbox 121 3571 1731 3643">
     <span class='ocr_line' id='line_1_71' title="bbox 121 3571 1731 3643; baseline -0.001 -16"><span class='ocrx_word' id='word_1_443' title='bbox 121 3572 619 3643; x_wconf 82' lang='grc' dir='ltr'><em>ἐπεκαλεσάμην.</em></span> <span class='ocrx_word' id='word_1_444' title='bbox 648 3573 836 3639; x_wconf 79' lang='grc' dir='ltr'><em>Φόϐος</em></span> <span class='ocrx_word' id='word_1_445' title='bbox 860 3572 1081 3640; x_wconf 82' lang='grc' dir='ltr'><strong><em>Κυρίου</em></strong></span> <span class='ocrx_word' id='word_1_446' title='bbox 1099 3572 1272 3642; x_wconf 88' lang='grc' dir='ltr'><em>μισεῖ</em></span> <span class='ocrx_word' id='word_1_447' title='bbox 1289 3572 1527 3637; x_wconf 80' lang='grc' dir='ltr'><em>κακίαν,</em></span> <span class='ocrx_word' id='word_1_448' title='bbox 1559 3571 1731 3640; x_wconf 82' lang='grc' dir='ltr'><em>ὕϐριν</em></span> 
     </span>
    </p>
   </div>
   <div class='ocr_carea' id='block_1_69' title="bbox 124 3662 1731 3734">
    <p class='ocr_par' dir='ltr' id='par_1_69' title="bbox 124 3662 1731 3734">
     <span class='ocr_line' id='line_1_72' title="bbox 124 3662 1731 3734; baseline 0.001 -19"><span class='ocrx_word' id='word_1_449' title='bbox 124 3678 199 3716; x_wconf 80' lang='grc' dir='ltr'><strong><em>τε</em></strong></span> <span class='ocrx_word' id='word_1_450' title='bbox 226 3663 328 3719; x_wconf 77' lang='grc' dir='ltr'><strong><em>καί</em></strong></span> <span class='ocrx_word' id='word_1_451' title='bbox 355 3664 796 3733; x_wconf 66' lang='grc' dir='ltr'><em>ὑπερηφανίαν,</em></span> <span class='ocrx_word' id='word_1_452' title='bbox 842 3662 942 3717; x_wconf 76' lang='grc' dir='ltr'><strong><em>καί</em></strong></span> <span class='ocrx_word' id='word_1_453' title='bbox 971 3663 1150 3728; x_wconf 77' lang='grc' dir='ltr'><em>ὀδοὺς</em></span> <span class='ocrx_word' id='word_1_454' title='bbox 1182 3663 1482 3733; x_wconf 77' lang='grc' dir='ltr'><em>πονηρῶν,</em></span> <span class='ocrx_word' id='word_1_455' title='bbox 1519 3663 1731 3734; x_wconf 87' lang='grc' dir='ltr'><em>ἐμίση-</em></span> 
     </span>
    </p>
   </div>
   <div class='ocr_carea' id='block_1_70' title="bbox 124 3752 1727 3825">
    <p class='ocr_par' dir='ltr' id='par_1_70' title="bbox 124 3752 1727 3825">
     <span class='ocr_line' id='line_1_73' title="bbox 124 3752 1727 3825; baseline -0.001 -16"><span class='ocrx_word' id='word_1_456' title='bbox 124 3769 221 3809; x_wconf 91' lang='grc' dir='ltr'><strong><em>σα</em></strong></span> <span class='ocrx_word' id='word_1_457' title='bbox 269 3752 340 3808; x_wconf 85' lang='grc' dir='ltr'><em>δὲ</em></span> <span class='ocrx_word' id='word_1_458' title='bbox 395 3753 510 3825; x_wconf 79' lang='grc' dir='ltr'><strong><em>ἐγὼ</em></strong></span> <span class='ocrx_word' id='word_1_459' title='bbox 558 3753 1033 3825; x_wconf 72' lang='grc' dir='ltr'><em>διεστραμμένης</em></span> <span class='ocrx_word' id='word_1_460' title='bbox 1088 3754 1268 3822; x_wconf 81' lang='grc' dir='ltr'><em>ὀδοὺς</em></span> <span class='ocrx_word' id='word_1_461' title='bbox 1319 3753 1537 3809; x_wconf 86' lang='grc' dir='ltr'><em>κακῶν.</em></span> <span class='ocrx_word' id='word_1_462' title='bbox 1587 3753 1727 3824; x_wconf 76' lang='grc' dir='ltr'><strong><em>Ἐμὴ</em></strong></span> 
     </span>
    </p>
   </div>
   <div class='ocr_carea' id='block_1_71' title="bbox 118 3845 1725 3917">
    <p class='ocr_par' dir='ltr' id='par_1_71' title="bbox 118 3845 1725 3917">
     <span class='ocr_line' id='line_1_74' title="bbox 118 3845 1725 3917; baseline -0.001 -16"><span class='ocrx_word' id='word_1_463' title='bbox 118 3846 336 3916; x_wconf 76' lang='grc' dir='ltr'><em>,βουλὴ</em></span> <span class='ocrx_word' id='word_1_464' title='bbox 360 3845 462 3900; x_wconf 77' lang='grc' dir='ltr'><em>καὶ</em></span> <span class='ocrx_word' id='word_1_465' title='bbox 483 3845 784 3916; x_wconf 71' lang='grc' dir='ltr'><em>ἀσφάλεια</em></span> <span class='ocrx_word' id='word_1_466' title='bbox 801 3863 816 3876; x_wconf 83' lang='grc'><strong>·</strong></span> <span class='ocrx_word' id='word_1_467' title='bbox 842 3846 955 3916; x_wconf 80' lang='grc' dir='ltr'><strong><em>ἐμὴ</em></strong></span> <span class='ocrx_word' id='word_1_468' title='bbox 985 3847 1258 3913; x_wconf 89' lang='grc' dir='ltr'><em>σύνεσις.</em></span> <span class='ocrx_word' id='word_1_469' title='bbox 1287 3845 1401 3917; x_wconf 82' lang='grc' dir='ltr'><strong><em>ἐμὴ</em></strong></span> <span class='ocrx_word' id='word_1_470' title='bbox 1436 3846 1504 3899; x_wconf 89' lang='grc' dir='ltr'><em>δὲ</em></span> <span class='ocrx_word' id='word_1_471' title='bbox 1527 3847 1725 3916; x_wconf 81' lang='grc' dir='ltr'><em>ἰσχύς.</em></span> 
     </span>
    </p>
   </div>
   <div class='ocr_carea' id='block_1_72' title="bbox 125 3933 1730 4007">
    <p class='ocr_par' dir='ltr' id='par_1_72' title="bbox 125 3933 1730 4007">
     <span class='ocr_line' id='line_1_75' title="bbox 125 3933 1730 4007; baseline -0.002 -16"><span class='ocrx_word' id='word_1_472' title='bbox 125 3936 215 3991; x_wconf 82' lang='grc' dir='ltr'><strong><em>Δι’</em></strong></span> <span class='ocrx_word' id='word_1_473' title='bbox 240 3935 389 4007; x_wconf 83' lang='grc' dir='ltr'><em>ἐμοῦ</em></span> <span class='ocrx_word' id='word_1_474' title='bbox 422 3936 709 4003; x_wconf 76' lang='grc' dir='ltr'><strong><em>⁴βασιλεῖς</em></strong></span> <span class='ocrx_word' id='word_1_475' title='bbox 735 3935 1163 4000; x_wconf 78' lang='grc' dir='ltr'><em>βασιλεύουσι,</em></span> <span class='ocrx_word' id='word_1_476' title='bbox 1213 3934 1311 3988; x_wconf 77' lang='grc' dir='ltr'><em>καὶ</em></span> <span class='ocrx_word' id='word_1_477' title='bbox 1353 3938 1405 3989; x_wconf 79' lang='grc' dir='ltr'><em>οἱ</em></span> <span class='ocrx_word' id='word_1_478' title='bbox 1432 3933 1730 3988; x_wconf 84' lang='grc' dir='ltr'><em>δυνάσται</em></span> 
     </span>
    </p>
   </div>
   <div class='ocr_carea' id='block_1_73' title="bbox 127 4025 1732 4100">
    <p class='ocr_par' dir='ltr' id='par_1_73' title="bbox 127 4025 1732 4100">
     <span class='ocr_line' id='line_1_76' title="bbox 127 4025 1732 4100; baseline -0.002 -18"><span class='ocrx_word' id='word_1_479' title='bbox 127 4027 435 4100; x_wconf 63' lang='grc' dir='ltr'><em>πράφουσι</em></span> <span class='ocrx_word' id='word_1_480' title='bbox 460 4029 872 4098; x_wconf 83' lang='grc' dir='ltr'><em>δικαιοσύνην.</em></span> <span class='ocrx_word' id='word_1_481' title='bbox 905 4030 986 4082; x_wconf 81' lang='grc' dir='ltr'><strong><em>Δι’</em></strong></span> <span class='ocrx_word' id='word_1_482' title='bbox 1008 4029 1156 4099; x_wconf 87' lang='grc' dir='ltr'><em>ἐμοῦ</em></span> <span class='ocrx_word' id='word_1_483' title='bbox 1172 4025 1532 4099; x_wconf 81' lang='grc' dir='ltr'><em>μεγιστᾶνες</em></span> <span class='ocrx_word' id='word_1_484' title='bbox 1551 4042 1732 4096; x_wconf 83' lang='grc' dir='ltr'><em>μεγα-</em></span> 
     </span>
    </p>
   </div>
   <div class='ocr_carea' id='block_1_74' title="bbox 124 4115 1725 4189">
    <p class='ocr_par' dir='ltr' id='par_1_74' title="bbox 124 4115 1725 4189">
     <span class='ocr_line' id='line_1_77' title="bbox 124 4115 1725 4189; baseline -0.002 -15"><span class='ocrx_word' id='word_1_485' title='bbox 124 4119 445 4183; x_wconf 83' lang='grc' dir='ltr'><em>λύνονται,</em></span> <span class='ocrx_word' id='word_1_486' title='bbox 485 4118 587 4175; x_wconf 79' lang='grc' dir='ltr'><em>καὶ</em></span> <span class='ocrx_word' id='word_1_487' title='bbox 626 4120 909 4189; x_wconf 87' lang='grc' dir='ltr'><em>τύραννοι</em></span> <span class='ocrx_word' id='word_1_488' title='bbox 954 4118 1027 4172; x_wconf 88' lang='grc' dir='ltr'><em>δι’</em></span> <span class='ocrx_word' id='word_1_489' title='bbox 1074 4119 1220 4189; x_wconf 84' lang='grc' dir='ltr'><em>ἐμοῦ</em></span> <span class='ocrx_word' id='word_1_490' title='bbox 1258 4116 1553 4186; x_wconf 84' lang='grc' dir='ltr'><em>κρατοῦσι</em></span> <span class='ocrx_word' id='word_1_491' title='bbox 1591 4115 1725 4186; x_wconf 82' lang='grc' dir='ltr'><em>γῆς.</em></span> 
     </span>
    </p>
   </div>
   <div class='ocr_carea' id='block_1_75' title="bbox 141 4207 1729 4282">
    <p class='ocr_par' dir='ltr' id='par_1_75' title="bbox 141 4207 1729 4282">
     <span class='ocr_line' id='line_1_78' title="bbox 141 4207 1729 4282; baseline -0.003 -17"><span class='ocrx_word' id='word_1_492' title='bbox 141 4208 299 4281; x_wconf 79' lang='grc' dir='ltr'><em>Ἐγὼ</em></span> <span class='ocrx_word' id='word_1_493' title='bbox 340 4209 486 4277; x_wconf 87' lang='grc' dir='ltr'><em>τοὺς</em></span> <span class='ocrx_word' id='word_1_494' title='bbox 518 4211 624 4282; x_wconf 78' lang='grc' dir='ltr'><strong><em>ἐμὲ</em></strong></span> <span class='ocrx_word' id='word_1_495' title='bbox 660 4209 991 4280; x_wconf 73' lang='grc' dir='ltr'><em>φιλοῦντας</em></span> <span class='ocrx_word' id='word_1_496' title='bbox 1025 4209 1258 4281; x_wconf 89' lang='grc' dir='ltr'><em>ἀγαπῶ,</em></span> <span class='ocrx_word' id='word_1_497' title='bbox 1309 4212 1363 4263; x_wconf 79' lang='grc' dir='ltr'><em>οἱ</em></span> <span class='ocrx_word' id='word_1_498' title='bbox 1395 4208 1463 4262; x_wconf 81' lang='grc' dir='ltr'><em>δὲ</em></span> <span class='ocrx_word' id='word_1_499' title='bbox 1492 4207 1597 4278; x_wconf 80' lang='grc' dir='ltr'><strong><em>ἐμὲ</em></strong></span> <span class='ocrx_word' id='word_1_500' title='bbox 1621 4207 1729 4275; x_wconf 82' lang='grc' dir='ltr'><strong><em>ζη-</em></strong></span> 
     </span>
    </p>
   </div>
   <div class='ocr_carea' id='block_1_76' title="bbox 125 4296 1728 4372">
    <p class='ocr_par' dir='ltr' id='par_1_76' title="bbox 125 4296 1728 4372">
     <span class='ocr_line' id='line_1_79' title="bbox 125 4296 1728 4372; baseline 0 -20"><span class='ocrx_word' id='word_1_501' title='bbox 125 4296 387 4365; x_wconf 81' lang='grc' dir='ltr'><em>τοῦντες</em></span> <span class='ocrx_word' id='word_1_502' title='bbox 409 4298 742 4369; x_wconf 79' lang='grc' dir='ltr'><em>εὑρήσουσι</em></span> <span class='ocrx_word' id='word_1_503' title='bbox 771 4299 967 4372; x_wconf 81' lang='grc' dir='ltr'><em>χάριν.</em></span> <span class='ocrx_word' id='word_1_504' title='bbox 994 4298 1267 4365; x_wconf 81' lang='grc' dir='ltr'><em>Πλοῦτος</em></span> <span class='ocrx_word' id='word_1_505' title='bbox 1297 4297 1396 4353; x_wconf 77' lang='grc' dir='ltr'><em>καὶ</em></span> <span class='ocrx_word' id='word_1_506' title='bbox 1419 4297 1569 4362; x_wconf 82' lang='grc' dir='ltr'><em>δόξα</em></span> <span class='ocrx_word' id='word_1_507' title='bbox 1596 4296 1728 4364; x_wconf 77' lang='grc' dir='ltr'><em>ἐμοὶ</em></span> 
     </span>
    </p>
   </div>
   <div class='ocr_carea' id='block_1_77' title="bbox 126 4366 1802 4461">
    <p class='ocr_par' dir='ltr' id='par_1_77' title="bbox 126 4366 1802 4461">
     <span class='ocr_line' id='line_1_80' title="bbox 126 4366 1802 4461; baseline 0.001 -16"><span class='ocrx_word' id='word_1_508' title='bbox 126 4388 414 4460; x_wconf 74' lang='grc' dir='ltr'><em>ὑπάρχει,</em></span> <span class='ocrx_word' id='word_1_509' title='bbox 458 4366 556 4447; x_wconf 80' lang='grc' dir='ltr'><em>καὶ</em></span> <span class='ocrx_word' id='word_1_510' title='bbox 610 4366 1148 4461; x_wconf 39' lang='grc' dir='ltr'><em>κτῆσις-πολλῶν,</em></span> <span class='ocrx_word' id='word_1_511' title='bbox 1198 4390 1295 4445; x_wconf 84' lang='grc' dir='ltr'><em>καὶ</em></span> <span class='ocrx_word' id='word_1_512' title='bbox 1347 4390 1724 4461; x_wconf 85' lang='grc' dir='ltr'><em>δικαιοσύνη.</em></span> <span class='ocrx_word' id='word_1_513' title='bbox 1758 4366 1802 4422; x_wconf 79' lang='lat' dir='ltr'><strong>D</strong></span> 
     </span>
    </p>
   </div>
   <div class='ocr_carea' id='block_1_78' title="bbox 122 4480 1730 4552">
    <p class='ocr_par' dir='ltr' id='par_1_78' title="bbox 122 4480 1730 4552">
     <span class='ocr_line' id='line_1_81' title="bbox 122 4480 1730 4552; baseline 0.001 -15"><span class='ocrx_word' id='word_1_514' title='bbox 122 4480 390 4537; x_wconf 77' lang='grc' dir='ltr'><em>Βέλτιον</em></span> <span class='ocrx_word' id='word_1_515' title='bbox 417 4480 521 4551; x_wconf 74' lang='grc' dir='ltr'><strong><em>ἐμὲ</em></strong></span> <span class='ocrx_word' id='word_1_516' title='bbox 544 4481 924 4552; x_wconf 80' lang='grc' dir='ltr'><em>καρπίζεσθαι</em></span> <span class='ocrx_word' id='word_1_517' title='bbox 956 4482 1111 4552; x_wconf 79' lang='grc' dir='ltr'><em>ὑπὲρ</em></span> <span class='ocrx_word' id='word_1_518' title='bbox 1133 4482 1389 4552; x_wconf 85' lang='grc' dir='ltr'><em>χρυσίον</em></span> <span class='ocrx_word' id='word_1_519' title='bbox 1421 4482 1522 4536; x_wconf 80' lang='grc' dir='ltr'><em>καὶ</em></span> <span class='ocrx_word' id='word_1_520' title='bbox 1552 4484 1730 4538; x_wconf 80' lang='grc' dir='ltr'><em>λίθον</em></span> 
     </span>
    </p>
   </div>
   <div class='ocr_carea' id='block_1_79' title="bbox 125 4571 1695 4645">
    <p class='ocr_par' dir='ltr' id='par_1_79' title="bbox 125 4571 1695 4645">
     <span class='ocr_line' id='line_1_82' title="bbox 125 4571 1695 4645; baseline 0 -17"><span class='ocrx_word' id='word_1_521' title='bbox 125 4574 352 4643; x_wconf 83' lang='grc' dir='ltr'><em>τίμιον,</em></span> <span class='ocrx_word' id='word_1_522' title='bbox 377 4574 451 4628; x_wconf 85' lang='grc' dir='ltr'><em>τὰ</em></span> <span class='ocrx_word' id='word_1_523' title='bbox 470 4572 537 4627; x_wconf 85' lang='grc' dir='ltr'><strong><em>ὁὲ</em></strong></span> <span class='ocrx_word' id='word_1_524' title='bbox 551 4574 664 4645; x_wconf 86' lang='grc' dir='ltr'><strong><em>ἐμὰ</em></strong></span> <span class='ocrx_word' id='word_1_525' title='bbox 680 4571 1018 4644; x_wconf 62' lang='grc' dir='ltr'><em>γεννγῃιατα</em></span> <span class='ocrx_word' id='word_1_526' title='bbox 1032 4574 1293 4642; x_wconf 81' lang='grc' dir='ltr'><em>κρείσσω</em></span> <span class='ocrx_word' id='word_1_527' title='bbox 1311 4573 1597 4642; x_wconf 81' lang='grc' dir='ltr'><em>ἀργυρίου</em></span> <span class='ocrx_word' id='word_1_528' title='bbox 1625 4574 1695 4628; x_wconf 88' lang='grc' dir='ltr'><em>ἐκ</em></span> 
     </span>
    </p>
   </div>
   <div class='ocr_carea' id='block_1_80' title="bbox 124 4660 1728 4734">
    <p class='ocr_par' dir='ltr' id='par_1_80' title="bbox 124 4660 1728 4734">
     <span class='ocr_line' id='line_1_83' title="bbox 124 4660 1728 4734; baseline 0 -14"><span class='ocrx_word' id='word_1_529' title='bbox 124 4663 356 4720; x_wconf 83' lang='grc' dir='ltr'><em>λέκτου</em></span> <span class='ocrx_word' id='word_1_530' title='bbox 380 4680 395 4695; x_wconf 89' lang='grc'><strong>·</strong></span> <span class='ocrx_word' id='word_1_531' title='bbox 447 4664 519 4718; x_wconf 81' lang='grc' dir='ltr'><em>ἐν</em></span> <span class='ocrx_word' id='word_1_532' title='bbox 569 4664 731 4732; x_wconf 79' lang='grc' dir='ltr'><em>ὁδοῖς</em></span> <span class='ocrx_word' id='word_1_533' title='bbox 789 4663 1182 4731; x_wconf 83' lang='grc' dir='ltr'><em>δικαιοσύνης</em></span> <span class='ocrx_word' id='word_1_534' title='bbox 1242 4660 1564 4734; x_wconf 84' lang='grc' dir='ltr'><em>περιπατῶ,</em></span> <span class='ocrx_word' id='word_1_535' title='bbox 1627 4664 1728 4720; x_wconf 76' lang='grc' dir='ltr'><em>καὶ</em></span> 
     </span>
    </p>
   </div>
   <div class='ocr_carea' id='block_1_81' title="bbox 126 4753 1724 4826">
    <p class='ocr_par' dir='ltr' id='par_1_81' title="bbox 126 4753 1724 4826">
     <span class='ocr_line' id='line_1_84' title="bbox 126 4753 1724 4826; baseline 0.001 -17"><span class='ocrx_word' id='word_1_536' title='bbox 126 4753 254 4810; x_wconf 88' lang='grc' dir='ltr'><em>ἀνὰ</em></span> <span class='ocrx_word' id='word_1_537' title='bbox 280 4753 473 4822; x_wconf 81' lang='grc' dir='ltr'><em>μέσον</em></span> <span class='ocrx_word' id='word_1_538' title='bbox 498 4754 613 4826; x_wconf 81' lang='lat'><strong><em>(55)</em></strong></span> <span class='ocrx_word' id='word_1_539' title='bbox 652 4754 809 4811; x_wconf 79' lang='grc' dir='ltr'><em>ὁδῶν</em></span> <span class='ocrx_word' id='word_1_540' title='bbox 831 4754 1219 4824; x_wconf 81' lang='grc' dir='ltr'><em>δικαιώματος</em></span> <span class='ocrx_word' id='word_1_541' title='bbox 1255 4754 1724 4825; x_wconf 71' lang='grc' dir='ltr'><em>ἀναστρέφομαι,</em></span> 
     </span>
    </p>
   </div>
   <div class='ocr_carea' id='block_1_82' title="bbox 128 4843 1728 4917">
    <p class='ocr_par' dir='ltr' id='par_1_82' title="bbox 128 4843 1728 4917">
     <span class='ocr_line' id='line_1_85' title="bbox 128 4843 1728 4917; baseline 0 -18"><span class='ocrx_word' id='word_1_542' title='bbox 128 4848 237 4901; x_wconf 78' lang='grc' dir='ltr'><em>ἵνα</em></span> <span class='ocrx_word' id='word_1_543' title='bbox 262 4848 491 4916; x_wconf 86' lang='grc' dir='ltr'><em>μερίσω</em></span> <span class='ocrx_word' id='word_1_544' title='bbox 518 4846 644 4913; x_wconf 85' lang='grc' dir='ltr'><em>τοῖς</em></span> <span class='ocrx_word' id='word_1_545' title='bbox 668 4846 774 4917; x_wconf 79' lang='grc' dir='ltr'><strong><em>ἐμὲ</em></strong></span> <span class='ocrx_word' id='word_1_546' title='bbox 809 4843 1122 4916; x_wconf 84' lang='grc' dir='ltr'><em>ἀγαπῶσιν</em></span> <span class='ocrx_word' id='word_1_547' title='bbox 1149 4844 1432 4914; x_wconf 78' lang='grc' dir='ltr'><em>ὕπαρξιν,</em></span> <span class='ocrx_word' id='word_1_548' title='bbox 1462 4845 1728 4914; x_wconf 79' lang='grc' dir='ltr'><em>καὶτοὺς</em></span> 
     </span>
    </p>
   </div>
   <div class='ocr_carea' id='block_1_83' title="bbox 127 4934 1726 5008">
    <p class='ocr_par' dir='ltr' id='par_1_83' title="bbox 127 4934 1726 5008">
     <span class='ocr_line' id='line_1_86' title="bbox 127 4934 1726 5008; baseline 0.001 -18"><span class='ocrx_word' id='word_1_549' title='bbox 127 4936 482 5005; x_wconf 78' lang='grc' dir='ltr'><em>θησαυροὺς</em></span> <span class='ocrx_word' id='word_1_550' title='bbox 518 4934 717 4991; x_wconf 82' lang='grc' dir='ltr'><em>αὐτῶν</em></span> <span class='ocrx_word' id='word_1_551' title='bbox 745 4936 1034 5007; x_wconf 83' lang='grc' dir='ltr'><em>ἐμπλήσω</em></span> <span class='ocrx_word' id='word_1_552' title='bbox 1077 4936 1335 5007; x_wconf 82' lang='grc' dir='ltr'><em>ἀγαθῶν.</em></span> <span class='ocrx_word' id='word_1_553' title='bbox 1380 4937 1517 4992; x_wconf 78' lang='grc' dir='ltr'><strong><em>Ἐὰν</em></strong></span> <span class='ocrx_word' id='word_1_554' title='bbox 1542 4938 1726 5008; x_wconf 87' lang='grc' dir='ltr'><em>ἀναγ-</em></span> 
     </span>
    </p>
   </div>
   <div class='ocr_carea' id='block_1_84' title="bbox 126 5027 1725 5100">
    <p class='ocr_par' dir='ltr' id='par_1_84' title="bbox 126 5027 1725 5100">
     <span class='ocr_line' id='line_1_87' title="bbox 126 5027 1725 5100; baseline 0.001 -17"><span class='ocrx_word' id='word_1_555' title='bbox 126 5029 316 5100; x_wconf 82' lang='grc' dir='ltr'><em>γείλω</em></span> <span class='ocrx_word' id='word_1_556' title='bbox 343 5028 487 5099; x_wconf 86' lang='grc' dir='ltr'><em>ὑμῖν</em></span> <span class='ocrx_word' id='word_1_557' title='bbox 505 5029 579 5084; x_wconf 83' lang='grc' dir='ltr'><em>τὰ</em></span> <span class='ocrx_word' id='word_1_558' title='bbox 607 5029 735 5084; x_wconf 79' lang='grc' dir='ltr'><em>καθ’</em></span> <span class='ocrx_word' id='word_1_559' title='bbox 762 5027 993 5099; x_wconf 73' lang='grc' dir='ltr'><em>ἡμέραν</em></span> <span class='ocrx_word' id='word_1_560' title='bbox 1013 5028 1351 5099; x_wconf 82' lang='grc' dir='ltr'><em>γιγνόμενα,</em></span> <span class='ocrx_word' id='word_1_561' title='bbox 1378 5031 1725 5099; x_wconf 85' lang='grc' dir='ltr'><em>μνημονεύ-</em></span> 
     </span>
    </p>
   </div>
   <div class='ocr_carea' id='block_1_85' title="bbox 124 5119 1725 5193">
    <p class='ocr_par' dir='ltr' id='par_1_85' title="bbox 124 5119 1725 5193">
     <span class='ocr_line' id='line_1_88' title="bbox 124 5119 1725 5193; baseline 0.001 -18"><span class='ocrx_word' id='word_1_562' title='bbox 124 5135 226 5175; x_wconf 88' lang='grc' dir='ltr'><em>σω</em></span> <span class='ocrx_word' id='word_1_563' title='bbox 275 5120 352 5175; x_wconf 84' lang='grc' dir='ltr'><em>τὰ</em></span> <span class='ocrx_word' id='word_1_564' title='bbox 390 5121 461 5186; x_wconf 81' lang='grc' dir='ltr'><strong><em>ἐξ</em></strong></span> <span class='ocrx_word' id='word_1_565' title='bbox 500 5120 716 5189; x_wconf 87' lang='grc' dir='ltr'><em>αίῶνος</em></span> <span class='ocrx_word' id='word_1_566' title='bbox 758 5119 1107 5191; x_wconf 83' lang='grc' dir='ltr'><em>ἀριθμῆσαι.</em></span> <span class='ocrx_word' id='word_1_567' title='bbox 1158 5121 1377 5188; x_wconf 88' lang='grc' dir='ltr'><em>Κύριος</em></span> <span class='ocrx_word' id='word_1_568' title='bbox 1418 5120 1622 5176; x_wconf 73' lang='grc' dir='ltr'><em>ἔκτισέ</em></span> <span class='ocrx_word' id='word_1_569' title='bbox 1645 5139 1725 5193; x_wconf 82' lang='grc' dir='ltr'><strong><em>με</em></strong></span> 
     </span>
    </p>
   </div>
   <div class='ocr_carea' id='block_1_86' title="bbox 123 5210 1723 5283">
    <p class='ocr_par' dir='ltr' id='par_1_86' title="bbox 123 5210 1723 5283">
     <span class='ocr_line' id='line_1_89' title="bbox 123 5210 1723 5283; baseline 0.001 -17"><span class='ocrx_word' id='word_1_570' title='bbox 123 5212 337 5283; x_wconf 78' lang='grc' dir='ltr'><em>ἀρχὴν</em></span> <span class='ocrx_word' id='word_1_571' title='bbox 362 5210 519 5267; x_wconf 86' lang='grc' dir='ltr'><em>ὁδῶν</em></span> <span class='ocrx_word' id='word_1_572' title='bbox 544 5211 736 5267; x_wconf 82' lang='grc' dir='ltr'><em>αὐτοῦ</em></span> <span class='ocrx_word' id='word_1_573' title='bbox 765 5214 853 5279; x_wconf 84' lang='grc' dir='ltr'><strong><em>εὶς</em></strong></span> <span class='ocrx_word' id='word_1_574' title='bbox 881 5212 1026 5283; x_wconf 74' lang='grc' dir='ltr'><em>ἔργα</em></span> <span class='ocrx_word' id='word_1_575' title='bbox 1053 5212 1270 5267; x_wconf 82' lang='grc' dir='ltr'><em>αὑτοῦ·</em></span> <span class='ocrx_word' id='word_1_576' title='bbox 1302 5210 1417 5281; x_wconf 80' lang='grc' dir='ltr'><em>πρὸ</em></span> <span class='ocrx_word' id='word_1_577' title='bbox 1440 5210 1548 5266; x_wconf 90' lang='grc' dir='ltr'><strong><em>τοῦ</em></strong></span> <span class='ocrx_word' id='word_1_578' title='bbox 1585 5213 1723 5268; x_wconf 71' lang='grc' dir='ltr'><em>αἰῶ-</em></span> 
     </span>
    </p>
   </div>
   <div class='ocr_carea' id='block_1_87' title="bbox 208 5336 1642 5426">
    <p class='ocr_par' dir='ltr' id='par_1_87' title="bbox 208 5336 1642 5426">
     <span class='ocr_line' id='line_1_90' title="bbox 208 5336 1642 5426; baseline 0.003 -16"><span class='ocrx_word' id='word_1_579' title='bbox 208 5336 410 5419; x_wconf 68' lang='grc' dir='ltr'><em>›Ῑ‹Ἐά.</em></span> <span class='ocrx_word' id='word_1_580' title='bbox 440 5352 638 5421; x_wconf 83' lang='lat' dir='ltr'><strong><em>Paris.,</em></strong></span> <span class='ocrx_word' id='word_1_581' title='bbox 674 5368 799 5426; x_wconf 77' lang='lat' dir='ltr'><strong><em>pag.</em></strong></span> <span class='ocrx_word' id='word_1_582' title='bbox 830 5353 957 5409; x_wconf 75' lang='lat' dir='ltr'><strong><em>MS.</em></strong></span> <span class='ocrx_word' id='word_1_583' title='bbox 1030 5342 1272 5410; x_wconf 65' lang='lat' dir='ltr'><strong><em>&quot;Prov.</em></strong></span> <span class='ocrx_word' id='word_1_584' title='bbox 1310 5370 1433 5423; x_wconf 84' lang='lat' dir='ltr'><strong><em>vm,</em></strong></span> <span class='ocrx_word' id='word_1_585' title='bbox 1456 5355 1642 5414; x_wconf 72' lang='lat'><strong><em>12-51.</em></strong></span> 
     </span>
    </p>
   </div>
   <div class='ocr_carea' id='block_1_88' title="bbox 207 5516 1720 5593">
    <p class='ocr_par' dir='ltr' id='par_1_88' title="bbox 207 5516 1720 5593">
     <span class='ocr_line' id='line_1_91' title="bbox 207 5516 1720 5593; baseline 0.006 -20"><span class='ocrx_word' id='word_1_586' title='bbox 207 5516 535 5593; x_wconf 61' lang='lat' dir='ltr'><strong><em>(5|)At’tIrr</em></strong></span> <span class='ocrx_word' id='word_1_587' title='bbox 579 5519 889 5593; x_wconf 76' lang='grc' dir='ltr'><em>λέλεκται.</em></span> <span class='ocrx_word' id='word_1_588' title='bbox 939 5519 996 5593; x_wconf 85' lang='lat' dir='ltr'><strong><em>l_n</em></strong></span> <span class='ocrx_word' id='word_1_589' title='bbox 1046 5521 1215 5593; x_wconf 86' lang='lat' dir='ltr'><strong><em>priori</em></strong></span> <span class='ocrx_word' id='word_1_590' title='bbox 1252 5521 1415 5578; x_wconf 89' lang='lat' dir='ltr'><strong><em>libro.</em></strong></span> <span class='ocrx_word' id='word_1_591' title='bbox 1457 5523 1588 5592; x_wconf 67' lang='lat' dir='ltr'><strong><em>Qua:</em></strong></span> <span class='ocrx_word' id='word_1_592' title='bbox 1625 5540 1720 5582; x_wconf 56' lang='lat' dir='ltr'><strong><em>sea</em></strong></span> 
     </span>
    </p>
   </div>
   <div class='ocr_carea' id='block_1_89' title="bbox 66 5589 1721 5668">
    <p class='ocr_par' dir='ltr' id='par_1_89' title="bbox 66 5589 1721 5668">
     <span class='ocr_line' id='line_1_92' title="bbox 66 5589 1721 5668; baseline 0.006 -25"><span class='ocrx_word' id='word_1_593' title='bbox 66 5594 75 5602; x_wconf 85' lang='lat'><strong>’</strong></span> <span class='ocrx_word' id='word_1_594' title='bbox 123 5589 382 5658; x_wconf 83' lang='lat' dir='ltr'><strong><em>quuntur</em></strong></span> <span class='ocrx_word' id='word_1_595' title='bbox 404 5589 469 5643; x_wconf 87' lang='lat' dir='ltr'><strong><em>ad</em></strong></span> <span class='ocrx_word' id='word_1_596' title='bbox 489 5590 632 5668; x_wconf 73' lang='lat' dir='ltr'><strong><em>hunc</em></strong></span> <span class='ocrx_word' id='word_1_597' title='bbox 653 5591 846 5668; x_wconf 78' lang='lat' dir='ltr'><strong><em>librum</em></strong></span> <span class='ocrx_word' id='word_1_598' title='bbox 861 5589 1206 5668; x_wconf 43' lang='lat' dir='ltr'><strong><em>referuntur,</em></strong></span> <span class='ocrx_word' id='word_1_599' title='bbox 1231 5589 1577 5668; x_wconf 74' lang='lat' dir='ltr'><strong><em>cujus_veluti</em></strong></span> <span class='ocrx_word' id='word_1_600' title='bbox 1601 5597 1721 5668; x_wconf 84' lang='lat' dir='ltr'><strong><em>epi-</em></strong></span> 
     </span>
    </p>
   </div>
   <div class='ocr_carea' id='block_1_90' title="bbox 126 5658 1497 5733">
    <p class='ocr_par' dir='ltr' id='par_1_90' title="bbox 126 5658 1497 5733">
     <span class='ocr_line' id='line_1_93' title="bbox 126 5658 1497 5733; baseline 0.001 -17"><span class='ocrx_word' id='word_1_601' title='bbox 126 5668 321 5733; x_wconf 55' lang='grc' dir='ltr'><em>ωηιξη</em></span> <span class='ocrx_word' id='word_1_602' title='bbox 353 5660 835 5733; x_wconf 61' lang='lat' dir='ltr'><strong><em>ggmprehendnut.</em></strong></span> <span class='ocrx_word' id='word_1_603' title='bbox 955 5690 1026 5701; x_wconf 91' lang='lat'><strong>—</strong></span> <span class='ocrx_word' id='word_1_604' title='bbox 1052 5660 1172 5733; x_wconf 61' lang='lat' dir='ltr'><strong><em>Mog</em></strong></span> <span class='ocrx_word' id='word_1_605' title='bbox 1190 5658 1351 5733; x_wconf 54' lang='lat' dir='ltr'><strong><em>vulg&#39;o</em></strong></span> <span class='ocrx_word' id='word_1_606' title='bbox 1368 5662 1497 5718; x_wconf 89' lang='grc' dir='ltr'><em>Σαλ.</em></span> 
     </span>
    </p>
   </div>
   <div class='ocr_carea' id='block_1_91' title="bbox 204 5728 1715 5812">
    <p class='ocr_par' dir='ltr' id='par_1_91' title="bbox 204 5728 1715 5812">
     <span class='ocr_line' id='line_1_94' title="bbox 204 5728 1715 5812; baseline 0.005 -30"><span class='ocrx_word' id='word_1_607' title='bbox 204 5728 324 5812; x_wconf 63' lang='lat'><strong><em>(52)</em></strong></span> <span class='ocrx_word' id='word_1_608' title='bbox 515 5730 567 5812; x_wconf 61' lang='lat'><strong><em>1&quot;</em></strong></span> <span class='ocrx_word' id='word_1_609' title='bbox 605 5730 812 5812; x_wconf 63' lang='grc' dir='ltr'><em>Σοφία.</em></span> <span class='ocrx_word' id='word_1_610' title='bbox 847 5728 1022 5812; x_wconf 72' lang='lat' dir='ltr'><strong><em>Locus</em></strong></span> <span class='ocrx_word' id='word_1_611' title='bbox 1041 5740 1125 5787; x_wconf 86' lang='lat' dir='ltr'><strong><em>est</em></strong></span> <span class='ocrx_word' id='word_1_612' title='bbox 1145 5728 1310 5812; x_wconf 52' lang='grc' dir='ltr'><em>ξιονζ</em></span> <span class='ocrx_word' id='word_1_613' title='bbox 1334 5747 1458 5812; x_wconf 75' lang='lat' dir='ltr'><strong><em>_vtu,</em></strong></span> <span class='ocrx_word' id='word_1_614' title='bbox 1488 5732 1595 5801; x_wconf 77' lang='lat' dir='ltr'><strong><em>i2;</em></strong></span> <span class='ocrx_word' id='word_1_615' title='bbox 1625 5750 1715 5812; x_wconf 77' lang='lat' dir='ltr'><strong><em>se-</em></strong></span> 
     </span>
    </p>
   </div>
   <div class='ocr_carea' id='block_1_92' title="bbox 122 5797 1712 5875">
    <p class='ocr_par' dir='ltr' id='par_1_92' title="bbox 122 5797 1712 5875">
     <span class='ocr_line' id='line_1_95' title="bbox 122 5797 1712 5875; baseline 0.004 -19"><span class='ocrx_word' id='word_1_616' title='bbox 122 5797 329 5874; x_wconf 81' lang='lat' dir='ltr'><strong><em>quitur</em></strong></span> <span class='ocrx_word' id='word_1_617' title='bbox 347 5797 490 5854; x_wconf 78' lang='lat' dir='ltr'><strong><em>LXX</em></strong></span> <span class='ocrx_word' id='word_1_618' title='bbox 515 5797 800 5863; x_wconf 84' lang='lat' dir='ltr'><strong><em>Eusebius,</em></strong></span> <span class='ocrx_word' id='word_1_619' title='bbox 830 5814 859 5854; x_wconf 73' lang='grc' dir='ltr'><strong><em>ε</em></strong></span> <span class='ocrx_word' id='word_1_620' title='bbox 890 5801 1088 5870; x_wconf 85' lang='lat' dir='ltr'><strong><em>quibus</em></strong></span> <span class='ocrx_word' id='word_1_621' title='bbox 1125 5799 1307 5858; x_wconf 71' lang='grc' dir='ltr'><em>(ἥσει-ι</em></span> <span class='ocrx_word' id='word_1_622' title='bbox 1333 5797 1712 5875; x_wconf 78' lang='lat' dir='ltr'><strong><em>interpretatio</em></strong></span> 
     </span>
    </p>
   </div>
   <div class='ocr_carea' id='block_1_93' title="bbox 537 5893 1234 5960">
    <p class='ocr_par' dir='ltr' id='par_1_93' title="bbox 537 5893 1234 5960">
     <span class='ocr_line' id='line_1_96' title="bbox 537 5893 1234 5960; baseline 0.006 -5"><span class='ocrx_word' id='word_1_623' title='bbox 537 5893 812 5958; x_wconf 73' lang='grc' dir='ltr'><em>Ρηιιοι.</em></span> <span class='ocrx_word' id='word_1_624' title='bbox 845 5893 962 5957; x_wconf 77' lang='lat' dir='ltr'><strong><em>Gn.</em></strong></span> <span class='ocrx_word' id='word_1_625' title='bbox 998 5893 1234 5960; x_wconf 81' lang='lat' dir='ltr'><strong><em>XXIV.</em></strong></span> 
     </span>
    </p>
   </div>
   <div class='ocr_carea' id='block_1_94' title="bbox 1833 3106 3414 3181">
    <p class='ocr_par' dir='ltr' id='par_1_94' title="bbox 1833 3106 3414 3181">
     <span class='ocr_line' id='line_1_97' title="bbox 1833 3106 3414 3181; baseline 0.001 -20"><span class='ocrx_word' id='word_1_626' title='bbox 1833 3107 2314 3175; x_wconf 85' lang='lat' dir='ltr'><strong><em>terpretationibus</em></strong></span> <span class='ocrx_word' id='word_1_627' title='bbox 2350 3106 2543 3177; x_wconf 89' lang='lat' dir='ltr'><strong><em>liquet,</em></strong></span> <span class='ocrx_word' id='word_1_628' title='bbox 2603 3117 2714 3165; x_wconf 90' lang='lat' dir='ltr'><strong><em>tum</em></strong></span> <span class='ocrx_word' id='word_1_629' title='bbox 2748 3111 3018 3181; x_wconf 67' lang='lat' dir='ltr'><strong><em>principue</em></strong></span> <span class='ocrx_word' id='word_1_630' title='bbox 3065 3123 3134 3163; x_wconf 80' lang='lat' dir='ltr'><strong><em>ex</em></strong></span> <span class='ocrx_word' id='word_1_631' title='bbox 3190 3108 3304 3175; x_wconf 85' lang='lat' dir='ltr'><strong><em>illa,</em></strong></span> <span class='ocrx_word' id='word_1_632' title='bbox 3343 3108 3414 3163; x_wconf 81' lang='lat' dir='ltr'><strong><em>de</em></strong></span> 
     </span>
    </p>
   </div>
   <div class='ocr_carea' id='block_1_95' title="bbox 1827 3194 3414 3270">
    <p class='ocr_par' dir='ltr' id='par_1_95' title="bbox 1827 3194 3414 3270">
     <span class='ocr_line' id='line_1_98' title="bbox 1827 3194 3414 3270; baseline 0.003 -20"><span class='ocrx_word' id='word_1_633' title='bbox 1827 3194 2143 3253; x_wconf 84' lang='lat' dir='ltr'><strong><em>Proverbiis</em></strong></span> <span class='ocrx_word' id='word_1_634' title='bbox 2201 3196 2529 3265; x_wconf 82' lang='lat' dir='ltr'><strong><em>Salomonis,</em></strong></span> <span class='ocrx_word' id='word_1_635' title='bbox 2582 3197 2673 3255; x_wconf 88' lang='lat' dir='ltr'><strong><em>ubi</em></strong></span> <span class='ocrx_word' id='word_1_636' title='bbox 2722 3197 3084 3254; x_wconf 86' lang='lat' dir='ltr'><strong><em>introducitur</em></strong></span> <span class='ocrx_word' id='word_1_637' title='bbox 3135 3198 3414 3270; x_wconf 76' lang='lat' dir='ltr'><strong><em>Sapientia</em></strong></span> 
     </span>
    </p>
   </div>
   <div class='ocr_carea' id='block_1_96' title="bbox 1828 3289 3414 3363">
    <p class='ocr_par' dir='ltr' id='par_1_96' title="bbox 1828 3289 3414 3363">
     <span class='ocr_line' id='line_1_99' title="bbox 1828 3289 3414 3363; baseline 0.003 -20"><span class='ocrx_word' id='word_1_638' title='bbox 1828 3290 2190 3360; x_wconf 86' lang='lat' dir='ltr'><strong><em>personaliter</em></strong></span> <span class='ocrx_word' id='word_1_639' title='bbox 2212 3290 2278 3345; x_wconf 85' lang='lat' dir='ltr'><strong><em>de</em></strong></span> <span class='ocrx_word' id='word_1_640' title='bbox 2307 3290 2485 3360; x_wconf 87' lang='lat' dir='ltr'><strong><em>seipsa</em></strong></span> <span class='ocrx_word' id='word_1_641' title='bbox 2516 3291 2590 3346; x_wconf 90' lang='lat' dir='ltr'><strong><em>ita</em></strong></span> <span class='ocrx_word' id='word_1_642' title='bbox 2619 3291 2898 3363; x_wconf 89' lang='lat' dir='ltr'><strong><em>prolocuta</em></strong></span> <span class='ocrx_word' id='word_1_643' title='bbox 2918 3291 2963 3324; x_wconf 79' lang='grc'>⁸³</span> <span class='ocrx_word' id='word_1_644' title='bbox 2996 3304 3012 3346; x_wconf 90' lang='lat'><strong>:</strong></span> <span class='ocrx_word' id='word_1_645' title='bbox 3040 3289 3157 3363; x_wconf 88' lang='lat' dir='ltr'><strong><em>Ego</em></strong></span> <span class='ocrx_word' id='word_1_646' title='bbox 3186 3291 3414 3362; x_wconf 88' lang='lat' dir='ltr'><strong><em>Sapien-</em></strong></span> 
     </span>
    </p>
   </div>
   <div class='ocr_carea' id='block_1_97' title="bbox 1831 3381 3410 3454">
    <p class='ocr_par' dir='ltr' id='par_1_97' title="bbox 1831 3381 3410 3454">
     <span class='ocr_line' id='line_1_100' title="bbox 1831 3381 3410 3454; baseline 0.003 -20"><span class='ocrx_word' id='word_1_647' title='bbox 1831 3382 1908 3434; x_wconf 91' lang='lat' dir='ltr'><strong><em>tia</em></strong></span> <span class='ocrx_word' id='word_1_648' title='bbox 1937 3381 2116 3436; x_wconf 86' lang='lat' dir='ltr'><strong><em>Itabito</em></strong></span> <span class='ocrx_word' id='word_1_649' title='bbox 2141 3382 2199 3436; x_wconf 89' lang='lat' dir='ltr'><strong><em>in</em></strong></span> <span class='ocrx_word' id='word_1_650' title='bbox 2230 3381 2472 3447; x_wconf 88' lang='lat' dir='ltr'><strong><em>consilio,</em></strong></span> <span class='ocrx_word' id='word_1_651' title='bbox 2517 3393 2566 3438; x_wconf 91' lang='lat' dir='ltr'><strong><em>et</em></strong></span> <span class='ocrx_word' id='word_1_652' title='bbox 2601 3383 2828 3439; x_wconf 87' lang='lat' dir='ltr'><strong><em>eruditis</em></strong></span> <span class='ocrx_word' id='word_1_653' title='bbox 2853 3382 3105 3438; x_wconf 86' lang='lat' dir='ltr'><strong><em>intersum</em></strong></span> <span class='ocrx_word' id='word_1_654' title='bbox 3133 3385 3410 3454; x_wconf 75' lang='lat' dir='ltr'><strong><em>cogitatio-</em></strong></span> 
     </span>
    </p>
   </div>
   <div class='ocr_carea' id='block_1_98' title="bbox 1828 3472 3413 3546">
    <p class='ocr_par' dir='ltr' id='par_1_98' title="bbox 1828 3472 3413 3546">
     <span class='ocr_line' id='line_1_101' title="bbox 1828 3472 3413 3546; baseline 0.002 -20"><span class='ocrx_word' id='word_1_655' title='bbox 1828 3474 2005 3531; x_wconf 83' lang='lat' dir='ltr'><strong><em>nibus.</em></strong></span> <span class='ocrx_word' id='word_1_656' title='bbox 2060 3472 2244 3528; x_wconf 89' lang='lat' dir='ltr'><strong><em>Timor</em></strong></span> <span class='ocrx_word' id='word_1_657' title='bbox 2274 3472 2484 3529; x_wconf 88' lang='lat' dir='ltr'><strong><em>Domini</em></strong></span> <span class='ocrx_word' id='word_1_658' title='bbox 2532 3476 2642 3529; x_wconf 91' lang='lat' dir='ltr'><strong><em>odit</em></strong></span> <span class='ocrx_word' id='word_1_659' title='bbox 2691 3475 2914 3541; x_wconf 86' lang='lat' dir='ltr'><strong><em>malum,</em></strong></span> <span class='ocrx_word' id='word_1_660' title='bbox 2970 3477 3329 3546; x_wconf 87' lang='lat' dir='ltr'><strong><em>arrogantiam</em></strong></span> <span class='ocrx_word' id='word_1_661' title='bbox 3360 3486 3413 3530; x_wconf 91' lang='lat' dir='ltr'><strong><em>et</em></strong></span> 
     </span>
    </p>
   </div>
   <div class='ocr_carea' id='block_1_99' title="bbox 1828 3562 3408 3637">
    <p class='ocr_par' dir='ltr' id='par_1_99' title="bbox 1828 3562 3408 3637">
     <span class='ocr_line' id='line_1_102' title="bbox 1828 3562 3408 3637; baseline 0.001 -19"><span class='ocrx_word' id='word_1_662' title='bbox 1828 3562 2150 3633; x_wconf 82' lang='lat' dir='ltr'><strong><em>superbiam,</em></strong></span> <span class='ocrx_word' id='word_1_663' title='bbox 2188 3575 2236 3620; x_wconf 91' lang='lat' dir='ltr'><strong><em>et</em></strong></span> <span class='ocrx_word' id='word_1_664' title='bbox 2262 3563 2402 3620; x_wconf 86' lang='lat' dir='ltr'><strong><em>viam</em></strong></span> <span class='ocrx_word' id='word_1_665' title='bbox 2433 3581 2654 3634; x_wconf 90' lang='lat' dir='ltr'><strong><em>pravam</em></strong></span> <span class='ocrx_word' id='word_1_666' title='bbox 2686 3580 2706 3620; x_wconf 90' lang='lat'><strong><em>:</em></strong></span> <span class='ocrx_word' id='word_1_667' title='bbox 2732 3575 2783 3619; x_wconf 86' lang='lat' dir='ltr'><strong><em>et</em></strong></span> <span class='ocrx_word' id='word_1_668' title='bbox 2812 3581 2871 3620; x_wconf 90' lang='lat' dir='ltr'><strong><em>os</em></strong></span> <span class='ocrx_word' id='word_1_669' title='bbox 2900 3565 3129 3637; x_wconf 86' lang='lat' dir='ltr'><strong><em>bilingue</em></strong></span> <span class='ocrx_word' id='word_1_670' title='bbox 3158 3567 3408 3621; x_wconf 87' lang='lat' dir='ltr'><strong><em>detestor.</em></strong></span> 
     </span>
    </p>
   </div>
   <div class='ocr_carea' id='block_1_100' title="bbox 1828 3653 3410 3726">
    <p class='ocr_par' dir='ltr' id='par_1_100' title="bbox 1828 3653 3410 3726">
     <span class='ocr_line' id='line_1_103' title="bbox 1828 3653 3410 3726; baseline 0.002 -18"><span class='ocrx_word' id='word_1_671' title='bbox 1828 3653 2006 3710; x_wconf 77' lang='lat' dir='ltr'><strong><em>Meum</em></strong></span> <span class='ocrx_word' id='word_1_672' title='bbox 2030 3668 2107 3710; x_wconf 89' lang='lat' dir='ltr'><strong><em>est</em></strong></span> <span class='ocrx_word' id='word_1_673' title='bbox 2129 3657 2409 3711; x_wconf 82' lang='lat' dir='ltr'><strong><em>consilium</em></strong></span> <span class='ocrx_word' id='word_1_674' title='bbox 2429 3665 2482 3711; x_wconf 90' lang='lat' dir='ltr'><strong><em>et</em></strong></span> <span class='ocrx_word' id='word_1_675' title='bbox 2510 3658 2753 3725; x_wconf 63' lang='lat' dir='ltr'><strong><em>(aquilas,</em></strong></span> <span class='ocrx_word' id='word_1_676' title='bbox 2802 3673 2917 3712; x_wconf 91' lang='lat' dir='ltr'><strong><em>mea</em></strong></span> <span class='ocrx_word' id='word_1_677' title='bbox 2936 3663 3015 3712; x_wconf 86' lang='lat' dir='ltr'><strong><em>est</em></strong></span> <span class='ocrx_word' id='word_1_678' title='bbox 3035 3667 3083 3712; x_wconf 88' lang='lat' dir='ltr'><strong><em>et</em></strong></span> <span class='ocrx_word' id='word_1_679' title='bbox 3109 3659 3410 3726; x_wconf 85' lang='lat' dir='ltr'><strong><em>prudentia,</em></strong></span> 
     </span>
    </p>
   </div>
   <div class='ocr_carea' id='block_1_101' title="bbox 1831 3746 3415 3820">
    <p class='ocr_par' dir='ltr' id='par_1_101' title="bbox 1831 3746 3415 3820">
     <span class='ocr_line' id='line_1_104' title="bbox 1831 3746 3415 3820; baseline 0 -18"><span class='ocrx_word' id='word_1_680' title='bbox 1831 3763 1948 3802; x_wconf 89' lang='lat' dir='ltr'><strong><em>mea</em></strong></span> <span class='ocrx_word' id='word_1_681' title='bbox 1988 3758 2066 3802; x_wconf 88' lang='lat' dir='ltr'><strong><em>est</em></strong></span> <span class='ocrx_word' id='word_1_682' title='bbox 2094 3749 2379 3818; x_wconf 79' lang='lat' dir='ltr'><strong><em>fortitudo.</em></strong></span> <span class='ocrx_word' id='word_1_683' title='bbox 2405 3746 2513 3803; x_wconf 89' lang='lat' dir='ltr'><strong><em>Per</em></strong></span> <span class='ocrx_word' id='word_1_684' title='bbox 2544 3764 2627 3802; x_wconf 88' lang='lat' dir='ltr'><strong><em>me</em></strong></span> <span class='ocrx_word' id='word_1_685' title='bbox 2657 3764 2802 3820; x_wconf 85' lang='lat' dir='ltr'><strong><em>reges</em></strong></span> <span class='ocrx_word' id='word_1_686' title='bbox 2822 3757 3068 3819; x_wconf 85' lang='lat' dir='ltr'><strong><em>regnant,</em></strong></span> <span class='ocrx_word' id='word_1_687' title='bbox 3101 3759 3151 3805; x_wconf 90' lang='lat' dir='ltr'><strong><em>et</em></strong></span> <span class='ocrx_word' id='word_1_688' title='bbox 3176 3749 3415 3805; x_wconf 81' lang='lat' dir='ltr'><strong><em>condito-</em></strong></span> 
     </span>
    </p>
   </div>
   <div class='ocr_carea' id='block_1_102' title="bbox 1830 3834 3411 3913">
    <p class='ocr_par' dir='ltr' id='par_1_102' title="bbox 1830 3834 3411 3913">
     <span class='ocr_line' id='line_1_105' title="bbox 1830 3834 3411 3913; baseline 0.002 -20"><span class='ocrx_word' id='word_1_689' title='bbox 1830 3855 1911 3893; x_wconf 85' lang='lat' dir='ltr'><strong><em>res</em></strong></span> <span class='ocrx_word' id='word_1_690' title='bbox 1940 3839 2111 3910; x_wconf 89' lang='lat' dir='ltr'><strong><em>legum</em></strong></span> <span class='ocrx_word' id='word_1_691' title='bbox 2150 3834 2303 3909; x_wconf 83' lang='lat' dir='ltr'><strong><em>justa</em></strong></span> <span class='ocrx_word' id='word_1_692' title='bbox 2331 3841 2637 3895; x_wconf 86' lang='lat' dir='ltr'><strong><em>decernunt.</em></strong></span> <span class='ocrx_word' id='word_1_693' title='bbox 2683 3838 2792 3896; x_wconf 86' lang='lat' dir='ltr'><strong><em>Per</em></strong></span> <span class='ocrx_word' id='word_1_694' title='bbox 2818 3857 2900 3896; x_wconf 89' lang='lat' dir='ltr'><strong><em>me</em></strong></span> <span class='ocrx_word' id='word_1_695' title='bbox 2951 3841 3210 3913; x_wconf 84' lang='lat' dir='ltr'><strong><em>principes</em></strong></span> <span class='ocrx_word' id='word_1_696' title='bbox 3242 3842 3411 3911; x_wconf 84' lang='lat' dir='ltr'><strong><em>impe-</em></strong></span> 
     </span>
    </p>
   </div>
   <div class='ocr_carea' id='block_1_103' title="bbox 1831 3931 3412 4005">
    <p class='ocr_par' dir='ltr' id='par_1_103' title="bbox 1831 3931 3412 4005">
     <span class='ocr_line' id='line_1_106' title="bbox 1831 3931 3412 4005; baseline 0.001 -21"><span class='ocrx_word' id='word_1_697' title='bbox 1831 3942 1972 3999; x_wconf 90' lang='lat' dir='ltr'><strong><em>rant,</em></strong></span> <span class='ocrx_word' id='word_1_698' title='bbox 1999 3943 2047 3985; x_wconf 89' lang='lat' dir='ltr'><strong><em>et</em></strong></span> <span class='ocrx_word' id='word_1_699' title='bbox 2084 3941 2318 4001; x_wconf 87' lang='lat' dir='ltr'><strong><em>potentes</em></strong></span> <span class='ocrx_word' id='word_1_700' title='bbox 2347 3934 2632 3987; x_wconf 83' lang='lat' dir='ltr'><strong><em>decernunt</em></strong></span> <span class='ocrx_word' id='word_1_701' title='bbox 2670 3933 2960 4002; x_wconf 84' lang='lat' dir='ltr'><strong><em>justitiam.</em></strong></span> <span class='ocrx_word' id='word_1_702' title='bbox 2993 3931 3108 4005; x_wconf 88' lang='lat' dir='ltr'><strong><em>Ego</em></strong></span> <span class='ocrx_word' id='word_1_703' title='bbox 3136 3933 3412 4004; x_wconf 84' lang='lat' dir='ltr'><strong><em>diligentes</em></strong></span> 
     </span>
    </p>
   </div>
   <div class='ocr_carea' id='block_1_104' title="bbox 1828 4023 3414 4097">
    <p class='ocr_par' dir='ltr' id='par_1_104' title="bbox 1828 4023 3414 4097">
     <span class='ocr_line' id='line_1_107' title="bbox 1828 4023 3414 4097; baseline 0.003 -22"><span class='ocrx_word' id='word_1_704' title='bbox 1828 4038 1911 4076; x_wconf 88' lang='lat' dir='ltr'><strong><em>me</em></strong></span> <span class='ocrx_word' id='word_1_705' title='bbox 1932 4023 2119 4093; x_wconf 88' lang='lat' dir='ltr'><strong><em>diligo,</em></strong></span> <span class='ocrx_word' id='word_1_706' title='bbox 2148 4031 2200 4077; x_wconf 88' lang='lat' dir='ltr'><strong><em>et</em></strong></span> <span class='ocrx_word' id='word_1_707' title='bbox 2230 4025 2321 4094; x_wconf 86' lang='lat' dir='ltr'><strong><em>qui</em></strong></span> <span class='ocrx_word' id='word_1_708' title='bbox 2344 4035 2701 4096; x_wconf 73' lang='lat' dir='ltr'><strong><em>quwruntme,</em></strong></span> <span class='ocrx_word' id='word_1_709' title='bbox 2745 4026 3002 4080; x_wconf 83' lang='lat' dir='ltr'><strong><em>inuenient</em></strong></span> <span class='ocrx_word' id='word_1_710' title='bbox 3022 4028 3270 4097; x_wconf 86' lang='lat' dir='ltr'><strong><em>gratiam.</em></strong></span> <span class='ocrx_word' id='word_1_711' title='bbox 3294 4024 3414 4080; x_wconf 78' lang='lat' dir='ltr'><strong><em>Me-</em></strong></span> 
     </span>
    </p>
   </div>
   <div class='ocr_carea' id='block_1_105' title="bbox 1829 4116 3407 4190">
    <p class='ocr_par' dir='ltr' id='par_1_105' title="bbox 1829 4116 3407 4190">
     <span class='ocr_line' id='line_1_108' title="bbox 1829 4116 3407 4190; baseline 0.006 -24"><span class='ocrx_word' id='word_1_712' title='bbox 1829 4130 1948 4167; x_wconf 86' lang='lat' dir='ltr'><strong><em>cum</em></strong></span> <span class='ocrx_word' id='word_1_713' title='bbox 1976 4124 2101 4169; x_wconf 90' lang='lat' dir='ltr'><strong><em>sunt</em></strong></span> <span class='ocrx_word' id='word_1_714' title='bbox 2132 4116 2356 4181; x_wconf 65' lang='lat' dir='ltr'><strong><em>divitiae,</em></strong></span> <span class='ocrx_word' id='word_1_715' title='bbox 2390 4126 2441 4172; x_wconf 87' lang='lat' dir='ltr'><strong><em>et</em></strong></span> <span class='ocrx_word' id='word_1_716' title='bbox 2479 4117 2673 4190; x_wconf 86' lang='lat' dir='ltr'><strong><em>gloria,</em></strong></span> <span class='ocrx_word' id='word_1_717' title='bbox 2699 4134 2819 4186; x_wconf 91' lang='lat' dir='ltr'><strong><em>opes</em></strong></span> <span class='ocrx_word' id='word_1_718' title='bbox 2843 4117 3079 4186; x_wconf 76' lang='lat' dir='ltr'><strong><em>superba:</em></strong></span> <span class='ocrx_word' id='word_1_719' title='bbox 3104 4128 3152 4173; x_wconf 90' lang='lat' dir='ltr'><strong><em>et</em></strong></span> <span class='ocrx_word' id='word_1_720' title='bbox 3173 4119 3407 4189; x_wconf 85' lang='lat' dir='ltr'><strong><em>justitia.</em></strong></span> 
     </span>
    </p>
   </div>
   <div class='ocr_carea' id='block_1_106' title="bbox 1831 4206 3409 4282">
    <p class='ocr_par' dir='ltr' id='par_1_106' title="bbox 1831 4206 3409 4282">
     <span class='ocr_line' id='line_1_109' title="bbox 1831 4206 3409 4282; baseline 0.006 -22"><span class='ocrx_word' id='word_1_721' title='bbox 1831 4206 2024 4261; x_wconf 78' lang='lat' dir='ltr'><strong><em>Melior</em></strong></span> <span class='ocrx_word' id='word_1_722' title='bbox 2053 4216 2131 4263; x_wconf 90' lang='lat' dir='ltr'><strong><em>est</em></strong></span> <span class='ocrx_word' id='word_1_723' title='bbox 2167 4208 2374 4278; x_wconf 77' lang='lat' dir='ltr'><strong><em>{ructus</em></strong></span> <span class='ocrx_word' id='word_1_724' title='bbox 2411 4227 2557 4266; x_wconf 87' lang='lat' dir='ltr'><strong><em>meus</em></strong></span> <span class='ocrx_word' id='word_1_725' title='bbox 2598 4227 2731 4267; x_wconf 90' lang='lat' dir='ltr'><strong><em>auro</em></strong></span> <span class='ocrx_word' id='word_1_726' title='bbox 2767 4223 2815 4267; x_wconf 90' lang='lat' dir='ltr'><strong><em>et</em></strong></span> <span class='ocrx_word' id='word_1_727' title='bbox 2849 4212 3024 4282; x_wconf 86' lang='lat' dir='ltr'><strong><em>lapide</em></strong></span> <span class='ocrx_word' id='word_1_728' title='bbox 3058 4215 3286 4282; x_wconf 89' lang='lat' dir='ltr'><strong><em>pretioso</em></strong></span> <span class='ocrx_word' id='word_1_729' title='bbox 3314 4226 3336 4267; x_wconf 87' lang='lat'><strong><em>:</em></strong></span> <span class='ocrx_word' id='word_1_730' title='bbox 3359 4221 3409 4270; x_wconf 82' lang='lat' dir='ltr'><strong><em>et</em></strong></span> 
     </span>
    </p>
   </div>
   <div class='ocr_carea' id='block_1_107' title="bbox 1828 4300 3408 4375">
    <p class='ocr_par' dir='ltr' id='par_1_107' title="bbox 1828 4300 3408 4375">
     <span class='ocr_line' id='line_1_110' title="bbox 1828 4300 3408 4375; baseline 0.006 -24"><span class='ocrx_word' id='word_1_731' title='bbox 1828 4300 2096 4369; x_wconf 83' lang='lat' dir='ltr'><strong><em>genimina</em></strong></span> <span class='ocrx_word' id='word_1_732' title='bbox 2121 4316 2234 4354; x_wconf 87' lang='lat' dir='ltr'><strong><em>mea</em></strong></span> <span class='ocrx_word' id='word_1_733' title='bbox 2259 4313 2474 4373; x_wconf 88' lang='lat' dir='ltr'><strong><em>argento</em></strong></span> <span class='ocrx_word' id='word_1_734' title='bbox 2503 4303 2683 4360; x_wconf 87' lang='lat' dir='ltr'><strong><em>electo.</em></strong></span> <span class='ocrx_word' id='word_1_735' title='bbox 2721 4304 2788 4360; x_wconf 80' lang='lat' dir='ltr'><strong><em>In</em></strong></span> <span class='ocrx_word' id='word_1_736' title='bbox 2812 4306 2906 4360; x_wconf 89' lang='lat' dir='ltr'><strong><em>viis</em></strong></span> <span class='ocrx_word' id='word_1_737' title='bbox 2924 4305 3147 4375; x_wconf 71' lang='lat' dir='ltr'><strong><em>justitiat</em></strong></span> <span class='ocrx_word' id='word_1_738' title='bbox 3172 4306 3408 4361; x_wconf 89' lang='lat' dir='ltr'><strong><em>ambulo.</em></strong></span> 
     </span>
    </p>
   </div>
   <div class='ocr_carea' id='block_1_108' title="bbox 1832 4387 3413 4463">
    <p class='ocr_par' dir='ltr' id='par_1_108' title="bbox 1832 4387 3413 4463">
     <span class='ocr_line' id='line_1_111' title="bbox 1832 4387 3413 4463; baseline 0.004 -20"><span class='ocrx_word' id='word_1_739' title='bbox 1832 4387 1900 4444; x_wconf 85' lang='lat' dir='ltr'><strong><em>In</em></strong></span> <span class='ocrx_word' id='word_1_740' title='bbox 1935 4390 2105 4445; x_wconf 88' lang='lat' dir='ltr'><strong><em>medio</em></strong></span> <span class='ocrx_word' id='word_1_741' title='bbox 2139 4392 2449 4447; x_wconf 90' lang='lat' dir='ltr'><strong><em>semitarum</em></strong></span> <span class='ocrx_word' id='word_1_742' title='bbox 2474 4394 2671 4463; x_wconf 85' lang='lat' dir='ltr'><strong><em>judicii</em></strong></span> <span class='ocrx_word' id='word_1_743' title='bbox 2706 4412 3000 4460; x_wconf 86' lang='lat' dir='ltr'><strong><em>conversor,</em></strong></span> <span class='ocrx_word' id='word_1_744' title='bbox 3032 4406 3091 4451; x_wconf 85' lang='lat' dir='ltr'><strong><em>ut</em></strong></span> <span class='ocrx_word' id='word_1_745' title='bbox 3132 4397 3293 4451; x_wconf 88' lang='lat' dir='ltr'><strong><em>ditem</em></strong></span> <span class='ocrx_word' id='word_1_746' title='bbox 3324 4397 3413 4450; x_wconf 83' lang='lat' dir='ltr'><strong><em>di-</em></strong></span> 
     </span>
    </p>
   </div>
   <div class='ocr_carea' id='block_1_109' title="bbox 1827 4479 3410 4557">
    <p class='ocr_par' dir='ltr' id='par_1_109' title="bbox 1827 4479 3410 4557">
     <span class='ocr_line' id='line_1_112' title="bbox 1827 4479 3410 4557; baseline 0.006 -23"><span class='ocrx_word' id='word_1_747' title='bbox 1827 4479 2044 4552; x_wconf 79' lang='lat' dir='ltr'><strong><em>ligentes</em></strong></span> <span class='ocrx_word' id='word_1_748' title='bbox 2075 4499 2179 4552; x_wconf 91' lang='lat' dir='ltr'><strong><em>me,</em></strong></span> <span class='ocrx_word' id='word_1_749' title='bbox 2225 4493 2275 4540; x_wconf 90' lang='lat' dir='ltr'><strong><em>et</em></strong></span> <span class='ocrx_word' id='word_1_750' title='bbox 2314 4485 2589 4543; x_wconf 79' lang='lat' dir='ltr'><strong><em>thesauros</em></strong></span> <span class='ocrx_word' id='word_1_751' title='bbox 2625 4504 2803 4543; x_wconf 86' lang='lat' dir='ltr'><strong><em>eorum</em></strong></span> <span class='ocrx_word' id='word_1_752' title='bbox 2837 4488 3086 4557; x_wconf 88' lang='lat' dir='ltr'><strong><em>repleam.</em></strong></span> <span class='ocrx_word' id='word_1_753' title='bbox 3113 4488 3173 4543; x_wconf 87' lang='lat' dir='ltr'><strong><em>Si</em></strong></span> <span class='ocrx_word' id='word_1_754' title='bbox 3195 4504 3410 4543; x_wconf 81' lang='lat' dir='ltr'><strong><em>annun-</em></strong></span> 
     </span>
    </p>
   </div>
   <div class='ocr_carea' id='block_1_110' title="bbox 1830 4577 3410 4650">
    <p class='ocr_par' dir='ltr' id='par_1_110' title="bbox 1830 4577 3410 4650">
     <span class='ocr_line' id='line_1_113' title="bbox 1830 4577 3410 4650; baseline 0.004 -22"><span class='ocrx_word' id='word_1_755' title='bbox 1830 4577 2027 4631; x_wconf 73' lang='lat' dir='ltr'><strong><em>tiavers</em></strong></span> <span class='ocrx_word' id='word_1_756' title='bbox 2053 4578 2216 4650; x_wconf 68' lang='lat' dir='ltr'><strong><em>{vobis</em></strong></span> <span class='ocrx_word' id='word_1_757' title='bbox 2266 4596 2384 4650; x_wconf 75' lang='lat' dir='ltr'><strong><em>quas</em></strong></span> <span class='ocrx_word' id='word_1_758' title='bbox 2412 4597 2507 4650; x_wconf 88' lang='lat' dir='ltr'><strong><em>per</em></strong></span> <span class='ocrx_word' id='word_1_759' title='bbox 2525 4582 2641 4636; x_wconf 88' lang='lat' dir='ltr'><strong><em>dies</em></strong></span> <span class='ocrx_word' id='word_1_760' title='bbox 2695 4582 3036 4646; x_wconf 89' lang='lat' dir='ltr'><strong><em>creabantur,</em></strong></span> <span class='ocrx_word' id='word_1_761' title='bbox 3091 4583 3410 4637; x_wconf 87' lang='lat' dir='ltr'><strong><em>numeratint</em></strong></span> 
     </span>
    </p>
   </div>
   <div class='ocr_carea' id='block_1_111' title="bbox 1828 4671 3408 4750">
    <p class='ocr_par' dir='ltr' id='par_1_111' title="bbox 1828 4671 3408 4750">
     <span class='ocr_line' id='line_1_114' title="bbox 1828 4671 3408 4750; baseline 0.006 -29"><span class='ocrx_word' id='word_1_762' title='bbox 1828 4671 2144 4724; x_wconf 87' lang='lat' dir='ltr'><strong><em>recordabor</em></strong></span> <span class='ocrx_word' id='word_1_763' title='bbox 2194 4688 2377 4725; x_wconf 83' lang='lat' dir='ltr'><strong><em>eorum</em></strong></span> <span class='ocrx_word' id='word_1_764' title='bbox 2409 4689 2528 4744; x_wconf 73' lang='lat' dir='ltr'><strong><em>qua:</em></strong></span> <span class='ocrx_word' id='word_1_765' title='bbox 2571 4692 2605 4728; x_wconf 90' lang='lat' dir='ltr'><strong><em>a</em></strong></span> <span class='ocrx_word' id='word_1_766' title='bbox 2629 4675 2845 4731; x_wconf 79' lang='lat' dir='ltr'><strong><em>steculo.</em></strong></span> <span class='ocrx_word' id='word_1_767' title='bbox 2883 4675 3138 4731; x_wconf 88' lang='lat' dir='ltr'><strong><em>Dominus</em></strong></span> <span class='ocrx_word' id='word_1_768' title='bbox 3176 4678 3408 4750; x_wconf 89' lang='lat' dir='ltr'><strong><em>possedit</em></strong></span> 
     </span>
    </p>
   </div>
   <div class='ocr_carea' id='block_1_112' title="bbox 1826 4764 3408 4837">
    <p class='ocr_par' dir='ltr' id='par_1_112' title="bbox 1826 4764 3408 4837">
     <span class='ocr_line' id='line_1_115' title="bbox 1826 4764 3408 4837; baseline 0.008 -23"><span class='ocrx_word' id='word_1_769' title='bbox 1826 4775 1910 4815; x_wconf 88' lang='lat' dir='ltr'><strong><em>me</em></strong></span> <span class='ocrx_word' id='word_1_770' title='bbox 1951 4771 2161 4829; x_wconf 78' lang='lat' dir='ltr'><strong><em>mittunt</em></strong></span> <span class='ocrx_word' id='word_1_771' title='bbox 2191 4764 2395 4819; x_wconf 77' lang='lat' dir='ltr'><strong><em>viarum</em></strong></span> <span class='ocrx_word' id='word_1_772' title='bbox 2426 4781 2646 4819; x_wconf 88' lang='lat' dir='ltr'><strong><em>suarum</em></strong></span> <span class='ocrx_word' id='word_1_773' title='bbox 2677 4769 2748 4821; x_wconf 89' lang='lat' dir='ltr'><strong><em>ad</em></strong></span> <span class='ocrx_word' id='word_1_774' title='bbox 2789 4785 2948 4837; x_wconf 90' lang='lat' dir='ltr'><strong><em>opera</em></strong></span> <span class='ocrx_word' id='word_1_775' title='bbox 2989 4785 3109 4837; x_wconf 89' lang='lat' dir='ltr'><strong><em>sua,</em></strong></span> <span class='ocrx_word' id='word_1_776' title='bbox 3150 4780 3271 4825; x_wconf 90' lang='lat' dir='ltr'><strong><em>ante</em></strong></span> <span class='ocrx_word' id='word_1_777' title='bbox 3300 4786 3408 4825; x_wconf 77' lang='lat' dir='ltr'><strong><em>ste-</em></strong></span> 
     </span>
    </p>
   </div>
   <div class='ocr_carea' id='block_1_113' title="bbox 1828 4852 3407 4928">
    <p class='ocr_par' dir='ltr' id='par_1_113' title="bbox 1828 4852 3407 4928">
     <span class='ocr_line' id='line_1_116' title="bbox 1828 4852 3407 4928; baseline 0.008 -25"><span class='ocrx_word' id='word_1_778' title='bbox 1828 4852 1948 4905; x_wconf 86' lang='lat' dir='ltr'><strong><em>cula</em></strong></span> <span class='ocrx_word' id='word_1_779' title='bbox 1979 4854 2223 4922; x_wconf 68' lang='lat' dir='ltr'><strong><em>[undavit</em></strong></span> <span class='ocrx_word' id='word_1_780' title='bbox 2253 4872 2372 4921; x_wconf 84' lang='lat' dir='ltr'><strong><em>me;</em></strong></span> <span class='ocrx_word' id='word_1_781' title='bbox 2419 4858 2474 4911; x_wconf 91' lang='lat' dir='ltr'><strong><em>in</em></strong></span> <span class='ocrx_word' id='word_1_782' title='bbox 2524 4858 2801 4927; x_wconf 86' lang='lat' dir='ltr'><strong><em>principio,</em></strong></span> <span class='ocrx_word' id='word_1_783' title='bbox 2853 4859 3160 4928; x_wconf 89' lang='lat' dir='ltr'><strong><em>priusquam</em></strong></span> <span class='ocrx_word' id='word_1_784' title='bbox 3208 4868 3407 4917; x_wconf 85' lang='lat' dir='ltr'><strong><em>terram</em></strong></span> 
     </span>
    </p>
   </div>
   <div class='ocr_carea' id='block_1_114' title="bbox 1826 4943 3407 5023">
    <p class='ocr_par' dir='ltr' id='par_1_114' title="bbox 1826 4943 3407 5023">
     <span class='ocr_line' id='line_1_117' title="bbox 1826 4943 3407 5023; baseline 0.009 -30"><span class='ocrx_word' id='word_1_785' title='bbox 1826 4944 2089 4998; x_wconf 86' lang='lat' dir='ltr'><strong><em>conderet.</em></strong></span> <span class='ocrx_word' id='word_1_786' title='bbox 2122 4943 2376 5000; x_wconf 86' lang='lat' dir='ltr'><strong><em>Nondum</em></strong></span> <span class='ocrx_word' id='word_1_787' title='bbox 2404 4958 2551 5003; x_wconf 90' lang='lat' dir='ltr'><strong><em>erant</em></strong></span> <span class='ocrx_word' id='word_1_788' title='bbox 2584 4950 2784 5023; x_wconf 77' lang='lat' dir='ltr'><strong><em>abyssi,</em></strong></span> <span class='ocrx_word' id='word_1_789' title='bbox 2821 4959 2872 5005; x_wconf 88' lang='lat' dir='ltr'><strong><em>et</em></strong></span> <span class='ocrx_word' id='word_1_790' title='bbox 2900 4968 2992 5023; x_wconf 89' lang='lat' dir='ltr'><strong><em>ego</em></strong></span> <span class='ocrx_word' id='word_1_791' title='bbox 3013 4951 3129 5022; x_wconf 89' lang='lat' dir='ltr'><strong><em>jam</em></strong></span> <span class='ocrx_word' id='word_1_792' title='bbox 3153 4962 3407 5021; x_wconf 84' lang='lat' dir='ltr'><strong><em>concepta</em></strong></span> 
     </span>
    </p>
   </div>
   <div class='ocr_carea' id='block_1_115' title="bbox 1826 5033 3406 5110">
    <p class='ocr_par' dir='ltr' id='par_1_115' title="bbox 1826 5033 3406 5110">
     <span class='ocr_line' id='line_1_118' title="bbox 1826 5033 3406 5110; baseline 0.008 -23"><span class='ocrx_word' id='word_1_793' title='bbox 1826 5033 1906 5103; x_wconf 77' lang='lat' dir='ltr'><strong><em>{ui</em></strong></span> <span class='ocrx_word' id='word_1_794' title='bbox 1940 5050 1958 5088; x_wconf 93' lang='lat'><em>:</em></span> <span class='ocrx_word' id='word_1_795' title='bbox 1994 5037 2213 5091; x_wconf 87' lang='lat' dir='ltr'><strong><em>necdum</em></strong></span> <span class='ocrx_word' id='word_1_796' title='bbox 2260 5037 2430 5107; x_wconf 82' lang='lat' dir='ltr'><strong><em>fontes</em></strong></span> <span class='ocrx_word' id='word_1_797' title='bbox 2486 5056 2746 5110; x_wconf 81' lang='lat' dir='ltr'><strong><em>aquarum</em></strong></span> <span class='ocrx_word' id='word_1_798' title='bbox 2802 5055 3080 5109; x_wconf 85' lang='lat' dir='ltr'><strong><em>eruperant</em></strong></span> <span class='ocrx_word' id='word_1_799' title='bbox 3119 5061 3140 5099; x_wconf 89' lang='lat'><strong><em>:</em></strong></span> <span class='ocrx_word' id='word_1_800' title='bbox 3184 5047 3406 5100; x_wconf 69' lang='lat' dir='ltr'><strong><em>necdum</em></strong></span> 
     </span>
    </p>
   </div>
   <div class='ocr_carea' id='block_1_116' title="bbox 1827 5130 3406 5199">
    <p class='ocr_par' dir='ltr' id='par_1_116' title="bbox 1827 5130 3406 5199">
     <span class='ocr_line' id='line_1_119' title="bbox 1827 5130 3406 5199; baseline 0.009 -18"><span class='ocrx_word' id='word_1_801' title='bbox 1827 5139 2027 5183; x_wconf 87' lang='lat' dir='ltr'><strong><em>montes</em></strong></span> <span class='ocrx_word' id='word_1_802' title='bbox 2083 5132 2230 5199; x_wconf 85' lang='lat' dir='ltr'><strong><em>gravi</em></strong></span> <span class='ocrx_word' id='word_1_803' title='bbox 2274 5130 2410 5186; x_wconf 87' lang='lat' dir='ltr'><strong><em>male</em></strong></span> <span class='ocrx_word' id='word_1_804' title='bbox 2440 5135 2801 5193; x_wconf 89' lang='lat' dir='ltr'><strong><em>constiterant.</em></strong></span> <span class='ocrx_word' id='word_1_805' title='bbox 2835 5137 2970 5192; x_wconf 82' lang='lat' dir='ltr'><strong><em>Ante</em></strong></span> <span class='ocrx_word' id='word_1_806' title='bbox 3020 5138 3178 5192; x_wconf 88' lang='lat' dir='ltr'><strong><em>colles</em></strong></span> <span class='ocrx_word' id='word_1_807' title='bbox 3227 5154 3406 5195; x_wconf 85' lang='lat' dir='ltr'><strong><em>omnes</em></strong></span> 
     </span>
    </p>
   </div>
   <div class='ocr_carea' id='block_1_117' title="bbox 1825 5222 3405 5299">
    <p class='ocr_par' dir='ltr' id='par_1_117' title="bbox 1825 5222 3405 5299">
     <span class='ocr_line' id='line_1_120' title="bbox 1825 5222 3405 5299; baseline 0.009 -28"><span class='ocrx_word' id='word_1_808' title='bbox 1825 5233 1919 5289; x_wconf 89' lang='lat' dir='ltr'><strong><em>ego</em></strong></span> <span class='ocrx_word' id='word_1_809' title='bbox 1946 5222 2302 5286; x_wconf 84' lang='lat' dir='ltr'><strong><em>parturiebar.</em></strong></span> <span class='ocrx_word' id='word_1_810' title='bbox 2347 5222 2750 5299; x_wconf 73' lang='lat' dir='ltr'><strong><em>Dominusfecit</em></strong></span> <span class='ocrx_word' id='word_1_811' title='bbox 2781 5229 3038 5299; x_wconf 87' lang='lat' dir='ltr'><strong><em>regiones,</em></strong></span> <span class='ocrx_word' id='word_1_812' title='bbox 3065 5239 3112 5284; x_wconf 89' lang='lat' dir='ltr'><strong><em>et</em></strong></span> <span class='ocrx_word' id='word_1_813' title='bbox 3131 5231 3405 5285; x_wconf 74' lang='lat' dir='ltr'><strong><em>inhabita-</em></strong></span> 
     </span>
    </p>
   </div>
   <div class='ocr_carea' id='block_1_118' title="bbox 1828 5531 3402 5610">
    <p class='ocr_par' dir='ltr' id='par_1_118' title="bbox 1828 5531 3402 5610">
     <span class='ocr_line' id='line_1_121' title="bbox 1828 5531 3402 5610; baseline 0.004 -25"><span class='ocrx_word' id='word_1_814' title='bbox 1828 5531 2067 5610; x_wconf 74' lang='lat' dir='ltr'><strong><em>vulgaris</em></strong></span> <span class='ocrx_word' id='word_1_815' title='bbox 2082 5546 2224 5610; x_wconf 72' lang='lat' dir='ltr'><strong><em>;_,pro</em></strong></span> <span class='ocrx_word' id='word_1_816' title='bbox 2254 5533 2473 5610; x_wconf 76' lang='grc' dir='ltr'><em>βουλήν.</em></span> <span class='ocrx_word' id='word_1_817' title='bbox 2506 5534 2866 5610; x_wconf 68' lang='lat' dir='ltr'><strong><em>Symmachus</em></strong></span> <span class='ocrx_word' id='word_1_818' title='bbox 2895 5535 3134 5610; x_wconf 76' lang='lat' dir='ltr'><strong><em>habebat</em></strong></span> <span class='ocrx_word' id='word_1_819' title='bbox 3158 5553 3402 5610; x_wconf 69' lang='grc' dir='ltr'><em>πανονρο</em></span> 
     </span>
    </p>
   </div>
   <div class='ocr_carea' id='block_1_119' title="bbox 1837 5601 3373 5671">
    <p class='ocr_par' dir='ltr' id='par_1_119' title="bbox 1837 5601 3373 5671">
     <span class='ocr_line' id='line_1_122' title="bbox 1837 5601 3373 5671; baseline 0.003 -14"><span class='ocrx_word' id='word_1_820' title='bbox 1837 5601 1974 5671; x_wconf 50' lang='grc' dir='ltr'><em>(ίαν,</em></span> <span class='ocrx_word' id='word_1_821' title='bbox 2003 5601 2146 5656; x_wconf 81' lang='lat' dir='ltr'><strong><em>male</em></strong></span> <span class='ocrx_word' id='word_1_822' title='bbox 2170 5605 2224 5658; x_wconf 91' lang='lat' dir='ltr'><strong><em>in</em></strong></span> <span class='ocrx_word' id='word_1_823' title='bbox 2255 5601 2379 5660; x_wconf 71' lang='lat' dir='ltr'><strong><em>cod.</em></strong></span> <span class='ocrx_word' id='word_1_824' title='bbox 2406 5601 2599 5661; x_wconf 72' lang='lat' dir='ltr'><strong><em>nostro</em></strong></span> <span class='ocrx_word' id='word_1_825' title='bbox 2626 5606 2843 5661; x_wconf 77' lang='grc' dir='ltr'><em>εὐναίαν</em></span> <span class='ocrx_word' id='word_1_826' title='bbox 2874 5616 3024 5664; x_wconf 83' lang='lat' dir='ltr'><strong><em>esset</em></strong></span> <span class='ocrx_word' id='word_1_827' title='bbox 3049 5607 3282 5663; x_wconf 66' lang='grc' dir='ltr'><em>ἔννοιαν.</em></span> <span class='ocrx_word' id='word_1_828' title='bbox 3304 5601 3373 5662; x_wconf 68' lang='grc' dir='ltr'><em>Η.</em></span> 
     </span>
    </p>
   </div>
   <div class='ocr_carea' id='block_1_120' title="bbox 1821 5671 3404 5814">
    <p class='ocr_par' dir='ltr' id='par_1_120' title="bbox 1821 5671 3404 5814">
     <span class='ocr_line' id='line_1_123' title="bbox 1821 5671 3404 5814; baseline -0.001 -82"><span class='ocrx_word' id='word_1_829' title='bbox 1821 5672 2239 5814; x_wconf 66' lang='grc' dir='ltr'><strong>Ι</strong></span> <span class='ocrx_word' id='word_1_830' title='bbox 2282 5671 2691 5746; x_wconf 78' lang='grc' dir='ltr'><em>δικαιώματος.</em></span> <span class='ocrx_word' id='word_1_831' title='bbox 2745 5678 2852 5734; x_wconf 84' lang='lat' dir='ltr'><strong><em>Alii</em></strong></span> <span class='ocrx_word' id='word_1_832' title='bbox 2891 5675 3097 5750; x_wconf 76' lang='grc' dir='ltr'><em>τριοῶν</em></span> <span class='ocrx_word' id='word_1_833' title='bbox 3142 5677 3404 5752; x_wconf 74' lang='grc' dir='ltr'><em>ἀληθείας</em></span> 
     </span>
    </p>
   </div>
   <div class='ocr_carea' id='block_1_121' title="bbox 2999 5908 3073 5975">
    <p class='ocr_par' dir='ltr' id='par_1_121' title="bbox 2999 5908 3073 5975">
     <span class='ocr_line' id='line_1_124' title="bbox 2999 5908 3073 5975; baseline 0.081 -6"><span class='ocrx_word' id='word_1_834' title='bbox 2999 5908 3073 5975; x_wconf 83' lang='grc'><strong>31</strong></span> 
     </span>
    </p>
   </div>
  </div>
