3828 6222
461 293 563 354 971

1127 289 1400 348 EUSEBll
1440 284 1919 347 CESARIENSIS
1944 283 2113 342 ‘Ol’P.
2154 282 2341 341 PARS
2378 282 2471 341 ιγ.
2512 314 2583 326 -
2620 282 3042 344 DOGMATICA.

3628 287 3725 345 972

465 411 613 480 biles,
647 422 696 467 et
736 410 1062 466 summitates
1115 411 1378 467 habitatas
1412 411 1506 465 sub
1539 409 1687 464 casto.
1728 414 1788 473 ᾖ(
1821 407 2048 474 Quando

2186 423 2257 472 ὀς
2294 404 2654 476 ἑθεμελίωσέ
2697 422 2809 476 με’
2867 406 2938 460 ἐν
2976 404 3138 476 ἀρχῇ
3171 404 3284 475 πρὸ
3326 402 3436 460 τοῦ
3476 401 3587 472 τὴν
3624 401 3728 474 γῆν

462 504 794 574 praeparabat
825 503 1001 569 calas,
1027 505 1243 559 aderam
1265 505 1333 558 ei.
1379 503 1605 569 Quando
1633 503 1910 571 separabat
1949 499 2049 554 sibi

2186 496 2431 567 ποιῆσαι,
2480 498 2595 566 πρὸ
2642 498 2749 552 τοῦ
2795 498 2901 565 τὰς
2952 498 3266 571 ἀϐύσσους
3297 494 3581 566 ποιῆσαι·
3627 496 3726 564 πρὸ

461 597 707 650 thronum
738 613 894 665 super
919 607 1114 651 uentos.
1148 597 1377 662 Quando
1398 595 1647 665 ﬁrmabat
1678 596 1838 648 nubes
1863 609 2045 662 supra,

2154 588 2261 644 τοῦ
2292 589 2608 658 προελθεῖν
2641 589 2749 657 τὰς
2795 570 2991 660 πηγὰς
3024 589 3147 644 τῶν
3185 589 3422 643 ὑδάτων
3444 604 3460 619 ·
3494 587 3606 657 πρὸ
3635 586 3728 640 τοῦ

461 698 508 741 et
543 687 772 742 librabat
806 686 976 758 fontes
1021 705 1280 759 aquarum
1333 688 1517 742 subter
1562 686 1769 741 caelum.
1815 684 2044 751 Quando

2186 700 2260 752 ρη
2290 680 2677 752 ἑδρασθῆναι,
2713 684 2827 753 πρὸ
2847 683 2917 738 δὲ
2941 682 3054 755 (54)
3081 682 3325 736 πάντων
3343 678 3591 746 ,Βουνῶν
3611 697 3727 748 τετ-

461 780 790 849 appendebat
833 781 1181 850 fundamenta
1221 790 1397 843 terra,
1445 795 1563 832 cum
1589 794 1650 833 eo
1680 794 1824 832 eram
1853 791 2043 831 cuncta

2186 772 2229 840 ’ᾇ
2250 792 2347 844 με.
2378 776 2595 844 Κύριος
2632 775 2886 844 ἐποίησε
2929 774 3123 844 χώρας
3150 774 3249 828 καὶ
3274 772 3616 839 ἀοικήτους,
3646 770 3731 824 καί

460 887 793 943 componens.
843 873 1155 928 Delectabar
1179 887 1273 941 per
1302 870 1538 940 singulos
1571 870 1705 935 dies,
1731 870 1917 925 ludens
1949 887 2037 924 σος

2149 866 2303 936 ἄκρα
2343 866 2665 936 οἰκούμενα
2698 864 2808 934 τῆς
2837 866 2950 938 (55)
2977 868 3080 920 ὑπ’
3114 864 3408 935 οὐρανῶν.
3451 863 3652 918 Ἠνίκα
3672 863 3734 929 ἡ·

459 980 573 1020 ram
608 981 688 1029 eo,
737 965 925 1019 ludens
974 966 1028 1019 in
1065 967 1188 1020 orbe
1233 976 1522 1020 terrarum.
1561 961 1629 1017 Et
1682 963 1885 1018 delicim
1913 978 2044 1018 mea:

2186 956 2384 1029 οίμαζε
2412 958 2520 1012 τὸν
2556 957 2846 1026 οἰφανὸν,
2887 956 3304 1027 συμπαρήμην
3321 953 3503 1021 αὐτῷ.
3547 954 3737 1008 Ἠνίκα

459 1070 569 1111 esse
605 1070 722 1109 cum
755 1055 881 1124 ﬁliis
915 1057 1205 1109 hominum.

2149 1048 2397 1121 ἀφώριζε
2436 1048 2545 1103 τὸν
2583 1049 2802 1105 ἑαυτοῦ
2851 1050 3068 1120 θρόνον
3111 1048 3206 1103 ἐπ’
3233 1046 3507 1117 ἀνέμων.
3546 1044 3740 1101 Ἠνίκα

458 1151 679 1221 ισχυρὰ
716 1152 901 1206 ἐποίει
936 1151 1048 1222 (56)
1082 1156 1155 1204 τα
1183 1150 1305 1205 ἅνω
1336 1150 1512 1222 νέφη,
1545 1149 1645 1205 καὶ
1663 1150 1744 1216 ὡς
1775 1147 2076 1218 ἀσφαλεῖς
2110 1148 2292 1203 ἐτίθει
2325 1145 2523 1216 πηγὰς
2560 1146 2671 1213 τὰς
2707 1144 2811 1201 ὑπ’
2852 1143 3137 1214 οὐρανὸν,
3181 1142 3280 1197 καί
3312 1138 3533 1212 ἰσχυρά
3561 1138 3740 1193 ἐποίει

454 1242 527 1298 τὰ
561 1242 801 1313 θεμέλια
830 1241 941 1311 τῆς
968 1242 1104 1312 γῆς,
1158 1240 1322 1313 ἤμην
1356 1244 1491 1313 παρ’
1511 1239 1672 1307 αὐτῷ
1697 1238 2067 1310 ἁρμόζουσαο
2108 1236 2224 1308 ἐγὼ
2255 1236 2421 1306 ἤμην
2449 1231 2491 1309 ᾖ
2529 1235 2896 1306 προσέχαιρε
2955 1236 3086 1290 καθ’
3117 1231 3379 1302 ἡμέραν·
3419 1231 3739 1300 ηὐφραινό-

450 1353 577 1406 μην
605 1335 675 1389 δὲ
700 1336 773 1391 ἐν
802 1333 1101 1405 προσώπῳ
1131 1333 1318 1390 αὐτοῦ
1347 1335 1418 1389 ἐν
1462 1333 1644 1388 παντί
1692 1331 1874 1402 καιρῷ
1892 1349 1906 1362 ’
1947 1331 2047 1385 ὅτε
2085 1330 2452 1400 ηὐφραίνετο
2519 1327 2637 1397 τὴν
2664 1326 3029 1398 οἰκουμένην
3084 1323 3483 1392 συντελέσας,
3505 1323 3607 1377 καὶ
3644 1325 3740 1391 ηὑ-

453 1431 736 1500 φραίνετο
759 1430 853 1501 ἐφ’
890 1428 1043 1496 υίοῒς
1066 1429 1179 1501 (57)
1209 1427 1557 1498 ἀνθρώπων.

540 1520 544 1529 ’
1111 1519 1266 1577 CAP.
1308 1522 1372 1578 ll.

454 1614 730 1681 Quomodo
768 1613 925 1678 illud,
978 1632 999 1665 ι
1031 1612 1286 1668 Dominus
1316 1613 1548 1668 condidit
1594 1630 1676 1668 me
1720 1612 2035 1683 principium

518 1687 724 1741 uiarum
754 1686 890 1752 ejus,
918 1703 937 1736 ι
975 1697 1020 1738 et
1050 1699 1167 1753 qua:
1194 1694 1501 1750 sequuntur,
1530 1684 1756 1754 intelligi
1789 1685 2032 1739 debeant.

519 1755 590 1827 Et
632 1756 890 1827 quomodo
945 1754 1228 1809 Marcellus
1271 1770 1336 1808 ea
1382 1754 1654 1810 transtulit
1706 1758 1775 1810 ad
1824 1771 2036 1810 carnem

519 1825 819 1883 Servatoris
846 1836 1163 1893 susceptam.

516 1918 645 1975 Haec
679 1918 748 1973 de
781 1918 959 1988 seipsa
995 1917 1049 1972 in
1084 1915 1400 1973 Proverbiis
1429 1915 1729 1988 Sapientia.
1763 1918 2036 1990 lntegrum

445 2024 577 2066 vero
609 2009 789 2065 locum
823 2008 1133 2065 necessario
1164 2009 1456 2079 descripsi,
1498 2022 1555 2065 ut
1598 2020 1857 2081 appareat
1887 2027 2038 2068 eam-

443 2100 569 2157 dem
601 2113 889 2170 personam
939 2100 1056 2156 haac
1098 2100 1283 2155 omnia
1323 2099 1558 2155 locutam
1590 2115 1607 2156 :
1639 2116 1737 2157 nec
1783 2104 2037 2159 transitio

444 2192 518 2248 sit
554 2191 876 2247 intermedia
912 2191 979 2246 de
1008 2190 1240 2261 persona
1265 2189 1334 2244 ad
1368 2206 1679 2261 personam.
1719 2191 1845 2247 Haec
1871 2195 2039 2265 igitur

446 2285 516 2339 de
549 2283 725 2354 seipsa
760 2282 922 2339 docet
971 2292 1027 2338 et
1076 2283 1314 2338 ostendit
1355 2283 1656 2353 Sapientia.
1709 2283 1814 2340 Ubi
1868 2285 2038 2356 inpri-

445 2376 553 2431 mis
614 2383 856 2441 notetur,
915 2373 1060 2444 quod
1114 2388 1175 2430 se
1225 2373 1505 2431 indeﬁnite
1562 2375 1897 2446 Sapientiam
1945 2391 2039 2433 vo-

439 2475 527 2522 cet
555 2483 569 2519 :
598 2462 712 2535 Ego
737 2465 896 2528 enim,
914 2463 1110 2533 inquit,
1125 2465 1373 2519 constitui
1399 2464 1718 2529 consilium;
1744 2480 1857 2521 non
1889 2466 2033 2536 adji-

439 2557 604 2623 citur,
629 2554 913 2625 Sapientia
961 2554 1079 2609 Dei.
1117 2553 1225 2609 Sed
1259 2565 1419 2625 prout
1458 2554 1720 2610 scribitur
1763 2556 1833 2611 ab
1869 2570 2037 2612 evan-

436 2647 652 2717 gelista,
695 2644 765 2700 In
805 2645 1065 2713 principio
1105 2654 1216 2699 erat
1273 2641 1497 2699 Verbum
1514 2644 1585 2712 ³³,
1624 2643 1928 2700 indeﬁnite.
1968 2644 2036 2700 Et

436 2754 652 2804 rursus,
695 2736 922 2793 Verbum
963 2747 1077 2791 erat
1123 2734 1264 2805 apud
1320 2735 1485 2790 Deum
1503 2736 1550 2769 ⁸⁸
1589 2753 1604 2790 :
1645 2750 1744 2791 nec
1796 2738 2031 2801 dicitur,

445 2828 674 2887 Verbum
714 2829 830 2894 Dei,
859 2843 928 2885 ne
964 2828 1088 2898 quis
1121 2838 1378 2898 tanquam
1409 2828 1668 2898 quiddam
1698 2826 1922 2884 relative
1950 2829 2034 2883 di-

2081 1531 2126 1588 Β
2799 1510 2960 1563 ΚΕΦ.
2993 1506 3069 1565 Β⁰ι

2145 1603 2336 1666 Ὅπως
2345 1599 2436 1668 τὸ,
2454 1617 2473 1652 ι
2485 1600 2702 1670 Κύριος
2712 1599 2913 1654 ἐκτισέ
2921 1616 3000 1670 με
3013 1597 3212 1669 ἀρχὴν
3222 1595 3378 1654 ὁδῶν
3386 1595 3603 1670 αὐτοῦ,
3614 1615 3636 1648 ι
3647 1597 3744 1670 geai

2208 1672 2284 1727 τὰ
2333 1666 2523 1737 τούτῳ
2568 1666 2937 1740 συνημμένα
2964 1666 3208 1740 νοεῖταυ
3244 1670 3344 1723 καὶ
3373 1668 3536 1740 ὅπως
3556 1666 3744 1721 ταῦτα

2210 1741 2576 1810 Μάρκελλος
2624 1738 2873 1800 ἐπίτὴν
2918 1739 3117 1811 σάρκα
3171 1740 3280 1794 τοῦ
3324 1738 3604 1807 Σωτῆρος
3617 1754 3746 1808 μετ-

2211 1830 2341 1885 ηγεο

2210 1902 2397 1976 Ταῦτα
2424 1903 2523 1976 μὲν
2539 1904 2599 1959 ὲν
2615 1902 2947 1976 Παροιμίαις
2963 1920 3030 1957 πε
3039 1905 3092 1975 ρὶ
3114 1901 3319 1973 ἑαυτῆς
3338 1902 3373 1973 ἡ
3396 1900 3592 1969 Σοφία.
3609 1898 3745 1953 Ὅλα

2138 1996 2182 2050 δ’
2212 1999 2463 2072 ἐπιτηδὲς
2489 2000 2809 2069 ἀναγκαίως
2832 1998 3178 2071 παρεθέμην,
3211 1997 3429 2059 δεικνὺς
3448 1996 3528 2058 ὡς
3545 1994 3609 2047 ἓν
3633 1996 3745 2048 ἐστι

2142 2091 2438 2161 πρόσωπον
2468 2092 2531 2146 τὸ
2558 2092 2729 2147 ταῦτα
2776 2092 2957 2162 λέγον,
2987 2091 3109 2146 οὐδὲ
3145 2092 3276 2163 μιᾶς
3323 2091 3382 2143 ὲν
3423 2088 3504 2159 τῷ
3542 2086 3745 2159 μεταξὺ

2138 2187 2441 2260 γενομένης
2464 2187 2773 2260 μεταϐολῆς
2788 2186 2884 2241 τοῦ
2913 2187 3182 2256 λέγοντος·
3204 2185 3485 2240 δείκνυται
3502 2183 3685 2237 τοίνυν
3709 2184 3742 2251 η

2139 2279 2309 2350 Σοφία
2336 2280 2511 2335 ταῦτα
2546 2280 2677 2353 περὶ
2708 2279 2912 2350 ἑαυτῆς
2950 2278 3299 2333 διδάσκουσα.
3336 2274 3641 2331 Κάνταῦθα
3690 2274 3746 2326 δὲ

2141 2370 2360 2442 πρῶτον
2383 2371 2770 2444 ὲπιτηρητέον,
2789 2371 2865 2435 ὡς
2894 2369 3178 2433 ἀπολύτως
3203 2367 3376 2439 Σοφία
3401 2367 3742 2437 ὠνόμασται-

2151 2460 2299 2534 Ἐγὼ
2325 2462 2469 2534 γὰρ,
2512 2463 2670 2535 φησὶ,
2725 2461 3165 2531 κατεσκήνωσα
3203 2460 3474 2529 βουλὴν,
3506 2461 3606 2513 καὶ
3647 2460 3747 2513 οὐκ

2138 2542 2376 2626 εἴρηται,
2404 2556 2598 2624 Σοφία
2627 2556 2736 2611 τοῦ
2768 2556 2916 2610 Θεοῦ
2934 2572 2949 2586 ·
2977 2555 3094 2609 ἀλλ’
3129 2553 3319 2629 ὥσπερ
3361 2552 3517 2625 παρὰ
3544 2550 3628 2621 τῷ
3653 2551 3744 2604 εὖ·

2137 2647 2437 2720 αγγελιστῇ
2490 2650 2573 2714 τὸ,
2619 2649 2714 2702 Ἐν
2743 2647 2903 2718 ἀρχῇ
2952 2645 3033 2721 ἦν
3079 2650 3113 2703 ό
3162 2647 3395 2716 Λόγος,
3453 2644 3745 2707 ἀπολύτως

2137 2740 2431 2812 ἐγράφετο,
2459 2742 2553 2794 καὶ
2584 2740 2771 2805 πάλιν,
2817 2743 2880 2794 '0
2913 2742 3105 2810 Λόγος
3132 2735 3216 2810 ἦν
3248 2738 3401 2808 πρὸς
3436 2739 3547 2791 τὸν
3569 2737 3743 2792 Θεόν·

2140 2833 2236 2885 καὶ
2262 2832 2362 2886 οὐκ
2386 2832 2499 2905 (58)
2532 2832 2742 2907 εἴρητο,
2775 2836 2809 2887 ό
2834 2834 3026 2904 Λόγος
3055 2831 3163 2885 τοῦ
3200 2830 3373 2893 Θεοῦ,
3401 2829 3491 2883 ἵνα
3521 2829 3602 2900 μὴ
3634 2828 3747 2880 τῶν

436 2936 585 2983 ctum
625 2932 913 2979 autumet:
950 2936 1128 2993 neque
1163 2931 1421 2992 tanquam
1455 2920 1710 2976 accidens
1755 2920 2028 2990 quoddam
2057 2917 2064 2957 ⁴

2186 2925 2273 2993 po;
2298 2943 2353 2980 τι
2374 2926 2573 2998 νομίσῃ
2604 2944 2690 2991 τις
2733 2927 2897 2980 αὐτὸν
2931 2924 3224 2996 λέγεσθαι,
3264 2922 3391 2995 μηδ’
3418 2923 3497 2987 ὡς
3533 2920 3749 2992 συμϐε-

439 3015 571 3080 Dei;
606 3013 702 3069 sed
745 3021 805 3068 ut
844 3012 1035 3068 vivens
1073 3020 1129 3069 et
1160 3011 1512 3067 subsistens:
1557 3011 1699 3066 unde
1741 3010 1924 3076 addit,
1957 3009 2031 3064 Et

434 3106 579 3160 Deus
608 3114 743 3172 erat,
779 3120 889 3160 non
921 3104 1017 3160 Dei
1050 3111 1191 3167 erat,
1230 3100 1481 3158 Verbum.
1513 3102 1875 3168 Adeumdem
1916 3118 2033 3158 mo-

434 3196 565 3251 dum
604 3195 674 3252 de
698 3195 978 3265 Sapientia
1025 3194 1286 3267 loquitur.
1325 3193 1503 3251 Unum
1537 3206 1658 3252 erat
1684 3197 1829 3252 enim
1864 3207 2030 3268 atque

437 3290 581 3345 idem
613 3289 758 3345 Deus
795 3286 1030 3344 Verbum
1079 3296 1137 3343 et
1179 3286 1486 3360 Sapientia.
1522 3287 1793 3357 Quocirca
1827 3292 2026 3347 dicitur

434 3378 716 3435 indeﬁnite
748 3379 801 3433 in
835 3377 1169 3443 Proverbiis,
1204 3394 1312 3433 non
1343 3378 1521 3434 solum
1545 3380 1599 3435 iu
1624 3395 1788 3451 supra
1818 3397 2027 3437 memo-

434 3471 589 3537 ratis,
634 3471 729 3528 sed
765 3469 886 3526 istis
916 3468 1179 3538 insuper:
1214 3468 1411 3525 Beatus
1439 3471 1520 3526 uir
1554 3472 1644 3541 qui
1688 3471 1881 3526 invenit
1917 3469 2024 3526 Sa-

428 3564 687 3636 pientiam
703 3564 769 3619 ⁸⁸.
799 3562 885 3631 Ει,
910 3560 1050 3616 Deus
1074 3563 1131 3615 in
1155 3559 1430 3630 Sapientia
1460 3561 1705 3632 {undavit
1738 3573 1933 3619 terram
1951 3563 2019 3616 ⁸⁸.

429 3657 519 3722 Et,
550 3653 676 3710 Dixi
706 3653 997 3723 Sapientiae
1018 3667 1037 3707 :
1060 3651 1229 3708 Soror
1252 3653 1382 3707 milii
1411 3668 1465 3707 es
1484 3651 1552 3708 ⁸⁷.
1581 3653 1668 3719 Et,
1703 3657 1779 3709 Tu
1812 3671 2022 3708 annun-

428 3749 562 3802 tiato
608 3744 957 3815 Sapientiam,
1000 3754 1058 3798 ut
1118 3744 1258 3799 adsit
1310 3744 1405 3799 tibi
1458 3745 1809 3817 intelligentia
1836 3746 1904 3800 ⁸⁸.
1934 3747 2018 3809 Ει,

430 3834 788 3894 Prtestantior
818 3848 890 3890 est
922 3833 1196 3904 Sapientia
1226 3835 1491 3905 lapidibus
1511 3839 1752 3908 pretiosis
1768 3838 1834 3891 ⁸³.
1851 3842 1910 3901 ᾖ(
1933 3837 2019 3902 Ει,

429 3928 708 3998 Sapientia
741 3928 1035 4004 aediﬁcavit
1057 3928 1158 3982 sibi
1188 3929 1410 3989 domum
1439 3943 1459 3983 :
1488 3938 1539 3982 et
1569 3928 1763 3982 excidit
1817 3929 2021 3984 colum-

427 4033 525 4073 nas
553 4027 747 4085 septem
760 4016 831 4081 '°,
861 4027 917 4073 et
949 4030 1071 4085 qua:
1098 4017 1184 4072 his
1213 4017 1536 4088 congemina
1564 4016 1618 4071 in
1659 4018 1852 4074 eodem
1882 4020 2020 4076 libro

428 4105 794 4175 reperiuntur.
837 4103 1052 4175 Ubique
1110 4104 1389 4161 indeﬁnite
1447 4114 1677 4160 vocatur
1705 4104 2017 4177 Sapientia,

2134 3018 2343 3092 6ηκότα
2373 3021 2434 3073 ὲν
2480 3018 2561 3091 τῷ
2607 3017 2748 3090 Θεῷ,
2794 3018 2910 3074 ἀλλ’
2936 3019 3013 3083 ὡς
3058 3017 3350 3089 ὑφεστῶτα
3389 3017 3487 3069 κού⁵
3520 3015 3743 3080 ζῶντα·

2129 3112 2212 3166 διὸ
2241 3111 2504 3181 ἐπιλέγει,
2535 3112 2649 3168 Καὶ
2688 3112 2835 3180 Θεὸς
2859 3108 2940 3182 ἦν
2965 3113 2998 3166 ὁ
3023 3112 3237 3181 Λόγος,
3278 3110 3381 3164 οὐκ
3416 3107 3618 3172 εἰπὼν,
3642 3110 3745 3163 καὶ

2132 3206 2281 3261 Θεοῦ
2294 3203 2373 3277 ἦν
2393 3209 2426 3260 ό
2459 3207 2669 3277 Λόγος.
2704 3205 2862 3260 Οὕτω
2896 3205 2992 3259 καὶ
3029 3203 3124 3257 ἐπὶ
3145 3203 3243 3275 τῆς
3278 3201 3502 3270 Σοφεας·
3531 3199 3594 3252 ἓν
3627 3200 3742 3272 γὰρ

2128 3298 2224 3352 καὶ
2246 3296 2445 3350 ταύτὸν
2462 3292 2533 3370 ἦν
2553 3284 2735 3361 ὁΘεὸς
2754 3296 2929 3366 Λόγος
2951 3296 3046 3350 καὶ
3065 3297 3099 3367 ἡ
3121 3294 3314 3364 Σοφία.
3332 3293 3424 3346 Διὸ
3449 3292 3748 3354 timidam;

2127 3392 2187 3445 ἐν
2209 3393 2331 3455 ταῖς
2344 3390 2679 3462 Παροιμίαις
2708 3387 3057 3461 ὀνομάζεται,
3092 3385 3149 3439 ἔν
3183 3402 3244 3439 τε
3283 3387 3397 3448 τοῖς
3422 3384 3749 3456 προτεθεῖσα

2127 3484 2314 3554 ῥητοῖς
2341 3498 2354 3513 ο
2374 3482 2434 3534 οὺ
2457 3481 2566 3554 μὴν
2590 3480 2726 3535 ἀλλὰ
2753 3481 2850 3535 καὶ
2862 3480 2930 3534 δι’
2952 3473 3027 3534 ὧν
3047 3478 3158 3552 (59)
3194 3477 3384 3532 τοῦτον
3398 3479 3623 3549 εἴρηται
3648 3479 3751 3532 τὸν

2122 3571 2344 3643 τρόπον’
2365 3569 2668 3639 Μακάριος
2686 3568 2840 3639 ἀνὴρ
2856 3568 2924 3636 ὃς
2940 3563 3079 3638 εὗρε
3094 3568 3344 3638 Σοφίαν·
3366 3567 3482 3630 καὶ,
3502 3567 3569 3620 '0
3591 3567 3751 3633 Θεὸς

2122 3660 2201 3731 τῇ
2220 3663 2413 3733 Σοφίᾳ
2439 3662 2800 3731 ἐθεμελίωσε
2825 3661 2943 3730 τὴν
2970 3660 3109 3731 γῆν·
3126 3661 3242 3725 καὶ,
3263 3655 3457 3714 Εἷπον
3472 3657 3596 3728 τὴν
3626 3663 3749 3714 Σο·-

2121 3751 2269 3820 φίαν
2279 3750 2390 3824 (60)
2404 3751 2530 3821 σὴν
2543 3751 2821 3821 ἀδελφὴν
2830 3748 3002 3806 εἶναι·
3019 3751 3227 3816 καὶ,Σὺ
3243 3750 3607 3820 τὴνΣοφίαν
3634 3752 3749 3820 κή-

2112 3843 2328 3910 ρυξον,
2345 3842 2446 3896 ἵνα
2456 3842 2755 3912 φρόνησίς
2765 3859 2861 3896 σοι
2875 3841 3368 3910 ἐπακολουθήσῃί
3384 3842 3500 3905 καί,
3513 3842 3749 3908 Κρείον-

2120 3932 2570 4004 σωνγὰρΣοφία
2582 3933 2768 3989 ,λιθῶν
2778 3934 3153 3988 πολυτελῶνο
3169 3934 3285 3999 καί,
3302 3934 3365 3990 Ἡ
3380 3933 3749 4003 Σοφιάᾠκο-

2119 4024 2389 4095 δόμησεν
2416 4025 2603 4096 ἑαυτῇ
2617 4022 2805 4092 οἶκον,
2828 4026 2931 4081 καὶ
2950 4025 3247 4095 ὐπήρεισε
3269 4027 3542 4091 στόλους
3559 4025 3744 4088 ἑπτὰ,

2120 4121 2216 4173 καὶ
2232 4117 2367 4174 ἄλλα
2393 4120 2605 4185 τούτοις
2632 4118 2839 4190 ἀδελφὰ
2856 4122 2914 4175 ὲν
2939 4122 3005 4192 τῇ
3029 4120 3167 4192 αὐτῇ
3193 4119 3420 4191 φέρεται
3441 4117 3640 4191 βίϐλῳ.
3660 4120 3745 4173 Δι’

425 4211 697 4267 nusquam
730 4212 884 4263 vero,
931 4197 1026 4251 Dei
1052 4194 1351 4262 Sapientia,
1384 4205 1444 4251 ut
1469 4211 1536 4252 ne
1576 4197 1728 4253 illam
1758 4200 2016 4256 accidens
2047 4253 2064 4309 l

429 4287 693 4309 ___-J,I-_
749 4286 854 4309 n--
888 4289 1247 4309 -_l.:._-__--_-
1289 4296 1343 4309 --ι
1383 4287 1662 4309 --2-..ιε---
1702 4289 1752 4309 2..
1787 4291 1897 4309 --ι-μ
1937 4292 1977 4309 ον

2186 4229 2196 4260 ι
2223 4211 2464 4284 οὐδαμοῦ
2484 4212 2680 4283 Σοφία
2708 4212 2856 4267 Θεοῦ
2888 4212 3230 4284 ὠνόμασταιο
3252 4210 3390 4265 ἀλλὰ
3402 4211 3745 4284 ἀδιορίστως

423 4287 697 4358 quoddam
747 4286 859 4343 Deo
886 4289 1249 4354 arbitremur;
1289 4296 1350 4343 ut
1382 4287 1667 4344 scientiam
1702 4289 1756 4345 in
1787 4291 1905 4346 viro
1936 4292 2019 4347 in-

426 4379 689 4451 telligenti
717 4396 733 4434 :
761 4379 859 4435 sed
908 4379 1297 4435 subsistentem
1337 4389 1393 4436 et
1437 4380 1615 4435 vivam
1651 4380 2012 4452 Sapientiam,

421 4469 671 4524 eamdem
702 4467 881 4538 ipsam
913 4483 1035 4522 cum
1072 4467 1211 4524 Filio
1244 4469 1362 4526 Dei.
1395 4470 1549 4538 Quod
1587 4471 1634 4526 si
1668 4473 1791 4544 quis
1827 4476 2015 4531 existi-

422 4570 536 4617 met
563 4562 705 4640 bane
725 4559 1060 4631 Sapientiam
1086 4561 1330 4616 habitum
1356 4575 1478 4618 esse
1498 4564 1790 4634 quemdam
1820 4565 1873 4620 in
1902 4566 2015 4623 Deo

423 4654 745 4726 sapientem,
778 4654 1076 4709 secundum
1122 4669 1281 4724 quem
1336 4655 1537 4711 dicitur
1569 4655 1716 4711 Deus
1751 4659 1966 4727 sapiens
1995 4677 2010 4715 :

422 4745 610 4801 audiat
658 4744 704 4800 is
755 4745 1095 4814 Scriptorum
1148 4747 1445 4813 dicentem,
1500 4746 1630 4803 Dixi
1684 4747 2014 4820 Sapientiam

420 4853 655 4892 sororem
702 4838 926 4893 tuam“.
964 4838 1098 4904 Quis
1144 4854 1275 4894 vero
1323 4840 1460 4895 adeo
1489 4839 1619 4895 velit
1657 4841 1921 4908 insanire,
1954 4853 2013 4897 ut

425 4928 592 4985 Deum
622 4929 922 4997 existimet,
953 4930 1045 5002 qui
1077 4940 1160 4988 est
1202 4946 1369 5004 super
1398 4932 1603 4997 omnia.
1637 4942 1693 4989 et
1737 4949 1893 4989 suam
1927 4951 2017 4991 sa-

499 5140 559 5209 ﬁt
593 5135 693 5191 Ed.
726 5135 926 5201 Paris.,
963 5155 1086 5209 pag.
1136 5141 1261 5207 H9,
1294 5142 1421 5198 150.

892 5209 924 5226 ρ

421 5203 470 5236 ⁸⁸
498 5206 657 5261 Prov.
701 5222 851 5273 xm,
891 5209 946 5264 5.

496 5382 613 5452 (δι)
639 5380 813 5452 Vulgo
846 5399 958 5440 om.
985 5386 1064 5440 δέ.

640 5446 808 5528 Vulgo
823 5456 1252 5528 ὑπερουρανίων.

493 5523 615 5610 (ἥδ)
657 5523 1126 5610 ᾘνίκαιίὸςχυρὰ
1165 5528 1376 5610 expiat.
1423 5531 1644 5610 Rectius
1695 5540 1835 5610 apud
1864 5556 1993 5608 LXX,

433 5592 633 5677 ᾘνίκα
664 5595 897 5677 longe}
946 5592 1145 5677 exalet
1186 5599 1264 5654 τὰ
1288 5600 1442 5677 ’ἄνω
1496 5603 1689 5677 νέφη*

419 5664 746 5750 «tergaest:
761 5665 940 5750 ῥτίθεξ
978 5668 1193 5750 Απηγςὶς
1241 5669 1352 5750 τῆς
1407 5673 1510 5750 agr
1553 5664 1827 5750 ῥὺρανόν
1853 5698 1868 5714 ο
1896 5664 1996 5735 καὶ

425 5731 646 5801 ἰσχυρὰ
668 5734 855 5788 ἐποίει
878 5734 953 5791 τὰ
969 5731 1214 5809 θεμέλια
1240 5731 1351 5810 τῆς
1379 5741 1511 5813 γῆς.
1546 5731 1826 5812 Quomodo
1855 5731 1992 5808 etin

1532 5143 1581 5177 ⁸³
1608 5141 1763 5200 Joan.
1796 5161 1840 5211 ι,
1868 5146 1923 5203 Ι.
2002 5148 2052 5181 ⁸⁸
2073 5149 2206 5209 ibid.

1052 5211 1097 5244 ⁸⁸
1124 5211 1286 5269 Prov.
1332 5228 1414 5280 ιιι,
1446 5214 1534 5269 15.
1623 5215 1671 5247 ⁸⁸
1699 5212 1859 5291 Prov.
1894 5234 1974 5287 ix,
2016 5220 2069 5277 i.
2147 5223 2189 5256 ⁹¹
2218 5220 2383 5277 Prov.
2419 5238 2516 5290 vn,
2556 5223 2613 5278 4.

2122 4306 2158 4376 ῂ
2171 4304 2362 4375 Σοφία,
2376 4305 2463 4359 ἵνα
2482 4307 2557 4378 μὴ
2576 4305 2639 4359 σύ
2647 4305 2842 4379 μϐαμά
2857 4323 2909 4359 τι
2924 4304 3241 4378 νομίσωμεν
3254 4304 3425 4377 αὐτὴν
3442 4300 3593 4359 εἶναι
3608 4306 3743 4378 περὶ

2122 4394 2213 4448 τὸν
2248 4394 2403 4460 Θεὸν,
2435 4395 2511 4461 ὡς
2532 4397 2590 4450 ἐν
2613 4396 2691 4469 τῷ
2713 4398 3041 4470 ὲπιστήμονι
3072 4397 3229 4469 ιίινδρ)⁵
3262 4396 3361 4468 τὴν
3386 4398 3741 4469 ἐπιστήμην,

2115 4485 2570 4557 ἀλλ’ὑφεστῶσαν
2594 4491 2690 4542 καὶ
2707 4487 2888 4555 ζῶσαν
2922 4489 3123 4559 Σοφίαν
3135 4488 3234 4560 τὴν
3250 4488 3422 4561 αὐτὴν
3443 4485 3621 4544 οὖσαν
3656 4490 3743 4560 τῷ

2122 4578 2240 4651 Υίῷ
2266 4579 2359 4633 τοῦ
2386 4580 2542 4636 Θεοῦ.
2566 4582 2630 4635 Ei
2652 4581 2711 4636 δέ
2732 4599 2817 4646 τις
2849 4580 2962 4648 ἕξιν
2999 4583 3058 4637 ὲν
3085 4579 3164 4654 τῷ
3190 4582 3311 4652 Θεῷ
3339 4582 3511 4655 σοφὴν
3549 4583 3685 4638 καθ’
3709 4584 3740 4636 ὅ

2121 4670 2350 4743 νοοῦμεν
2376 4673 2467 4726 τὸν
2498 4672 2632 4728 Θεὸν
2668 4672 2831 4744 σοφὸν
2862 4673 3125 4727 ὑπολάϐοι
3166 4668 3306 4727 εἶναι
3350 4673 3451 4746 τὴν
3483 4675 3740 4730 ἐνταῦθα.

2112 4759 2422 4835 λεγομένην
2438 4764 2656 4833 Σοφίαν,
2693 4765 3054 4820 ἐπακουσάτω
3072 4764 3339 4835 λεγούσης
3353 4765 3456 4837 τῆς
3472 4765 3734 4837 Γραςῆς,

2108 4845 2312 4906 ,Εἶπον
2348 4850 2465 4920 τὴν
2492 4854 2721 4922 Σοφίαν
2752 4854 2879 4923 σὴν
2915 4854 3191 4923 ἀδελφὴν
3222 4850 3398 4910 εἶναι.
3442 4854 3545 4919 Τίς
3587 4855 3635 4909 δ’
3668 4855 3735 4908 ἂν

2121 4940 2265 4996 οὕτω
2293 4944 2510 5015 μανείη,
2542 4945 2619 5010 ὡς
2647 4946 2739 5001 τὸν
2772 4948 2866 5001 ἐπὶ
2914 4946 3135 5001 πάντων
3176 4946 3310 5000 Θεὸν
3329 4988 3345 5012 ,
3388 4948 3486 5001 καί
3534 4946 3644 5018 τὴν
3672 4948 3733 4999 ἐν

2321 5151 2370 5184 ⁸⁸
2387 5152 2554 5207 Prov.
2585 5168 2667 5221 Ill,
2694 5153 2784 5210 15.
2810 5153 2857 5186 ⁸⁵
2877 5153 3013 5209 ibid.
3046 5153 3136 5209 19.
3243 5152 3289 5184 ⁸⁷
3317 5151 3484 5211 Prov.
3527 5168 3639 5218 vn,
3674 5152 3730 5206 ί.

2095 5401 2549 5543 1Βοιιίιιίτιιιο
2580 5400 2877 5473 legebatur.
2912 5401 3094 5478 M.[Et
3119 5403 3234 5461 haec
3261 5403 3318 5461 iu
3364 5412 3583 5461 textum
3635 5422 3731 5463 re-

2320 5543 2495 5615 ‘Yulgo
2522 5542 2633 5596 τῶν
2668 5543 2828 5615 ἀνθρ.

2170 5613 2283 5686 (58)
2318 5613 2484 5686 ιζυιεο
2517 5615 2759 5686 εἴρηται.

2172 5618 2262 5682 (58
2318 5618 2484 5684 Vulgo
2517 5618 2729 5686 εἴρηται

2172 5618 2286 5757 (59;
2322 5684 2496 5757 Vulgo
2521 5683 2704 5737 τοῦτο.
2728 5754 2729 5757 η

2170 5753 2282 5832 (σία)
2324 5753 2490 5826 vulgo
2518 5759 2631 5826 τήν.
