3828 6222
176 314 283 372 975

1194 316 1284 373 DE
1324 315 1866 374 ECCLESIASTICA
1907 317 2302 377 THEOLOGIA
2339 320 2472 379 LIB.
2512 320 2602 377 111.

3352 326 3460 385 974
3572 392 3589 402 ,

172 432 327 506 αὐτῷ
354 431 468 505 (61)
502 432 674 506 σοφὴν
701 430 814 499 ἕξιν
853 433 1150 489 ὑπολαϐεῖν
1182 433 1417 507 ἀδελφην
1441 432 1550 488 τῶν
1583 433 1641 488 ὲν
1666 433 1733 488 ἀν

1867 434 2148 505 pientiam,
2173 450 2419 497 sororem
2447 435 2597 492 dicat
2623 434 2944 491 nominatim
2974 435 3216 492 habitum
3266 450 3457 495 eorum

174 524 418 599 θρώποις
449 525 859 599 κατορθούντων
884 525 1174 597 λέγεσθαι;
1201 527 1266 580 El
1290 526 1350 581 δὲ
1375 526 1468 580 ἐπὶ
1503 525 1596 578 τὸν
1629 526 1769 598 Χρι-

175 619 302 674 στὸν
332 618 430 673 τοῦ
458 617 596 672 Θεοῦ
631 618 886 683 ἒκλάὸοις
923 619 985 673 τὸ
1017 618 1330 692 εἰρημένον,
1375 616 1611 691 Χριστὸς
1661 617 1771 689 γὰρ

174 710 313 767 Θεοῦ
337 713 567 782 δύναμις
597 712 693 766 καὶ
733 711 870 766 Θεοῦ
901 713 1102 782 Σοφία,
1138 711 1291 765 οὐδὲν
1332 711 1584 783 ἐμποδὼν
1619 710 1770 763 ἔσται

171 808 245 878 τῇ
291 804 531 876 διανοίᾳ,
573 803 697 859 ἐπεὶ
731 806 826 861 καὶ
864 804 963 876 τὴν
994 804 1132 878 πρὸς
1172 806 1320 877 ἡμᾶς
1348 805 1451 858 οὐκ
1490 804 1770 858 ἀναίνεται

175 898 519 971 ἀδελφότητα
567 898 634 953 δι’
665 898 972 971 ὑπερϐολὴν
1021 898 1456 971 φιλανθρωπίας.
1515 899 1580 952 El
1611 898 1689 952 δὲ·
1711 898 1770 952 ἓν

174 992 275 1047 καὶ
293 991 487 1046 ταύτὸν
509 986 578 1060 ἦν
610 991 639 1043 ό
663 989 819 1056 Θεὸς,
858 992 954 1046 καὶ
990 993 1025 1063 ή
1053 992 1112 1046 ὲν
1131 993 1254 1054 ταῖς
1282 991 1614 1062 Παροιμίαις
1657 991 1770 1044 εἰσ-

172 1083 420 1155 αγομένη
433 1082 605 1153 Σοφία
616 1081 728 1149 ἕξις
744 1079 879 1137 οὖσα
901 1084 1040 1155 σοφὴ
1068 1085 1126 1137 ὲν
1156 1083 1305 1154 αὐτῷ
1328 1082 1613 1156 νοουμένη,
1635 1082 1770 1137 καθὸ

174 1169 343 1239 σοφὸς
369 1172 398 1224 ό
427 1171 580 1234 Θεὸς,
614 1171 668 1224 τί
693 1170 931 1225 ἐκώλυεν
960 1172 1082 1226 ἀντὶ
1123 1175 1226 1245 τῆς
1274 1172 1474 1242 Σοφίας
1518 1173 1609 1227 τὸν
1635 1172 1768 1226 Θεὸν

170 1262 609 1335 ἀναγεγράφθαι;
626 1261 767 1317 ὥστε
778 1264 859 1331 τὸ,
893 1265 954 1318 Ἠ
966 1265 1157 1334 Σοφία
1176 1264 1564 1334 ᾠκοδόμησεν
1582 1264 1770 1336 ἑαυτῇ

168 1350 365 1421 οἷκον,
388 1354 485 1408 καὶ
518 1354 813 1423 ὺπήρεισε
840 1356 1109 1424 στύλους
1135 1355 1305 1422 ἑπτὰ,
1335 1360 1430 1410 καὶ
1458 1358 1526 1411 τά
1560 1358 1769 1424 τούτοις

172 1447 499 1519 συνημμένα
534 1448 784 1520 εἰρῆσθαι
817 1449 939 1504 ἀντὶ
966 1448 1084 1515 τοῦ,
1121 1449 1173 1502 '0
1203 1450 1350 1515 Θεὸς
1377 1450 1769 1523 ᾠκοδόμησεν

169 1536 368 1603 ἐαυτῷ
381 1534 569 1608 οἷκον,
584 1541 679 1595 καὶ
700 1540 769 1594 τὰ
791 1540 920 1613 ἑξῆς
946 1558 960 1571 ·
985 1545 1083 1595 καὶ
1106 1541 1270 1595 πάλιν
1295 1543 1420 1596 ἀντὶ
1437 1544 1551 1598 τοῦ·
1575 1543 1767 1601 Εἶπον

168 1629 291 1700 τὴν
320 1631 548 1699 Σοφίαν
580 1631 707 1700 σὴν
735 1629 1016 1701 ἀδελφὴν
1044 1627 1229 1699 εἷναι,
1266 1632 1517 1705 λελέχθαι
1541 1676 1555 1701 ,
1576 1632 1766 1691 Εἶπον

165 1722 283 1776 τόν
314 1722 464 1777 Θεὸν
494 1724 612 1777 σὸν
637 1723 910 1793 ἀδελφὸν
939 1720 1114 1780 εἶναι.
1169 1724 1310 1778 Ἀλλ’
1357 1728 1492 1799 ὁρᾷς
1539 1728 1615 1792 ὡς
1664 1729 1763 1802 τὴν

166 1813 344 1886 ἀκοὴν
387 1814 612 1888 πλήττει
656 1818 688 1886 ή
730 1815 953 1888 τοιαύτη
989 1817 1164 1888 φωνὴ,
1208 1818 1309 1871 οὐκ
1345 1817 1546 1889 ἔχουσα
1591 1820 1763 1892 ἁρμο-

165 1905 312 1961 νίαν.
338 1908 469 1962 Εἰδ⁹
501 1908 595 1962 ἐπὶ
618 1908 711 1961 τὸν
739 1909 867 1963 Υἱὸν
891 1909 1143 1974 ἐκλάϐοις
1164 1910 1232 1964 τά
1262 1910 1442 1979 λόγια,
1467 1912 1633 1976 αὐτὸς
1649 1913 1762 1985 γὰρ

164 1992 240 2069 ἦν
266 1999 301 2070 ή
337 1999 526 2069 Σοφία,
570 1999 748 2053 πάντα
785 2017 868 2053 σοι
907 1999 1185 2073 εὐροήσει,
1217 2000 1445 2072 μηδενὸς
1468 2001 1762 2067 δυσσεϐοῦς

163 2092 441 2164 νοήματος
493 2090 745 2164 ἐμποδὼν
808 2092 1096 2164 ἱσταμένου
1120 2132 1135 2159 ,
1162 2094 1761 2167 συνεπιμαρτυροῦντος

160 2185 263 2239 τοῦ
302 2185 598 2240 ἀποστόλου
642 2183 879 2251 Παύλου,
923 2184 982 2250 ὃς
1028 2184 1120 2239 τὸν
1165 2186 1395 2258 Σωτῆρα
1425 2187 1520 2241 καὶ
1554 2188 1759 2260 Κύριον

161 2278 327 2350 ¹ἡμῶν
368 2276 575 2348 Ἰησοῦν
602 2277 837 2352 Χριστὸν
869 2278 1098 2350 λαμπρᾷ
1118 2280 1186 2351 τῇ
1221 2280 1372 2350 φωνῇ
1405 2279 1604 2350 Σοφίαν
1625 2279 1761 2334 ὠνό-

164 2387 344 2442 μασεν
373 2367 562 2425 εἰπών’
590 2369 844 2439 Χριστὸς
871 2369 1018 2424 Θεοῦ
1052 2369 1307 2440 δύναμις
1339 2370 1439 2425 καὶ
1473 2371 1622 2428 Θεοῦ
1651 2376 1761 2428 Σο-

160 2462 297 2530 φία.
321 2460 539 2516 Τούτων
569 2455 674 2516 ὧδέ
723 2479 802 2533 πη
852 2462 1420 2534 κατασκευασμένων,
1465 2462 1759 2519 ἀκόλουθόν

159 2554 285 2607 ἐστι
308 2552 449 2628 μετά
470 2554 579 2608 τῶν
600 2553 1039 2628 προεκτεθέντων
1073 2555 1350 2619 ἁπάντων,
1378 2552 1438 2621 ἐξ
1470 2556 1634 2610 αὐτοῦ
1662 2556 1758 2611 τοῦ

158 2645 465 2720 προσώπου
491 2647 585 2701 καὶ
613 2646 694 2713 τό,
734 2648 948 2717 Κύριος
979 2647 1184 2702 ἐκτισέ
1230 2664 1307 2717 με
1349 2648 1549 2718 ἀρχὴν
1602 2646 1760 2703 ὁδῶν

157 2736 353 2793 αὐτοῦ
381 2739 467 2803 είς
492 2730 639 2809 ἔργα
668 2737 879 2801 αὐτοῦ,
910 2736 1194 2808 λελέχθαι·
1240 2739 1290 2791 εξ
1319 2738 1376 2792 δὲ
1407 2738 1554 2808 λέγοι
1607 2740 1759 2793 ὲκτίο

160 2828 293 2883 σθαι
338 2827 450 2900 (62)
491 2830 707 2896 ἑαυτὸν,
748 2830 849 2901 οὐχ
883 2830 959 2895 ὡς
1005 2834 1071 2887 ἐκ
1111 2829 1207 2884 τοῦ
1261 2831 1336 2903 μὴ
1381 2831 1533 2896 ὄντος
1575 2834 1657 2897 εἰς
1696 2832 1760 2887 τὸ

156 2918 307 2977 εἶναι
352 2921 662 2994 παρελθὼν,
695 2922 841 2977 τοῦτ’
873 2922 939 2978 ἂν
971 2923 1136 2989 εἴποι,
1167 2924 1279 2978 οὐδ’
1305 2924 1382 2987 ὡς
1408 2924 1609 2997 ὁμοίως
1641 2928 1756 2991 τοῖς

154 3015 371 3080 λοιποῖς
404 3014 687 3090 κτίσμασι,
723 3016 819 3070 καὶ
861 3015 1026 3079 αὐτὸς
1057 3017 1126 3069 ὲκ
1162 3015 1257 3069 τοῦ
1305 3015 1381 3088 μὴ
1413 3016 1566 3080 ὄντος
1593 3033 1757 3087 γεγο-

153 3105 293 3172 νὼς,
378 3125 523 3173 τινες
549 3108 650 3162 οὐκ
673 3107 848 3183 ὀρθῶς
871 3106 1256 3179 ὑπειλήφασιν,
1274 3107 1389 3162 ἀλλ’
1410 3109 1483 3173 ὡς
1508 3107 1757 3178 ὑφεστὼς
1783 3147 1825 3206 c

157 3199 267 3271 μὲν
312 3200 408 3253 καὶ
452 3199 581 3267 ζῶν,
627 3198 812 3271 προών
851 3216 912 3252 τε
955 3199 1052 3252 καὶ
1090 3201 1461 3274 προῦπάρχων
1508 3201 1612 3271 τῆς
1654 3200 1750 3253 τοῦ

154 3290 370 3355 πάντος
398 3289 603 3364 κόσμου
641 3290 974 3355 συστάσεως,
1003 3291 1192 3363 ἄρχειν
1227 3291 1283 3345 δὲ
1312 3292 1422 3346 τῶν
1465 3292 1602 3346 ὅλων
1644 3291 1753 3345 ὑπὸ

151 3384 373 3458 Κυρίου
388 3383 482 3438 τοῦ
511 3382 674 3439 αὐτοῦ
694 3385 905 3457 Πατρὸς
928 3383 1404 3457 κατατεταγμένος
1426 3401 1440 3415 ο
1460 3383 1577 3451 τοῦ,
1596 3385 1755 3439 ἐκτι-

155 3490 300 3544 σεν,
333 3477 568 3533 ἐνταῦθα
603 3477 724 3532 ἀντὶ
752 3477 871 3545 τοῦ,
904 3477 1252 3543 κατέταξεν,
1289 3477 1323 3551 ἢ
1349 3478 1750 3547 κατέστησεν,

153 3571 476 3644 εἰρημένου.
509 3571 815 3646 Διαρρήδην
828 3570 959 3641 γοῦν
981 3572 1107 3636 τοὺς
1131 3572 1190 3625 ὲν
1220 3570 1529 3643 ἀνθρώποις
1559 3571 1753 3644 ἄρχον-

151 3680 260 3729 τας
289 3665 384 3721 καὶ
412 3665 688 3737 ἡγεμόνας
718 3665 896 3721 κτίσιν
916 3663 1201 3737 ὠνόμασεν
1228 3665 1257 3717 ὁ
1285 3663 1456 3718 εἰπὼν
1489 3664 1752 3718 Ἀπόστο-

151 3760 272 3825 λος
326 3756 693 3828 Ὑποτάγητε
737 3755 907 3827 πάσῃ
955 3755 1150 3811 κτίσει
1199 3755 1545 3826 ἀνθρωπίνῃ
1572 3795 1586 3822 ,
1651 3754 1751 3811 διὰ

150 3851 271 3907 τὸν
312 3850 561 3919 Κύριον·
601 3847 725 3903 εἴτε
747 3847 1024 3914 βασιλεῖ,
1072 3849 1153 3913 ὡς
1196 3845 1583 3917 ὑπερέχοντι·
1629 3845 1751 3900 εἴτε

150 3941 474 4015 ἡγεμόσιν,
500 3940 581 4006 ὡς
613 3938 689 3993 δι’
713 3938 903 3994 αὑτοῦ
926 3937 1352 4009 πεμπομένοις.
1378 3936 1487 3991 Καὶ
1512 3936 1541 3989 ό
1578 3934 1749 3990 εἰπὼν

149 4034 214 4088 δὲ
226 4032 537 4104 προφήτης,
566 4026 902 4099 Ἑτοιμάζου
923 4028 1031 4083 τοῦ
1046 4028 1461 4084 ἐπικαλεῖσθαι
1475 4024 1585 4082 τὸν
1600 4027 1749 4081 Θεόν

149 4137 276 4180 σου
329 4120 598 4191 Ἰσραήλ⁸
630 4119 784 4175 διότι
834 4119 963 4176 ἰδοὺ
997 4119 1263 4189 στερεῶν
1299 4120 1593 4188 βρόντην,
1642 4116 1745 4172 καὶ

147 4213 367 4279 κτίζων
393 4212 652 4283 πνεῦμα,
686 4212 786 4267 καὶ
839 4211 1231 4285 ἀναγγέλλων
1258 4213 1345 4278 είς
1395 4209 1748 4279 ἀνθρώπους

148 4308 265 4363 τὸν
289 4305 553 4375 Χριστὸν
592 4304 798 4360 αὐτοῦ.
829 4305 943 4358 Καὶ
971 4304 1053 4369 τὸ,
1088 4301 1387 4375 Γραφήτω
1428 4301 1541 4375 (63)
1589 4302 1746 4371 αὕτη

144 4402 240 4466 εις
278 4398 496 4469 γενεὰν
516 4397 748 4467 ἑτέραν,
776 4395 877 4451 καὶ
905 4395 1056 4465 λαὸς
1085 4399 1119 4451 ό
1149 4394 1488 4465 κτιζόμενος
1516 4393 1747 4449 αἰνέσει

1870 526 1961 597 qui
2014 526 2157 583 inter
2208 527 2458 584 homines
2531 538 2682 583 recta
2761 528 3100 598 operantur?
3132 527 3284 597 Quod
3315 531 3460 585 side

1869 619 2088 676 Christo
2119 620 2214 676 Dei
2256 621 2491 690 accipiat
2521 622 2646 691 quis
2687 620 2821 676 illud
2860 619 3064 676 dictum
3094 639 3109 676 :
3134 604 3261 677 nam
3291 620 3459 677 Chri-

1869 720 1988 766 stus
2036 709 2131 766 Dei
2185 720 2425 778 potestas
2469 720 2556 767 cst
2598 719 2653 765 et
2697 710 2999 782 Sapientia,
3051 710 3188 767 nihil
3232 711 3459 783 impedit

1871 802 2011 859 hanc
2055 803 2492 876 intelligentiam,
2538 803 2978 874 quandoquidem
3025 806 3095 859 ob
3127 805 3456 861 immensum

1870 912 2028 953 suum
2065 897 2119 952 in
2164 897 2465 953 humanum
2508 912 2678 968 genus
2726 912 2965 953 amorem
3021 913 3127 953 non
3185 900 3459 955 recusavit

1869 988 2014 1061 hanc
2059 989 2482 1046 fraternitatem.
2531 991 2684 1059 Quod
2733 992 2778 1049 si
2825 1007 2988 1047 unum
3039 1000 3158 1046 erat
3198 992 3454 1063 idemque

1870 1085 2036 1151 Deus,
2067 1094 2121 1140 et
2160 1100 2282 1156 qua:
2322 1087 2376 1140 in
2419 1085 2728 1143 Proverbiis
2760 1086 3123 1143 introducitur
3150 1086 3453 1158 Sapientia,

1869 1192 1992 1248 quae
2019 1178 2236 1249 sapiens
2265 1178 2485 1249 quidam
2532 1179 2753 1235 habitus
2782 1190 2867 1236 est
2896 1181 2951 1236 in
2989 1179 3079 1236 illo
3107 1180 3452 1245 intellectus,

1868 1271 1924 1325 in
1951 1281 2216 1340 quantum
2246 1270 2391 1327 Deus
2438 1272 2677 1341 sapiens.
2711 1273 2842 1342 quid
2871 1273 3126 1339 prohibet
3162 1273 3330 1328 Deum
3361 1272 3456 1329 hic

1866 1378 1965 1434 pro
1999 1361 2279 1434 Sapientia
2322 1364 2546 1421 rescribi
2576 1382 2591 1420 :
2624 1375 2682 1420 ut
2721 1366 2802 1421 sic
2843 1366 2934 1421 ubi
2979 1366 3181 1421 dictum
3211 1375 3319 1433 est,
3352 1363 3457 1421 Sa-

1865 1454 2063 1522 pientia
2092 1454 2372 1525 aediﬁcavit
2405 1456 2510 1510 sibi
2552 1457 2787 1522 domum,
2818 1467 2866 1511 et
2900 1441 3149 1511 solidavit
3177 1456 3452 1511 columnas

1864 1556 2077 1617 septem,
2112 1557 2168 1601 et
2190 1563 2310 1617 qua:
2331 1555 2655 1619 sequuntur,
2676 1549 2879 1603 dictum
2911 1548 2982 1602 sit
3008 1562 3128 1618 pro,
3155 1545 3296 1601 Deus
3321 1548 3455 1601 ardi-

1865 1639 2039 1709 ﬁcavit
2083 1639 2183 1694 sibi
2208 1640 2603 1709 domum,etc.;
2640 1648 2696 1695 et
2725 1641 2919 1696 iterum
2952 1654 3049 1711 pro
3075 1653 3160 1705 eo,
3193 1638 3318 1693 Dixi
3343 1637 3452 1694 Sa—

1865 1730 2119 1799 pientiam
2139 1748 2372 1786 sororem
2400 1743 2570 1799 tuam,
2602 1732 2837 1795 dicatur,
2877 1731 3002 1786 Dixi
3037 1732 3203 1787 Deum
3229 1731 3451 1802 fratrem

1795 1802 1836 1857 Β
1865 1833 2032 1877 tuum.
2062 1823 2168 1878 Sed
2203 1832 2261 1877 ut
2290 1839 2450 1879 aures
2482 1823 2759 1894 percutiat
2788 1823 2889 1879 ista
2922 1823 3110 1889 dictio,
3143 1824 3295 1880 vides
3338 1832 3450 1877 tam

1864 1911 2177 1984 incongrua.
2237 1911 2390 1981 Quod
2439 1913 2486 1969 si
2536 1913 2605 1969 de
2660 1912 2800 1969 Filio
2854 1912 3190 1987 Sapientiam
3239 1913 3449 1983 capias,

1861 2006 2042 2060 omnia
2077 2006 2214 2060 bene
2245 2005 2414 2060 liuent
2442 2023 2458 2060 :
2488 2019 2590 2061 nec
2619 2013 2876 2061 occurret
2899 2004 2994 2060 tibi
3027 2004 3323 2075 quidquam
3357 2001 3450 2057 hic

1862 2096 2174 2165 impietatis,
2206 2112 2330 2153 cum
2366 2098 2652 2169 perhibeat
2702 2096 2797 2153 tibi
2834 2097 3205 2153 testimonium
3250 2096 3450 2151 beatus

1860 2187 2057 2244 Paulus
2082 2188 2491 2261 apostolus,qui
2509 2188 2831 2261 pronuntiat
2851 2189 2997 2245 clare
3019 2187 3368 2244 Servatorem
3392 2194 3451 2242 et

1861 2276 2147 2334 Dominum
2178 2286 2421 2335 nostrum
2452 2277 2636 2334 Jesum
2662 2277 2944 2334 Christum
2987 2278 3080 2333 Dei
3111 2276 3449 2346 Sapientiam

1860 2373 2276 2439 nominandum,
2327 2372 2419 2427 ubi
2461 2373 2559 2438 ait,
2593 2360 2836 2427 Christus
2869 2370 2962 2425 Dei
3006 2370 3239 2442 potentia
3270 2379 3318 2424 et
3347 2367 3449 2424 Sa—

1857 2467 2058 2540 pientia
2078 2468 2146 2522 “.
2173 2466 2270 2522 llis
2297 2468 2362 2523 ad
2395 2469 2539 2523 hunc
2568 2466 2783 2522 modum
2816 2465 2888 2519 ita
2921 2463 3319 2535 apparatis,ad
3351 2477 3447 2517 su-

1856 2551 2042 2630 perius
2069 2560 2341 2630 proposita
2377 2573 2717 2630 consequens
2754 2568 2837 2613 est
2877 2556 3000 2623 hoc,
3026 2556 3286 2611 Dominus
3315 2572 3446 2610 con-

1859 2650 1999 2706 didit
2028 2667 2111 2706 me
2130 2652 2449 2721 principium
2478 2652 2681 2706 viarum
2709 2666 2930 2704 suarum
2958 2650 3026 2704 ad
3050 2665 3207 2718 opera
3232 2648 3348 2718 ejus
3372 2647 3445 2715 ⁸⁸,

1860 2758 1892 2799 e
1946 2758 2179 2815 persona
2226 2741 2345 2813 ejus
2390 2743 2665 2814 usurpari.
2701 2742 2856 2811 Quod
2886 2742 2931 2797 si
2977 2742 3127 2797 dicat
3163 2742 3444 2798 conditum

1860 2834 2009 2890 illum
2037 2834 2226 2901 fuisse,
2254 2850 2361 2891 non
2390 2835 2462 2890 ita
2488 2834 2643 2903 dixit,
2667 2835 2822 2907 quasi
2855 2833 3014 2888 vellet
3040 2833 3292 2903 intelligi,
3319 2848 3444 2890 eum

1858 2926 1927 2982 de
1958 2941 2068 2982 non
2098 2937 2228 2983 ente
2256 2928 2322 2983 ad
2350 2941 2470 2983 esse
2500 2927 2835 2997 processisse
2854 2945 2868 2983 :
2887 2941 2989 2982 nec
3017 2925 3181 2996 quod,
3214 2926 3283 2982 ad
3328 2940 3445 2981 mo—

1858 3017 1986 3073 dum
2024 3029 2400 3075 creaturarum
2431 3019 2787 3090 reliquarum,
2826 3020 2893 3074 de
2942 3034 3049 3074 non
3081 3027 3208 3075 ente
3237 3018 3442 3089 produ-

1859 3110 2106 3176 cebatur,
2134 3111 2280 3179 quod
2314 3108 2561 3166 nonnulli
2598 3110 2780 3166 minus
2810 3124 2957 3166 recte
2987 3119 3113 3164 sunt
3142 3108 3394 3164 arbitrati
3425 3127 3441 3163 :

1859 3199 1953 3253 sed
1984 3200 2126 3271 quod
2156 3199 2460 3256 subsistens
2507 3208 2564 3255 et
2600 3201 2811 3268 vivens,
2860 3202 2956 3257 sed
2998 3200 3142 3272 quod
3185 3202 3446 3271 praeexsi-

1860 3300 2030 3357 stens,
2061 3298 2116 3345 et
2146 3292 2590 3360 pracsubsistens,
2632 3302 2763 3348 ante
2795 3307 3012 3348 omnem
3045 3286 3230 3347 mundi
3256 3293 3445 3347 condi-

1861 3380 2060 3437 tionem
2090 3394 2247 3438 erat:
2280 3390 2339 3450 >14
2367 3385 2624 3455 quodque
2655 3400 2686 3439 a
2728 3384 2956 3440 Domino
2983 3399 3083 3440 suo
3117 3385 3276 3441 Patre
3311 3400 3446 3440 con-

1856 3475 2078 3531 stitutus
2124 3484 2208 3530 est
2234 3475 2477 3530 omnium
2515 3475 2846 3543 dominator,
2877 3476 3057 3546 posito
3098 3475 3209 3543 illo,
3260 3477 3445 3531 condi-

1856 3567 1954 3632 dit,
2012 3566 2118 3623 hoc
2168 3567 2223 3621 in
2270 3566 2411 3631 loco,
2459 3583 2557 3638 pro
2602 3569 2897 3634 constituit,
2929 3566 3012 3622 vel
3047 3567 3331 3622 ordinavit.
3358 3567 3446 3622 Di-

1855 3659 2018 3714 sertis
2044 3658 2223 3714 verbis
2249 3659 2523 3729 principes
2548 3668 2604 3714 et
2631 3660 2797 3716 duces
2820 3659 2964 3715 inter
2986 3658 3256 3723 homines,
3287 3674 3444 3715 crea-

1858 3760 2033 3805 turam
2065 3750 2357 3820 Apostolus
2396 3740 2842 3818 nominavit,'ubi
2867 3751 2982 3806 ait:
3013 3749 3251 3820 Subjecti
3278 3761 3444 3807 estote

1856 3839 1997 3893 omni
2032 3840 2279 3894 humanae
2320 3851 2582 3898 creatum
2613 3849 2827 3913 prapter
2861 3839 3172 3908 Dominum,
3198 3842 3306 3896 sive
3333 3843 3446 3917 regi

1855 3939 1911 3984 ut
1942 3930 2238 4000 excellenti,
2261 3932 2368 3988 sive
2390 3933 2714 4006 principibus
2752 3943 2811 3988 ut
2847 3932 2912 3988 ab
2945 3932 3041 3988 illo
3068 3933 3245 3988 missis
3260 3931 3326 3988 “.
3375 3934 3445 3987 Et
3534 3972 3537 3977 μ

1854 4023 2119 4093 propheta
2152 4025 2243 4094 qui
2279 4024 2416 4081 dixit
2445 4043 2460 4079 :
2491 4022 2835 4095 Prwparare,
2865 4034 2923 4079 ut
2954 4035 3162 4080 uocetur
3195 4040 3353 4095 super
3390 4032 3443 4079 te

1854 4113 1997 4169 Deus
2021 4114 2193 4171 Israel
2226 4133 2245 4171 :
2268 4127 2545 4188 propterea
2579 4133 2697 4172 ecce
2730 4116 2914 4187 ﬁrmat
2939 4117 3161 4182 tonitru,
3185 4125 3233 4170 et
3259 4116 3443 4171 condit

1842 4198 2051 4274 uentos,
2087 4216 2139 4266 et
2162 4209 2451 4263 annuntiat
2479 4208 2615 4264 inter
2652 4208 2889 4263 homines
2914 4207 3182 4262 Christum
3208 4209 3437 4263 suum".

1858 4298 1923 4352 Et
1956 4298 2104 4364 illud,
2137 4300 2419 4356 Scribatur
2447 4301 2542 4355 illa
2575 4301 2632 4354 in
2661 4301 3057 4371 generationem
3097 4300 3348 4365 alteram,
3379 4308 3443 4355 ut

1852 4389 2077 4461 populus
2100 4392 2193 4462 qui
2208 4393 2456 4446 conditur
2472 4393 2646 4447 laudet
2662 4391 3022 4447 Dominum".
3041 4390 3176 4446 Illud
3201 4392 3442 4446 condidit

145 4491 264 4547 τὸν
283 4491 524 4560 Κύριονο
544 4489 627 4554 τὸ,
649 4487 881 4554 κτίζων,
894 4488 988 4543 ἐπὶ
1004 4486 1099 4542 τοῦ
1116 4486 1400 4559 γεγονότος
1418 4485 1479 4551 ἐξ
1495 4486 1739 4558 ἀνυπαρ-

1860 4497 1951 4551 pro
1982 4497 2048 4539 eo
2081 4484 2224 4554 quod
2263 4483 2368 4538 fuit
2394 4495 2670 4555 sumptum
2705 4493 2813 4551 est,
2838 4485 2963 4554 quia
2985 4484 3099 4556 jam
3145 4493 3273 4540 ante
3296 4493 3438 4538 erat.

147 4584 271 4654 ξίας
305 4581 659 4655 παρείληφεν.
680 4581 755 4634 Οὐ
771 4580 880 4651 γὰρ
912 4579 1033 4635 τότε
1055 4578 1270 4634 ἔκτισεν
1285 4579 1314 4632 ό
1334 4576 1467 4642 Θεὸς
1497 4576 1558 4630 τὸ
1580 4573 1745 4630 πνεῦ-

145 4691 254 4749 μα,
278 4673 369 4727 ὅτε
391 4672 481 4727 τὸν
500 4671 735 4745 Χριστὸν
765 4669 931 4725 αὐτοῦ
958 4671 1024 4725 δι’
1042 4667 1208 4726 αὐτοῦ
1238 4668 1405 4722 πᾶσιν
1434 4666 1741 4739 ἀνθρώποις

142 4761 545 4835 κατήγγειλενο
573 4762 724 4818 οὐδὲν
773 4760 881 4834 γὰρ
932 4759 1245 4837 πρόσφατον
1283 4758 1388 4812 ὑπὸ
1428 4758 1520 4811 τὸν
1568 4757 1739 4829 ἥλιον.

156 4855 306 4912 Ἀλλ’
321 4850 389 4928 ἦν
425 4855 547 4927 μὲν,
569 4855 665 4910 καὶ
683 4853 1061 4928 προϋπῆρχεν,
1081 4849 1443 4905 ἀπεστέλλετο
1462 4849 1519 4903 δὲ
1539 4849 1660 4903 καθ’
1677 4848 1739 4904 ὃν

141 4948 345 5021 καιρὸν
389 4943 531 5020 ἦσαν
572 4948 622 5001 οἱ
667 4944 955 5001 ἀπόστολοι
1002 4943 1375 5016 συνηγμένοι·
1428 4943 1518 4996 ὅτε
1570 4940 1734 5012 δίκην

142 5040 404 5114 βροντῆς,
432 5040 647 5109 ἐγένετο
664 5034 797 5111 ἦχος
823 5040 888 5092 ὲκ
915 5034 1009 5090 τοῦ
1034 5033 1264 5107 οὐρανοῦ
1280 5076 1297 5103 ,
1352 5032 1544 5105 ὥσπερ
1573 5049 1738 5105 φερο-

142 5132 324 5207 μένης
372 5134 542 5203 πνοῆς
595 5130 810 5201 βιαίας,
859 5125 1260 5200 ἐπληρώθησαν
1304 5143 1365 5180 τε
1417 5123 1738 5196 Πνεύματος

140 5223 339 5292 ἁγίουο
371 5222 466 5279 καὶ
492 5220 665 5285 οὕτως
689 5222 770 5284 εἷς
793 5219 1002 5283 πάντας
1028 5216 1350 5291 ἀνθρώπους
1375 5218 1468 5271 τὸν
1500 5216 1737 5290 Χριστὸν

135 5313 241 5369 τοῦ
272 5311 407 5366 Θεοῦ
432 5311 823 5385 κατήγγειλαν,
846 5309 1157 5375 ἀκολούθως
1187 5311 1256 5382 τῇ
1288 5308 1599 5381 προφητεία
1628 5323 1736 5377 φη-

210 5502 274 5561 at
309 5493 410 5551 Ed.
439 5493 649 5557 Paris.,
676 5507 799 5565 pag.
831 5491 956 5547 151.
1033 5491 1079 5524 θ’
1111 5491 1134 5544 ι
1163 5490 1292 5547 Cor.
1316 5506 1358 5557 ι,
1392 5488 1484 5545 24.

136 5569 191 5603 η
220 5567 372 5623 Psal.
402 5566 590 5634 01,19.

226 5750 335 5821 [61)
365 5749 537 5821 Eulgo
573 5748 787 5821 σοφίαν,
820 5748 935 5817 ἕξιν
960 5756 1014 5805 et
1048 5762 1171 5805 mox
1201 5745 1443 5803 ἐκλάσοι.

239 5752 305 5808 61
365 5750 537 5821 Vulgo
573 5750 787 5819 σοφίαν,
820 5750 935 5817 ἕξιν
960 5756 1014 5805 et
1048 5762 1171 5805 mox
1201 5750 1443 5803 ὶκλάσοι.

236 5750 335 5893 δαί
368 5819 540 5893 Vulgo
564 5816 748 5875 αὐτόν.
1463 5879 1467 5884 ε

1588 5487 1808 5547 “Prov.
1836 5504 1957 5558 vni,
1976 5489 2069 5545 ἥ.

1847 4574 2036 4645 Neque
2063 4579 2208 4632 enim
2242 4588 2354 4632 tum
2384 4578 2625 4635 condidit
2648 4578 2791 4634 Deus
2814 4579 3087 4650 spiritum,
3120 4593 3245 4633 cum
3279 4577 3443 4633 Chri-

1848 4681 1990 4726 8tum
2025 4686 2182 4725 suum
2216 4686 2313 4742 per
2354 4671 2509 4727 illum
2560 4671 2830 4727 universis
2874 4670 3190 4727 hominibus
3226 4685 3442 4726 annun-

1852 4763 2008 4816 tiaret
2036 4778 2050 4817 :
2081 4763 2207 4831 quia
2246 4762 2379 4820 nihil
2424 4764 2548 4819 novi
2593 4771 2678 4818 est
2727 4761 2831 4819 sub
2882 4762 2997 4819 sole
3042 4763 3183 4818 :sed
3221 4771 3340 4817 erat
3383 4771 3442 4817 et

1847 4854 2143 4909 exsistebat
2173 4862 2339 4910 ante:
2368 4855 2688 4915 mittebatur
2723 4863 2905 4912 autem
2937 4869 3004 4910 eo
3034 4865 3277 4925 tempore
3311 4869 3436 4910 cum

1848 4943 1901 4997 in
1935 4958 2100 4998 unum
2130 4945 2442 5016 congregati
2485 4943 2717 5015 apostoli
2762 4952 2922 4999 erant
2949 4963 2962 5000 :
2990 4958 3115 5000 cum
3157 4943 3225 4997 ad
3264 4943 3439 4998 instar

1849 5036 2085 5093 tonitrus
2121 5035 2297 5092 factus
2332 5044 2415 5092 est
2459 5035 2673 5092 sonitus
2708 5035 2901 5107 ingens
2948 5036 3016 5090 de
3060 5033 3201 5091 coelo
3230 5034 3436 5091 :veluti

1848 5127 2209 5185 descendente
2246 5128 2445 5199 spiritu
2485 5127 2913 5193 vehementiore,
2966 5135 3023 5183 et
3068 5126 3285 5196 repleti’
3308 5137 3439 5182 sunt

1849 5218 2054 5289 Spiritu
2081 5229 2292 5276 sancto.
2319 5221 2496 5292 Atque
2524 5219 2598 5275 ita
2616 5219 2895 5275 Christum
2922 5218 3158 5285 Domini,
3197 5218 3249 5273 in
3279 5234 3437 5273 mnu-

1847 5309 1976 5364 dum
2039 5312 2355 5367 universum
2426 5309 3059 5380 annuntiaruntsjuxta
3117 5310 3435 5366 vaticinium

2182 5488 2431 5545 "IPetr.
2466 5489 2647 5556 11,15,
2690 5490 2777 5546 l4.
2869 5489 3096 5546 "Amos
3116 5504 3194 5557 tv,
3226 5487 3432 5558 12,13.

1914 5742 2029 5817 (65)
2068 5741 2238 5814 Vulgo
2270 5742 2447 5815 αὐτή,
2474 5750 2527 5800 et
2558 5757 2681 5801 mox
2712 5740 2923 5810 αἱνήσε.
