3828 6222
426 355 532 412 973$

1096 348 1366 404 EUSEBll
1401 344 1886 404 CESARIENSlS
1917 343 2070 400 OPP.
2097 343 2278 398 PARS
2313 343 2399 400 IV.
2428 377 2494 385 —-
2526 344 2948 403 DOGMATICA.

3597 354 3694 408 976

425 491 534 548 quo
569 475 769 530 dictum
813 481 913 531 est.
971 471 1094 525 Ideo
1146 489 1261 526 ecce
1312 470 1633 540 conﬁrmans
1683 470 1910 533 tonitru,
1967 476 2008 522 et

2121 467 2282 541 σάσῃ,
2339 469 2495 522 Διότι
2546 467 2676 523 ἰδοὺ
2709 469 2972 538 στερεῶν
3009 472 3304 542 βροντὴν,
3355 476 3452 528 καὶ
3496 476 3695 537 κτίζων

424 563 649 621 condens
678 564 945 632 spiritum,
985 572 1033 614 et
1072 563 1394 614 annuntians
1433 561 1487 612 in
1528 559 1828 612 hominibus
1853 556 2006 612 Chri-

423 668 562 710 stum
606 652 878 722 ejus:ubi
922 652 1072 713 illud,
1119 651 1371 714 condens,
1423 649 1639 719 ponitur
1668 665 1766 718 pro
1797 649 2007 701 mittens

425 749 508 801 vel
535 748 834 818 injungens.
861 743 1082 797 Tonitru
1129 753 1309 796 autem
1354 741 1631 813 Evangelii
1668 741 2008 810 praedicatio-

427 857 546 894 nem
581 840 852 907 designat.
886 837 976 892 Sic
1006 835 1099 904 qui
1142 836 1300 900 dixit,
1349 833 1456 889 Cor
1497 834 1755 886 mundum
1795 849 1917 886 crea
1951 832 2008 884 in

427 949 530 1000 me,
561 930 772 994 Deus",
806 943 910 983 non
936 928 1072 982 dixit
1111 937 1366 996 tanquam
1404 941 1507 980 non
1529 925 1734 980 habens
1755 940 1867 978 cor.
1898 921 2010 978 lmo

425 1025 620 1081 orabat
659 1023 748 1078 ille
789 1032 847 1077 ut
879 1021 1094 1076 animus
1129 1020 1232 1090 ipsi
1270 1021 1645 1073 mundarctur.
1684 1015 1778 1071 Sic
1807 1017 2011 1070 dicitur

427 1126 479 1172 et
503 1116 652 1182 illud,
681 1114 749 1169 Ut
780 1116 913 1168 duos
949 1122 1085 1168 creet
1128 1113 1183 1166 in
1219 1128 1383 1166 unum
1415 1126 1605 1165 novum
1635 1110 1901 1164 hominem
1930 1106 2007 1160 ".

426 1209 538 1264 Hoc
575 1220 679 1274 est,
715 1210 769 1262 in
821 1223 982 1261 unum
1020 1207 1174 1259 ducat
1217 1220 1236 1259 :
1287 1202 1410 1258 vide
1458 1213 1639 1257 autem
1684 1215 1862 1254 annon
1895 1199 2012 1268 ejus

426 1317 641 1372 quoque
673 1301 887 1368 generis
914 1301 1004 1362 sit,
1043 1297 1355 1350 lnduamini
1386 1312 1578 1349 novum
1601 1294 1893 1357 hominem,
1923 1292 2013 1362 qui

426 1403 632 1447 creatus
661 1401 734 1445 est
760 1391 1044 1444 secundum
1073 1388 1238 1442 Deum
1262 1389 1332 1450 ’⁸,
1366 1397 1420 1441 et
1451 1387 1604 1450 illud,
1633 1384 1692 1440 Si
1715 1386 1832 1457 quis
1851 1385 2014 1453 igitur

426 1486 478 1541 iu
512 1483 745 1546 Christo,
781 1499 911 1537 nova
954 1480 1256 1545 creatura‘,
1305 1491 1359 1534 et
1385 1493 1725 1548 quaecunque
1761 1477 2012 1544 hujusce-

427 1578 570 1632 modi
612 1575 840 1645 reperiri
873 1582 1116 1643 possunt,
1146 1573 1212 1626 ab
1243 1572 1308 1625 iis
1333 1572 1424 1640 qui
1453 1571 1732 1626 excutient
1763 1570 2012 1638 Scriptu-

423 1685 516 1725 ras
547 1679 786 1724 sanctas.
810 1666 888 1722 Ne
916 1665 1128 1719 mireris
1155 1665 1321 1734 igitur
1347 1664 1393 1717 si
1427 1663 1797 1733 metapliorice
1826 1661 1880 1714 in
1921 1659 2013 1713 illo

426 1778 608 1833 passu,
639 1761 894 1816 Dominus
919 1757 1156 1812 condidit
1189 1773 1269 1810 me
1291 1757 1610 1825 principium
1644 1757 1850 1808 viarum
1881 1769 1978 1806 sua
1999 1779 2012 1790 -

2108 557 2366 626 πνεῦμα,
2402 557 2502 611 καὶ
2525 559 2916 628 ἀναγγέλλων
2943 562 3029 627 είς
3055 561 3411 630 ἀνθρώπους
3444 565 3554 617 τὸν
3571 566 3696 632 Χρι-

2107 652 2474 707 στὸναὺτοῧ·
2499 653 2593 707 τοῦ
2615 654 2712 725 μὲν
2725 696 2736 716 ,
2755 651 2982 715 κτίζων,
3002 653 3124 707 ἀντὶ
3137 655 3254 718 τοῦ,
3276 656 3694 726 καταπέμπων,

2106 745 2140 816 ἢ
2169 744 2585 811 κατατάσσων,
2613 746 2924 818 εἰρημένουο
2945 746 3042 817 τῆς
3066 746 3124 800 δὲ
3149 747 3418 816 βροντῆς
3438 750 3559 802 καθ’
3585 751 3697 802 ἓτε-

2111 851 2202 914 ρον
2228 835 2428 906 τρόπον
2451 836 2512 888 τὸ
2537 834 2889 905 εὐαγγελικὸν
2918 836 3182 908 κήρυγμα
3206 837 3497 909 δηλούσης.
3529 841 3640 893 Καὶ
3674 844 3701 894 ὁ

2108 925 2280 995 λέγων
2295 928 2375 990 δὲ,
2396 929 2662 997 Καρδίαν
2685 928 2953 997 καθαρὰν
2978 930 3193 982 κτίσον
3210 930 3279 982 ἐν
3300 931 3454 1000 ἐμοὶ,
3480 936 3514 986 ό
3534 934 3698 999 esse.

2108 1021 2207 1092 οὐχ
2234 1020 2308 1084 ὡς
2346 1021 2422 1092 μὴ
2471 1021 2610 1092 ἔχων
2656 1021 2882 1094 καρδίαν
2919 1022 3068 1078 τοῦτ’
3097 1022 3301 1092 ἔλεγεν,
3351 1026 3601 1098 καθαρὰν
3648 1029 3702 1081 δὲ

2109 1109 2274 1163 αὐτοῦ
2325 1110 2424 1181 τὴν
2482 1111 2724 1165 διάνοιαν
2775 1112 3207 1184 ἀποτελεσθῆναι
3259 1114 3480 1186 ηὔχετο.
3519 1119 3703 1186 οὕτως

2109 1203 2324 1274 εἴρηται
2345 1203 2425 1267 τὸ,
2446 1204 2580 1258 Ἵνα
2615 1204 2758 1270 τοὺς
2783 1204 2892 1260 δύο
2922 1207 3101 1275 κτίσῃ
3127 1209 3214 1273 είς
3237 1207 3345 1262 ἕνα
3373 1211 3588 1265 καινὸν
3604 1214 3706 1265 ἇν-

2110 1299 2366 1362 θρωπον,
2400 1296 2521 1349 ἀντὶ
2544 1294 2661 1357 τοῦ,
2687 1298 3003 1367 συναγάγῃ
3029 1314 3042 1328 ⁸
3081 1299 3183 1370 ὅρα
3223 1303 3432 1372 μήποτε
3463 1304 3708 1357 τοιοῦτόν

2111 1388 2226 1440 ἐστι
2265 1389 2359 1441 καὶ
2422 1387 2504 1451 τὸ,
2563 1388 2932 1444 Ἐνδύσασθε
2965 1391 3073 1444 τόν
3119 1394 3329 1446 καινὸν
3355 1395 3706 1464 ἄνθρωπον,

2109 1479 2218 1531 τὸν
2246 1479 2396 1534 κατὰ
2425 1479 2575 1534 Θεὸν
2620 1482 2947 1535 κτισθέντα
2971 1500 2984 1512 δ
3025 1483 3120 1536 καὶ
3161 1485 3243 1548 τὸ,
3276 1486 3350 1538 El
3365 1503 3456 1551 τις
3493 1487 3612 1541 οὖν
3642 1487 3712 1540 ὲν

2110 1566 2361 1638 Χριστῷ,
2410 1570 2586 1639 καινὴ
2627 1572 2847 1636 κτίσις,
2891 1572 2985 1625 καὶ
3014 1573 3113 1626 ὅσα
3155 1575 3290 1629 ἄλλα
3327 1576 3476 1648 εὖροι
3530 1579 3597 1632 ἄν
3627 1596 3711 1640 τις

2111 1661 2494 1732 τοιουτότροπα
2514 1663 2613 1732 τὴν
2645 1663 3001 1720 θεόπνευστον
3023 1667 3062 1717 Γ
3067 1668 3245 1739 ραφὴν
3260 1669 3708 1740 διερευνώμενος

2117 1750 2190 1822 μὴ
2219 1751 2509 1824 θαυμάσῃς
2536 1749 2650 1819 οὖν,
2676 1756 2724 1838 εί
2749 1757 3132 1830 μεταφορικῶς
3149 1760 3242 1812 καὶ
3278 1763 3333 1812 ὲν
3360 1761 3458 1831 τῷ,
3488 1763 3713 1829 Κύριος

425 1830 566 1908 rum'
587 1893 604 1920 ,
636 1853 870 1908 condidit
915 1867 1018 1906 vox
1060 1850 1230 1920 posita
1261 1850 1330 1902 sit
1363 1863 1459 1916 pro
1489 1847 1763 1899 constituit
1801 1844 1886 1897 vel
1916 1858 1999 1896 or-

2107 1843 2311 1897 ἕκτισέ
2333 1861 2409 1912 με
2425 1844 2623 1913 ἀρχὴν
2647 1830 2804 1900 ὁδῶν
2833 1849 3042 1913 αὐτοῦ,
3062 1850 3143 1911 τὸ,
3161 1830 3422 1916 ἔκτισεν,
3458 1855 3586 1906 ἀντὶ
3614 1853 3708 1907 τοῦ

424 1943 627 2000 diuavit
674 1943 740 1996 ad
785 1941 1108 2012 principium
1154 1939 1421 2001 dandum,
1471 1934 1553 1989 vel
1602 1933 2002 2003 imperandum.

425 2034 869 2103 Quandoquidem
905 2048 1029 2088 cum
1075 2032 1132 2086 in
1172 2028 1473 2097 Evangelio
1507 2029 1719 2082 dicatur
1742 2043 1770 2080 a
1805 2026 2008 2080 Serva—

425 2139 542 2183 tore
568 2137 775 2190 nostro,
807 2125 1074 2195 Conﬁteor
1103 2122 1218 2189 tibi,
1248 2119 1429 2184 Pater,
1456 2118 1675 2172 Domine
1705 2119 1822 2171 coeli
1851 2127 2008 2185 atque

425 2231 601 2286 terra,
627 2220 879 2291 quoniam
906 2213 1225 2270 abscondisti
1255 2214 1356 2266 ista
1383 2228 1415 2263 a
1444 2210 1764 2280 sapientibus
1795 2216 1845 2261 et
1879 2221 2007 2274 pru-

425 2313 682 2377 dentibus,
711 2320 760 2365 et
799 2308 1037 2364 revelasti
1059 2324 1119 2361 ea
1144 2303 1380 2376 parvulis
1401 2303 1447 2368 ³,
1502 2319 1609 2358 non
1643 2304 1730 2358 bic
1759 2309 2008 2372 peccato-

427 2420 544 2458 rum
581 2402 975 2459 confessionem
1003 2397 1137 2462 vult,
1159 2395 1611 2466 quemadmodum
1647 2398 1706 2456 >14
1734 2393 1880 2454 alibi,
1919 2392 2006 2446 ubi

423 2496 643 2562 dicitur,
675 2492 1010 2560 Conﬁtemini
1043 2491 1111 2544 ad
1147 2490 1367 2544 invicem
1403 2497 1619 2556 peccata
1648 2496 1818 2540 vestra
1838 2485 1880 2549 ⁵,
1913 2485 2008 2539 sed

424 2585 721 2658 gratiarum
756 2583 1048 2646 actionem,
1091 2589 1318 2651 propter
1352 2577 1633 2658 parvulos,
1664 2578 1821 2646 quasi
1857 2577 2008 2632 dice-

425 2656 528 2745 ret,
552 2675 769 2733 Gratias
792 2691 890 2744 ago
916 2674 1034 2738 tibi,
1063 2671 1244 2738 Pater,
1264 2656 1488 2726 Domine
1514 2669 1628 2723 cteli
1656 2681 1810 2740 atque
1832 2678 2003 2723 terraz.

422 2772 504 2826 Ad
545 2771 689 2826 hunc
745 2769 959 2823 modum
1008 2765 1381 2836 metapliorice
1430 2771 1691 2832 usurpata
1747 2770 2006 2830 sexcenta

427 2861 553 2918 alibi
611 2859 1015 2929 Scripturarum
1068 2857 1328 2921 inveniet,
1383 2854 1476 2923 qui
1535 2868 1629 2924 per
1684 2852 1854 2906 otium
1912 2865 2007 2905 eas

424 2953 638 3008 evolvet
669 2969 684 3006 :
718 2951 824 3004 alia
855 2951 1024 3004 etiam
1065 2946 1414 3015 multiplicem
1448 2945 1701 2999 habentia
1730 2942 2010 3013 signiﬁca-

427 3045 650 3107 tionem,
678 3041 779 3096 alia
819 3042 1049 3095 univoce
1091 3041 1157 3092 de
1199 3039 1432 3093 diversis
1469 3037 1629 3090 rebus
1673 3035 2006 3104 praedicata:

427 3137 493 3190 de
527 3127 726 3206 quibus
777 3133 996 3206 longum
1053 3140 1200 3185 esset
1251 3144 1352 3184 nec
1405 3130 1692 3197 praesentis
1745 3127 2007 3196 temporis

427 3191 716 3281 disserere.
751 3223 825 3278 Ita
856 3191 910 3278 et
944 3223 1048 3277 hoc
1075 3222 1127 3276 in
1160 3221 1280 3278 loco
1312 3220 1463 3286 illud,
1497 3219 1746 3273 Dominus
1773 3218 2005 3272 condidit
2037 3191 2078 3249 Ο

427 3334 510 3373 me
539 3316 856 3388 principium
884 3315 1090 3369 viarum
1129 3328 1344 3367 suarum
1363 3311 1430 3364 ad
1460 3326 1618 3380 opera
1651 3325 1772 3375 sua,
1801 3310 2006 3363 dictum

425 3420 512 3468 est
534 3424 650 3482 pro,
683 3407 942 3462 Dominus
985 3405 1250 3460 constituit
1288 3419 1369 3457 me
1395 3403 1746 3472 principatum
1779 3399 2009 3454 obtinere

426 3517 584 3570 super
614 3516 769 3569 opera
796 3515 915 3553 sua.
943 3497 1118 3567 Atque
1144 3497 1266 3550 ideo
1298 3509 1402 3550 non
1434 3493 1634 3548 dicitur
1663 3490 2006 3559 simpliciter,

425 3591 656 3646 condidit
684 3607 796 3656 me,
826 3591 920 3644 sed
945 3603 1066 3644 cunt
1095 3586 1426 3654 adjectioue,
1457 3583 1777 3653 principium
1806 3583 2010 3636 viarum

426 3699 646 3737 suarum
687 3681 758 3736 ad
795 3697 955 3751 operis
986 3696 1108 3734 sua.
1144 3677 1299 3745 Quod
1331 3675 1583 3746 inprimis
1629 3673 1869 3728 declarat
1904 3687 2009 3727 vox

428 3773 715 3831 llebraica.
745 3771 803 3826 Si
837 3773 960 3843 quis
985 3771 1150 3841 igitur
1177 3767 1464 3840 genuinum
1495 3782 1715 3822 sensum
1747 3767 2008 3823 sacratis-

428 3869 579 3924 sima).
617 3867 909 3935 Scriptura:
956 3865 1285 3934 investigare
1330 3861 1514 3927 vellet,
1549 3860 1789 3914 inveniet
1819 3858 2009 3913 lectio.

428 3974 551 4013 nem
586 3957 904 4013 Hebraicam
939 3972 1046 4011 non
1081 3957 1282 4012 habere
1305 3993 1323 4022 ,
1370 3954 1608 4009 condidit
1640 3970 1742 4017 me,
1778 3967 1882 4022 qua
1913 3967 2009 4006 ne-

428 4064 535 4119 que
556 4049 886 4117 reliquorum
910 4049 1267 4118 interpretum
1299 4046 1497 4118 aliquis
1523 4061 1657 4102 usus
1682 4053 1785 4100 est.
1813 4043 2006 4113 Aquila

429 4141 579 4213 legit,
611 4139 867 4195 Dominus
900 4140 1128 4211 possedit
1161 4155 1262 4205 me,
1308 4147 1465 4206 caput
1503 4139 1707 4192 viarum
1756 4152 2000 4190 suarum.

430 4232 814 4302 Symmachus,
844 4231 1100 4286 Dominus
1139 4230 1369 4301 possedit
1413 4245 1494 4282 me
1539 4229 1752 4282 initium
1803 4227 2007 4282 viarum

427 4341 670 4379 suarum.
700 4321 793 4380 Sic
816 4333 872 4379 et
897 4323 1214 4383 Theodotio,
1244 4321 1502 4376 Dominus
1531 4319 1769 4388 possedit
1801 4335 1879 4372 me
1904 4317 2008 4370 ini-

428 4421 559 4472 tium
591 4420 686 4472 via:
718 4433 850 4472 suae.
893 4415 960 4470 Et
1002 4430 1111 4471 non
1145 4415 1402 4470 abhorret
1426 4429 1456 4467 a
1490 4413 1702 4468 ratione
1740 4414 2009 4480 interpre-

430 4511 586 4567 tatio.
628 4510 760 4564 Erat
797 4511 943 4564 enim
976 4508 1066 4563 ille
1094 4523 1256 4579 quem
1304 4507 1490 4578 genuit
1544 4506 1706 4561 Pater
1743 4504 2008 4575 Unigeui-

431 4613 566 4672 tum,
601 4613 768 4674 caput
808 4611 1290 4672 progeneratorum
1326 4599 1592 4665 omnium,
1633 4598 1924 4654 visibilium
1954 4607 2013 4652 et

429 4694 778 4752 invisibilium
815 4713 827 4749 :
863 4695 1004 4764 quod
1035 4696 1101 4747 ad
1127 4702 1374 4747 exortum
1401 4689 1672 4744 attinebat
1703 4701 1757 4745 et
1778 4688 2008 4745 salutem

429 4802 640 4843 eorum.
664 4787 761 4844 Ubi
785 4787 926 4842 enim
947 4802 1071 4843 eum
1095 4783 1301 4857 genuit,
1321 4783 1395 4837 ita
1417 4781 1607 4838 statuit
1626 4797 1748 4835 eum
1770 4779 2011 4834 omnium

430 4879 802 4945 Servatorem,
839 4879 1205 4950 recapitulans
1237 4877 1291 4930 in
1322 4889 1388 4931 eo
1429 4883 1484 4930 et
1527 4889 1626 4944 per
1654 4889 1778 4927 eum
1814 4871 2014 4927 consti-

428 4971 694 5027 tutionem
750 4971 1013 5038 universi,
1061 4982 1120 5024 ut
1165 4967 1382 5024 edocuit
1424 4966 1640 5021 divinus
1691 4963 2010 5034 Apostolus,

430 5063 704 5134 inquiens.
732 5060 802 5118 Ut
829 5062 1150 5133 recolligeret
1175 5062 1354 5115 omnia
1391 5061 1448 5113 in
1474 5057 1709 5123 Christo,
1734 5071 1854 5126 qua:
1886 5064 2007 5108 sunt

429 5158 485 5211 in
507 5158 671 5223 ctelis,
701 5168 751 5211 et
793 5172 913 5228 qua,
945 5165 1068 5210 sunt
1112 5170 1272 5224 super
1320 5151 1576 5207 terram“.
1614 5150 1764 5204 Adeo
1803 5157 1860 5201 ut
1901 5162 2007 5201 non

431 5251 592 5307 modo
628 5251 811 5306 omnia
844 5265 940 5320 per
977 5249 1152 5320 ipsum
1186 5247 1553 5331 substiterint,
1587 5260 1616 5297 a
1655 5258 1761 5297 non
1793 5256 1913 5296 esse
1943 5239 2009 5293 ad

506 5419 566 5479 ty
604 5413 702 5468 Ed.
732 5411 934 5482 Paris"
963 5427 1088 5482 pag.
1120 5411 1242 5466 l5‘2.
1278 5410 1354 5482 _"’
1387 5407 1612 5482 Psal.__t.,
1643 5403 1743 5482 [2;
1789 5401 1855 5482 _"
1887 5399 2008 5468 Epht

2115 5416 2176 5466 ll,
2211 5401 2297 5454 15.
2377 5402 2423 5432 ⁸⁸
2453 5403 2650 5472 Eplies.
2681 5420 2752 5467 tv,
2783 5405 2874 5460 24.

2109 1931 2556 2004 κατέστησεν,ἢ
2585 1937 2932 2002 κατέταξεν,
2948 1942 3028 2003 εἰς
3044 1939 3104 1992 τὸ
3115 1942 3303 2012 ἄρχειν
3327 1943 3571 2013 εἴρηται,
3589 1947 3712 1998 ἐπεὶ

2109 2027 2203 2078 καὶ
2230 2028 2287 2078 ἐν
2317 2027 2669 2096 Εὑαγγελίοις
2698 2029 2994 2102 λεγομένου
3021 2032 3127 2086 ὑπὸ
3152 2032 3246 2086 τοῦ
3278 2034 3532 2107 Σωτῆρος
3553 2037 3712 2107 ἡμῶν

2108 2117 2191 2180 τὸ,
2207 2117 2724 2190 Ἐξομολογοῦμαί
2746 2137 2868 2187 σοι,
2895 2121 3112 2192 Πάτερ,
3131 2127 3310 2193 Κύριε
3324 2125 3430 2179 τοῦ
3445 2129 3712 2195 οὐρανοῦ

2109 2209 2348 2278 καὶτῆς
2378 2210 2512 2280 γῆς,
2549 2211 2638 2265 ὅτι
2685 2213 3047 2282 ἀπέκρυψας
3088 2215 3277 2269 ταῦτα
3329 2217 3449 2271 ἀπὸ
3494 2217 3714 2288 σοφῶν

2111 2300 2211 2353 καὶ
2241 2301 2534 2369 συνετῶν,
2587 2305 2684 2358 καί
2719 2305 3126 2375 ἀπεκάλυψας
3151 2307 3306 2362 αὐτὰ
3333 2311 3600 2377 νηπίοις,
3648 2312 3711 2363 οὐ

2109 2393 2208 2463 τὴν
2243 2392 2350 2461 (64η
2379 2394 2797 2466 ἁμαρτημάτων
2829 2398 3140 2469 ὁμολογίαν,
3170 2399 3306 2453 καθὸ
3353 2400 3610 2456 λέλεκται
3654 2405 3712 2455 ἐν

2111 2485 2843 2558 ἑτέροις,Ἐξομολογεῗσθε
2884 2491 3180 2557 ἀλλήλοις
3226 2493 3336 2558 τὰς
3389 2494 3710 2563 ἁμαρτίας.

2112 2578 2292 2648 φαμὲν
2321 2579 2425 2632 ὑπὸ
2456 2579 2549 2633 τοῦ
2573 2581 2824 2655 Σωτῆρος
2844 2583 3156 2654 δηλοῦσθαι,
3184 2585 3322 2638 ἀλλὰ.
3349 2586 3448 2658 τὴν
3479 2589 3575 2639 ἐπὶ
3599 2591 3716 2651 τοῖς

2111 2672 2328 2742 νηπίοις
2359 2673 2736 2744 εὐχαριστίαν,
2768 2675 2891 2728 ἀντὶ
2913 2675 3030 2741 τοῦ,
3064 2678 3419 2748 Εὐχίιριστῶ
3447 2697 3572 2743 σοι,
3595 2681 3718 2734 Πά-

2110 2779 2230 2831 τερ,
2254 2765 2430 2832 Κύριε
2459 2764 2565 2818 τοῦ
2590 2765 2852 2834 οὐρανοῦ
2878 2768 2974 2821 καὶ
3000 2768 3110 2836 τῆς
3131 2768 3267 2838 γῆς,
3295 2770 3388 2823 τοῦ
3417 2769 3716 2841 ἐξομολοο

2112 2859 2345 2925 γεῖσθαι
2389 2855 2742 2928 λελεγμένου.
2801 2859 2988 2932 Μυρία
3033 2858 3077 2912 δ’
3106 2860 3173 2914 ἀν
3222 2877 3306 2922 τις
3357 2859 3509 2932 εὖροι
3545 2861 3714 2932 σχολῇ

2113 2944 2360 3018 ζητήσας
2383 2946 2460 3018 τῷ
2485 2949 2626 3002 κατὰ
2661 2949 2974 3021 μεταφορὰν
2989 2950 3178 3022 τρόπῳ
3193 2949 3262 3004 δι’
3282 2951 3412 3021 ὅλης
3427 2952 3529 3023 τῆς
3557 2952 3718 3016 Θείας

2111 3038 2338 3109 Γραφῆς
2365 3040 2652 3112 εἰρημένα,
2711 3042 2804 3095 καὶ
2853 3041 2989 3096 ἄλλα
3025 3041 3342 3113 πολύσημον
3390 3043 3587 3113 ἔχοντα
3616 3043 3720 3114 τὴν

2112 3130 2370 3186 διάνοιαν.
2399 3133 2508 3186 Καὶ
2545 3133 2835 3205 ὁμονύμως
2860 3134 3025 3207 ἕτερα
3065 3135 3338 3208 διαφόρων
3367 3136 3719 3208 πραγμάτων

2113 3222 2588 3295 κατηγορούμενα,
2620 3226 2750 3297 περὶ
2785 3219 2861 3279 ὧν
2892 3227 3103 3300 μακρὸν
3132 3228 3199 3281 ἂν
3230 3228 3337 3300 εἴη,
3375 3229 3472 3282 καὶ
3504 3231 3569 3283 οὐ
3617 3230 3726 3282 τοῦ

2115 3316 2377 3387 παρόντος
2402 3317 2593 3388 καιροῦ
2619 3318 2892 3384 διεξιέναι.
2909 3319 3095 3383 Οὕτως
3117 3314 3210 3373 οὖν
3235 3320 3332 3374 καὶ
3356 3318 3603 3374 ἐνταῦθα
3631 3321 3720 3384 τὸ,

2113 3407 2328 3476 Κύριος
2351 3407 2461 3479 (65)
2487 3409 2690 3463 ἐκτισέ
2730 3427 2807 3480 με
2845 3410 3046 3480 ἀρχὴν
3069 3410 3225 3466 ὁδῶν
3249 3414 3438 3468 αὐτοῦ
3459 3416 3549 3480 εις
3564 3415 3720 3485 ἔργα

2114 3497 2322 3564 αὐτοῦ,
2356 3498 2477 3551 ἀντὶ
2513 3498 2632 3566 τοῦ,
2671 3498 2974 3566 Κατέταξέ
2999 3519 3078 3572 με
3109 3506 3201 3570 είς
3239 3505 3307 3557 τὸ
3336 3503 3550 3574 ἄρχειν
3590 3506 3720 3559 τῶν

2114 3587 2302 3658 ἔργων
2329 3590 2537 3657 αὐτοῦ,
2571 3591 2840 3646 λέλεκται.
2887 3594 2980 3647 Διὸ
3031 3595 3130 3667 οὐχ
3181 3596 3369 3659 ἁπλῶς
3399 3597 3612 3652 ἐκτισέ
3637 3615 3722 3668 με

2115 3682 2349 3754 εἴρηται,
2380 3683 2514 3737 ἀλλὰ
2542 3684 2680 3756 μετὰ
2696 3685 3014 3759 προσθήκης
3045 3688 3156 3758 (66)
3179 3689 3303 3758 τῆς,
3329 3689 3532 3759 ἀρχὴν
3554 3691 3722 3745 ὁδῶν

2114 3780 2304 3835 αὐτοῦ
2329 3782 2411 3844 εις
2444 3780 2588 3848 ἔργα
2602 3779 2809 3833 αὐτοῦ.
2845 3779 3016 3833 Τοῦτο
3036 3781 3093 3834 δὲ
3118 3782 3353 3852 μάλιστα
3382 3784 3720 3856 παρίστησιν

2113 3871 2147 3941 ἡ
2184 3869 2445 3941 Ἐϐραῖκὴ
2495 3869 2659 3934 λέξις.
2711 3869 2774 3922 Εἰ
2806 3867 2936 3936 γοῦν
2993 3888 3079 3934 τις
3133 3871 3569 3945 ἐξακριϐῶσαιτο
3622 3877 3720 3930 τὸν

2116 3961 2294 4033 ἀληθῆ
2317 3961 2440 4017 νοῦν
2489 3961 2589 4033 τῆς
2633 3961 2991 4015 θεοπνεύστου
3022 3963 3264 4036 Γραφῆς,
3310 3965 3462 4038 εὖροι
3509 3967 3580 4021 ἂν
3616 3970 3720 4040 τὴν

2127 4053 2418 4126 Ἐϐραῖκὴν
2442 4054 2745 4123 ἀνάγνωσιν
2775 4055 2835 4108 οὐ
2867 4056 3229 4128 περιέχουσαν
3256 4059 3335 4121 τὸ,
3362 4059 3575 4114 ἔκτισέ
3592 4079 3676 4131 με
3702 4079 3718 4093 ·

2114 4147 2303 4219 διόπ¹ερ
2321 4148 2441 4200 οὐδὲ
2473 4149 2581 4200 τῶν
2608 4147 2811 4203 λοιπῶν
2833 4149 3183 4220 ἐρμηνευτῶν
3204 4151 3378 4225 ταύτῃ
3403 4169 3489 4216 τις
3516 4155 3722 4225 κέχρη-

2114 4255 2204 4291 ται
2239 4241 2304 4310 τῇ
2334 4238 2494 4305 λέξει.
2517 4240 2725 4293 Αὐτίκα
2747 4239 2792 4293 δ’
2811 4237 2904 4294 οὖν
2930 4241 2958 4292 ὁ
2978 4241 3075 4312 μὲν
3091 4241 3342 4309 Ἀκύλας,
3365 4245 3586 4314 Κύριος
3614 4248 3720 4300 ἐκ·

2114 4327 2346 4397 τήσατό
2364 4327 2474 4400 (67)
2481 4345 2558 4397 με
2576 4328 2910 4398 κεφάλαιον
2931 4331 3048 4384 τῶν
3063 4331 3221 4386 ὁδῶν
3233 4333 3442 4398 αὐτοῦ,
3463 4337 3713 4407 εἴρηκεν·

2115 4419 2144 4472 ὁ
2182 4418 2240 4471 δὲ
2269 4418 2569 4490 Σύμμαχος
2594 4461 2609 4486 ,
2642 4421 2858 4490 Κύριος
2882 4421 3185 4489 ἐκτήσατό
3208 4441 3286 4492 με
3312 4425 3514 4494 ἀρχὴν
3553 4427 3722 4480 ὁδῶν

2116 4510 2321 4564 αὐτοῦ·
2350 4513 2378 4564 ὁ
2401 4511 2458 4564 δὲ
2489 4511 2803 4577 Θεοδοτίων,
2835 4508 3053 4582 Κύριος
3079 4513 3385 4581 ἐκτήσατό
3401 4533 3480 4586 με
3508 4517 3723 4588 ἀρχὴν

2113 4600 2259 4656 ὀδοῦ
2283 4601 2488 4656 αὑτοῦ·
2522 4603 2616 4656 καὶ
2639 4603 2752 4674 ἔχοι
2780 4604 2832 4673 γ’
2859 4604 2924 4658 ἂν
2947 4605 3103 4675 λόγον
3125 4607 3158 4677 ἡ
3189 4608 3476 4679 ἑρμηνεία.
3500 4609 3577 4662 Τὸ
3605 4611 3720 4682 γὰρ

2115 4691 2410 4762 κεφάλαιον
2443 4694 2543 4766 τῆς
2590 4694 2698 4747 τῶν
2721 4695 2996 4766 γεννητῶν
3051 4697 3309 4750 ἁπάντων
3332 4699 3635 4769 ὁρωμένων
3655 4718 3718 4752 τε

2114 4783 2209 4837 καὶ
2245 4783 2466 4852 ἀφανῶν
2516 4783 2826 4848 συστάσεώς
2857 4802 2918 4838 τε
2953 4785 3047 4839 καὶ
3110 4786 3386 4858 σωτηρίας
3419 4789 3591 4852 αὐτὸς
3623 4787 3716 4861 ἦν,

2112 4873 2173 4927 ὃν
2201 4874 2395 4943 ὲγέννα
2414 4874 2512 4946 μὲν
2544 4877 2572 4928 ὁ
2589 4875 2778 4947 Πατὴρ
2813 4876 2940 4929 Υίὸν
2968 4879 3232 4948 μονογενῆ
3252 4895 3266 4908 ·
3312 4881 3590 4952 γεννήσας
3621 4881 3682 4935 δὲ
3701 4925 3715 4944 ,

2115 4967 2412 5020 κατέταττε
2441 4967 2671 5039 Σωτῆρα
2698 4968 2808 5020 τῶν
2854 4967 3012 5033 ὅλων,
3048 4970 3628 5043 ἀνακεφαλαιούμενος
3655 4977 3716 5026 ἐν

2115 5055 2262 5127 αὐτῷ
2294 5057 2389 5110 καὶ¹
2418 5056 2485 5109 δι’
2514 5057 2679 5109 αὑτοῦ
2712 5058 2811 5129 τὴν
2836 5056 3080 5124 διάταξιν
3107 5058 3199 5114 τοῦ
3231 5061 3460 5126 παντὸς,
3502 5063 3582 5126 ὡς
3611 5062 3720 5115 ἐδί-

2114 5148 2272 5215 δαξεν
2299 5151 2328 5203 ὁ
2344 5149 2484 5214 θεῖος
2498 5150 2820 5214 Ἀπόστολος
2837 5150 3024 5204 εἰπών·
3045 5152 3715 5221 Ἀνακεφαλαιώσασθαι

2116 5239 2314 5294 πάντα
2359 5242 2430 5296 ἐν
2461 5242 2544 5308 τῷ
2582 5241 2839 5313 Χριστῷ,
2875 5243 2949 5297 τὰ
2985 5242 3085 5296 ἐπὶ
3123 5243 3249 5311 τοῖς
3277 5247 3585 5314 οὐρανοῖς,
3611 5249 3714 5300 καὶ

2969 5407 2984 5436 ¹
3011 5405 3047 5459 ll
3089 5406 3215 5460 Cor.
3242 5421 3297 5469 v,
3325 5407 3416 5461 Π.
3498 5410 3519 5440 ³
3545 5408 3707 5463 Prov.

431 5471 556 5552 vni,
581 5484 672 5539 22.
753 5484 774 5514 ³
795 5471 932 5538 Luc:
964 5471 1145 5549 'x,'2l.
1224 5482 1246 5513 ⁸
1270 5479 1388 5535 Jac.
1415 5494 1469 5544 ν,
1498 5479 1582 5533 16.
1659 5476 1682 5506 ⁵
1704 5472 1914 5527 Coloss.
1950 5486 1986 5535 ι,
2025 5471 2116 5526 20.

506 5616 618 5686 (64)
657 5615 823 5685 Vulgo
846 5615 956 5670 τῶν
985 5616 1416 5686 ἁμαρτημάτων.

507 5686 618 5756 (65)
657 5686 826 5756 Yulgo
855 5686 1068 5756 ἔκτισεν
1099 5688 1220 5756 ἐμέ.

527 5753 618 5825 66)
651 5753 823 5825 vulgo
852 5753 1188 5825 προσθήκης,
1213 5755 1336 5825 τήν.

529 5821 618 5894 67)
638 5821 855 5890 Κίφὶος
881 5821 1198 5892 ἐκτήσατο.
1214 5821 1382 5881 Aliter
1403 5824 1457 5880 in
1479 5823 1705 5896 vulgatis
1726 5821 1870 5878 LXX
1891 5822 2008 5879 edi—

2117 5611 2377 5682 tionibus,
2427 5612 2647 5680 Aquila,
2701 5611 3088 5682 Symmachus,
3117 5620 3174 5665 et
3204 5611 3578 5677 Theodotion,
3609 5613 3712 5667 ista

2521 5681 2785 5739 Caeterum
2819 5681 2890 5737 cf.
2923 5681 3078 5736 lluet.
3101 5684 3169 5737 ad
3189 5682 3412 5752 Origen.
3455 5692 3592 5738 tom.
3622 5683 3712 5748 ill,
