3828 6222
180 293 291 349 977

1131 297 1220 350 DE
1259 296 1800 352 EtZCLESlASTlCA
1843 297 2236 354 THEOLOGIA
2281 297 2405 351 LIB.
2449 296 2536 352 ΙΙΙ-ι

3347 297 3448 352 978

184 407 262 462 τὰ
291 406 390 460 ἐπὶ
423 407 536 476 τῆς
568 407 704 477 τῆς,
740 408 816 473 ὼς
858 410 932 480 μὴ
965 415 1123 480 μόνον
1153 411 1224 464 τὰ
1258 413 1549 483 σύμπαντα
1582 413 1649 467 δι’
1677 414 1763 468 αὐ-

1883 430 2002 470 esse
2041 416 2434 484 provenientia,
2467 415 2562 469 sed
2595 414 2818 484 insuper
2851 415 2903 468 in
2935 429 2994 470 se
3022 414 3320 484 susciperet
3351 419 3450 469 atl-

181 497 282 551 τοῦ
314 499 594 570 συστῆναι,
625 501 689 552 ὲκ
719 499 813 553 τοῦ
847 501 920 572 μὴ
946 500 1098 564 ὄντος
1126 504 1206 566 είς
1231 501 1294 557 τὸ
1318 501 1458 558 εἶναι
1491 503 1770 578 προελθόν-

182 606 276 652 τα,
309 587 446 642 ἀλλὰ
472 591 566 644 καὶ
593 590 695 660 τῆς
719 591 828 645 τῶν
863 592 1000 647 ὅλων
1038 592 1358 666 διοικήσεως
1384 597 1485 666 τὴν
1515 597 1770 668 πρόνοιαν

183 680 540 751 ἀναδέχεσθαι
569 683 752 746 αὐτὸν,
781 682 876 736 ἆτε
923 684 1094 752 Λόγον
1135 685 1262 738 ὄντα
1309 687 1404 739 καὶ
1447 687 1647 756 Σοφίαν
1677 689 1770 742 καὶ

184 769 336 841 ζωὴν
354 810 370 833 ,
398 772 599 835 παντός
633 790 691 825 τε
721 773 889 828 καλοῦ
919 777 1014 829 καὶ
1036 774 1244 843 ἀγαθοῦ
1273 776 1576 847 πλήρωμα·
1606 777 1684 842 ὡς
1701 779 1768 832 δι’

183 862 355 916 αὐτοῦ
407 865 770 937 κυϐερνᾶσθαι
818 868 914 922 καὶ
966 867 1323 932 διασώζεσθαι
1356 869 1423 922 τά
1453 869 1764 940 σύμπαντα.

182 953 360 1008 Τοῦτο
386 954 442 1009 δὲ
470 958 560 1009 καὶ
582 957 669 1011 διὰ
700 958 806 1012 τῶν
828 960 1201 1030 προτεθέντων
1239 961 1436 1028 λογίων
1463 960 1624 1024 αὐτὸς
1658 961 1766 1032 (68)

183 1046 450 1117 παρίστη,
488 1047 552 1100 δι’
585 1042 660 1102 ὦν
695 1049 896 1118 ἔφασκε
917 1069 930 1083 ο
963 1053 1042 1104 Δι’
1088 1051 1234 1120 ἐμοῦ
1269 1053 1554 1118 βασιλεῖς
1589 1053 1768 1118 βασι-

182 1139 462 1200 λεύουσι,
495 1139 591 1192 καὶ
619 1144 671 1194 οΙ
698 1140 991 1194 δυνάσται
1022 1142 1321 1212 γράφουσι
1351 1143 1765 1212 δικαιοσύνην.

187 1227 268 1280 Δι’
304 1228 450 1296 ἐμοῦ
471 1228 831 1298 μεγιστᾶνες
859 1234 1299 1302 μεγαλύνονται
1320 1275 1333 1298 ,
1361 1236 1459 1288 καὶ
1487 1237 1769 1303 τύραννοι

183 1313 262 1367 δι’
321 1316 469 1385 ἐμοῦ
514 1317 801 1386 κρατοῦσι
847 1319 980 1389 γῆς.
1028 1321 1220 1389 Λόγοις
1276 1324 1320 1376 δ’
1368 1319 1461 1376 οὖν
1508 1325 1768 1395 ἀρρήτοις

183 1406 287 1475 τῆς
326 1407 552 1461 καθόλου
605 1411 797 1480 σοφίας
819 1428 879 1463 τε
927 1413 1022 1465 κα).
1056 1416 1313 1485 προνοίας
1344 1415 1438 1469 τοῦ
1473 1416 1603 1469 Υίοῦ
1654 1416 1766 1487 (69)

183 1497 282 1550 τοῦ
300 1497 458 1566 Θεοῦ,
490 1500 558 1554 τὰ
584 1502 876 1572 σύμπαντα
905 1503 1208 1558 διοικεῖται.
1251 1505 1414 1559 Ταῦτ’
1440 1503 1532 1560 οὖν
1556 1506 1643 1560 διὰ
1661 1507 1768 1560 τῶν

185 1590 627 1660 προεκτεθέντων
705 1593 986 1659 ἐδίδασκε,
1050 1595 1361 1668 προῦτρεπέ
1417 1616 1475 1650 τε
1550 1598 1768 1670 ἔχεσθαι

184 1683 376 1747 αὑτοῦ,
408 1684 631 1753 φάσκων
655 1704 667 1716 ·
709 1687 847 1755 Ἐγὼ
877 1688 1018 1754 τοὺς
1045 1689 1150 1758 ἐμὲ
1177 1691 1506 1758 φιλοῦντας
1535 1689 1762 1760 ἀγαπῶ·

184 1778 243 1828 ol
284 1775 354 1828 δὲ
411 1777 515 1844 ἐμὲ
552 1776 861 1844 ζητοῦντες
889 1779 1281 1846 εὑρήσουσιν.
1323 1781 1655 1852 Ἀπέτρεπέν
1705 1799 1766 1835 τε

185 1867 287 1936 τῆς
312 1867 557 1930 ἐναντίας
575 1868 717 1923 ὁδοῦ.
742 1869 808 1922 δι’
833 1863 906 1922 ὧν
936 1858 1232 1940 ἐπήγαγεν,
1251 1871 1545 1939 Ἐμίσησα
1574 1870 1623 1924 δ’
1653 1873 1768 1942 ἐγὼ

184 1957 657 2028 διεστραμμένας
689 1959 866 2025 ὀδοὺς
889 1959 1109 2016 κακῶν.
1138 1962 1248 2014 Καὶ
1283 1961 1346 2032 δὴ
1366 1961 1538 2014 ταῦτα
1566 1962 1660 2016 καὶ
1699 1963 1768 2018 τὰ

185 2048 399 2112 τούτοις
443 2048 648 2118 ἀδελφὰ
686 2051 714 2103 ὁ
766 2049 858 2102 τοῦ
904 2049 1039 2104 Θεοῦ
1090 2051 1239 2114 Υἱὸς,
1275 2052 1436 2115 αὐτὸς
1471 2051 1578 2123 γὰρ
1623 2048 1690 2122 ἦν
1731 2055 1767 2124 ή

186 2141 362 2208 Σοφία
409 2140 560 2211 (70),
607 2141 1080 2213 διαστειλάμενος,
1115 2144 1241 2213 ἑξῆς
1288 2145 1400 2205 τοῖς
1462 2143 1528 2197 δι’
1589 2143 1767 2197 αὐτῶν

186 2230 661 2303 προωφελομένοις
705 2231 802 2302 τὴν
842 2231 1106 2302 μυστικὴν
1158 2231 1288 2302 περ),
1320 2231 1514 2286 ἑαυτοῦ
1566 2233 1768 2303 γνῶσιν

183 2322 518 2394 παραδίδωσι
567 2322 798 2391 λέγων,ι
822 2323 948 2377 Ἐάν
995 2324 1299 2392 ἀναγγείλω
1348 2325 1475 2394 ὑμῖν
1522 2325 1591 2378 τὰ
1643 2325 1765 2380 καθ’

181 2416 403 2488 ἡμέραν
441 2416 785 2486 γιγνόμενα,
814 2417 1171 2488 μνημονεύσω
1214 2415 1284 2469 τὰ
1325 2415 1384 2480 ἐξ
1419 2415 1612 2478 αἰῶνος
1647 2417 1768 2488 ἀρι-

185 2508 414 2580 θμῆσαι.
444 2529 462 2559 ι
491 2509 551 2560 Ei
599 2508 708 2580 γὰρ
760 2509 1028 2580 μέλλοιμι,
1069 2509 1263 2579 φησὶν,
1288 2508 1358 2560 τὰ
1403 2508 1488 2578 ἐφ’
1533 2509 1766 2579 ἑκάστης

181 2603 402 2676 ἡμέρας
429 2604 520 2656 ὑπ’
550 2602 685 2674 ἐμοῦ
712 2602 1057 2673 πραττόμενα
1083 2601 1352 2654 διδάσκειν
1373 2641 1387 2665 ,
1423 2599 1632 2668 ἀνάγκη
1674 2599 1768 2651 καὶ

181 2696 298 2749 τῶν
343 2693 404 2759 ἐξ
452 2695 626 2766 ἀρχῆς
681 2693 776 2746 τοῦ
829 2691 1030 2754 παντὸς
1081 2691 1274 2755 αίῶνος
1301 2690 1476 2762 ἔργων
1526 2687 1766 2760 ἐμαυτοῦ

187 2786 586 2857 μνημονεῦσαι,
625 2785 718 2839 καὶ
748 2785 1118 2855 παραστῆσαι,
1147 2783 1221 2848 ὡς
1248 2783 1342 2836 ἐπὶ
1388 2783 1562 2852 τούτῳ
1618 2798 1685 2852 με
1738 2783 1768 2835 ὁ

181 2880 459 2948 γεννήσας
492 2879 681 2948 Πατὴρ
708 2877 897 2948 ἄρχειν
919 2876 1024 2928 τῶν
1041 2876 1177 2928 ὅλων
1209 2875 1565 2945 κατέστησεν,
1607 2873 1694 2944 ἐφ’
1723 2867 1768 2941 ᾧ

178 2987 244 3023 τε
281 2970 530 3041 ἡγεῖσθαι
554 2969 661 3022 τῶν
687 2969 820 3022 ὁδῶν
842 2967 1030 3029 αὑτοῦ,
1065 2968 1156 3020 καὶ
1194 2967 1302 3020 τῶν
1361 2967 1452 3020 ὑπ’
1487 2965 1650 3020 αὑτοῦ
1698 2966 1767 3019 δι’

183 3062 325 3134 ἐμοῦ
356 3061 736 3132 πεποιημένων
758 3060 955 3130 ἔργων.
986 3060 1076 3111 Διὸ
1106 3057 1412 3122 ἀκολούθως
1448 3058 1641 3126 ὲπάγει
1684 3055 1762 3122 τὸ,

181 3155 403 3222 Κύριος
428 3154 629 3208 ἐκτισέ
652 3169 728 3222 με
752 3151 950 3221 ἀρχὴν
971 3149 1127 3204 ὁδῶν
1154 3149 1370 3211 αὐτοῦ,
1399 3150 1486 3213 εἰς
1520 3147 1591 3200 τὰ
1624 3147 1769 3216 ἔργα

180 3246 395 3310 αὑτοῦ,
425 3246 479 3317 ἢ,
515 3248 730 3314 Κύριος
746 3243 1046 3310 ἐκτήσατό
1066 3259 1163 3311 με,
1191 3239 1332 3295 κατὰ
1370 3240 1466 3310 τὴν
1493 3239 1768 3293 ἀποδοθεῖ-

183 3355 291 3392 σαν
323 3338 636 3409 ἑρμηνείαν.
662 3337 735 3390 Τὸ
761 3335 869 3408 γὰρ
905 3335 1046 3406 μέγα
1078 3334 1262 3404 κτῆμα
1286 3332 1381 3386 τοῦ
1431 3331 1565 3385 Θεοῦ
1600 3333 1628 3384 ὁ
1669 3349 1766 3401 μο-

181 3430 408 3500 νογενὴς
435 3429 562 3492 Υἱὸς
587 3425 677 3499 ἦν,
707 3427 842 3482 καθὸ
877 3428 974 3498 μὲν
1012 3425 1070 3492 ἐξ
1115 3424 1277 3480 αὐτοῦ
1302 3422 1612 3493 γεγέννητο,
1641 3421 1768 3485 Υἱὸς

180 3523 260 3574 ὣν
291 3519 454 3575 αὑτοῦ
475 3538 488 3551 ·
525 3521 660 3574 καθὸ
693 3520 750 3573 δὲ
791 3522 902 3582 τοῖς
935 3519 1098 3572 πᾶσιν
1149 3514 1478 3584 κοινωφελὴς
1514 3513 1610 3567 καὶ
1660 3531 1758 3566 σω-

179 3613 377 3682 τήριος
401 3610 727 3680 καθέστηκε,
745 3610 804 3663 τὸ
831 3609 1085 3681 μέγιστον
1106 3607 1201 3660 κα).
1227 3603 1555 3674 τιμιώτατον
1581 3604 1768 3673 κτῆμα

180 3701 282 3754 τοῦ
305 3700 515 3772 [ἰατρὸς
549 3701 805 3770 ὑπάρχων
838 3716 897 3752 τε
930 3697 1024 3752 καὶ
1048 3696 1450 3767 ὠνομασμένος.
1491 3694 1624 3748 Οὐδὲ
1657 3693 1766 3766 γὰρ

181 3793 316 3848 ἄλλο
338 3811 390 3846 τι
415 3794 607 3861 γένοιτ’
643 3792 708 3846 ἂν
760 3791 957 3861 πατέρι
1016 3790 1131 3844 υἱοῦ
1187 3791 1509 3860 τιμίωτερον
1559 3789 1763 3858 κτῆμα.

185 3879 386 3934 Ἔνθεν
420 3879 512 3934 καὶ
537 3879 1012 3950 ὁπρωτὸπλαστος
1058 3878 1247 3948 Ἀδάμ,
1289 3879 1379 3932 ὅτε
1430 3878 1522 3930 τὸν
1571 3877 1766 3930 ἐνπάν-

183 3971 430 4042 θρώποις
484 3969 700 4039 πρῶτον
758 3971 871 4022 υίὸν
921 3971 1232 4040 ἐκτήσατο,
1279 3968 1471 4040 ἐλέχθη
1526 3968 1619 4022 καὶ
1677 3969 1764 4021 ἐπ’

181 4063 400 4132 ἐκείνῳ,
421 4060 799 4129 Ἐκτησάμην
823 4060 1136 4129 ἄνθρωπον
1173 4061 1270 4114 διὰ
1314 4061 1419 4114 τοῦ
1460 4059 1606 4112 Θεοῦ
1625 4077 1638 4089 ·
1667 4061 1766 4129 τῆς

195 4152 503 4224 Ἑόραϊκῆς
539 4152 720 4221 φωνῆς
785 4151 906 4204 ἀντ).
962 4150 1079 4214 τοῦ,
1128 4150 1499 4220 ἐκτησάμην,
1539 4151 1764 4204 κανίθει

182 4242 568 4316 περιεχούσης.
603 4243 675 4295 Τὸ
696 4241 774 4306 δὲ,
809 4239 1128 4306 ἐκτήσατο,
1151 4239 1306 4294 mira
1323 4241 1450 4311 παρ’
1495 4239 1765 4310 Ἑϐραίοις

181 4339 530 4406 ἐκφωνεῖται.
591 4333 776 4395 Οὕτως
797 4327 889 4385 οὖν
938 4331 1030 4384 ἐπὶ
1079 4330 1173 4383 τοῦ
1233 4329 1484 4401 Ἀϐραὰμ
1526 4328 1760 4400 εἴρηται,

1873 502 2328 558 ministrationem
2396 503 2638 558 omnium
2691 511 2748 558 et
2797 504 3452 573 providentiammtpote

1871 596 1961 666 qui
1987 595 2162 664 Λόγος
2208 607 2374 659 esset,
2405 593 2704 664 Sapientia,
2740 596 2874 662 vita,
2917 597 3097 651 omnis
3122 597 3249 653 boni
3287 607 3451 668 atque

1871 687 2080 756 pulchri
2109 687 2388 756 plenitudo
2411 704 2427 741 :
2455 701 2563 757 quo
2589 702 2688 758 per
2717 702 2840 742 eum
2868 689 3244 759 gubernantur
3263 693 3447 744 omnia

1870 789 1924 834 et
1949 782 2359 836 conserventur.
2398 778 2513 834 Hoc
2543 783 2720 848 ipsum
2763 781 2815 834 in
2855 790 2981 834 ante
3013 781 3206 851 positis
3249 783 3448 838 divinis

1869 870 2104 926 oraculis
2136 871 2391 926 indicavit
2422 873 2556 941 ipse,
2593 872 2840 942 inquiens
2867 888 2882 926 :
2915 869 3022 926 Per
3071 889 3154 927 me
3192 889 3335 944 rcges
3367 890 3449 928 re-

1869 971 2052 1032 gnant,
2092 972 2142 1016 et
2187 971 2422 1032 potentes
2461 963 2730 1033 justitiam
2786 963 3134 1018 determinant
3171 979 3193 1020 :
3224 980 3320 1033 per
3366 982 3445 1018 me

1867 1062 2140 1122 magnam
2159 1053 2592 1123 magniﬁcantur,
2608 1066 2655 1108 et
2677 1055 2940 1124 principes
2961 1071 3053 1123 per
3067 1073 3148 1110 me
3167 1056 3445 1110 dominan-

1869 1153 1958 1194 tur
1995 1141 2209 1196 terrae“.
2259 1140 2419 1199 Modo
2463 1142 2644 1212 itaque
2691 1143 3053 1213 inexplicabili
3091 1159 3186 1212 per
3223 1144 3441 1214 sapien-

1871 1232 1998 1286 tiam
2073 1231 2219 1286 illam
2292 1239 2347 1286 et
2405 1233 2800 1300 providentiam
2884 1234 3242 1289 universalem
3319 1234 3440 1290 Filii

1871 1323 1984 1388 Dei,
2035 1325 2288 1379 universa
2335 1325 2808 1380 administrantur.
2867 1324 2995 1382 Haec
3034 1340 3136 1381 nos
3186 1327 3240 1380 in
3290 1329 3441 1396 prius

1866 1415 2060 1486 positis
2097 1415 2358 1470 edocuit:
2387 1419 2742 1487 hortaturque
2788 1427 2846 1471 ut
2886 1418 2954 1474 ab
2994 1417 3086 1474 illo
3135 1418 3440 1489 dependea-

1869 1522 2039 1562 mus:
2076 1506 2190 1578 Ego
2249 1510 2421 1573 enim,
2481 1508 2689 1579 inquit,
2772 1507 3047 1580 diligentes
3112 1525 3193 1564 me
3256 1510 3438 1580 diligo.

1873 1605 1932 1663 >3
1973 1598 2078 1665 Qui
2107 1615 2188 1654 me
2219 1611 2484 1669 quaerunt,
2517 1602 2838 1656 invenient".
2868 1602 2915 1658 Δ
2951 1603 3224 1658 contraria
3250 1619 3443 1658 rursus

1871 1693 1954 1745 via
1989 1707 2088 1747 nos
2130 1693 2348 1758 avertit,
2390 1693 2478 1748 ubi
2511 1693 2682 1759 addit,
2712 1692 2824 1764 Ego
2860 1693 2983 1751 odio
3006 1692 3167 1748 habui
3199 1694 3306 1750 uias
3336 1695 3441 1747 im-

1803 1767 1844 1820 Β
1869 1785 2076 1853 piorum
2116 1801 2383 1851 perversos
2407 1784 2448 1839 '.
2476 1785 2601 1841 Haec
2641 1793 2697 1842 et
2739 1786 2826 1842 his
2866 1786 3065 1842 similia
3118 1786 3236 1856 ipse
3273 1786 3444 1842 Filius

1871 1876 1991 1940 Dei,
2021 1876 2136 1945 ipse
2175 1876 2378 1931 etenim
2419 1875 2696 1947 Sapientia
2725 1887 2865 1942 erat,
2896 1877 2951 1933 in
2974 1878 3242 1934 mandatis
3268 1877 3438 1935 dedit.

1866 1969 2043 2036 Atque
2075 1969 2150 2022 ita
2201 1969 2254 2024 in
2317 1971 2667 2039 sequentibus
2712 1970 2996 2040 mysticam
3035 1973 3118 2026 sui
3172 1972 3440 2041 cognitio-

1867 2073 1992 2114 nem
2023 2059 2188 2115 tradit
2213 2060 2278 2115 iis
2301 2061 2496 2131 quibus
2512 2061 2663 2131 prius
2692 2061 2986 2129 profuerat,
3012 2061 3261 2132 inquiens
3287 2081 3302 2118 :
3333 2079 3353 2114 ι
3379 2061 3438 2116 Si

1867 2150 2266 2207 annuntiavero
2293 2150 2447 2207 vobis
2484 2167 2604 2222 quae
2627 2152 2694 2207 de
2716 2152 2803 2208 die
2838 2152 2890 2206 in
2915 2153 3058 2207 diem
3091 2153 3313 2219 ﬁebant,
3341 2169 3439 2209 ne-

1867 2256 2024 2298 cesso
2048 2251 2130 2298 εει
2150 2252 2210 2298 ut
2230 2258 2546 2298 enumerem
2569 2259 2691 2313 quae
2719 2260 2751 2300 a
2784 2245 2982 2300 8801110
3013 2260 3411 2302 commemoran
3429 2274 3442 2287 ⁸

1869 2343 2010 2391 tum
2038 2335 2149 2390 Hoc
2167 2344 2274 2401 est,
2301 2338 2346 2389 si
2365 2349 2459 2390 vos
2476 2335 2635 2391 velim
2661 2336 2855 2391 docere
2877 2337 2966 2390 illa
2991 2351 3110 2406 quae
3141 2353 3170 2391 a
3202 2352 3288 2392 me
3304 2353 3441 2408 quo-

1870 2425 1999 2481 tidie
2050 2427 2219 2490 ﬁunt,
2285 2439 2506 2481 necesse
2557 2437 2642 2482 est
2688 2436 2748 2484 ut
2788 2427 2942 2484 vobis
2981 2428 3236 2497 replicem
3274 2444 3437 2500 opera

1867 2531 1987 2572 mea
2022 2517 2090 2572 ab
2113 2517 2269 2573 initio
2290 2517 2634 2584 saeculorum,
2658 2530 2713 2573 et
2731 2519 2784 2573 in
2808 2519 3129 2574 memoriam
3165 2535 3438 2588 revocem,

1868 2607 2010 2676 quod
2053 2622 2139 2662 me
2169 2607 2329 2662 Pater
2350 2609 2440 2676 qui
2467 2610 2672 2677 genuit,
2703 2611 2994 2667 constituit
3023 2610 3310 2668 Dominum
3345 2629 3441 2669 su-

1867 2713 1966 2768 per
2013 2701 2236 2754 omnia:
2265 2709 2322 2754 ut
2359 2701 2435 2754 ita
2483 2701 2699 2770 praesim
2739 2716 2841 2773 ego
2875 2702 2978 2757 viis
3001 2702 3212 2771 ipsius,
3257 2713 3313 2758 et
3345 2705 3441 2759 im-

1870 2805 2051 2860 perem
2101 2792 2358 2862 operibus
2408 2792 2527 2862 ejus
2573 2807 2670 2862 per
2727 2810 2816 2849 me
2862 2795 3118 2849 conditis.
3170 2793 3442 2862 Quocirca

1868 2894 2264 2951 consequenter
2289 2884 2491 2950 intulit,
2520 2883 2778 2940 Dominus
2801 2886 2994 2940 creauit
3017 2902 3099 2942 me
3125 2886 3441 2955 principium

1867 2972 2074 3026 uiarum
2095 2989 2313 3027 suarum
2333 2972 2402 3026 ad
2429 2989 2587 3042 opera
2610 2989 2731 3030 sua.
2765 2975 2896 3037 Aut,
2923 2975 3218 3028 secundum
3245 2987 3442 3042 reprte-

1869 3072 2138 3119 sentatam
2195 3064 2696 3135 interpretationem
2718 3103 2734 3130 ,
2767 3063 3028 3120 Dominus
3073 3065 3304 3134 possedit
3338 3081 3438 3123 me.

1867 3155 2060 3224 Magna
2093 3155 2360 3224 siquidem
2396 3154 2491 3209 Dei
2531 3156 2808 3225 possessio
2834 3196 2849 3219 ,
2900 3167 3017 3212 erat
3043 3157 3213 3212 Filius
3255 3159 3443 3228 unige-

1867 3246 2014 3300 nitus
2047 3263 2062 3302 :
2098 3261 2165 3301 eo
2189 3247 2332 3315 quod
2364 3261 2430 3301 ex
2458 3247 2577 3316 ipso
2601 3250 2814 3317 genitus
2833 3248 3003 3303 Filius
3035 3257 3155 3303 erat
3184 3249 3302 3319 ejus
3333 3264 3348 3303 :
3377 3265 3443 3303 eo

1867 3346 2047 3390 autem
2075 3338 2218 3405 quod
2257 3336 2510 3391 omnibus
2547 3337 2838 3407 proﬁciens
2870 3347 2924 3394 et
2951 3338 3179 3393 salutem
3207 3337 3442 3394 aﬂ‘erens

1867 3428 2321 3492 constituebatur,
2373 3429 2610 3482 maxima
2665 3438 2720 3484 et
2776 3439 2896 3484 erat
2945 3439 3002 3484 et
3056 3429 3442 3485 nominabatur

1868 3521 2138 3587 possessio
2185 3518 2268 3574 sui
2317 3518 2518 3576 Patris.
2545 3518 2730 3589 Neque
2763 3521 2907 3575 enim
2946 3522 3084 3590 patri
3135 3519 3306 3590 magis
3355 3519 3444 3573 bo-

1867 3611 2124 3664 norabilis
2162 3619 2217 3666 et
2263 3621 2418 3680 grata
2464 3611 2752 3682 contigerit
2803 3613 3074 3680 possessio
3100 3652 3115 3678 ,
3153 3626 3316 3681 quam
3357 3620 3443 3666 est

1875 3701 2036 3756 ﬁlius.
2079 3702 2233 3758 Unde
2271 3713 2326 3757 et
2371 3704 2543 3756 Adam
2581 3703 2673 3757 ille
2715 3702 3123 3772 protoplastes,
3165 3717 3289 3758 cum
3331 3703 3442 3771 pri-

1867 3808 2012 3848 mum
2045 3795 2359 3862 possederat
2409 3794 2579 3849 ﬁliutn
2607 3835 2622 3859 ,
2673 3804 2730 3848 ut
2793 3796 2954 3848 homo
2999 3793 3172 3858 dixit,
3217 3793 3439 3848 Ροεηάί

1867 3885 2129 3938 hominem
2174 3901 2206 3938 a
2236 3883 2342 3938 Deo
2366 3886 2411 3940 ’.
2460 3885 2561 3942 Ubi
2607 3886 2657 3940 in
2703 3885 2930 3940 Hebmo
2958 3895 3043 3940 est.
3073 3901 3169 3956 pro
3210 3885 3439 3954 possedi,

1866 3973 2065 4027 canit/ti
2109 3984 2210 4028 :et
2245 3989 2345 4044 pro
2379 3978 2633 4043 possedit,
2677 3993 2832 4034 cana.
2882 3975 2973 4032 Sic
3020 3978 3086 4032 de
3129 3976 3440 4030 Abrahamo

1866 4075 2190 4134 usurpatur:
2213 4067 2348 4136 Ager
2371 4084 2522 4137 quem
2551 4069 2781 4136 possedit
2811 4069 3075 4124 Abraham
3095 4085 3110 4134 ;
3129 4069 3182 4122 in
3215 4066 3440 4123 Hebraeo

1865 4168 1948 4213 est
1988 4175 2144 4224 cana,
2172 4174 2293 4227 qua:
2325 4171 2410 4214 est
2437 4160 2626 4214 eadem
2659 4176 2764 4214 vox
2791 4170 3048 4232 usurpata
3075 4162 3150 4227 in,
3183 4160 3440 4214 Dominus

1863 4251 2095 4317 possedit
2143 4265 2226 4304 me
2275 4252 2593 4322 principium
2648 4253 2851 4308 uiarum
2904 4268 3122 4307 suarum
3170 4252 3239 4306 ad
3280 4267 3440 4320 opera

1865 4354 1985 4392 sua.
2038 4337 2190 4394 Unde
2216 4355 2340 4394 cum
2376 4342 2573 4397 ibidem
2613 4358 2715 4397 vox
2749 4359 2882 4397 cana
2929 4342 3030 4408 sit,
3069 4341 3444 4411 conspiranter

180 4433 295 4486 τὸν
319 4430 504 4500 ἀγρὸν
560 4428 632 4483 ὃν
688 4427 987 4496 ἐκτήσατο
1038 4426 1303 4493 Ἀϐραὰμ,
1340 4423 1454 4477 ἀνθ’
1488 4415 1549 4477 οὗ
1582 4423 1644 4475 τὸ
1681 4423 1763 4475 Ἐ-

1867 4444 2058 4484 omnes
2105 4432 2391 4488 reddidere
2438 4434 2769 4503 interpretes
2827 4433 3079 4502 possedit.
3132 4431 3265 4486 Illud
3309 4445 3443 4486 vero

177 4525 409 4598 ϐραῖκὸν
438 4523 593 4578 activa
617 4521 889 4593 περιέχειο
921 4520 1022 4590 τῆς
1055 4520 1226 4588 αὐτῆς
1266 4517 1468 4581 λέξεως
1501 4514 1760 4586 κειμένης

177 4617 318 4685 παρ’
352 4615 618 4685 Ἑϐραίοις
640 4615 730 4668 καὶ
757 4615 815 4665 ὲν
843 4611 940 4681 τῷ,
978 4612 1191 4678 Κύριος
1235 4609 1436 4662 ἐκτισέ
1462 4624 1538 4676 με
1564 4606 1760 4675 ἀρχὴν

176 4706 342 4763 ὁδῶν
364 4706 551 4760 αὑτοῦ
571 4708 657 4770 εἰς
683 4706 825 4774 ἔργα
839 4703 1044 4757 αὐτοῦ.
1062 4704 1174 4755 Καὶ
1191 4698 1421 4754 ἐνταῦθα
1441 4697 1550 4770 γὰρ
1567 4716 1650 4752 κει
1658 4699 1758 4768 μέ-

174 4816 283 4870 νης
301 4799 404 4868 τῆς
433 4797 588 4852 κάνα
614 4796 830 4864 λέξεως,
853 4795 935 4859 τὸ,
958 4794 1278 4862 ἐκτήσατο.
1306 4791 1506 4853 πάντες
1531 4789 1757 4860 συμφώ-

174 4909 291 4955 νως
317 4889 674 4944 ὲκδεδώκασιν
699 4892 745 4943 οἱ
794 4886 1120 4960 ἐρμτινευταί
1142 4902 1154 4915 ·
1194 4884 1256 4938 τὸ
1302 4883 1358 4936 δὲ
1395 4882 1529 4953 (71),
1552 4881 1758 4936 ἔκτισε

1867 4521 2139 4587 condidit,
2193 4524 2439 4594 rejicitur
2493 4527 2562 4580 ab
2613 4526 2877 4591 Hebraeis,
2935 4540 3036 4579 nec
3082 4524 3134 4577 in
3187 4523 3441 4594 praesenti

1864 4611 2132 4680 scriptura
2162 4616 2447 4686 reperitur.
2483 4615 2788 4671 Plurimum
2839 4631 2970 4669 vero
3016 4613 3196 4668 diﬁ‘ert
3233 4613 3440 4681 ἔκτισε,

1865 4704 2062 4757 creavit
2121 4714 2176 4759 et
2224 4708 2528 4779 ἐκτήσατο,
2558 4708 2785 4776 possedit
2814 4722 2833 4762 :
2861 4723 2983 4762 cum
3013 4706 3139 4760 illud
3172 4705 3444 4774 signiﬁcet

1865 4795 2138 4850 communi
2174 4798 2416 4864 notione,
2449 4809 2828 4854 creaturarum
2853 4811 3196 4865 processum,
3229 4795 3296 4849 de
3332 4809 3439 4848 non

1865 4898 1985 4940 esse
2031 4889 2100 4944 ad
2154 4890 2450 4946 subsistere
2495 4908 2507 4944 :
2549 4891 2652 4944 hoc
2703 4904 2832 4943 vero
2882 4887 2958 4942 rei
3011 4885 3442 4958 prmexsistentis

255 5060 315 5119 ὦ
346 5054 444 5109 Ed.
475 5049 671 5118 Paris.,
701 5065 822 5120 pag.
857 5048 980 5106 155.
1056 5047 1077 5078 ⁸
1106 5047 1260 5100 Prov.
1290 5060 1408 5108 νιιι,
1444 5041 1532 5106 15,
1568 5040 1654 5094 16.
1729 5043 1749 5074 ⁷

1866 5043 1906 5096 Ι.
1935 5041 2021 5096 1⁸7.
2099 5043 2122 5075 ⁸
2158 5043 2284 5098 ibid.
2316 5044 2406 5098 20.
2481 5046 2502 5078 ⁸
2536 5044 2672 5101 Cen.
2711 5044 2784 5111 tv,
2811 5045 2862 5101 1.

390 5226 560 5308 Ϊιιίεο
593 5225 910 5308 παρίστησι.

279 5301 368 5368 69)
399 5298 565 5367 Vulgo
598 5298 706 5352 om.
739 5298 856 5352 τοῦ.

251 5369 572 5444 (Ψυριιεο
610 5370 638 5421 ὁ
669 5368 1072 5444 ξιατιλάμενος·

251 5435 365 5510 (71)
385 5440 644 5510 Ἕκτισε.
667 5435 1076 5510 ὃίοίιρευῂιιυιιι,
1093 5435 1340 5510 provulg.
1362 5435 1751 5510 ἔκτησεΒεοῑθ

173 5506 444 5568 Eusebius
476 5508 548 5559 ait
579 5506 860 5575 legendum
890 5506 976 5560 hic
1016 5507 1458 5574 possedit,etnou
1479 5506 1746 5560 condidit.

176 5581 336 5636 Libet
367 5577 660 5639 ascribere,
690 5593 808 5644 quae
835 5577 1001 5630 Basil.
1045 5577 1206 5631 habet
1244 5578 1334 5630 lib.
1375 5593 1434 5638 ιι.
1463 5587 1600 5631 cont.
1635 5575 1750 5628 Eu—

177 5667 324 5704 nom.
369 5646 520 5719 Ἐγὼ-
535 5647 597 5719 δὲ
625 5647 795 5700 πολλὰ
842 5647 980 5717 ἔχων
1011 5649 1188 5719 Δεἰπεῖν
1245 5648 1373 5719 περὶ
1413 5648 1520 5719 τῆς
1565 5645 1751 5719 φωνῆς

174 5720 403 5789 ταύτης,
426 5717 558 5789 μηδὲ
571 5719 745 5771 ἐκεῖνο
769 5717 1230 5789 ἀπαρασήμαντον
1272 5717 1596 5786 καταλείψω.
1627 5718 1748 5769 Ὅτι

1864 5228 2012 5300 ἄλλοι
2042 5227 2150 5282 τῶν
2199 5225 2602 5300 ἑργμηνέωνποί
2656 5221 3130 5300 καιριώτεροντῆς
3169 5220 3444 5300 σημασίας

1855 5298 1966 5371 τῶν
2006 5291 2308 5371 Ἐϐραίίκξῖὶν
2331 5291 2712 5371 καθικόμενοι,
2752 5291 3042 5371 ξκτήσατό-
3073 5291 3139 5371 με
3183 5291 3441 5371 ᾲντὶξοῦ

1857 5369 2070 5423 ἔκτισεν
2105 5359 2468 5438 ἓκδεδὼκασιν
2487 5384 2501 5398 ο
2533 5359 2670 5438 ὅπερ
2701 5359 3166 5438 μέγιστον-αὐτοῖς
3188 5359 3443 5438 ἐμπόδιον

1857 5438 2011 5510 ἔσται
2046 5440 2182 5510 πρὸς
2229 5438 2326 5510 τὴν
2363 5429 2715 5510 βλασφημίαν
2751 5429 2848 5510 τοῦ
2894 5429 3232 5510 κτίσματοςξ
3333 5429 3440 5510 γάρ

1858 5509 2049 5597 εἰπὼν,
2080 5498 2396 5597 ἐκτησάμην
2413 5498 2718 5597 ³ἄνθριξυίιιον
2745 5504 2834 5559 διὰ
2855 5503 2949 5590 τοῦ
2991 5498 3148 5597 Θεηῦ,
3173 5498 3295 5571 οὐχ).
3319 5498 3439 5597 κτξ

1858 5595 1959 5643 σας
1982 5570 2072 5632 τδν
2105 5570 2266 5642 Καΐν,
2293 5570 2451 5648 ’ἀλλά
2471 5570 2760 5648 γεννήσας,
2792 5574 2965 5648 ταύτῃ
3001 5570 3254 5643 φαίνεται
3300 5570 3439 5641 χρή-

1861 5666 2090 5720 σαμενος
2107 5652 2172 5720 τῇ
2197 5651 2366 5721 φωνῇ.
2408 5647 2476 5701 Μ.
