3828 6222
375 318 477 376 979

1043 310 1317 371 EUSEBII
1353 307 1832 368 CA'ZSARIENSIS
1866 306 2018 366 OPP.
2058 303 2241 365 PARS
2280 308 2368 366 IV.
2410 342 2478 351 —-
2519 309 2945 368 DOGMATICA.

3528 310 3637 367 980

375 436 815 509 possessionem,
863 443 921 489 et
967 432 1354 503 proprietatem
1385 430 1716 501 peculiarem
1775 428 1938 499 possi-

2056 427 2458 499 παραλέλεκται
2522 430 2652 500 παρ’
2692 427 2987 500 Ἑϐραίοις,
3040 427 3178 498 ὅπερ
3230 424 3293 478 οὔ
3333 426 3511 478 κεῖται
3539 421 3635 477 ἐπὶ

374 532 573 586 dentis.
606 527 858 596 Inquiens
885 526 1006 581 ideo
1039 525 1133 580 Dei
1163 524 1370 591 Filius,
1408 523 1667 577 Dominus
1715 522 1948 577 condidit

375 639 459 677 me
487 620 802 691 principium
830 619 1040 673 viarum
1070 632 1293 671 suarum
1325 616 1397 671 ad
1428 631 1588 685 opera
1624 632 1757 683 sua,
1786 617 1950 672 simul

375 722 434 767 et
460 709 578 783 ejus
597 700 812 766 indicat
847 708 1344 779 prmexsistentiam
1368 745 1384 772 ,
1432 717 1489 763 et
1527 709 1851 779 peculiarem
1881 709 1950 763 ad

374 805 594 864 Patrem
642 803 1070 876 proprietatem;
1115 815 1324 857 necnon
1373 799 1663 856 utilitatem
1693 805 1752 863 ἧι
1783 815 1947 870 quam

373 902 600 964 paterna
641 895 759 962 ejus
804 906 968 964 Opera
998 932 1015 957 ,
1067 891 1136 947 de
1183 891 1329 946 illius
1375 890 1846 946 administratione
1893 900 1951 946 et

375 987 717 1056 providentia
747 996 1068 1057 perceptura
1101 994 1261 1041 erant
1300 1002 1316 1040 :
1357 985 1482 1041 inde
1509 995 1562 1040 et
1597 983 1781 1052 infert,
1813 983 1949 1038 Ante

373 1076 569 1134 swcula
600 1078 838 1148 [undavit
863 1094 967 1133 me.
1003 1076 1072 1132 In
1105 1078 1366 1147 principio
1400 1079 1706 1147 priusquam
1751 1086 1946 1130 terram

372 1178 602 1245 faceret,
627 1182 904 1243 antequam
931 1171 1221 1241 prodierint
1255 1169 1426 1239 fontes
1442 1182 1744 1238 aquarum:
1772 1167 1948 1237 prius-

371 1282 530 1337 quam
562 1275 761 1319 montes
796 1260 1180 1326 stabilirentur,
1226 1268 1350 1314 ante
1373 1275 1550 1314 omnes
1589 1258 1747 1313 colles
1765 1257 1945 1328 genuit

370 1374 455 1413 me
488 1358 555 1412 ¹⁶.
586 1354 792 1424 Quibus
815 1353 1047 1424 singulis
1074 1351 1407 1416 declaratur,
1449 1366 1615 1420 quam
1664 1349 1830 1405 fuerit
1859 1350 1947 1404 ille

372 1448 522 1503 utilis
564 1455 620 1503 et
663 1444 1001 1501 necessarius
1046 1457 1228 1497 rerum
1261 1442 1601 1498 universitati
1640 1459 1654 1496 :
1689 1444 1945 1499 docetur-

370 1552 477 1606 que
503 1537 644 1609 quod
668 1546 723 1592 et
737 1542 876 1600 erat,
901 1543 956 1589 et
975 1541 1103 1588 ante
1132 1544 1270 1597 erat,
1294 1541 1348 1587 et
1381 1541 1506 1587 ante
1533 1533 1790 1587 mundum
1821 1532 1938 1587 uni-

366 1644 587 1684 versum
626 1627 975 1694 subsistebat,
1045 1635 1101 1683 et
1126 1626 1287 1683 rebus
1322 1627 1574 1682 omnibus
1596 1626 1942 1698 praesidebat.

366 1722 502 1776 Cum
552 1721 697 1777 enim
733 1720 787 1774 in
830 1720 1053 1775 historia
1090 1719 1387 1776 creationis
1407 1718 1585 1776 Moses
1612 1721 1943 1790 supercmle-

2049 522 2151 591 τῆς
2210 522 2581 593 προκειμένης
2629 521 2869 592 γραφῆς.
2927 519 3160 590 Πλείστη
3219 518 3267 572 δ’
3313 517 3380 572 ἂν
3428 515 3641 586 γένοιτο

2048 612 2166 680 τοῦ,
2198 614 2421 679 ἔκτισε,
2447 613 2541 667 καὶ
2570 611 2690 677 τοῦ,
2721 610 3041 679 ἐκτήσατο,
3070 609 3301 682 διαφορά
3322 608 3402 680 τῷ
3414 607 3515 679 τὴν
3539 608 3642 678 μὲν

2049 707 2226 762 κτίσιν
2246 707 2389 761 κατὰ
2411 707 2510 779 τὴν
2542 706 2856 777 κοινοτέραν
2878 705 3140 772 διάνοιαν,
3167 703 3265 775 τὴν
3292 705 3359 756 ἐκ
3403 701 3499 756 τοῦ
3557 700 3639 771 μὴ

2048 801 2199 862 ὄντος
2232 800 2314 864 εἰς
2342 799 2405 852 τὸ
2425 794 2565 853 εἶναι
2600 797 2833 870 πάροδον
2869 796 3184 868 σημαίνειν·
3212 794 3311 867 τὴν
3335 794 3393 847 δὲ
3419 792 3639 864 κτῆσιν,

2047 890 2143 944 τοῦ
2170 891 2622 963 προϋπάρχοντος
2666 889 2973 953 ἰδιάζουσαν
3011 889 3320 957 οἰκειότητα
3367 885 3505 956 πρὸς
3541 884 3641 937 τὸν

2046 981 2342 1054 κτώμενον.
2399 981 2588 1050 Λέγων
2619 981 2799 1036 τοίνυν
2830 983 2859 1034 ὁ
2899 981 3031 1043 Υἱδς
3062 978 3157 1032 τοῦ
3187 978 3322 1032 Θεοῦ
3374 977 3457 1041 τὸ,
3508 976 3639 1030 Κύ-

2040 1093 2171 1141 ριος
2196 1073 2399 1128 smus
2406 1092 2483 1144 με
2507 1072 2706 1144 ἀρχὴν
2733 1072 2891 1129 ὁδῶν
2911 1072 3099 1128 αὑτοῦ
3129 1075 3216 1139 εἰς
3251 1072 3395 1141 ἔργα
3419 1069 3638 1138 αὐτοῦ,

2045 1166 2180 1237 ὁμοῦ
2240 1167 2335 1220 καὶ
2399 1167 2497 1238 τὴν
2556 1167 2902 1239 προύπαρξιν
2943 1163 3109 1219 αὐτοῦ
3156 1163 3341 1237 ἐδήλου
3397 1162 3493 1217 καὶ
3529 1161 3639 1233 τὴν

2048 1258 2354 1323 ἰδιάζουσαν
2389 1259 2528 1331 πρὸς
2582 1258 2674 1311 τὸν
2707 1257 2927 1329 Πατέρα
2968 1256 3275 1326 οἰκειότητα
3300 1297 3317 1320 ,
3360 1252 3497 1325 ὁμοῦ
3535 1253 3641 1308 καὶ

2043 1349 2106 1402 τὸ
2129 1351 2399 1421 χρήσιμον
2425 1349 2520 1402 καὶ
2547 1350 2840 1417 ἀναγκαῖον
2857 1348 2955 1419 τῆς
2986 1346 3212 1410 οἰκείας,
3240 1345 3366 1417 περὶ
3406 1343 3475 1397 τὰ
3525 1359 3641 1397 πα-

2044 1442 2195 1514 τρῷα
2228 1443 2386 1515 ἔργα,
2442 1441 2701 1514 προνοίας
2764 1459 2824 1494 τε
2855 1440 2949 1494 καὶ
2990 1440 3326 1511 διοικήσεως.
3377 1436 3470 1490 Διὸ
3501 1436 3638 1507 ἐξῆς

2044 1536 2260 1606 ἐπάγει,
2309 1534 2430 1604 11ρύ
2455 1534 2563 1588 τοῦ
2587 1532 2803 1600 αἰῶνος
2839 1530 3199 1602 ὲθεμελίωσέ
3224 1546 3335 1600 με·
3367 1530 3438 1582 ἐν
3469 1527 3639 1599 ἀρχῇ

2045 1628 2159 1698 πρὸ
2196 1627 2303 1682 τοῦ
2327 1626 2443 1695 τὴν
2474 1623 2589 1696 γῆν
2613 1623 2882 1694 ποιῆσαι,
2904 1624 3018 1694 πρὸ
3042 1624 3149 1678 τοῦ
3176 1622 3490 1693 προελθεῖν
3519 1621 3638 1690 τὰς

2047 1719 2244 1791 πηγὰς
2290 1718 2408 1772 τῶν
2461 1718 2728 1773 ὑδάτων
2785 1716 2900 1786 πρὸ
2958 1715 3066 1770 τοῦ
3115 1715 3222 1785 ὄρη
3242 1713 3635 1785 ἑδρασθῆναι,

366 1814 530 1867 stium
560 1823 617 1869 et
662 1813 1012 1870 invisibilium
1067 1821 1394 1883 potestatum
1449 1813 1780 1868 mentionem
1830 1828 1937 1868 non

2056 1813 2155 1881 τρὸ
2179 1811 2292 1883 (72)
2340 1810 2411 1864 δὲ
2458 1809 2703 1864 πάντων
2742 1807 2993 1874 ,Βουνῶν
3046 1805 3235 1879 γεννᾷ
3265 1823 3371 1877 με·
3431 1806 3501 1860 δι’
3550 1800 3639 1861 ὧν

366 1907 590 1962 fecisset
610 1907 833 1962 omnino
857 1906 1018 1960 ullam
1039 1945 1056 1972 ,
1084 1913 1308 1975 propter
1334 1903 1547 1959 illorum
1574 1903 1943 1974 imperfectio-

365 2012 490 2051 nem
518 1997 610 2067 qui
634 1997 915 2052 erudiendi
941 2005 1100 2051 erant
1129 2010 1224 2065 per
1251 1994 1401 2049 illum
1437 2012 1453 2049 :
1482 2007 1541 2050 at
1580 1995 1768 2050 mundi
1797 1995 1940 2049 iuvi-

365 2089 541 2146 sibilis
564 2091 971 2160 productionem
999 2089 1176 2145 obiret
1198 2097 1254 2144 et
1279 2098 1514 2157 quatuor
1542 2088 1938 2145 elementorum

363 2182 587 2237 fecisset
616 2181 671 2235 in
698 2180 966 2251 principio
995 2180 1329 2236 mentionem
1370 2179 1518 2244 caeli,
1550 2190 1729 2247 terrae,
1760 2179 1941 2252 abyssi

362 2283 420 2327 et
450 2288 624 2342 aquae,
652 2272 879 2328 istorum
909 2273 1015 2328 duo
1040 2287 1071 2326 a
1099 2272 1208 2328 Deo
1237 2283 1420 2329 creata
1452 2273 1590 2328 dixit
1618 2287 1788 2329 :.nam
1839 2273 1938 2337 ait,

359 2369 429 2423 In
450 2367 706 2438 principio
722 2367 915 2421 creavit
954 2364 1092 2420 Deus
1127 2365 1315 2419 calum
1336 2375 1383 2419 et
1411 2376 1609 2420 terram
1629 2366 1694 2420 ιι.
1731 2367 1800 2419 At
1832 2378 1938 2419 non

360 2460 428 2514 ad
473 2459 618 2514 hunc
660 2458 880 2512 modum
929 2457 998 2513 de
1039 2472 1182 2527 aqua
1220 2467 1277 2512 et
1322 2457 1519 2529 abysso
1556 2457 1765 2514 locutus
1809 2469 1933 2515 est:

359 2549 515 2619 quasi
543 2558 600 2604 et
622 2547 711 2602 illa
740 2563 770 2603 a
813 2547 925 2603 Deo
948 2548 1207 2618 producta
1228 2548 1415 2603 fuisset
1451 2567 1465 2603 :
1497 2550 1590 2604 sed
1615 2550 1937 2620 simpliciter

360 2643 498 2697 dixit
524 2681 542 2706 ,
574 2639 643 2695 Et
679 2642 906 2696 tenebris
956 2650 1105 2694 erant
1137 2655 1293 2709 super
1325 2640 1570 2710 abyssum
1598 2680 1613 2705 ,
1639 2652 1687 2695 et
1717 2643 1936 2711 spiritus

356 2735 458 2789 Dei
500 2734 768 2804 ferebatur
804 2750 962 2803 super
995 2751 1164 2805 aquas
1199 2735 1265 2792 ¹¹.
1309 2733 1632 2789 Necessario
1672 2749 1768 2803 per
1795 2749 1937 2804 pra:-

356 2827 501 2880 dicta
534 2825 755 2891 docuit,
789 2834 847 2879 ut
874 2835 929 2880 et
954 2824 1123 2880 Filius
1165 2825 1257 2905 Dei
1283 2864 1299 2888 ,
1349 2826 1491 2894 quod
1532 2826 1722 2895 genita
1753 2837 1932 2895 erant,

354 2927 413 2971 et
449 2920 593 2989 quod
623 2919 740 2989 ipse
757 2929 884 2973 ante
912 2919 1003 2973 illa
1037 2918 1218 2973 omnia
1241 2917 1343 2971 fuit
1373 2936 1386 2973 :
1415 2926 1469 2972 et
1494 2934 1588 2988 per
1621 2920 1792 2983 ipsum
1818 2936 1937 2976 om-

2044 1904 2301 1959 ἀπάντων
2322 1903 2383 1956 τὸ
2414 1902 2475 1968 ἐξ
2503 1901 2670 1955 αὐτοῦ
2709 1900 2987 1965 λυσιτελὲς
3036 1900 3132 1953 καὶ
3167 1901 3465 1968 ἀναγκαῖον
3514 1901 3638 1964 τοῖς

2042 1997 2208 2050 πᾶσιν
2235 1995 2597 2049 ἐνδείκνυται·
2636 1995 2718 2048 ὅτι
2749 2010 2810 2047 τε
2849 1989 2940 2064 ἦν,
2971 1995 3067 2047 καὶ
3119 1993 3333 2065 προῆν,
3392 1993 3489 2046 καὶ
3530 1992 3637 2046 τοῦ

2042 2089 2357 2160 σύμπαντος
2415 2087 2621 2159 κόσμου
2685 2086 3008 2160 προῦπῆρχέ
3063 2103 3123 2140 τε
3184 2087 3281 2140 καὶ
3334 2086 3639 2157 καθηγεῖτο

2038 2181 2353 2250 ἀναγκαίως
2393 2180 2685 2234 διδάσκων.
2745 2180 2991 2244 Μωσέως
3015 2180 3147 2252 γὰρ,
3196 2181 3255 2233 ἐν
3303 2182 3373 2252 τῇ
3423 2197 3635 2250 κοσμο-

2040 2274 2193 2347 ποιίᾳ
2221 2273 2332 2327 τῶν
2369 2273 2467 2345 μὲν
2494 2271 2883 2344 ὑπερκοσμίων
2934 2273 3031 2327 καὶ
3078 2271 3301 2341 ἀφανῶν
3343 2272 3638 2342 δυνάμεων

2042 2365 2312 2438 μηδεμίαν
2374 2365 2592 2437 μνήμην
2624 2364 2992 2436 πεποιημένου
3046 2365 3135 2419 διὰ
3190 2364 3253 2418 τὸ
3289 2363 3481 2428 ἀτελὲς
3516 2364 3635 2417 τῶν

2036 2457 2105 2511 δι’
2135 2455 2299 2510 αὐτοῦ
2333 2455 2869 2526 παιδαγωγουμένων
2886 2496 2901 2521 ,
2934 2454 3027 2509 τοῦ
3059 2455 3118 2508 δὲ
3175 2453 3373 2526 ὁρατοῦ
3416 2454 3635 2524 κόσμου

2037 2548 2136 2621 τὴν
2175 2546 2430 2602 σύστασιν
2458 2546 2821 2614 διεξελθόντος
2843 2587 2859 2614 ,
2894 2546 3169 2617 τεττάρων
3232 2562 3294 2599 τε
3343 2545 3635 2615 στοιχείων

2037 2645 2096 2696 ἐν
2129 2644 2271 2715 ἀρχῇ
2299 2658 2403 2713 μνη
2413 2640 2797 2712 μονεύσαντος,
2832 2637 3065 2712 ούρανοῦ
3087 2639 3180 2692 καὶ
3202 2639 3307 2709 γῆς
3339 2637 3433 2692 καὶ
3461 2636 3637 2691 ἀϐύσ-

2039 2754 2132 2790 σου
2159 2739 2254 2791 καὶ
2283 2736 2508 2804 ὓδατος,
2554 2738 2772 2793 καὶδύο
2828 2737 2927 2808 μὲν
2981 2734 3311 2807 πεποιῆσθαι
3376 2733 3481 2787 ὑπὸ
3526 2733 3633 2787 τοῦ

2037 2829 2173 2882 Θεοῦ
2202 2830 2315 2901 (75)
2340 2832 2645 2906 εἰρηκότος·
2664 2828 2933 2900 Ἔνὰρχῇ
2966 2829 3095 2900 γὰρ,
3119 2829 3303 2899 φησὶν,
3335 2827 3638 2895 ἐποίησεν·

2036 2925 2070 2975 ὁ
2090 2922 2230 2989 Θεὸς
2266 2923 2373 2976 τὸν
2401 2922 2666 2991 οὐρανὸν
2681 2921 2779 2976 καί
2803 2920 2918 2990 τὴν
2938 2920 3057 2991 γῆν
3074 2937 3088 2950 ·
3117 2922 3216 2973 οὐκ
3245 2919 3325 2973 ἔτι
3349 2919 3406 2972 δὲ
3425 2918 3637 2991 ὁμοίως

356 3011 448 3063 nia
498 3010 715 3064 condita
752 3020 877 3064 sunt
906 3027 922 3064 :
955 3008 1077 3063 ideo
1121 3008 1236 3073 ait,
1283 3008 1419 3062 Ante
1461 3011 1656 3064 saecula
1697 3010 1935 3079 fundavit

2056 3015 2132 3066 ιαὶ
2158 3014 2250 3068 ἐπὶ
2268 3015 2362 3067 τοῦ
2395 3014 2585 3077 ὓδατος
2617 3014 2712 3067 καὶ
2734 3013 2834 3083 τῆς
2861 3011 3100 3067 ἀϐύσσου
3137 3010 3500 3083 μνησθέντος,
3549 3010 3636 3075 ὥς

355 3118 438 3156 me
462 3142 479 3164 ,
530 3103 588 3156 in
630 3101 892 3171 principio
919 3140 933 3163 ,
966 3101 1272 3170 priusquam
1315 3110 1507 3153 terram
1549 3103 1791 3156 conderet
1825 3119 1844 3157 :
1883 3115 1933 3158 et

2056 3104 2144 3175 ἱρα
2174 3104 2258 3175 εἴη
2288 3107 2382 3159 καὶ
2413 3105 2589 3160 ταῦτα
2607 3104 2864 3175 γεννητά,
2927 3102 3042 3157 ἀλλ’
3075 3102 3263 3166 ἁπλῶς
3318 3102 3637 3173 εἰρηκότος,

352 3196 661 3264 priusquam
679 3195 893 3264 abyssos
915 3192 1106 3255 faceret
1124 3209 1144 3246 :
1155 3193 1461 3262 priusquam
1484 3196 1799 3249 scaturirent
1812 3196 1938 3265 fon-

2056 3198 2148 3253 Καὶ
2173 3199 2393 3263 σκότος
2416 3195 2618 3250 ἐπάνω
2640 3194 2750 3264 τῆς
2769 3196 3067 3262 ἀϐύσσου,
3092 3196 3192 3249 καί
3221 3196 3457 3265 πνεῦμα
3474 3195 3638 3250 Θεοῦ

350 3293 430 3340 tes
447 3284 772 3352 aquarum".
791 3283 1018 3339 Istorum
1037 3284 1221 3351 trium,
1240 3292 1416 3347 terra},
1434 3286 1635 3355 abyssi,
1649 3301 1932 3357 aquarum,

2056 3289 2355 3357 ἓπεφέρετο
2385 3285 2584 3341 ἐπάνω
2616 3286 2721 3340 τοῦ
2751 3285 2969 3352 ὕδατος
2987 3326 3002 3349 ,
3035 3285 3348 3354 ἀναγκαίως
3399 3284 3488 3339 διὰ
3511 3284 3637 3340 τῶν

358 3377 498 3431 facta
514 3375 806 3443 mentione,
821 3384 1071 3445 quartum
1089 3376 1498 3445 etprastantius
1515 3377 1580 3431 ad
1604 3388 1932 3445 postremum

2056 3380 2416 3452 προκειμένων
2459 3379 2703 3435 διδάσκει
2747 3380 2841 3433 καὶ
2888 3380 3016 3451 περὶ
3072 3379 3252 3433 αὐτῶν
3298 3381 3327 3433 ὁ
3367 3379 3494 3442 Υἱὸς
3526 3378 3634 3433 τοῦ

355 3468 533 3522 locum
554 3469 879 3534 reservavit,
910 3467 1105 3523 coelum
1139 3481 1349 3538 nempe,
1384 3469 1523 3523 unde
1553 3469 1631 3524 ait
1656 3470 1931 3541 deinceps,

2056 3471 2195 3536 θεοῦ,
2226 3473 2308 3525 ὅτι
2343 3488 2403 3524 τε
2430 3471 2665 3542 γεννητά
2696 3471 2806 3542 εἴη,
2828 3472 2923 3525 καὶ
2951 3472 3028 3535 ὼς
3060 3472 3224 3537 αὐτὸς
3268 3472 3376 3545 πρὸ
3405 3472 3637 3527 πάντων

352 3559 577 3624 Quando
610 3560 831 3627 parabat
867 3558 1042 3624 stelas,
1077 3560 1291 3614 aderam
1320 3577 1426 3615 una
1460 3577 1579 3615 cum
1603 3579 1662 3617 eo
1695 3563 1782 3619 ¹³⁴.

2056 3564 2145 3636 εἰη,
2172 3565 2265 3618 καὶ
2290 3564 2356 3618 δι’
2391 3563 2558 3618 αὐτοῦ
2579 3565 2649 3620 τὰ
2674 3564 2855 3619 πάντα
2888 3564 3171 3637 πεποίητο.
3200 3566 3294 3619 Διό
3319 3582 3475 3637 φησι,
3503 3565 3637 3635 Πρὸ

350 3655 458 3706 τοῦ
489 3650 705 3718 αἰῶνος
736 3652 1096 3721 ἐθεμελίωσέ
1126 3668 1223 3720 με·
1255 3651 1327 3705 ἐν
1362 3651 1521 3722 ἀρχῇ
1559 3653 1674 3722 πρὸ
1721 3657 1830 3709 τοῦ
1889 3655 2003 3726 τὴν
2038 3656 2155 3726 γῆν
2175 3655 2457 3726 ποιῆσαι·
2483 3657 2582 3711 καὶ
2611 3658 2725 3726 πρὸ
2749 3658 2857 3713 τοῦ
2888 3661 2994 3725 τὰς
3022 3660 3338 3725 ἀϐύσσους
3352 3658 3635 3730 ποιῆσαι·

347 3742 461 3812 πρὸ
479 3744 586 3798 τοῦ
614 3743 931 3812 προελθεῖν
958 3744 1066 3810 τὰς
1090 3743 1292 3814 πηγὰς
1328 3743 1447 3798 τῶν
1478 3743 1732 3800 ὑδάτων.
1765 3747 1946 3818 Τριῶν
1990 3749 2048 3802 δὲ
2095 3749 2300 3807 τούτων
2319 3749 2720 3821 μνημονεύσας,
2747 3749 2854 3820 γῆς
2883 3751 2978 3804 καὶ
3016 3749 3257 3804 ἀϐύσσου
3286 3751 3382 3805 καὶ
3410 3751 3632 3818 ὓδατος,

347 3839 410 3895 τὸ
440 3840 699 3911 τέταρτον
732 3839 926 3908 ἐπάγει
948 3839 1277 3905 τελευταῖον,
1310 3838 1373 3891 τὸ
1416 3843 1662 3911 κρεῖττον
1691 3841 1930 3910 φυλάξας
1957 3844 2048 3899 τὸν
2095 3847 2342 3918 οὐρανόν.
2369 3847 2461 3900 Διὸ
2492 3847 2744 3920 ἐπιφέρει
2780 3848 2926 3918 ἑξῆς,
2975 3847 3185 3902 Ἠνίκα
3211 3848 3489 3916 ἡτοίμαζε
3518 3850 3635 3904 τὸν

348 3936 628 4002 οὐρανὸν,
655 3934 1061 4006 συμπαρήμην
1082 3937 1263 4003 αὐτῷ.

416 4025 546 4093 Quae
575 4039 701 4079 cum
732 4035 837 4080 tam
867 4028 1147 4083 evidenter
1174 4029 1227 4082 in
1258 4029 1458 4085 divinis
1491 4030 1786 4102 Scripturis
1807 4049 1932 4104 pro-

350 4126 662 4186 ponantur,
703 4126 758 4173 et
784 4118 935 4173 brevi
994 4120 1227 4188 quadam
1278 4122 1442 4177 veluti
1499 4137 1595 4191 per
1636 4125 1933 4193 epitomen,

351 4208 700 4264 enarratione
728 4211 836 4265 sint
874 4227 903 4264 a
955 4212 1110 4267 nobis
1137 4217 1379 4283 exposita
1413 4255 1429 4278 ,
1486 4216 1769 4272 audiamus
1796 4233 1934 4287 quo-

349 4304 513 4358 modo
544 4301 827 4358 Marcellus
856 4347 869 4369 ,
897 4304 1105 4372 dejecta
1137 4306 1190 4359 in
1226 4307 1447 4361 humum
1488 4308 1935 4377 interpretatione

350 4412 471 4460 sua,
511 4396 627 4450 haec
666 4397 847 4450 omnia
876 4405 932 4451 et
962 4396 1175 4467 singula
1203 4398 1270 4452 de
1316 4409 1572 4466 suscepta
1601 4414 1765 4455 carne
1798 4415 1930 4455 con-

349 4487 521 4540 tendit
547 4487 815 4557 usurpari.
843 4488 920 4542 ita
946 4489 1090 4544 enim
1109 4489 1302 4543 scribit
1337 4487 1427 4560 [ιι.
1447 4489 1610 4554 XVII,
1635 4488 1766 4545 coll.
1788 4506 1839 4560 p.
1861 4491 1932 4547 43

352 4577 455 4651 D]:
493 4597 511 4630 ι
539 4579 649 4635 Hoc
683 4579 749 4633 ad
787 4580 930 4634 hunc
956 4581 1172 4635 modum
1199 4581 1400 4651 posito,
1418 4591 1853 4651 consequensest
1875 4590 1931 4636 ut

353 4691 372 4721 ‹
406 4673 813 4727 cnnsideremus
834 4670 1181 4728 Prnverbiale
1198 4673 1326 4727 illud
1343 4682 1522 4742 caput,
1541 4672 1795 4728 Dominus
1813 4690 1933 4726 can-

355 4783 376 4813 s
409 4764 543 4815 didit
568 4779 649 4816 me
686 4764 1002 4835 principium
1029 4764 1233 4818 viarum
1255 4765 1391 4835 ejus.
1416 4762 1554 4819 Vere
1578 4765 1721 4819 enim
1750 4765 1932 4818 condi-

356 4876 373 4905 ι
406 4855 507 4918 dit,
533 4853 624 4924 qui
642 4856 785 4923 quod
813 4869 918 4908 non
938 4854 1226 4920 eratfccit,
1258 4854 1523 4910 Dominus
1550 4865 1736 4909 noster
1763 4854 1925 4910 Deus.

354 4966 370 4995 ι
405 4946 634 5001 Carnem
652 4945 795 4999 enim
819 4959 980 5015 quam
998 4948 1294 5015 assumpsit
1316 4948 1567 5013 Verbum,
1584 4962 1705 5001 cum
1727 4961 1831 4999 non
1849 4959 1931 5000 es-

351 5058 368 5087 ι
411 5048 515 5103 set,
546 5036 806 5092 condidit.
844 5056 862 5087 ›
884 5037 951 5089 Et
978 5038 1280 5092 subnectit:
1315 5056 1334 5088 ι
1360 5036 1526 5107 Igitur
1549 5036 1603 5090 in
1633 5036 1929 5091 novissimo

353 5148 372 5178 s
411 5128 644 5182 maxime
656 5138 922 5198 tempore,
939 5127 1068 5183 licet
1084 5129 1190 5185 hoc
1208 5145 1405 5185 novum
1426 5129 1743 5201 mysterium
1767 5143 1925 5184 reve-

353 5238 370 5269 σ
407 5218 619 5272 labatur
663 5236 677 5272 :
725 5228 786 5273 ut
827 5223 888 5282 »14
926 5217 997 5272 ob
1039 5217 1093 5273 id
1136 5218 1309 5288 ipsum
1341 5235 1447 5275 non
1483 5219 1754 5275 immerito
1790 5231 1927 5292 prae-

2105 4035 2320 4090 Τούτων
2372 4036 2553 4089 τοίνυν
2611 4035 2717 4088 ὑπὸ
2784 4035 2882 4105 τῆς
2915 4034 3065 4097 θείας
3115 4035 3339 4106 Γραφῆς
3377 4036 3632 4108 ἐναργῶς

2034 4126 2478 4197 παρισταμένων,
2517 4124 2775 4197 βραχείας
2806 4141 2866 4177 τε
2898 4126 3027 4195 παρ’
3058 4125 3237 4195 ἡμῶν,
3271 4125 3350 4188 ὡς
3394 4127 3458 4178 ἐν
3509 4129 3631 4181 ἐπι-

2033 4219 2196 4289 τομῇ,
2243 4216 2545 4287 διηγήσεως
2586 4216 2994 4285 τετυχηκότων,
3028 4215 3425 4286 ἐπακούσωμεν
3477 4218 3633 4283 ὅπως

2032 4308 2368 4380 Μάρκελλος,
2404 4310 2581 4380 χαμαὶ
2604 4309 2782 4381 βαλὼν
2811 4308 2909 4380 τὴν
2935 4307 3173 4362 διάνοιαν
3194 4347 3209 4371 ,
3237 4308 3415 4363 ταῦτα
3447 4310 3629 4364 πάντα

2031 4400 2420 4472 διῖσχυρίζεται
2457 4403 2584 4473 περί
2614 4400 2714 4472 τῆς
2749 4400 2953 4473 σαρκὸς
2980 4400 3267 4471 εἰρῆσθαι,
3299 4396 3370 4474 ἦς
3402 4402 3626 4475 ἀνείλη-

2033 4508 2133 4560 φεν
2161 4492 2189 4544 ὁ
2217 4491 2407 4563 Σωτὴρ
2431 4533 2445 4556 ,
2469 4492 2696 4564 γράφων
2727 4492 2869 4546 κατά
2892 4490 3037 4559 λέξιν
3067 4491 3256 4545 τοῦτον
3275 4492 3368 4546 τὸν
3396 4495 3627 4564 τρόπον*

2038 4604 2055 4634 ι
2088 4583 2289 4636 Τούτου
2321 4584 2498 4637 τοίνυν
2526 4584 2699 4648 οὕτως
2721 4583 2971 4655 ἔχοντος,
3004 4584 3297 4638 ἀκόλουθόν
3337 4588 3457 4640 ἐστι
3498 4603 3627 4641 σκο-

2037 4695 2054 4725 ι
2094 4678 2213 4727 πεῖν
2239 4676 2306 4745 τῇ
2324 4674 2530 4745 διανοίᾳ
2582 4675 2643 4728 τὸ
2695 4673 3080 4746 παροιμιωδῶς
3123 4675 3437 4745 εἰρημένον,
3470 4679 3628 4732 τουτὶ

2037 4786 2055 4817 ι
2077 4765 2390 4834 κεφάλαιον,
2419 4767 2634 4835 Κύριος
2676 4765 2882 4820 ἑκτισέ
2898 4782 2975 4835 με
3002 4765 3198 4834 ἀρχὴν
3213 4764 3372 4819 ὁδῶν
3408 4769 3623 4823 αὑτοῦ.

2036 4874 2056 4906 ι
2079 4856 2297 4908 ’Έκτισε
2318 4854 2427 4927 γὰρ
2458 4854 2674 4926 ἀληθῶς
2699 4856 2762 4908 τὸ
2790 4856 2864 4927 μὴ
2881 4855 2941 4911 ὃν
2967 4854 3627 4928 πεΜιηκὼςόΔεσπότης

2037 4965 2056 4997 ι
2083 4945 2242 5017 ἡμῶν
2271 4948 2300 5001 ὁ
2341 4947 2493 5010 Θεός.
2529 4947 2644 5000 Οὐκ
2672 4942 2839 5001 οὖσαν
2862 4946 2973 5018 γὰρ
3004 4946 3103 5016 τὴν
3136 4945 3337 5016 σάρκα,
3370 4945 3443 5017 ἠν
3473 4947 3625 5000 ἀνείς

2034 5055 2053 5086 ι
2091 5036 2259 5106 ληφεν
2294 5034 2324 5087 δ
2351 5035 2543 5104 Λόγος,
2564 5034 2698 5089 ἀλλά
2728 5034 2804 5107 μὴ
2834 5031 3223 5089 οὖσανέκτι-σε.
3256 5054 3277 5087 ι
3299 5036 3415 5089 Καὶ
3444 5037 3626 5090 ἐπιλέ-

2028 5143 2148 5196 γει·
2180 5146 2199 5179 s
2236 5126 2445 5182 Οὐκοῦν
2476 5128 2525 5180 εἰ
2556 5130 2652 5182 καὶ
2681 5128 2752 5182 τά
2804 5128 3041 5199 μάλιστα
3092 5129 3181 5182 ἐπ’
3209 5128 3464 5199 ἐσχάτων
3515 5129 3624 5184 τῶν

2032 5238 2053 5285 s
2094 5219 2305 5291 καιρῶν
2325 5220 2476 5274 τουτὶ
2502 5220 2689 5273 καινὸν
2733 5219 2986 5290 ἀπεφάνη
3039 5220 3375 5291 μυστήριον·
3416 5220 3497 5283 ὠς
3536 5219 3623 5274 διὰ

353 5329 369 5359 ο
409 5311 581 5365 visum
612 5313 877 5380 propheta
902 5310 1122 5377 dixerit,
1151 5312 1285 5367 Ante
1313 5313 1508 5367 stecula
1535 5312 1779 5382 [undavit
1813 5326 1920 5377 me,

2097 5310 2257 5365 τοῦτο
2290 5312 2395 5383 πρὸ
2425 5310 2522 5366 τοῦ
2549 5311 2746 5376 αἰῶνος
2777 5312 2970 5365 τούτου
3013 5311 3355 5384 προωρίσθαι
3395 5312 3620 5376 εἰκότως

420 5486 989 5560 triumgarisnpag.
1020 5488 1144 5556 154,
1175 5489 1300 5546 155.
1402 5492 1445 5524 ιθ
1477 5489 1640 5548 Prov.
1670 5506 1787 5558 vm,
1823 5489 1920 5556 εδ,
1950 5490 2041 5547 25.
2138 5489 2179 5522 ιι
2222 5488 2358 5543 Gen.
2396 5455 2563 5553 1..."
2617 5490 2659 5519 ιι
2687 5488 2817 5543 ibid.
2843 5488 2899 5541 ε.
3004 5487 3617 5552 "Prov.vm,23.et.

376 5558 418 5588 "
447 5557 578 5611 ibid.
609 5556 699 5610 27.

318 5719 325 5725 ’
417 5740 533 5812 (72)
563 5740 729 5813 Vulgo
752 5757 862 5800 om.
888 5742 968 5797 δέ.

2104 5745 2215 5818 (75)
2242 5742 2410 5816 Vulgo
2439 5741 2716 5815 εἰρηκότα.
2750 5771 2818 5787 -
2839 5740 2967 5799 Cor.
2991 5741 3097 5797 iam
3128 5740 3207 5800 Μ.
