3828 6222
134 320 238 375 931

1094 302 1183 359 οε
1221 279 2213 359 ΕεειεειΑετιοΑλτιιιῖοιοςιΑ
2252 274 2382 332 LIB.
2424 272 2510 330 ιιι.

3313 259 3420 318 9θῦ

139 454 158 484 ι
193 435 225 487 6
243 429 532 503 προφήτης
557 423 686 495 εφη,
705 421 825 491 Πρὸ
857 418 964 475 τοῦ
995 417 1212 482 αἰῶνος
1235 405 1592 483 ἐθεμελίωσέ
1635 419 1732 503 με,

1848 417 1863 451 ι
1899 410 2118 453 carnem
2140 406 2335 463 nempe
2368 387 2695 458 intelligens.
2718 402 2737 437 ι
2772 382 2836 437 Et
2872 379 3034 437 iuI‘ert
3057 379 3286 434 iterum:
3310 397 3327 428 ι
3350 376 3421 432 In

1961 490 1974 502 .
2048 488 2061 500 .
2106 488 2142 503 .,
2196 482 2365 503 g,____!.
2428 480 2734 503 “_:-.--.......
2773 483 2963 503 ..υ-..ιημ
2993 471 3231 503 “mltos-.1
3287 467 3421 503 Ταια-

138 544 160 578 ι
199 492 445 594 δηλονότι
462 492 560 592 τήν
582 492 780 589 σάρκα.
794 530 817 568 ι
834 513 945 585 Καὶ
957 506 1113 576 αὖθις
1127 507 1324 577 ἐπάγει
1339 503 1532 572 λέγων’
1564 517 1583 550 ι
1595 492 1729 552 Εἶτα

140 636 161 670 ε
292 612 371 683 τῇ
395 590 574 682 ἀρχῆ,
606 608 762 680 φησὶ,
802 604 916 674 πρὸ
964 602 1073 658 τοῦ
1123 599 1240 669 τὴν
1284 595 1404 669 γῆν
1458 590 1724 661 ποιῆσαι.

142 729 161 759 ι
189 708 303 777 Γῆν
333 704 493 759 ποίαν
518 719 534 768 ;
559 700 788 771 ταύτην,
810 697 1075 769 δηλονότι,
1100 694 1198 765 τὴν
1219 689 1497 765 ἡμετέραν
1527 687 1727 759 σάρκα,

143 820 163 851 ι
195 774 295 869 τὴν
330 795 466 868 μετὰ
491 793 590 865 τὴν
620 788 904 863 παρακοὴν
927 787 1033 858 γῆν
1071 783 1228 847 αὖθις
1265 779 1586 852 γενομένην.
1635 774 1729 845 Γῆ

144 910 165 943 ι
198 890 314 960 γὰρ
343 884 420 952 εἷ,
454 885 588 957 φησὶ
615 923 631 949 ,
682 880 782 936 καὶ
819 883 908 947 εὶς
961 877 1081 949 γῆν
1124 875 1456 942 ἀπελεύσῃ.
1492 891 1511 923 ι
1566 870 1730 940 Ὀρᾷς

140 985 265 1038 ὅσον
297 981 586 1053 διήμαρτε,
618 977 716 1048 τῆς
752 976 849 1047 μὲν
878 971 1093 1037 εὐθείας
1125 967 1441 1043 ὲκτραπεὶς,
1472 965 1732 1038 τραχεῖαν

140 1077 200 1131 δὲ
221 1077 319 1129 καὶ
348 1069 745 1134 δύσϐατον,καὶ
776 1066 967 1138 ὥσπερ
1021 1062 1143 1119 τινὰ
1197 1060 1515 1132 ἁνεξίτητον
1553 1055 1732 1126 ἐαυτῷ

142 1167 474 1240 περινοήσας
504 1163 641 1218 ὁδόν.
671 1162 779 1216 Θέα
809 1158 964 1229 γοῦν,
1001 1159 1150 1221 ὅπως
1193 1152 1511 1220 ὲξεὸιάσοιτο
1555 1150 1735 1205 πάντα

144 1262 350 1334 μᾶλλον
390 1258 748 1329 ἀναίσχυντον
778 1254 877 1309 καὶ
912 1249 1103 1322 ἀναιδῆ
1134 1248 1290 1317 λόγον
1342 1245 1454 1317 (76)
1503 1243 1736 1314 φθεγγό-

141 1332 327 1430 μενος,
353 1354 388 1424 ἢ
410 1353 508 1425 τὴν
530 1349 731 1420 Σοφίαν
766 1345 928 1401 αὐτὸν
962 1339 1103 1397 εῖναι
1146 1340 1238 1393 τὸν
1269 1338 1397 1392 Υίὸν
1442 1334 1538 1391 τοῦ
1598 1332 1734 1389 Θεοῦ

134 1426 447 1521 όμολογεῖν.
494 1443 570 1496 Τὸ
609 1440 709 1513 μὲν
739 1434 856 1503 οὖν,
905 1436 1122 1505 Κύριος
1177 1428 1380 1485 ἐκτισέ
1418 1444 1496 1498 με
1538 1426 1739 1496 ἀρχὴν

134 1519 302 1596 ὁδῶν
324 1536 510 1592 αὐτοῦ
545 1537 633 1601 εὶς
664 1535 810 1603 ἔργα
839 1528 1027 1585 αὑτοῦ
1054 1524 1132 1597 τῷ
1166 1523 1279 1596 (75)
1303 1564 1317 1588 ,
1357 1521 1450 1576 τοῦ
1485 1519 1738 1592 Σωτῆρος

136 1625 716 1703 άναφέρειπροσώπῳ,
733 1619 1009 1695 ὁμολογῶν
1038 1618 1200 1673 αὐτὸν
1219 1611 1360 1670 εἶναι
1390 1613 1484 1667 τὸν
1509 1612 1567 1666 ὲν
1583 1611 1738 1679 Παρ-

136 1725 351 1797 οιμίαις
395 1722 569 1777 ταῦτα
605 1720 901 1790 φάσκοντα.
935 1714 1098 1783 Λέγει
1131 1710 1175 1764 δ’
1205 1704 1298 1764 οὖν
1337 1708 1521 1770 αὐτοῖς
1555 1705 1737 1776 ῥήμα-

1836 508 1857 543 t
1890 488 2173 559 principio,
2196 482 2394 553 inquit.
2425 480 2736 551 priusquam
2769 483 2966 528 terram
2990 471 3255 527 conderet.
3287 467 3422 522 Ter-

1837 598 1856 632 ι
1894 593 2009 634 ram
2041 588 2338 646 quamnam
2359 571 2656 645 ilnostram
2708 564 2962 620 nimirum
2991 574 3211 616 carnem
3240 596 3256 624 ,
3297 571 3422 625 qua:

1839 689 1858 723 ι
1899 677 2021 741 post
2070 662 2571 735 transgressionem
2628 667 2773 712 terra
2820 655 3036 710 demum
3094 650 3240 706 facta
3296 648 3417 702 fuit.

1841 782 1859 814 ι
1905 760 2051 815 Nam
2079 769 2222 813 terra
2254 772 2328 821 es,
2362 752 2578 822 inquit,
2613 746 2753 803 etin
2806 758 3000 800 terram
3030 738 3358 796 revertere“.
3394 756 3414 789 ο

1839 856 2002 913 Vides
2063 860 2324 922 quantum
2376 845 2467 900 ille
2501 842 2776 899 aberravit
2807 855 2838 894 a
2882 846 3030 911 recta
3069 834 3154 888 via
3207 832 3418 896 devius,

1836 949 1976 1003 viam
2038 943 2142 1001 sibi
2189 939 2553 997 adinvenieus
2596 948 2883 1005 asperam,
2928 924 3416 999 imper-meabilem,

1837 1037 2129 1097 difﬁculter
2152 1032 2563 1090 trauscundam.
2597 1027 2736 1084 Vide
2766 1042 2897 1097 ergo
2924 1022 3158 1095 qualiter
3188 1019 3281 1076 ille
3315 1018 3422 1074 im-

1838 1132 2107 1205 pudenter
2149 1126 2330 1184 omnia
2363 1135 2418 1180 et
2466 1121 2750 1196 proﬂigato
2785 1118 2987 1189 pudore
3033 1114 3212 1185 potius
3239 1109 3421 1181 eloqui

1839 1227 2055 1289 maluit,
2090 1237 2255 1291 quam
2290 1219 2381 1290 qui
2411 1218 2506 1273 Dei
2541 1213 2821 1285 Sapientia
2860 1217 2978 1276 est,
3011 1218 3071 1262 ut
3094 1205 3291 1261 Filiqu
3326 1217 3420 1259 ve-

1839 1320 1899 1375 lit
1929 1317 2198 1374 couliteri.
2223 1314 2358 1368 Illud
2383 1327 2512 1383 ergo
2532 1349 2549 1375 ,
2578 1308 2830 1362 Dominus
2874 1303 3070 1359 creavit
3096 1317 3179 1356 me
3218 1298 3421 1369 princi-

1836 1417 1983 1487 pium
2003 1415 2206 1469 oiarum
2232 1424 2472 1474 suarum,
2501 1407 2569 1460 ad
2596 1420 2754 1473 opera
2779 1418 2900 1467 sua,
2920 1400 2987 1455 ad
3017 1410 3302 1468 personam
3331 1393 3447 1448 re-'

1842 1510 1966 1563 tulit
1988 1504 2331 1570 Servatoris,
2367 1499 2657 1558 confessus
2705 1496 2855 1553 illum
2885 1493 3135 1549 eumdem
3157 1504 3297 1557 esse,
3326 1488 3421 1557 qui

1841 1604 1895 1658 in
1925 1597 2237 1656 Proverbiis
2266 1596 2381 1650 haec
2407 1592 2692 1664 profatur;
2719 1588 2793 1643 ait
2816 1588 2979 1657 igitur
3012 1583 3164 1639 hisee
3195 1578 3423 1638 totidem

1841 1692 2024 1749 verbis
2073 1690 2161 1762 [Ιί.
2212 1685 2352 1759 XI]:
2406 1704 2426 1737 ι
2476 1683 2742 1751 Quocirca
2800 1693 2927 1734 cum
2978 1683 3192 1731 vetusta
3238 1671 3423 1727 omnia

140 1768 262 1872 ot:-
304 1768 568 1868 :Ot‘izofi;
986 1768 1231 1878 ἀρχαίων
1261 1768 1732 1873 παρεληλυόότων,

1848 1805 1864 1838 ι
1906 1781 2361 1856 ιιι-εειειιιιιιετίιιι
2389 1820 2406 1845 ,
2443 1779 2622 1833 futura
2652 1783 2832 1830 autem
2875 1779 3060 1828 essent
3091 1768 3275 1824 omnia
3320 1780 3422 1821 no-

145 1930 165 1960 (
208 1906 413 1963 καινῶν
440 1906 498 1959 δὲ
525 1903 746 1957 ἔσεσθαι
775 1899 1078 1973 μελλόντων
1106 1895 1363 1951 ἁπάντων
1387 1890 1478 1946 διὰ
1506 1890 1608 1961 τῆς
1637 1886 1733 1943 τοῦ

144 2019 166 2053 ι
198 1999 454 2070 Σωτῆρος
507 1995 668 2069 ἡμῶν
707 1992 1053 2064 καινότητος,
1103 1991 1133 2044 6
1184 1986 1451 2059 δεσπότης
1500 1983 1659 2057 ἡμῶν
1705 1984 1735 2037 6

144 2111 164 2143 ο
199 2090 440 2162 Χριστὸς
491 2088 580 2143 διὰ
628 2085 724 2142 τοῦ
776 2085 1061 2158 προφήτου
1116 2080 1247 2135 ἐϐόα
1291 2078 1489 2147 λέγων,
1516 2077 1737 2144 Κύριος

144 2206 164 2238 ι
200 2183 408 2238 ἐκτισέ
423 2198 502 2253 με
525 2179 724 2252 ἀρχὴν
752 2177 909 2234 ὁδῶν
937 2173 1147 2230 αὑτοῦ.
1197 2191 1217 2224 ι
1259 2170 1430 2226 Τοῦτο
1469 2169 1516 2223 δ’
1565 2166 1736 2222 εἰπὼν

138 2277 238 2332 ἐπὶ
258 2277 362 2349 τὴν
407 2275 589 2347 σάρκα
609 2270 705 2326 τοῦ
755 2271 1007 2342 Σωτῆρος
1060 2264 1217 2337 ἡμῶν
1272 2259 1605 2318 καταϐάλλει
1636 2259 1737 2332 τὴν

135 2368 382 2423 διάνοιαν
402 2407 434 2447 ,μ
458 2366 588 2437 ἑξῆς
615 2363 885 2432 ἐπιλέγων
909 2379 924 2391 ο
964 2380 988 2412 ι
1017 2360 1241 2413 Ἔκτισε
1261 2355 1369 2429 γὰρ
1405 2352 1642 2425 ἀληθῶς,
1674 2350 1739 2405 τὸ

143 2481 163 2511 s
199 2461 282 2532 μὴ
312 2458 373 2514 ὃν
419 2445 761 2529 πεποιηκὼς,
785 2458 816 2510 6
842 2452 1125 2523 Δεσπότης
1171 2448 1335 2523 ήμῶν
1373 2451 1403 2505 6
1436 2446 1589 2510 Θεός.
1622 2445 1740 2499 Οὐκ

142 2570 163 2603 ι
202 2546 372 2605 οὖσαν
398 2548 508 2621 γάρ
530 2548 629 2620 τὴν
657 2548 837 2620 σάρκα
854 2587 870 2612 ,
905 2546 976 2619 ἣν
1005 2543 1296 2615 ἀνείληφεν
1323 2542 1352 2595 6
1371 2540 1564 2608 Λόγος,
1599 2536 1741 2591 ἀλλὰ

144 2662 166 2697 ι
212 2644 291 2717 μὴ
325 2639 491 2698 οὖσαν
518 2641 731 2698 ἔκτισεν
756 2641 931 2715 ἀρχὴν
964 2637 1120 2713 [τῶν]
1150 2636 1287 2691 ὁδῶν
1327 2632 1513 2690 αὐτοῦ.
1557 2652 1576 2686 θ
1625 2630 1738 2685 Καὶ

136 2740 204 2795 οὐ
233 2739 482 2810 συνίησιν
512 2740 543 2793 6
581 2740 847 2808 γενναῖος,
872 2737 949 2799 ὡς
979 2734 1078 2807 μία
1116 2750 1202 2797 τις
1233 2730 1503 2803 ἐκφρασις
1533 2728 1629 2783 καὶ
1679 2726 1741 2780 ἓν

141 2834 442 2906 πρόσωπον
479 2832 739 2905 τυγχάνει
762 2830 825 2885 τὸ
859 2830 1060 2902 φῆσαν,
1095 2825 1244 2895 Ἐγὼ
1267 2827 1308 2895 ἠ
1334 2824 1544 2894 Σοφία,
1600 2837 1742 2875 κατ-

138 2927 474 2997 εσκήνωσα
520 2924 769 2994 ,ϐουλὴν
799 2966 815 2989 ,
863 2924 957 2977 καὶ
1000 2922 1094 2986 τὸ,
1147 2920 1366 2986 Κύριος
1408 2914 1613 2971 ἕκτισέ
1639 2930 1741 2985 με.

147 3021 318 3074 Ὥστε
348 3016 450 3091 (εὖ)
483 3019 576 3073 ἐπὶ
609 3017 709 3090 τὴν
738 3017 919 3088 σάρκα
935 3014 1190 3083 ἁνάγοιτο
1222 3009 1451 3081 θάτερον
1473 3049 1490 3073 ,
1525 3006 1739 3077 ἀνάγκη

143 3113 246 3168 καὶ
281 3113 344 3167 τὸ
377 3113 598 3183 ἕτερον’
644 3110 740 3164 καὶ
789 3110 824 3181 ἡ
869 3106 1038 3176 Σοφία
1074 3104 1229 3158 ἔσται
1273 3104 1308 3174 ή
1339 3100 1409 3154 τὰ
1455 3099 1743 3170 ἀμφότερα.

143 3206 401 3275 λέγουσα.
438 3205 502 3258 Ei
530 3203 588 3257 δὲ
630 3205 666 3274 ή
705 3199 845 3273 σὰρξ
887 3199 1037 3268 λέγει
1092 3195 1237 3251 κατά
1287 3191 1607 3267 Μάρκελλον
1658 3188 1741 3255 τὸ,

143 3296 369 3364 Κύριος
389 3292 594 3349 ἔκτισέ
618 3309 697 3363 με
726 3289 927 3360 ἀρχὴν
956 3285 1123 3360 [τῶν]
1148 3283 1304 3341 ὁδῶν
1344 3280 1562 3347 αὐτοῦ,
1602 3279 1740 3349 αὕτη

146 3389 217 3445 ἂν
241 3391 327 3459 εἴη
356 3392 389 3460 ή
452 3386 651 3457 Σοφία·
687 3387 783 3440 καὶ
835 3383 987 3438 ἔσται
1018 3384 1053 3454 ή
1086 3380 1223 3454 σὰρξ
1260 3381 1295 3452 ή
1323 3379 1625 3449 φάσκουσα,
1662 3375 1740 3427 Δι’

145 3482 296 3554 ἐμοῦ
311 3478 596 3547 ,βασιλεῖς
641 3477 1071 3545 βασιλεύουσι,
1127 3473 1227 3528 καὶ
1265 3471 1340 3525 δι’
1394 3468 1543 3541 ἐμοῦ
1581 3483 1746 3538 μεγι-

146 3570 377 3640 στᾶνες
395 3570 853 3643 μεγαλύνονται.
889 3566 1015 3630 Πῶς
1054 3566 1099 3619 δ’
1129 3564 1196 3620 ἂν
1240 3562 1390 3616 εἴποι
1415 3564 1450 3633 ή
1499 3557 1635 3632 σὰρξ
1659 3558 1740 3624 τὸ,

146 3665 564 3735 Humor-etiam
598 3663 673 3716 τὰ
696 3660 766 3727 ἐξ
792 3659 1010 3725 αἰῶνος
1036 3655 1401 3729 ἀριθμῆσαι;
1437 3647 1520 3718 οἷς
1546 3652 1744 3721 ἐπάγει

147 3759 233 3819 τὸ.
269 3759 487 3827 Κύριος
525 3755 729 3811 ἐκτισέ
775 3771 855 3824 με
913 3752 1115 3823 ἀρχῆν
1142 3749 1311 3824 [τῶν]
1342 3747 1501 3805 ὁδῶν
1531 3750 1739 3807 αὐτοῦ.

153 3852 284 3907 Ὅδε
315 3853 411 3906 καὶ
440 3850 584 3913 τίνες
608 3851 663 3904 αἱ
686 3846 798 3903 ὁδοὶ
828 3847 1129 3919 παρίστησι
1174 3844 1351 3913 λέγων
1384 3840 1541 3912 ὲξῆςο
1578 3861 1598 3894 ι
1637 3837 1743 3896 Οὗ-

155 3966 176 3998 s
209 3962 304 4008 τος
326 3944 435 4016 γὰρ
456 3947 589 4015 ήμῖν
613 3945 725 4008 τοῖς
752 3942 982 4005 δικαίως
1043 3935 1426 3993 πολιτεύεσθαι
1464 3933 1742 4008 μέλλουσι,

154 4058 177 4091 ι
205 4037 516 4102 θεοσεϐείας
561 4037 679 4101 ὁδὸς
729 4036 985 4105 γέγονεν·
1017 4031 1162 4106 ἀρχὴ
1217 4028 1407 4085 πασῶν
1440 4027 1549 4084 τῶν
1607 4028 1747 4100 μετὰ

157 4153 178 4185 ι
215 4130 553 4187 ταῦταόδῶν.
577 4152 594 4183 ι
619 4131 731 4184 Καὶ
745 4126 1124 4202 προστίθησιν,
1152 4145 1173 4178 ι
1190 4123 1390 4195 ἀρχὴν
1406 4123 1465 4177 δὲ
1488 4121 1644 4179 ὁδῶν
1657 4121 1747 4175 διά

156 4243 178 4276 ι
208 4222 374 4277 τοῦτο
401 4221 627 4285 εἰκότως
659 4221 847 4294 εἴρηκε
886 4219 978 4273 τὸν
1012 4217 1282 4286 δεσπότην
1311 4215 1471 4287 ήμῶν
1502 4213 1594 4268 τὸν
1630 4214 1746 4266 Σω-

157 4336 179 4368 ι
218 4317 384 4388 τῆρα,
410 4314 544 4369 διότι
585 4319 680 4368 καὶ
708 4313 818 4367 τῶν
849 4310 1073 4384 ἑτέρων,
1113 4302 1189 4363 ὧν
1222 4309 1560 4381 ἐσχήκαμεν,
1610 4305 1746 4361 ὁδῶν

156 4430 178 4463 ι
213 4408 355 4481 μετά
374 4408 475 4481 τὴν
507 4406 731 4479 πρώτην
788 4405 908 4459 ὁδὸν
952 4404 1095 4477 ἀρχὴ
1123 4402 1313 4472 γέγονε
1333 4417 1347 4430 ·
1380 4401 1479 4464 τάς
1503 4398 1590 4453 διὰ
1638 4397 1747 4452 τῶν

158 4521 180 4555 ι
221 4501 385 4573 ἱερῶν
443 4499 757 4555 ἀποστόλων
810 4496 986 4569 δηλῶν
1036 4494 1385 4568 παραδόσεις,
1426 4492 1535 4547 τῶν
1607 4490 1744 4562 μετά

159 4612 181 4647 ι
212 4591 422 4664 ὑψηλοῦ
441 4633 457 4657 ,
498 4590 642 4646 κατὰ
665 4591 763 4662 τὴν
802 4588 1163 4663 προφητείαν,
1191 4586 1546 4659 κηρύγματος
1574 4601 1747 4656 κηρυ-

159 4705 182 4739 ι
215 4686 425 4754 ξάντων
470 4688 602 4758 ⁴ήμῖν
628 4685 692 4738 τὸ
725 4683 912 4740 καινὸν
952 4680 1112 4736 τοῦτο
1143 4680 1461 4753 μυστήριον.
1499 4697 1518 4731 ι
1559 4676 1746 4731 Ταῦτα

154 4777 499 4851 Μάρκελλος.
822 4782 962 4899 Κὲῴ
1022 4844 1076 4897 Γ,

160 4944 461 5013 Ἔλεγχος
476 4940 601 5013 τῶν
629 4942 753 5013 οὐκΔ
786 4938 1096 5013 όρθῶςᾼεὶς
1129 4936 1283 5013 τοὺς.
1318 4936 1546 5013 τόπους
1586 4933 1749 5013 αὐτῷ
1782 4907 1827 4962 D

231 5005 631 5083 λελεγμένων,
660 5010 761 5065 καὶ
783 5005 903 5065 τῶν
927 5007 1126 5064 αὐτῶν
1161 5005 1338 5076 ὑγιὴς
1372 5005 1674 5075 ἑρμηνεία.

232 5107 296 5160 Εἰ
327 5105 426 5177 μὲν
447 5100 540 5159 οὖν
569 5104 643 5176 μή
673 5104 768 5157 καὶ
793 5103 891 5175 τὴν
913 5099 1155 5163 Μωσέως
1179 5098 1273 5154 καὶ
1315 5097 1425 5152 τῶν
1455 5095 1565 5167 (Ἱϐ)
1610 5096 1750 5168 μετά

160 5197 367 5252 Μωσέα
395 5193 691 5266 προφητῶν
722 5190 1050 5264 παρεδὲχετο
1076 5186 1299 5260 Γραφὴν
1322 5225 1336 5247 ,
1363 5180 1507 5256 εἶχεν
1533 5184 1597 5238 ἄν
1629 5200 1752 5238 τινα

163 5291 352 5346 εἰκότα
375 5287 525 5361 αὐτῷ
555 5286 714 5355 λόγον
758 5288 793 5357 ή
831 5282 1085 5345 ἀπόδοσις
1104 5298 1117 5311 ·
1162 5280 1286 5333 ἐπεὶ
1312 5278 1370 5332 δὲ
1391 5278 1451 5331 οὐ
1473 5275 1584 5331 τῶν
1626 5276 1753 5331 ἀθε-

163 5381 405 5438 τούντων
441 5378 560 5434 ἐστὶ
586 5377 685 5449 τὴν
708 5375 954 5432 Παλαιὰν
987 5369 1428 5446 Διαθήκην,τίδή
1461 5386 1590 5424 ποτε
1621 5369 1748 5436 τοὺς

240 5540 300 5597 >14
338 5532 435 5586 Ed.
472 5531 672 5596 Puris...
705 5547 828 5602 pag.
864 5529 986 5585 156.
1070 5528 1111 5562 ν’
1147 5526 1283 5586 Ceu.
1315 5541 1400 5592 tu,
1445 5523 1530 5580 l9.

241 5721 360 5809 ει)
381 5717 732 5809 ἓθιέγξαιξθαι
762 5718 796 5790 ή
832 5691 937 5788 np.

235 5789 352 5866 (Ἶὸ)
381 5790 549 5861 Vulgo
580 5789 659 5843 τό.

1847 1899 1865 1932 ι
1904 1894 1993 1944 va,
2024 1892 2122 1948 per
2149 1886 2204 1930 et
2235 1885 2459 1945 propter
2501 1868 2843 1925 nobilitatem
2873 1862 3183 1919 Servatoris
3227 1857 3424 1922 nostri,

1844 1992 1863 2026 ‹
1907 1971 2169 2026 Dominus
2202 1977 2389 2021 uoster
2436 1964 2690 2020 Christus
2718 1975 2816 2030 per
2848 1956 3167 2028 prOphetam
3216 1951 3426 2023 procla-

1845 2083 1863 2116 ι
1904 2072 2040 2127 mat,
2087 2060 2362 2130 inquiens,
2399 2056 2659 2111 Dominus
2706 2051 2946 2107 condidit
2973 2065 3057 2103 me
3100 2046 3425 2118 principium

1845 2176 1864 2209 ι
1906 2157 2110 2211 viarum
2135 2166 2373 2208 suarum.
2409 2170 2427 2202 ι
2463 2150 2587 2204 Ilaec
2613 2146 2932 2218 prolocutus
2958 2141 3027 2197 ad
3058 2152 3277 2195 carnem
3298 2137 3429 2193 Ser-

1840 2251 2070 2310 vatoris,
2105 2247 2495 2318 cogitationem
2529 2256 2685 2298 suam
2716 2238 2899 2307 dejicit
2927 2277 2944 2301 ,
2985 2237 3040 2290 in
3071 2230 3446 2303 sequentibus.

1841 2340 2128 2408 inquiens:
2162 2316 2197 2389 ι-
2221 2333 2357 2390 Vere
2412 2333 2553 2389 enim
2582 2326 2824 2385 condidit
2848 2325 2941 2395 qui
2970 2338 3076 2377 nun
3103 2334 3200 2376 eus
3219 2316 3427 2374 creavit

1845 2452 1863 2485 ι
1892 2431 2155 2486 Dominus
2181 2438 2366 2483 noster
2386 2425 2546 2478 Deus.
2564 2420 2696 2475 Nam
2714 2432 2935 2474 carnem
2954 2429 3057 2469 non
3072 2412 3425 2471 exsistentetn

1845 2542 1864 2575 ι
1890 2522 2129 2591 suscepit
2172 2528 2413 2573 nostram
2441 2516 2697 2579 Verbum,
2715 2520 2909 2566 etcum
2928 2506 3247 2573 susciperet,
3273 2502 3425 2570 prin-

1848 2638 1868 2672 ι
1892 2617 2087 2687 cipium
2139 2615 2343 2670 viarum
2383 2625 2602 2666 suarum
2636 2606 2787 2661 fecit.
2828 2622 2848 2655 ι
2881 2600 2995 2657 Nec
3047 2597 3300 2668 intelligit
3342 2596 3429 2648 vir

1840 2710 2111 2781 optimus,
2140 2705 2287 2776 quod
2329 2712 2386 2759 et
2439 2702 2601 2758 unica
2631 2695 2800 2753 dictio
2843 2703 2900 2750 et
2947 2705 3180 2765 persona
3210 2702 3429 2761 quoque

1841 2780 2001 2862 unica
2037 2801 2129 2865 sit,
2158 2800 2249 2870 qui
2277 2798 2433 2861 dixit,
2468 2793 2583 2864 Ego
2620 2789 2893 2861 Sapientia
2922 2783 3203 2840 consilium
3229 2780 3430 2836 consti-

1842 2898 1919 2952 tui
1956 2896 2023 2961 ιδ,
2064 2903 2138 2958 et,
2170 2891 2429 2947 Dominus
2482 2886 2716 2951 ronglidit
2748 2896 2828 2934 me
2853 2879 2919 2936 ".
2945 2876 3186 2944 Quorum
3219 2880 3430 2927 utrum-

1842 3005 1948 3061 que
1980 2988 2066 3043 vel
2110 2982 2430 3041 utrumlibet
2473 2981 2540 3034 de
2562 2991 2727 3032 carne
2760 2972 3132 3044 praedicatur:
3173 2963 3315 3036 quod
3349 2964 3430 3019 sic

1844 3058 2002 3152 plane
2053 3089 2342 3146 utrumque
2370 3082 2427 3135 ,et
2476 3070 2754 3141 Sapientia
2789 3067 2917 3129 erit,
2956 3077 3079 3133 quae
3114 3071 3169 3116 ot
3204 3060 3312 3115 hoc
3339 3058 3427 3110 di-

1847 3177 1960 3240 xit,
1986 3184 2147 3242 atque
2174 3170 2328 3224 illud.
2363 3165 2517 3234 Quod
2547 3165 2591 3219 si
2627 3178 2695 3218 ex
2733 3158 3003 3217 sententia
3033 3152 3272 3209 Marcelli
3300 3165 3429 3206 caro

1846 3269 2019 3333 dicat,
2051 3263 2312 3319 Dominus
2342 3261 2532 3314 creavit
2569 3273 2652 3311 me
2685 3252 3008 3325 principium
3047 3249 3257 3304 uiarum
3301 3261 3430 3299 sua-

1846 3377 1989 3426 rum,
2029 3356 2120 3412 illa
2152 3356 2258 3409 erit
2291 3351 2595 3423 Sapientia,
2627 3359 2791 3417 atque
2813 3357 2944 3401 caro
2980 3357 3101 3411 qua:
3126 3340 3279 3403 dicit,
3330 3335 3432 3390 Fer

1845 3468 1925 3506 me
1948 3466 2093 3519 reges
2119 3454 2382 3518 regnant,
2427 3454 2475 3499 et
2508 3457 2603 3512 per
2634 3455 2716 3494 me
2760 3444 3029 3508 magnates
3059 3431 3236 3502 magni
3269 3429 3429 3497 ﬁunt,

1846 3554 1902 3601 at
1925 3541 2200 3614 quomodo
2228 3539 2410 3594 dicere
2459 3533 2660 3607 poterit
2704 3545 2856 3595 caro,
2902 3524 3208 3582 Memorabo
3246 3533 3431 3576 eorum

1845 3655 1963 3711 qua:
2005 3645 2128 3691 sunt
2178 3651 2213 3687 a
2256 3629 2496 3688 διεδηιοῖ
2541 3625 2740 3697 quibus
2793 3617 3118 3677 subnectit:
3172 3613 3431 3668 Dominus

1847 3728 2080 3784 condidit
2114 3742 2194 3780 me
2230 3721 2547 3794 principium
2580 3716 2789 3770 uiarum
2830 3711 2968 3781 ejus.
3008 3708 3266 3775 Qumnam
3300 3715 3432 3757 vero

1846 3825 1955 3879 siut
1985 3822 2088 3876 illa;
2129 3819 2227 3873 vim
2276 3817 2434 3870 docet
2468 3813 2519 3867 in
2556 3806 2908 3879 sequentibus
2944 3802 3036 3875 [Β.
3076 3796 3191 3870 XII]
3225 3817 3238 3853 ε
3279 3816 3297 3850 ι
3350 3794 3430 3851 Ita

1853 3935 1872 3969 ι
1905 3917 2047 3970 enim
2070 3913 2159 3968 ille
2187 3909 2365 3973 nobis,
2388 3906 2479 3976 qui
2504 3900 2805 3959 secundum
2837 3897 3103 3951 rationem
3125 3894 3328 3963 justam
3350 3891 3434 3943 in-

1853 4028 1872 4061 ι
1912 4008 2140 4063 stituere
2185 4003 2350 4056 vitam
2382 3997 2632 4053 volumus
2657 4034 2674 4055 .
2718 3989 2938 4064 pietatis
2968 3989 3055 4043 via
3090 3987 3271 4041 factus
3296 3991 3380 4039 est
3414 4001 3430 4038 :

1852 4122 1872 4153 ι
1912 4098 2239 4173 principium
2275 4095 2488 4147 viarum
2529 4088 2774 4144 omnium
2801 4083 3186 4155 posteriorum.
3221 4096 3241 4131 ι
3270 4076 3437 4133 Addit

1849 4171 2029 4248 autem
2065 4210 2084 4244 ι
2118 4186 2438 4259 principium
2468 4183 2672 4237 viarum
2696 4180 2767 4234 ob
2810 4177 2914 4231 hoc
2942 4176 3114 4244 ipsum
3148 4171 3436 4258 Dominum

1856 4302 1874 4335 ι
1908 4297 2052 4345 esse,
2075 4289 2129 4335 et
2152 4278 2501 4334 Servatorem
2527 4280 2774 4327 nostrum
2808 4283 2824 4322 :
2849 4275 3133 4337 propterea
3159 4240 3312 4332 quod
3327 4260 3437 4316 via-

1857 4397 1876 4431 ι
1921 4392 2061 4441 rum,
2103 4386 2241 4444 quas
2299 4366 2528 4440 ingressi
2583 4377 2773 4419 sumus
2811 4368 2933 4431 post
2981 4358 3212 4428 primam
3246 4355 3391 4409 viam
3417 4395 3434 4418 ,

1857 4488 1876 4522 ι
1917 4465 2243 4538 principium
2267 4460 2500 4518 exstitit.
2537 4454 2719 4510 Innuit
2746 4461 2932 4506 autem
2967 4448 3294 4503 traditiones
3340 4461 3435 4500 ac-

1858 4582 1876 4613 ι
1905 4571 2089 4633 ceptas
2106 4573 2136 4612 a
2153 4557 2351 4611 divinis
2364 4552 2648 4623 apostolis,
2662 4547 2777 4617 qui,
2792 4545 3087 4601 secundum
3102 4540 3436 4610 prophetiae,

1858 4671 1876 4703 ι
1918 4666 2021 4706 una
2044 4664 2167 4704 cum
2199 4646 2466 4701 altissimo
2495 4641 2587 4695 illo
2609 4635 2904 4712 praeconio,
2947 4649 3144 4690 novum
3181 4633 3285 4688 hoc
3319 4645 3439 4701 my.

1858 4765 1877 4796 s
1921 4742 2151 4799 sterium
2174 4739 2332 4797 nobis
2354 4736 2811 4797 annuntiarunt.»
2838 4727 3108 4784 Hactenus
3131 4723 3435 4787 Marcellus.

2457 4825 2689 4885 CAPUT
2732 4823 2818 4880 Ill.

1861 4937 1920 4998 ᾖ(
1982 4928 2248 4998 Refulatio
2299 4938 2481 4978 eorum
2515 4936 2633 4998 qua
2666 4933 2908 4998 peruerse
2952 4922 3331 4994 commentatus
3362 4920 3441 4965 est

2018 4985 2087 5054 ad
2116 5000 2261 5061 loca,
2290 5004 2341 5049 et
2366 4985 2863 5047 ortlaodaaza'eorum
2891 4985 3279 5053 interpretatio.

1931 5093 1991 5150 Si
2051 5105 2227 5160 neque
2266 5086 2428 5143 Musis
2476 5100 2577 5141 nec
2623 5082 3011 5153 prophetarqu
3058 5087 3182 5149 post
3234 5075 3440 5130 Mosem

1861 5185 2179 5256 Scripturas
2194 5181 2508 5236 admitteret
2530 5174 2837 5241 Marcellus,
2872 5169 3208 5243 probabilem
3242 5166 3448 5223 fortasm

1861 5277 1939 5334 sis
1966 5275 2235 5331 rationem
2271 5271 2538 5327 haberent
2567 5282 2689 5337 qua:
2713 5266 2784 5321 ab
2815 5279 2883 5322 eo
2913 5263 3154 5335 profecta
3184 5270 3330 5316 sunt.
3374 5262 3438 5313 At

1858 5385 1979 5424 cum
2014 5381 2118 5422 uou
2172 5365 2243 5419 sit
2269 5378 2337 5418 ex
2367 5375 2555 5417 eorum
2580 5372 2810 5415 numero
2851 5355 2943 5428 qui
2984 5350 3148 5412 Vetus
3187 5362 3441 5409 recusant

1631 5524 1674 5559 “
1695 5525 1860 5588 Prov.
1891 5540 1989 5583 vut
2019 5561 2036 5590 ,
2063 5521 2154 5577 12.
2251 5518 2298 5551 ⁸⁸
2330 5517 2458 5573 ibid.
2491 5516 2585 5572 22.

1945 5712 2055 5787 (76)
2085 5708 2251 5781 Volgo
2284 5706 2442 5763 κατά.
