3828 6222
445 289 547 350 971

1111 284 1386 343 EUSEBII
1424 279 1902 341 CESARIENSIS
1941 278 2095 337 OPP.
2136 277 2323 335 PARS
2360 276 2454 335 ιγ.
2495 308 2565 320 -
2602 276 3025 337 DOGMATICA.

3620 280 3722 339 972

448 406 597 476 biles,
632 417 680 462 et
720 405 1046 462 summitates
1099 406 1362 462 habitatas
1395 405 1489 460 sub
1523 404 1671 459 calo.
1712 409 1771 467 ›Ῑ‹
1805 401 2031 469 Quando
2060 427 2073 464 Α

2194 417 2240 466 ›ς
2277 398 2636 470 ἐθεμελίωσέ
2679 416 2792 470 με·
2850 400 2921 454 ἐν
2958 398 3122 470 ἀρχῇ
3155 398 3268 469 πρὸ
3310 396 3421 455 τοῦ
3459 395 3577 467 τὴν
3617 395 3725 468 γῆν

445 499 778 569 praeparabat
809 497 985 564 stelas,
1012 500 1228 553 aderam
1249 499 1317 553 ei.
1364 497 1589 564 Quando
1617 498 1893 565 separabat
1931 494 2031 548 sibi

2194 490 2414 562 οιῆσαι,
2463 492 2577 561 πρὸ
2625 493 2732 547 τοῦ
2778 491 2884 559 τὰς
2935 492 3250 559 ἀϐύσσους
3280 489 3532 559 ποιῆσαι
3555 507 3571 521 -
3618 490 3725 558 πρὸ

445 593 691 645 thronum
722 608 878 660 super
904 602 1097 646 uentos.
1133 592 1361 657 Quando
1382 590 1631 659 firmabat
1662 591 1821 643 nubes
1846 603 2028 657 supra,

445 693 492 736 et
527 682 756 738 librabat
790 682 960 753 {eum
1005 699 1264 755 aquarum
1318 683 1500 736 subter
1546 681 1752 735 caelum.
1798 679 2027 746 Quando

444 775 774 844 appendebat
816 776 1165 845 fundamenta
1204 785 1382 839 teri-te,
1429 790 1547 826 cum
1572 789 1634 828 eo
1664 788 1807 827 erant
1836 786 2026 826 cuncta

444 883 777 938 componens.
827 868 1140 923 Delectabar
1163 882 1257 936 per
1287 865 1522 935 singulos
1555 866 1689 930 dies,
1715 865 1900 919 ludens
1933 882 2021 919 co-

443 976 557 1015 ram
592 976 673 1025 eo,
722 960 909 1014 ludens
959 961 1012 1015 in
1049 962 1172 1014 orbe
1218 970 1506 1015 terrarum.
1546 956 1614 1011 Et
1666 957 1868 1013 delicia!
1897 973 2027 1013 mea:

442 1066 553 1106 esse
589 1065 706 1104 cum
740 1050 864 1119 ﬁliis
899 1052 1189 1105 hominum.

2136 583 2244 638 τοῦ
2275 583 2590 652 προελθεῖν
2624 583 2732 652 τὰς
2779 584 2975 654 πηγὰς
3008 583 3132 638 τῶν
3169 583 3407 638 ὑδάτων
3427 599 3443 614 ·
3478 579 3597 651 πρὸ
3626 580 3727 635 τοῦ

2135 676 2244 746 ὅρη
2273 674 2660 746 ἑδρασθῆναι,
2697 678 2811 748 πρὸ
2829 676 2899 732 δὲ
2925 677 3037 749 (54)
3064 676 3307 731 πάντων
3328 673 3580 740 βουνῶν
3601 690 3726 743 γεν-

2132 767 2212 835 νᾷ
2233 786 2330 839 με.
2361 770 2577 838 Κύριος
2614 769 2869 838 ἐποίησε
2912 768 3107 839 χώρας
3133 768 3232 822 καὶ
3258 766 3605 833 ἀοικήτους,
3634 764 3729 818 καὶ

2133 860 2286 930 ἄκρα
2326 861 2648 930 οἰκούμενα
2682 859 2791 929 τῆς
2821 861 2933 933 (55)
2960 863 3064 914 ὑπ’
3099 859 3392 929 οὐρανῶν.
3434 858 3640 912 Ἠνίκα
3661 857 3731 923 ἠ-

2133 951 2368 1023 τοίμαζε
2395 952 2504 1007 τὸν
2539 953 2829 1021 οὐρανὸν,
2870 950 3287 1022 συμπαρήμην
3306 947 3487 1015 αὐτῷ.
3532 948 3734 1001 Ἡνίκα

2132 1042 2381 1116 ἀφώριζε
2420 1043 2529 1098 τὸν
2566 1043 2786 1099 ἑαυτοῦ
2835 1045 3053 1114 θρόνον
3095 1043 3189 1097 ἐπ’
3217 1040 3492 1112 ⁶ἀνέμων.
3532 1038 3736 1095 Ἡνίκα

442 1146 664 1216 ισχυρὰ
700 1147 885 1201 ἐποίει
920 1146 1032 1217 (56)
1066 1151 1139 1200 τα
1167 1145 1289 1200 ἄνω
1321 1145 1496 1217 νέφη.
1530 1144 1629 1200 καὶ
1647 1145 1728 1210 ὡς
1759 1141 2060 1212 ἀσφαλεῖς
2094 1142 2276 1198 ἐτίθει
2308 1140 2506 1211 πηγὰς
2544 1140 2655 1207 τὰς
2691 1139 2795 1195 ὑπ’
2836 1137 3121 1209 οὐρανὸν,
3164 1136 3265 1191 καὶ
3296 1133 3517 1206 ισχυρὰ
3546 1132 3736 1187 ἐποίει

439 1238 511 1293 τὰ
545 1237 786 1309 θεμέλια
814 1236 925 1306 τῆς
952 1237 1087 1308 γῆς,
1142 1235 1306 1307 ἤμην
1341 1239 1476 1307 παρ’
1496 1234 1656 1302 αὐτῷ
1680 1233 2051 1304 ἁρμόζουσαο
2091 1230 2208 1303 ἐγὼ
2238 1230 2405 1300 ἤμην
2433 1225 2474 1303 ᾖ
2513 1229 2879 1301 προσέχαιρε
2938 1230 3069 1284 καθ’
3101 1225 3365 1296 ἡμέραν
3404 1224 3734 1294 ηὐφραινό-

435 1349 561 1401 μην
590 1330 659 1385 δὲ
685 1331 756 1385 ἐν
786 1328 1085 1401 προσώπῳ
1115 1329 1303 1385 αὐτοῦ
1331 1330 1402 1384 ἐν
1447 1328 1627 1383 παντί
1676 1325 1890 1398 καιρῷ·
1931 1325 2031 1380 ὅτε
2069 1325 2436 1394 ηὐφραίνετο
2503 1321 2621 1392 τὴν
2648 1320 3013 1393 οἰκουμένην
3069 1318 3469 1387 συντελέσας,
3490 1317 3592 1371 καί
3629 1319 3735 1385 ηὐ-

437 1426 720 1496 φραίνετο
743 1425 837 1496 ἐφ’
874 1424 1028 1491 υἱοῖς
1051 1424 1163 1496 (57)
1193 1422 1541 1493 ἀνθρώπων.

524 1516 529 1521 ’
1095 1514 1250 1572 CAP.
1293 1517 1357 1574 ll.

438 1610 715 1678 Quomodo
752 1609 909 1673 illud,
963 1628 983 1660 ι
1016 1608 1270 1663 Dominus
1301 1609 1533 1663 condidit
1578 1625 1660 1663 me
1704 1607 2018 1677 principium

502 1682 708 1737 uiarum
738 1682 874 1748 ejus,
902 1699 921 1731 ι
959 1693 1005 1733 et
1034 1695 1152 1748 qua:
1177 1689 1485 1746 sequuntur,
1514 1679 1739 1749 intelligi
1773 1678 2015 1733 debeant.

503 1751 575 1806 Et
617 1752 874 1821 quomodo
929 1749 1212 1805 Marcellus
1256 1765 1320 1803 ea
1367 1749 1639 1805 transtulit
1690 1752 1759 1804 ad
1808 1766 2019 1805 carnem

504 1821 804 1878 Seruatoris
830 1831 1148 1889 susceptam.

501 1914 630 1970 Haec
664 1914 732 1968 de
765 1913 944 1983 seipsa
980 1912 1034 1968 in
1069 1911 1385 1968 Proverbiis
1414 1910 1713 1983 Sapientia.
1748 1913 2021 1985 [ntegrum

429 2021 561 2063 vero
593 2005 774 2061 locum
808 2004 1118 2061 necessario
1149 2005 1440 2074 descripsi,
1482 2017 1540 2061 ut
1583 2015 1841 2077 appareat
1872 2022 2022 2063 eam-

428 2096 554 2153 dem
585 2109 874 2166 personam
924 2095 1041 2151 huic
1083 2096 1267 2151 omnia
1307 2094 1591 2151 locutam:
1624 2111 1721 2152 nec
1767 2099 2022 2154 transitio

428 2188 503 2244 sit
539 2187 860 2243 intermedia
896 2185 963 2241 de
992 2184 1224 2257 persona
1250 2184 1318 2240 ad
1352 2201 1664 2256 personam.
1704 2186 1829 2242 Haec
1856 2189 2023 2260 igitur

431 2281 500 2335 de
533 2279 710 2349 seipsa
744 2278 906 2335 docet
955 2287 1012 2334 et
1060 2278 1299 2334 ostendit
1340 2278 1641 2348 Sapientia.
1694 2278 1798 2335 Ubi
1852 2280 2022 2351 inpri-

430 2371 538 2427 mis
599 2378 840 2436 notetur,
899 2368 1045 2440 quod
1098 2383 1159 2425 se
1210 2368 1489 2426 indeﬁnite
1547 2370 1882 2442 Sapientiam
1928 2386 2023 2428 vo-

424 2472 512 2518 cet
540 2479 553 2515 :
584 2457 696 2531 Ego
722 2459 1358 2528 enim,inquit,eonstitui
1384 2459 1702 2524 consilium;
1729 2475 1841 2517 non
1873 2461 2017 2531 adji—

425 2553 589 2619 citur,
613 2550 897 2621 Sapientia
945 2549 1064 2605 Dei.
1102 2548 1210 2604 Sed
1244 2560 1404 2620 prout
1443 2550 1705 2605 scribitur
1748 2551 1817 2606 ab
1853 2566 2021 2607 evan-

422 2643 637 2713 gelista,
680 2640 750 2695 In
790 2640 1050 2709 principio
1090 2649 1201 2694 erat
1257 2636 1570 2707 Verbum”,
1609 2638 1913 2695 indeﬁnite.
1952 2640 2020 2694 Et

423 2749 637 2799 rursus,
681 2731 906 2788 Verbum
947 2742 1063 2786 erat
1107 2731 1249 2801 apud
1305 2731 1470 2786 Deum
1488 2731 1535 2765 ⁸⁸
1574 2748 1589 2785 :
1629 2745 1729 2786 nec
1781 2733 2016 2796 dicitur,

430 2824 659 2882 Verbum
698 2824 814 2889 Dei,
844 2838 913 2880 ne
949 2823 1074 2894 quis
1106 2833 1362 2892 tanquam
1394 2822 1652 2893 quiddam
1682 2821 1907 2878 relative
1935 2824 2019 2877 di-

2065 1526 2110 1582 B
2782 1505 2943 1558 ΚΕΦ.
2978 1501 3054 1559 B'.

2129 1598 2320 1661 Ὅπως
2330 1594 2420 1662 τὸ,
2438 1613 2457 1646 ι
2469 1595 2686 1664 Κύριος
2695 1593 2984 1664 ἕκτισέμε
2997 1592 3196 1663 ἀρχὴν
3206 1589 3364 1648 ὁδῶν
3373 1589 3588 1664 αὐτοῦ,
3599 1609 3619 1642 ι
3631 1590 3741 1664 atat

2193 1660 2507 1742 adfatim)
2551 1660 2921 1742 συνημμένα
2949 1660 3192 1742 νοεῖταιο
3228 1663 3519 1742 ψζὸπως
3542 1660 3741 1729 ταῦτα

2195 1736 2560 1819 ῃάρκελλος
2608 1734 2856 1795 ἐπίίτὴν
2903 1734 3103 1806 σάρκα
3155 1734 3265 1789 τοῦ
3309 1734 3588 1802 Σωτῆρος
3599 1748 3742 1802 μετ-

2195 1825 2325 1878 are-

2194 1898 2381 1971 Ταῦτα
2408 1897 2507 1970 μὲν
2522 1898 2583 1952 ὲν
2600 1897 2931 1971 Παροιμίαις
2948 1900 3077 1969 περὶ
3100 1896 3304 1967 ἑαυτῆς
3323 1896 3358 1967 ἡ
3380 1894 3575 1964 Σοφία.
3592 1893 3742 1947 Ὀλα

2122 1990 2166 2045 δ’
2196 1994 2448 2067 ἐπιτηδὲς
2474 1995 2794 2064 ἀναγκαίως
2816 1992 3163 2066 παρεθέμην,
3195 1976 3413 2053 δεικνὺς
3434 1990 3511 2052 ὡς
3530 1989 3591 2042 ἓν
3616 1989 3742 2041 ἐστι

2126 2086 2422 2156 πρόσωπον
2453 2087 2515 2141 τὸ
2542 2087 2713 2142 ταῦτα
2760 2087 2941 2156 λέγον,
2972 2086 3094 2140 οὐδὲ
3129 2086 3260 2157 μιᾶς
3308 2085 3367 2137 ὲν
3408 2082 3487 2154 τῷ
3525 2080 3742 2153 μεταξὺ

2122 2182 2424 2254 γενομένης
2449 2182 2757 2255 μεταϐολῆς
2771 2181 2868 2236 τοῦ
2897 2182 3167 2251 λέγοντος·
3190 2179 3469 2234 δείκνυται
3484 2177 3673 2231 τοίνυν
3699 2177 3740 2245 ἡ

2123 2274 2293 2345 Σοφία
2321 2274 2496 2329 ταῦτα
2530 2274 2661 2348 περὶ
2692 2274 2896 2345 ἑαυτῆς
2935 2273 3284 2328 διδάσκουσα.
3320 2267 3625 2325 Κάνταῦθα
3680 2267 3744 2320 δὲ

2125 2366 2344 2437 πρῶτον
2367 2365 2755 2438 ὲπιτηρητέον,
2773 2366 2849 2430 ὡς
2878 2363 3163 2428 ἀπολύτως
3188 2361 3361 2433 Σοφία
3385 2361 3741 2431 ὼνόμασται’

2135 2455 2284 2528 Ἐγὼ
2310 2456 2453 2528 γὰρ,
2497 2457 2654 2529 φησὶ,
2710 2456 3150 2526 κατεσκήνωσα
3186 2454 3456 2523 βουλὴν,
3487 2454 3586 2507 καὶ
3631 2453 3746 2506 οὐκ

2122 2538 2361 2621 εἴρηταί,
2388 2550 2582 2619 Σοφία
2612 2550 2720 2605 τοῦ
2752 2550 2900 2605 Θεοῦ
2919 2567 2933 2580 ·
2962 2549 3079 2603 ἀλλ’
3114 2547 3303 2623 ὥσπερ
3346 2546 3500 2619 παρὰ
3527 2543 3611 2615 τῷ
3639 2544 3743 2597 εὑ-

2121 2642 2421 2715 αγγελιστῇ
2474 2645 2557 2708 τὸ,
2602 2643 2699 2697 Ἐν
2727 2642 2887 2713 ἀρχῇ
2936 2639 3018 2714 ἦν
3064 2645 3099 2698 ό
3147 2642 3378 2711 Λόγος,
3436 2638 3743 2701 ἁπολύτως

2122 2735 2416 2807 ἐγράφετο,
2443 2736 2538 2789 καὶ
2568 2734 2755 2799 πάλιν,
2802 2737 2864 2789 '0
2898 2736 3090 2804 Λόγος
3117 2729 3200 2804 ἦν
3232 2732 3385 2802 πρὸς
3420 2732 3530 2784 τὸν
3549 2730 3741 2785 Θεὸν·

2124 2827 2220 2880 καὶ
2246 2826 2346 2881 οὐκ
2371 2826 2484 2899 (58)
2516 2826 2726 2900 εἴρητο,
2760 2830 2794 2881 ό
2818 2828 3010 2899 Λόγος
3040 2825 3148 2880 τοῦ
3185 2823 3357 2887 Θεοῦ,
3384 2823 3473 2877 ⁴ίνα
3504 2823 3584 2893 μὴ
3620 2822 3745 2874 τῶν

421 2931 571 2978 ctum
610 2927 897 2974 autumet:
936 2932 1113 2988 neque
1148 2926 1407 2987 tanquam
1440 2915 1695 2971 accidens
1740 2914 2013 2984 quoddam
2041 2900 2073 2960 ε

2194 2920 2257 2984 ός
2283 2937 2337 2975 τι
2358 2920 2558 2992 νομίσῃ
2588 2938 2674 2984 τις
2717 2920 2882 2974 αὐτὸν
2916 2918 3209 2990 λέγεσθαι,
3249 2916 3374 2989 μηδ’
3402 2916 3480 2980 ὡς
3516 2914 3747 2985 συμϐε-

422 3011 557 3075 Dei;
592 3007 687 3064 sed
730 3016 790 3063 ut
829 3007 1020 3063 vivens
1058 3015 1115 3063 et
1146 3006 1497 3062 subsistens:
1542 3006 1684 3060 unde
1726 3004 1910 3071 addit,
1942 3003 2016 3059 Et

420 3100 564 3156 Deus
593 3109 728 3166 erat,
765 3114 875 3155 non
907 3100 1003 3155 Dei
1035 3106 1177 3162 erat,
1215 3095 1465 3152 Verbum.
1498 3096 1859 3163 Adeumdem
1900 3113 2017 3153 mo-

420 3191 550 3246 dum
589 3190 660 3247 de
683 3190 963 3260 Sapientia
1011 3189 1272 3261 loquitur.
1310 3188 1488 3246 Unum
1522 3201 1643 3246 erat
1669 3191 1815 3247 enim
1848 3202 2014 3263 atque

422 3284 566 3340 idem
599 3285 743 3340 Deus
781 3281 1016 3339 Verbum
1065 3291 1122 3338 et
1165 3281 1471 3354 Sapientia.
1507 3282 1778 3351 Quocirca
1812 3286 2010 3342 dicitur

419 3373 702 3430 indeﬁnite
733 3374 787 3429 in
821 3372 1155 3439 Proverbiis,
1189 3388 1297 3429 non
1328 3372 1506 3429 solum
1530 3374 1585 3430 in
1609 3389 1773 3445 supra
1802 3391 2011 3431 memo-

419 3466 575 3532 ratis,
619 3466 715 3522 sed
750 3464 872 3521 istis
902 3463 1164 3532 insuper:
1198 3463 1396 3520 Beatus
1424 3465 1505 3520 vir
1540 3467 1630 3535 qui
1673 3466 1865 3521 invenit
1902 3463 2008 3520 Sa-

2118 3013 2327 3086 6ηκότα
2358 3015 2419 3067 ὲν
2465 3013 2545 3085 τῷ
2592 3011 2732 3084 Θεῷ,
2779 3012 2894 3067 ἀλλ’
2920 3013 2998 3077 ὡς
3043 3010 3334 3082 ὑφεστῶτα
3373 3010 3469 3063 καὶ
3502 3008 3700 3074 ζῶντα
3726 3023 3741 3036 °

2115 3106 2196 3161 διὸ
2226 3106 2489 3175 ἐπιλέγει,
2520 3106 2633 3162 Καὶ
2673 3106 2820 3173 Θεὸς
2844 3103 2925 3175 ἦν
2950 3107 2983 3160 ὀ
3008 3106 3222 3175 Λόγος,
3262 3104 3365 3157 οὐκ
3400 3100 3603 3166 εἰπὼν,
3630 3103 3745 3156 καί.

2116 3200 2265 3255 Θεοῦ
2279 3197 2357 3271 ἧν
2378 3203 2411 3255 ό
2443 3202 2654 3272 Λόγος.
2689 3198 2847 3255 Οὕτω
2881 3199 2977 3253 καὶ
3014 3198 3109 3251 ἐπὶ
3130 3197 3229 3268 τῆς
3262 3195 3485 3264 Σοφίαςο
3514 3193 3577 3246 ἓν
3614 3194 3741 3266 γὰρ

2112 3292 2209 3347 καὶ
2230 3291 2430 3345 ταύτὸν
2447 3286 2517 3364 ἦν
2537 3279 2720 3355 ὁΘεὸς
2738 3290 2913 3359 Λόγος
2935 3290 3031 3344 καὶ
3050 3291 3083 3361 ή
3106 3287 3298 3358 Σοφία.
3316 3287 3410 3340 Διὸ
3433 3285 3748 3348 ἁπολύτως

2112 3387 2172 3439 ὲν
2194 3384 2663 3457 ταῖςΠαροιμίαις
2693 3380 3042 3455 ὀνομάζεται,
3077 3379 3134 3433 ἐν
3168 3396 3231 3432 τε
3267 3380 3381 3442 τοῖς
3407 3377 3751 3450 ἰτρστεθεῖστ⁵

2111 3478 2299 3548 ῥητοῖς
2325 3493 2339 3507 ο
2358 3476 2419 3528 οὐ
2442 3476 2551 3547 μὴν
2574 3474 2711 3529 ἀλλὰ
2737 3475 2835 3529 καὶ
2848 3474 2914 3528 δι’
2936 3467 3013 3529 ὧν
3032 3472 3144 3545 (59)
3178 3471 3369 3526 τοῦτον
3383 3473 3608 3543 εἴρηται
3638 3472 3751 3525 τὸν

414 3559 672 3631 pientiam
688 3558 755 3614 ⁸⁸.
783 3556 871 3626 Ει,
896 3555 1036 3611 Deus
1060 3557 1115 3610 in
1140 3553 1416 3625 Sapientia
1445 3556 1690 3626 [undavit
1723 3567 1918 3613 terram
1936 3557 2004 3611 ⁸⁸.

2194 3566 2328 3619 Επον·
2349 3563 2653 3633 Μακάριος
2671 3562 2825 3633 ἀνὴρ
2841 3562 2909 3630 ὃς
2925 3556 3064 3631 εὗρε
3079 3561 3327 3632 Σοφίαν·
3350 3561 3467 3623 καὶ,
3486 3560 3551 3613 '0
3575 3561 3751 3627 Θεὸς

414 3652 505 3717 Et,
536 3649 662 3705 Dixi
693 3648 1022 3717 Sapientiae:
1046 3646 1214 3703 Soror
1238 3648 1368 3701 milii
1395 3664 1449 3702 es
1470 3647 1537 3702 ⁸⁷.
1567 3647 1654 3714 Et,
1688 3651 1764 3703 Tu
1796 3664 2007 3702 annun-

2206 3657 2397 3726 Σοφίᾳ
2422 3656 2785 3725 ἐθεμελίωσε
2810 3655 2927 3724 τὴν
2955 3653 3093 3725 γῆν·
3111 3654 3226 3718 καὶ,
3247 3648 3442 3707 Εἶπον
3456 3651 3580 3722 τὴν
3610 3656 3749 3708 Σο-

414 3744 547 3796 tiato
593 3739 943 3810 Sapientiam,
986 3748 1043 3793 ut
1103 3739 1243 3794 adsit
1296 3739 1390 3793 tibi
1443 3740 1793 3811 intelligentia
1821 3740 1889 3794 ⁸⁸.
1919 3741 2003 3803 Et,

2194 3762 2254 3800 ιν
2264 3744 2375 3819 (60)
2389 3744 2514 3815 σὴν
2528 3744 2806 3815 ἀδελφὴν
2815 3741 2988 3800 εἶναι’
3004 3744 3212 3810 καὶ,Σὺ
3228 3744 3591 3814 τὴνΣοφίαν
3618 3745 3750 3814 κή-

415 3830 774 3889 Prtestantior
803 3843 876 3885 est
908 3828 1181 3899 Sapientia
1211 3830 1477 3900 lapidibus
1496 3833 1736 3903 pretiosis
1753 3832 1819 3885 ⁸³.
1837 3836 1895 3895 r14
1918 3832 2004 3897 Et,

2194 3836 2312 3901 Ξον,
2329 3836 2431 3890 ἵνα
2441 3836 2739 3905 φρόνησίς
2750 3852 2847 3890 σοι
2859 3835 3332 3904 ἐπακολουθήσῃ
3342 3851 3354 3864 ·
3369 3835 3484 3898 καί,
3498 3836 3749 3901 Κρείον-

415 3923 694 3993 Sapientia
727 3922 1011 3992 wdiﬁcauit
1043 3922 1143 3977 sibi
1174 3924 1395 3983 domum
1424 3937 1445 3977 :
1474 3932 1524 3977 et
1554 3923 1748 3977 excidit
1802 3923 2006 3978 colum-

2194 3927 2354 3998 νφὰρ
2364 3929 2555 3998 Σοφία
2568 3927 2753 3983 ,λιθῶν
2764 3926 3138 3982 πολυτελῶν⁸
3154 3928 3270 3994 καὶ,
3288 3927 3350 3985 Ἠ
3365 3926 3751 3996 Σοφίαῴκο-

413 4028 511 4068 nas
539 4022 732 4080 septem
746 4011 817 4077 ’°,
846 4021 902 4067 et
935 4025 1057 4080 qua:
1084 4011 1170 4067 bis
1199 4011 1521 4082 congemina
1549 4011 1603 4066 in
1645 4013 1836 4068 eodem
1866 4014 2005 4070 libro

2194 4036 2374 4088 κησεν
2401 4019 2588 4090 ἑαυτῇ
2602 4017 2791 4086 οἶκον,
2814 4020 2916 4075 καὶ
2936 4019 3232 4088 ὑπήρεισε
3255 4020 3524 4085 στόλους
3542 4019 3747 4084 ἑπτὰ,

414 4100 780 4171 reperiuntur.
823 4098 1037 4169 Ubique
1096 4098 1374 4155 indefinite
1433 4109 1661 4155 vocatur
1698 4098 2002 4171 Sapientia,

2194 4112 2353 4168 ιᾶλλα
2378 4114 2591 4180 τούτοις
2618 4112 2824 4184 ἀδελφὰ
2841 4116 2901 4168 ὲν
2925 4116 2991 4186 τῇ
3014 4114 3153 4186 αὐτῇ
3179 4113 3405 4184 φέρεται
3426 4111 3622 4185 βίϐλῳ.
3646 4113 3748 4168 Δι’

412 4207 682 4262 nusquam
716 4206 870 4258 vero,
917 4191 1012 4245 Dei
1039 4189 1337 4257 Sapientia,
1370 4201 1522 4247 utne
1561 4192 1712 4248 illam
1743 4194 2001 4250 accidens
2032 4247 2073 4303 Β

417 4282 678 4303 --ηυω
736 4281 839 4303 η--
875 4283 1233 4303 unum“-
1369 4282 1646 4303 --μ-,ρῳ
1687 4283 1736 4303 ε..
1922 4286 1934 4298 .

2208 4205 2449 4278 οὐδαμοῦ
2470 4206 2664 4277 Σοφία
2693 4206 2841 4261 Θεοῦ
2874 4206 3216 4278 ὠνόμασταιο
3237 4204 3376 4259 ἀλλὰ
3389 4204 3749 4277 ἀδιορίστως

409 4282 682 4354 quoddam
735 4281 845 4338 Deo
872 4283 1235 4348 arbitremur;
1275 4291 1335 4337 ut
1367 4282 1652 4338 scientiam
1687 4283 1740 4339 in
1771 4285 1890 4340 viro
1921 4286 2003 4341 in-
2034 4281 2073 4303 ”

2194 4298 2347 4369 οφία,
2361 4299 2449 4353 ἵνα
2467 4301 2543 4373 μὴ
2560 4299 2625 4353 σύ
2632 4299 2827 4373 μϐαμά
2842 4317 2895 4353 τι
2910 4297 3226 4372 νομίσωμεν
3239 4298 3411 4370 αὐτὴν
3426 4294 3573 4352 εἶναι
3586 4300 3745 4371 περὶ

412 4374 676 4446 ιοιιίαεηιὶ
704 4392 719 4429 :
747 4374 844 4430 sed
894 4374 1283 4429 subsistentem
1322 4384 1378 4430 et
1423 4375 1600 4429 vivam
1636 4374 1997 4446 Sapientiam,

2194 4405 2198 4430 ι
2233 4388 2388 4454 Θεὸν,
2421 4389 2497 4455 ὡς
2518 4392 2576 4444 ἐν
2599 4390 2677 4463 τῷ
2699 4392 3027 4464 ὲπιστήμονι
3056 4391 3215 4463 ἀνδρὶ
3247 4390 3347 4461 τὴν
3373 4392 3744 4462 ἐπιστήμην,

407 4464 656 4520 eamdem
690 4462 867 4534 ipsam
899 4479 1021 4518 cum
1058 4462 1197 4519 Filio
1230 4464 1348 4520 Dei.
1380 4464 1534 4532 Quod
1573 4465 1619 4520 si
1653 4467 1776 4537 quis
1812 4469 2001 4525 existi-

2194 4481 2221 4533 t’
2235 4480 2556 4551 ὑφεστῶσαν
2580 4484 2676 4537 καὶ
2693 4481 2874 4548 ζῶσαν
2907 4482 3108 4553 Σοφίαν
3120 4482 3219 4554 τὴν
3236 4481 3407 4555 αὐτὴν
3429 4479 3599 4538 οὖσαν
3643 4485 3748 4555 τῷ

408 4566 523 4613 met
550 4557 693 4635 hanc
711 4554 1046 4627 Sapientiam
1072 4556 1315 4611 habitum
1342 4569 1462 4611 esse
1484 4557 1775 4627 quemdam
1805 4559 1858 4613 in
1889 4560 2001 4617 Deo

2194 4572 2225 4645 ᾧ
2251 4573 2344 4628 τοῦ
2371 4574 2528 4630 Θεοῦ.
2552 4576 2616 4629 Et
2638 4576 2696 4630 δέ
2717 4593 2803 4640 τις
2834 4575 2948 4641 ἕξιν
2984 4577 3043 4631 ὲν
3071 4572 3149 4648 τῷ
3175 4575 3296 4646 Θεῷ
3324 4554 3498 4649 σοφὴν
3531 4578 3678 4631 καθ’

409 4649 731 4721 sapientem,
764 4649 1063 4704 secundum
1108 4664 1268 4720 quem
1321 4649 1523 4704 dicitur
1554 4648 1701 4705 Deus
1736 4653 1951 4721 sapiens
1981 4672 1996 4710 :

2194 4664 2336 4737 ῦμεν
2362 4667 2453 4720 τὸν
2483 4666 2617 4723 Θεὸν
2653 4666 2816 4738 σοφὸν
2847 4667 3111 4721 ὑπολάϐοι
3151 4662 3292 4721 εἶναι
3336 4648 3747 4740 ἠννέπαῦθα

408 4740 596 4796 audiat
644 4740 690 4795 is
741 4740 1081 4809 Scripturam
1135 4742 1431 4806 dicentem,
1485 4740 1616 4797 Dixi
1670 4740 2000 4814 Sapientiam

2194 4757 2407 4829 νομένην
2423 4758 2642 4828 Σοφίαν,
2679 4760 3039 4814 ἐπακουσάτω
3058 4758 3325 4829 λεγούσης
3339 4759 3443 4829 τῆς
3459 4760 3499 4813 Γ
3504 4764 3672 4833 ραςῆ
3681 4780 3741 4824 ς,

407 4848 642 4887 sororem
689 4834 913 4887 tuam“.
950 4833 1084 4899 Quis
1131 4848 1261 4889 vero
1309 4833 1445 4889 adeo
1475 4833 1605 4889 velit
1642 4834 1907 4902 insanire,
1940 4848 1999 4892 ut

2194 4861 2299 4899 τον
2333 4845 2450 4914 τὴν
2477 4848 2707 4917 Σοφίαν
2737 4849 2865 4917 σὴν
2901 4847 3177 4917 ἀδελφὴν
3207 4843 3384 4903 εἶναι.
3428 4848 3525 4913 Τίς
3561 4848 3619 4902 δ’
3662 4852 3742 4905 ἂν

412 4923 579 4980 Deum
610 4923 909 4991 existimet,
940 4925 1032 4996 qui
1063 4935 1147 4982 est
1188 4940 1355 4997 super
1384 4926 1588 4990 omnia,
1621 4936 1678 4982 et
1722 4942 1878 4984 suam
1913 4946 2002 4987 sa-

2194 4953 2251 4990 :to
2279 4938 2496 5011 μανείη,
2528 4939 2604 5005 ὡς
2632 4940 2724 4995 τὸν
2758 4942 2851 4995 ἐπὶ
2899 4940 3120 4996 πάντων
3161 4939 3330 5007 Θεὸν,
3374 4942 3472 4995 καὶ
3517 4939 3633 5012 τὴν
3668 4945 3742 4996 ἐν

486 5135 546 5202 ᾖ(
580 5129 681 5185 Ed.
714 5129 913 5194 Paris..
950 5148 1073 5202 pag.
1123 5134 1247 5200 119,
1280 5136 1405 5192 150.

880 5202 911 5219 ρ

486 5135 546 5194 Et
580 5135 681 5185 Ed.
714 5135 913 5194 Paris..
950 5148 1073 5202 pag.
1123 5135 1247 5200 119,
1280 5136 1405 5192 150.
1518 5138 1566 5171 ³³
1593 5135 1749 5194 Joan.
1781 5156 1825 5205 ι,
1853 5141 1909 5197 1.
1987 5142 2073 5200 “i

409 5198 457 5230 “
485 5201 644 5253 Prov.
689 5215 839 5253 χχιχ.
879 5202 933 5253 5.
1038 5205 1083 5237 ³³
1111 5205 1272 5253 va-
1317 5208 1518 5253 111.μὶΔ
1609 5209 1656 5242 οο
1686 5208 1823 5253 Ρι-ην
1880 5228 1932 5253 η
2001 5214 2024 5253 t

2206 5145 2356 5253 om:
2372 5146 2653 5253 {coming
2680 5148 2770 5204 15.
2796 5147 2843 5180 ⁸⁸
2862 5148 2999 5203 11)ίώ
3032 5147 3120 5204 19.

527 5216 644 5256 rov.
689 5215 839 5265 uix,
879 5215 933 5258 ο.

1038 5148 1073 5195 ε.
1123 5145 1247 5200 149,
1280 5145 1405 5192 150.
1518 5145 1566 5171 ⁵³
1593 5145 1749 5194 Joan.
1781 5156 1825 5205 ι,
1853 5145 1909 5197 1.
1987 5145 2073 5200 "i

1038 5205 1083 5237 89
1111 5205 1249 5237 Dm...
1317 5222 1378 5237 ι..
1432 5208 1497 5237 ΠΕ
1609 5209 1656 5237 Ill
1686 5208 1823 5237 Dm...
1880 5228 1932 5237 .-
2003 5214 2024 5237 ι

2206 5215 2244 5237 ἢ
2308 5145 2356 5179 ⁸⁸
2372 5146 2653 5237 Ριθονκιιι,
2680 5148 2770 5204 15.
2796 5147 2843 5180 ⁸⁸
2862 5148 2999 5203 11)ίώ
3032 5147 3120 5204 19.
3227 5146 3272 5179 ⁸⁷
3302 5145 3470 5206 Prov.
3510 5162 3633 5214 νην
3674 5150 3741 5205 δ-

1111 5205 1272 5262 Prov.
1317 5222 1400 5274 III,
1432 5208 1520 5263 15.
1609 5209 1656 5242 ⁹⁰
1684 5208 1844 5266 Prov.
1879 5228 1959 5282 Ix,
2001 5214 2055 5272 1.
2132 5217 2175 5250 ⁹¹
2204 5215 2369 5272 Prov.
2405 5233 2502 5285 vn,
2542 5217 2599 5273 4.

483 5376 600 5447 (5})
627 5374 800 5447 fulgo
833 5392 945 5433 om.
972 5379 1051 5433 δέ.

480 5441 595 5540 lii?
628 5441 1289 5540 γέμὲοδπξρουραγίυενο.
1411 5524 1447 5540 ..
1548 5527 1559 5540 .
1806 5534 1821 5540 _

2194 5441 2244 5540 21'

644 5517 1112 5609 'i'riseszed
1151 5522 1361 5609 ἐπρίοεο
1408 5524 1630 5609 Rectius
1680 5534 1836 5609 apud-
1849 5550 1979 5609 m.

2194 5517 2271 5609 si)
2305 5537 2481 5608 νυιεο
2507 5536 2618 5591 τῶν
2654 5536 2813 5609 ἀνθρ.

424 5588 1132 5680 Ὴῗέἕὲἐέτκὲθὲμέπρίει.
1172 5593 1250 5648 τά
1273 5594 1428 5680 ,ἅναξ
1481 5597 1674 5680 risui"
1717 5588 1861 5680 ’ναί
2155 5588 2269 5680 i583
2303 5588 2475 5680 Yﬁlid
2503 5588 2744 5680 etiam;

424 5613 621 5642 nrtzu
651 5613 884 5670 έσχυρα
932 5613 1132 5680 εποιει⁸
1172 5613 1250 5648 τα
1273 5613 1428 5675 ἀνω
1482 5613 1674 5669 νεφη··
1743 5613 1842 5659 καὶ
1902 5613 1983 5672 ὡς
2155 5613 2247 5677 (58
2303 5613 2469 5678 Vulgo
2503 5613 2690 5680 εῑρητα

406 5658 938 5788 esseesse:
954 5675 1199 5788 0:23.212
1226 5682 1338 5788 ξας
1393 5667 1495 5747 εἶπ’
1532 5672 1813 5788 ὅῠρανῆν
1839 5692 1854 5708 °
1883 5677 1982 5758 τι
2157 5613 2271 5764 (ξεί
2309 5678 2481 5749 νυιεο

440 5766 461 5781 α
502 5783 513 5788 -
1266 5754 1336 5788 nc
1364 5754 1497 5788 me.
1580 5756 1754 5788 tmmm
1779 5760 1812 5788 η
1840 5756 1891 5788 pl
1927 5763 1977 5788 ιη
2155 5749 2267 5788 ηιίὶ)
2309 5747 2476 5788 νηιοη
2502 5754 2602 5788 τήν

412 5726 633 5797 ισχυρὰ
655 5728 841 5783 ἐποίει
864 5729 938 5787 τὰ
954 5726 1199 5807 θεμέλια
1364 5735 1497 5807 γῆς.
1532 5726 1812 5806 Quomodo
1840 5726 1979 5802 et'iii

2194 5726 2269 5826 355
2309 5726 2478 5820 viiii
2502 5726 2617 5820 ιὲἧῦ.

2081 5397 2202 5471 cod.
2233 5396 2535 5471 Bodleiano
2566 5394 2863 5466 legebatur.
2898 5395 3079 5471 M.[I:‘.t
3103 5397 3219 5454 haec
3245 5397 3303 5454 in
3350 5406 3566 5455 textum
3633 5421 3746 5463 re-
