3828 6222
190 314 298 370 975

1210 315 1299 370 DE
1340 314 1881 372 ECCLESIASTICA
1923 316 2317 374 THEOLOCIA
2354 318 2486 376 LIB.
2527 319 2617 375 Ill.

3367 324 3475 382 974

187 430 342 504 αὑτῷ
370 431 482 504 (61)
519 431 689 505 σοφὴν
717 429 830 498 ἕξιν
869 432 1164 487 ὑπολαϐεῖν
1197 432 1431 504 ἀδελφην
1457 431 1565 486 τῶν
1599 432 1656 485 ἐν
1683 432 1748 486 ἀν

1883 432 2164 503 pientiam,
2189 448 2434 489 sororem
2464 433 2612 489 dicat
2639 432 2960 488 nominatim
2989 433 3232 488 habitum
3282 448 3472 492 eorum

190 523 434 598 θρώποις
465 525 874 597 κατορθούντων
899 525 1190 596 λέγεσθαι;
1217 525 1280 578 Εἰ
1307 525 1364 579 δὲ
1391 524 1483 578 ἐπὶ
1519 524 1611 577 τὸν
1645 525 1784 596 Χρι-

191 618 317 672 στὸν
348 617 446 670 τοῦ
475 616 610 670 Θεοῦ
647 617 902 682 autem;
939 618 1000 671 τὸ
1033 617 1345 690 εἰρημένον,
1391 615 1626 689 Χριστὸς
1677 615 1786 687 γὰρ

189 709 327 765 Θεοῦ
352 711 582 780 δύναμις
612 711 709 765 καὶ
749 711 885 764 Θεοῦ
917 712 1118 780 Σοφία,
1154 711 1306 763 οὐδὲν
1348 709 1600 780 ἐμποδὼν
1635 709 1786 761 ἔσται

188 807 258 876 τῇ
307 804 546 874 διανοίᾳ,
589 803 712 857 ἐπεὶ
748 805 841 858 καὶ
881 803 978 875 τὴν
1010 803 1147 876 πρὸς
1188 805 1335 875 ἡμᾶς
1364 803 1467 856 οὑκ
1506 803 1786 856 ἀναίνεται

191 897 535 970 ἀδελφότητα
582 898 648 951 δι’
681 897 987 969 ὑπερϐολὴν
1037 897 1471 969 φιλανθρωπίας.
1532 898 1596 950 Εἰ
1627 897 1784 950 δὲ-ἓν

191 991 289 1045 καὶ
309 990 503 1044 ταὺτὸν
525 985 593 1060 ἦν
626 990 655 1042 6
679 988 834 1054 Θεὸς,
874 991 969 1044 καὶ
1007 991 1040 1062 ἡ
1070 991 1127 1043 ὲν
1147 991 1268 1052 ταῖς
1298 988 1630 1060 Παροιμίαις
1673 989 1786 1042 εἰσ-

190 1082 436 1154 αγομένη
450 1082 620 1152 Σοφία
632 1081 744 1147 ἕξις
761 1078 894 1135 οὖσα
917 1083 1055 1153 σοφὴ
1084 1083 1141 1135 ὲν
1172 1080 1320 1152 αὑτῷ
1345 1081 1628 1153 νοουμένη,
1652 1081 1786 1135 καθὸ

191 1169 358 1238 σοφὸς
385 1171 413 1222 ὁ
442 1169 595 1232 Θεὸς,
631 1170 684 1222 τί
709 1170 947 1223 ἐκώλυεν
976 1170 1097 1224 ἀντὶ
1139 1174 1241 1242 τῆς
1290 1170 1490 1240 Σοφίας
1534 1171 1624 1224 τὸν
1651 1170 1784 1224 Θεὸν

188 1261 624 1333 ἀναγεγράφθαι;
642 1260 783 1315 ὥστε
794 1263 875 1330 τὸ,
909 1263 970 1316 Ἡ
983 1263 1172 1332 Σοφία
1193 1264 1580 1332 ᾠκοδόμησεν
1598 1263 1786 1333 ἑαυτῇ

186 1349 381 1419 οἷκον,
403 1353 500 1406 καὶ
536 1353 828 1421 ὑπήρεισε
856 1355 1124 1422 στύλους
1151 1354 1322 1420 ἑπτὰ,
1351 1358 1445 1409 καὶ
1474 1357 1542 1409 τά
1576 1357 1784 1421 τούτοις

189 1446 514 1518 συνημμένα
551 1448 800 1518 εἰρῆσθαι
833 1448 954 1502 ἀντὶ
983 1447 1099 1514 τοῦ,
1137 1448 1188 1500 Ὀ
1219 1449 1365 1513 Θεὸς
1394 1449 1784 1521 ᾠκοδόμησεν

187 1536 383 1602 ἑαυτῷ
397 1534 584 1607 οἶκον,
600 1540 694 1592 καὶ
717 1539 785 1592 τὰ
808 1539 936 1611 ἑξῆς
963 1557 975 1570 ·
1001 1545 1098 1594 καὶ
1122 1540 1286 1594 πάλιν
1312 1542 1435 1595 ἀντὶ
1453 1543 1567 1596 τοῦ·
1590 1541 1783 1599 Εἶπον

187 1629 307 1698 τὴν
334 1631 564 1698 Σοφίαν
597 1630 722 1698 σὴν
751 1629 1031 1699 ἀδελφὴν
1061 1627 1245 1697 εἶναι,
1282 1630 1533 1703 λελέχθαι
1557 1675 1571 1700 ,
1593 1631 1782 1689 Εἶπον

184 1721 299 1775 τὸν
330 1721 480 1775 Θεόν
511 1723 628 1776 σὸν
654 1722 926 1792 ἀδελφὸν
955 1719 1129 1778 εἶναι.
1185 1723 1326 1777 Ἀλλ’
1374 1727 1508 1797 ὁρᾷς
1556 1727 1630 1790 ὡς
1681 1727 1778 1800 τὴν

185 1812 360 1884 ἀκοὴν
403 1813 628 1886 πλήττει
673 1817 704 1886 ὴ
746 1814 968 1886 τοιαύτη
1005 1815 1179 1887 φωνὴ,
1225 1816 1324 1869 οὑκ
1362 1816 1562 1888 ἔχουσα
1608 1819 1779 1890 ἁρμο-

185 1905 327 1959 νίαν.
355 1907 419 1959 Εί
436 1907 484 1960 δ’
517 1907 610 1960 ἐπὶ
635 1907 727 1960 τὸν
755 1908 883 1962 Υἱὸν
908 1908 1159 1972 ἐκλάόοις
1181 1909 1248 1962 τὰ
1279 1909 1458 1978 λόγια,
1484 1911 1649 1974 αὐτὸς
1666 1911 1778 1983 γὰρ

183 1992 255 2068 ἦν
282 1998 316 2068 ἡ
353 1998 542 2068 Σοφία,
587 1999 764 2052 πάντα
801 2016 884 2052 σοι
924 1999 1201 2071 εὑροήσει,
1233 1999 1460 2070 μηδενὸς
1485 2000 1779 2065 δυσσεϐοῦς

181 2091 457 2162 νοήματος
509 2090 761 2162 ἐμποδὼν
824 2091 1112 2163 ἱσταμένου
1137 2131 1151 2156 ,
1179 2093 1778 2165 συνεπιμαρτυροῦντος

179 2185 279 2238 τοῦ
319 2183 614 2238 ἀποστόλου
659 2183 896 2249 Παύλου,
941 2183 999 2248 ὃς
1044 2183 1136 2238 τὸν
1182 2185 1410 2256 Σωτῆρα
1442 2186 1536 2240 καλ⁵
1571 2185 1775 2259 Κύριον

181 2277 344 2348 ἡμῶν
385 2276 591 2346 Ἰησοῦν
619 2276 853 2350 Χριστὸν
885 2277 1114 2348 λαμπρᾷ
1135 2279 1202 2348 τῇ
1238 2279 1388 2349 φωνῇ
1423 2277 1621 2348 Σοφίαν
1641 2278 1777 2333 ὠνό-

185 2386 360 2440 μασεν
391 2367 578 2423 εἰπών·
607 2368 860 2437 Χριστὸς
888 2369 1034 2422 Θεοῦ
1069 2369 1323 2439 δύναμις
1355 2369 1455 2424 καὶ
1491 2370 1638 2426 Θεοῦ
1669 2375 1777 2426 Σο-

181 2461 313 2529 φία.
338 2460 555 2514 Τούτων
585 2454 690 2514 ὧδέ
739 2477 818 2531 πη
869 2461 1436 2532 κατασκευασμένων,
1482 2461 1776 2516 ἀκόλουθόν

181 2553 302 2605 ἐστι
326 2552 465 2627 μετά
487 2553 594 2606 τῶν
616 2552 1056 2626 προεκτεθέντων
1090 2554 1366 2617 ἁπάντων,
1395 2552 1455 2618 ἐξ
1487 2555 1651 2608 αὑτοῦ
1679 2555 1774 2609 τοῦ

180 2645 479 2718 προσώπου
507 2645 710 2710 καὶτὸ,
751 2646 965 2715 Κύριος
996 2646 1200 2700 έκτισέ
1246 2663 1323 2716 με
1367 2647 1566 2716 ἀρχὴν
1620 2645 1776 2700 ὁδῶν

179 2735 370 2792 αὐτοῦ
398 2738 483 2801 εἱς
509 2729 655 2806 ἔργα
684 2737 895 2800 αὑτοῦ,
927 2735 1174 2806 λελέχθαι
1197 2753 1210 2766 ·
1258 2737 1307 2790 εἰ
1337 2736 1392 2790 δὲ
1425 2737 1571 2806 λέγοι
1625 2739 1775 2791 ἐκτίσ-

182 2827 310 2881 σθαι
355 2827 466 2898 (ϐἓ)
509 2829 723 2894 ἑαυτὸν,
766 2829 865 2899 οὐχ
899 2829 975 2894 ὡς
1021 2833 1087 2885 ἐκ
1128 2829 1224 2882 τοῦ
1279 2831 1352 2900 μὴ
1398 2829 1550 2894 ὄντος
1593 2833 1674 2895 είς
1713 2831 1776 2884 τὸ

182 2917 324 2975 εἶναι
370 2921 678 2993 παρελθὼν,
712 2921 857 2975 τοῦτ’
890 2921 956 2976 ἂν
988 2922 1152 2987 εἴποι,
1185 2923 1296 2976 οὐδ’
1323 2923 1398 2985 ὼς
1426 2923 1625 2994 ὁμοίως
1658 2927 1774 2988 τοῖς

179 3013 388 3078 λοιποῖς
421 3014 704 3088 κτίσμασι,
741 3015 836 3068 καὶ
879 3014 1042 3078 αὑτὸς
1076 3015 1142 3067 ἐκ
1180 3014 1274 3068 τοῦ
1323 3013 1398 3086 μὴ
1431 3014 1582 3078 ὄντος
1610 3031 1774 3084 γεγο-

180 3103 309 3170 νὼς,
396 3124 539 3171 τινες
566 3107 666 3160 οὑκ
691 3106 865 3182 ὀρθῶς
889 3105 1273 3177 ὑπειλήφασιν,
1292 3106 1406 3161 ἀλλ’
1427 3107 1500 3170 ὡς
1526 3105 1774 3176 ὑφεστὼς
1800 3145 1842 3202 C

183 3198 285 3268 μὲν
329 3199 426 3251 καὶ
469 3198 597 3265 ζῶν,
644 3197 829 3269 προών
868 3215 929 3250 τε
973 3197 1069 3250 καὶ
1107 3200 1478 3272 προῦπάρχων
1526 3199 1629 3269 τῆς
1672 3198 1767 3252 τοῦ

180 3289 386 3354 πάντος’
415 3289 620 3362 κόσμου
658 3289 991 3354 συστάσεως,
1021 3289 1210 3361 ἄρχειν
1243 3290 1299 3343 δὲ
1329 3291 1438 3344 τῶν
1482 3291 1619 3344 ὅλων
1662 3289 1770 3343 ὑπὸ

178 3383 390 3456 Κυρίου
405 3382 499 3436 τοῦ
528 3381 691 3436 αὑτοῦ
711 3383 922 3456 [ἰατρὸς
945 3382 1420 3455 κατατεταγμένος
1444 3401 1456 3413 ·
1477 3382 1593 3449 τοῦ,
1613 3384 1772 3437 ἐκτι-

180 3490 317 3542 σεν,
350 3476 584 3531 ἐνταῦθα
621 3476 741 3531 ἀντὶ
771 3476 888 3542 τοῦ,
923 3477 1269 3542 κατέταξεν,
1306 3476 1340 3549 ἢ
1367 3477 1767 3545 κατέστησεν,

177 3570 493 3643 εἰρημένου.
527 3570 832 3643 Διαρρήδην
846 3570 976 3639 γοῦν
999 3571 1123 3634 τοὺς
1149 3571 1206 3622 ὲν
1239 3569 1546 3640 ἀνθρώποις
1576 3570 1770 3642 ἄρχον-

176 3679 276 3728 τας
305 3664 401 3718 καὶ
429 3664 704 3736 ἡγεμόνας
736 3664 913 3719 κτίσιν
934 3662 1218 3735 ὠνόμασεν
1245 3665 1273 3715 ὁ
1303 3662 1472 3716 εἰπὼν
1507 3663 1769 3716 Ἀπόστο-

177 3758 289 3822 λος·
343 3755 710 3826 Ὑποτάγητε
756 3754 924 3826 πάσῃ
973 3754 1167 3809 κτίσει
1217 3755 1562 3824 ἀνθρωπίνῃ
1590 3794 1604 3820 ,
1669 3753 1768 3809 διὰ

177 3850 288 3904 τὸν
328 3849 578 3918 Κύριον·
619 3847 742 3901 εἴτε
765 3846 1041 3912 βασιλεῖ,
1090 3847 1170 3910 ὡς
1213 3844 1600 3915 ὑπερέχοντι·
1646 3843 1768 3898 εἴτε

175 3940 491 4010 ἡγεμόσιν,
519 3938 599 4003 ὡς
631 3937 706 3991 δι’
731 3937 920 3992 αὑτοῦ
944 3936 1368 4007 πεμπομένοις.
1395 3935 1504 3990 Καὶ
1529 3936 1558 3987 6
1596 3932 1766 3988 εἰπὼν

173 4032 232 4088 δὲ
244 4031 553 4102 προφήτης,
584 4024 919 4097 Ἐτοιμάζου
941 4027 1048 4082 τοῦ
1064 4026 1477 4081 ἐπικαλεῖσθαι
1493 4023 1602 4080 τὸν
1618 4026 1766 4078 Θεόν

173 4136 294 4178 σου
345 4119 614 4190 Ἰσραήλ·
649 4119 801 4174 διότι
852 4118 980 4173 ἰδοὺ
1015 4118 1280 4187 στερεῶν
1316 4119 1610 4186 βρόντην,
1660 4115 1762 4170 καὶ

171 4212 384 4275 κτίζων
411 4211 669 4282 πνεῦμα,
704 4211 803 4265 καὶ
857 4210 1248 4283 ἀναγγέλλων
1275 4212 1361 4275 εὶς
1413 4208 1765 4278 ἀνθρώπους

170 4307 282 4360 τὸν
308 4305 570 4374 Χριστὸν
610 4304 815 4359 αὐτοῦ.
847 4303 960 4357 Καὶ
989 4302 1070 4368 τὸ,
1106 4301 1404 4374 Γραφήτω
1446 4300 1558 4373 (65)
1607 4301 1762 4370 αὕτη

166 4401 258 4464 εις
297 4397 513 4466 γενεὰν
535 4395 765 4464 ἑτέραν,
793 4394 894 4449 καὶ
923 4395 1074 4463 λαός
1104 4398 1137 4449 ό
1168 4393 1505 4463 κτιζόμενος
1533 4391 1764 4447 αἰνέσει

1885 525 1976 594 qui
2030 525 2172 580 inter
2223 525 2474 581 homines
2547 536 2697 580 recta
2778 526 3115 596 operantur?
3148 525 3300 594 Quod
3331 529 3375 582 si
3407 529 3475 581 de

1885 617 2104 674 Christo
2135 618 2229 673 Dei
2273 619 2506 688 accipiat
2537 620 2660 688 quis
2703 618 2837 673 illud
2876 617 3079 673 dictum
3111 637 3124 672 :
3151 607 3276 672 nam
3307 618 3474 674 Chrio

1886 719 2003 764 slus
2052 707 2146 763 Dei
2202 718 2440 776 potestas
2485 718 2570 763 cst
2615 716 2669 762 et
2713 707 3014 779 Sapientia,
3067 708 3203 763 nihil
3248 709 3475 779 impedit

1887 801 2027 857 hanc
2070 801 2507 874 intelligentiam,
2554 801 2993 871 quandoquidem
3041 803 3110 856 ob
3143 802 3472 857 immensum

1886 910 2043 949 suum
2080 895 2134 949 in
2180 896 2480 951 humanum
2525 911 2694 965 genus
2742 909 2980 950 amorem
3036 911 3142 950 non
3201 898 3475 952 recusavit

1885 986 2029 1059 hanc
2075 987 2498 1044 fraternitatem.
2547 989 2700 1057 Quod
2749 991 2793 1046 si
2841 1005 3004 1044 unum
3055 999 3173 1043 erat
3215 989 3471 1060 idemque

1886 1083 2052 1148 Deus,
2083 1092 2137 1138 et
2177 1099 2298 1154 qua:
2339 1085 2391 1137 in
2435 1083 2743 1140 Proverbiis
2777 1083 3139 1140 introducitur
3167 1084 3468 1155 Sapientia,

1885 1190 2007 1246 quae
2036 1177 2252 1247 sapiens
2281 1176 2501 1246 quidam
2548 1177 2769 1232 habitus
2799 1187 2882 1234 est
2912 1178 2967 1233 in
3005 1177 3096 1233 illo
3125 1177 3469 1242 intellectus.

1884 1269 1940 1322 in
1967 1279 2232 1338 quantum
2263 1269 2407 1325 Deus
2455 1270 2692 1338 sapiens,
2727 1271 2858 1340 quid
2888 1270 3141 1336 prohibet
3178 1271 3346 1325 Deum
3378 1270 3472 1325 hic

1883 1376 1981 1432 pro
2016 1360 2296 1432 Sapientia
2339 1362 2562 1418 rescribi
2592 1381 2607 1417 :
2640 1373 2698 1418 ut
2737 1363 2818 1419 sic
2859 1364 2950 1419 ubi
2996 1363 3197 1418 dictum
3228 1372 3334 1430 est,
3368 1361 3472 1417 Sa-

1881 1453 2078 1520 pientia
2109 1453 2388 1522 aediﬁcavit
2421 1454 2526 1507 sibi
2569 1455 2803 1519 domum,
2834 1465 2882 1508 et
2917 1441 3165 1508 solidavit
3194 1455 3468 1508 columnas

1881 1555 2093 1615 septem,
2129 1555 2184 1598 et
2207 1561 2326 1614 qua:
2347 1553 2670 1616 sequuntur,
2692 1547 2894 1600 dictum
2928 1546 2998 1599 sit
3025 1561 3144 1615 pro,
3173 1543 3312 1598 Deus
3338 1545 3472 1598 tedi-

1881 1637 2055 1706 ﬁcavit
2100 1637 2199 1690 sibi
2225 1638 2619 1706 domum,etc.;
2657 1645 2712 1692 et
2742 1637 2935 1692 iterum
2969 1652 3064 1708 pro
3092 1651 3176 1702 eo,
3211 1636 3334 1690 Dixi
3360 1634 3468 1690 Sa-

1883 1729 2134 1796 pientiam
2156 1746 2388 1784 sororem
2417 1741 2586 1796 tuam,
2619 1730 2853 1792 dicatur,
2894 1729 3018 1784 Dixi
3053 1729 3219 1784 Deum
3246 1729 3467 1799 fratrem

1811 1800 1852 1854 Β
1882 1831 2047 1874 tuum.
2079 1821 2184 1876 Sed
2220 1830 2277 1874 ut
2307 1837 2466 1876 aures
2500 1821 2775 1890 percutiat
2805 1821 2906 1877 ista
2939 1821 3126 1886 dictio,
3159 1822 3311 1877 vides
3355 1829 3466 1875 tam

1881 1909 2193 1982 incongrua.
2253 1910 2407 1978 Quod
2456 1912 2503 1966 si
2553 1911 2621 1966 de
2677 1911 2816 1966 Filio
2871 1911 3206 1982 Sapientiam
3256 1910 3465 1979 capias,

1877 2003 2058 2057 omnia
2095 2005 2231 2058 bene
2262 2003 2430 2058 ﬂuent
2459 2021 2474 2058 :
2505 2018 2606 2058 nec
2636 2011 2892 2058 occurret
2917 2003 3010 2056 tibi
3044 2002 3340 2072 quidquam
3375 1999 3466 2053 hic

1880 2095 2190 2163 impietatis,
2223 2110 2346 2150 cum
2383 2097 2668 2166 perhibeat
2719 2095 2813 2150 tibi
2851 2094 3220 2150 testimonium
3268 2093 3467 2148 beatus

1877 2186 2074 2242 Paulus
2099 2187 2399 2258 apostolus,
2415 2188 2508 2258 qui
2527 2187 2847 2258 pronuntiat
2869 2186 3014 2242 clare
3037 2185 3384 2240 Servatorem
3409 2191 3466 2238 et

1878 2275 2164 2332 Dominum
2195 2285 2437 2333 nostrum
2469 2276 2653 2332 Jesum
2679 2275 2959 2332 Christum
3003 2275 3096 2330 Dei
3128 2274 3464 2343 Sapientiam

1876 2371 2292 2436 nominandum,
2345 2369 2436 2424 ubi
2479 2371 2576 2436 ait,
2609 2359 2852 2424 Christus
2886 2368 2979 2422 Dei
3023 2368 3255 2438 potentia
3287 2377 3334 2420 et
3363 2365 3466 2420 Sa-

1874 2466 2074 2538 pientia
2095 2467 2162 2518 ”.
2190 2463 2287 2520 llis
2313 2466 2379 2520 ad
2412 2466 2556 2520 hunc
2585 2463 2800 2518 modum
2833 2463 2905 2516 ita
2939 2461 3335 2532 apparatis,ad
3368 2474 3462 2514 su-

1873 2549 2059 2628 perius
2085 2558 2357 2627 proposita
2395 2571 2734 2627 consequens
2772 2565 2854 2610 est
2895 2555 3016 2620 hoc,
3042 2554 3302 2608 Dominus
3331 2569 3462 2606 con-

1876 2649 2014 2702 didit
2045 2665 2127 2704 me
2147 2650 2464 2720 principium
2496 2650 2698 2704 viarum
2726 2664 2946 2701 suarum
2975 2648 3043 2700 ad
3067 2663 3224 2716 opera
3249 2645 3364 2715 ejus
3389 2645 3462 2712 ”,

1877 2757 1909 2796 e
1962 2756 2196 2812 persona
2243 2739 2362 2810 ejus
2407 2741 2681 2811 usurpari.
2719 2741 2872 2808 Quod
2903 2740 2947 2794 si
2995 2740 3144 2793 dicat
3181 2740 3460 2794 conditum

1879 2833 2025 2888 illum
2053 2832 2242 2898 fuisse,
2272 2848 2377 2888 non
2407 2833 2479 2887 ita
2505 2833 2660 2899 dixit,
2685 2833 2840 2905 quasi
2872 2831 3031 2886 vellet
3057 2831 3309 2900 intelligi,
3335 2845 3460 2886 eum

1875 2925 1944 2980 de
1976 2939 2084 2980 non
2115 2935 2244 2981 ente
2273 2926 2339 2980 ad
2367 2940 2487 2980 esse
2518 2925 2852 2994 processisse
2872 2943 2885 2980 :
2905 2939 3005 2979 nec
3035 2923 3198 2993 quod,
3231 2923 3300 2978 ad
3345 2938 3463 2978 mo-

1876 3015 2002 3070 dum
2041 3027 2416 3073 creaturarum
2448 3017 2805 3088 reliquarum,
2844 3018 2910 3072 de
2959 3032 3066 3071 non
3098 3025 3225 3071 ente
3254 3015 3459 3086 produ-

1877 3108 2122 3173 cebatur,
2151 3108 2297 3177 quod
2331 3107 2578 3163 nonnulli
2616 3108 2797 3162 minus
2827 3122 2973 3162 reete
3004 3117 3129 3162 sunt
3160 3106 3410 3161 arbitrati
3443 3124 3458 3159 :

1877 3197 1970 3250 sed
2001 3198 2143 3268 quod
2174 3199 2476 3253 subsistens
2524 3207 2581 3251 et
2617 3199 2828 3264 vivens,
2877 3199 2972 3254 sed
3015 3199 3158 3268 quod
3202 3200 3462 3268 praeexsi-

1877 3299 2048 3354 stens,
2079 3297 2133 3342 et
2164 3290 2606 3358 praesubsistens,
2649 3300 2779 3345 ante
2812 3305 3028 3345 omnem
3063 3291 3246 3344 mundi
3273 3291 3462 3345 condi-

1879 3379 2078 3434 tionem
2107 3393 2224 3436 erat
2251 3399 2264 3436 :
2297 3388 2355 3447 >14
2385 3383 2640 3453 quodque
2673 3397 2703 3436 a
2745 3382 2972 3438 Domino
3001 3397 3099 3436 suo
3135 3382 3293 3438 Patre
3328 3399 3462 3438 con-

1874 3473 2096 3528 stitutus
2142 3482 2224 3527 est
2252 3475 2494 3529 omnium
2532 3474 2863 3540 dominator,
2895 3474 3073 3544 posito
3116 3473 3226 3540 illo,
3278 3475 3461 3528 condi-

1875 3566 1971 3630 dit,
2030 3565 2135 3620 hoc
2185 3565 2240 3619 in
2289 3565 2427 3628 loco,
2476 3582 2574 3636 pro
2619 3567 2914 3632 constituit,
2947 3565 3029 3620 vel
3065 3565 3348 3620 ordinavit.
3375 3566 3462 3620 Di-

1873 3657 2035 3712 sertis
2061 3657 2240 3712 verbis
2267 3657 2540 3728 principes
2565 3668 2621 3713 et
2647 3659 2814 3714 duces
2838 3658 2981 3713 inter
3003 3657 3273 3721 homines,
3305 3673 3461 3713 crea-

1875 3758 2050 3803 turam
2083 3748 2374 3818 Apostolus
2414 3749 2738 3816 nominavit,
2770 3750 2858 3806 ubi
2885 3750 2999 3804 ait:
3031 3749 3269 3818 Subjecti
3297 3760 3460 3804 estote

1874 3838 2014 3891 ontni
2050 3838 2297 3892 humana:
2339 3850 2598 3896 creatum
2631 3849 2844 3911 propter
2879 3839 3190 3906 Dominum,
3216 3842 3322 3894 sive
3351 3842 3463 3915 regi

1872 3938 1929 3982 ut
1960 3929 2255 3998 excellenti,
2279 3931 2386 3985 sive
2408 3933 2730 4003 principibus
2769 3942 2828 3986 ut
2864 3931 2928 3986 ab
2963 3931 3058 3986 illo
3086 3931 3262 3986 missis
3277 3930 3343 3986 ⁸⁸.
3393 3933 3462 3985 Et

1873 4022 2136 4091 propheta
2171 4023 2260 4092 qui
2296 4023 2432 4078 dixit
2463 4040 2478 4077 :
2509 4021 2851 4093 Prwparare,
2883 4033 2939 4077 ut
2971 4034 3179 4078 vocetur
3213 4039 3370 4093 super
3408 4031 3460 4076 te

1872 4112 2014 4168 Deus
2038 4113 2210 4169 Israel
2243 4131 2262 4169 :
2285 4125 2562 4185 prapterea
2597 4131 2714 4169 ecce
2748 4115 2931 4184 ﬁrmat
2957 4115 3178 4180 tonitru,
3203 4125 3251 4168 et
3277 4115 3460 4168 condit

1862 4196 2068 4272 ventos,
2105 4215 2156 4263 et
2180 4207 2467 4261 annuntiat
2497 4207 2632 4261 inter
2669 4207 2905 4261 homines
2931 4207 3199 4261 Christum
3226 4207 3454 4261 suum".

1875 4297 1940 4350 Et
1974 4297 2121 4362 illud,
2155 4298 2436 4354 Scribatur
2465 4300 2559 4354 illa
2593 4300 2649 4353 in
2679 4299 3072 4369 generationem
3115 4299 3365 4363 alteram,
3397 4307 3459 4352 ut

1870 4389 2094 4459 populus
2118 4391 2210 4460 qui
2225 4392 2472 4444 conditur
2490 4391 2663 4445 laudet
2680 4390 3038 4445 Dominum”.
3058 4389 3193 4444 Illud
3219 4390 3459 4445 condidit

167 4489 282 4544 τὸν
301 4490 542 4558 Κύριον·
562 4488 644 4552 τὸ,
667 4487 898 4552 κτίζων,
912 4487 1005 4540 ἐπὶ
1022 4485 1116 4540 τοῦ
1134 4485 1416 4556 γεγονότος
1436 4484 1496 4549 ἐξ
1512 4485 1758 4555 ἀνύπαρ-

1877 4496 1968 4549 pro
2000 4497 2065 4536 eo
2099 4483 2241 4552 quod
2281 4482 2385 4536 fuit
2412 4494 2686 4553 sumptum
2723 4491 2830 4548 est,
2855 4484 2980 4552 quia
3003 4483 3116 4553 jam
3163 4491 3290 4538 ante
3313 4491 3455 4536 erat.

168 4582 288 4651 ξίας
323 4581 676 4653 παρείληφεν.
698 4579 772 4632 Οὐ
789 4579 897 4649 γὰρ
930 4578 1050 4633 τότε
1073 4577 1287 4632 ἔκτισεν
1303 4578 1332 4630 6
1352 4575 1483 4640 Θεὸς
1515 4575 1575 4628 τὸ
1598 4573 1762 4628 πνεῦ-

167 4690 272 4746 μα,
298 4672 387 4725 ὅτε
409 4671 498 4725 τὸν
519 4670 752 4742 Χριστὸν
783 4668 948 4723 αὑτοῦ
977 4670 1042 4722 δι’
1060 4666 1225 4724 αὑτοῦ
1257 4667 1421 4720 πᾶσιν
1451 4665 1758 4738 ἀνθρώποις

164 4761 562 4834 κατήγγειλεν·
590 4760 740 4815 οὐδὲν
791 4760 899 4832 γὰρ
950 4758 1262 4834 πρόσφατον
1301 4756 1406 4810 ὑπὸ
1445 4757 1537 4809 τὸν
1585 4756 1756 4826 ἣλιον.

177 4854 324 4909 Ἀλλ’
339 4849 407 4926 ἦν
443 4854 564 4926 μὲν,
587 4854 682 4908 καὶ
701 4853 1078 4926 προῦπῆρχεν,
1099 4848 1460 4903 ἀπεστέλλετο
1480 4849 1535 4901 δὲ
1557 4848 1677 4901 καθ’
1694 4847 1756 4902 ὃν

163 4947 363 5018 καιρὸν
407 4941 548 5018 ἦσαν
590 4947 639 4998 οἱ
685 4943 972 4999 ἀπόστολοι
1020 4941 1391 5014 συνηγμένοι·
1445 4942 1536 4994 ὅτε
1587 4939 1751 5010 δίκην

163 5039 422 5112 βροντῆς,
450 5039 664 5107 ἐγένετο
683 5033 815 5108 ἦχος
842 5038 906 5090 ὲκ
933 5033 1024 5088 τοῦ
1052 5033 1281 5105 οὑρανοῦ
1298 5074 1314 5101 ,
1370 5031 1561 5103 ὥσπερ
1590 5049 1754 5104 φερο-

165 5131 341 5204 μένης
391 5132 559 5201 πνοῆς
613 5129 827 5199 βιαίας,
878 5125 1277 5198 ἐπληρώθησαν
1322 5141 1382 5178 τε
1435 5123 1755 5194 Πνεύματος

161 5221 356 5289 ἁγίου·
390 5221 482 5276 καὶ
511 5218 682 5283 οὕτως
707 5221 786 5281 εἰς
811 5219 1018 5281 πάντας
1046 5215 1368 5288 ἀνθρώπους
1393 5216 1486 5269 τὸν
1518 5215 1754 5288 Χριστὸν

157 5311 259 5367 τοῦ
291 5310 424 5364 Θεοῦ
451 5310 840 5383 κατήγγειλαν,
865 5308 1174 5372 ἀκολούθως
1205 5309 1274 5380 τῇ
1307 5305 1616 5379 προφητεία
1646 5321 1753 5375 φη-

231 5501 292 5559 Ψ
327 5493 428 5549 Ed.
459 5492 666 5555 Paris.,
694 5506 816 5563 pag.
850 5491 974 5545 151.
1051 5489 1096 5522 ⁹¹
1129 5490 1151 5542 Ι
1181 5489 1309 5545 (lor.
1334 5505 1376 5554 ι,
1410 5487 1501 5544 24.

159 5567 212 5600 ⁸⁸
241 5566 389 5620 Psal.
421 5581 494 5631 οι,
520 5565 607 5618 19.

247 5749 352 5820 ί61)
384 5747 554 5820 Ϊιιζεο
591 5747 804 5820 σοφίαν,
838 5747 952 5815 ’ἐξιν
979 5755 1030 5802 et
1065 5760 1189 5803 mox
1220 5744 1461 5801 ὲκλάόοι.

247 5750 322 5806 ’61
384 5749 554 5820 Vulgo
591 5749 804 5818 σοφίαν,
838 5749 952 5815 ’ἕξιν
979 5755 1030 5802 et
1065 5760 1189 5803 mox
1220 5749 1461 5801 ὲκλάσοι.

234 5749 352 5893 iiii;
386 5818 557 5891 Vulgo
583 5818 765 5873 αὑτόν.
1481 5879 1483 5881 ι

1606 5485 1825 5544 "Prov.
1854 5503 1974 5556 vm,
1994 5487 2085 5543 22.

1867 4573 2052 4644 Neque
2081 4577 2224 4630 enim
2259 4586 2371 4630 tum
2401 4577 2643 4632 condidit
2666 4576 2808 4632 Deus
2833 4578 3104 4648 spiritum,
3138 4591 3262 4631 cum
3297 4575 3459 4630 Chri-

1867 4680 2007 4724 stum
2043 4685 2199 4724 suum
2233 4684 2330 4740 per
2373 4670 2525 4724 illum
2578 4670 2847 4725 universis
2893 4669 3206 4725 hominibus
3244 4683 3458 4724 annun-

1871 4761 2025 4815 tiaret
2053 4777 2067 4815 :
2098 4762 2224 4830 quia
2264 4761 2396 4818 nihil
2442 4763 2564 4816 novi
2611 4770 2695 4816 est
2745 4761 2849 4816 sub
2900 4761 3014 4817 sole
3059 4762 3201 4816 :sed
3239 4769 3357 4815 erat
3401 4769 3458 4815 et

1865 4853 2159 4907 exsistebat
2191 4861 2317 4907 ante
2343 4872 2356 4908 :
2386 4854 2705 4912 mittebatur
2741 4862 2922 4909 autem
2955 4867 3020 4908 eo
3051 4863 3294 4923 tempore
3329 4868 3454 4908 cum

1866 4941 1918 4995 in
1953 4957 2118 4996 unum
2148 4943 2460 5014 congregati
2503 4942 2734 5013 apostoli
2781 4950 2938 4997 erant
2966 4961 2978 4998 :
3007 4957 3132 4997 cum
3175 4942 3242 4996 ad
3282 4942 3456 4997 instar

1867 5035 2102 5091 tonitrus
2139 5034 2314 5090 factus
2349 5043 2432 5090 est
2476 5035 2690 5090 sonitus
2725 5033 2918 5105 ingens
2965 5035 3032 5088 de
3077 5032 3218 5089 coelo
3248 5052 3261 5089 :
3286 5033 3453 5089 veluti

1866 5126 2226 5182 descendente
2263 5127 2462 5197 spiritu
2502 5126 2931 5191 vehementiore,
2984 5135 3040 5181 et
3086 5125 3296 5194 repleti
3325 5137 3456 5180 sunt

1867 5217 2071 5288 Spiritu
2099 5228 2309 5274 sancto.
2337 5221 2512 5290 Atque
2542 5218 2616 5273 ita
2634 5218 2913 5273 Christum
2941 5217 3176 5283 Domini,
3215 5218 3266 5272 in
3297 5233 3454 5271 mun-

1865 5307 1993 5362 dum
2056 5310 2373 5365 universum
2445 5307 3076 5378 annuntiarunt:juxta
3135 5309 3452 5364 vaticinium

2200 5487 2448 5543 "lPetr.
2485 5503 2548 5553 ιι,
2575 5488 2664 5555 15,
2708 5489 2794 5544 14.
2887 5488 3212 5555 ⁹⁸Αιιιοειν,
3244 5487 3448 5556 12,15.

1933 5741 2046 5814 (65)
2087 5740 2255 5813 Vulgo
2287 5741 2425 5814 αὑτή
2449 5781 2464 5808 ,
2491 5749 2544 5798 et
2577 5755 2698 5798 mox
2731 5740 2941 5808 αἱνήσε.
