3828 6222
407 345 512 401 973'

1077 337 1346 393 EUSEBll
1381 333 1867 393 CESARIENSIS
1897 333 2050 390 OPP.
2077 333 2258 388 PARS
2294 333 2381 390 IV.
2409 367 2475 376 —-
2506 334 2928 394 DOGMATICA.

3580 345 3678 400 976

405 479 515 537 quo
551 464 750 519 dictum
795 471 894 520 est.
951 460 1075 514 Ideo
1126 478 1242 514 ecce
1293 459 1614 529 conﬁrmans
1663 459 1890 523 tonitru,

2167 473 2263 531 ισῃ,
2320 459 2476 512 Διότι
2526 457 2656 513 ἰδοὺ
2691 460 2952 529 στερεῶν
2989 462 3286 532 βροντὴν,
3335 467 3432 520 καὶ
3478 467 3679 529 κτίζων

405 552 630 609 condens
659 553 925 621 spiritum,
966 561 1013 603 et
1052 552 1375 604 annuntians
1414 551 1468 602 in
1508 549 1808 602 hominibus
1833 546 1986 602 Chri-

403 657 542 698 stum
586 641 858 712 ejus:ubi
902 640 1053 702 illud,
1099 640 1351 703 condens,
1403 639 1620 708 ponitur
1648 655 1746 707 pro
1778 639 1988 690 mittens

405 737 488 790 vel
515 737 815 806 injungens.
841 732 1062 786 Tonitru
1109 743 1290 785 autem
1335 730 1611 802 Evangelii
1648 730 1988 800 praedicatio-

407 845 527 883 nem
562 828 832 896 designat.
867 826 956 880 Sic
987 824 1079 894 qui
1122 825 1281 890 dixit,
1329 823 1437 878 Cor
1478 824 1736 876 mundum
1775 838 1898 875 crea
1932 822 1988 874 in

406 937 510 988 me,
541 918 752 983 Deus",
787 932 891 972 non
916 917 1052 971 dixit
1091 926 1347 986 tanquam
1385 931 1488 970 n0n
1509 915 1714 969 habens
1735 930 1847 968 cor.
1878 911 1990 968 lino

406 1014 600 1070 orabat
639 1011 729 1066 ille
769 1021 827 1066 ut
859 1010 1074 1065 animus
1109 1009 1212 1079 ipsi
1250 1010 1625 1062 mundaretur.
1664 1005 1759 1060 Sic
1787 1007 1991 1060 dicitur

407 1115 459 1161 et
483 1105 632 1170 illud,
661 1103 730 1157 Ut
759 1105 892 1157 duos
929 1111 1066 1156 creet
1108 1101 1163 1155 in
1199 1117 1363 1155 unum
1395 1115 1585 1154 novum
1616 1099 1880 1153 hominem
1910 1097 1986 1150 ⁸⁸.

406 1197 518 1253 Hoc
555 1209 659 1262 est,
694 1199 749 1251 in
800 1212 962 1250 unum
1000 1196 1154 1248 ducat
1196 1209 1216 1247 :
1267 1191 1391 1247 vide
1438 1203 1619 1246 autem
1664 1204 1842 1243 annon
1875 1188 1992 1259 ejus

406 1305 621 1361 quoque
653 1290 867 1357 generis
894 1290 985 1350 sit,
1023 1286 1335 1340 Induamini
1367 1301 1557 1339 novum
1581 1285 1873 1346 hominem,
1903 1281 1993 1352 qui

405 1391 612 1435 creatus
641 1389 714 1434 est
740 1380 1024 1433 secundum
1053 1377 1218 1431 Deum
1241 1377 1313 1439 ”,
1347 1386 1400 1430 et
1431 1376 1584 1440 illud,
1613 1373 1672 1430 Si
1695 1375 1813 1447 quis
1831 1375 1993 1443 igitur

405 1475 458 1529 in
492 1472 725 1535 Christo,
761 1487 890 1526 nova
933 1469 1236 1534 creatura‘,
1285 1481 1339 1523 et
1365 1483 1704 1538 quaecunque
1741 1467 1992 1534 hujusce-

406 1566 550 1621 modi
592 1563 819 1634 reperiri
853 1572 1096 1632 possunt,
1125 1563 1193 1615 ab
1222 1561 1288 1614 iis
1313 1561 1404 1630 qni
1433 1561 1712 1614 excutient
1742 1560 1991 1628 Scriptu-

403 1673 496 1713 ras
527 1667 766 1712 sanctas.
790 1654 867 1711 Ne
897 1655 1108 1708 mireris
1135 1654 1301 1722 igitur
1326 1654 1373 1706 si
1406 1653 1776 1722 metaphorice
1806 1651 1859 1704 in
1901 1649 1992 1702 illo

406 1767 587 1822 passu,
618 1750 874 1805 Dominus
899 1746 1135 1801 condidit
1168 1763 1248 1799 me
1270 1746 1590 1815 principium
1624 1747 1830 1797 viarum
1860 1759 1958 1796 sua
1978 1769 1991 1780 ο

2088 547 2347 616 πνεῦμα,
2383 547 2483 602 καὶ
2506 549 2897 618 ἀναγγέλλων
2923 553 3011 617 εἰς
3037 552 3392 621 ἀνθρώπους
3424 556 3534 609 τὸν
3552 558 3680 624 Χρι-

2088 642 2455 697 στὸναύτοῦο
2480 642 2574 696 τοῦ
2595 644 2717 714 μὲν,
2736 641 2963 705 κτίζων,
2983 644 3104 698 ἀντὶ
3118 645 3235 708 τοῦ,
3256 648 3677 718 καταπέμπων,

2086 734 2121 806 ἢ
2149 733 2566 800 κατατάσσων,
2593 737 2711 808 εἰρη
2721 735 2904 806 μένου·
2925 736 3022 807 τῆς
3048 737 3105 790 δὲ
3130 738 3399 808 βροντῆς
3418 741 3539 794 καθ’
3566 741 3680 794 ἓτε-

2091 841 2182 904 ρον
2208 825 2408 896 τρόπον
2431 825 2492 878 τὸ
2517 824 2870 894 εὐαγγελικὸν
2899 827 3164 897 κήρυγμα
3187 827 3477 901 δηλούσης.
3508 831 3619 884 Καὶ
3653 836 3681 885 ὁ

2088 914 2260 985 λέγων
2275 917 2355 980 δὲ,
2375 919 2642 987 Καρδίαν
2665 919 2933 988 καθαρὰν
2959 920 3173 972 κτίσον
3190 919 3260 972 ἐν
3281 921 3434 990 ἐμοὶ,
3461 926 3494 976 ό
3514 925 3678 991 Θεὲς,

2088 1011 2186 1082 οὐχ
2214 1009 2289 1074 ὡς
2326 1011 2402 1082 μὴ
2451 1011 2589 1082 ἔχων
2636 1011 2862 1084 καρδίαν
2900 1013 3049 1068 τοῦτ’
3077 1013 3282 1083 ἔλεγεν,
3331 1017 3581 1090 καθαρὰν
3625 1019 3680 1072 δὲ

2089 1099 2254 1153 αὐτοῦ
2305 1100 2403 1172 τὴν
2463 1101 2704 1156 διάνοιαν
2755 1103 3187 1175 ἀποτελεσθῆναι
3239 1105 3460 1177 ηὔχετο.
3497 1109 3681 1176 Οὕτως

2089 1192 2304 1264 εἴρηται
2324 1193 2404 1257 τὸ,
2425 1195 2558 1249 Ἵνα
2594 1195 2737 1260 τοὺς
2763 1194 2872 1250 δύο
2902 1197 3081 1266 κτίσῃ
3106 1200 3193 1264 εὶς
3217 1197 3325 1252 ἕνα
3354 1202 3568 1255 καινὸν
3581 1205 3684 1256 ἇν-

2091 1289 2346 1352 θρωπον,
2380 1286 2501 1339 ἀντὶ
2523 1285 2640 1348 τοῦ,
2667 1288 2983 1358 συναγάγῃ
3008 1305 3022 1318 ·
3059 1290 3162 1360 ὅρα
3203 1294 3412 1363 μήποτε
3443 1295 3687 1348 τοιοῦτόν

2091 1378 2205 1429 ἐστι
2245 1378 2339 1431 καὶ
2402 1378 2484 1442 τὸ,
2543 1378 2912 1434 Ἐνδύσασθε
2944 1382 3052 1435 τὸν
3098 1385 3310 1437 καινὸν
3335 1385 3684 1454 ἄνθρωπον,

2089 1469 2197 1521 τὸν
2225 1469 2376 1523 κατὰ
2405 1469 2554 1524 Θεὸν
2600 1473 2926 1526 κτισθέντα
2951 1491 2964 1503 ·
3003 1474 3100 1527 καὶ
3142 1476 3222 1539 τὸ,
3257 1477 3330 1529 ΕΖ
3346 1494 3436 1543 τις
3475 1478 3590 1531 οὖν
3617 1479 3688 1532 ὲν

2090 1557 2341 1628 Χριστῷ,
2390 1561 2566 1629 καινὴ
2606 1562 2826 1626 κτίσις,
2871 1563 2964 1616 καὶ
2993 1564 3094 1617 ὅσα
3135 1566 3270 1620 ἄλλα
3307 1567 3458 1640 εὖροι
3509 1571 3575 1623 ἄν
3602 1587 3688 1632 τις

2091 1651 2474 1722 τοιουτότροπα
2493 1653 2592 1723 τὴν
2623 1653 2981 1710 θεόπνευστον
3003 1657 3224 1731 Γραφὴν
3239 1659 3684 1732 διερευνώμενος-δ

2096 1739 2169 1812 μὴ
2199 1741 2488 1814 θαυμάσῃς
2515 1739 2630 1809 οὖν,
2655 1746 2704 1828 εί
2729 1748 3112 1820 μεταφορικῶς
3129 1751 3221 1803 καὶ
3258 1753 3312 1803 ἐν
3340 1752 3440 1822 τῷ,
3468 1755 3688 1821 Κύριος

405 1820 582 1908 rum’,
615 1842 848 1897 condidit
895 1857 998 1894 vox
1040 1839 1210 1909 posita
1240 1839 1310 1891 sit
1343 1853 1438 1905 pro
1469 1836 1743 1889 constituit
1781 1833 1865 1886 vel
1895 1851 1917 1886 ο

2171 1833 2291 1887 τισέ
2312 1850 2388 1902 με
2404 1834 2602 1904 ἀρχὴν
2627 1821 2785 1890 ὁδῶν
2812 1839 3022 1903 αὑτοῦ,
3042 1840 3122 1900 τὸ,
3140 1820 3402 1908 ἔκτισεν,
3439 1820 3565 1898 ἀντι
3590 1845 3683 1898 τοῦ

404 1932 606 1990 dinavit
653 1932 720 1985 ad
764 1930 1087 2002 principium
1133 1929 1400 1991 dandum,
1451 1923 1532 1978 vel
1581 1924 1981 1992 imperandum.

404 2023 849 2092 Quandoquidem
885 2037 1008 2077 cum
1054 2021 1110 2076 in
1153 2017 1452 2086 Evangelia
1485 2019 1698 2072 dicatur
1721 2032 1749 2069 a
1784 2016 1987 2070 Serva-

405 2128 521 2172 tore
547 2126 754 2180 nostro,
787 2114 1053 2184 Conﬁteor
1082 2112 1198 2180 tibi,
1227 2109 1408 2174 Pater,
1435 2108 1654 2162 Domine
1684 2109 1800 2161 creti
1830 2117 1986 2175 atque

405 2221 580 2274 term,
607 2209 858 2280 quoniam
885 2203 1204 2260 abscondisti
1234 2203 1335 2254 ista
1362 2218 1393 2253 a
1423 2200 1743 2269 sapientibus
1774 2205 1824 2250 et
1858 2212 1986 2264 pru-

404 2301 662 2367 dentibus,
689 2309 739 2355 et
779 2298 1016 2354 revelasti
1037 2314 1098 2350 ea
1123 2293 1359 2366 parvulis
1381 2293 1426 2357 ³,
1481 2309 1588 2348 non
1622 2294 1710 2347 hic
1738 2300 1988 2362 peccato-

406 2409 524 2447 rum
560 2391 954 2448 conl'essionem
981 2386 1116 2451 vult,
1138 2385 1590 2456 quemadmodum
1626 2388 1684 2446 >15
1713 2383 1858 2444 alibi,
1897 2382 1986 2436 ubi

402 2485 622 2551 dicitur,
654 2481 989 2548 Conﬁtemini
1022 2481 1089 2533 ad
1125 2480 1345 2534 invicem
1382 2486 1598 2546 peccata
1626 2474 1858 2539 vestra“,
1892 2475 1987 2529 sed

403 2573 700 2647 gratiarum
736 2573 1027 2635 actionem,
1070 2579 1297 2640 propter
1331 2567 1611 2647 parvulos,
1643 2568 1800 2636 quasi
1836 2567 1987 2622 dice-

403 2645 506 2734 ret,
530 2664 748 2722 Gratias
771 2680 870 2733 ago
895 2663 1014 2727 tibi,
1041 2661 1223 2728 Pater,
1242 2645 1466 2716 Domine
1492 2659 1606 2714 ειείὶ
1635 2670 1788 2730 atque
1811 2668 1982 2713 teme.

401 2761 483 2814 Ad
524 2760 668 2815 hunc
723 2758 938 2812 modum
987 2755 1360 2826 metaphorice
1408 2761 1669 2822 usurpata
1725 2761 1984 2820 sexcenta

405 2850 531 2907 alibi
589 2849 994 2918 Scripturarum
1046 2846 1306 2911 inveniet,
1361 2845 1454 2913 qui
1513 2858 1608 2913 per
1662 2843 1832 2897 otium
1890 2856 1986 2896 eas

403 2943 616 2997 evolvet
647 2958 662 2994 :
697 2940 802 2994 alia
834 2940 1002 2993 etiam
1043 2936 1393 3005 intiltiplicem
1427 2935 1679 2989 habentia
1708 2932 1988 3002 signiﬁca-

406 3033 629 3096 tionem,
657 3031 758 3085 alia
798 3031 1027 3085 univoce
1069 3031 1135 3082 de
1178 3028 1410 3082 diversis
1448 3027 1607 3080 rebus
1651 3025 1984 3094 prtedicata:

406 3125 472 3178 de
506 3115 705 3194 quibus
756 3121 974 3194 longum
1032 3129 1178 3174 esset
1229 3134 1331 3174 nec
1383 3119 1670 3187 praesentis
1723 3117 1985 3185 temporis

405 3215 694 3270 disserere.
730 3213 804 3267 lta
835 3223 888 3268 et
923 3212 1026 3266 hoc
1053 3211 1106 3265 in
1138 3210 1259 3267 loco
1290 3209 1441 3275 illud,
1474 3209 1724 3262 Dominus
1750 3208 1983 3262 condidit
2014 3181 2056 3238 θ

405 3322 488 3361 me
517 3305 834 3376 principium
863 3305 1068 3358 viarum
1107 3317 1322 3356 suarum
1341 3300 1409 3354 ad
1438 3316 1595 3370 opera
1629 3315 1750 3365 sua,
1779 3300 1983 3353 dictum

404 3408 490 3456 est
512 3413 628 3471 pro,
661 3396 920 3451 Dominus
963 3394 1229 3449 constituit
1266 3409 1346 3447 me
1373 3393 1724 3462 principatum
1757 3389 1986 3444 obtinere

404 3505 562 3558 super
592 3505 747 3558 opera
775 3503 893 3542 sua.
921 3486 1095 3556 Atque
1122 3485 1244 3539 ideo
1276 3499 1380 3539 non
1411 3482 1611 3538 dicitur
1641 3480 1983 3549 simpliciter,

403 3579 635 3635 condidit
662 3595 774 3644 me,
804 3579 898 3633 sed
923 3593 1045 3632 cum
1073 3575 1403 3644 adjectione,
1435 3573 1754 3642 principium
1784 3573 1986 3625 viarum

404 3687 624 3725 suarum
664 3670 736 3724 ad
773 3686 933 3740 opera
965 3684 1086 3723 sua.
1122 3666 1277 3734 Quod
1309 3665 1560 3735 inprimis
1607 3663 1846 3718 declarat
1881 3677 1986 3716 vox

405 3761 692 3819 llebraica.
723 3759 782 3815 Si
815 3762 938 3832 quis
963 3760 1128 3830 igitur
1154 3756 1442 3829 genuinum
1472 3771 1692 3812 sensum
1724 3756 1984 3812 sacratis-

405 3857 557 3912 sima:
595 3855 888 3924 Scriptura:
934 3853 1263 3923 investigare
1308 3851 1491 3915 vellet,
1526 3849 1766 3904 inveniet
1795 3847 1987 3903 lectio-

406 3963 528 4002 nem
564 3945 882 4001 Hebraicam
917 3961 1023 4000 non
1059 3945 1260 4000 habere
1283 3983 1300 4011 ,
1347 3943 1585 3998 condidit
1617 3959 1719 4006 me,
1755 3957 1858 4012 qua
1890 3956 1986 3997 ne-

405 4053 513 4108 que
534 4037 864 4106 reliquorum
889 4038 1245 4107 interpretum
1277 4035 1475 4107 aliquis
1500 4051 1633 4091 usus
1659 4043 1762 4090 est.
1790 4033 1983 4102 Aquila

407 4129 556 4202 legit,
589 4129 844 4184 Dominus
877 4129 1106 4200 possedit
1139 4145 1240 4194 me,
1286 4137 1442 4196 caput
1481 4127 1684 4181 viarum
1733 4141 1977 4180 suarum.

408 4221 792 4290 Symmachus,
822 4220 1077 4275 Dominus
1116 4219 1347 4290 possedit
1389 4234 1471 4272 me
1517 4218 1729 4271 initium
1779 4217 1984 4271 viarum

406 4329 648 4367 suarum.
679 4311 771 4368 Sic
794 4323 850 4368 et
875 4311 1191 4373 Theodotio,
1221 4310 1480 4364 Dominus
1509 4309 1746 4377 possedit
1777 4324 1856 4362 me
1881 4307 1984 4360 ini-

406 4409 537 4460 tium
569 4408 664 4460 via:
697 4421 828 4460 sure.
871 4404 937 4458 Et
979 4419 1088 4460 non
1122 4405 1379 4459 abhorret
1403 4418 1433 4457 a
1468 4403 1679 4457 ratione
1717 4403 1986 4471 interpre-

408 4499 564 4555 tatio.
607 4498 738 4553 Erat
774 4499 920 4553 enim
955 4497 1043 4552 ille
1071 4513 1233 4568 quem
1281 4497 1466 4568 genuit
1520 4495 1682 4551 Pater
1720 4493 1984 4565 Unigeni-

409 4601 544 4659 tum,
579 4601 746 4662 caput
785 4601 1267 4660 progeneratorum
1303 4589 1569 4654 omnium,
1609 4588 1901 4644 visibilium
1931 4597 1990 4641 et

406 4683 756 4740 invisibilium
793 4701 805 4737 :
840 4685 981 4752 quod
1012 4685 1077 4736 ad
1104 4693 1350 4737 exortum
1377 4680 1648 4735 attinebat
1679 4691 1733 4735 et
1755 4679 1985 4735 salutem

406 4791 618 4831 eorum.
641 4775 739 4832 Ubi
763 4775 903 4830 enim
925 4791 1048 4832 eum
1071 4773 1277 4846 genuit,
1297 4773 1372 4827 ita
1393 4772 1583 4828 statuit
1602 4787 1724 4825 eum
1746 4769 1987 4824 omnium

407 4868 780 4934 Servatorem,
817 4868 1182 4939 recapitulans
1214 4867 1267 4920 in
1299 4879 1364 4920 eo
1406 4873 1461 4920 et
1503 4879 1602 4933 per
1631 4879 1755 4917 eum
1791 4861 1990 4917 consti-

405 4960 671 5016 tutionem
728 4960 990 5028 universi,
1037 4971 1097 5013 ut
1141 4957 1359 5013 edocuit
1401 4956 1617 5010 divinus
1668 4953 1986 5024 Apostolus,

408 5052 681 5123 inquiens,
710 5049 780 5106 Ut
807 5051 1127 5121 recolligeret
1151 5050 1332 5104 omnia
1368 5049 1425 5102 in
1451 5045 1686 5112 Christo,
1711 5061 1830 5115 qua:
1862 5054 1983 5098 sunt

406 5146 462 5200 in
484 5147 648 5212 ctetis,
678 5157 728 5200 et
771 5161 890 5216 qua’
923 5153 1045 5198 sunt
1090 5159 1249 5212 super
1297 5141 1553 5195 terram'.
1591 5139 1740 5193 Adeo
1779 5147 1837 5191 ut
1877 5152 1982 5192 non

408 5240 569 5296 modo
605 5239 788 5295 omnia
821 5253 917 5308 per
954 5239 1130 5307 ipsum
1163 5234 1529 5319 substiterint,
1563 5248 1592 5286 a
1631 5248 1737 5286 non
1769 5246 1889 5285 esse
1918 5229 1985 5282 ad

483 5408 544 5467 »Β
581 5401 679 5457 Ed.
710 5399 912 5470 Paris.,
941 5414 1066 5470 pag.
1098 5398 1219 5453 152.
1256 5399 1332 5470 _"’
1364 5395 1588 5470 Psal.__L,
1618 5393 1719 5470 lg;
1765 5391 1831 5470 f“
1862 5389 2067 5470 Ephesi
2091 5406 2152 5456 ιι,
2187 5391 2272 5444 15.
2353 5392 2399 5423 ⁸⁸
2429 5393 2626 5462 Ephes.
2657 5410 2728 5458 iv,
2759 5394 2851 5450 24.

2088 1921 2536 1994 κατέστησεν,ἣ
2565 1927 2910 1992 κατέταξεν,
2927 1933 3007 1994 εἰς
3023 1931 3282 2003 τὺᾶρχειν
3308 1934 3550 2005 εἴρηται,
3566 1938 3690 1989 ἐπεὶ

2088 2016 2182 2068 καὶ
2209 2017 2266 2068 ὲν
2295 2018 2648 2086 Εὐαγγελίοις
2677 2019 2974 2092 λεγομένου
3001 2023 3106 2076 ὑπὸ
3130 2023 3224 2076 τοῦ
3259 2025 3512 2098 Σωτῆρος
3532 2028 3688 2098 ἡμῶν

2087 2107 2170 2170 τὸ,
2187 2107 2703 2180 Ἐξομολογοῦμαί
2725 2127 2848 2176 σοι,
2875 2112 3091 2184 Πάτερ,
3111 2117 3289 2184 Κύριε
3304 2117 3410 2170 τοῦ
3426 2120 3688 2186 οὐρανοῦ

2089 2199 2187 2252 καὶ
2217 2199 2327 2268 τῆς
2357 2200 2491 2269 γῆς,
2527 2201 2617 2255 ὅτι
2664 2204 3026 2273 ἀπέκρυψας
3068 2205 3258 2260 ταῦτα
3308 2209 3430 2262 ἀπὸ
3473 2208 3691 2279 σοφῶν

2089 2290 2189 2344 καὶ
2219 2291 2512 2360 συνετῶν,
2565 2295 2664 2348 καὶ
2697 2295 3105 2366 ἀπεκάλυψας
3129 2297 3285 2353 αὐτὰ
3313 2301 3577 2368 νηπίοις,
3625 2304 3687 2354 οὐ

2087 2382 2186 2454 τὴν
2221 2382 2328 2452 (64'
2357 2385 2776 2456 ἁμαρτημάτων
2809 2389 3120 2459 ὁμολογίαν,
3150 2391 3286 2444 καθὸ
3333 2391 3586 2446 λέλεκται
3629 2395 3688 2446 ἐν

2089 2475 2822 2549 ὲτέροις,Ἐξομολογεῖσθε
2863 2481 3160 2548 ἀλλήλοις
3207 2485 3316 2549 τὰς
3369 2485 3687 2555 ἁμαρτίας,

2091 2569 2271 2639 φαμὲν
2299 2569 2403 2622 ὑπὸ
2434 2570 2527 2623 τοῦ
2552 2571 2802 2646 Σωτῆρος
2822 2574 3136 2645 δηλοῦσθαι,
3163 2575 3302 2630 ἀλλὰ
3330 2577 3428 2649 τὴν
3457 2579 3553 2630 ἐπὶ
3576 2583 3692 2643 τοῖς

2090 2662 2305 2732 νηπίοις
2337 2663 2714 2734 εὐχαριστίαν,
2747 2666 2869 2719 ἀντὶ
2891 2666 3009 2731 τοῦ,
3044 2669 3398 2738 Εὐχαριστῶ
3427 2688 3549 2735 σοι,
3571 2671 3694 2726 Πάν

2088 2770 2208 2822 τερ,
2232 2755 2407 2822 Κύριε
2438 2755 2543 2809 τοῦ
2568 2756 2831 2824 οὐρανοῦ
2856 2759 2953 2812 καὶ
2978 2759 3090 2827 τῆς
3110 2759 3247 2829 τῆς,
3273 2761 3366 2814 τοῦ
3397 2761 3691 2832 ἐξομολο-

2089 2849 2322 2916 γεῖσθαι
2366 2846 2721 2918 λελεγμένου.
2779 2849 2967 2922 Μυρία
3013 2849 3058 2902 δ’
3085 2851 3152 2905 ἄν
3201 2869 3285 2914 τις
3337 2851 3488 2924 εὖροι
3523 2852 3690 2923 σχολῇ

2091 2935 2337 3008 ζητήσας
2361 2937 2439 3008 τῷ
2462 2939 2604 2992 κατὰ
2638 2940 2952 3012 μεταφορὰν
2967 2941 3157 3014 τρόπῳ
3173 2941 3241 2995 δι’
3261 2943 3390 3013 ὅλης
3407 2943 3508 3014 τῆς
3534 2943 3692 3007 Θείας

2089 3029 2316 3099 Γραφῆς
2343 3031 2630 3102 εἰρημένα,
2688 3033 2783 3086 καὶ⁷
2831 3032 2968 3087 ἄλλα
3003 3033 3321 3104 πολύσημον
3369 3035 3563 3104 ἔχοντα
3592 3034 3696 3106 τὴν

2089 3121 2348 3176 διάνοιαν.
2377 3124 2486 3177 Καὶ
2523 3124 2813 3196 ὁμονύμως
2838 3125 3004 3198 ἕτερα
3043 3127 3317 3200 διαφόρων
3345 3127 3694 3199 πραγμάτων

2091 3213 2566 3286 κατηγορούμενα,
2597 3217 2728 3288 περὶ
2763 3210 2839 3270 ὧν
2871 3219 3082 3290 μακρὸν
3110 3219 3178 3272 ἂν
3209 3219 3317 3291 εἴη,
3353 3220 3450 3274 καὶ
3483 3221 3544 3274 οὐ
3592 3221 3700 3273 τοῦ

2092 3306 2354 3377 παρόντος
2379 3307 2571 3379 καιροῦ
2597 3308 2870 3375 διεξιέναι.
2887 3309 3074 3374 Οὕτως
3094 3305 3188 3365 οὖν
3213 3311 3311 3364 καὶ
3335 3310 3578 3366 ἐνταῦθα
3607 3313 3696 3376 τὸ,

2091 3397 2306 3465 Κύριος
2329 3397 2439 3470 (65)
2465 3400 2667 3454 ἐκτισέ
2709 3418 2786 3471 με
2823 3401 3024 3471 ἀρχὴν
3047 3402 3204 3457 ὁδῶν
3227 3406 3417 3459 αὐτοῦ
3437 3408 3525 3472 είς
3539 3407 3697 3476 ἔργα

2091 3487 2300 3554 αὐτοῦ,
2333 3488 2455 3542 ἀντὶ
2490 3489 2609 3555 τοῦ,
2648 3489 2950 3557 Κατέταξέ
2977 3510 3056 3563 με
3087 3497 3180 3561 εὶς
3219 3497 3286 3549 τὸ
3315 3495 3526 3566 ἄρχειν
3565 3497 3698 3551 τῶν

2092 3577 2280 3648 ἔργων
2307 3580 2515 3647 αὐτοῦ,
2549 3581 2817 3636 λέλεκται.
2866 3585 2958 3638 Διὸ
3009 3586 3108 3658 οὐχ
3159 3587 3346 3651 ἁπλῶς
3376 3589 3588 3643 ἐκτισέ
3614 3607 3699 3659 με

2092 3671 2328 3744 εἴρηται,
2357 3674 2493 3727 ἀλλὰ
2520 3675 2658 3746 μετὰ
2673 3676 2992 3750 προσθήκης
3023 3678 3135 3750 (66)
3157 3681 3282 3749 τῆς,
3307 3681 3511 3750 ἀρχὴν
3529 3682 3700 3736 ὁδῶν-

2091 3770 2281 3825 αὺτοῦ
2307 3771 2389 3834 εὶς
2422 3770 2565 3838 ἔργα
2580 3770 2787 3824 αὐτοῦ.
2823 3770 2993 3824 Τοῦτο
3013 3772 3071 3825 δὲ
3097 3773 3331 3844 μάλιστα
3360 3776 3698 3846 παρίστησιν

2091 3859 2422 3932 ὴΈϐραῖκὴ
2472 3858 2636 3924 λέξις.
2689 3860 2752 3912 Ei
2783 3859 2914 3928 γοῦν
2971 3879 3057 3926 τις
3110 3863 3546 3936 ὲξακριὸὡσαιτο
3600 3868 3698 3922 τὸν

2094 3951 2271 4023 ἀληθῆ
2295 3951 2418 4007 νοῦν
2467 3951 2566 4022 τῆς
2610 3951 2968 4005 θεοπνεύστου
2999 3953 3243 4026 Γραφῆς,
3289 3956 3440 4029 εὖροι
3488 3958 3556 4012 ἂν
3593 3960 3698 4032 τὴν

2104 4043 2397 4116 Ἐϐραῖκὴν
2419 4044 2723 4113 ἀνάγνωσιν
2753 4045 2812 4098 οὑ
2845 4047 3208 4119 περιέχουσαν
3234 4049 3313 4112 τὸ,
3339 4049 3552 4105 ἕκτισέ
3569 4070 3653 4122 με
3679 4070 3697 4084 ο

2091 4137 2280 4210 διότξερ
2298 4138 2418 4191 οὐδὲ
2450 4138 2558 4191 τῶν
2586 4137 2788 4194 λοιπῶν
2811 4140 3161 4211 ἑρμηνευτῶν
3183 4142 3356 4216 ταύτῃ
3381 4161 3467 4207 τις
3495 4146 3700 4216 κέχρη-

2091 4245 2182 4281 ται
2216 4232 2281 4300 τῇ
2311 4228 2471 4295 λέξει.
2495 4230 2703 4284 Αὐτίκα
2725 4229 2770 4284 δ’
2789 4227 2881 4284 οὖν
2908 4231 2936 4283 ὁ
2956 4232 3052 4302 μὲν
3069 4232 3319 4300 Ἀκύλας,
3343 4236 3563 4305 Κύριος
3593 4239 3700 4291 ἐκ·

2090 4317 2324 4387 τήσατό
2341 4318 2452 4390 (67)
2458 4335 2536 4387 με
2553 4319 2887 4388 κεφάλαιον
2909 4321 3026 4375 τῶν
3041 4321 3198 4376 ὁδῶν
3211 4324 3420 4388 αὐτοῦ,
3442 4328 3692 4398 εἴρηκεν

2092 4409 2122 4462 ὁ
2159 4407 2217 4461 δὲ
2246 4409 2546 4481 Σύμμαχος
2571 4451 2586 4475 ,
2619 4412 2836 4481 Κύριος
2859 4411 3163 4479 ἐκτήσατο
3185 4432 3263 4483 με
3289 4415 3494 4484 ἀρχὴν
3531 4418 3701 4471 ὁδῶν

2093 4501 2299 4554 αὐτοῦ·
2327 4503 2354 4554 ὁ
2377 4500 2435 4554 δὲ
2466 4501 2780 4566 Θεοδοτίων,
2813 4499 3031 4572 Κύριος
3057 4505 3363 4570 ἐκτήσατό
3379 4525 3458 4576 με
3488 4509 3703 4578 ἀρχὴν

2090 4589 2236 4646 ὀδοῦ
2259 4591 2465 4646 αὐτοῦ’
2499 4594 2594 4646 καὶ
2616 4593 2728 4664 ἔχοι
2757 4595 2808 4664 γ’
2836 4595 2902 4648 ἂν
2924 4596 3080 4665 λόγον
3103 4597 3135 4667 ἡ
3166 4598 3454 4669 ἑρμηνεία.
3479 4600 3554 4652 Τὸ
3583 4601 3700 4672 γὰρ

2091 4682 2387 4753 κεφάλαιον
2420 4685 2520 4755 τῆς
2567 4684 2675 4738 τῶν
2699 4685 2973 4757 γεννητῶν
3029 4686 3286 4740 ἁπάντων
3309 4689 3613 4760 ὁρωμένων
3633 4708 3698 4742 τε

2091 4774 2185 4827 καὶ
2221 4773 2443 4842 ἀφανῶν
2492 4773 2803 4838 συστάσεώς
2834 4793 2895 4828 τε
2929 4775 3024 4828 καὶ
3086 4777 3364 4848 σωτηρίας
3396 4780 3568 4843 αὐτὸς
3600 4777 3697 4852 ἦν,

2089 4863 2149 4917 ὃν
2177 4864 2370 4932 ἐγέννα
2390 4865 2488 4936 μὲν
2521 4867 2549 4918 ὁ
2566 4865 2755 4938 Πατὴρ
2791 4866 2917 4920 Υἱδν
2944 4869 3242 4940 μονογενῆ·
3289 4872 3568 4942 γεννήσας
3597 4872 3659 4926 δὲ
3679 4917 3696 4936 ,

2091 4957 2388 5010 κατέταττε
2417 4957 2647 5030 Σωτῆρα
2675 4958 2786 5011 τῶν
2830 4959 2990 5024 ὅλων,
3025 4961 3431 5030 ἀνακεφαλαιού
3441 4981 3605 5034 μενος
3632 4967 3698 5018 ὲν

2090 5045 2238 5117 αὐτῷ
2271 5047 2366 5101 καὶ
2394 5046 2461 5100 δι’
2491 5047 2655 5100 αὐτοῦ
2689 5049 2787 5120 τὴν
2813 5047 3056 5115 διάταξιν
3082 5049 3174 5104 τοῦ
3207 5052 3438 5116 παντὸς,
3481 5054 3559 5117 ὡς
3588 5053 3702 5106 ἐδί-

2089 5139 2248 5206 δαξεν
2276 5141 2304 5193 ὀ
2320 5139 2460 5205 θεῖος
2475 5141 2796 5206 Ἀπόστολος
2813 5141 3000 5194 εἰπών·
3021 5143 3698 5211 Ἀνακεφαλαιὼσασθσι

2092 5230 2290 5284 πάντα
2334 5232 2406 5286 ἐν
2438 5232 2519 5299 τῷ
2558 5233 2815 5304 Χριστῷ,
2852 5233 2924 5287 τὰ
2961 5232 3061 5286 ἐπὶ
3098 5233 3224 5301 τοῖς
3252 5238 3562 5305 οὐρανοῖς,
3589 5241 3699 5293 καὶ

2945 5395 3022 5450 ‘ll
3065 5397 3191 5451 Cor.
3218 5412 3272 5460 v,
3301 5397 3393 5451 l7.
3475 5401 3496 5430 '
3523 5399 3691 5455 Prov.

409 5461 534 5541 νιιῖξ
558 5473 650 5528 22.
730 5472 751 5503 ³
772 5461 909 5526 Luc:
941 5461 1122 5536 'x,'2l.
1201 5470 1223 5500 ⁸
1247 5467 1364 5523 Jac.
1392 5483 1445 5532 v,
1473 5467 1558 5522 l6.
1635 5465 1657 5495 ⁵
1679 5461 1890 5516 Coloss.
1925 5476 1962 5525 t,
2001 5461 2092 5516 20.

483 5606 595 5675 (64)
634 5604 800 5675 Vulgo
823 5603 934 5659 τῶν
961 5604 1392 5675 ἁμαρτημάτων.

483 5675 596 5745 (65)
634 5675 802 5745 Vulgo
832 5675 1044 5728 ἔκτισεν
1075 5676 1196 5745 ἐμὲ.

483 5743 595 5870 (θϋζ
628 5743 799 5830 vulgo
828 5743 1163 5867 πῖοσθήκης,
1189 5744 1311 5870 silv.

483 5815 572 5870 (67
615 5816 830 5870 Kvpcoc
853 5859 856 5862 .
890 5814 1173 5870 κτήσατο.
1189 5815 1230 5870 Λ
1256 5825 1311 5870 tu

482 5809 595 5884 (67)
615 5809 830 5881 Κύριος
853 5809 1173 5885 ἐκτήσατο.
1189 5809 1357 5872 Aliter
1378 5813 1432 5870 in
1454 5812 1682 5885 vulgatis
1701 5809 1845 5867 LXX
1866 5811 1984 5868 edi-

2093 5601 2352 5673 tionibus,
2403 5603 2622 5670 Aquila,
2676 5602 3063 5673 Symmachus,
3093 5611 3149 5656 et
3179 5601 3555 5670 Theodotion,
3587 5604 3699 5659 ista

2319 5673 2474 5729 M.—
2496 5671 2761 5731 Caeterum
2794 5672 2866 5728 cf.
2899 5672 3054 5728 liuet.
3077 5675 3144 5728 ad
3165 5673 3388 5744 Origen.
3431 5683 3569 5729 tom.
3601 5675 3700 5743 ιιι,
