3828 6222
189 297 294 353 977

1133 301 1224 355 DE
1262 301 1804 357 EtICLESlASTlCA
1846 303 2240 358 TIIEOLOGIA
2285 301 2408 356 LIB.
2452 300 2540 357 lli»

3349 302 3450 357 978

191 412 265 466 τὰ
293 410 394 464 ἐπὶ
425 411 539 479 τῆς
571 412 707 482 τῆς,
743 413 819 478 ὡς
861 415 936 485 μὴ
968 419 1126 485 μόνον
1156 417 1226 469 τὰ
1261 417 1552 488 σύμπαντα
1585 419 1652 472 δι’
1681 419 1766 472 αὖ·

1885 435 2005 475 esse
2045 421 2436 489 provenienlia,
2471 420 2565 474 sed
2599 419 2820 488 insuper
2855 420 2906 473 in
2939 434 2997 476 se
3025 419 3324 490 susciperet
3354 423 3454 474 atl-

188 501 286 556 τοῦ
317 503 598 574 συστῆναι,
629 505 693 557 ἐκ
723 504 816 557 τοῦ
850 506 923 577 μὴ
949 505 1100 570 ὄντος
1129 509 1209 570 είς
1234 506 1298 561 τὸ
1321 507 1461 562 εἶναι
1494 508 1774 582 προελθόν-

190 611 279 657 τα,
312 593 449 646 ἀλλὰ
476 595 570 648 καὶ
597 595 699 665 τῆς
722 596 831 649 τῶν
867 597 1004 651 ὅλων
1041 597 1362 670 διοικήσεως
1387 601 1488 670 τὴν
1519 601 1774 672 πρόνοιαν

191 684 544 756 ἀναδέχεσθαι
573 687 756 751 αὐτὸν,
785 687 880 741 ἀτε
925 689 1097 758 Λόγον
1138 689 1266 743 ὄντα
1313 691 1406 744 καὶ
1450 693 1650 762 Σοφίαν
1681 695 1773 747 καὶ

191 773 338 844 ζωὴν
357 814 373 838 ,
401 777 601 840 παντός
635 795 694 830 τε
724 778 892 832 καλοῦ
923 781 1017 834 καὶ
1039 779 1247 848 ἀγαθοῦ
1276 781 1550 852 πλήρωμα
1567 799 1579 811 ·
1609 781 1686 846 ὡς
1705 783 1772 836 δι’

191 866 358 920 αὑτοῦ
410 869 772 941 κυϐερνᾶσθαι
820 873 918 927 καὶ
969 871 1325 938 διασώζεσθαι
1359 873 1426 927 τὰ
1457 874 1768 946 σύμπαντα.

189 958 364 1012 Τοῦτο
389 959 445 1013 δὲ
473 963 564 1014 καὶ
585 961 673 1015 διὰ
702 963 809 1016 τῶν
830 965 1204 1036 προτεθέντων
1243 965 1439 1033 λογίων
1466 965 1626 1029 αὐτὸς
1661 966 1770 1037 (68)

190 1050 453 1122 παρίστη,
492 1052 556 1105 δι’
588 1047 663 1107 ὧν
698 1054 898 1122 ἔφασκε
920 1073 934 1087 ο
966 1057 1045 1108 Δι’
1091 1056 1237 1125 ἐμοῦ
1272 1057 1557 1122 βασιλεῖς
1592 1059 1772 1123 βασι-

189 1142 466 1206 λεύουσι,
499 1143 595 1196 καὶ
622 1149 674 1198 oi
701 1145 994 1200 δυνάσται
1025 1147 1324 1216 γράφουσι
1355 1147 1768 1217 δικαιοσύνην.

193 1232 273 1284 Δι’
308 1232 454 1301 ἐμοῦ
474 1233 834 1303 μεγιστᾶνες
861 1239 1302 1307 μεῃαλύνονται
1323 1280 1336 1303 ,
1365 1241 1461 1293 καὶ
1490 1242 1772 1308 τύραννοι

189 1318 267 1372 δι’
325 1320 472 1390 ἐμοῦ
518 1322 804 1390 κρατοῦσι
849 1324 984 1393 γῆς.
1031 1326 1224 1394 Αὸγοις
1279 1329 1324 1381 δ’
1372 1323 1464 1381 οὖν
1511 1330 1771 1400 ἀρρήτοις

189 1410 291 1480 τῆς
330 1411 556 1466 καθόλου
608 1415 799 1484 σοφίας
822 1434 882 1468 τε
930 1418 1024 1470 καὶ
1059 1421 1316 1489 προνοίας
1347 1420 1441 1474 τοῦ
1476 1421 1606 1474 Υἱοῦ
1657 1422 1769 1492 (69)

190 1501 286 1554 τοῦ
305 1502 462 1570 Θεοῦ,
494 1505 562 1558 τὰ
587 1507 878 1576 σύμπαντα
908 1507 1211 1563 διοικεῖται.
1255 1511 1416 1564 Ταῦτ’
1443 1507 1535 1565 οὖν
1559 1511 1646 1565 διὰ
1665 1511 1771 1565 τῶν

191 1595 630 1664 προεκτεθέντων
709 1597 989 1664 ἐδίδασκε,
1053 1600 1364 1673 προῦτρεπέ
1419 1620 1478 1654 τε
1553 1603 1770 1675 ἔχεσθαι

191 1687 380 1752 αὑτοῦ,
411 1689 634 1758 φάσκων
657 1707 671 1720 ο
712 1691 850 1760 Ἐγὼ
880 1692 1021 1758 τοὺς
1049 1694 1153 1761 ἐμὲ
1181 1695 1510 1763 φιλοῦντας
1539 1693 1764 1765 ἀγαπῶο

190 1782 246 1832 οἱ
288 1779 358 1833 δὲ
413 1781 518 1849 ἐμὲ
556 1780 864 1849 ζητοῦντες
892 1783 1284 1850 εὑρήσουσιν.
1325 1785 1659 1857 Ἀπέτρεπέν
1709 1804 1770 1840 τε

191 1871 290 1941 τῆς
315 1871 560 1935 ἐναντίας
577 1873 720 1928 ὁδοῦ.
745 1873 812 1926 δι’
837 1868 910 1927 ὧν
938 1863 1236 1945 ἐπήγαγεν,
1254 1876 1549 1944 Ἐμίσησα
1577 1875 1626 1928 δ’
1656 1877 1771 1947 ἐγὼ

189 1962 660 2032 διεστραμμένης
691 1963 870 2030 ὀδοὺς
892 1963 1112 2020 κακῶν.
1141 1966 1252 2019 Καὶ
1285 1966 1350 2038 δὴ
1369 1966 1540 2019 ταῦτα
1569 1966 1664 2020 καὶ
1701 1967 1772 2022 τὰ

189 2052 402 2116 τούτοις
447 2053 651 2123 ἀδελφά
689 2056 718 2108 ὁ
769 2054 860 2107 τοῦ
907 2053 1043 2109 Θεοῦ
1093 2055 1242 2119 Υἱὸς,
1278 2057 1438 2120 αὐτὸς
1475 2055 1582 2128 γὰρ
1625 2052 1692 2127 ἦν
1734 2059 1770 2129 ἡ

191 2145 364 2212 Σοφία
413 2144 562 2216 (70L
610 2146 1083 2218 διαστειλάμενος,
1118 2148 1244 2218 ἑξῆς
1292 2149 1404 2210 τοῖς
1465 2148 1532 2202 δι’
1592 2148 1770 2202 αὐτῶν

192 2235 664 2307 προωφελομὲνοις
707 2236 804 2307 τὴν
845 2236 1108 2307 μυστικὴν
1161 2235 1291 2307 περὶ
1323 2236 1516 2290 ἐαυτοῦ
1569 2237 1770 2307 γνῶσιν

188 2327 521 2398 παραδίδωσι
571 2327 801 2396 λέγων,ι
825 2328 950 2386 Ἐἆν
997 2329 1302 2398 ἀναγγείλω
1351 2329 1478 2398 ὑμῖν
1525 2329 1594 2383 τὰ
1647 2331 1768 2384 καθ’

187 2420 407 2492 ἡμέραν
445 2421 788 2491 γιγνόμενα,
817 2421 1174 2493 μνημονεύσω
1217 2420 1288 2474 τὰ
1328 2419 1388 2484 ἐξ
1423 2419 1614 2483 αἰῶνος
1650 2422 1771 2492 ἀρι-

191 2512 418 2584 θμῆσαι.
448 2533 466 2564 ι
494 2513 555 2565 Ei
602 2513 711 2585 γὰρ
763 2514 1030 2585 μέλλοιμι,
1071 2514 1266 2584 φησὶν,
1291 2512 1362 2566 τὰ
1406 2513 1491 2582 ἐφ’
1536 2514 1768 2584 ἑκάστης

188 2607 406 2680 ἡμέρας
433 2609 522 2661 ὑπ’
554 2607 688 2679 ἐμοῦ
715 2607 1059 2678 πραττόμενα
1087 2606 1354 2658 διδάσκειν
1375 2646 1390 2669 ,
1425 2604 1636 2673 ἀνάγκη
1677 2605 1771 2657 καὶ

189 2701 300 2754 τῶν
347 2698 407 2764 ἐξ
455 2700 629 2771 ἀρχῆς
685 2698 778 2750 τοῦ
831 2696 1032 2759 παντὸς
1084 2695 1277 2760 αίῶνος
1305 2694 1478 2766 ἔργων
1529 2693 1768 2766 ἐμαυτοῦ

195 2791 589 2861 μνημονεῦσαι,
628 2791 722 2843 καὶ
751 2789 1121 2860 παραστῆσαι,
1150 2789 1224 2852 ὡς
1251 2788 1344 2840 ἐπὶ
1391 2788 1565 2857 τούτῳ
1620 2802 1688 2857 με
1741 2788 1770 2840 ὁ

189 2884 463 2953 γεννήσας
495 2884 684 2953 Πατὴρ
711 2882 899 2952 ἄρχειν
921 2881 1027 2933 τῶν
1044 2881 1180 2934 ὅλων
1212 2880 1568 2950 κατέστησεν,
1610 2878 1696 2948 ἐφ’
1725 2870 1770 2945 ᾧ

187 2992 249 3027 τε
285 2975 533 3046 ἡγεῖσθαι
557 2975 664 3028 τῶν
691 2974 822 3026 ὁδῶν
845 2971 1032 3034 αὑτοῦ,
1066 2973 1159 3025 καὶ
1196 2971 1304 3025 τῶν
1364 2971 1455 3025 ὑπ’
1489 2970 1653 3024 αὑτοῦ
1701 2971 1770 3024 δι’

191 3067 327 3138 ἐμοῦ
359 3065 739 3137 πεποιημένων
761 3065 958 3135 ἔργων.
988 3065 1079 3116 Διὸ
1109 3062 1415 3126 ἀκολούθως
1451 3063 1644 3131 ἐπάγει
1686 3061 1765 3126 τὺ,

189 3160 405 3226 Κύριος
431 3159 632 3212 ἕκτισέ
655 3174 732 3226 με
755 3155 953 3226 ἀρχὴν
973 3153 1130 3208 ὁδῶν
1156 3153 1373 3216 αὐτοῦ,
1402 3155 1489 3219 εὶς
1522 3153 1593 3206 τὰ
1626 3153 1771 3222 ἔργα

188 3251 398 3315 αὐτοῦ,
427 3251 482 3322 ἢ,
521 3252 732 3318 Κύριος
749 3248 1048 3315 ἐκτήσατό
1069 3263 1166 3316 με,
1194 3244 1334 3300 κατὰ
1372 3245 1469 3316 τὴν
1496 3244 1772 3299 ἀποδοθεῖ-

191 3360 293 3397 σαν
325 3342 640 3414 ἐρμηνείαν.
665 3341 738 3394 Τὸ
765 3339 872 3412 γὰρ
907 3339 1048 3410 μέγα
1081 3339 1265 3409 κτῆμα
1289 3337 1384 3391 τοῦ
1433 3337 1568 3390 Θεοῦ
1603 3339 1630 3390 ὁ
1672 3354 1768 3406 μο-

188 3435 412 3504 νογενὴς
439 3434 564 3497 Υἱὸς
591 3429 680 3504 ἦν,
709 3432 844 3486 καθὸ
880 3433 976 3502 μὲν
1015 3430 1073 3498 ἐξ
1118 3429 1280 3484 αὑτοῦ
1305 3428 1615 3498 γεγέννητο,
1643 3427 1770 3490 Υἱὸς

188 3527 264 3579 ὢν
292 3524 456 3580 αὑτοῦ
477 3543 490 3555 ·
527 3525 663 3578 καθὸ
696 3524 753 3578 δὲ
793 3527 904 3586 τοῖς
938 3524 1101 3576 πᾶσιν
1151 3519 1482 3589 κοινωφελὴς
1517 3518 1612 3572 καὶ
1663 3536 1760 3571 σωι

187 3617 379 3686 τήριος
403 3614 729 3685 καθέστηκε,
748 3614 807 3667 τὸ
833 3613 1087 3684 μέγιστον
1109 3611 1203 3664 καὶ
1230 3609 1558 3679 τιμιώτατον
1584 3609 1771 3679 κτῆμα

187 3706 283 3759 τοῦ
305 3704 517 3776 Πατρὸς
551 3705 808 3774 ὑπάρχων
841 3721 900 3757 τε
933 3702 1026 3756 καὶ
1051 3700 1453 3772 ὠνομασμένος.
1493 3699 1627 3753 Οὐδὲ
1659 3698 1769 3771 γὰρ

187 3798 317 3854 ἄλλο
340 3815 392 3850 τι
418 3798 610 3865 γένοιτ’
646 3796 712 3850 ἂν
763 3795 960 3866 πατέρι
1019 3795 1133 3848 υἱοῦ
1190 3795 1512 3865 τιμίωτερον
1562 3793 1766 3864 κτῆμα.

193 3884 388 3938 Ἔνθεν
422 3883 514 3938 καὶ
539 3883 1014 3954 ὁπρωτόπλαστος
1061 3883 1249 3952 Ἀδὰμ,
1292 3885 1381 3937 ὅτε
1432 3883 1525 3935 τὸν
1574 3883 1769 3935 ὲνη-ἀν-

189 3975 433 4046 θρώποις
486 3974 702 4043 πρῶτον
761 3975 874 4027 υἱὸν
925 3975 1235 4044 ἐκτήσατο,
1282 3973 1474 4044 ἐλέχθη
1529 3973 1621 4026 καὶ
1680 3974 1767 4025 ἐπ’

189 4067 403 4136 ἐκείνῳ,
423 4064 802 4133 Ἑκτησάμην
826 4064 1138 4133 ἄνθρωπον
1175 4066 1272 4119 διὰ
1317 4065 1422 4118 τοῦ
1462 4063 1608 4118 Θεοῦ
1629 4082 1640 4094 ·
1670 4065 1769 4134 τῆς

200 4156 505 4228 Ἐϐραϊκῆς
540 4156 722 4226 φωνῆς
787 4156 908 4209 ἀντὶ
964 4155 1082 4219 τοῦ,
1131 4154 1502 4224 ἐκτησάμην,
1542 4155 1767 4208 κανίθει

187 4247 571 4321 περιεχούσης.
606 4247 678 4299 Τὸ
700 4245 777 4311 δὲ,
811 4244 1130 4310 ἐκτήσατο,
1153 4244 1309 4298 mira
1326 4246 1452 4316 παρ’
1497 4243 1767 4314 Ἑϐραίοις

187 4343 533 4411 ἐκφωνεῖται.
594 4337 778 4399 Οὕτως
800 4332 892 4389 οῦν
941 4336 1032 4389 ἐπὶ
1081 4334 1176 4388 τοῦ
1235 4333 1486 4405 Ἀϐραὰμ
1529 4333 1762 4404 εἴρηται,

1807 1771 1847 1825 Β

1877 508 2331 564 ministrationem
2399 508 2641 564 omnium
2694 516 2751 563 et
2800 509 3194 578 providentiam
3223 527 3240 568 :
3269 518 3454 578 utpote

1874 600 1964 670 qui
1991 600 2165 670 Λόγος
2211 611 2378 664 esset,
2407 599 2707 669 Sapientia,
2743 601 2877 668 vita,
2920 601 3100 656 omnis
3125 602 3252 658 boni
3289 611 3454 673 atque

1875 692 2083 760 pulchri
2113 692 2391 761 plenitudo
2415 709 2430 746 :
2458 707 2566 762 quo
2593 706 2690 763 per
2720 707 2842 746 eum
2871 693 3246 764 gubernentur
3265 698 3450 750 omnia

1874 793 1927 839 et
1952 787 2362 840 conserventur.
2401 783 2516 839 Hoc
2547 787 2723 853 ipsum
2767 786 2818 839 in
2858 795 2984 840 ante
3016 786 3209 855 positis
3253 787 3450 844 divinis

1872 875 2108 931 oraculis
2139 876 2394 932 indicavit
2425 877 2559 946 ipse,
2596 877 2843 947 inquiens
2871 893 2885 930 :
2919 875 3026 931 Per
3074 893 3156 932 me
3195 894 3338 948 reges
3370 895 3452 933 re-

1871 976 2054 1037 gnant,
2095 977 2144 1021 et
2190 976 2425 1036 potentes
2463 968 2732 1037 justitiam
2789 968 3136 1023 determinant
3175 985 3196 1024 :
3228 985 3322 1038 per
3369 987 3448 1022 me

1871 1066 2143 1128 magnam
2161 1058 2595 1128 magniﬁcantur,
2611 1071 2658 1114 et
2680 1059 2943 1129 principes
2965 1076 3056 1128 per
3070 1077 3151 1115 me
3170 1061 3448 1115 dominan-

1871 1159 1961 1200 tur
1999 1154 2152 1200 terra:
2169 1147 2212 1202 ⁸.
2262 1145 2422 1204 Modo
2465 1147 2647 1217 itaque
2694 1148 3056 1218 inexplicabili
3095 1163 3189 1217 per
3226 1149 3444 1218 sapien-

1873 1237 2002 1290 tiam
2075 1236 2222 1290 illam
2295 1244 2350 1292 et
2407 1238 2804 1306 providentiam
2887 1239 3245 1293 universalem
3323 1239 3442 1295 Filii

1873 1328 1987 1394 Dei,
2037 1330 2290 1384 universa
2338 1329 2811 1386 administrantur.
2869 1329 2998 1388 Haec
3037 1345 3138 1386 nos
3189 1331 3244 1386 in
3293 1334 3444 1400 prius

1869 1419 2063 1490 positis
2100 1421 2361 1476 edocuit:
2391 1423 2745 1492 hortaturque
2791 1431 2850 1476 ut
2889 1423 2958 1478 ab
2998 1422 3089 1479 illo
3138 1423 3444 1494 dependea-

1872 1527 2042 1567 mus:
2079 1511 2193 1582 Ego
2251 1514 2424 1578 enim,
2483 1513 2692 1584 inquit,
2775 1512 3050 1584 diligentes
3115 1530 3196 1570 me
3259 1514 3440 1584 diligo.

1876 1610 1935 1668 ᾖ(
1976 1603 2081 1670 Qui
2109 1621 2191 1659 me
2222 1616 2487 1674 quierunt,
2519 1607 2776 1661 invenient
2797 1608 2840 1662 ".
2871 1607 2918 1662 A
2954 1608 3227 1663 contraria
3253 1623 3446 1663 rursus

1875 1697 1956 1749 via
1991 1712 2090 1752 nos
2133 1698 2350 1764 avertit,
2393 1699 2481 1752 ubi
2515 1699 2685 1764 addit,
2715 1697 2827 1769 Ego
2863 1698 2986 1755 odio
3009 1697 3169 1752 Itabui
3201 1699 3310 1754 vias
3339 1700 3444 1752 im-

1871 1790 2078 1858 piorum
2119 1806 2386 1856 perversos
2409 1789 2451 1844 ⁸.
2479 1789 2604 1846 Haec
2644 1799 2700 1846 et
2741 1791 2829 1847 his
2869 1791 3068 1846 similia
3121 1792 3239 1860 ipse
3275 1791 3446 1848 Filius

1875 1880 1994 1945 Dei,
2024 1881 2139 1950 ipse
2178 1881 2381 1936 etenim
2421 1880 2698 1952 Sapientia
2729 1892 2868 1947 erat,
2900 1882 2953 1938 in
2977 1883 3245 1939 mandatis
3272 1881 3440 1939 dedit.

1870 1973 2046 2040 Atque
2077 1973 2153 2027 ita
2203 1973 2257 2028 in
2319 1976 2670 2044 sequentibus
2715 1975 2999 2045 mysticam
3037 1977 3120 2030 sui
3175 1976 3442 2046 cognitio-

1871 2077 1996 2119 nem
2027 2063 2190 2119 tradit
2216 2065 2281 2120 iis
2305 2066 2499 2136 quibus
2515 2066 2666 2136 prius
2695 2066 2988 2134 profuerat,
3015 2066 3264 2136 inquiens
3290 2086 3304 2122 :
3336 2084 3356 2119 ι
3383 2067 3441 2121 Si

1871 2154 2269 2211 annuutiavero
2297 2155 2450 2212 vobis
2487 2171 2607 2227 quae
2629 2157 2697 2212 de
2719 2157 2806 2212 die
2840 2157 2893 2211 in
2919 2158 3060 2212 diem
3093 2157 3316 2224 ﬁebant,
3344 2173 3442 2214 ne-

1869 2261 2027 2303 cesse
2051 2256 2134 2308 est
2153 2256 2214 2302 ut
2233 2262 2550 2304 enumerem
2572 2263 2694 2316 quae
2723 2265 2754 2305 a
2787 2249 2985 2305 saecqu
3015 2264 3445 2307 commemoram

1873 2348 2014 2396 tum
2041 2340 2152 2395 Hoc
2169 2349 2276 2406 est,
2303 2342 2349 2394 si
2369 2355 2462 2394 vos
2479 2339 2638 2396 velim
2664 2340 2858 2396 docere
2879 2341 2968 2396 illa
2995 2356 3113 2412 quas
3143 2357 3173 2396 a
3204 2357 3292 2397 me
3307 2358 3444 2412 quo-

1873 2429 2002 2486 tidie
2053 2432 2222 2495 nunt,
2288 2444 2509 2486 necesse
2560 2441 2646 2487 est
2691 2440 2751 2488 ut
2792 2432 2945 2489 vobis
2984 2433 3239 2502 replicem
3277 2449 3440 2504 opera

1871 2537 1990 2577 mea
2025 2521 2093 2577 ab
2116 2522 2272 2578 initio
2293 2522 2637 2589 saeculorum,
2660 2535 2716 2578 et
2734 2523 2787 2578 in
2812 2525 3132 2578 memoriam
3169 2540 3441 2593 revocem,

1870 2613 2013 2682 quod
2055 2626 2142 2666 me
2172 2611 2332 2666 Pater
2353 2613 2443 2681 qui
2471 2615 2675 2682 genuit,
2706 2615 2997 2672 constituit
3025 2615 3312 2672 Dominum
3347 2635 3444 2674 su-

1869 2718 1970 2772 per
2015 2705 2239 2758 omnia:
2269 2714 2325 2759 ut
2363 2706 2438 2759 ita
2487 2707 2702 2775 praesim
2741 2721 2845 2778 ego
2879 2707 2982 2763 viis
3003 2707 3215 2776 ipsius,
3260 2718 3316 2764 et
3349 2710 3444 2764 im-

1873 2810 2054 2865 perem
2104 2797 2362 2866 operibus
2412 2797 2530 2866 ejus
2575 2811 2673 2866 per
2731 2815 2820 2854 me
2865 2799 3121 2854 conditis.
3172 2799 3445 2866 Quocirca

1871 2899 2268 2956 consequenter
2293 2889 2494 2954 intulit,
2522 2888 2781 2944 Dominus
2804 2891 2996 2945 creavit
3020 2907 3102 2948 me
3128 2891 3444 2960 principium

1870 2977 2077 3031 uiarum
2099 2993 2316 3032 suarum
2335 2978 2405 3031 ad
2431 2993 2589 3048 opera
2613 2994 2735 3035 sua.
2769 2979 2899 3042 Aut,
2926 2980 3220 3034 secundum
3248 2993 3446 3049 reprtc-

1872 3078 2140 3124 sentatam
2197 3070 2699 3140 interpretationem
2721 3108 2738 3135 ,
2769 3069 3030 3124 Dominus
3076 3070 3308 3138 possedit
3341 3086 3441 3128 me.

1871 3159 2063 3230 Magna
2096 3160 2362 3229 siquidem
2398 3159 2494 3214 Dei
2535 3161 2811 3230 possessio
2836 3201 2852 3224 ,
2903 3173 3020 3217 erat
3047 3162 3216 3217 Filius
3257 3163 3446 3233 unige-

1869 3251 2018 3306 nitus
2051 3269 2065 3306 :
2101 3265 2168 3306 eo
2192 3252 2335 3320 quod
2367 3266 2431 3306 ex
2461 3252 2579 3321 ipso
2604 3255 2816 3323 genitus
2836 3253 3005 3308 Filius
3038 3263 3158 3308 erat
3186 3254 3304 3324 ejus
3335 3269 3351 3309 :
3380 3271 3446 3308 eo

1869 3353 2050 3394 autem
2078 3343 2220 3410 quod
2260 3341 2512 3397 omnibus
2550 3342 2840 3412 proficiens
2873 3353 2927 3398 et
2953 3343 3181 3398 salutem
3209 3342 3445 3400 aifareus

1869 3433 2324 3497 constituebatur,
2376 3434 2612 3487 maxima
2667 3443 2722 3489 et
2779 3445 2899 3489 erat
2947 3445 3004 3489 et
3058 3435 3445 3490 nominabatur

1869 3526 2140 3592 possessio
2187 3523 2271 3578 sui
2321 3523 2522 3581 Patris.
2548 3523 2733 3594 Neque
2766 3526 2910 3580 enim
2949 3527 3086 3595 patri
3137 3525 3309 3595 magis
3357 3525 3446 3578 lio-

1870 3616 2126 3670 norabilis
2165 3624 2220 3672 et
2266 3626 2421 3686 grata
2467 3617 2754 3688 contigerit
2806 3618 3076 3686 possessio
3103 3657 3118 3684 ,
3155 3632 3318 3687 quam
3360 3626 3446 3671 est

1877 3706 2038 3761 ﬁlius.
2082 3707 2236 3763 Unde
2274 3718 2329 3763 et
2373 3709 2546 3762 Atiam
2584 3709 2676 3763 ille
2718 3708 3086 3778 protoplastes
3111 3750 3125 3774 ,
3167 3723 3292 3763 cum
3334 3709 3444 3776 pri-

1869 3813 2015 3853 mum
2048 3800 2362 3868 possederat
2412 3801 2582 3854 ﬁliuni
2610 3841 2626 3866 ,
2676 3810 2733 3854 ut
2796 3801 2956 3854 homo
3001 3799 3175 3864 dixit,
3220 3799 3442 3854 Ροεηάὶ

1869 3890 2131 3943 hominem
2177 3906 2208 3943 a
2239 3889 2344 3944 Deo
2369 3892 2414 3945 ’.
2463 3891 2563 3948 Ubi
2609 3892 2660 3944 iu
2706 3891 2933 3946 Hebraeo
2961 3901 3045 3946 est
3075 3907 3172 3962 pro
3212 3890 3441 3960 possedi,

1869 3977 2067 4032 canithi
2111 3993 2130 4032 :
2161 3989 2213 4034 et
2247 3995 2348 4049 pro
2382 3983 2635 4048 possedit.
2679 3999 2834 4040 cana.
2885 3981 2975 4037 Sic
3022 3984 3088 4038 de
3131 3982 3442 4036 Abrahanto

1869 4081 2193 4139 usurpatur:
2215 4072 2350 4142 Ager
2373 4089 2524 4142 quem
2553 4074 2783 4141 possedit
2813 4074 3076 4130 Abraham
3098 4091 3112 4140 ;
3131 4074 3185 4128 in
3218 4073 3442 4129 Hebraeo

1867 4174 1950 4217 est
1990 4180 2146 4230 cana,
2175 4178 2296 4232 qua:
2328 4176 2412 4220 est
2440 4165 2629 4220 eadem
2660 4182 2766 4220 vox
2792 4176 3050 4237 usurpata
3078 4167 3152 4233 in,
3185 4167 3442 4220 Dominus

1866 4255 2096 4321 possedit
2145 4271 2228 4309 me
2277 4257 2596 4326 principium
2650 4259 2854 4312 viarum
2907 4273 3124 4312 suarum
3173 4257 3242 4312 ad
3282 4273 3442 4326 Opera

1867 4359 1986 4397 sua.
2039 4343 2192 4398 Unde
2219 4360 2342 4399 cum
2379 4347 2576 4402 ibidem
2615 4364 2716 4403 vox
2751 4365 2884 4403 cana
2931 4348 3032 4414 sit,
3071 4347 3446 4417 couspiranter

187 4436 295 4490 τὸν
321 4435 506 4504 ἀγρὸν
563 4433 635 4487 ὂν
692 4431 990 4500 ἐκτήσατο
1041 4430 1305 4498 Ἀϐραὰμ,
1343 4427 1456 4482 ἀνθ’
1490 4420 1552 4481 οὗ
1585 4428 1646 4480 τὸ
1683 4428 1764 4479 'E-

1869 4449 2061 4490 omnes
2107 4437 2393 4493 reddidere
2440 4440 2772 4509 interpretes
2829 4439 3080 4507 possedit.
3133 4437 3268 4492 illud
3311 4451 3446 4492 vero

183 4529 412 4602 ϐραῖκὸν
441 4528 595 4582 κάνα
619 4525 892 4598 περιέχειο
923 4524 1026 4594 τῆς
1058 4524 1227 4594 αὐτῆς
1268 4521 1469 4586 λέξεως
1503 4519 1762 4591 κειμένης

183 4621 318 4691 παρ’
354 4620 620 4690 Ἑϐραίοις
642 4618 732 4672 καὶ
760 4619 818 4670 ἐν
845 4615 943 4685 τῷ,
980 4616 1193 4682 Κύριος
1236 4613 1439 4667 ἕκτισέ
1464 4629 1541 4681 με
1566 4611 1763 4680 ἀρχὴν

183 4711 344 4766 ὁδῶν
367 4711 553 4764 αὑτοῦ
573 4713 660 4775 εὶς
686 4710 828 4778 ἔργα
841 4707 1046 4762 αὑτοῦ.
1065 4709 1176 4759 Καὶ
1193 4703 1424 4758 ἐνταῦθα
1443 4703 1552 4774 γὰρ
1569 4704 1762 4773 κειμέ-

180 4821 283 4875 νης
303 4804 406 4873 τῆς
436 4802 589 4856 κάνα
616 4801 832 4868 λέξεως,
855 4800 937 4865 τὸ,
959 4799 1280 4867 ἐκτήσατο,
1308 4796 1508 4858 πάντες
1533 4812 1594 4848 συ
1604 4793 1760 4865 μφὼ-

180 4914 290 4960 νως
319 4895 676 4949 ἐκδεδώκασιν
700 4897 747 4948 οἱ
795 4890 1156 4965 ἑρμηνευταί⁶
1196 4889 1259 4942 τὸ
1305 4887 1360 4941 δὲ
1397 4887 1532 4958 (7i),
1554 4886 1761 4942 ἔκτισε

1869 4527 2141 4593 condidit,
2195 4529 2442 4599 rejicitur
2495 4532 2565 4586 ab
2615 4532 2880 4598 Hebraeis,
2937 4546 3037 4585 nec
3084 4531 3136 4583 iu
3189 4530 3444 4600 praesenti

1867 4617 2134 4685 scriptura
2164 4621 2448 4691 reperitur.
2485 4621 2791 4676 Plurimum
2840 4637 2972 4675 vero
3018 4619 3198 4674 diii'ert
3235 4619 3442 4686 ἔκτισε,

1867 4709 2065 4763 ereavit
2124 4720 2179 4765 et
2227 4713 2531 4784 ἐκτήσατο,
2561 4713 2787 4782 possedit
2817 4729 2835 4768 :
2863 4728 2985 4768 cum
3014 4712 3141 4766 illud
3173 4711 3446 4781 signiﬁcet

1868 4800 2140 4854 communi
2177 4803 2418 4869 notione,
2452 4813 2829 4859 creaturarum
2855 4816 3199 4871 processum,
3230 4800 3298 4855 de
3333 4815 3441 4855 non

1868 4903 1988 4946 esse
2034 4894 2102 4948 ad
2156 4895 2454 4950 subsistere
2497 4913 2510 4948 :
2551 4897 2654 4950 hoc
2705 4909 2834 4949 vero
2883 4892 2960 4948 rei
3013 4891 3443 4964 pracexsistentis

258 5059 446 5124 mEd.
477 5054 673 5122 Paris.,
703 5069 824 5124 pag.
858 5053 980 5111 155.
1058 5046 1656 5113 ‘Prov.vttt,15,16.
1731 5013 2024 5103 'ibid.i7.
2101 5048 2408 5104 'ibid.20.
2483 5049 2864 5116 ’Gcn.tv,i.

394 5231 561 5312 Yulgo
594 5230 912 5312 παρίστησι.

257 5303 370 5374 (69)
401 5303 566 5374 Vitligo
599 5319 709 5374 out.
742 5303 858 5374 τοῦ.

254 5372 574 5449 Δ’κρήιξο
611 5375 640 5425 ὁ
671 5372 1074 5449 διατιλάμενος.

255 5440 366 5514 (7i)
387 5445 647 5514 Ἔκτισε.
669 5440 766 5514 Sic
776 5440 1078 5514 legentium,
1094 5440 1342 5514 provulg.
1364 5441 1753 5514 ἔκτησεΒθοῑθ

179 5510 446 5571 Eusebius
477 5512 549 5564 ait
581 5510 862 5580 legendum
892 5510 978 5564 bic
1017 5510 1459 5579 possedit,etnou
1481 5510 1748 5566 condidit.

180 5584 338 5640 Libet
368 5582 661 5644 ascribere,
691 5597 810 5648 quae
837 5581 1002 5634 Basil.
1047 5581 1207 5635 liabet
1246 5583 1336 5634 lib.
1376 5598 1436 5644 ιι.
1464 5593 1602 5636 cont.
1637 5580 1752 5634 Eu-

183 5671 326 5737 nom.
371 5649 599 5737 'Eyt‘umﬁe
626 5651 797 5737 πρ).λά
845 5651 982 5721 ἔχων
1008 5653 1190 5737 ἐἰπεῖν
1247 5653 1375 5724 περὶ
1415 5653 1522 5737 τῆς
1568 5650 1752 5737 φωνῇς

180 5723 406 5794 ταύτης,
428 5720 559 5792 μηδὲ
572 5723 747 5775 ἐκεῖνο
771 5720 1232 5793 ἀπαρασήμαντον
1273 5720 1599 5792 καταλεῖψιι).
1629 5720 1750 5775 Ὅτι

1865 5233 2014 5304 ἄλλοι
2043 5232 2152 5287 τῶν
2200 5231 2604 5304 ἑρμηνέωνποί
2658 5227 3132 5304 καιριώτερον-τῆς
3171 5227 3446 5304 σημασίας

1857 5303 1968 5388 τῶν
2008 5294 2311 5388 Ἐϐραξκῷν
2333 5294 2714 5386 ¹καθικόμενοι,
2753 5294 3043 5388 ἐκτήσατο⁹
3074 5294 3140 5382 με
3185 5294 3443 5388 avni

1859 5373 2071 5458 ἔκτισεν
2107 5365 2470 5458 ’ὲὶκδεδιῦκαὶσιν
2490 5390 2503 5403 ·
2535 5365 2672 5458 ὅπερ
2705 5365 3167 5458 μέγινστονραὺτοῖς
3189 5365 3444 5458 ἐμπόδιρν

1859 5443 2012 5515 ἔσται
2047 5445 2183 5515 πρὸς
2230 5443 2328 5515 τὴν
2365 5435 2717 5515 βλασφημίαν
2753 5435 2849 5515 $6.5
2895 5435 3232 5515 κξίςμαὶεοςξ
3268 5437 3296 5515 εδ
3334 5435 3442 5515 te?

1859 5514 2050 5577 εἰπὼν,
2081 5505 2399 5584 ἐκτησάμην
2417 5505 2720 5584 ἄνθρωπον
2747 5509 2835 5564 διὰ
2857 5509 2950 5584 τοῦ
2992 5505 3149 5584 Θεοῦ,
3174 5505 3296 5578 οὐχὶ
3321 5505 3440 5584 xci-

1860 5600 1959 5648 σας
1983 5576 2074 5637 τδν
2107 5576 2268 5648 Καΐν,
2295 5576 2455 5654 ’ἀλλά
2473 5576 2761 5654 γεννήσας,
2793 5580 2966 5654 ταύτῃ
3002 5576 3272 5649 φαίνεται
3301 5576 3440 5647 χρή-

1862 5671 2091 5724 σαμενος
2109 5657 2174 5726 τῇ
2199 5657 2369 5726 φωνῇ.
2410 5652 2478 5707 Μ.
