3828 6222
396 328 464 385 79
1028 319 1304 380 EUSEBII
1339 316 1818 377 CAESARIENSIS
1853 315 2005 375 OPP.
2046 313 2228 374 PARS
2267 316 2355 375 IV.
2397 351 2465 360 --
2506 318 2931 377 DOGMATICA.

3515 318 3621 374 980

363 446 803 519 possessionem,
851 452 908 498 et
955 441 1341 512 prOprietatem
1372 440 1704 510 peculiarem
1762 437 1926 508 possi-

2040 436 2446 508 παραλέλεκται
2510 438 2639 509 παρ’
2679 435 2973 508 Ἑϐραίοις,
3027 435 3164 506 ὅπερ
3216 432 3278 487 ού
3318 433 3499 487 κεῖται
3526 429 3619 485 ἐπὶ

362 541 560 596 dentis.
594 537 846 605 Inquiens
873 535 994 590 ideo
1026 535 1121 590 Dei
1150 533 1357 600 Filius,
1396 532 1654 586 Dominus
1702 531 1936 586 condidit

362 648 447 687 me
475 630 789 700 principium
818 629 1027 683 uiarum
1057 642 1280 680 suarum
1313 625 1384 680 ad
1416 640 1575 694 opera
1612 641 1744 692 sua,
1774 626 1938 680 simul

363 731 422 777 et
447 710 800 792 eju'sindicat
834 718 1332 789 praeexsistentiam
1356 755 1372 782 ,
1420 725 1477 772 et
1514 718 1839 788 peculiarem
1869 719 1938 773 ad

362 815 582 873 Patrem
629 813 1058 886 proprietatem;
1103 825 1312 867 necnon
1360 809 1650 865 utilitatem
1680 814 1739 872 >14
1771 824 1934 879 quam

362 911 589 973 paterna
629 904 746 972 ejus
792 916 956 974 opera
986 942 1002 967 ,
1055 901 1124 957 de
1171 900 1318 956 illius
1362 900 1834 956 administratione
1881 909 1939 955 et

364 996 705 1065 providentia
734 1006 1056 1066 perceptura
1090 1003 1249 1051 erant
1288 1012 1304 1051 :
1345 994 1470 1050 inde
1497 1005 1550 1050 et
1585 992 1769 1061 infert,
1801 992 1936 1048 Ante

361 1085 557 1144 saecula
589 1088 826 1157 fundavit
852 1104 954 1142 me.
991 1085 1060 1142 In
1093 1087 1354 1156 principio
1388 1088 1695 1156 priusquam
1739 1096 1934 1139 terram

360 1187 552 1254 faceret
575 1224 590 1250 ,
615 1192 892 1252 antequam
919 1180 1210 1250 prodierint
1243 1179 1414 1248 fontes
1431 1194 1692 1248 aquarum
1713 1192 1733 1231 :
1760 1176 1936 1246 prius-

359 1292 518 1346 quam
551 1284 750 1328 montes
784 1269 1168 1334 stabilirentur,
1215 1277 1338 1323 ante
1361 1285 1538 1324 omnes
1577 1266 1735 1323 colles
1754 1266 1933 1337 genuit

359 1384 443 1422 me
477 1367 544 1421 ιο.
575 1364 781 1433 Quibus
803 1362 1034 1433 singulis
1062 1360 1395 1425 declaratur,
1438 1376 1603 1429 quam
1652 1358 1818 1414 fuerit
1847 1359 1934 1413 ille

360 1458 510 1513 utilis
552 1465 608 1513 et
652 1453 990 1511 necessarius
1035 1467 1216 1506 rerum
1249 1451 1589 1507 universitati
1629 1468 1642 1506 :
1677 1452 1932 1507 docetur-

358 1561 465 1615 que
491 1546 633 1619 quod
656 1555 712 1601 et
726 1551 864 1609 erat,
889 1552 945 1599 et
963 1551 1091 1597 ante
1120 1553 1259 1605 erat,
1283 1550 1337 1596 et
1369 1550 1494 1597 ante
1522 1542 1778 1597 mundum
1808 1541 1927 1596 uni-

355 1653 576 1694 versum
615 1636 965 1703 subsistebat,
1034 1644 1089 1692 et
1115 1636 1276 1692 rebus
1310 1636 1563 1692 omnibus
1584 1635 1931 1706 praesidebat.

355 1732 492 1786 Cum
542 1730 686 1787 enim
722 1730 785 1787 in,
818 1729 1041 1784 historia
1078 1728 1375 1785 creationis
1395 1727 1574 1784 Moses
1601 1730 1931 1799 supercmle-

2037 532 2138 600 τῆς
2198 531 2568 603 προκειμένης
2617 529 2857 600 γραφῆς.
2914 528 3146 598 Πλείστη
3206 527 3254 581 δ’
3300 525 3367 581 ἂν
3414 524 3625 594 γένοιτο

2036 621 2154 689 τοῦ,
2186 623 2408 688 ἔκτισε,
2434 622 2529 676 καὶ
2557 621 2677 686 τοῦ,
2708 618 3027 688 ἐκτήσατο,
3057 617 3286 690 διαφορά
3308 616 3387 688 τῷ
3400 615 3502 687 τὴν
3524 616 3624 687 μὲν

2037 716 2214 771 κτίσιν
2233 715 2376 771 κατὰ
2399 715 2498 788 τὴν
2529 715 2843 786 κοινοτέραν
2865 713 3127 781 διάνοιαν,
3154 711 3251 783 τὴν
3279 713 3345 764 ἐκ
3389 709 3486 764 τοῦ
3545 708 3622 779 μὴ

2035 809 2187 872 ὄντος
2219 809 2301 872 εἰς
2330 808 2392 861 τὸ
2413 803 2553 862 εἶναι
2588 806 2820 878 πάροδον
2855 805 3141 877 σημαίνειν
3158 821 3172 834 ·
3199 803 3297 876 τὴν
3321 802 3379 856 δέ
3405 801 3621 872 κτῆσιν,

2034 900 2130 954 τοῦ
2158 899 2609 972 προϋπάρχοντος
2654 898 2959 961 ἰδιάζουσαν
2998 897 3307 966 οἰκειότητα
3352 894 3492 965 πρὸς
3528 891 3624 945 τὸν

2034 990 2329 1063 κτώμενον.
2386 990 2575 1058 Λέγων
2607 989 2786 1044 τοίνυν
2818 992 2846 1044 6
2886 990 3016 1052 Υἱὸς
3049 987 3144 1041 τοῦ
3174 986 3309 1040 Θεοῦ
3361 985 3445 1048 τὸ,
3496 985 3621 1038 Κύ-

2029 1102 2160 1150 ριος
2184 1082 2387 1138 ἐκτισέ
2394 1100 2471 1153 με
2495 1081 2694 1153 ἀρχὴν
2721 1081 2877 1137 ὁδῶν
2898 1080 3085 1137 αὐτοῦ
3116 1084 3204 1147 εἰς
3237 1080 3381 1149 ἔργα
3405 1077 3622 1147 αὐτοῦ,

2033 1175 2168 1247 ὁμοῦ
2228 1176 2323 1229 καὶ
2387 1176 2485 1247 τὴν
2544 1176 2889 1247 προῦπαρξιν
2930 1172 3095 1227 αὑτοῦ
3143 1172 3326 1245 ἐδήλου
3385 1170 3481 1225 καὶ
3517 1169 3622 1242 τὴν

2036 1268 2342 1332 ἰδιάζουσαν
2377 1267 2516 1339 πρὸς
2570 1266 2662 1320 τὸν
2694 1266 2914 1338 Πατέρα
2954 1264 3261 1334 οἰκειότητα
3287 1306 3302 1328 ,
3346 1261 3485 1334 ὁμοῦ
3522 1262 3623 1316 καὶ

2031 1359 2094 1412 τὸ
2117 1359 2387 1430 χρήσιμον
2413 1357 2508 1411 καὶ
2536 1358 2826 1426 ἀναγκαῖον
2844 1356 2942 1428 τῆς
2973 1354 3199 1418 οἰκείας,
3226 1353 3353 1425 περὶ
3392 1351 3463 1405 τά
3512 1367 3624 1405 πια-

2033 1451 2184 1523 τρῷα
2217 1451 2374 1524 ἔργα,
2430 1450 2688 1522 προνοίας
2751 1467 2811 1502 τε
2842 1449 2937 1502 καὶ
2977 1448 3313 1519 διοικήσεως.
3365 1445 3458 1499 Διὸ
3489 1443 3621 1514 ἐξῆς

2033 1545 2248 1615 ἐπάγει,
2297 1542 2418 1613 Πρὸ
2443 1543 2551 1597 τοῦ
2575 1540 2791 1608 αἰῶνος
2826 1538 3186 1610 ἐθεμελίωσέ
3210 1554 3321 1608 με·
3354 1538 3425 1590 ἐν
3457 1535 3623 1606 ἀρχῇ

2034 1636 2147 1707 πρὸ
2184 1636 2291 1691 τοῦ
2315 1635 2431 1703 τὴν
2462 1632 2577 1704 γῆν
2600 1631 2869 1702 ποιῆσαι,
2891 1631 3005 1703 πρὸ
3029 1632 3136 1686 τοῦ
3163 1630 3478 1700 προελθεῖν
3508 1629 3623 1697 τὰς

2035 1728 2232 1800 πηγὰς
2278 1727 2397 1781 τῶν
2449 1726 2685 1781 ὑδάτων
2702 1742 2716 1756 ·
2772 1724 2887 1795 πρὸ
2946 1723 3053 1779 τοῦ
3102 1724 3208 1793 ὅρη
3228 1721 3619 1793 ἑδρασθῆναι,

355 1823 519 1877 stium
549 1832 606 1878 et
651 1822 1001 1879 invisibilium
1056 1830 1383 1893 potestatum
1437 1822 1769 1877 mentionem
1819 1837 1926 1878 non

2040 1822 2143 1890 πρὸ
2167 1819 2280 1892 (72)
2329 1819 2398 1873 δὲ
2447 1817 2691 1872 πάντων
2731 1816 2980 1882 ,Βουνῶν
3033 1813 3220 1887 γεννᾷ
3252 1831 3359 1885 με·
3418 1814 3488 1867 δι’
3540 1808 3623 1869 ὧν

355 1917 580 1971 fecisset
599 1916 823 1971 omnino
846 1915 1007 1969 ullam
1028 1954 1046 1981 ,
1073 1922 1296 1985 propter
1323 1913 1536 1968 illorum
1563 1912 1931 1982 imperfectio-

354 2021 479 2061 nem
507 2007 598 2076 qui
623 2006 904 2061 erudiendi
930 2015 1089 2060 erant
1117 2019 1213 2075 per
1240 2003 1389 2058 illum
1426 2021 1442 2058 :
1471 2016 1529 2059 at
1569 2004 1757 2059 mundi
1786 2004 1929 2058 invi-

354 2099 530 2155 sibilis
550 2100 960 2169 productionem
988 2098 1165 2154 obiret
1188 2106 1243 2152 et
1269 2107 1503 2166 quatuor
1531 2097 1927 2154 elementorum

352 2191 576 2246 fecisset
606 2190 660 2245 in
687 2190 954 2261 principio
984 2189 1318 2245 mentionem
1359 2188 1506 2253 cmli.
1538 2199 1718 2255 terrae,
1748 2188 1930 2260 abyssi

351 2292 409 2337 et
439 2297 614 2352 aquae,
641 2282 867 2338 istorum
898 2281 1004 2337 duo
1030 2296 1059 2335 a
1087 2281 1197 2336 Deo
1226 2291 1409 2337 creata
1442 2282 1578 2337 dixit
1606 2296 1777 2337 :.nam
1827 2282 1927 2345 ait,

349 2378 419 2433 In
439 2377 695 2448 principio
711 2375 904 2430 creavit
942 2373 1080 2429 Deus
1116 2374 1304 2428 caelum
1325 2384 1373 2428 et
1400 2385 1596 2429 terram
1619 2374 1683 2428 “.
1720 2375 1788 2428 At
1821 2387 1926 2428 non

350 2471 418 2523 ad
463 2468 607 2524 hunc
649 2467 868 2522 modum
918 2466 987 2522 de
1029 2481 1170 2536 aqua
1209 2476 1266 2521 et
1311 2466 1507 2538 abysso
1545 2466 1754 2523 locutus
1798 2478 1922 2523 est:

349 2558 504 2629 quasi
533 2567 589 2613 et
611 2556 701 2612 illa
729 2572 759 2612 a
802 2556 914 2612 Deo
937 2557 1196 2627 producta
1216 2557 1404 2612 fuisset
1440 2575 1454 2612 :
1486 2559 1579 2612 sed
1603 2558 1926 2628 simpliciter

349 2652 487 2707 dixit
513 2689 531 2715 ,
563 2648 632 2704 Et
669 2652 895 2705 tenebras
945 2658 1094 2703 erant
1126 2664 1283 2718 super
1315 2649 1558 2719 abyssum
1587 2689 1602 2714 ,
1628 2661 1676 2704 et
1706 2651 1925 2719 spiritus

345 2745 447 2799 Dei
489 2744 757 2813 ferebatur
793 2759 951 2812 super
984 2760 1153 2814 aquas
1188 2744 1254 2801 ".
1298 2742 1621 2798 Necessario
1661 2757 1757 2812 per
1784 2757 1925 2813 pra:-

345 2837 490 2890 dicta
523 2834 744 2900 docuit,
778 2844 837 2888 ut
863 2844 919 2889 et
943 2834 1112 2889 Filius
1154 2834 1246 2914 Dei
1272 2874 1288 2898 ,
1339 2835 1481 2903 quod
1522 2834 1710 2904 genita
1742 2845 1922 2904 erant,

344 2937 402 2981 et
437 2929 582 2999 quod
612 2928 729 2998 ipse
746 2938 874 2983 ante
901 2928 993 2982 illa
1026 2927 1207 2981 omnia
1230 2926 1333 2981 fuit.
1362 2945 1375 2983 :
1404 2935 1458 2982 et
1483 2943 1577 2997 per
1610 2928 1780 2992 ipsum
1807 2945 1926 2985 om-

344 3020 438 3073 nia
487 3019 705 3074 condita
741 3028 911 3073 sunt:
944 3017 1066 3072 ideo
1110 3017 1225 3082 ait,
1272 3017 1408 3071 Ante
1450 3019 1645 3073 saecula
1686 3019 1924 3088 fundauit

344 3128 428 3165 me
452 3151 468 3173 .
520 3112 577 3166 in
619 3111 882 3180 principio
907 3149 922 3173 ,
955 3110 1261 3179 priusquam
1304 3119 1497 3163 terram
1538 3112 1780 3165 conderet
1813 3128 1833 3166 :
1873 3124 1922 3167 et

2032 1913 2288 1967 ἀπάντων
2310 1911 2372 1965 τὸ
2402 1910 2463 1977 ἐξ
2491 1909 2658 1964 αὑτοῦ
2698 1908 2975 1972 λυσιτελὲς
3023 1908 3119 1961 καὶ
3154 1908 3452 1977 ἀναγκαῖον
3502 1909 3623 1971 τοῖς

2031 2007 2197 2059 πᾶσιν
2223 2003 2586 2057 ἐνδείκνυται·
2625 2003 2706 2056 ὅτι
2736 2019 2797 2055 τε
2835 1996 2927 2073 ἦν,
2959 2002 3054 2055 καὶ
3106 2001 3321 2073 προῆν,
3381 2001 3476 2054 καὶ
3518 2001 3621 2054 τοῦ

2031 2098 2345 2169 σύμπαντος
2403 2096 2609 2167 κόσμου
2673 2094 2996 2167 προῦπῆρχέ
3049 2110 3110 2148 τε
3172 2095 3269 2148 καὶ
3321 2094 3624 2164 καθηγεῖτο

2027 2189 2342 2259 ἀναγκαίως
2382 2188 2673 2243 διδάσκων.
2734 2189 2979 2252 Μωσέως
3002 2188 3134 2261 γάρ,
3184 2189 3243 2242 ἐν
3292 2190 3361 2259 τῇ
3411 2205 3620 2259 κοσμο-

2029 2282 2182 2354 ποιίᾳ
2210 2281 2320 2336 τῶν
2357 2281 2456 2353 μὲν
2483 2279 2872 2353 ύπερκοσμίων
2921 2280 3018 2335 καί
3065 2279 3288 2349 ἀφανῶν
3332 2280 3623 2351 δυνάμεων

2030 2373 2300 2446 μηδεμίαν
2362 2373 2581 2445 μνήμην
2612 2371 2981 2444 πεποιημένου
3034 2372 3122 2427 διά
3178 2372 3241 2425 τὸ
3277 2371 3469 2436 ἀτελὲς
3507 2371 3622 2425 τῶν

2025 2465 2094 2519 δι’
2123 2464 2288 2518 αὑτοῦ
2321 2464 2889 2533 παιδαγωγουμένων,
2922 2462 3014 2517 τοῦ
3047 2463 3106 2516 δὲ
3163 2461 3362 2534 ὁρατοῦ
3405 2462 3621 2532 κόσμου

2025 2556 2124 2629 τὴν
2163 2554 2419 2611 σύστασιν
2447 2554 2810 2622 διεξελθόντος
2832 2595 2847 2622 ,
2882 2554 3158 2625 τεττάρων
3220 2570 3282 2606 τε
3332 2553 3623 2623 στοιχείων

2026 2653 2085 2705 ἐν
2117 2652 2260 2723 ἀρχῇ
2288 2667 2392 2722 μνη
2402 2649 2785 2721 μονεύσαντος,
2821 2644 3053 2720 ούρανοῦ
3075 2647 3168 2700 καὶ
3191 2647 3295 2718 γῆς
3328 2645 3423 2700 καὶ
3450 2644 3625 2699 ἀϐύσ-

2028 2762 2121 2799 σου
2148 2748 2243 2799 καί
2272 2745 2496 2812 ὓδατος,
2542 2746 2762 2801 καὶδύο
2817 2746 2915 2816 μὲν
2970 2742 3299 2815 πεποιῆσθαι
3364 2742 3470 2796 ὑπὸ
3517 2741 3621 2795 τοῦ

2025 2838 2161 2891 Θεοῦ
2191 2839 2304 2909 (75)
2329 2841 2634 2915 εἰρηκότος
2652 2836 2922 2909 Ἐνάρχῇ
2954 2837 3084 2908 γὰρ,
3108 2837 3292 2907 φησὶν,
3324 2835 3626 2903 ἐποίησεν

2025 2933 2059 2984 ό
2079 2931 2219 2998 Θεὸς
2256 2931 2361 2985 τὸν
2390 2931 2655 3001 οἰιραγόν
2670 2930 2768 2985 καὶ
2791 2928 2907 2998 τὴν
2928 2928 3045 2999 γῆν
3062 2945 3076 2959 ·
3105 2929 3204 2982 οὐκ
3234 2927 3314 2981 ἔτι
3337 2927 3396 2980 δὲ
3415 2926 3626 2998 ὁμοίως

2026 3023 2122 3075 καὶ
2147 3023 2240 3077 ἐπὶ
2257 3024 2351 3076 τοῦ
2384 3022 2574 3087 ὓδατος
2606 3021 2822 3091 καὶτῆς
2850 3020 3088 3075 ἀϐύσσου
3126 3017 3490 3091 μνησθέντος,
3535 3018 3626 3083 ὡς

2025 3113 2134 3184 ἄρα
2162 3113 2248 3184 εἴη
2279 3115 2371 3168 καὶ
2403 3115 2577 3168 ταῦτα
2596 3113 2852 3184 γεννητῷ
2916 3111 3029 3165 ἀλλ’
3063 3110 3252 3174 ἁπλῶς
3307 3110 3625 3181 εἰρηκότος,

342 3205 650 3273 priusquam
669 3205 883 3273 abyssos
905 3201 1095 3264 faceret
1114 3218 1133 3255 :
1145 3202 1451 3271 priusquam
1473 3205 1788 3258 scaturirent
1801 3205 1926 3274 [on-

2040 3207 2138 3261 Καὶ
2161 3207 2382 3271 σκότος
2407 3204 2607 3259 ἐπάνω
2628 3203 2740 3273 τῆς
2758 3204 3057 3269 ἀϐύσσου,
3081 3204 3181 3257 καί
3209 3204 3446 3273 πνεῦμα
3465 3202 3626 3257 Θεοῦ

340 3302 420 3349 tes
437 3294 762 3362 aquarum“.
780 3293 1008 3348 Istorum
1027 3293 1211 3360 trium,
1230 3302 1406 3357 terrae,
1423 3295 1624 3364 abyssi,
1638 3310 1922 3366 aquarum,

2027 3298 2345 3366 ἐπεφέρετο
2375 3294 2573 3349 ἐπάνω
2605 3295 2710 3349 τοῦ
2740 3294 2958 3361 ὕδατος
2976 3335 2991 3358 ,
3025 3293 3336 3362 ἀναγκαίως
3388 3292 3478 3347 διά
3502 3291 3626 3347 τῶν

348 3387 487 3440 facta
504 3385 795 3452 mentione,
811 3393 1060 3454 quartum
1078 3385 1487 3454 etpraestantius
1504 3386 1569 3440 ad
1594 3397 1921 3455 postremum

2040 3389 2405 3461 προκειμένων
2449 3388 2692 3443 διδάσκει
2736 3388 2831 3442 καὶ
2877 3388 3006 3459 περὶ
3061 3387 3240 3441 αὐτῶν
3285 3390 3316 3441 6
3355 3387 3485 3451 Υἰδς
3514 3386 3623 3440 τοῦ

345 3478 522 3532 locum
545 3478 869 3543 reservavit,
900 3476 1094 3533 caelum
1129 3490 1339 3547 nempe,
1374 3477 1513 3533 unde
1543 3478 1620 3533 ait
1646 3479 1921 3550 deinceps,

2040 3480 2185 3545 Θεοῦ,
2216 3482 2297 3534 ὅτι
2333 3497 2392 3533 τε
2420 3479 2653 3550 γεννητά
2686 3479 2794 3551 εἰη,
2817 3481 2912 3533 καὶ
2940 3480 3017 3543 ὡς
3049 3480 3213 3545 αὐτὸς
3255 3481 3363 3552 πρὸ
3394 3480 3627 3535 πάντων

342 3568 566 3634 Quando
599 3569 820 3637 parabat
857 3567 1032 3634 caelos,
1066 3569 1281 3623 aderam
1310 3586 1416 3624 una
1449 3586 1568 3624 cum
1593 3588 1652 3626 eo
1685 3572 1772 3627 ¹³”.

2040 3573 2135 3645 εἴη,
2161 3574 2255 3627 καὶ
2279 3573 2345 3627 δι’
2380 3571 2547 3626 αὑτοῦ
2568 3573 2638 3628 τά
2662 3572 2845 3627 πάντα
2877 3573 3160 3645 πεποίητο.
3189 3574 3282 3627 Διό
3308 3590 3464 3645 φησι,
3492 3573 3627 3643 Πρὸ

340 3665 448 3715 τοῦ
478 3659 694 3727 αἰῶνος
726 3661 1087 3730 ἐθεμελίωσέ
1116 3677 1214 3729 με’
1246 3660 1317 3714 ἐν
1352 3660 1511 3730 ἀρχῇ
1548 3661 1663 3731 πρὸ
1711 3666 1819 3718 τοῦ
1878 3664 1993 3735 τὴν
2027 3665 2145 3735 γῆν
2164 3664 2413 3734 ποιῆσαι
2432 3682 2446 3696 ⁸
2472 3666 2571 3720 καὶ
2600 3666 2714 3735 πρὸ
2738 3666 2847 3721 τοῦ
2877 3664 2984 3733 τὰς
3011 3666 3624 3737 ἀϐύσσουςποιῆσαι·

337 3752 450 3821 πρὸ
468 3753 576 3807 τοῦ
604 3752 920 3822 προελθεῖν
947 3753 1055 3819 τὰς
1080 3753 1281 3822 πηγὰς
1318 3753 1437 3807 τῶν
1468 3753 1722 3809 ὑδάτων.
1755 3756 1936 3827 Τριῶν
1980 3757 2038 3810 δὲ
2084 3757 2290 3817 τούτων
2308 3757 2710 3830 μνημονεύσας,
2736 3758 2843 3828 γῆς
2872 3759 2967 3811 καὶ
3006 3757 3246 3811 ἀϐύσσου
3275 3759 3371 3813 καὶ⁵
3399 3759 3623 3824 ὓδατος,

336 3848 399 3904 τὸ
429 3849 688 3920 τέταρτον
721 3848 915 3918 ἐπάγει
937 3848 1267 3914 τελευταῖον,
1300 3847 1363 3900 τὸ
1406 3852 1652 3920 κρεῖττον
1680 3850 1921 3920 φυλάξας
1947 3853 2037 3908 τὸν
2085 3850 2331 3926 οὐρανόν.
2358 3855 2451 3909 Διὸ
2481 3855 2733 3927 ἐπιφέρει
2768 3855 2916 3926 ἑξῆς,
2964 3855 3174 3909 Ἡνικα
3201 3855 3478 3924 ἡτοίμαζε
3505 3857 3624 3911 τὸν

337 3945 619 4011 οὐρανὸν,
644 3944 1051 4015 συμπαρήμην
1073 3946 1252 4013 αὐτῷ.

406 4034 536 4103 Quae
565 4048 691 4088 cum
722 4044 827 4089 tam
857 4037 1138 4093 evidenter
1164 4038 1218 4092 in
1248 4038 1448 4095 divinis
1481 4039 1776 4111 Scripturis
1796 4057 1922 4114 pro-

340 4135 653 4195 ponantur,
693 4135 749 4182 et
775 4128 925 4182 brevi
984 4129 1217 4198 quadam
1269 4131 1431 4186 veluti
1490 4147 1584 4201 per
1625 4135 1922 4202 epitomen,

341 4218 690 4273 enarratione
718 4220 827 4274 sint
864 4237 893 4274 a
945 4222 1100 4276 nobis
1127 4226 1370 4293 exposita
1403 4264 1419 4288 ,
1476 4226 1758 4281 audiamus
1785 4241 1924 4296 quo-

340 4313 504 4368 modo
534 4311 817 4367 Marcellus
846 4356 860 4378 ,
887 4313 1096 4381 dejecta
1128 4314 1181 4368 in
1216 4316 1437 4369 humum
1478 4317 1923 4385 interpretatione

340 4422 462 4470 sua,
500 4406 618 4459 haec
657 4406 838 4459 omnia
867 4414 923 4460 et
953 4405 1166 4476 singula
1193 4407 1260 4460 de
1307 4418 1562 4475 suscepta
1591 4423 1754 4463 carne
1787 4423 1920 4463 con-

339 4495 511 4550 tendit
535 4496 806 4565 usurpari.
834 4497 909 4551 Ita
937 4498 1080 4553 enim
1099 4497 1292 4553 scribit
1327 4496 1417 4568 [Ιὶ.
1436 4497 1600 4563 XVII,
1625 4497 1756 4553 coll.
1778 4515 1829 4568 p.
1850 4499 1923 4554 45

342 4587 445 4660 D]:
483 4607 501 4638 ι
529 4588 639 4644 Hoc
673 4588 740 4642 ad
777 4588 920 4643 hunc
947 4590 1162 4644 modum
1189 4589 1390 4660 posito,
1408 4599 1843 4659 consequensest
1864 4598 1920 4644 ut

344 4700 362 4730 ¢
396 4682 614 4735 conside
624 4695 804 4735 remus
825 4680 1171 4737 Prnverbiale
1189 4682 1316 4735 illud
1332 4691 1512 4751 caput,
1531 4680 1785 4735 Dominus
1803 4698 1922 4735 con-

346 4792 366 4822 ι
400 4773 533 4824 didit
558 4788 639 4825 me
677 4772 993 4844 principium
1020 4773 1224 4827 viarum
1245 4774 1382 4843 ejus.
1407 4771 1544 4827 Vere
1568 4774 1711 4827 enim
1741 4773 1922 4826 condi-

346 4886 364 4914 ι
397 4864 498 4927 dit,
524 4863 776 4933 quiquod
803 4878 909 4918 non
928 4863 1216 4929 eratl‘ecit,
1248 4864 1513 4919 Dominus
1540 4873 1726 4917 noster
1752 4862 1914 4918 Deus.

345 4975 361 5005 ι
395 4955 624 5010 Carnem
642 4954 785 5008 enim
809 4968 970 5024 qnam
989 4956 1283 5024 assumpsit
1306 4956 1558 5021 Verbum,
1575 4970 1695 5008 cum
1717 4969 1820 5007 non
1839 4967 1920 5007 es-

342 5068 359 5096 ι
402 5057 506 5112 set,
536 5045 797 5101 condidit.
835 5065 853 5096 ι
875 5046 942 5098 Ει
968 5047 1270 5101 subnectit:
1305 5065 1323 5096 ι
1351 5044 1517 5114 Igitur
1540 5044 1593 5097 in
1623 5044 1919 5099 novissimo

344 5156 364 5186 ι
402 5137 635 5191 maxime
646 5147 912 5207 tempore,
930 5136 1059 5192 licet
1074 5137 1179 5192 hoc
1199 5153 1395 5192 novum
1416 5136 1733 5207 mysterium
1757 5151 1916 5192 reve-

344 5247 361 5278 ι
398 5227 610 5281 labatur
654 5245 669 5281 :
716 5236 778 5281 ut
818 5231 879 5290 ιζ(
917 5225 988 5280 ob
1030 5225 1083 5280 id
1126 5226 1299 5295 ipsum
1331 5241 1437 5281 non
1474 5226 1744 5281 immerito
1780 5239 1919 5300 prae-

2094 4043 2310 4098 Τούτων
2362 4044 2542 4097 τοίνυν
2601 4043 2707 4096 ὑπὸ
2773 4042 2872 4112 τῆς
2904 4042 3055 4105 θείας
3105 4042 3327 4114 Γραφῆς
3367 4044 3623 4115 ἐναργῶς

2024 4134 2467 4205 παρισταμένων,
2506 4132 2765 4205 βραχείας
2795 4149 2856 4185 τε
2886 4133 3017 4203 παρ’
3048 4132 3226 4203 ἡμῶν,
3261 4132 3338 4195 ὡς
3383 4134 3445 4185 ἐν
3494 4136 3621 4187 ἐπι-

2022 4227 2185 4296 τομῇ,
2233 4223 2534 4295 διηγήσεως
2575 4223 2984 4293 τετυχηκότων,
3019 4223 3413 4294 ἐπακούσωμεν
3464 4225 3622 4290 ὅπως

2021 4316 2358 4389 Μάρκελλος,
2394 4317 2570 4388 χαμαὶ
2594 4316 2771 4388 βαλὼν
2800 4315 2898 4388 τὴν
2924 4315 3163 4370 διάνοιαν
3184 4353 3198 4378 ,
3227 4315 3402 4369 ταῦτα
3433 4317 3618 4371 πάντα

2020 4409 2409 4480 διῖσχυρίζεται
2446 4410 2574 4480 περί
2603 4408 2703 4479 τῆς
2739 4408 2943 4480 σαρκὸς
2970 4407 3256 4479 εἰρῆσθαι,
3288 4403 3359 4480 ἦς
3390 4410 3615 4483 ἀνείλη-

2023 4516 2122 4568 φεν
2150 4500 2179 4552 6
2206 4498 2396 4572 Σωτὴρ
2420 4541 2435 4563 ,
2459 4499 2686 4571 γράφων
2717 4499 2859 4554 κατά
2881 4498 3026 4566 λέξιν
3057 4499 3246 4553 τοῦτον
3265 4500 3357 4553 τὸν
3385 4502 3617 4572 τρόπον·

2027 4612 2044 4643 ι
2078 4591 2278 4644 Τούτου
2311 4591 2488 4645 τοίνυν
2516 4592 2688 4655 οὕτως
2710 4591 2926 4662 ἔχοντος
2945 4631 2960 4655 ,
2993 4592 3286 4645 ἀκόλουθόν
3325 4596 3444 4647 ἐστι
3485 4610 3617 4648 σκο-

2027 4703 2044 4733 ι
2082 4684 2203 4735 πεῖν
2228 4684 2295 4753 τῇ
2313 4682 2519 4754 διανοίᾳ
2572 4682 2633 4736 τὸ
2684 4681 3070 4753 παροιμιωδῶς
3113 4682 3425 4753 εἰρημένον,
3458 4686 3619 4739 τουτὶ

2026 4794 2044 4824 ι
2066 4774 2380 4842 κεφάλαιον,
2408 4775 2624 4843 Κύριος
2666 4773 2871 4828 ἐκτισέ
2888 4790 2966 4842 με
2991 4773 3189 4842 ἀρχὴν
3202 4772 3362 4827 ὁδῶν
3396 4776 3612 4830 αὐτοῦ.

2026 4882 2045 4914 ι
2069 4864 2287 4916 Ἔκτισε
2308 4863 2417 4935 γὰρ
2448 4863 2663 4934 ἀληθῶς
2689 4864 2752 4916 τὸ
2780 4863 2854 4934 μὴ
2871 4863 2931 4919 ὃν
2956 4861 3272 4932 πεποιηκὼς
3287 4864 3316 4914 6
3331 4864 3618 4935 Δεσπότης

2026 4973 2045 5005 ι
2073 4953 2231 5025 ἡμῶν
2261 4956 2290 5009 6
2331 4954 2483 5018 Θεός.
2519 4955 2633 5007 Οὐκ
2662 4949 2829 5008 οὖσαν
2853 4954 2963 5027 γὰρ
2994 4954 3093 5024 τὴν
3125 4952 3326 5024 σάρκα.
3359 4953 3432 5023 ἠν
3461 4954 3616 5008 ἀνεί-

2024 5062 2044 5094 ι
2081 5044 2249 5115 ληφεν
2285 5043 2313 5095 6
2340 5043 2533 5111 Λόγος,
2554 5042 2688 5097 ἀλλά
2718 5043 2794 5114 μὴ
2824 5039 2999 5097 οὖσαν
3010 5043 3213 5096 ἔκτισε.
3246 5061 3267 5095 ι
3288 5044 3402 5097 Καὶ
3432 5044 3620 5097 ἐπιλέ-

2017 5152 2105 5204 γει
2125 5153 2138 5167 ·
2170 5154 2189 5187 ι
2225 5135 2436 5190 Οὐκοῦν
2466 5136 2515 5188 εἰ
2546 5138 2642 5190 καὶ
2671 5135 2743 5189 τά
2793 5135 3031 5207 μάλιστα
3082 5137 3171 5190 ἐπ’
3198 5136 3453 5206 ἐσχάτων
3504 5136 3619 5191 τῶν

2022 5246 2043 5293 ι
2083 5227 2291 5299 καιρῶν
2315 5227 2467 5281 τουτὶ
2491 5227 2678 5281 καινὸν
2723 5227 2976 5298 ἀπεφάνη
3029 5227 3365 5299 μυστήριον·
3405 5228 3486 5290 ὡς
3523 5226 3621 5282 διὰ

343 5338 360 5367 e
400 5320 571 5374 visum
603 5322 869 5389 propheta
893 5318 1112 5385 dixerit,
1141 5318 1275 5373 Ante
1303 5319 1498 5374 sazcula
1524 5319 1769 5389 fundauit
1803 5333 1910 5385 me,

2040 5338 2044 5369 ι
2087 5318 2247 5373 τοῦτο
2280 5320 2385 5391 πρὸ
2415 5318 2511 5373 τοῦ
2539 5319 2736 5382 αἰῶνος
2768 5319 2959 5373 τούτου
3003 5318 3345 5391 προωρίσθαι
3383 5319 3618 5383 εἰκότως

411 5501 471 5559 ᾖ
498 5495 832 5567 Εά.ξιιι·ἰε.,
857 5511 981 5567 pag.
1011 5495 1134 5563 154,
1165 5496 1289 5552 155.
1392 5500 1434 5532 ιθ
1466 5496 1630 5556 Prov.
1660 5512 1777 5565 VIII,
1812 5496 1910 5564 25,

2128 5496 2169 5530 ²²
2211 5496 2347 5551 Gen.
2386 5511 2427 5560 ι,
2458 5496 2509 5549 I.
2547 5462 2553 5467 1
2607 5497 2649 5526 υ
2676 5496 2807 5550 ibid.
2833 5495 2889 5549 2.
2993 5494 3037 5526 "
3055 5494 3214 5551 Prov.
3242 5497 3481 5559 vm,23.
3512 5495 3617 5554 εξ.

367 5566 409 5598 ⁵³
438 5565 569 5620 inid.
600 5565 690 5619 27.

309 5729 315 5736 ’
408 5750 523 5822 (72)
555 5750 719 5823 Vulgo
743 5766 852 5808 om.
879 5750 958 5805 δέ.

2093 5752 2204 5825 (75)
2232 5750 2399 5823 Vulgo
2428 5749 2706 5823 εἰρηκότα..
2740 5779 2809 5794 -
2830 5748 2957 5807 Cor.
2981 5749 3087 5805 iam
3118 5748 3195 5806 Μ.
