3828 6222
183 298 283 352 931

1140 297 1228 353 ms
1267 283 1809 354 ECCLESIASTICA
1847 292 2257 350 THEOLOGIA
2299 291 2426 350 LIB.
2469 293 2555 349 Ill.

3359 295 3465 352 983

186 431 203 461 ι
238 414 269 465 6
288 413 574 482 προφήτης
600 408 728 482 ἔφη,
749 411 867 480 Πρό
901 411 1007 466 τοῦ
1039 412 1255 478 αἰῶνος
1278 409 1636 482 ἐθεμελίωσέ
1679 426 1731 478 μ

1847 450 1854 469 ,
1889 426 1906 458 ι
1943 423 2160 462 carnem
2184 422 2378 478 nempe
2412 407 2738 478 intelligens.
2762 426 2780 460 ι
2816 408 2880 462 Et
2916 409 3077 465 infert
3101 410 3329 466 iterum:
3354 431 3370 462 ι
3394 411 3464 468 In

183 523 203 555 s
243 503 486 573 δηλονότι
504 504 602 576 τὴν
623 503 820 576 σάρκα.
837 520 858 557 s
875 505 986 558 Καὶ
999 500 1154 570 αὖθις
1168 505 1365 573 ἐπάγει
1381 503 1574 572 λέγων’
1606 521 1624 552 ι
1637 497 1770 557 Εἶτα

182 615 202 647 ι
240 593 410 664 ἐνῖῇ
434 594 613 665 ἀρχῇ,
647 596 801 668 φησὶ,
842 596 956 664 πρὸ
1005 596 1112 651 τοῦ
1163 595 1279 665 τὴν
1325 595 1444 666 γῆν
1498 593 1764 663 ποιῆσαι.

182 707 198 736 ι
231 687 340 757 Γῆν
372 688 531 740 ποίαν
556 704 570 753 ;
598 687 826 759 ταύτην,
849 689 1112 760 δηλονότι,
1139 689 1236 761 τὴν
1257 689 1536 762 ἡμετέραν
1565 691 1765 762 σάρκα,

181 798 199 828 s
233 777 332 848 τὴν
366 778 502 848 μετὰ
528 778 626 849 τὴν
657 778 940 850 παρακοήν
965 780 1069 850 γῆν
1107 779 1264 844 αὖθις
1302 781 1622 852 γενομένην.
1673 780 1766 851 Γῆ

179 888 199 920 ι
235 870 348 938 γὰρ
379 867 454 934 εἷ,
489 870 622 941 φησι
650 909 664 934 ,
718 870 816 924 καὶ
854 873 942 938 εὶς
997 870 1115 941 γῆν
1159 873 1490 943 ἀπελεύσῃ.
1527 894 1545 925 ι
1601 875 1765 945 Ὁρᾷς

173 963 298 1016 ὅσον
331 962 618 1036 διήμαρτε,
651 965 750 1034 τῆς
785 965 882 1035 μὲν
912 964 1125 1031 εὐθείας
1158 967 1474 1040 ἐκτραπεὶς,
1506 970 1766 1040 τραχεῖαν

173 1056 233 1109 δέ
255 1058 350 1109 καὶ
380 1056 776 1120 δύσϐατον,καὶ
807 1056 998 1130 ὥσπερ
1053 1058 1173 1112 τινὰ
1229 1059 1546 1131 άνεξίτητον
1585 1061 1764 1131 ἐαυτῷ

173 1149 504 1220 περινοήσας
535 1149 670 1202 ὁδόν.
701 1150 808 1204 Θὲα
840 1150 993 1219 γοῦν,
1031 1152 1180 1216 ὅπως
1223 1151 1540 1217 ἐξεδιάσατο
1586 1155 1764 1208 πάντα

172 1242 378 1312 μᾶλλον
419 1243 776 1314 ἀναίσχυντον
807 1244 904 1297 κα)⁵
941 1244 1130 1316 ἀναιδῆ
1163 1245 1318 1313 λόγον
1370 1246 1483 1317 (74)
1532 1247 1765 1316 φθεγγό-

169 1354 353 1407 μενος,
380 1337 414 1405 ἢ
437 1337 534 1407 τὴν
557 1337 756 1405 Σοφίαν
792 1336 954 1390 αὐτὸν
989 1333 1130 1390 εἶναι
1173 1337 1265 1390 τὸν
1297 1337 1424 1390 Υἱὸν
1469 1337 1565 1392 τοῦ
1624 1339 1760 1393 Θεοῦ

162 1428 470 1498 ὁμολογεῖν.
520 1428 593 1480 Τὸ
634 1428 734 1499 μὲν
764 1424 881 1493 οὖν,
931 1429 1147 1497 Κύριος
1202 1428 1405 1483 ἕκτισέ
1443 1447 1521 1498 με
1563 1431 1763 1500 ἀρχὴν

161 1518 325 1574 ὁδῶν
347 1520 533 1574 αὑτοῦ
569 1523 656 1586 εὶς
687 1523 832 1590 ἔργα
863 1522 1050 1576 αὐτοῦ
1078 1519 1156 1592 τῷ
1190 1520 1302 1593 (75)
1326 1562 1340 1585 ,
1381 1521 1472 1575 τοῦ
1509 1523 1762 1596 Σωτῆρος

160 1613 426 1683 ἀναφέρει
441 1611 737 1683 προσώπῳ,
755 1612 1030 1684 ὁμολογῶν
1060 1615 1221 1667 αὐτὸν
1241 1608 1381 1668 εἶναι
1413 1613 1505 1668 τὸν
1531 1615 1588 1668 ἐν
1606 1615 1688 1667 Πα
1696 1632 1758 1684 ρ-

158 1705 371 1775 οιμίαις
414 1706 588 1760 ταῦτα
625 1707 920 1776 φάσκοντα.
956 1707 1118 1776 Λέγει
1151 1706 1196 1760 δ’
1225 1702 1318 1762 οὖν
1357 1709 1542 1772 αὐτοῖς
1575 1709 1758 1779 ῥήμα-

1879 517 1898 551 t
1931 500 2213 568 principio,
2238 500 2436 568 inquit,
2468 501 2778 570 priusquam
2812 509 3008 556 terram
3033 502 3296 557 conderet.
3330 501 3463 557 Ter-

1877 607 1896 640 ι
1935 604 2048 643 ram
2081 603 2378 658 quainnatn
2400 589 2696 663 ilnostrani
2749 591 3002 644 nimirum
3031 606 3250 646 carnem
3280 630 3296 656 ,
3338 607 3463 660 qua:

1878 698 1896 731 ι
1937 689 2060 750 post
2109 681 2610 750 transgressionem
2667 690 2811 736 terra
2859 682 3074 736 demum
3133 681 3278 736 facta
3335 682 3456 738 fuit.

1878 791 1895 822 ι
1941 770 2087 825 Nam
2116 782 2258 824 terra
2292 788 2365 836 es,
2399 772 2614 841 inquit,
2651 783 2698 826 et
2727 771 2789 826 in
2844 783 3036 826 terram
3069 773 3394 827 revertere“.
3432 792 3451 824 ι

1875 866 2037 920 Vides
2099 875 2359 934 quantum
2413 865 2502 918 ille
2537 865 2811 920 aberravit
2843 881 2872 919 a
2919 874 3064 938 recta
3106 865 3188 919 via
3243 865 3453 931 devius,

1870 958 2008 1011 viam
2073 957 2174 1012 sibi
2222 957 2586 1012 adinvenieus
2630 973 2916 1027 asperam,
2963 958 3450 1028 imper-meabilem,

1869 1048 2161 1105 diliiculter
2184 1051 2595 1106 transeundam.
2632 1049 2767 1106 Vide
2799 1068 2928 1122 ergo
2957 1051 3190 1122 qualiter
3221 1052 3312 1107 ille
3348 1053 3454 1108 im-

1869 1142 2137 1213 pudenter
2180 1142 2360 1198 omnia
2393 1154 2448 1198 et
2496 1143 2781 1215 profligato
2817 1145 3018 1214 pudore
3064 1146 3242 1214 potius
3270 1145 3450 1216 eloqui

1869 1237 2083 1300 maluit,
2119 1252 2283 1304 quam
2319 1237 2409 1306 qui
2440 1237 2534 1292 Dei
2570 1236 2850 1306 Sapientia
2889 1245 3006 1303 est,
3041 1247 3098 1290 ut
3123 1237 3320 1292 Filiqu
3355 1252 3448 1293 ve-

1866 1329 1925 1384 lit
1956 1331 2224 1384 coniiteri.
2251 1329 2384 1384 Illud
2410 1345 2539 1401 ergo
2559 1369 2576 1394 ,
2605 1330 2857 1385 Dominus
2901 1332 3097 1385 creavit
3124 1348 3206 1386 me
3245 1333 3448 1400 princi-

1862 1426 2007 1495 pium
2029 1427 2230 1480 viarum
2257 1443 2496 1493 suarum,
2526 1428 2595 1480 ad
2621 1443 2778 1494 opera
2805 1444 2924 1493 sua,
2946 1428 3012 1481 ad
3043 1442 3327 1497 personam
3357 1431 3472 1482 re-'

1867 1519 1989 1572 tulit
2017 1519 2352 1586 Servatoris,
2391 1519 2680 1576 confessus
2729 1520 2878 1576 illum
2909 1522 3158 1577 eumdem
3181 1537 3320 1587 esse,
3351 1524 3444 1591 qui

1864 1612 1917 1665 in
1948 1611 2258 1666 Proverbiis
2289 1613 2403 1666 haec
2429 1612 2714 1682 profatur;
2742 1613 2814 1667 ait
2839 1613 3001 1682 igitur
3035 1613 3185 1668 hisce
3218 1613 3444 1670 totidem

1863 1703 2043 1758 verbis
2094 1703 2182 1774 [Ιί.
2232 1702 2371 1774 XI]:
2427 1723 2445 1754 ι
2497 1705 2762 1770 Quocirca
2821 1720 2946 1760 cum
2999 1715 3212 1760 vetusta
3259 1707 3442 1761 omnia

161 1813 245 1850 σιν
265 1815 280 1828 ο
322 1817 339 1846 ι
367 1796 576 1850 Οὐκοῦν
601 1799 826 1862 εἰκότως
863 1797 971 1853 τῶν
1004 1798 1249 1871 ἀρχαίων
1280 1799 1731 1872 παρεληλυθότων

1862 1813 1882 1846 ι
1925 1794 2378 1865 ῃτεειειίιυιετὶιιι
2408 1839 2424 1862 ,
2462 1798 2640 1851 futura
2671 1807 2850 1853 autem
2894 1809 3078 1854 essent
3110 1801 3294 1855 omnia
3339 1815 3440 1856 no-

163 1907 180 1937 s
226 1887 429 1942 καινῶν
457 1889 514 1942 δὲ
541 1888 762 1944 ἔσεσθαι
791 1891 1094 1961 μελλόντων
1123 1891 1379 1946 ἁπάντων
1405 1891 1494 1947 διὰ
1524 1893 1625 1964 τῆς
1655 1892 1749 1948 τοῦ

161 1997 181 2030 ι
215 1979 469 2052 Σωτῆρος
523 1981 684 2052 ἡμῶν
723 1983 1068 2054 καινότητος,
1119 1987 1148 2038 6
1199 1985 1466 2058 δεσπότης
1516 1987 1674 2058 ήμῶν
1720 1990 1750 2042 6

159 2089 178 2120 ο
214 2072 453 2142 Χριστὸς
505 2073 593 2126 διὰ
641 2073 736 2128 τοῦ
790 2077 1073 2147 προφήτου
1130 2076 1260 2130 ἐδόα
1305 2077 1502 2146 λέγων,
1530 2081 1752 2148 Κύριος

158 2183 176 2215 ι
212 2163 513 2234 ἐκτισέμε
537 2166 736 2236 ἀρχὴν
764 2167 922 2222 ὁδῶν
949 2168 1159 2222 αὐτοῦ.
1210 2189 1228 2220 ι
1272 2170 1442 2224 Τοῦτο
1481 2171 1527 2224 δ’
1578 2171 1748 2225 εἰπὼν

151 2256 247 2310 ἐπὶ
267 2256 370 2329 τὴν
417 2257 598 2330 σάρκα
620 2258 715 2312 τοῦ
766 2261 1016 2333 Σωτῆρος
1071 2261 1227 2330 ήμῶν
1283 2261 1614 2317 καταϐάλλει
1647 2263 1747 2336 τήν

146 2346 390 2402 διάνοιαν
410 2389 426 2414 ,
466 2350 596 2420 ἑξῆς
624 2351 894 2421 ἐπιλέγων
919 2370 932 2382 ο
973 2373 994 2404 ι
1027 2355 1250 2407 Ἐκτισε
1271 2354 1377 2426 γὰρ
1413 2355 1650 2426 ἀληθῶς,
1683 2357 1746 2410 τὸ

152 2458 170 2488 ι
206 2441 286 2510 μὴ
319 2439 379 2494 δν
426 2443 766 2514 πεποιηκὼς,
792 2447 822 2498 6
849 2446 1132 2517 Δεσπότης
1179 2446 1340 2518 ἡμῶν
1380 2450 1410 2504 6
1443 2447 1596 2513 Θεός.
1630 2450 1746 2503 Οὐκ

149 2548 168 2579 s
207 2526 377 2585 οὖσαν
403 2531 512 2604 γάρ
535 2534 634 2606 τὴν
663 2535 841 2607 σάρκα
859 2577 874 2602 ,
911 2537 981 2609 ἣν
1011 2539 1301 2610 ἀνείληφεν
1328 2541 1356 2593 6
1375 2540 1569 2609 Λόγος,
1605 2541 1744 2595 ἀλλὰ

148 2640 168 2673 s
214 2623 293 2696 μὴ
328 2621 494 2681 οὖσαν
522 2626 735 2683 ἔκτισεν
759 2632 934 2704 ἀρχὴν
969 2630 1122 2704 [τῶν]
1153 2633 1290 2686 ὁδῶν
1330 2634 1516 2689 αὑτοῦ.
1561 2655 1580 2688 ι
1629 2636 1741 2689 Καὶ

139 2718 205 2772 οὐ
235 2721 483 2792 συνίησιν
515 2725 544 2777 ὁ
583 2729 848 2793 γενναῖος,
875 2727 951 2790 ὡς
981 2727 1078 2799 μία
1118 2745 1204 2793 τις
1235 2728 1505 2801 ἔκφρασις
1536 2732 1630 2786 καὶ¹
1681 2731 1742 2785 ἒν

141 2813 441 2884 πρόσωπον
479 2819 738 2890 τυγχάνει
762 2820 825 2872 τὸ
859 2821 1060 2892 φῆσαν,
1096 2822 1244 2890 Ἐγὼ
1268 2825 1308 2892 ή
1333 2825 1544 2893 Σοφία,
1600 2842 1741 2878 κατ-

135 2907 472 2976 εσκήνωσα
519 2911 766 2981 ,βουλὴν
797 2955 813 2977 ,
862 2915 955 2967 καὶ
999 2915 1092 2979 τὸ,
1146 2917 1364 2983 Κύριος
1406 2917 1611 2971 ἐκτισέ
1637 2935 1738 2988 με.

142 2999 314 3053 Ὥστε
345 2998 446 3072 (εὖ)
479 3004 572 3056 ἐπὶ
606 3003 704 3076 τὴν
735 3007 915 3077 σάρκα
932 3008 1187 3076 ἁνάγοιτο
1220 3007 1447 3080 θάτερον
1470 3049 1486 3074 ,
1522 3010 1735 3082 ἀνάγκη

137 3092 239 3146 καὶ
277 3093 339 3147 τὸ
373 3095 594 3166 ἕτερον·
640 3099 735 3151 καὶ
785 3100 818 3169 ἡ
865 3099 1033 3168 Σοφία
1069 3099 1223 3153 ἔσται
1269 3102 1302 3172 ή
1335 3100 1403 3153 τά
1451 3103 1738 3174 ἀμφότερα

135 3184 394 3253 λέγουσα.
432 3188 494 3240 Εἰ
523 3188 581 3240 δὲ
625 3191 658 3260 ή
699 3189 837 3262 σὰρξ
882 3191 1030 3260 λέγει
1086 3192 1229 3246 κατὰ
1283 3192 1600 3265 Μάρκελλον
1652 3194 1734 3260 τὸ,

134 3275 359 3342 Κύριος
381 3277 586 3331 ἐκτισέ
610 3295 688 3348 με
718 3279 918 3348 ἀρχὴν
948 3279 1114 3353 [τῶν]
1140 3281 1295 3336 ὁδῶν
1336 3283 1554 3349 αὑτοῦ,
1595 3284 1732 3354 αὕτη

133 3367 206 3422 ἂν
231 3371 316 3439 εἴη
345 3373 378 3441 ή
442 3371 641 3440 Σοφία·
679 3375 773 3427 καὶ
825 3373 977 3429 ἔσται
1010 3379 1043 3447 ή
1077 3376 1212 3449 σάρξ
1251 3379 1284 3450 ή
1314 3379 1615 3447 φάσκουσα,
1652 3381 1731 3432 Δι’

131 3462 284 3531 ἐμοῦ
299 3463 584 3531 βασιλεῖς
629 3466 1059 3536 βασιλεύουσι,
1116 3470 1215 3524 καί
1253 3469 1328 3523 δι’
1383 3470 1531 3541 ἐμοῦ
1569 3487 1734 3541 μεγι-

131 3549 362 3620 στᾶνες
381 3556 840 3625 μεγαλύνονται.
877 3558 1002 3622 Πῶς
1041 3559 1086 3612 δ’
1117 3559 1182 3615 ἂν
1227 3560 1375 3614 εἴποι
1402 3564 1436 3633 ή
1486 3561 1621 3634 σὰρξ
1646 3563 1727 3628 τὸ,

129 3645 548 3714 Μνημονεύσω
583 3649 658 3702 τὰ
681 3649 752 3714 ἐξ
777 3649 994 3718 αἰῶνος
1022 3652 1386 3723 ἀριθμῆσαι;
1423 3649 1505 3719 οἷς
1531 3656 1728 3725 ἐπάγει

129 3737 215 3797 τὸ.
253 3740 469 3808 Κύριος
509 3741 713 3796 ἐκτισέ
759 3761 838 3812 με
897 3745 1098 3816 ἀρχῆν
1127 3745 1293 3820 [τῶν]
1325 3748 1484 3804 όδῶν
1514 3754 1722 3809 αὐτοῦ.

134 3831 265 3884 Ὅδε
297 3834 391 3886 καὶ
421 3834 565 3898 τίνες
590 3837 644 3889 αἱ
668 3835 779 3890 ὁδοὶ
811 3839 1109 3910 παρίστησι
1157 3840 1333 3910 λέγων
1365 3842 1522 3913 ἑξῆς·
1560 3865 1579 3897 t
1619 3843 1724 3901 Οὗο

133 3944 153 3974 ι
189 3941 283 3988 τος
306 3925 414 3998 γάρ
436 3930 568 3998 ἡμῖν
593 3933 704 3994 τοῖς
733 3931 962 3996 δικαίως
1024 3932 1405 3989 πολιτεύεσθαι
1443 3936 1720 4008 μέλλουσι,

131 4036 154 4068 ι
183 4017 494 4085 Θεοσεϐείας
540 4022 658 4088 ὁδὸς
708 4025 964 4093 γέγονεν·
997 4026 1138 4100 ἁρχὴ
1196 4028 1384 4082 πασῶν
1419 4030 1526 4086 τῶν
1585 4034 1724 4103 μετὰ

132 4131 152 4162 ι
191 4111 528 4168 ταῦταόδῶν.
554 4137 570 4167 ι
596 4119 706 4170 Καὶ
723 4118 1100 4190 προστίθησιν,
1130 4140 1148 4173 ι
1167 4121 1366 4192 ἀρχὴν
1383 4123 1441 4176 δὲ
1465 4123 1620 4179 ὁδῶν
1634 4127 1723 4180 διὰ

130 4221 151 4253 s
183 4203 348 4256 τοῦτο
377 4205 602 4270 εἰκότως
634 4209 822 4281 εἴρηκε
861 4210 953 4264 τὸν
988 4200 1263 4282 δεσπότην
1287 4215 1446 4285 ήμῶν
1477 4216 1568 4270 τὸν
1606 4219 1720 4271 Σω-

128 4314 150 4346 ‹
191 4296 356 4367 τῆρα,
383 4297 517 4352 διότι
559 4305 652 4353 καὶ
683 4301 790 4356 τῶν
822 4303 1046 4375 ἐτέρων,
1087 4297 1162 4358 ὧν
1196 4309 1532 4379 ἐσχήκαμεν,
1583 4311 1719 4366 ὁδῶν

126 4407 148 4440 ε
184 4389 326 4458 μετὰ
347 4390 446 4463 τὴν
479 4393 702 4466 πρώτην
761 4395 879 4448 ὁδὸν
924 4397 1066 4469 ἁρχὴ
1095 4399 1283 4467 γέγονε
1305 4416 1318 4429 ο
1352 4401 1450 4464 τάς
1475 4401 1561 4456 διὰ
1610 4403 1718 4456 τῶν

126 4499 150 4532 ‹
191 4482 354 4553 ἱερῶν
413 4484 727 4540 ἀποστόλων
781 4487 956 4558 δηλῶν
1006 4490 1354 4562 παραδόσεις,
1397 4493 1504 4548 τῶν
1577 4497 1713 4566 μετὰ

126 4590 148 4624 s
180 4573 390 4644 ὑψηλοῦ
409 4615 424 4639 ,
467 4577 609 4630 κατὰ
633 4579 730 4649 τὴν
771 4582 1130 4652 προφητείαν,
1159 4585 1514 4656 κηρύγματος
1543 4605 1714 4660 κηρυ-

124 4683 147 4716 s
181 4665 391 4734 ξάντων
437 4671 569 4741 ήμῖν
595 4672 658 4725 τὸ
692 4673 878 4727 καινὸν
920 4673 1078 4729 τοῦτο
1110 4678 1426 4748 μυστήριον.
1466 4699 1483 4732 i
1527 4681 1712 4735 Ταῦτα

119 4758 463 4830 Μάρκελλος.
787 4774 925 4889 Kh»
987 4837 1038 4889 Γ,

1864 1908 1882 1940 ι
1921 1904 2010 1954 va,
2042 1905 2139 1959 per
2166 1901 2220 1943 et
2252 1903 2475 1960 pr0pter
2519 1891 2858 1945 nobilitatem
2891 1889 3200 1946 Servatoris
3245 1892 3440 1957 nostri,

1859 2001 1878 2033 ‹
1922 1981 2184 2037 Dominus
2217 1994 2403 2037 uoster
2452 1983 2705 2039 Christus
2734 2000 2831 2053 per
2865 1985 3182 2054 prophetam
3233 1986 3441 2056 procla-

1859 2092 1876 2124 ι
1917 2083 2053 2138 mat,
2101 2073 2374 2144 inquiens,
2413 2075 2672 2131 Dominus
2720 2078 2959 2131 condidit
2987 2094 3069 2131 me
3114 2079 3438 2148 principium

1857 2184 1876 2217 ι
1919 2167 2120 2220 viarum
2147 2182 2385 2222 suarum.
2421 2188 2438 2220 ι
2475 2169 2598 2224 llazc
2625 2170 2943 2239 prolocutus
2971 2169 3038 2225 ad
3069 2184 3288 2225 carnem
3310 2172 3440 2226 Ser-

1850 2261 2079 2321 vatoris,
2115 2261 2504 2332 cogitationem
2539 2279 2694 2318 suam
2727 2263 2908 2331 dejicit
2937 2304 2954 2327 ,
2997 2265 3050 2318 in
3082 2264 3455 2334 sequentibus.

1849 2349 2136 2417 inquiens:
2171 2369 2189 2402 ι
2231 2349 2366 2406 Vere
2421 2352 2562 2406 enim
2591 2351 2832 2406 condidit
2857 2352 2949 2420 qui
2979 2368 3084 2405 non
3112 2366 3208 2406 eus
3228 2352 3435 2406 creavit

1853 2460 1870 2492 ι
1899 2441 2159 2496 Dominus
2188 2454 2373 2497 noster
2393 2442 2552 2496 Deus.
2570 2441 2702 2496 Nam
2721 2458 2942 2497 carnem
2961 2444 3431 2498 uouexsistentem

1851 2550 1869 2582 ι
1895 2534 2134 2602 suscepit
2177 2543 2418 2588 nostrain
2447 2535 2702 2601 Verbum,
2721 2545 2913 2589 etcum
2934 2535 3252 2602 susciperet,
3278 2537 3430 2603 prin-

1852 2628 2091 2696 «cipiunt
2143 2629 2346 2682 viarum
2387 2646 2605 2683 suarum
2641 2627 2790 2683 fecit.
2832 2648 2852 2679 ι
2885 2627 2998 2684 Nec
3051 2629 3302 2699 intelligit
3347 2631 3432 2682 vir

1842 2720 2112 2789 optimus,
2143 2721 2288 2789 quod
2331 2730 2388 2776 et
2442 2721 2602 2776 unica
2634 2719 2802 2775 dictio
2846 2729 2902 2775 et
2949 2735 3181 2792 persona
3212 2737 3430 2792 quoque

1843 2813 2000 2869 unica
2037 2813 2129 2877 sit,
2159 2815 2250 2883 qui
2278 2814 2433 2878 dixit,
2469 2812 2583 2884 Ego
2621 2813 2893 2884 Sapientia
2923 2813 3203 2868 consilium
3229 2816 3430 2868 consti-

1841 2907 1918 2960 tui
1955 2906 2020 2971 ",
2063 2916 2136 2970 et,
2169 2905 2427 2961 Dominus
2481 2907 2714 2970 rondidit
2747 2921 2827 2959 me
2853 2905 2916 2962 ιθ.
2944 2904 3184 2971 Quorum
3218 2913 3428 2959 utrum-

1839 3014 1944 3068 que
1977 2999 2062 3054 vel
2108 2999 2426 3052 utrumlibet
2471 3001 2536 3052 dc
2559 3014 2724 3052 carne
2758 2998 3129 3067 praedicatur:
3171 2997 3312 3068 quod
3347 2999 3427 3053 sic

1840 3092 1997 3160 plane
2049 3102 2338 3160 utrumque
2367 3100 2422 3144 et
2473 3092 2748 3160 Sapientia
2785 3092 2910 3154 erit,
2952 3107 3074 3160 qua:
3110 3101 3164 3146 et
3200 3092 3307 3148 hoc
3335 3093 3422 3144 di-

1841 3185 1918 3239 xit
1938 3225 1953 3249 ,
1981 3195 2140 3252 atque
2169 3185 2320 3238 illud.
2357 3184 2510 3251 Quod
2540 3187 2584 3238 si
2621 3201 2688 3239 ex
2727 3185 2996 3239 sententia
3026 3183 3265 3239 Marcelli
3294 3199 3422 3240 cai-o

1839 3277 2010 3342 dicat,
2043 3277 2304 3331 Dominus
2334 3280 2524 3331 creavit
2561 3294 2645 3332 me
2677 3278 2999 3348 principium
3039 3280 3248 3332 viarum
3293 3295 3421 3332 sua-

1837 3386 1978 3434 rum,
2021 3368 2110 3423 illa
2143 3371 2248 3423 erit
2283 3368 2585 3440 Sapientia,
2617 3381 2780 3439 atque
2803 3385 2934 3425 caro
2971 3385 3091 3439 qua:
3117 3371 3268 3436 dicit,
3321 3369 3422 3424 Fer

1834 3477 1914 3514 me
1938 3477 2082 3528 reges
2109 3471 2370 3531 regnant,
2416 3473 2464 3516 et
2497 3479 2592 3531 per
2623 3478 2705 3516 me
2749 3473 3016 3533 magnates
3048 3464 3225 3533 magni
3258 3462 3417 3530 ﬁunt,

1833 3563 1889 3608 at
1912 3555 2186 3624 quomodo
2215 3555 2396 3610 dicere
2447 3555 2647 3626 poterit
2691 3570 2842 3620 caro,
2889 3553 3196 3608 Memorabo
3234 3570 3418 3611 eorum

1830 3665 1947 3718 qua:
1990 3657 2114 3702 sunt
2164 3666 2196 3701 a
2242 3648 2482 3704 steculo?
2526 3647 2725 3717 quibus
2778 3647 3103 3702 subnectit:
3158 3645 3416 3701 Dominus

1831 3740 2064 3792 condidit
2098 3757 2177 3794 me
2213 3741 2530 3809 principium
2565 3738 2772 3791 viarum
2814 3738 2950 3806 ejus.
2992 3738 3250 3804 Quzenam
3285 3751 3415 3792 vero

1828 3834 1936 3886 sint
1967 3833 2070 3886 illae
2112 3833 2209 3886 via.-
2258 3833 2415 3887 docet
2450 3833 2500 3886 iu
2539 3831 2889 3901 sequentibus
2927 3831 3017 3903 [Β.
3059 3829 3173 3902 λιι]
3209 3851 3220 3886 :
3261 3850 3279 3883 ι
3333 3830 3412 3886 Ita

1834 3943 1852 3976 ι
1885 3927 2028 3979 enim
2051 3926 2138 3980 ille
2167 3925 2344 3990 nobis,
2369 3925 2459 3994 qui
2485 3924 2785 3979 secundum
2819 3925 3082 3978 rationem
3105 3925 3307 3994 justam
3331 3926 3414 3978 in-

1831 4037 1850 4069 s
1891 4018 2119 4073 stituere
2165 4019 2328 4071 vitam
2361 4016 2610 4071 volumus
2636 4057 2652 4076 .
2697 4016 2916 4087 pietatis
2947 4018 3032 4071 via
3069 4018 3248 4074 factus
3275 4027 3358 4074 est
3393 4037 3408 4074 :

1831 4130 1848 4161 ι
1890 4111 2216 4181 principium
2253 4111 2465 4164 viarum
2506 4111 2750 4164 omnium
2778 4112 3162 4180 posteriorum.
3199 4129 3218 4164 ι
3248 4113 3413 4168 Addit

1824 4215 2004 4256 autem
2040 4223 2058 4255 ι
2093 4203 2412 4272 principium
2444 4203 2648 4256 viarum
2672 4205 2741 4258 ob
2785 4202 2888 4256 hoc
2917 4204 3089 4272 ipsum
3124 4203 3410 4291 Dominum

1829 4311 1847 4342 ι
1883 4308 2026 4356 esse,
2049 4303 2102 4347 et
2126 4293 2474 4348 Servatorem
2501 4302 2746 4347 nostrqu
2783 4309 2797 4347 :
2823 4304 3106 4363 pr0pterea
3133 4296 3275 4364 quod
3301 4297 3410 4351 via-

1829 4405 1848 4439 ι
1893 4403 2032 4452 νυιιι,
2075 4401 2212 4456 quas
2270 4385 2499 4456 ingressi
2555 4401 2745 4441 sumus
2782 4396 2903 4456 post
2953 4387 3184 4456 primam
3219 4389 3362 4443 viam
3389 4432 3405 4454 ,

1827 4497 1845 4530 s
1887 4478 2212 4547 principium
2237 4478 2470 4534 exstitit.
2507 4476 2689 4532 lnuuit
2717 4487 2902 4531 autem
2937 4478 3264 4535 traditiones
3310 4497 3405 4536 ac-

1827 4591 1845 4621 ι
1873 4583 2058 4642 ceptas
2075 4587 2103 4624 a
2121 4571 2319 4626 divinis
2333 4573 2616 4640 apostolis,
2631 4571 2744 4639 qui,
2761 4572 3055 4626 secundum
3071 4573 3403 4640 prophetias,

1825 4679 1843 4711 ι
1885 4677 1987 4715 uua
2011 4677 2133 4715 cum
2166 4663 2433 4717 altissimo
2463 4661 2554 4716 illo
2577 4661 2870 4733 prtecmiio,
2914 4679 3110 4719 novum
3149 4665 3251 4720 hoc
3287 4681 3405 4736 my-

1823 4773 1841 4804 ι
1885 4753 2115 4808 sterium
2139 4754 2296 4810 nobis
2319 4757 2727 4810 annuntiarunt.
2755 4776 2774 4808 ι
2805 4753 3074 4812 Hactenus
3097 4755 3399 4815 Marcellus.

2421 4848 2652 4905 CAPUT
2697 4848 2780 4904 ΙΙΙ.

122 4923 562 5010 Ἔλίεγ-χοςτῶν
591 4929 716 5010 οὐκ.
749 4929 1057 5010 ὀρθῶς-εἱς
1092 4933 1244 5010 τοὺς.
1280 4937 1507 5010 τόπους
1548 4939 1710 5010 αὐτῷ

1847 4946 1881 5004 Β
1943 4940 2210 5009 Refulatio
2261 4957 2442 4994 eorum
2477 4958 2594 5009 qute
2628 4959 2866 5010 perverse
2913 4955 3292 5000 commentatus
3324 4957 3402 5000 est

190 4994 592 5065 λελεγμένων,
621 4998 720 5051 καὶ
744 4994 864 5053 τῶν
888 4994 1086 5056 αὐτῶν
1123 4994 1298 5072 ὺγὶὴς
1333 4994 1634 5074 ipim-Vela.

190 5087 254 5139 Εί
287 5087 384 5157 μὲν
405 5083 499 5142 οὖν
529 5091 602 5161 μὴ
633 5092 727 5144 καὶ
752 5092 850 5164 τὴν
874 5093 1114 5158 Μωσέως
1139 5096 1232 5149 καὶ
1274 5097 1384 5150 τῶν
1414 5097 1524 5168 (76)
1568 5101 1708 5171 μετά

115 5177 324 5231 Μωσὲα
354 5179 648 5250 προφητῶν
680 5180 1006 5252 παρεδέχετο
1035 5183 1256 5254 Γραφὴν
1279 5223 1292 5245 ,
1320 5181 1464 5255 εἶχεν
1491 5187 1554 5240 ἄν
1587 5205 1709 5242 τινα

117 5271 307 5324 εἰκότα
331 5271 480 5344 αὐτῷ
512 5271 670 5340 λόγον
715 5276 748 5345 ή
787 5274 1040 5338 ἀπόδοσις
1061 5293 1072 5305 ·
1118 5277 1241 5329 ἐπεὶ
1267 5277 1324 5330 δὲ
1347 5279 1407 5330 οὐ
1429 5278 1539 5333 τῶν
1582 5281 1708 5334 άθε-

1979 5013 2046 5066 ad
2077 5012 2221 5076 loca,
2251 5022 2300 5064 et
2328 5015 2616 5068 orthodoxa
2644 5029 2822 5068 eorum
2853 5014 3240 5081 interpretatio.

1889 5103 1949 5158 Si
2010 5119 2186 5173 neque
2225 5103 2387 5158 Mosis
2435 5121 2535 5160 nec
2582 5107 2970 5175 prophetarum
3018 5119 3142 5177 post
3194 5109 3398 5165 Mosem

1818 5195 2136 5266 Scripturas
2151 5196 2464 5250 admitteret
2487 5198 2793 5266 Marcellus,
2830 5199 3166 5270 probabilem
3200 5200 3404 5256 {ortas--

1817 5286 1894 5341 sis
1923 5287 2190 5342 rationem
2229 5288 2494 5343 haberent
2523 5305 2643 5358 qua:
2669 5289 2739 5344 ab
2771 5306 2838 5348 eo
2870 5293 3109 5362 profecta
3140 5303 3285 5348 sunt.
3330 5298 3393 5348 At

115 5361 358 5416 τούντων
395 5362 513 5417 ἐστὶ
541 5364 638 5434 τὴν
664 5365 908 5420 Παλαιὰν
941 5367 1382 5441 Διαθήκην,τίδή
1416 5389 1544 5426 ποτε
1575 5374 1702 5440 τοὺς

1847 5395 1932 5432 uin
1968 5393 2072 5433 non
2127 5379 2196 5433 sit
2223 5393 2290 5432 ex
2321 5393 2508 5435 eorum
2535 5395 2763 5438 numero
2806 5361 2896 5454 qui
2940 5380 3102 5442 Vetus
3143 5398 3394 5444 recusant

192 5520 251 5576 ἧς
289 5514 386 5568 Ed.
423 5515 622 5582 Paris.,
657 5536 779 5588 pag.
817 5520 937 5575 156.
1021 5522 1062 5555 ⁸⁵
1099 5521 1234 5580 Ceu.
1267 5540 1350 5592 Ill,
1397 5525 1480 5580 19.

191 5701 308 5778 ςέἑ)
330 5702 678 5778 ,φθέγξασθαι
710 5707 742 5777 η
780 5706 884 5778 Mp.

184 5770 299 5842 (75)
330 5770 494 5844 Vulgo
527 5775 605 5828 τό.

1583 5528 1624 5562 ⁸⁸
1646 5530 1809 5594 Prov.
1843 5550 1940 5592 vui
1970 5572 1986 5600 ,
2015 5533 2105 5589 12.

2203 5534 2249 5566 ¹⁶
2282 5534 2408 5590 ibid.
2442 5536 2536 5592 9.2.

1893 5724 2002 5797 (76)
2035 5722 2199 5795 Vulgo
2233 5724 2388 5780 κατά.
