3828 6222
399 334 467 391 79
1033 325 1307 386 EUSEBII
1343 322 1822 383 CAESARIENSIS
1857 320 2007 379 OPP.
2049 316 2231 378 PARS
2270 320 2357 378 IV.
2400 355 2468 363 —
2508 321 2935 381 DOGMATICA.

3519 321 3625 378 980

365 452 807 525 possessionem,
854 458 911 504 et
958 447 1345 518 proprietatem
1375 445 1708 516 peculiarem
1766 442 1930 513 possi-

2048 440 2448 512 παραλέλεκται
2512 442 2642 513 παρ’
2682 439 2977 512 Ἑϐραίοις,
3030 439 3168 510 ὅπερ
3220 437 3282 490 ού
3322 438 3502 490 κεῖται
3530 432 3623 488 ἐπὶ

365 547 564 602 dentis.
597 543 850 611 lnquiens
876 541 997 596 ideo
1029 541 1124 596 Dei
1153 538 1361 605 Filius,
1399 537 1658 592 Dominus
1705 535 1938 590 condidit

366 653 450 693 nte
478 636 793 706 principium
821 635 1031 688 viarum
1060 647 1283 686 suarum
1316 631 1387 685 ad
1419 645 1579 699 opera
1615 645 1747 696 sua,
1777 630 1941 685 simul

295 722 298 726 “
366 737 424 782 et
450 716 804 799 eju'sindicat
838 724 1336 795 praeexsistentiam
1359 760 1375 787 ,
1423 730 1480 778 et
1517 722 1842 793 peculiarem
1872 722 1941 776 ad

365 821 585 879 Patrem
633 819 1061 891 proprietatem;
1106 830 1315 872 necnon
1364 813 1653 870 utilitatem
1684 818 1742 877 ἧς
1774 828 1938 883 quam

364 917 592 980 paterna
632 910 750 978 ejus
795 922 959 979 opera
990 947 1006 972 ,
1059 906 1127 961 de
1174 905 1321 961 illius
1366 904 1837 961 administratione
1885 913 1941 959 et

366 1002 708 1071 providentia
738 1010 1060 1072 perceptura
1092 1009 1252 1055 erant
1291 1017 1308 1055 :
1349 999 1473 1055 inde
1500 1010 1554 1054 et
1588 996 1772 1066 infert,
1804 996 1939 1052 Ante

364 1091 561 1150 sarcula
592 1094 829 1164 {undavit
855 1109 958 1148 me.
994 1091 1064 1147 In
1096 1092 1357 1161 principio
1391 1093 1698 1161 priusquam
1743 1100 1938 1144 terram

363 1193 556 1261 faceret
578 1229 594 1256 ,
619 1198 895 1258 antequam
923 1185 1212 1255 prodierint
1246 1184 1418 1253 fontes
1434 1199 1695 1253 aquarum
1717 1196 1736 1234 :
1764 1181 1940 1251 prius-

362 1298 522 1353 quam
555 1290 753 1335 montes
788 1275 1171 1340 stabilirentur,
1217 1282 1341 1328 ante
1365 1289 1541 1328 omnes
1580 1271 1738 1327 colles
1757 1271 1937 1342 genuit

362 1390 447 1428 me
480 1373 547 1427 ¹⁰.
578 1369 784 1439 Quibus
806 1368 1038 1439 singulis
1064 1365 1399 1429 declaratur,
1441 1380 1607 1434 quam
1656 1363 1821 1419 fuerit
1850 1363 1938 1418 ille

364 1464 514 1518 utilis
555 1471 611 1518 et
654 1459 993 1516 necessarius
1038 1472 1219 1511 rerum
1252 1456 1593 1512 universitati
1631 1473 1646 1510 :
1681 1457 1936 1512 docetur-

362 1568 469 1621 qne
495 1552 636 1624 quod
660 1557 867 1614 eterat,
892 1557 947 1604 et
967 1556 1094 1602 ante
1123 1558 1262 1611 erat,
1285 1555 1340 1601 et
1373 1555 1498 1601 ante
1525 1547 1782 1601 mundum
1812 1545 1930 1600 uni-

358 1658 579 1699 versum
618 1642 968 1708 subsistebat,
1037 1650 1093 1697 et
1118 1640 1279 1697 rebus
1314 1641 1565 1697 omnibus
1588 1640 1934 1711 praesidebat.

359 1738 495 1791 Cum
545 1735 688 1791 enim
725 1735 789 1793 in,
822 1734 1045 1790 historia
1082 1733 1378 1790 creationis
1399 1732 1577 1789 Moses
1605 1734 1935 1804 superctele-

2039 535 2140 604 τῆς
2201 534 2571 606 προκειμένης
2620 533 2859 605 γραφῆς.
2917 531 3150 602 Πλείστη
3210 530 3257 584 δ’
3303 529 3371 584 ἂν
3418 527 3629 598 γένοιτο

2039 625 2157 693 τοῦ,
2188 627 2411 692 ἔκτισε,
2437 626 2532 681 καὶ
2560 624 2681 690 τοῦ,
2712 623 3031 691 ἐκτήσατο,
3060 621 3291 694 διαφορά
3312 620 3392 691 τῷ
3404 619 3505 690 τὴν
3529 619 3628 691 μὲν

2040 721 2216 775 κτίσιν
2236 719 2379 775 κατὰ
2402 720 2500 792 τὴν
2531 718 2846 789 κοινοτέραν
2869 717 3130 785 διάνοιαν,
3158 714 3255 787 τὴν
3282 717 3348 768 ἐκ
3393 713 3489 767 τοῦ
3549 711 3625 783 μὴ

2039 814 2190 876 δντος
2222 813 2304 876 είς
2333 812 2396 865 τὸ
2416 806 2555 866 εἶναι
2591 810 2823 883 πάροδον
2859 809 3145 881 σημαίνειν
3162 825 3175 838 ·
3202 806 3301 879 τὴν
3325 806 3384 859 δὲ
3409 805 3625 875 κτῆσιν,

2038 903 2133 958 τοῦ
2161 904 2612 976 προϋπάρχοντος
2657 901 2963 966 ἰδιάζουσαν
3002 900 3311 969 οἰκειότητα
3357 897 3495 968 πρὸς
3533 895 3627 949 τὸν

2038 995 2333 1067 κτώμενον.
2389 994 2578 1063 Λέγων
2610 993 2790 1048 τοίνυν
2821 996 2849 1047 ὁ
2889 993 3021 1056 Υἱὸς
3053 990 3148 1045 τοῦ
3178 989 3313 1044 Θεοῦ
3365 988 3449 1052 τὸ,
3499 987 3624 1042 Hii-

2032 1106 2163 1155 ριος
2187 1086 2390 1142 ἐκτισέ
2397 1104 2474 1157 με
2498 1085 2697 1157 ἀρχὴν
2724 1085 2881 1141 ὀδῶν
2901 1084 3090 1141 αὑτοῦ
3120 1087 3208 1151 εἰς
3241 1084 3385 1153 ἔργα
3410 1080 3624 1150 αὑτοῦ,

2036 1179 2171 1251 ὁμοῦ
2232 1181 2326 1233 καὶ
2390 1181 2488 1251 τὴν
2548 1180 2893 1251 προύπαρξιν
2934 1176 3099 1231 αὐτοῦ
3148 1175 3331 1249 ἐδήλου
3389 1174 3485 1228 καὶ
3521 1173 3624 1246 τὴν

2040 1271 2345 1337 ἰδιάζουσαν
2380 1272 2519 1343 πρὸς
2573 1270 2665 1324 τὸν
2698 1270 2918 1341 Πατέρα
2958 1267 3266 1338 οἰκειότητα
3291 1310 3308 1332 ,
3351 1264 3489 1337 ὁμοῦ
3527 1265 3626 1319 καὶ

2034 1363 2098 1415 τὸ
2120 1363 2390 1434 χρήσιμον
2416 1361 2511 1415 καὶ
2539 1362 2831 1430 ἀναγκαῖον
2848 1361 2947 1432 τῆς
2977 1359 3203 1422 οἰκείας,
3230 1357 3358 1430 περὶ
3397 1354 3468 1409 τά
3517 1370 3627 1408 πα-

2036 1455 2187 1527 τρῷα
2220 1455 2378 1528 ἔργα,
2433 1454 2692 1526 προνοίας
2754 1471 2815 1506 τε
2845 1453 2940 1507 καὶ
2980 1452 3317 1523 διοικήσεως.
3369 1448 3462 1502 Διὸ
3493 1447 3624 1519 ἑξῆς

2036 1549 2251 1619 ἐπάγει,
2300 1547 2421 1617 Πρό
2446 1547 2554 1601 τοῦ
2579 1545 2795 1612 αἰῶνος
2830 1542 3190 1614 ἐθεμελίωσέ
3214 1558 3326 1612 με’
3358 1541 3430 1595 ἐν
3461 1538 3624 1610 ἀρχῇ

2037 1641 2151 1711 πρὸ
2187 1640 2295 1694 τοῦ
2319 1639 2435 1708 τὴν
2466 1636 2581 1708 γῆν
2604 1635 2874 1707 ποιῆσαι,
2896 1636 3010 1705 πρὸ
3033 1636 3139 1690 τοῦ
3167 1634 3483 1705 προελθεῖν
3512 1634 3624 1701 τὰς

2038 1733 2235 1804 πηγὰς
2282 1731 2400 1785 τῶν
2452 1730 2689 1785 ὑδάτων
2705 1747 2719 1760 ·
2776 1728 2891 1798 πρὸ
2950 1727 3057 1782 τοῦ
3106 1727 3212 1797 ὅρη
3233 1725 3621 1796 ἑδρασθῆναι,

357 1828 522 1882 stium
552 1837 608 1884 et
654 1828 1004 1885 invisibilium
1060 1835 1387 1897 potestatum
1439 1827 1772 1882 mentionem
1822 1841 1929 1882 non

2048 1826 2147 1894 τρὸ
2171 1823 2284 1896 (72)
2333 1823 2402 1877 δὲ
2450 1821 2694 1877 πάντων
2734 1820 2984 1886 ,βουνῶν
3038 1817 3224 1891 γεννᾷ
3256 1835 3363 1888 με’
3422 1818 3492 1872 δι’
3545 1811 3625 1873 ὧν

360 1922 583 1977 fecisset
601 1921 825 1977 omnino
849 1920 1010 1975 ullam
1031 1959 1049 1986 ,
1077 1927 1300 1989 propter
1326 1917 1539 1973 illorum
1566 1916 1935 1988 imperfectio-

358 2027 482 2066 nem
511 2012 602 2081 qui
626 2012 908 2066 erudiendi
934 2019 1092 2065 erant
1120 2024 1216 2079 per
1243 2008 1392 2063 illum
1430 2026 1445 2063 :
1474 2020 1532 2064 at
1573 2008 1760 2064 mundi
1790 2008 1932 2063 invi-

358 2104 533 2161 sibilis
556 2106 963 2174 productionem
992 2103 1168 2159 obiret
1191 2111 1246 2158 et
1271 2112 1506 2171 quatuor
1534 2102 1930 2159 elementorum

355 2196 580 2251 fecisset
609 2195 663 2250 in
691 2195 957 2265 principio
988 2195 1321 2250 mentionem
1363 2193 1510 2257 coeli,
1542 2203 1722 2261 term,
1752 2193 1933 2265 abyssi

354 2298 413 2342 et
443 2302 618 2357 aqua),
645 2287 871 2343 istorum
901 2286 1007 2342 duo
1033 2302 1063 2340 a
1092 2286 1201 2342 Deo
1230 2297 1412 2342 creata
1445 2286 1583 2341 dixit
1609 2304 1624 2341 :
1648 2300 1780 2341 nam
1832 2287 1930 2350 ait,

353 2383 422 2438 In
443 2382 699 2453 principio
715 2380 907 2435 creavit
946 2378 1084 2434 Deus
1120 2379 1307 2434 caelum
1328 2389 1376 2433 et
1403 2390 1601 2434 terram
1622 2379 1686 2433 “.
1723 2380 1792 2432 At
1825 2391 1930 2432 non

354 2476 422 2529 ad
466 2473 611 2528 hunc
653 2473 871 2527 modum
922 2471 990 2527 de
1032 2486 1174 2541 aqua
1213 2481 1269 2526 et
1314 2471 1511 2543 abysso
1548 2471 1758 2527 locutus
1802 2482 1926 2529 est:

353 2563 509 2635 quasi
536 2573 593 2618 et
616 2562 705 2617 illa
732 2578 763 2617 a
806 2562 917 2617 Deo
941 2562 1200 2632 producta
1220 2562 1407 2616 fuisset
1443 2580 1457 2616 :
1489 2564 1583 2617 sed
1607 2563 1929 2633 simpliciter

353 2658 491 2712 dixit
518 2696 536 2721 ,
567 2653 635 2710 Et
672 2656 899 2711 tenebrte
948 2664 1098 2708 erant
1129 2669 1286 2722 super
1318 2653 1562 2724 abyssum
1590 2694 1605 2719 ,
1631 2666 1679 2709 et
1710 2656 1930 2723 spiritus

350 2751 451 2804 Dei
493 2749 760 2819 ferebatur
797 2765 955 2817 super
987 2765 1156 2820 aquas
1191 2749 1258 2806 ¹¹,
1302 2746 1624 2803 Necessario
1665 2762 1761 2816 per
1788 2763 1929 2818 pra:-

349 2842 494 2895 dicta
528 2839 748 2904 docuit,
782 2849 840 2893 ut
867 2849 922 2894 et
947 2839 1116 2894 Filius
1158 2839 1251 2919 Dei
1276 2878 1292 2902 ,
1342 2839 1484 2907 quod
1526 2839 1715 2908 genita
1746 2850 1926 2908 erant,

348 2942 406 2986 et
442 2934 586 3004 quod
616 2933 733 3002 ipse
750 2942 878 2987 ante
905 2932 996 2987 illa
1029 2932 1211 2986 omnia
1234 2931 1337 2985 fuit
1365 2949 1379 2987 :
1408 2940 1462 2986 et
1486 2948 1581 3002 per
1614 2933 1785 2996 ipsum
1811 2950 1929 2989 om-

348 3026 443 3078 nia
491 3024 709 3079 condita
745 3034 915 3078 sunt:
948 3022 1070 3077 ideo
1114 3022 1229 3086 ait,
1276 3022 1412 3076 Aule
1454 3025 1648 3077 stecula
1690 3023 1927 3092 fundavit

348 3132 431 3171 me
456 3157 473 3178 .
524 3117 581 3170 in
623 3115 885 3185 principio
911 3154 926 3178 ,
959 3115 1265 3184 priusquam
1308 3123 1501 3167 terram
1542 3117 1784 3169 conderet
1817 3133 1837 3171 :
1876 3128 1925 3171 et

2036 1917 2293 1972 ἁπάντων
2314 1915 2376 1969 τὺ
2406 1915 2467 1980 ἐξ
2495 1913 2661 1968 αὐτοῦ
2701 1912 2979 1976 λυσιτελὲς
3028 1912 3123 1965 καὶ
3157 1912 3457 1980 ἀναγκαῖον
3506 1913 3625 1975 τοῖς

2034 2010 2201 2063 πᾶσιν
2227 2007 2589 2062 ὲνδείκνυται’
2627 2007 2710 2060 ὅτι
2740 2022 2801 2059 τε
2840 2000 2931 2077 ἦν,
2963 2006 3059 2059 καὶ
3110 2004 3325 2077 προῆν,
3384 2005 3481 2057 καὶ
3523 2004 3624 2058 τοῦ

2034 2103 2349 2173 σύμπαντος
2407 2100 2613 2172 κόσμου
2676 2098 3001 2172 προϋπῆρχε
3053 2114 3114 2151 τε
3177 2099 3273 2152 καὶ
3326 2098 3626 2168 καθηγεῖτο

2031 2194 2345 2263 ἀναγκαίως
2385 2192 2677 2247 διδάσκων.
2737 2193 2983 2256 Μωσέως
3006 2191 3138 2264 γὰρ,
3188 2193 3247 2245 ὲν
3295 2194 3365 2263 τῇ
3414 2209 3622 2263 κοσμο-

2032 2287 2185 2359 ποιίᾳ
2214 2285 2324 2340 τῶν
2361 2286 2460 2358 μὲν
2487 2284 2875 2357 ὑπερκοσμίων
2925 2284 3023 2339 καὶ
3069 2282 3292 2353 ἀφανῶν
3337 2283 3625 2354 δυνάμεων

2034 2378 2304 2452 μηδεμίαν
2366 2378 2585 2450 μνήμην
2616 2375 2984 2449 πεποιημένου
3038 2376 3126 2431 διὰ
3182 2376 3245 2429 τὸ
3281 2374 3474 2439 ἀτελὲς
3510 2374 3623 2429 τῶν

2029 2470 2098 2524 δι’
2127 2468 2291 2523 αὑτοῦ
2325 2468 2893 2538 παιδαγωγουμένων,
2926 2466 3019 2521 τοῦ
3051 2467 3110 2520 δὲ
3166 2464 3365 2538 ὁρατοῦ
3409 2466 3622 2536 κόσμου

2029 2561 2128 2633 τὴν
2167 2559 2423 2616 σύστασιν
2451 2559 2814 2626 διεξελθόντος
2834 2599 2851 2626 ,
2885 2558 3161 2629 τεττάρων
3224 2573 3286 2610 τε
3336 2556 3623 2627 στοιχείων

2030 2658 2089 2708 ἐν
2122 2656 2264 2727 ἀρχῇ
2292 2670 2396 2726 μνη
2406 2653 2789 2725 μονεύσαντος,
2825 2648 3057 2724 ούρανοῦ
3079 2650 3172 2704 καὶ
3195 2651 3299 2722 γῆς
3332 2648 3427 2704 καὶ
3454 2647 3625 2702 ἀϐύσ-

2032 2767 2125 2802 σου
2152 2752 2247 2803 καὶ
2276 2749 2500 2816 ὓδατος,
2547 2749 2765 2805 καὶδύο
2821 2749 2919 2820 μὲν
2973 2746 3304 2819 πεποιῆσθαι
3368 2745 3475 2799 ὑπὸ
3520 2745 3619 2799 τοῦ

2029 2842 2166 2895 Θεοῦ
2195 2843 2308 2913 (75)
2333 2840 2925 2918 εἰρηκότοςοἘνάρχῇ
2957 2840 3087 2912 γὰρ,
3110 2841 3296 2911 φησὶν,
3328 2839 3626 2907 ἐποίησεν

2029 2938 2063 2988 ὀ
2083 2934 2223 3001 Θεὸς
2260 2935 2366 2989 τὸν
2394 2934 2659 3004 οὐρανὸν
2674 2933 2771 2988 καὶ
2795 2931 2911 3002 τὴν
2931 2932 3049 3003 γῆν
3066 2949 3080 2963 ·
3108 2934 3208 2985 οὐκ
3238 2931 3318 2984 ἔτι
3342 2931 3400 2984 δὲ
3419 2931 3623 3002 ὁμοίως

2030 3026 2126 3080 καὶ
2151 3027 2244 3081 ἐπὶ
2261 3028 2355 3080 τοῦ
2388 3026 2577 3090 ὓδατος
2610 3024 2826 3095 καὶτῆς
2854 3023 3093 3079 ἀϐύσσου
3130 3021 3495 3095 μνησθέντος,
3539 3022 3625 3086 ὡς

2029 3117 2137 3189 ἄρα
2166 3117 2251 3188 εἴη
2282 3119 2375 3172 καὶ
2406 3118 2582 3172 ταῦτα
2601 3117 2857 3187 γεννητά,
2920 3114 3034 3169 ἀλλ’
3068 3114 3257 3178 ἁπλῶς
3312 3114 3623 3185 εἰρηκότος,

346 3211 655 3279 priusquam
673 3209 885 3278 abyssos
909 3206 1099 3269 faceret
1117 3223 1136 3260 :
1148 3206 1454 3276 priusquam
1478 3210 1792 3262 scaturirent
1804 3209 1930 3278 [on-

2048 3211 2141 3265 Kal
2165 3212 2386 3275 σκότος
2410 3208 2611 3263 ἐπάνω
2633 3207 2744 3276 τῆς
2762 3208 3060 3272 ἀϐύσσου,
3085 3208 3185 3261 καὶ
3213 3207 3451 3277 πνεῦμα
3469 3206 3625 3261 Θεοῦ

344 3308 424 3354 tes
441 3298 765 3366 aquarum".
784 3297 1012 3353 Istorum
1031 3298 1214 3365 trium,
1234 3306 1410 3362 terrae,
1428 3300 1628 3368 abyssi,
1642 3314 1925 3370 aquarum,

2031 3302 2348 3370 ἐπεφέρετο
2378 3298 2578 3353 ἐπάνω
2610 3299 2715 3353 τοῦ
2744 3297 2962 3364 ὓδατος
2980 3338 2995 3361 ,
3028 3297 3342 3366 ἀναγκαίως
3393 3296 3483 3351 διά
3507 3295 3624 3350 τῶν

351 3392 492 3445 facta
507 3390 800 3457 mentione,
814 3398 1064 3459 quartum
1082 3389 1492 3459 etpraestantius
1508 3391 1574 3444 ad
1597 3401 1925 3459 postremum

2048 3393 2409 3465 προκειμένων
2452 3392 2697 3447 διδάσκει
2741 3393 2835 3446 κα)⁸
2881 3393 3009 3464 περὶ
3065 3391 3245 3445 αὐτῶν
3290 3394 3320 3445 ό
3360 3391 3488 3455 Tib;
3518 3390 3622 3444 τοῦ

350 3484 527 3537 locum
548 3483 872 3549 reservavit,
904 3481 1098 3538 coelum
1133 3495 1343 3552 nempe,
1378 3482 1517 3537 unde
1546 3482 1624 3537 ait
1650 3483 1926 3554 deinceps,

2048 3485 2189 3550 θεοῦ,
2220 3486 2301 3538 ὅτι
2336 3501 2397 3537 τε
2424 3484 2658 3555 γεννητά
2690 3483 2799 3554 εἴη,
2821 3484 2916 3537 καὶ
2945 3484 3021 3548 ὡς
3053 3484 3217 3549 αὐτὸς
3260 3484 3368 3556 πρὸ
3398 3485 3625 3539 πάντων

346 3574 571 3639 Quando
604 3574 825 3642 parabat
860 3572 1036 3639 oculos,
1070 3574 1284 3628 aderam
1314 3591 1420 3628 una
1454 3590 1572 3628 cum
1596 3592 1655 3629 eo
1689 3576 1776 3632 ¹³⁶.

2048 3577 2139 3649 εἴη,
2165 3578 2259 3631 καὶ
2284 3577 2349 3631 δι’
2384 3576 2551 3630 αὐτοῦ
2573 3578 2642 3632 τὰ
2668 3576 2849 3631 πάντα
2881 3577 3165 3649 πεποίητο.
3194 3578 3287 3631 Διό
3313 3594 3469 3648 φησι,
3498 3576 3627 3647 Πρὸ

344 3670 452 3721 τοῦ
483 3665 699 3732 αἰῶνος
730 3667 1090 3735 ἐθεμελίωέ
1120 3682 1217 3735 με·
1249 3665 1320 3719 ἐν
1356 3664 1515 3735 ἀρχῇ
1553 3665 1667 3736 πρὸ
1715 3670 1823 3722 τσῦ
1883 3669 1997 3739 τὴν
2031 3670 2148 3739 γῆν
2169 3668 2417 3739 ποιῆσαι
2436 3687 2450 3700 ·
2476 3670 2575 3724 καὶ
2604 3670 2718 3739 πρὸ
2742 3670 2851 3725 τοῦ
2882 3670 2987 3737 τὰς
3015 3670 3625 3741 ἀϐύσσουςποιῆσαιο

341 3758 455 3827 πρὸ
473 3759 580 3812 τοῦ
608 3758 924 3827 προελθεῖν
952 3758 1059 3824 τὰς
1085 3757 1286 3828 πηγὰς
1322 3756 1441 3811 τῶν
1472 3756 1726 3814 ὑδάτων.
1758 3760 1940 3832 Τριῶν
1984 3762 2042 3815 δὲ
2089 3761 2294 3821 τούτων
2313 3762 2714 3834 μνημονεύσας,
2740 3762 2847 3832 γῆς
2877 3763 2972 3816 καὶ
3010 3760 3250 3816 ἀϐύσσου
3279 3763 3375 3816 καὶ
3404 3762 3623 3829 ὓδατος,

341 3853 405 3910 τὸ
434 3854 693 3925 τέταρτον
726 3854 920 3923 ἐπάγει
941 3854 1271 3918 τελευταῖον,
1305 3852 1367 3905 τὸ
1410 3856 1656 3924 κρεῖττον
1684 3855 1925 3924 φυλάξας
1951 3856 2041 3913 τὸν
2088 3858 2336 3931 οὐρανόν.
2363 3860 2456 3913 Διὸ
2486 3859 2737 3931 ἐπιφέρει
2773 3860 2920 3930 ἑξῆς,
2968 3859 3178 3914 Ἦνικα
3205 3860 3482 3928 ἡτοίμαζε
3509 3861 3626 3915 τὸν

343 3951 622 4017 οὐρανὸν,
649 3948 1055 4020 συμπαρήμην
1076 3950 1257 4017 αὐτῷ.

411 4039 541 4107 Quae
569 4054 696 4094 cum
726 4049 832 4094 tam
861 4042 1142 4096 evidenter
1168 4042 1221 4096 in
1252 4043 1452 4099 divinis
1485 4043 1781 4115 Scripturis
1801 4062 1927 4117 pro-

345 4140 657 4200 ponantur,
697 4140 752 4187 et
779 4132 929 4187 brevi
988 4133 1222 4203 quadam
1271 4135 1436 4190 veluti
1494 4151 1589 4204 per
1631 4138 1927 4206 epilomen,

346 4223 694 4279 enarratione
723 4224 831 4278 sint
869 4240 897 4278 a
949 4226 1104 4280 nobis
1131 4231 1374 4296 exposita
1407 4268 1423 4292 ,
1481 4230 1763 4285 audiamus
1790 4245 1929 4300 quo-

344 4317 509 4372 modo
539 4315 822 4371 Marcellus
850 4361 864 4382 ,
892 4317 1100 4386 dejecta
1131 4319 1185 4372 in
1221 4320 1441 4374 humum
1482 4321 1928 4390 interpretatione

345 4427 466 4475 sua,
506 4411 623 4464 haec
661 4411 842 4464 omnia
871 4419 927 4465 et
957 4409 1170 4481 singula
1196 4412 1264 4465 de
1311 4422 1566 4479 suscepta
1596 4426 1760 4467 carne
1793 4428 1925 4467 con-

344 4501 516 4554 tendit
540 4500 810 4570 usurpari.
838 4501 913 4555 Ita
941 4502 1084 4557 enim
1103 4502 1296 4556 scribit
1331 4501 1422 4574 [Β.
1442 4502 1605 4567 XVII,
1630 4501 1761 4558 coll.
1783 4518 1834 4573 p.
1855 4504 1927 4559 45'

347 4592 451 4665 D]:
488 4611 506 4644 ι
534 4593 644 4648 Hoc
678 4593 744 4647 ad
782 4593 924 4648 hunc
951 4594 1166 4649 modum
1193 4594 1395 4664 posito,
1413 4603 1848 4664 consequensest
1869 4602 1926 4648 ut

349 4705 366 4735 ι
401 4687 808 4740 consideremus
829 4684 1175 4741 Prnverbiale
1193 4686 1320 4740 illud
1338 4696 1517 4756 caput,
1536 4685 1927 4740 Dominus’con-

350 4797 371 4828 ι
405 4778 539 4830 didit
562 4792 644 4830 me
681 4777 997 4847 principium
1024 4778 1228 4832 viarum
1250 4779 1386 4848 ejus.
1412 4776 1549 4832 Vere
1572 4779 1716 4832 enim
1745 4778 1927 4831 condi-

351 4890 368 4919 ι
402 4869 502 4932 dit,
529 4867 780 4937 quiquod
807 4883 913 4922 non
932 4868 1221 4934 eratfccit,
1253 4868 1518 4924 Dominus
1545 4878 1730 4922 noster
1757 4867 1920 4922 Deus.

350 4980 366 5009 ι
400 4960 629 5015 Carnem
647 4959 790 5012 enim
814 4973 975 5029 quam
993 4961 1289 5029 assumpsit
1311 4961 1562 5026 Verbum,
1579 4975 1700 5013 cum
1722 4974 1826 5012 non
1843 4972 1925 5012 es-

346 5072 363 5101 ι
406 5062 511 5117 set,
541 5050 801 5106 condidit.
839 5069 858 5102 ι
880 5051 946 5103 Ει
973 5052 1275 5106 subnectit:
1310 5070 1328 5101 ι
1356 5049 1521 5119 Igitur
1544 5049 1598 5103 in
1627 5048 1924 5103 novissimo

348 5161 368 5191 ι
406 5143 639 5196 maxime
652 5152 917 5211 tempore,
934 5141 1063 5197 licet
1078 5142 1184 5197 hoc
1203 5158 1401 5197 novum
1421 5142 1738 5213 mysterium
1762 5156 1921 5196 reve-

348 5252 366 5283 σ
403 5233 615 5286 labatur
658 5249 673 5285 :
721 5241 783 5286 ut
823 5237 884 5295 Et
921 5230 992 5285 ob
1035 5231 1088 5286 id
1132 5232 1305 5301 ipsum
1336 5248 1443 5287 non
1478 5232 1749 5288 immerito
1785 5244 1923 5304 prte-

2099 4048 2315 4103 Τούτων
2366 4048 2547 4102 τοίνυν
2605 4047 2711 4101 ὑπὸ
2778 4047 2878 4117 τῆς
2909 4046 3060 4110 θείας
3109 4047 3333 4118 Γραφῆς
3371 4048 3626 4119 ἐναργῶς

2029 4138 2472 4210 παρισταμένων,
2510 4137 2769 4209 βραχείας
2801 4153 2860 4189 τε
2891 4137 3021 4207 παρ’
3052 4136 3230 4207 ἡμῶν,
3265 4136 3342 4200 ὡς
3388 4138 3449 4190 ὲν
3499 4140 3625 4191 ὲπι-

2027 4231 2190 4300 τομῇ,
2237 4228 2538 4299 διηγήσεως
2580 4228 2988 4298 τετυχηκότων,
3023 4227 3418 4298 ἐπακούσωμεν
3468 4229 3626 4294 ὅπως

2026 4321 2362 4393 Μάρκελλος,
2398 4322 2575 4392 χαμαὶ
2599 4321 2776 4393 βαλὼν
2805 4320 2903 4392 τὴν
2929 4320 3168 4374 διάνοιαν
3188 4358 3203 4383 ,
3231 4320 3407 4374 ταῦτα
3438 4321 3623 4375 πάντα

2025 4412 2414 4485 διῖσχυρίζεται
2451 4414 2579 4485 περί
2608 4412 2708 4484 τῆς
2744 4412 2947 4485 σαρκὸς
2975 4412 3261 4483 εἰρῆσθαι,
3292 4408 3364 4484 ἦς
3395 4414 3621 4487 ἀνείλη-

2027 4520 2127 4572 φεν
2155 4505 2183 4556 ὁ
2211 4503 2402 4576 Σωτὴρ
2425 4545 2439 4567 ,
2463 4504 2691 4576 γράφων
2722 4504 2864 4558 κατὰ
2887 4502 3030 4571 λέξιν
3062 4503 3251 4557 τοῦτον
3269 4504 3362 4557 τὸν
3389 4506 3623 4576 τρόπον·

2032 4616 2050 4647 ι
2082 4595 2283 4649 Τούτου
2316 4596 2493 4650 τοίνυν
2521 4596 2694 4660 οὕτως
2715 4596 2966 4667 ἔχοντος,
2999 4595 3292 4649 ἀκόλουθόν
3331 4600 3450 4651 ἐστι
3491 4615 3623 4652 σκο-

2032 4707 2049 4737 ι
2088 4689 2208 4740 πεῖν
2234 4689 2301 4758 τῇ
2319 4686 2526 4758 διανοίᾳ
2578 4686 2639 4741 τὸ
2690 4685 3075 4758 παροιμιωδῶς
3118 4686 3430 4757 εἰρημένον,
3465 4691 3623 4743 τουτὶ

2031 4799 2049 4829 ι
2072 4778 2385 4847 κεφάλαιον,
2413 4779 2629 4847 Κύριος
2672 4777 2877 4832 ἔκτισέ
2894 4794 2970 4846 με
2996 4776 3193 4845 ἀρχὴν
3207 4775 3367 4830 ὁδῶν
3401 4780 3618 4835 αὐτοῦ.

2031 4886 2051 4918 ι
2074 4868 2293 4920 Ἔκτισε
2314 4867 2422 4939 γάρ
2453 4867 2669 4939 άληθῶς
2695 4867 2757 4920 τὸ
2786 4868 2859 4939 μὴ
2876 4867 2936 4920 ὃν
2962 4865 3277 4935 πεποιηκὼς
3292 4867 3322 4918 δ
3337 4867 3624 4939 Δεσπότης

2031 4977 2051 5010 ι
2079 4957 2237 5030 ἡμῶν
2265 4961 2295 5014 ὁ
2336 4959 2489 5023 Θεός.
2524 4960 2639 5012 Οὐκ
2667 4954 2834 5012 οὖσαν
2858 4957 2968 5031 γὰρ
3000 4958 3098 5027 τὴν
3130 4956 3331 5028 σάρκα,
3365 4956 3436 5027 ῆν
3467 4958 3622 5011 ἀνεί-

2030 5067 2049 5099 ι
2086 5048 2254 5119 ληφεν
2289 5047 2319 5099 δ
2346 5048 2538 5116 Λόγος,
2560 5047 2694 5101 ἀλλά
2724 5046 2799 5119 μὴ
2829 5043 3218 5101 οὖσανὲκτισε.
3251 5065 3272 5099 s
3293 5048 3407 5100 Καὶ
3437 5048 3625 5102 ἐπιλέ-

2023 5156 2111 5209 γει
2131 5158 2144 5171 ·
2175 5159 2194 5191 ι
2231 5139 2441 5194 Οὐκοῦν
2472 5141 2521 5192 εἰ
2552 5142 2648 5195 καὶ
2677 5140 2748 5194 τὰ
2799 5140 3036 5211 μάλιστα
3087 5142 3176 5194 ἐπ’
3203 5140 3457 5210 ἐσχάτων
3510 5141 3624 5195 τῶν

2028 5251 2049 5298 _s
2089 5232 2297 5304 καιρῶν
2320 5232 2472 5287 τουτί
2497 5232 2685 5286 καινὸν
2729 5231 2982 5302 άπεφάνη
3034 5231 3370 5302 μυστήριον·
3411 5231 3491 5294 ὡς
3532 5231 3623 5286 διὰ

348 5343 365 5373 ι
405 5325 576 5379 visum
608 5326 873 5393 propheta
898 5322 1118 5391 dixerit,
1146 5324 1280 5379 Ante
1309 5325 1503 5380 sarcula
1530 5324 1774 5395 [undavit
1808 5339 1915 5390 me,

2048 5366 2049 5370 η
2093 5323 2252 5378 τοῦτο
2285 5325 2391 5396 πρὸ
2421 5323 2518 5380 τοῦ
2545 5323 2742 5387 αἰῶνος
2772 5324 2965 5377 τούτου
3008 5322 3351 5395 προωρίσθαι
3389 5323 3622 5388 εἰκότως

416 5506 477 5564 ἧς
503 5500 837 5572 Βωξοτίεη
862 5516 986 5572 pag.
1016 5501 1140 5569 154,
1171 5502 1295 5559 155.

372 5572 414 5602 ⁵¹
444 5571 574 5625 inid.
605 5569 695 5623 27.

314 5735 320 5741 ’
413 5755 528 5827 (72)
559 5755 725 5828 Vulgo
748 5771 858 5814 om.
885 5756 964 5811 δέ.

1398 5505 1440 5538 ⁸⁸
1473 5501 1635 5561 Prov.
1665 5518 1782 5570 vm,
1817 5501 1915 5569 25,
1945 5502 2036 5559 25.

2134 5501 2175 5534 η
2217 5501 2353 5556 Gen.
2391 5516 2433 5564 ι,
2463 5501 2515 5554 1.
2552 5466 2560 5472 ’
2612 5501 2655 5531 ¹³
2682 5500 2812 5555 ibid.
2838 5500 2894 5553 2.
2998 5498 3220 5555 "Prov.
3248 5501 3485 5563 vm.23.
3521 5500 3623 5559 24.

2099 5757 2209 5830 (Ἱῦ)
2238 5755 2405 5829 Vulgo
2434 5754 2712 5828 εἰρηκότα.
2746 5784 2814 5799 --
2836 5752 2963 5812 Cor.
2987 5753 3092 5810 iam
3123 5752 3201 5812 Μ.
