3828 6222
205 237 306 292 931

1162 239 1250 294 οε
1289 223 1832 295 ECCLESIASTICA
1869 233 2278 291 mmmam
2320 233 2448 291 LlB.
2491 234 2577 290 ιιι.

3381 237 3486 294 οδε

207 371 225 400 ι
261 353 292 404 6
311 353 597 422 προφήτης
623 348 750 421 ἔφη,
771 351 889 420 Πρὸ
923 351 1029 406 τοῦ
1061 353 1276 418 αἰῶνος
1300 350 1658 422 ἐθεμελίωσέ
1701 367 1754 419 με

1867 385 1876 410 ι
1911 367 1928 399 ι
1965 363 2182 403 carnem
2205 363 2399 419 nempe
2433 349 2760 420 intelligens.
2784 368 2801 402 ι
2838 349 2901 404 Et
2938 350 3099 407 infert
3123 352 3351 408 iterum:
3376 374 3392 404 ι
3415 353 3485 410 In

204 462 224 495 ι
266 442 508 512 δηλονότι
526 444 624 516 τὴν
646 443 841 516 σάρκα.
859 460 880 496 ι
897 445 1008 498 Καὶ
1022 441 1176 510 αὖθις
1190 445 1387 514 ἐπάγει
1403 444 1595 513 λέγων·
1628 462 1646 494 ι
1659 438 1792 498 Εἶτα

203 554 224 587 ι
263 533 433 603 ὲνῖῇ
457 533 635 604 ἀρχῇ,
669 536 823 607 φησὶ,
864 536 978 604 πρὸ
1027 537 1134 591 τοῦ
1185 536 1301 606 τὴν
1347 535 1466 608 γῆν
1520 534 1786 604 ποιῆσαι.

203 646 220 676 ι
253 627 363 696 Γῆν
394 627 553 680 ποίαν
578 644 592 692 ;
620 627 848 699 ταύτην,
871 629 1134 700 δηλονότι,
1160 630 1258 702 τὴν
1279 630 1557 703 ἡμετέραν
1587 631 1787 703 σάρκα,

202 737 221 768 ι
255 717 354 788 τὴν
388 717 524 788 μετὰ
550 717 648 789 τὴν
679 718 962 790 παρακοήν
987 720 1091 790 γῆν
1129 719 1286 784 αὖθις
1323 721 1644 792 γενομένην.
1694 721 1787 792 Γῆ

201 828 220 860 ι
257 809 370 878 γὰρ
401 806 476 873 εἷ,
511 810 644 881 φησι
672 850 686 875 ,
739 810 838 864 καί
877 813 964 878 εἰς
1019 811 1137 880 γῆν
1181 814 1512 884 omnem.
1548 835 1566 866 ι
1623 815 1786 886 Ὀρᾷς

193 902 320 955 ὅσον
353 902 640 975 διήμαρτε,
673 904 771 974 τῆς
807 905 904 975 μὲν
934 905 1148 971 εὐθείας
1180 908 1494 980 ἑκτραπεὶς,
1527 911 1787 980 τραχεῖαν

193 995 254 1048 δὲ
277 998 372 1049 καὶ
402 996 798 1060 δύσϐατον,καὶ
829 996 1020 1070 ὥσπερ
1074 999 1195 1053 τινὰ
1251 1000 1567 1072 ἀνεξίτητον
1606 1001 1785 1072 ἑαυτῷ

194 1089 526 1160 περινοήσας
556 1089 692 1143 ὀδόν.
723 1090 829 1144 Θέα
861 1090 1014 1159 γοῦν,
1053 1092 1202 1156 ὅπως
1244 1091 1561 1157 ἐξεϐιάσατο
1607 1095 1785 1149 πάντα

193 1182 400 1252 μᾶλλον
440 1183 798 1254 ἀναίσχυντον
829 1184 925 1238 κοιλ⁹
962 1184 1151 1256 ἀναιδῆ
1185 1185 1340 1254 λόγον
1391 1186 1504 1258 (74)
1553 1187 1786 1257 φθεγγό-

191 1293 374 1346 μενος,
401 1276 436 1345 ἦ
459 1276 555 1348 τὴν
578 1277 776 1345 Σοφίαν
814 1277 976 1330 αὐτὸν
1010 1273 1151 1330 εἶναι
1194 1277 1286 1330 τὸν
1317 1277 1444 1331 Υἱὸν
1490 1278 1586 1332 τοῦ
1645 1279 1781 1334 Θεοῦ

183 1367 492 1438 ὁμολογεῖν.
541 1368 614 1420 Τὸ
655 1368 755 1439 μὲν
785 1364 902 1433 οὖν,
952 1369 1168 1438 Κύριος
1223 1369 1426 1424 amat
1464 1387 1542 1439 με
1584 1372 1784 1440 ἀρχὴν

182 1457 346 1513 ὁδῶν
369 1460 554 1514 αὐτοῦ
589 1463 676 1526 εἰς
709 1463 854 1530 ἔργα
884 1462 1071 1516 αὑτοῦ
1099 1459 1177 1532 τῷ
1211 1460 1323 1534 (75)
1347 1503 1361 1526 ,
1402 1462 1493 1516 τοῦ
1530 1464 1782 1538 Σωτῆρος

181 1551 447 1623 ἀναφέρει
462 1551 758 1623 προσώπῳ,
776 1552 1051 1624 ὁμολογῶν
1081 1555 1242 1608 αὐτὸν
1262 1549 1402 1609 εἶναι
1434 1555 1526 1608 τὸν
1552 1556 1609 1608 ἐν
1627 1556 1778 1624 Παρ-

179 1644 392 1714 οιμίαις
435 1646 609 1699 ταῦτα
647 1647 942 1716 φάσκοντα.
977 1648 1139 1717 Λέγει
1172 1647 1216 1700 δ’
1246 1643 1338 1703 οὖν
1378 1650 1562 1712 αὐτοῖς
1596 1650 1778 1720 ῥήμα-

1900 458 1920 492 ι
1953 441 2234 510 principio,
2259 441 2457 510 inquit,
2489 442 2798 511 priusquam
2833 451 3029 498 terram
3054 444 3317 499 conderet.
3351 444 3484 499 Ter-

1899 547 1917 581 ι
1956 545 2069 584 ram
2102 545 2399 599 quatnnam
2422 531 2718 604 ?_nostram
2770 533 3023 586 nimirum
3053 548 3272 588 carnem
3301 572 3318 598 ,
3359 550 3484 602 qua:

1899 639 1918 672 ι
1959 630 2080 690 post
2130 622 2630 692 transgressionem
2688 631 2832 678 terra
2881 623 3096 678 demum
3154 623 3298 678 facta
3356 624 3477 680 fuit.

1900 732 1917 763 ι
1963 711 2108 766 Nam
2137 723 2279 766 terra
2313 729 2387 778 es,
2421 714 2635 782 inquit,
2672 724 2720 767 et
2749 713 2810 767 in
2865 725 3057 767 (errant
3090 714 3416 770 revertere“.
3453 734 3472 767 ι

1896 807 2058 862 Vides
2120 817 2380 875 quantum
2433 806 2523 860 ille
2557 807 2832 862 aberravit
2864 823 2893 861 a
2939 816 3086 880 recta
3126 807 3210 861 via
3264 807 3474 874 devius,

1891 899 2029 952 viam
2093 898 2196 954 sibi
2243 898 2608 954 adinveniens
2651 915 2938 969 asperam,
2984 900 3471 970 impermeabilem,

1891 989 2182 1046 dilliculter
2205 991 2616 1046 transcundam.
2653 991 2788 1048 Vide
2820 1010 2950 1064 ergo
2977 994 3211 1064 qualiter
3242 994 3333 1049 ille
3369 995 3475 1050 im-

1889 1083 2158 1154 pudenter
2201 1083 2380 1139 ornnia
2413 1095 2468 1139 et
2517 1084 2802 1156 proﬂigato
2837 1087 3038 1156 pudore
3085 1088 3263 1156 potius
3291 1087 3471 1158 eloqui

1890 1178 2104 1242 maluit,
2140 1193 2304 1245 quam
2339 1178 2430 1248 qui
2461 1178 2555 1234 Dei
2591 1178 2870 1248 Sapientia
2910 1187 3027 1245 est,
3061 1189 3120 1233 ut
3144 1179 3341 1234 Filiqu
3376 1195 3469 1236 ve-

1887 1269 1946 1325 lit
1977 1272 2245 1325 conliteri.
2272 1271 2405 1326 lllud
2431 1287 2560 1342 ergo
2580 1311 2596 1336 ,
2626 1272 2878 1327 Dominus
2923 1274 3118 1328 creavit
3144 1291 3226 1328 me
3266 1276 3468 1343 princi-

1883 1367 2028 1436 pium
2049 1367 2251 1421 viarum
2277 1384 2517 1434 suarum,
2547 1370 2615 1421 ad
2642 1385 2800 1436 opera
2825 1386 2945 1436 sua,
2967 1370 3032 1424 ad
3064 1384 3348 1440 personam
3379 1373 3492 1424 re?

1888 1460 2010 1513 tulit
2037 1460 2373 1527 Servatoris,
2412 1460 2700 1517 confessus
2749 1463 2899 1518 illum
2930 1464 3179 1519 eumdem
3202 1479 3340 1530 esse,
3371 1467 3465 1534 qui

1885 1553 1937 1606 in
1969 1553 2278 1607 Proverbiis
2310 1554 2424 1608 liaic
2450 1553 2734 1623 profatur;
2762 1555 2835 1609 ait
2859 1555 3021 1624 igitur
3055 1555 3206 1610 hisce
3239 1555 3464 1612 totidem

1883 1643 2063 1698 verbis
2115 1643 2202 1715 [Ιί.
2253 1643 2391 1716 XI]:
2447 1664 2466 1696 ι
2517 1647 2782 1712 Quocirca
2841 1663 2968 1701 cum
3020 1656 3232 1702 vetusta
3280 1649 3462 1703 omnia

181 1753 267 1789 σιν
287 1754 301 1768 ·
343 1756 361 1786 ι
388 1736 597 1790 Οὐκοῦν
622 1739 847 1802 εἰκότως
885 1737 992 1794 τῶν
1025 1739 1270 1811 ἀρχαίων
1301 1739 1751 1812 παρεληλυθότων

1883 1755 1902 1787 ι
1946 1735 2398 1806 prae’teilluxerint
2429 1780 2444 1804 ,
2483 1739 2660 1793 futura
2692 1749 2871 1796 autem
2915 1751 3098 1796 essent
3130 1743 3314 1797 omnia
3359 1757 3460 1798 no~

184 1847 202 1876 ι
247 1827 450 1882 καινῶν
477 1829 534 1881 δὲ
561 1829 782 1884 ἔσεσθαι
812 1831 1114 1902 μελλόντων
1144 1832 1399 1886 ἁπάντων
1425 1832 1515 1888 διὰ
1544 1834 1644 1904 τῆς
1675 1832 1770 1888 τοῦ

182 1936 202 1969 ι
236 1919 490 1991 Σωτῆρος
544 1921 704 1992 ἡμῶν
743 1923 1088 1995 καινότητος,
1139 1927 1168 1979 6
1220 1926 1486 1999 δεσπότης
1535 1928 1694 1999 ήμῶν
1741 1931 1770 1983 6

180 2029 199 2060 ι
235 2011 473 2081 Χριστὸς
525 2013 614 2066 διὰ
661 2013 757 2067 τοῦ
811 2017 1094 2088 προφήτου
1151 2017 1279 2071 ὲὸόα
1325 2017 1522 2087 λέγων,
1549 2021 1772 2089 Κύριος

179 2123 197 2154 ι
234 2102 440 2158 ἐκτισέ
455 2122 534 2174 με
558 2106 756 2176 ἀρχὴν
785 2107 942 2163 ὁδῶν
970 2109 1179 2163 αὑτοῦ.
1230 2129 1248 2160 ›
1292 2110 1462 2165 Τοῦτο
1502 2111 1547 2165 δ’
1598 2112 1767 2166 εἰπὼν

172 2195 267 2248 ἐπὶ
288 2196 392 2268 τὴν
438 2197 619 2270 σάρκα
640 2198 735 2252 τοῦ
787 2201 1036 2274 Σωτῆρος
1091 2201 1247 2272 ήμῶν
1302 2203 1634 2258 καταϐάλλει
1667 2205 1766 2278 τὴν

168 2286 411 2342 διάνοιαν
430 2329 446 2353 ,
487 2289 617 2360 ἑξῆς
645 2291 914 2361 ἐπιλέγων
940 2311 953 2323 ο
994 2314 1016 2344 ι
1047 2295 1268 2347 Ἐκτισε
1289 2295 1396 2368 γάρ
1432 2295 1670 2368 ἀληθῶς,
1703 2297 1766 2351 τὸ

173 2398 191 2427 ι
227 2380 306 2450 μή
339 2379 400 2434 δν
446 2383 787 2454 πεποιηκὼς,
813 2387 842 2438 6
869 2386 1152 2457 Δεσπότης
1198 2387 1360 2459 ἡμῶν
1400 2391 1429 2444 6
1463 2389 1615 2454 Θεός.
1650 2391 1766 2444 Οὐκ

170 2487 189 2519 c
227 2465 397 2525 οὖσαν
424 2471 533 2544 γὰρ
556 2474 654 2545 τήν
683 2475 862 2547 σάρκα
880 2517 895 2542 ,
932 2477 1001 2549 ἣν
1031 2479 1320 2551 ἀνείληφεν
1348 2482 1376 2534 6
1395 2481 1588 2550 Λόγος,
1625 2481 1764 2536 ἀλλὰ

170 2580 190 2613 ι
235 2563 313 2635 μὴ
348 2560 514 2620 οὖσαν
542 2566 755 2622 ἔκτισεν
781 2571 954 2644 ἀρχὴν
989 2570 1142 2645 [τῶν]
1173 2573 1310 2627 ὁδῶν
1349 2575 1536 2630 αὑτοῦ.
1581 2596 1600 2628 a
1649 2577 1760 2630 Καὶ

161 2658 226 2712 οὐ
255 2660 504 2731 συνίησιν
535 2665 564 2716 6
603 2669 868 2732 γενναῖος,
895 2667 971 2730 ὡς
1001 2667 1099 2738 μία
1138 2685 1224 2733 τις
1255 2669 1524 2742 ἔκφρασις
1555 2673 1650 2726 καὶ
1701 2672 1762 2726 ἓν

163 2753 460 2824 πρόσωπον
499 2757 759 2829 τυγχάνει
783 2760 845 2812 τὸ
880 2761 1080 2832 φῆσαν,
1116 2762 1263 2830 Ἐγὼ
1288 2766 1328 2833 ἡ
1353 2766 1564 2834 Σοφία,
1620 2783 1761 2820 κατ-

155 2847 492 2916 εσκήνωσα
539 2851 787 2921 βουλὴν
817 2895 833 2918 ,
882 2856 974 2907 καὶ
1019 2855 1114 2920 τὸ,
1166 2858 1383 2923 Κύριος
1425 2859 1631 2912 ἐκτισέ
1657 2876 1758 2929 με.

162 2939 333 2993 Ὥστε
364 2937 466 3012 (εὖ)
499 2943 592 2996 ἐπὶ
626 2943 724 3016 τὴν
755 2946 936 3017 σάρκα
952 2947 1207 3016 ἁνάγοιτο
1240 2948 1466 3020 θάτερον
1489 2991 1505 3014 ,
1541 2951 1754 3024 ἀνάγκη

157 3031 258 3085 καὶ
295 3032 358 3086 τὸ
392 3034 613 3106 ἕτερον·
660 3039 755 3090 καὶ
805 3040 838 3109 ή
884 3038 1052 3108 Σοφία
1090 3039 1243 3093 ἔσται
1288 3042 1322 3112 ή
1354 3041 1422 3094 τὰ
1471 3043 1757 3115 ἀμφότερα

155 3123 414 3192 λέγουσα.
452 3127 514 3180 Εἰ
544 3128 601 3180 δὲ
645 3131 678 3200 ἡ
718 3129 857 3202 σὰρξ
901 3131 1050 3199 λέγει
1107 3132 1249 3186 κατὰ
1302 3133 1620 3205 Μάρκελλον
1671 3135 1753 3201 τὸ,

154 3214 379 3281 Κύριος
401 3216 605 3271 ἔκτισέ
629 3235 708 3288 με
737 3219 938 3288 ἀρχὴν
967 3219 1134 3293 [τῶν]
1161 3221 1314 3276 ὁδῶν
1356 3224 1573 3290 αὑτοῦ,
1614 3225 1750 3295 αὕτη

153 3307 225 3362 ἂν
250 3310 336 3378 εἴη
365 3313 398 3380 ή
462 3311 661 3380 Σοφίαο
698 3314 792 3367 καὶ
844 3313 996 3368 ἔσται
1029 3318 1062 3387 ή
1097 3315 1232 3389 σὰρξ
1271 3319 1304 3390 ή
1334 3319 1634 3387 φάσκουσα,
1672 3321 1750 3372 Δι’

150 3401 303 3470 ἐμοῦ
319 3403 603 3471 βασιλεῖς
649 3405 1078 3476 βασιλεύουσι,
1136 3410 1235 3463 καὶ
1274 3409 1348 3463 δι’
1403 3411 1550 3481 ἐμοῦ
1588 3428 1752 3482 μεγι-

151 3489 382 3559 στᾶνες
400 3496 859 3564 μεγαλύνονται.
896 3498 1021 3563 Πῶς
1060 3499 1106 3552 δ’
1136 3499 1202 3555 ἂν
1247 3500 1395 3554 εἴποι
1422 3505 1455 3574 ἡ
1505 3502 1640 3575 σὰρξ
1665 3504 1746 3569 τὸ,

150 3585 568 3653 Μνημονεύσω
604 3589 676 3642 τὰ
701 3589 770 3654 ἐξ
797 3589 1014 3657 αἰῶνος
1041 3592 1406 3663 ἀριθμῆσαι;
1443 3589 1524 3659 οἷς
1551 3597 1748 3666 ἐπάγει

149 3677 234 3736 τὸ.
271 3680 489 3746 Κύριος
527 3681 732 3736 ἐκτισέ
777 3700 858 3752 με
916 3685 1118 3755 ἀρχῆν
1147 3685 1312 3761 [τῶν]
1345 3688 1503 3744 ὁδῶν
1533 3695 1741 3749 αὐτοῦ.

153 3770 284 3824 ’Ὀδε
316 3773 410 3825 καὶ
441 3773 584 3836 τίνες
609 3777 663 3828 αἰ
687 3775 798 3829 ὁδοὶ
830 3779 1128 3850 παρίστησι
1177 3780 1352 3850 λέγων
1384 3782 1541 3853 ἑξῆς·
1579 3805 1598 3837 ι
1638 3783 1742 3841 Οὗ-

153 3883 172 3914 ι
208 3881 302 3926 τος
325 3865 434 3936 γὰρ
455 3869 587 3937 ἡμῖν
612 3872 723 3934 τοῖς
752 3871 981 3937 δικαίως
1043 3871 1424 3929 πολιτεύεσθαι
1462 3876 1739 3948 μέλλουσι,

151 3975 173 4007 ι
201 3957 513 4025 θεοσεϐείας
559 3961 676 4027 ὁδὸς
726 3964 983 4033 γέγονεν·
1015 3966 1158 4039 ἁρχὴ
1215 3969 1403 4022 πασῶν
1438 3970 1546 4026 τῶν
1605 3975 1743 4044 μετὰ

152 4069 172 4101 s
211 4050 547 4108 ταῦταὸδῶν.
572 4077 588 4107 ι
615 4058 725 4110 Καὶ
741 4058 1119 4130 προστίθησιν,
1149 4081 1168 4113 ι
1187 4061 1384 4131 ἀρχὴν
1403 4063 1459 4116 δὲ
1483 4063 1640 4119 ὁδῶν
1653 4068 1742 4121 διὰ

149 4161 170 4192 ι
202 4141 367 4196 τοῦτο
395 4145 620 4210 εἰκότως
653 4148 841 4221 εἴρηκε
879 4150 972 4204 τὸν
1007 4150 1275 4222 δεσπότην
1305 4155 1464 4225 ήμῶν
1496 4155 1587 4210 τὸν
1625 4159 1738 4211 Σω-

148 4254 170 4285 ‹
209 4235 375 4306 τῆρα,
403 4237 536 4291 διότι
577 4245 670 4293 καὶ
701 4241 809 4296 τῶν
841 4243 1064 4315 ἐτέρων,
1105 4237 1180 4298 ὧν
1215 4248 1551 4319 ἐσχήκαμεν,
1602 4251 1738 4306 ὁδῶν

146 4347 167 4380 s
203 4329 344 4398 μετὰ
365 4330 464 4402 τὴν
497 4332 720 4406 πρώτην
779 4335 898 4388 ὁδὸν
943 4337 1085 4408 ἁρχὴ
1114 4338 1301 4408 γέγονε
1323 4356 1336 4368 ⁸
1370 4341 1468 4404 τὰς
1493 4341 1579 4396 διὰ
1629 4343 1738 4396 τῶν

145 4439 168 4472 ε
210 4421 373 4492 ἰερῶν
432 4423 746 4479 ἀποστόλων
799 4428 974 4498 δηλῶν
1024 4431 1372 4502 παραδόσεις,
1415 4433 1522 4488 τῶν
1595 4436 1732 4505 μετὰ

145 4529 167 4564 s
199 4511 409 4583 ὑψηλοῦ
429 4555 444 4578 ,
485 4516 628 4570 κατὰ
652 4519 748 4589 τὴν
789 4521 1148 4592 προφητείαν,
1178 4525 1532 4596 κηρύγματος
1561 4545 1733 4600 κηρυ-

143 4623 166 4655 s
199 4605 410 4672 ξάντων
456 4611 587 4681 ἡμῖν
613 4612 676 4665 τὸ
711 4613 897 4668 καινὸν
938 4613 1096 4668 τοῦτο
1128 4618 1444 4688 μυστήριον.
1484 4639 1502 4672 ι
1545 4621 1730 4675 Ταῦτα

137 4697 482 4769 Μάρκελλος.
805 4714 943 4829 Κὲῴ
1004 4778 1056 4830 Γ,

1884 1849 1902 1881 ι
1942 1845 2030 1895 va,
2062 1846 2159 1900 per
2185 1842 2240 1885 et
2272 1844 2496 1902 prepter
2539 1832 2879 1887 nobilitatem
2911 1830 3220 1888 Servatoris
3265 1834 3460 1899 nostri,

1879 1942 1898 1974 ι
1943 1923 2204 1978 Dominus
2238 1936 2424 1978 uoster
2473 1925 2725 1981 Christus
2754 1942 2851 1995 per
2885 1927 3202 1996 prophetam
3253 1927 3461 1998 procla-

1879 2033 1897 2065 ι
1937 2025 2072 2079 mat,
2121 2014 2395 2085 inquiens,
2433 2017 2692 2072 Dominus
2739 2019 2979 2072 condidit
3007 2036 3089 2074 me
3133 2020 3458 2090 principium

1877 2126 1896 2158 ι
1939 2108 2140 2162 viarum
2167 2123 2405 2164 suarum.
2441 2129 2458 2161 ι
2495 2111 2618 2165 llaec
2645 2111 2963 2181 prolocutus
2991 2112 3058 2167 ad
3089 2127 3308 2167 carnem
3330 2113 3460 2169 Ser-

1870 2203 2100 2262 vatoris,
2135 2203 2524 2273 cogitationem
2559 2221 2714 2260 suam
2747 2205 2928 2273 dejicit
2956 2246 2973 2270 ,
3017 2207 3069 2260 in
3102 2207 3475 2276 sequentibus.

1869 2291 2156 2359 inquiens:
2190 2311 2209 2344 ι
2251 2290 2386 2347 Vere
2440 2293 2581 2347 enim
2611 2293 2852 2347 condidit
2877 2293 2969 2362 qui
2999 2310 3104 2348 non
3132 2309 3228 2348 ens
3248 2295 3455 2348 creavit

1872 2401 1890 2434 ι
1919 2382 2179 2438 Dominus
2207 2395 2393 2438 noster
2413 2383 2572 2438 Deus.
2590 2383 2722 2438 Nam
2741 2400 2961 2439 carnem
2980 2387 3451 2440 uonexsistentem

1870 2491 1889 2524 ι
1915 2475 2154 2544 suscepit
2197 2485 2438 2529 nostram
2466 2477 2722 2542 Verbum,
2741 2487 2933 2532 etcum
2954 2478 3272 2544 susciperet,
3297 2479 3450 2546 prin-

1873 2569 2110 2638 scipium
2163 2571 2366 2624 viarum
2407 2587 2624 2624 suarum
2660 2570 2809 2625 fecit.
2852 2589 2871 2621 ι
2905 2569 3018 2626 Nec
3070 2571 3322 2642 intelligit
3367 2573 3452 2625 vir

1862 2661 2132 2730 optimus,
2162 2662 2308 2730 quod
2351 2671 2406 2717 et
2461 2663 2621 2718 unica
2653 2662 2822 2718 dictio
2866 2671 2921 2717 et
2969 2677 3201 2734 persona
3232 2679 3450 2735 quoque

1862 2755 2020 2810 unica
2056 2755 2148 2819 sit,
2178 2757 2268 2825 qui
2297 2756 2452 2820 dixit,
2487 2754 2602 2825 Ego
2640 2755 2912 2826 Sapientia
2942 2755 3223 2810 consilium
3249 2758 3449 2810 consti-

1861 2848 1937 2901 tui
1975 2847 2040 2912 ",
2083 2858 2155 2912 et,
2188 2847 2446 2902 Dominus
2500 2849 2733 2912 condidit
2767 2864 2846 2901 me
2872 2847 2936 2904 ”.
2963 2846 3204 2913 Quorum
3238 2856 3448 2902 utrum-

1859 2955 1963 3009 que
1997 2941 2081 2995 vel
2127 2939 2446 2994 utrumlibet
2490 2942 2556 2994 de
2579 2956 2743 2994 carne
2777 2940 3148 3009 praedicatur:
3190 2939 3332 3010 quod
3366 2941 3446 2996 sic

1859 3033 2016 3101 plane
2068 3043 2356 3101 utrumque
2383 3042 2441 3095 ,ct
2492 3034 2768 3103 Sapientia
2804 3034 2930 3097 erit,
2971 3049 3094 3102 qua:
3129 3043 3183 3088 et
3219 3035 3326 3090 hoc
3354 3035 3441 3086 di-

1860 3127 1937 3181 xit
1957 3167 1972 3190 ,
1999 3137 2158 3194 atque
2187 3126 2340 3179 illud.
2375 3125 2529 3192 Quod
2559 3129 2603 3180 si
2640 3142 2707 3180 ex
2746 3127 3015 3181 sententia
3045 3125 3284 3182 Marcelli
3313 3141 3441 3182 caro

1858 3219 2028 3283 dicat,
2061 3218 2322 3272 Dominus
2353 3222 2544 3273 creavit
2581 3236 2664 3274 me
2696 3220 3018 3290 principium
3058 3222 3267 3275 uiarum
3312 3238 3440 3275 sua-

1857 3327 1997 3376 rum,
2039 3309 2127 3364 illa
2161 3311 2266 3365 erit
2301 3310 2604 3381 Sapientia,
2637 3323 2799 3381 atque
2823 3327 2952 3368 caro
2990 3328 3110 3382 quae
3135 3314 3287 3379 dicit,
3339 3312 3441 3367 l-‘er

1853 3418 1932 3456 me
1956 3419 2098 3470 reges
2127 3412 2346 3472 regnant
2373 3444 2388 3468 ,
2435 3414 2483 3458 et
2515 3421 2610 3473 per
2641 3420 2724 3458 me
2768 3415 3036 3475 magnates
3067 3407 3244 3476 magni
3276 3405 3436 3474 fiunt,

1852 3504 1907 3548 at
1931 3496 2204 3564 quomodo
2234 3496 2415 3551 dicere
2465 3497 2666 3567 poterit
2710 3512 2861 3562 caro,
2908 3496 3214 3551 Memorabo
3252 3513 3436 3554 eorum

1849 3606 1966 3658 quae
2008 3599 2130 3644 sunt
2182 3607 2215 3642 a
2261 3589 2500 3646 διεσαιοῖ
2545 3589 2744 3659 quibus
2797 3589 3122 3644 subnectit:
3177 3588 3434 3644 Dominus

1850 3680 2081 3733 condidit
2114 3697 2196 3735 me
2232 3682 2548 3750 principium
2583 3680 2791 3733 viarum
2833 3680 2969 3748 ejus.
3011 3680 3268 3746 Qumuam
3303 3693 3434 3734 vero

1847 3775 1954 3827 sint
1985 3774 2086 3827 illa:
2129 3775 2228 3827 via.-
2277 3775 2434 3828 docet
2469 3774 2519 3827 in
2557 3774 2908 3843 sequentibus
2946 3773 3036 3845 [Β.
3077 3771 3191 3844 ΧΗ]
3227 3793 3239 3828 :
3279 3793 3298 3826 ι
3351 3773 3430 3829 lla

1853 3885 1870 3917 ι
1904 3868 2044 3920 enim
2068 3867 2156 3922 ille
2185 3866 2363 3930 nobis,
2387 3867 2478 3935 qui
2503 3866 2804 3921 secundum
2837 3867 3101 3920 rationem
3124 3867 3325 3936 justam
3349 3868 3432 3921 in-

1851 3977 1869 4010 ι
1910 3959 2136 4014 stituere
2182 3960 2346 4012 vitam
2380 3958 2628 4013 volumus
2655 3999 2670 4016 .
2715 3958 2934 4028 pietatis
2965 3960 3050 4014 via
3088 3960 3268 4016 factus
3293 3970 3376 4016 est
3411 3980 3426 4017 :

1849 4071 1866 4102 ι
1908 4053 2232 4122 principium
2271 4053 2483 4106 viarum
2525 4052 2769 4106 omnium
2797 4054 3180 4122 posteriorum.
3217 4071 3237 4106 ι
3267 4055 3431 4110 Addit

1843 4155 2022 4197 autem
2058 4164 2076 4196 ι
2110 4145 2431 4213 principium
2462 4145 2665 4198 viarum
2690 4147 2760 4199 ob
2803 4145 2906 4198 hoc
2935 4146 3107 4214 ipsum
3142 4145 3428 4234 Dominum

1848 4251 1865 4283 ι
1900 4248 2044 4296 esse,
2067 4243 2120 4288 et
2144 4234 2492 4289 Servatorem
2519 4244 2764 4289 nostrum
2801 4251 2815 4289 :
2841 4246 3124 4306 prepterea
3151 4238 3294 4306 quod
3319 4239 3428 4293 via-

1848 4346 1866 4379 ι
1911 4343 2050 4392 rum,
2093 4342 2229 4398 quas
2287 4327 2517 4398 ingrcssi
2573 4343 2762 4383 sumus
2800 4339 2921 4398 post
2971 4330 3202 4398 primam
3237 4331 3380 4385 viam
3407 4375 3423 4396 ,

1846 4437 1864 4470 ι
1906 4419 2230 4488 principium
2255 4420 2488 4476 exstitit.
2525 4417 2707 4474 lnnuit
2735 4429 2920 4474 autem
2955 4421 3281 4477 traditiones
3328 4439 3422 4478 ac-

1845 4531 1864 4562 ι
1893 4523 2076 4582 ceptas
2093 4527 2121 4565 a
2140 4513 2336 4567 divinis
2351 4515 2634 4582 apostolis,
2649 4514 2762 4581 qui,
2779 4515 3072 4567 secundum
3089 4516 3421 4582 prophetias,

1844 4619 1861 4651 ι
1904 4617 2005 4656 uua
2029 4618 2151 4656 cum
2184 4604 2450 4658 altissimo
2480 4603 2572 4657 illo
2595 4603 2888 4674 praeconio,
2932 4621 3128 4660 novum
3166 4607 3269 4662 hoc
3304 4623 3422 4678 my-

1842 4713 1860 4744 ι
1903 4694 2133 4749 sterium
2157 4695 2313 4751 nobis
2336 4699 2793 4762 annuntiarunt.»
2823 4695 3091 4753 Hactenus
3114 4697 3417 4757 Marcellus.

2439 4790 2670 4846 CAPUT
2715 4790 2799 4846 ΙΙΙ.

140 4861 580 4950 Ἔλεγχοςίεῶν
609 4869 734 4950 οὐκ.
767 4869 1074 4950 ὀρθῶς-εὶς
1108 4874 1262 4950 τοὺς.
1297 4877 1524 4950 τόπους
1566 4879 1728 4946 αὐτῷ

1867 4887 1899 4945 Β
1961 4881 2227 4949 Refulatio
2279 4898 2460 4935 eorum
2495 4899 2612 4949 quae
2645 4901 2884 4950 perverse
2931 4897 3310 4942 commentatus
3341 4899 3420 4942 est

209 4933 610 5004 λελεγμένων,
639 4938 739 4990 καὶ
762 4933 882 4993 τῶν
906 4933 1104 4996 αὐτῶν
1140 4933 1316 5012 ὑγιὴς
1351 4933 1652 5016 ἐρμηῖθεία.

209 5026 273 5078 Εἰ
305 5026 403 5097 μὲν
424 5023 517 5081 οὖν
547 5029 620 5100 μή
651 5031 746 5084 καὶ
770 5032 868 5104 τὴν
891 5033 1131 5098 Μωσέως
1156 5036 1250 5090 καὶ
1292 5038 1400 5091 τῶν
1431 5039 1542 5110 (76)
1586 5043 1726 5112 μετὰ

134 5117 343 5170 Μωσέα
372 5117 666 5190 προφητῶν
698 5120 1024 5192 παρεδέχετο
1053 5122 1273 5195 Γραφὴν
1297 5164 1310 5186 ,
1338 5121 1482 5196 εἶχεν
1508 5128 1571 5180 ἄν
1603 5146 1726 5184 τινα

135 5210 326 5263 εἰκότα
349 5211 498 5282 αὑτῷ
530 5211 688 5280 λόγον
734 5216 766 5285 ἡ
806 5213 1058 5278 ἀπόδοσις
1079 5233 1090 5245 ·
1135 5218 1258 5269 ἐπεὶ
1285 5218 1342 5270 δὲ
1364 5219 1424 5272 οὑ
1446 5219 1557 5274 τῶν
1599 5222 1725 5276 ἀθε-

1996 4953 2064 5006 ad
2095 4953 2238 5016 loca,
2269 4962 2318 5004 et
2345 4956 2634 5010 orthodoxa
2662 4971 2840 5009 eorum
2871 4956 3257 5024 interpretatio.

1908 5043 1967 5099 Si
2027 5060 2204 5114 neque
2243 5043 2404 5100 Musis
2454 5062 2552 5102 nec
2600 5049 2987 5116 prophetarum
3035 5062 3159 5119 post
3212 5050 3416 5108 Mosem

1836 5137 2153 5207 Scripturas
2169 5137 2482 5192 admitteret
2505 5139 2811 5208 Marcellus,
2848 5140 3182 5211 probabilem
3218 5142 3422 5198 [ortas--

1835 5227 1912 5283 sis
1941 5228 2208 5283 rationem
2246 5229 2511 5285 haberent
2541 5247 2660 5300 qua:
2687 5231 2756 5286 ab
2789 5247 2856 5289 eo
2888 5234 3126 5304 profecta
3157 5247 3303 5290 sunt.
3347 5241 3411 5292 At

133 5300 376 5356 τούντων
413 5302 531 5356 ἐστὶ
559 5303 657 5374 τήν
682 5305 925 5360 Παλαιὰν
958 5307 1399 5381 Διαθήκην,τίδή
1433 5330 1561 5366 ποτε
1593 5315 1718 5382 τοὺς

1867 5336 1950 5373 uin
1985 5333 2089 5374 non
2144 5320 2214 5374 sit
2241 5335 2308 5374 ex
2338 5335 2526 5377 eorum
2553 5337 2781 5380 numero
2823 5325 2914 5396 qui
2957 5321 3119 5384 Vetus
3160 5341 3412 5386 recusant

210 5459 269 5516 >14
307 5453 404 5507 Ed.
440 5455 640 5522 Paris.,
674 5476 796 5529 pag.
835 5460 954 5515 l56.
1039 5462 1080 5495 ν’
1116 5461 1251 5520 Cen.
1285 5480 1368 5531 ιιι,
1415 5465 1498 5521 l9.

347 5642 489 5718 ξ’θ-έγ
503 5643 696 5718 ξασθαι
727 5647 760 5718 ἢ
797 5646 901 5718 Mp.

202 5709 316 5782 (75)
347 5709 512 5784 Vulgo
545 5715 623 5768 τό.

1600 5469 1642 5502 ¹⁵
1663 5471 1827 5534 Prov.
1860 5491 1956 5533 vni
1987 5513 2002 5542 ,
2031 5475 2122 5530 12.

2220 5476 2266 5508 ¹⁶
2299 5476 2426 5532 ibid.
2460 5478 2554 5534 22.

1910 5665 2019 5738 (76)
2050 5663 2215 5736 Vulgo
2250 5666 2406 5722 κατά.
