3828 6222
372 306 480 372 983
1051 304 1323 365 EUSEBII
1362 307 1848 369 CESABIENSIS
1885 307 2039 369 OPP.
2079 307 2263 370 PARS
2302 309 2392 370 IV.
2430 337 2500 354 ά-
2538 307 2960 370 DOGMATICA.
3559 311 3668 370 986

369 432 800 495 Testamentum,
826 443 1084 502 quorsum
1109 440 1166 486 et
1197 429 1470 498 apostolos
1491 474 1507 500 ,
1537 442 1594 488 et
1621 433 1836 489 illorum
1867 451 1881 490 ι

2155 453 2178 489 ν
2204 437 2534 500 ἀποστόλους
2553 437 2649 490 καὶ
2685 435 2893 490 τούτων
2930 435 3032 499 τὰς
3087 435 3458 500 διδασκαλίας,
3484 433 3667 502 ὀδοὺς

373 525 603 580 ctriuam
649 523 760 578 vius
814 522 1163 576 nominavit?
1217 521 1408 593 Neque
1445 525 1686 579 animum
1731 526 1885 581 advel

2158 527 2370 598 Spaaev,
2399 529 2522 600 οὐχὶ
2553 528 2610 582 δὲ
2639 528 2946 601 προσσέσχε
2994 531 3106 592 τοῖς
3131 528 3224 582 τοῦ
3262 527 3399 582 Θεοῦ
3459 529 3670 599 προφήο

376 617 466 672 Dei
499 616 800 686 prophetis,
827 615 920 684 qui
953 625 1210 670 sexcenta
1239 616 1487 684 qutedam
1526 617 1591 672 de
1619 618 1726 674 viis
1750 617 1880 672 Dom

2163 638 2210 686 ς,
2265 621 2433 693 μυρία
2469 621 2598 694 περὶ
2637 621 2775 675 ὁδῶν
2827 620 2963 674 Θεοῦ
3001 619 3375 690 γεγραφόσιν;
3441 620 3670 692 Πρῶτον

374 709 732 777 scripserunt.
764 707 940 764 Moses
967 718 1151 763 autem
1181 708 1434 777 inprimis
1482 709 1553 763 ita
1579 711 1822 781 scripsit,
1863 709 1886 766 ι

2158 733 2173 769 ρ
2206 714 2314 787 γὰρ
2352 713 2561 784 Μωσῆς
2579 709 2682 767 ὦδε
2707 713 2935 785 γράφων
2966 713 3183 783 ἔλεγεν⁹
3235 711 3382 778 Ὂδῷ
3418 713 3670 778 ,ϐασιλί-

375 803 520 873 regia
567 802 898 872 proﬁciscere
951 799 1015 858 ίτ.
1068 801 1176 869 Ει,
1223 798 1363 856 Ecce
1423 803 1577 870 posui
1624 815 1746 858 ante
1777 803 1884 874 faci

2208 807 2480 876 πορεύσῃ
2501 824 2514 837 ·
2567 807 2683 870 καὶ,
2737 805 2888 860 Ἰδοὺ
2921 803 3154 861 τέθεικα
3185 805 3296 875 πρὸ
3337 804 3672 876 προσώπου

377 904 524 947 tuam
553 895 692 948 viam
724 895 864 957 vita,
897 903 947 948 et
981 896 1116 948 riam
1148 895 1338 949 mortis
1371 895 1435 949 ’⁸.
1476 895 1541 948 Ει
1570 894 1740 950 David
1777 895 1889 950 simi

2159 918 2192 954 v
2222 899 2336 967 τὴν
2365 898 2510 954 ὁδὸν
2536 897 2648 967 τῆς
2672 897 2822 968 ζωῆς
2841 940 2856 962 ,
2899 899 2996 952 καὶ
3027 897 3142 966 τὴν
3167 898 3314 952 ὁδὸν
3343 898 3453 952 τοῦ
3484 895 3671 952 θανά·-

379 999 489 1054 ter,
527 987 685 1044 Novit
721 988 978 1043 Dominus
1007 990 1144 1043 viam
1179 989 1472 1058 iustorum,
1503 997 1552 1043 et
1582 989 1665 1043 via
1687 989 1891 1058 impior:

2159 1008 2212 1045 1'
2285 991 2380 1044 κα)⁵
2421 992 2449 1045 6
2505 989 2671 1043 Δαόἱδ
2691 991 2915 1062 ὁμοίως,
2953 989 3248 1044 Γινώσκει
3299 989 3412 1062 (77)
3451 991 3671 1059 Κύριος

376 1078 563 1148 peribit
589 1079 655 1133 η.
688 1078 755 1134 Ει
790 1077 1080 1144 Jeremias,
1106 1080 1261 1135 State
1294 1082 1350 1135 in
1389 1082 1510 1148 viis,
1559 1091 1606 1136 et
1647 1082 1883 1151 interrog

2159 1081 2222 1134 ὒν
2250 1081 2516 1144 δικαίων,
2552 1082 2650 1135 καὶ
2697 1080 2840 1146 ὁδὸς
2899 1076 3137 1135 ἀσεϐῶν
3165 1079 3510 1135 ἀπολεῖταιο
3571 1079 3671 1133 καὶ

379 1172 446 1224 de
477 1171 674 1225 semitis
704 1170 914 1224 Domini
939 1174 1232 1236 azternis,et
1263 1173 1430 1226 videte
1452 1190 1571 1243 qua:
1605 1175 1672 1228 sit
1703 1173 1789 1227 via
1812 1175 1891 1228 bo:

2163 1193 2222 1246 ρε
2231 1173 2379 1247 μίας,
2411 1171 2600 1244 Στῆτε
2619 1174 2690 1228 ἐν
2717 1173 2847 1238 ταῖς
2861 1173 3042 1238 ὁδοῖς,
3065 1172 3165 1227 καὶ
3186 1173 3527 1242 ἐρωτήσατε
3545 1171 3673 1240 τρι-

379 1271 432 1317 et
462 1262 516 1315 in
554 1263 648 1315 illa
672 1263 936 1318 ambulate
963 1265 1031 1318 ²⁰.
1061 1263 1166 1318 Sed
1195 1274 1250 1320 et
1278 1266 1520 1336 singulos
1555 1267 1849 1336 pr0plietas
1887 1269 1891 1319 ἱ

2160 1286 2224 1333 υς
2265 1269 2484 1336 Κυρίου
2527 1268 2827 1331 αἰωνίους,
2881 1267 2983 1319 καὶ
3032 1267 3189 1319 ἴδετε
3233 1267 3377 1320 ποία
3428 1266 3604 1318 ἐστὶν
3629 1263 3672 1330 ἡ

378 1353 568 1409 venies
610 1353 808 1409 fecis<e
856 1357 1184 1412 mentionem
1248 1358 1450 1412 viarum
1507 1357 1627 1413 Dei.
1699 1360 1756 1414 Si
1811 1360 1880 1428 igi

2163 1359 2218 1426 ὃς
2240 1361 2278 1428 ἡ
2315 1359 2531 1429 ἀγαθὴ,
2562 1359 2660 1412 καὶ
2689 1359 3017 1428 πορεύεσθε
3056 1359 3128 1412 ἐν
3152 1356 3308 1426 αὐτῇ
3328 1375 3341 1388 ·
3391 1359 3486 1412 καὶ
3542 1359 3675 1411 ἕκα-

386 1445 645 1501 Servator
666 1457 722 1502 et
764 1449 1023 1504 Dominus
1052 1459 1242 1504 noster
1272 1447 1432 1505 Jesus
1457 1450 1732 1515 Christus,
1768 1467 1828 1507 se
1866 1452 1898 1505 ii

2167 1469 2202 1504 IV
2229 1447 2287 1504 δὲ
2317 1451 2426 1504 τῶν
2451 1450 2745 1524 προφητῶν
2765 1450 3041 1522 διαφόρως
3087 1449 3540 1522 μνημονεύσαντα
3563 1449 3679 1501 τῶν

386 1539 523 1593 tium
559 1541 767 1594 viarum
801 1541 1014 1596 Domini
1052 1543 1265 1607 doceat,
1293 1543 1345 1597 in
1369 1545 1569 1613 quibus
1593 1544 1690 1612 ait,
1717 1544 1898 1600 Domin

2165 1541 2212 1595 iv
2236 1540 2330 1594 τοῦ
2359 1541 2494 1594 Θεοῦ
2525 1543 2798 1614 εὑρήσεις.
2828 1542 2890 1594 Ei
2912 1540 3093 1593 τοίνυν
3118 1543 3147 1594 6
3195 1540 3386 1611 Σωτὴρ
3421 1541 3512 1594 καὶ
3555 1539 3677 1593 Κύ-

387 1632 623 1686 coudidit
677 1650 760 1688 me
809 1635 1126 1703 principium
1176 1637 1386 1690 viarum
1435 1653 1656 1691 suarum
1699 1641 1772 1691 ad
1819 1654 1899 1706 opt

2169 1651 2198 1697 ς
2229 1636 2263 1704 ἡ
2273 1633 2390 1703 μῶν
2425 1633 2633 1704 Ἰησοῦς
2665 1633 2902 1704 Χριστὸς
2919 1631 3014 1685 τοῦ
3040 1631 3176 1686 Θεοῦ
3203 1633 3379 1703 ἀρχὴν
3406 1627 3680 1685 εἶναιτῶν

388 1739 487 1776 sua
511 1724 578 1791 “,
612 1726 835 1780 omnino
857 1727 965 1792 ille,
1006 1738 1062 1782 et
1102 1727 1252 1783 Mose
1283 1731 1581 1796 antiquior,
1614 1739 1669 1785 et
1695 1731 1900 1801 prophe

2171 1724 2218 1777 ὃν
2249 1723 2344 1777 τοῦ
2370 1723 2508 1778 Θεοῦ
2535 1720 2728 1778 ἑαυτὸν
2753 1723 2993 1777 διδάσκει
3020 1723 3446 1792 λέγων.Κύριος
3469 1721 3683 1777 ἐκτισέ

389 1815 515 1880 erit,
550 1826 604 1868 et
658 1817 724 1872 iis
756 1819 1011 1875 omnibus
1039 1822 1133 1889 qui
1180 1821 1360 1877 adhuc
1387 1821 1637 1888 ulterius,
1672 1826 1901 1879 secundi

2171 1815 2370 1885 ἀρχὴν
2397 1814 2551 1870 ὁδῶν
2576 1815 2762 1870 αὑτοῦ
2784 1817 2873 1881 εὶς
2897 1815 3043 1885 ἔργα
3069 1815 3277 1876 αὑτοῦ,
3317 1814 3539 1877 πάντως
3567 1830 3681 1866 που

390 1908 508 1962 vias
537 1907 632 1962 Dei
664 1911 936 1966 vixerunt.
980 1913 1086 1967 Sed
1116 1929 1223 1967 non
1261 1924 1379 1968 erat
1407 1930 1538 1970 caro
1568 1929 1733 1983 quam
1758 1929 1902 1970 assut

2170 1904 2449 1967 ιΜωσέως
2477 1905 2570 1958 καὶ
2597 1905 2708 1958 τῶν
2743 1904 3040 1976 προφητῶν
3065 1902 3159 1957 καὶ
3191 1903 3300 1957 τῶν
3338 1903 3417 1957 ἔτι
3469 1903 3682 1956 ἀνωτέ-

389 2003 501 2070 psit
547 2003 696 2057 hisce
725 2003 978 2059 omnibus
1001 2005 1282 2074 antiquior
1317 2026 1332 2062 :
1365 2007 1550 2076 itaque
1599 2023 1706 2063 non
1734 2019 1884 2064 recte

2215 1997 2358 2052 κατὰ
2407 1997 2507 2062 τὰς
2567 1998 2722 2061 ὁδοὺς
2762 1997 2858 2052 τοῦ
2911 1997 3048 2051 Θεοῦ
3120 1997 3460 2068 βεϐιωκότων
3488 1997 3572 2066 εἴη
3612 1995 3686 2050 ἂν

391 2107 556 2146 carne
587 2094 1014 2163 interpretantur
1057 2096 1336 2150 oraculum
1373 2095 1526 2150 illud.
1572 2093 1838 2162 Quocirca
1868 2112 1900 2150 n

2172 2087 2486 2160 ισὸύτερος·
2513 2087 2628 2143 ἀλλ’
2652 2088 2776 2159 οὐχὶ
2813 2090 2846 2160 ὴ
2878 2087 3035 2160 σὰρξ,
3065 2088 3134 2159 ἢν
3173 2087 3485 2158 ἀνείληφεν,
3529 2087 3684 2140 ὲκεί-

392 2181 603 2238 iocutus
628 2195 710 2238 est
741 2185 842 2239 ista
869 2185 1130 2240 Servatur
1161 2196 1386 2258 propter
1415 2202 1662 2251 carnem,
1709 2187 1804 2242 sed
1833 2203 1904 2257 qu

2174 2197 2186 2232 ο
2221 2181 2480 2235 ἁπάντων
2514 2181 2730 2251 ὑπῆρχε
2759 2180 3188 2252 προγενεστέρα.
3221 2180 3338 2233 Οὐκ
3366 2178 3544 2251 ὀρθῶς
3583 2175 3686 2233 οὖν

398 2277 812 2344 prmexsistebat
859 2278 970 2348 ipse
1000 2319 1015 2344 ,
1066 2289 1122 2334 et
1151 2279 1296 2333 viam
1335 2278 1568 2334 ducebat
1621 2279 1724 2333 viis
1767 2279 1910 2332 Domi

2215 2273 2313 2346 τὴν
2344 2273 2526 2346 σάρκα
2557 2275 2872 2345 ὲξείληπται
2919 2275 2983 2329 τὸ
3036 2274 3238 2344 λόγιον.
3294 2274 3369 2326 Οὐ
3441 2272 3530 2326 διὰ
3578 2272 3687 2342 τὴν

401 2368 698 2433 universis,
737 2370 790 2424 in
823 2371 1022 2438 quibus
1055 2371 1146 2440 qui
1173 2371 1498 2436 erantolim,
1524 2369 1634 2425 Deo
1666 2371 1846 2425 dilecti
1873 2385 1913 2424 οη

2176 2384 2264 2421 >κα
2297 2367 2480 2421 τοίνυν
2503 2368 2655 2422 ταῦτ’
2678 2368 2865 2438 ἔλεγεν
2889 2369 2918 2420 6
2947 2366 3160 2438 Σωτὴρ,
3221 2366 3312 2420 διὰ
3352 2365 3411 2419 δὲ
3441 2367 3504 2419 τὸ
3541 2383 3688 2437 προ-

397 2475 496 2516 nes
527 2462 962 2516 ambulaverunt.
1001 2463 1449 2532 Quandoquidem
1492 2471 1548 2517 et
1581 2463 1800 2518 divinus
1835 2463 1909 2530 Ap

2178 2460 2352 2532 ῑιρχειν
2385 2460 2580 2525 αὑτὸν,
2631 2460 2727 2514 καὶ
2759 2459 3122 2532 καθηγεῖσθαι
3179 2459 3292 2530 (78)
3349 2459 3539 2512 πασῶν
3572 2458 3690 2512 τῶν

395 2551 566 2607 stolus
604 2553 760 2618 dixit,
792 2552 836 2608 0
860 2553 1184 2623 profundum
1247 2553 1579 2615 divitiarum,
1607 2562 1658 2606 et
1688 2554 1907 2622 sapienti

2170 2552 2218 2606 ὃν
2245 2552 2340 2606 τοῦ
2372 2551 2530 2616 Θεοῦ,
2580 2551 2651 2616 ἃς
2691 2551 2916 2618 πάντες
2935 2556 2990 2607 οἱ
3019 2552 3206 2606 πάλαι
3238 2551 3540 2620 θεοφιλεῖς
3566 2551 3682 2604 ἇνο

394 2655 446 2699 e.‘
485 2647 801 2717 cognitionis
849 2643 945 2700 Dei
973 2687 986 2704 .
1017 2663 1178 2718 quam
1219 2646 1584 2699 inscrutabilia
1613 2655 1736 2715 sunt
1770 2647 1906 2715 judii

2180 2660 2222 2708 rc
2248 2642 2606 2697 ὡδεύκασιν.
2648 2644 2801 2697 Ἐπεὶ
2833 2643 2890 2697 δὲ
2913 2646 2940 2697 6
2966 2643 3107 2707 θεῖος
3123 2641 3446 2705 ’Δπόστολος
3489 2641 3692 2709 λέγων,

395 2734 513 2804 ejus
539 2775 554 2801 ,
591 2745 641 2788 et
683 2729 1183 2806 inipervestigabiles
1215 2737 1309 2790 vim
1339 2736 1458 2806 ejus
1489 2737 1556 2797 ²²,
1586 2734 1750 2789 aliam
1789 2750 1907 2804 quat

2185 2735 2381 2803 ,βάθος
2408 2737 2681 2790 πλούτου
2707 2736 2806 2790 καὶ
2835 2737 3060 2805 σοφίας
3088 2735 3187 2789 καὶ
3203 2733 3482 2804 γνώσεως
3515 2733 3697 2798 Θεοῦ,

399 2827 525 2882 dam
562 2829 704 2882 viam
740 2829 827 2882 ille
855 2829 1118 2883 indicavit
1146 2869 1162 2892 ,
1207 2829 1584 2884 universitatis
1611 2844 1793 2883 rerum
1822 2844 1911 2883 cur

2221 2828 2664 2897 ἀνεξερεύνητα
2719 2831 2793 2883 τὰ
2845 2829 3103 2897 κρίματα
3157 2828 3347 2882 αὑτοῦ
3435 2826 3534 2880 καὶ
3586 2826 3699 2880 dr-

402 2922 594 2975 tricem
624 2961 640 2985 ,
667 2935 766 2989 per
801 2934 963 2990 quam
1019 2920 1274 2976 ineﬂ'abili
1309 2921 1542 2992 quodam
1567 2921 1778 2992 judicio
1799 2931 1856 2976 et
1883 2938 1914 2975 ι’

2188 2921 2457 2988 χνίαστοι
2491 2923 2552 2973 αι
2580 2920 2707 2974 ὁδοὶ
2733 2920 2942 2984 αὑτοῦ,
2973 2920 3168 2991 ἑτέρας
3186 2918 3340 2983 τινὰς
3362 2919 3516 2980 ὁδοὺς
3556 2918 3700 2971 ὐπο-

401 3012 640 3067 tionibus
663 3012 985 3082 quibusdam
1031 3027 1134 3066 non
1163 3013 1710 3083 comprehendendis,
1735 3015 1913 3066 univet

2187 3007 2295 3072 .λει,
2327 3007 2427 3070 τὰς
2454 3009 2822 3079 προνοητικὰς
2846 3009 2955 3062 τῶν
2982 3009 3142 3074 ὅλων,
3168 3009 3236 3063 δι’
3260 3003 3338 3062 ὧν
3385 3009 3699 3080 ἀπορρήτῳ

401 3104 702 3175 gubernat,
753 3120 852 3174 pro
899 3104 1084 3158 divina
1125 3119 1222 3159 sua
1278 3112 1549 3174 potestate
1591 3123 1606 3159 :
1646 3117 1913 3173 conseque

2189 3118 2290 3165 σει,
2322 3103 2417 3154 καλ⁸
2439 3101 2620 3170 λόγοις
2645 3102 2758 3173 (79)
2804 3102 3090 3173 ἀλήπτοις,
3124 3103 3193 3156 τὰ
3242 3102 3538 3173 σύμπαντα
3574 3100 3701 3154 δια-

402 3205 554 3251 certe
592 3205 674 3250 est
699 3236 715 3259 ,
751 3205 809 3251 ut
835 3205 890 3251 et
920 3197 1112 3251 harum
1150 3199 1358 3252 viarum
1397 3210 1613 3268 quoque
1657 3197 1914 3268 principia

2191 3195 2329 3264 ἒερνᾷ
2361 3194 2482 3266 θείᾳ
2510 3195 2778 3266 δυνάμει,
2835 3195 3130 3249 ἀκόλουθόν
3167 3196 3284 3247 ἐστι
3346 3193 3440 3246 καὶ
3485 3191 3703 3248 τούτων

402 3298 710 3343 statuamus
781 3289 933 3343 illum
977 3329 993 3354 ,
1053 3291 1145 3359 qui
1200 3289 1378 3354 dixit,
1442 3289 1697 3343 Dominus
1751 3289 1914 3342 condit

2193 3285 2372 3340 νὸδῶν
2416 3287 2592 3358 ἀρχὴν
2651 3283 2790 3341 εἶναι
2833 3288 3014 3356 λέγειν
3038 3287 3130 3340 τὺν
3172 3285 3456 3358 εἰρηκότα,
3479 3285 3705 3354 Κύριος

403 3397 487 3435 me
545 3381 864 3451 principium
936 3382 1144 3436 uiarum
1213 3398 1436 3435 suarum
1497 3385 1565 3436 ad
1639 3400 1798 3451 Opera
1864 3400 1915 3438 si

2193 3377 2297 3430 ἰσέ
2323 3395 2400 3447 με
2424 3378 2622 3448 ἀρχὴν
2646 3379 2804 3433 ὁδῶν
2823 3379 3010 3434 αὐτοῦ
3035 3381 3126 3446 εἰς
3152 3379 3299 3446 ἔργα
3334 3375 3524 3431 αὑτοῦ
3546 3393 3560 3405 ·
3586 3377 3620 3430 ὁ
3642 3377 3705 3430 δὲ

404 3473 560 3540 Quod
633 3473 920 3530 Marcellus
987 3491 1095 3529 non
1161 3475 1466 3545 intelligens
1529 3478 1644 3531 vias
1714 3477 1916 3532 Domini

2199 3471 2398 3542 νοήσας
2411 3471 2509 3536 τὰς
2524 3471 2677 3535 ὁδοὺς
2690 3472 2786 3525 τοῦ
2803 3465 2961 3535 Θεοῦ,
2993 3470 3092 3544 τὴν
3125 3471 3306 3544 σάρκα
3323 3471 3419 3526 τοῦ
3441 3471 3707 3542 Σωτῆρος

403 3569 591 3622 statuit
647 3583 769 3623 esse
827 3582 1046 3622 carnem
1090 3567 1398 3623 Servatoris
1450 3568 1618 3623 nostri
1662 3585 1677 3621 ;
1717 3573 1776 3632 ἧς
1826 3568 1915 3623 inti

2198 3561 2273 3634 [ὴν
2316 3561 2522 3618 τούτων
2569 3559 2707 3618 εἶναι
2741 3565 3082 3637 ἀπεφήνατο.
3141 3563 3466 3636 Ἑρμηνεύει
3501 3563 3560 3617 δὲ
3609 3567 3710 3619 καὶ

405 3669 653 3730 pretatur
699 3659 792 3730 [Β.
823 3659 966 3733 XIII]
1020 3670 1074 3715 et
1123 3661 1252 3716 illud
1302 3675 1518 3731 queque
1555 3662 1609 3716 in
1671 3663 1815 3716 hunc
1868 3677 1917 3718 se

2215 3657 2304 3721 εἰς
2319 3656 2462 3725 ἔργα
2475 3654 2684 3720 αὐτοῦ,
2714 3655 2958 3726 φάσκων,
2971 3659 3259 3711 Ἕκτισεν
3284 3652 3486 3727 οὖνμε,
3510 3659 3707 3729 φησιν.

405 3769 550 3820 sum,
587 3755 821 3808 condidit
874 3771 956 3808 me
1026 3754 1342 3822 principium
1397 3753 1600 3808 viarum
1642 3769 1860 3806 suarum

2200 3746 2299 3816 ςὴν
2335 3746 2492 3802 ὁδῶν
2529 3747 2716 3800 αὑτοῦ
2759 3750 2848 3814 εὶς
2875 3749 3021 3818 ἔργα
3051 3747 3261 3802 αὐτοῦ.
3308 3748 3443 3800 Ποῖα
3469 3747 3530 3800 δὲ
3562 3749 3712 3818 ἔργα

406 3861 566 3912 cpera
591 3863 711 3902 sua.
736 3847 999 3913 Quaenam
1033 3855 1213 3902 autem
1245 3861 1410 3916 opera
1440 3845 1594 3900 vult?
1622 3845 1712 3899 illa
1737 3845 1918 3899 nimirt

2201 3837 2304 3902 riv;
2337 3839 2467 3909 περὶ
2497 3830 2572 3892 ὧν
2613 3840 2643 3892 6
2680 3839 2872 3911 Σωτὴρ
2901 3839 3072 3907 λέγει,
3110 3840 3163 3892 '0
3186 3839 3390 3907 Πατήρ
3423 3858 3545 3909 μου
3592 3840 3713 3906 ἕως

408 3937 477 3989 de
507 3937 707 4006 quibus
737 3938 999 3991 Servatur
1032 3936 1144 4005 ait,
1173 3936 1338 3991 Pater
1358 3952 1500 3991 meus
1531 3937 1704 3990 adhuc
1728 3946 1920 4004 operati

2201 3945 2233 3980 τι
2271 3927 2597 3997 ἐργάζεται,
2647 3928 2809 3999 κάγὼ
2859 3929 3200 4000 ἐργάζομαι·
3249 3930 3347 3983 καὶ
3395 3927 3577 3994 αὖθις,
3641 3932 3713 3984 Τὸ

408 4035 457 4079 et
489 4041 583 4094 ego
613 4027 883 4092 operor".
915 4026 978 4079 Et
998 4042 1211 4091 rursus,
1245 4025 1393 4094 Opus
1413 4025 1608 4095 perfeci
1660 4025 1818 4090 illud,
1855 4040 1920 4093 qu

2203 4037 2301 4084 ον,
2334 4021 2518 4092 φησὶν,
2536 4022 2878 4086 ὲτελείωσα,
2901 4022 2934 4076 ὃ
2955 4021 3222 4089 δέδωκάς
3235 4040 3358 4092 μοι.
3381 4018 3494 4076 Εἶθ’
3515 4021 3715 4092 ὥσπερ

409 4117 599 4170 dedisti
639 4117 847 4172 mihi“.
886 4115 1175 4188 Sulujungit
1205 4132 1408 4186 porro,
1456 4117 1610 4184 quasi
1663 4116 1921 4170 sententi:

2197 4111 2380 4181 σαφῶν
2424 4113 2524 4185 τὴν
2574 4113 2686 4166 τῶν
2731 4115 3040 4186 εἰρημένων
3094 4114 3366 4179 διάνοιαν,
3424 4115 3709 4185 ἐπιλέγει·

411 4208 602 4260 horum
633 4208 947 4274 ext-lienus:
982 4227 999 4259 ι
1034 4208 1295 4274 Quisnam
1328 4218 1453 4263 ante
1483 4207 1683 4263 factam
1710 4223 1806 4278 per
1833 4221 1923 4276 opt

2202 4204 2268 4267 Τίς
2294 4203 2405 4277 γὰρ
2437 4206 2544 4278 πρὸ
2567 4207 2670 4277 τῆς
2689 4205 2802 4260 τῶν
2832 4207 3176 4278 πραγμάτων
3203 4207 3554 4274 ἀποδείξεως,
3586 4207 3714 4262 ἐπί-

415 4319 437 4352 ‹
470 4301 995 4355 demonstrationem
1049 4301 1394 4368 credidisset,
1429 4301 1573 4369 quod
1619 4299 1856 4354 Verbum
1903 4300 1927 4353 [

2201 4312 2399 4350 τευσεν
2433 4296 2521 4362 ἂν,
2555 4299 2640 4352 ὅτι
2677 4297 2849 4365 Λόγος
2877 4297 3013 4352 Θεοῦ
3047 4297 3136 4352 διὰ
3159 4297 3436 4371 Παρθένου
3468 4298 3713 4369 τεχθεὶς,

415 4408 437 4442 s
469 4405 564 4460 per
591 4387 868 4460 Virginem
897 4401 1248 4460 generatum,
1283 4403 1524 4445 nostram
1551 4406 1770 4445 carnem
1812 4405 1927 4445 susc

2208 4387 2274 4456 ὴν
2314 4388 2598 4460 ἡμετέραν
2626 4389 2964 4461 ἀναλήψεται
2991 4391 3202 4462 σάρκα.
3235 4392 3331 4444 καὶ
3374 4391 3477 4462 τὴν
3527 4393 3716 4445 πᾶσαν

416 4498 437 4532 ‹
471 4481 678 4549 pisset?
705 4489 761 4536 et
791 4490 973 4536 tamen
1011 4481 1322 4536 universam
1353 4481 1611 4536 deitatem
1645 4480 1698 4534 in
1731 4495 1788 4535 se
1815 4496 1928 4549 eor]

2212 4479 2409 4550 εὸτητα
2467 4483 2525 4534 ὲν
2586 4483 2730 4554 αὐτῇ
2760 4483 3089 4554 σωματικῶς
3149 4483 3517 4550 trucidasset;
3557 4503 3579 4536 ι
3619 4486 3718 4537 καὶ

415 4590 438 4624 ι
471 4573 658 4627 raliter
700 4575 1026 4628 residentem
1051 4574 1515 4629 demonstrasset?
1547 4593 1564 4625 ι
1595 4573 1662 4628 Et
1695 4574 1860 4628 veluti
1903 4593 1927 4644 q

2207 4587 2294 4643 τερ
2322 4572 2512 4644 ἐντελῆ
2537 4572 2632 4646 τὴν
2660 4552 2901 4629 διάνοιαν
2924 4576 3158 4639 ἀποδοὺς
3190 4576 3406 4644 ἐπάγει·
3440 4595 3460 4627 s
3499 4575 3719 4629 Οὐκοῦν

413 4666 742 4718 sententiam
773 4665 1014 4732 perferte
1031 4665 1388 4734 explicuerat,
1418 4665 1606 4720 addit:
1643 4683 1661 4715 ι
1697 4664 1807 4719 Ηοο
1838 4665 1925 4735 igit

2207 4662 2314 4716 οὔτ’
2341 4664 2456 4719 ἐστι
2499 4665 2582 4731 τὸ,
2618 4669 2836 4736 Κύριος
2869 4668 3074 4722 ἐκτισέ
3095 4686 3174 4738 με
3192 4669 3393 4738 ἀρχὴν
3421 4668 3582 4722 ὁδῶν
3607 4673 3719 4724 αὺ-

417 4774 439 4808 s
464 4765 571 4822 est,
588 4756 843 4810 Dominus
872 4756 1108 4810 condidit
1131 4771 1212 4810 me
1229 4755 1546 4825 principium
1562 4740 1768 4809 uiarum
1787 4770 1929 4809 suart

2209 4754 2280 4808 οὗ
2304 4757 2394 4822 εἰς
2425 4758 2572 4827 ἔργα
2603 4759 2812 4814 αὐτοῦ.
2854 4778 2872 4809 ι
2907 4761 3018 4813 Καὶ
3044 4759 3220 4813 ταῦτα
3249 4760 3318 4831 δὴ
3352 4759 3622 4831 ἔγραφεν,
3655 4760 3718 4813 οὑ

419 4866 442 4901 ι
471 4850 543 4902 ad
576 4864 734 4916 opera
769 4866 887 4903 sua.
921 4867 940 4901 ι
984 4849 1108 4904 llaec
1156 4859 1338 4904 autem
1389 4848 1612 4918 scripsit
1665 4862 1771 4902 non
1819 4847 1931 4901 vale

2205 4845 2358 4918 ηθεὶς
2387 4848 2513 4911 τοὺς
2538 4849 2636 4920 τῆς
2664 4849 2907 4914 διανοίας
2937 4850 3252 4922 ὀφθαλμοὺς
3282 4854 3363 4913 εἰς
3393 4851 3530 4921 ὕψος
3556 4848 3715 4926 ἆραι,

413 4957 530 4996 suae
553 4941 750 4995 mentis
797 4941 988 4996 oculos
1034 4956 1252 4996 sursum
1293 4940 1568 5003 attollere,
1619 4953 1721 4994 nec
1781 4938 1925 5008 periri

2241 4937 2322 5009 τῷ
2353 4941 2611 5014 προφήτῃ
2640 4941 3038 5015 παραπλησίως
3077 4947 3273 5008 εἰπεῖν,
3313 4945 3450 4998 Ὅτε
3490 4943 3718 5015 Mnus

415 5047 483 5084 ac
533 5031 801 5099 propheta
851 5031 1059 5099 dicens,
1085 5029 1312 5096 Quando
1359 5028 1603 5083 intuebor
1644 5027 1799 5082 caelos
1849 5044 1927 5094 opt

2205 5046 2252 5095 νς
2289 5032 2620 5099 οὐρανοὺς,
2655 5034 2803 5105 ἔργα
2838 5034 2958 5090 τῶν
2994 5035 3310 5090 δακτύλων
3341 5051 3462 5090 σου
3483 5078 3500 5102 ,
3524 5034 3717 5102 σελή-

415 5123 704 5193 digitorum
736 5133 969 5189 tuorum,
1003 5123 1187 5176 lunam
1217 5132 1268 5178 et
1307 5122 1511 5186 stellas,
1549 5137 1682 5190 quas
1725 5128 1782 5172 tu
1817 5118 1927 5187 [um

2207 5139 2228 5164 ν·
2261 5123 2360 5177 καὶ
2391 5123 2671 5194 ἀστέρας,
2708 5125 2747 5180 d
2772 5128 2855 5181 σὺ
2878 5127 3302 5198 ἐθεμελίωσας*
3337 5128 3465 5182 οὐδὲ
3505 5145 3719 5200 μνημο-

417 5217 486 5268 sti
505 5212 572 5265 ⁸⁸.
597 5209 712 5268 Nec
743 5213 797 5267 in
833 5215 1149 5269 memoriam
1183 5227 1447 5269 revocans
1478 5212 1756 5282 prophetae
1780 5209 1929 5264 dictu

2216 5230 2317 5278 σας
2347 5214 2444 5268 τοῦ
2476 5218 2822 5290 προφητικοῦ
2849 5219 3031 5289 λόγου,
3053 5220 3126 5294 ,δι’
3151 5215 3214 5274 οὗ
3243 5220 3487 5292 εἴρηται,
3531 5221 3609 5275 Τὰ
3650 5218 3719 5272 δὲ

496 5407 554 5472 E4
592 5401 690 5456 Ed.
716 5401 914 5460 Paris"
952 5418 1074 5472 pag.
1118 5401 1244 5456 157.
1370 5401 1595 5457 "Num.
1637 5416 1754 5472 ssi,
1787 5399 1878 5453 ἓξ.
1916 5471 1924 5472 7
1999 5398 2008 5431 ¹

2181 5409 2229 5452 ιι.
2271 5416 2401 5465 xxx,
2454 5403 2539 5457 15.
2689 5403 2904 5460 "Psal.
2942 5421 2985 5467 ι,
3018 5407 3073 5462 6.
3229 5405 3274 5436 ὀ
3317 5403 3432 5460 Jer.
3485 5417 3574 5470 vt,
3631 5398 3693 5456 Ιτ

383 5502 392 5512 -
419 5469 466 5502 ³¹
494 5471 654 5527 Ριον.
697 5489 816 5537 vui,
851 5469 966 5527 22.‘
1018 5474 1064 5504 ²¹
1090 5473 1249 5528 Rom.
1276 5489 1356 5540 xi,
1384 5473 1477 5529 55.
1560 5473 1607 5504 ³³
1633 5469 1790 5530 Joau.
1821 5487 1873 5539 v,

1588 5473 1607 5504 ³
1633 5469 1790 5530 Joau.
1821 5487 1873 5539 v,
1907 5471 1991 5527 17.
2073 5469 2119 5503 ’⁵
2148 5470 2306 5526 Joan.
2328 5487 2463 5538 xvu,
2501 5474 2554 5527 ι.
2633 5476 2678 5506 ’⁵
2721 5477 2861 5531 Psal.
2893 5492 3012 5542 vui,
3048 5478 3100 5531 4.

635 5703 801 5786 Y'ulgo
825 5707 854 5758 6
884 5706 1210 5786 Κύριος-τεὴν
1235 5707 1396 5786 ὁδρνε-
1487 5777 1496 5786 ⁸

1487 5777 1496 5786 ⁸
2193 5711 2305 5782 (79)
2337 5711 2505 5784 Vulgo
2540 5709 2961 5782 ἀκαταλήπτοις.

515 5772 613 5846 με)
645 5773 816 5832 Vulgo
839 5772 1030 5831 πασῶν
1063 5772 1200 5832 ὁδῶν
1224 5778 1318 5831 τοῦ
1355 5777 1584 5848 K99500-
